  <div class='ocr_page' id='page_1' title='image "/cluster/home/n/w/nwhite01/storage/ocr_20150623/145/hvd.32044015471824/372.png"; bbox 0 0 4138 6320; ppageno 0'>
   <div class='ocr_carea' id='block_1_1' title="bbox 378 334 478 395">
    <p class='ocr_par' dir='ltr' id='par_1_1' title="bbox 378 334 478 395">
     <span class='ocr_line' id='line_1_1' title="bbox 378 334 478 395; baseline 0.04 -4"><span class='ocrx_word' id='word_1_1' title='bbox 378 334 478 395; x_wconf 77' lang='lat'><strong>7&#39;29</strong></span> 
     </span>
    </p>
   </div>
   <div class='ocr_carea' id='block_1_2' title="bbox 1117 289 2881 413">
    <p class='ocr_par' dir='ltr' id='par_1_2' title="bbox 1117 289 2881 413">
     <span class='ocr_line' id='line_1_2' title="bbox 1117 289 2881 413; baseline 0.003 -18"><span class='ocrx_word' id='word_1_2' title='bbox 1117 335 1364 413; x_wconf 78' lang='lat' dir='ltr'><strong>OPUSC.</strong></span> <span class='ocrx_word' id='word_1_3' title='bbox 1394 337 1579 395; x_wconf 79' lang='lat' dir='ltr'><strong>XLIX.</strong></span> <span class='ocrx_word' id='word_1_4' title='bbox 1614 368 1683 380; x_wconf 88' lang='lat'><strong>—-—</strong></span> <span class='ocrx_word' id='word_1_5' title='bbox 1712 337 1802 394; x_wconf 87' lang='lat' dir='ltr'><strong>DE</strong></span> <span class='ocrx_word' id='word_1_6' title='bbox 1840 289 2553 400; x_wconf 29' lang='lat' dir='ltr'><strong>PERFECTANMONACHI</strong></span> <span class='ocrx_word' id='word_1_7' title='bbox 2593 341 2881 401; x_wconf 81' lang='lat' dir='ltr'><strong>INFORM.</strong></span> 
     </span>
    </p>
   </div>
   <div class='ocr_carea' id='block_1_3' title="bbox 3541 349 3645 404">
    <p class='ocr_par' dir='ltr' id='par_1_3' title="bbox 3541 349 3645 404">
     <span class='ocr_line' id='line_1_3' title="bbox 3541 349 3645 404; baseline 0 0"><span class='ocrx_word' id='word_1_8' title='bbox 3541 349 3645 404; x_wconf 78' lang='lat'><strong>730</strong></span> 
     </span>
    </p>
   </div>
   <div class='ocr_carea' id='block_1_4' title="bbox 378 429 3647 510">
    <p class='ocr_par' dir='ltr' id='par_1_4' title="bbox 378 429 3647 510">
     <span class='ocr_line' id='line_1_4' title="bbox 378 429 3647 510; baseline 0.003 -22"><span class='ocrx_word' id='word_1_9' title='bbox 378 447 466 497; x_wconf 89' lang='lat' dir='ltr'><strong>ne,</strong></span> <span class='ocrx_word' id='word_1_10' title='bbox 497 430 626 486; x_wconf 91' lang='lat' dir='ltr'><strong>dum</strong></span> <span class='ocrx_word' id='word_1_11' title='bbox 658 429 942 487; x_wconf 75' lang='lat' dir='ltr'><strong>historiam</strong></span> <span class='ocrx_word' id='word_1_12' title='bbox 998 431 1228 490; x_wconf 83' lang='lat' dir='ltr'><strong>teximus</strong></span> <span class='ocrx_word' id='word_1_13' title='bbox 1252 474 1266 502; x_wconf 91' lang='lat'><strong>,</strong></span> <span class='ocrx_word' id='word_1_14' title='bbox 1293 433 1601 505; x_wconf 89' lang='lat' dir='ltr'><strong>epistolaris</strong></span> <span class='ocrx_word' id='word_1_15' title='bbox 1650 433 1955 505; x_wconf 85' lang='lat' dir='ltr'><strong>compendii</strong></span> <span class='ocrx_word' id='word_1_16' title='bbox 1983 438 2035 499; x_wconf 74' lang='grc' dir='ltr'><strong>Δ</strong></span> <span class='ocrx_word' id='word_1_17' title='bbox 2059 437 2438 509; x_wconf 75' lang='lat' dir='ltr'><strong>tequanimiter</strong></span> <span class='ocrx_word' id='word_1_18' title='bbox 2491 440 2821 494; x_wconf 76' lang='lat' dir='ltr'><strong>sustinemus</strong></span> <span class='ocrx_word' id='word_1_19' title='bbox 2847 480 2863 506; x_wconf 96' lang='lat'><strong>,</strong></span> <span class='ocrx_word' id='word_1_20' title='bbox 2922 453 3082 510; x_wconf 90' lang='lat' dir='ltr'><strong>quem</strong></span> <span class='ocrx_word' id='word_1_21' title='bbox 3133 440 3218 496; x_wconf 94' lang='lat' dir='ltr'><strong>vel</strong></span> <span class='ocrx_word' id='word_1_22' title='bbox 3273 451 3647 498; x_wconf 85' lang='lat' dir='ltr'><strong>summotenus</strong></span> 
     </span>
    </p>
   </div>
   <div class='ocr_carea' id='block_1_5' title="bbox 375 525 946 584">
    <p class='ocr_par' dir='ltr' id='par_1_5' title="bbox 375 525 946 584">
     <span class='ocr_line' id='line_1_5' title="bbox 375 525 946 584; baseline 0 -2"><span class='ocrx_word' id='word_1_23' title='bbox 375 525 575 583; x_wconf 90' lang='lat' dir='ltr'><strong>limites</strong></span> <span class='ocrx_word' id='word_1_24' title='bbox 601 525 946 584; x_wconf 83' lang='lat' dir='ltr'><strong>excedamus.</strong></span> 
     </span>
    </p>
   </div>
   <div class='ocr_carea' id='block_1_6' title="bbox 1003 617 1338 676">
    <p class='ocr_par' dir='ltr' id='par_1_6' title="bbox 1003 617 1338 676">
     <span class='ocr_line' id='line_1_6' title="bbox 1003 617 1338 676; baseline 0.003 -1"><span class='ocrx_word' id='word_1_25' title='bbox 1003 617 1232 676; x_wconf 80' lang='lat' dir='ltr'><strong>CAPUT</strong></span> <span class='ocrx_word' id='word_1_26' title='bbox 1273 619 1338 676; x_wconf 81' lang='grc' dir='ltr'><strong>Χ.</strong></span> 
     </span>
    </p>
   </div>
   <div class='ocr_carea' id='block_1_7' title="bbox 449 708 1888 778">
    <p class='ocr_par' dir='ltr' id='par_1_7' title="bbox 449 708 1888 778">
     <span class='ocr_line' id='line_1_7' title="bbox 449 708 1888 778; baseline 0.003 -12"><span class='ocrx_word' id='word_1_27' title='bbox 449 708 606 778; x_wconf 78' lang='lat' dir='ltr'><strong>Quod</strong></span> <span class='ocrx_word' id='word_1_28' title='bbox 654 725 825 767; x_wconf 81' lang='lat' dir='ltr'><strong>sermo</strong></span> <span class='ocrx_word' id='word_1_29' title='bbox 873 711 936 767; x_wconf 85' lang='lat' dir='ltr'><strong>de</strong></span> <span class='ocrx_word' id='word_1_30' title='bbox 986 713 1136 770; x_wconf 77' lang='lat' dir='ltr'><strong>rebus</strong></span> <span class='ocrx_word' id='word_1_31' title='bbox 1197 713 1544 770; x_wconf 73' lang='lat' dir='ltr'><strong>swcularibus</strong></span> <span class='ocrx_word' id='word_1_32' title='bbox 1603 714 1888 770; x_wconf 75' lang='lat' dir='ltr'><strong>monachos</strong></span> 
     </span>
    </p>
   </div>
   <div class='ocr_carea' id='block_1_8' title="bbox 1039 785 1928 841">
    <p class='ocr_par' dir='ltr' id='par_1_8' title="bbox 1039 785 1928 841">
     <span class='ocr_line' id='line_1_8' title="bbox 1039 785 1928 841; baseline 0.001 -3"><span class='ocrx_word' id='word_1_33' title='bbox 1039 785 1303 841; x_wconf 79' lang='lat' dir='ltr'><strong>dedeceat.</strong></span> <span class='ocrx_word' id='word_1_34' title='bbox 1898 788 1928 800; x_wconf 78' lang='grc'><strong><em>⁹</em></strong></span> 
     </span>
    </p>
   </div>
   <div class='ocr_carea' id='block_1_9' title="bbox 447 895 1958 976">
    <p class='ocr_par' dir='ltr' id='par_1_9' title="bbox 447 895 1958 976">
     <span class='ocr_line' id='line_1_9' title="bbox 447 895 1958 976; baseline 0.005 -24"><span class='ocrx_word' id='word_1_35' title='bbox 447 895 803 954; x_wconf 87' lang='lat' dir='ltr'><strong>Decreveram</strong></span> <span class='ocrx_word' id='word_1_36' title='bbox 835 898 1052 970; x_wconf 84' lang='lat' dir='ltr'><strong>quidem</strong></span> <span class='ocrx_word' id='word_1_37' title='bbox 1082 900 1195 972; x_wconf 89' lang='lat' dir='ltr'><strong>jam</strong></span> <span class='ocrx_word' id='word_1_38' title='bbox 1227 901 1439 958; x_wconf 84' lang='lat' dir='ltr'><strong>calamo</strong></span> <span class='ocrx_word' id='word_1_39' title='bbox 1483 903 1752 976; x_wconf 83' lang='lat' dir='ltr'><strong>imperare</strong></span> <span class='ocrx_word' id='word_1_40' title='bbox 1795 905 1958 962; x_wconf 87' lang='lat' dir='ltr'><strong>silen-</strong></span> 
     </span>
    </p>
   </div>
   <div class='ocr_carea' id='block_1_10' title="bbox 377 989 1958 1068">
    <p class='ocr_par' dir='ltr' id='par_1_10' title="bbox 377 989 1958 1068">
     <span class='ocr_line' id='line_1_10' title="bbox 377 989 1958 1068; baseline 0.003 -22"><span class='ocrx_word' id='word_1_41' title='bbox 377 989 510 1046; x_wconf 85' lang='lat' dir='ltr'><strong>tium</strong></span> <span class='ocrx_word' id='word_1_42' title='bbox 539 1007 554 1056; x_wconf 89' lang='lat'><strong>;</strong></span> <span class='ocrx_word' id='word_1_43' title='bbox 596 991 691 1047; x_wconf 90' lang='lat' dir='ltr'><strong>sed</strong></span> <span class='ocrx_word' id='word_1_44' title='bbox 714 1001 873 1062; x_wconf 85' lang='lat' dir='ltr'><strong>quem</strong></span> <span class='ocrx_word' id='word_1_45' title='bbox 912 993 1067 1063; x_wconf 87' lang='lat' dir='ltr'><strong>longa</strong></span> <span class='ocrx_word' id='word_1_46' title='bbox 1106 993 1196 1048; x_wconf 83' lang='lat' dir='ltr'><strong>siti</strong></span> <span class='ocrx_word' id='word_1_47' title='bbox 1230 994 1473 1050; x_wconf 77' lang='lat' dir='ltr'><strong>videmus</strong></span> <span class='ocrx_word' id='word_1_48' title='bbox 1502 1011 1783 1063; x_wconf 85' lang='lat' dir='ltr'><strong>arescere,</strong></span> <span class='ocrx_word' id='word_1_49' title='bbox 1832 1013 1958 1068; x_wconf 87' lang='lat' dir='ltr'><strong>per-</strong></span> 
     </span>
    </p>
   </div>
   <div class='ocr_carea' id='block_1_11' title="bbox 379 1083 1960 1160">
    <p class='ocr_par' dir='ltr' id='par_1_11' title="bbox 379 1083 1960 1160">
     <span class='ocr_line' id='line_1_11' title="bbox 379 1083 1960 1160; baseline 0.006 -24"><span class='ocrx_word' id='word_1_50' title='bbox 379 1097 602 1138; x_wconf 88' lang='lat' dir='ltr'><strong>avarum</strong></span> <span class='ocrx_word' id='word_1_51' title='bbox 633 1092 715 1138; x_wconf 89' lang='lat' dir='ltr'><strong>est</strong></span> <span class='ocrx_word' id='word_1_52' title='bbox 743 1083 815 1138; x_wconf 91' lang='lat' dir='ltr'><strong>illi</strong></span> <span class='ocrx_word' id='word_1_53' title='bbox 847 1085 1100 1155; x_wconf 89' lang='lat' dir='ltr'><strong>cyathum</strong></span> <span class='ocrx_word' id='word_1_54' title='bbox 1130 1087 1441 1157; x_wconf 89' lang='lat' dir='ltr'><strong>propinare.</strong></span> <span class='ocrx_word' id='word_1_55' title='bbox 1481 1087 1623 1144; x_wconf 86' lang='lat' dir='ltr'><strong>Cave</strong></span> <span class='ocrx_word' id='word_1_56' title='bbox 1649 1089 1853 1160; x_wconf 91' lang='lat' dir='ltr'><strong>itaque,</strong></span> <span class='ocrx_word' id='word_1_57' title='bbox 1885 1088 1960 1145; x_wconf 87' lang='lat' dir='ltr'><strong>ﬁli</strong></span> 
     </span>
    </p>
   </div>
   <div class='ocr_carea' id='block_1_12' title="bbox 310 1175 1960 1248">
    <p class='ocr_par' dir='ltr' id='par_1_12' title="bbox 310 1175 1960 1248">
     <span class='ocr_line' id='line_1_12' title="bbox 310 1175 1960 1248; baseline 0.005 -17"><span class='ocrx_word' id='word_1_58' title='bbox 310 1180 324 1246; x_wconf 63' lang='grc' dir='ltr'><strong>’ξ</strong></span> <span class='ocrx_word' id='word_1_59' title='bbox 377 1175 718 1242; x_wconf 89' lang='lat' dir='ltr'><strong>charissitne,</strong></span> <span class='ocrx_word' id='word_1_60' title='bbox 745 1178 824 1232; x_wconf 63' lang='lat' dir='ltr'><strong>‘ne</strong></span> <span class='ocrx_word' id='word_1_61' title='bbox 856 1178 1093 1248; x_wconf 87' lang='lat' dir='ltr'><strong>quando,</strong></span> <span class='ocrx_word' id='word_1_62' title='bbox 1127 1179 1269 1234; x_wconf 90' lang='lat' dir='ltr'><strong>intra</strong></span> <span class='ocrx_word' id='word_1_63' title='bbox 1301 1180 1594 1236; x_wconf 82' lang='lat' dir='ltr'><strong>claustrum</strong></span> <span class='ocrx_word' id='word_1_64' title='bbox 1645 1183 1960 1239; x_wconf 87' lang='lat' dir='ltr'><strong>monasterii</strong></span> 
     </span>
    </p>
   </div>
   <div class='ocr_carea' id='block_1_13' title="bbox 377 1269 1962 1346">
    <p class='ocr_par' dir='ltr' id='par_1_13' title="bbox 377 1269 1962 1346">
     <span class='ocr_line' id='line_1_13' title="bbox 377 1269 1962 1346; baseline 0.007 -23"><span class='ocrx_word' id='word_1_65' title='bbox 377 1269 726 1335; x_wconf 89' lang='lat' dir='ltr'><strong>constitutus,</strong></span> <span class='ocrx_word' id='word_1_66' title='bbox 765 1272 830 1326; x_wconf 89' lang='lat' dir='ltr'><strong>de</strong></span> <span class='ocrx_word' id='word_1_67' title='bbox 868 1271 1218 1328; x_wconf 66' lang='lat' dir='ltr'><strong>saecularibus</strong></span> <span class='ocrx_word' id='word_1_68' title='bbox 1249 1275 1482 1343; x_wconf 87' lang='lat' dir='ltr'><strong>negotiis</strong></span> <span class='ocrx_word' id='word_1_69' title='bbox 1525 1276 1792 1346; x_wconf 90' lang='lat' dir='ltr'><strong>colloquia</strong></span> <span class='ocrx_word' id='word_1_70' title='bbox 1837 1293 1962 1334; x_wconf 91' lang='lat' dir='ltr'><strong>cum</strong></span> 
     </span>
    </p>
   </div>
   <div class='ocr_carea' id='block_1_14' title="bbox 377 1361 1964 1434">
    <p class='ocr_par' dir='ltr' id='par_1_14' title="bbox 377 1361 1964 1434">
     <span class='ocr_line' id='line_1_14' title="bbox 377 1361 1964 1434; baseline 0.006 -18"><span class='ocrx_word' id='word_1_71' title='bbox 377 1361 728 1417; x_wconf 74' lang='lat' dir='ltr'><strong>Stecnlaribus</strong></span> <span class='ocrx_word' id='word_1_72' title='bbox 759 1363 1027 1420; x_wconf 90' lang='lat' dir='ltr'><strong>misceas:</strong></span> <span class='ocrx_word' id='word_1_73' title='bbox 1065 1373 1120 1419; x_wconf 91' lang='lat' dir='ltr'><strong>ct</strong></span> <span class='ocrx_word' id='word_1_74' title='bbox 1167 1365 1306 1420; x_wconf 88' lang='lat' dir='ltr'><strong>sicut</strong></span> <span class='ocrx_word' id='word_1_75' title='bbox 1357 1364 1562 1423; x_wconf 83' lang='lat' dir='ltr'><strong>referre</strong></span> <span class='ocrx_word' id='word_1_76' title='bbox 1589 1409 1604 1434; x_wconf 94' lang='lat'><strong>,</strong></span> <span class='ocrx_word' id='word_1_77' title='bbox 1649 1369 1723 1424; x_wconf 88' lang='lat' dir='ltr'><strong>ita</strong></span> <span class='ocrx_word' id='word_1_78' title='bbox 1768 1369 1964 1425; x_wconf 88' lang='lat' dir='ltr'><strong>nihilo-</strong></span> 
     </span>
    </p>
   </div>
   <div class='ocr_carea' id='block_1_15' title="bbox 377 1451 2004 1533">
    <p class='ocr_par' dir='ltr' id='par_1_15' title="bbox 377 1451 2004 1533">
     <span class='ocr_line' id='line_1_15' title="bbox 377 1451 2004 1533; baseline 0.009 -29"><span class='ocrx_word' id='word_1_79' title='bbox 377 1451 556 1508; x_wconf 87' lang='lat' dir='ltr'><strong>minus</strong></span> <span class='ocrx_word' id='word_1_80' title='bbox 583 1462 638 1508; x_wconf 90' lang='lat' dir='ltr'><strong>et</strong></span> <span class='ocrx_word' id='word_1_81' title='bbox 661 1453 848 1510; x_wconf 91' lang='lat' dir='ltr'><strong>audire</strong></span> <span class='ocrx_word' id='word_1_82' title='bbox 875 1464 1214 1512; x_wconf 85' lang='lat' dir='ltr'><strong>contemnas.</strong></span> <span class='ocrx_word' id='word_1_83' title='bbox 1256 1457 1403 1514; x_wconf 91' lang='lat' dir='ltr'><strong>Illico</strong></span> <span class='ocrx_word' id='word_1_84' title='bbox 1455 1459 1614 1530; x_wconf 91' lang='lat' dir='ltr'><strong>plane</strong></span> <span class='ocrx_word' id='word_1_85' title='bbox 1662 1461 1962 1533; x_wconf 81' lang='lat' dir='ltr'><strong>indignatio</strong></span> <span class='ocrx_word' id='word_1_86' title='bbox 1999 1454 2004 1458; x_wconf 54' lang='grc'><strong>”</strong></span> 
     </span>
    </p>
   </div>
   <div class='ocr_carea' id='block_1_16' title="bbox 375 1547 1963 1623">
    <p class='ocr_par' dir='ltr' id='par_1_16' title="bbox 375 1547 1963 1623">
     <span class='ocr_line' id='line_1_16' title="bbox 375 1547 1963 1623; baseline 0.007 -24"><span class='ocrx_word' id='word_1_87' title='bbox 375 1551 562 1599; x_wconf 86' lang='lat' dir='ltr'><strong>sancta</strong></span> <span class='ocrx_word' id='word_1_88' title='bbox 612 1547 957 1616; x_wconf 80' lang='lat' dir='ltr'><strong>reSpondeat,</strong></span> <span class='ocrx_word' id='word_1_89' title='bbox 1009 1555 1063 1602; x_wconf 91' lang='lat' dir='ltr'><strong>et</strong></span> <span class='ocrx_word' id='word_1_90' title='bbox 1115 1548 1189 1618; x_wconf 89' lang='lat' dir='ltr'><strong>pii</strong></span> <span class='ocrx_word' id='word_1_91' title='bbox 1239 1549 1340 1604; x_wconf 82' lang='lat' dir='ltr'><strong>zeli</strong></span> <span class='ocrx_word' id='word_1_92' title='bbox 1393 1549 1576 1606; x_wconf 89' lang='lat' dir='ltr'><strong>fervor</strong></span> <span class='ocrx_word' id='word_1_93' title='bbox 1615 1561 1963 1623; x_wconf 83' lang='lat' dir='ltr'><strong>erumpentes</strong></span> 
     </span>
    </p>
   </div>
   <div class='ocr_carea' id='block_1_17' title="bbox 375 1635 1960 1714">
    <p class='ocr_par' dir='ltr' id='par_1_17' title="bbox 375 1635 1960 1714">
     <span class='ocr_line' id='line_1_17' title="bbox 375 1635 1960 1714; baseline 0.006 -24"><span class='ocrx_word' id='word_1_94' title='bbox 375 1649 500 1692; x_wconf 84' lang='lat' dir='ltr'><strong>mox</strong></span> <span class='ocrx_word' id='word_1_95' title='bbox 538 1635 803 1692; x_wconf 88' lang='lat' dir='ltr'><strong>inconditi</strong></span> <span class='ocrx_word' id='word_1_96' title='bbox 857 1640 1125 1694; x_wconf 90' lang='lat' dir='ltr'><strong>sermonis</strong></span> <span class='ocrx_word' id='word_1_97' title='bbox 1171 1641 1401 1711; x_wconf 86' lang='lat' dir='ltr'><strong>ineptias</strong></span> <span class='ocrx_word' id='word_1_98' title='bbox 1439 1642 1653 1714; x_wconf 80' lang='lat' dir='ltr'><strong>frangat</strong></span> <span class='ocrx_word' id='word_1_99' title='bbox 1692 1660 1706 1698; x_wconf 94' lang='lat'><strong>:</strong></span> <span class='ocrx_word' id='word_1_100' title='bbox 1765 1665 1783 1697; x_wconf 79' lang='lat' dir='ltr'><strong>r</strong></span> <span class='ocrx_word' id='word_1_101' title='bbox 1811 1644 1960 1712; x_wconf 70' lang='lat' dir='ltr'><strong>Qum,</strong></span> 
     </span>
    </p>
   </div>
   <div class='ocr_carea' id='block_1_18' title="bbox 376 1729 1963 1810">
    <p class='ocr_par' dir='ltr' id='par_1_18' title="bbox 376 1729 1963 1810">
     <span class='ocr_line' id='line_1_18' title="bbox 376 1729 1963 1810; baseline 0.006 -25"><span class='ocrx_word' id='word_1_102' title='bbox 376 1729 607 1800; x_wconf 88' lang='lat' dir='ltr'><strong>inquies,</strong></span> <span class='ocrx_word' id='word_1_103' title='bbox 661 1743 745 1788; x_wconf 88' lang='lat' dir='ltr'><strong>est</strong></span> <span class='ocrx_word' id='word_1_104' title='bbox 801 1733 1142 1805; x_wconf 87' lang='lat' dir='ltr'><strong>participatio</strong></span> <span class='ocrx_word' id='word_1_105' title='bbox 1189 1734 1414 1805; x_wconf 77' lang='lat' dir='ltr'><strong>justitize</strong></span> <span class='ocrx_word' id='word_1_106' title='bbox 1460 1753 1583 1793; x_wconf 87' lang='lat' dir='ltr'><strong>eum</strong></span> <span class='ocrx_word' id='word_1_107' title='bbox 1632 1739 1963 1810; x_wconf 81' lang='lat' dir='ltr'><strong>iniquitate?</strong></span> 
     </span>
    </p>
   </div>
   <div class='ocr_carea' id='block_1_19' title="bbox 376 1825 1962 1906">
    <p class='ocr_par' dir='ltr' id='par_1_19' title="bbox 376 1825 1962 1906">
     <span class='ocr_line' id='line_1_19' title="bbox 376 1825 1962 1906; baseline 0.006 -28"><span class='ocrx_word' id='word_1_108' title='bbox 376 1831 469 1878; x_wconf 90' lang='lat' dir='ltr'><strong>aut</strong></span> <span class='ocrx_word' id='word_1_109' title='bbox 497 1840 616 1894; x_wconf 79' lang='lat' dir='ltr'><strong>quae</strong></span> <span class='ocrx_word' id='word_1_110' title='bbox 647 1825 880 1882; x_wconf 86' lang='lat' dir='ltr'><strong>societas</strong></span> <span class='ocrx_word' id='word_1_111' title='bbox 906 1827 1042 1883; x_wconf 89' lang='lat' dir='ltr'><strong>lueis</strong></span> <span class='ocrx_word' id='word_1_112' title='bbox 1071 1828 1137 1882; x_wconf 91' lang='lat' dir='ltr'><strong>ad</strong></span> <span class='ocrx_word' id='word_1_113' title='bbox 1170 1831 1456 1886; x_wconf 85' lang='lat' dir='ltr'><strong>tenebras?</strong></span> <span class='ocrx_word' id='word_1_114' title='bbox 1484 1850 1502 1882; x_wconf 79' lang='grc' dir='ltr'><strong>ι</strong></span> <span class='ocrx_word' id='word_1_115' title='bbox 1534 1831 1585 1902; x_wconf 85' lang='grc'><strong>(1</strong></span> <span class='ocrx_word' id='word_1_116' title='bbox 1609 1831 1733 1888; x_wconf 83' lang='lat' dir='ltr'><strong>Cor.</strong></span> <span class='ocrx_word' id='word_1_117' title='bbox 1765 1835 1861 1906; x_wconf 81' lang='lat' dir='ltr'><strong>vi.)</strong></span> <span class='ocrx_word' id='word_1_118' title='bbox 1896 1835 1962 1890; x_wconf 86' lang='lat' dir='ltr'><strong>Et</strong></span> 
     </span>
    </p>
   </div>
   <div class='ocr_carea' id='block_1_20' title="bbox 377 1919 1961 1995">
    <p class='ocr_par' dir='ltr' id='par_1_20' title="bbox 377 1919 1961 1995">
     <span class='ocr_line' id='line_1_20' title="bbox 377 1919 1961 1995; baseline 0.008 -24"><span class='ocrx_word' id='word_1_119' title='bbox 377 1931 566 1972; x_wconf 80' lang='lat' dir='ltr'><strong>revera</strong></span> <span class='ocrx_word' id='word_1_120' title='bbox 590 1919 720 1988; x_wconf 89' lang='lat' dir='ltr'><strong>quid</strong></span> <span class='ocrx_word' id='word_1_121' title='bbox 747 1921 1013 1978; x_wconf 89' lang='lat' dir='ltr'><strong>monacho</strong></span> <span class='ocrx_word' id='word_1_122' title='bbox 1041 1937 1163 1977; x_wconf 90' lang='lat' dir='ltr'><strong>cum</strong></span> <span class='ocrx_word' id='word_1_123' title='bbox 1189 1923 1541 1980; x_wconf 70' lang='lat' dir='ltr'><strong>smcularibus</strong></span> <span class='ocrx_word' id='word_1_124' title='bbox 1568 1925 1799 1982; x_wconf 81' lang='lat' dir='ltr'><strong>meniis?</strong></span> <span class='ocrx_word' id='word_1_125' title='bbox 1823 1926 1961 1995; x_wconf 85' lang='lat' dir='ltr'><strong>Quid</strong></span> 
     </span>
    </p>
   </div>
   <div class='ocr_carea' id='block_1_21' title="bbox 377 2010 1960 2084">
    <p class='ocr_par' dir='ltr' id='par_1_21' title="bbox 377 2010 1960 2084">
     <span class='ocr_line' id='line_1_21' title="bbox 377 2010 1960 2084; baseline 0.008 -21"><span class='ocrx_word' id='word_1_126' title='bbox 377 2010 510 2065; x_wconf 90' lang='lat' dir='ltr'><strong>mihi</strong></span> <span class='ocrx_word' id='word_1_127' title='bbox 561 2014 1018 2084; x_wconf 85' lang='lat' dir='ltr'><strong>perstrepentium</strong></span> <span class='ocrx_word' id='word_1_128' title='bbox 1070 2014 1432 2084; x_wconf 89' lang='lat' dir='ltr'><strong>juridicorum</strong></span> <span class='ocrx_word' id='word_1_129' title='bbox 1479 2016 1618 2084; x_wconf 84' lang='lat' dir='ltr'><strong>fora,</strong></span> <span class='ocrx_word' id='word_1_130' title='bbox 1671 2020 1960 2076; x_wconf 83' lang='lat' dir='ltr'><strong>tribunalia</strong></span> 
     </span>
    </p>
   </div>
   <div class='ocr_carea' id='block_1_22' title="bbox 373 2102 1961 2186">
    <p class='ocr_par' dir='ltr' id='par_1_22' title="bbox 373 2102 1961 2186">
     <span class='ocr_line' id='line_1_22' title="bbox 373 2102 1961 2186; baseline 0.01 -30"><span class='ocrx_word' id='word_1_131' title='bbox 373 2102 641 2174; x_wconf 89' lang='lat' dir='ltr'><strong>judicum,</strong></span> <span class='ocrx_word' id='word_1_132' title='bbox 669 2105 819 2162; x_wconf 86' lang='lat' dir='ltr'><strong>aulas</strong></span> <span class='ocrx_word' id='word_1_133' title='bbox 852 2122 1061 2178; x_wconf 87' lang='lat' dir='ltr'><strong>regum,</strong></span> <span class='ocrx_word' id='word_1_134' title='bbox 1115 2108 1260 2164; x_wconf 89' lang='lat' dir='ltr'><strong>intra</strong></span> <span class='ocrx_word' id='word_1_135' title='bbox 1310 2111 1762 2168; x_wconf 86' lang='lat' dir='ltr'><strong>monasteriorum</strong></span> <span class='ocrx_word' id='word_1_136' title='bbox 1809 2124 1961 2186; x_wconf 85' lang='lat' dir='ltr'><strong>septa</strong></span> 
     </span>
    </p>
   </div>
   <div class='ocr_carea' id='block_1_23' title="bbox 380 2198 1958 2278">
    <p class='ocr_par' dir='ltr' id='par_1_23' title="bbox 380 2198 1958 2278">
     <span class='ocr_line' id='line_1_23' title="bbox 380 2198 1958 2278; baseline 0.008 -27"><span class='ocrx_word' id='word_1_137' title='bbox 380 2199 733 2267; x_wconf 85' lang='lat' dir='ltr'><strong>pertrahere?</strong></span> <span class='ocrx_word' id='word_1_138' title='bbox 757 2198 897 2267; x_wconf 85' lang='lat' dir='ltr'><strong>Quid</strong></span> <span class='ocrx_word' id='word_1_139' title='bbox 925 2210 1140 2258; x_wconf 91' lang='lat' dir='ltr'><strong>mortuo</strong></span> <span class='ocrx_word' id='word_1_140' title='bbox 1165 2202 1367 2259; x_wconf 91' lang='lat' dir='ltr'><strong>homini</strong></span> <span class='ocrx_word' id='word_1_141' title='bbox 1398 2216 1625 2261; x_wconf 87' lang='lat' dir='ltr'><strong>narrare</strong></span> <span class='ocrx_word' id='word_1_142' title='bbox 1647 2206 1714 2262; x_wconf 91' lang='lat' dir='ltr'><strong>de</strong></span> <span class='ocrx_word' id='word_1_143' title='bbox 1739 2199 1958 2278; x_wconf 60' lang='lat' dir='ltr'><strong>proeliis,</strong></span> 
     </span>
    </p>
   </div>
   <div class='ocr_carea' id='block_1_24' title="bbox 377 2289 1957 2368">
    <p class='ocr_par' dir='ltr' id='par_1_24' title="bbox 377 2289 1957 2368">
     <span class='ocr_line' id='line_1_24' title="bbox 377 2289 1957 2368; baseline 0.008 -24"><span class='ocrx_word' id='word_1_144' title='bbox 377 2289 588 2345; x_wconf 89' lang='lat' dir='ltr'><strong>dotales</strong></span> <span class='ocrx_word' id='word_1_145' title='bbox 621 2292 832 2346; x_wconf 89' lang='lat' dir='ltr'><strong>tabulas</strong></span> <span class='ocrx_word' id='word_1_146' title='bbox 884 2293 1029 2348; x_wconf 90' lang='lat' dir='ltr'><strong>inter</strong></span> <span class='ocrx_word' id='word_1_147' title='bbox 1079 2294 1234 2361; x_wconf 85' lang='lat' dir='ltr'><strong>tales,</strong></span> <span class='ocrx_word' id='word_1_148' title='bbox 1281 2296 1514 2353; x_wconf 88' lang='lat' dir='ltr'><strong>divortio</strong></span> <span class='ocrx_word' id='word_1_149' title='bbox 1546 2298 1957 2368; x_wconf 88' lang='lat' dir='ltr'><strong>interveniente,</strong></span> 
     </span>
    </p>
   </div>
   <div class='ocr_carea' id='block_1_25' title="bbox 377 2385 1961 2457">
    <p class='ocr_par' dir='ltr' id='par_1_25' title="bbox 377 2385 1961 2457">
     <span class='ocr_line' id='line_1_25' title="bbox 377 2385 1961 2457; baseline 0.005 -18"><span class='ocrx_word' id='word_1_150' title='bbox 377 2385 676 2452; x_wconf 86' lang='lat' dir='ltr'><strong>rescissas;</strong></span> <span class='ocrx_word' id='word_1_151' title='bbox 721 2385 840 2442; x_wconf 87' lang='lat' dir='ltr'><strong>illos</strong></span> <span class='ocrx_word' id='word_1_152' title='bbox 881 2387 1050 2443; x_wconf 89' lang='lat' dir='ltr'><strong>titulis</strong></span> <span class='ocrx_word' id='word_1_153' title='bbox 1097 2387 1293 2444; x_wconf 77' lang='lat' dir='ltr'><strong>ell‘erre</strong></span> <span class='ocrx_word' id='word_1_154' title='bbox 1341 2390 1641 2457; x_wconf 84' lang='lat' dir='ltr'><strong>natalium,</strong></span> <span class='ocrx_word' id='word_1_155' title='bbox 1697 2391 1961 2448; x_wconf 84' lang='lat' dir='ltr'><strong>infamare</strong></span> 
     </span>
    </p>
   </div>
   <div class='ocr_carea' id='block_1_26' title="bbox 377 2475 1960 2554">
    <p class='ocr_par' dir='ltr' id='par_1_26' title="bbox 377 2475 1960 2554">
     <span class='ocr_line' id='line_1_26' title="bbox 377 2475 1960 2554; baseline 0.007 -25"><span class='ocrx_word' id='word_1_156' title='bbox 377 2475 514 2532; x_wconf 90' lang='lat' dir='ltr'><strong>alios</strong></span> <span class='ocrx_word' id='word_1_157' title='bbox 547 2477 785 2532; x_wconf 86' lang='lat' dir='ltr'><strong>novitate</strong></span> <span class='ocrx_word' id='word_1_158' title='bbox 814 2477 1151 2534; x_wconf 89' lang='lat' dir='ltr'><strong>cerdonum?</strong></span> <span class='ocrx_word' id='word_1_159' title='bbox 1183 2479 1276 2535; x_wconf 88' lang='lat' dir='ltr'><strong>llis</strong></span> <span class='ocrx_word' id='word_1_160' title='bbox 1327 2480 1512 2553; x_wconf 83' lang='lat' dir='ltr'><strong>itaque</strong></span> <span class='ocrx_word' id='word_1_161' title='bbox 1561 2494 1617 2538; x_wconf 89' lang='lat' dir='ltr'><strong>et</strong></span> <span class='ocrx_word' id='word_1_162' title='bbox 1651 2482 1960 2554; x_wconf 77' lang='lat' dir='ltr'><strong>hujusmodi</strong></span> 
     </span>
    </p>
   </div>
   <div class='ocr_carea' id='block_1_27' title="bbox 376 2569 1960 2644">
    <p class='ocr_par' dir='ltr' id='par_1_27' title="bbox 376 2569 1960 2644">
     <span class='ocr_line' id='line_1_27' title="bbox 376 2569 1960 2644; baseline 0.004 -19"><span class='ocrx_word' id='word_1_163' title='bbox 376 2569 535 2642; x_wconf 91' lang='lat' dir='ltr'><strong>nugis</strong></span> <span class='ocrx_word' id='word_1_164' title='bbox 578 2569 814 2625; x_wconf 87' lang='lat' dir='ltr'><strong>inaniter</strong></span> <span class='ocrx_word' id='word_1_165' title='bbox 860 2571 1139 2642; x_wconf 87' lang='lat' dir='ltr'><strong>occupari,</strong></span> <span class='ocrx_word' id='word_1_166' title='bbox 1199 2573 1354 2643; x_wconf 92' lang='lat' dir='ltr'><strong>quid,</strong></span> <span class='ocrx_word' id='word_1_167' title='bbox 1400 2589 1584 2644; x_wconf 82' lang='lat' dir='ltr'><strong>quaeso</strong></span> <span class='ocrx_word' id='word_1_168' title='bbox 1632 2584 1743 2642; x_wconf 91' lang='lat' dir='ltr'><strong>est,</strong></span> <span class='ocrx_word' id='word_1_169' title='bbox 1799 2576 1901 2632; x_wconf 88' lang='lat' dir='ltr'><strong>nisi</strong></span> <span class='ocrx_word' id='word_1_170' title='bbox 1929 2593 1960 2632; x_wconf 89' lang='lat' dir='ltr'><strong>a</strong></span> 
     </span>
    </p>
   </div>
   <div class='ocr_carea' id='block_1_28' title="bbox 377 2661 1963 2734">
    <p class='ocr_par' dir='ltr' id='par_1_28' title="bbox 377 2661 1963 2734">
     <span class='ocr_line' id='line_1_28' title="bbox 377 2661 1963 2734; baseline 0.004 -17"><span class='ocrx_word' id='word_1_171' title='bbox 377 2662 663 2733; x_wconf 90' lang='lat' dir='ltr'><strong>perspicuo</strong></span> <span class='ocrx_word' id='word_1_172' title='bbox 719 2661 868 2718; x_wconf 90' lang='lat' dir='ltr'><strong>fonte</strong></span> <span class='ocrx_word' id='word_1_173' title='bbox 916 2663 1110 2719; x_wconf 85' lang='lat' dir='ltr'><strong>divinae</strong></span> <span class='ocrx_word' id='word_1_174' title='bbox 1158 2663 1332 2720; x_wconf 90' lang='lat' dir='ltr'><strong>laudis</strong></span> <span class='ocrx_word' id='word_1_175' title='bbox 1383 2665 1564 2722; x_wconf 83' lang='lat' dir='ltr'><strong>fauces</strong></span> <span class='ocrx_word' id='word_1_176' title='bbox 1600 2676 1878 2734; x_wconf 84' lang='lat' dir='ltr'><strong>avertere,</strong></span> <span class='ocrx_word' id='word_1_177' title='bbox 1909 2678 1963 2723; x_wconf 91' lang='lat' dir='ltr'><strong>et</strong></span> 
     </span>
    </p>
   </div>
   <div class='ocr_carea' id='block_1_29' title="bbox 375 2755 1964 2827">
    <p class='ocr_par' dir='ltr' id='par_1_29' title="bbox 375 2755 1964 2827">
     <span class='ocr_line' id='line_1_29' title="bbox 375 2755 1964 2827; baseline 0.004 -17"><span class='ocrx_word' id='word_1_178' title='bbox 375 2755 581 2810; x_wconf 61' lang='lat' dir='ltr'><strong>caenosi</strong></span> <span class='ocrx_word' id='word_1_179' title='bbox 627 2755 725 2811; x_wconf 88' lang='lat' dir='ltr'><strong>lttti</strong></span> <span class='ocrx_word' id='word_1_180' title='bbox 765 2755 1058 2827; x_wconf 88' lang='lat' dir='ltr'><strong>spnrcitias</strong></span> <span class='ocrx_word' id='word_1_181' title='bbox 1095 2771 1189 2811; x_wconf 92' lang='lat' dir='ltr'><strong>ore</strong></span> <span class='ocrx_word' id='word_1_182' title='bbox 1217 2759 1470 2813; x_wconf 83' lang='lat' dir='ltr'><strong>versare?</strong></span> <span class='ocrx_word' id='word_1_183' title='bbox 1503 2757 1655 2815; x_wconf 89' lang='lat' dir='ltr'><strong>Unde</strong></span> <span class='ocrx_word' id='word_1_184' title='bbox 1701 2776 1806 2816; x_wconf 90' lang='lat' dir='ltr'><strong>non</strong></span> <span class='ocrx_word' id='word_1_185' title='bbox 1862 2762 1964 2816; x_wconf 86' lang='lat' dir='ltr'><strong>im-</strong></span> 
     </span>
    </p>
   </div>
   <div class='ocr_carea' id='block_1_30' title="bbox 375 2847 1959 2920">
    <p class='ocr_par' dir='ltr' id='par_1_30' title="bbox 375 2847 1959 2920">
     <span class='ocr_line' id='line_1_30' title="bbox 375 2847 1959 2920; baseline 0.003 -16"><span class='ocrx_word' id='word_1_186' title='bbox 375 2847 574 2904; x_wconf 88' lang='lat' dir='ltr'><strong>merito</strong></span> <span class='ocrx_word' id='word_1_187' title='bbox 602 2862 698 2918; x_wconf 86' lang='lat' dir='ltr'><strong>per</strong></span> <span class='ocrx_word' id='word_1_188' title='bbox 725 2847 1016 2903; x_wconf 80' lang='lat' dir='ltr'><strong>Jeremiam</strong></span> <span class='ocrx_word' id='word_1_189' title='bbox 1047 2849 1307 2904; x_wconf 88' lang='lat' dir='ltr'><strong>Dominus</strong></span> <span class='ocrx_word' id='word_1_190' title='bbox 1335 2852 1711 2920; x_wconf 87' lang='lat' dir='ltr'><strong>conqueritur,</strong></span> <span class='ocrx_word' id='word_1_191' title='bbox 1735 2854 1920 2908; x_wconf 90' lang='lat' dir='ltr'><strong>dicens</strong></span> <span class='ocrx_word' id='word_1_192' title='bbox 1945 2871 1959 2908; x_wconf 91' lang='lat'><strong>:</strong></span> 
     </span>
    </p>
   </div>
   <div class='ocr_carea' id='block_1_31' title="bbox 381 2940 1962 3014">
    <p class='ocr_par' dir='ltr' id='par_1_31' title="bbox 381 2940 1962 3014">
     <span class='ocr_line' id='line_1_31' title="bbox 381 2940 1962 3014; baseline 0.004 -21"><span class='ocrx_word' id='word_1_193' title='bbox 381 2960 401 2993; x_wconf 69' lang='grc' dir='ltr'>ί</span> <span class='ocrx_word' id='word_1_194' title='bbox 423 2940 538 2996; x_wconf 91' lang='lat' dir='ltr'><strong>Duo</strong></span> <span class='ocrx_word' id='word_1_195' title='bbox 568 2941 708 2995; x_wconf 89' lang='lat' dir='ltr'><strong>mala</strong></span> <span class='ocrx_word' id='word_1_196' title='bbox 743 2940 872 2996; x_wconf 85' lang='lat' dir='ltr'><strong>fecit</strong></span> <span class='ocrx_word' id='word_1_197' title='bbox 899 2940 1127 3012; x_wconf 88' lang='lat' dir='ltr'><strong>populus</strong></span> <span class='ocrx_word' id='word_1_198' title='bbox 1176 2956 1330 2996; x_wconf 90' lang='lat' dir='ltr'><strong>meus</strong></span> <span class='ocrx_word' id='word_1_199' title='bbox 1353 2983 1367 3006; x_wconf 91' lang='lat'><strong>,</strong></span> <span class='ocrx_word' id='word_1_200' title='bbox 1399 2957 1485 2997; x_wconf 92' lang='lat' dir='ltr'><strong>me</strong></span> <span class='ocrx_word' id='word_1_201' title='bbox 1530 2943 1962 3014; x_wconf 86' lang='lat' dir='ltr'><strong>dereliquerunt,</strong></span> 
     </span>
    </p>
   </div>
   <div class='ocr_carea' id='block_1_32' title="bbox 378 3029 1965 3107">
    <p class='ocr_par' dir='ltr' id='par_1_32' title="bbox 378 3029 1965 3107">
     <span class='ocr_line' id='line_1_32' title="bbox 378 3029 1965 3107; baseline 0.008 -22"><span class='ocrx_word' id='word_1_202' title='bbox 378 3029 581 3087; x_wconf 79' lang='lat' dir='ltr'><strong>fontem</strong></span> <span class='ocrx_word' id='word_1_203' title='bbox 611 3046 766 3104; x_wconf 84' lang='lat' dir='ltr'><strong>aquae</strong></span> <span class='ocrx_word' id='word_1_204' title='bbox 788 3032 946 3105; x_wconf 79' lang='lat' dir='ltr'><strong>vivzc,</strong></span> <span class='ocrx_word' id='word_1_205' title='bbox 969 3039 1024 3093; x_wconf 88' lang='lat' dir='ltr'><strong>et</strong></span> <span class='ocrx_word' id='word_1_206' title='bbox 1045 3031 1305 3095; x_wconf 73' lang='lat' dir='ltr'><strong>foderunt</strong></span> <span class='ocrx_word' id='word_1_207' title='bbox 1329 3033 1434 3096; x_wconf 77' lang='lat' dir='ltr'><strong>sibi</strong></span> <span class='ocrx_word' id='word_1_208' title='bbox 1454 3033 1739 3107; x_wconf 76' lang='lat' dir='ltr'><strong>cisternas,</strong></span> <span class='ocrx_word' id='word_1_209' title='bbox 1773 3037 1965 3098; x_wconf 83' lang='lat' dir='ltr'><strong>cister-</strong></span> 
     </span>
    </p>
   </div>
   <div class='ocr_carea' id='block_1_33' title="bbox 377 3125 1964 3206">
    <p class='ocr_par' dir='ltr' id='par_1_33' title="bbox 377 3125 1964 3206">
     <span class='ocr_line' id='line_1_33' title="bbox 377 3125 1964 3206; baseline 0.005 -22"><span class='ocrx_word' id='word_1_210' title='bbox 377 3139 476 3185; x_wconf 85' lang='lat' dir='ltr'><strong>nas</strong></span> <span class='ocrx_word' id='word_1_211' title='bbox 523 3125 851 3203; x_wconf 80' lang='lat' dir='ltr'><strong>dissipatas,</strong></span> <span class='ocrx_word' id='word_1_212' title='bbox 914 3145 1035 3202; x_wconf 64' lang='lat' dir='ltr'><strong>qua)</strong></span> <span class='ocrx_word' id='word_1_213' title='bbox 1085 3131 1367 3189; x_wconf 90' lang='lat' dir='ltr'><strong>continere</strong></span> <span class='ocrx_word' id='word_1_214' title='bbox 1416 3149 1524 3189; x_wconf 93' lang='lat' dir='ltr'><strong>non</strong></span> <span class='ocrx_word' id='word_1_215' title='bbox 1574 3134 1758 3190; x_wconf 88' lang='lat' dir='ltr'><strong>valent</strong></span> <span class='ocrx_word' id='word_1_216' title='bbox 1797 3151 1964 3206; x_wconf 84' lang='lat' dir='ltr'><strong>aquas</strong></span> 
     </span>
    </p>
   </div>
   <div class='ocr_carea' id='block_1_34' title="bbox 378 3220 1966 3296">
    <p class='ocr_par' dir='ltr' id='par_1_34' title="bbox 378 3220 1966 3296">
     <span class='ocr_line' id='line_1_34' title="bbox 378 3220 1966 3296; baseline 0.005 -20"><span class='ocrx_word' id='word_1_217' title='bbox 378 3220 515 3293; x_wconf 84' lang='lat' dir='ltr'><strong>(Jer.</strong></span> <span class='ocrx_word' id='word_1_218' title='bbox 557 3221 676 3295; x_wconf 81' lang='grc' dir='ltr'>ιι).ι</span> <span class='ocrx_word' id='word_1_219' title='bbox 736 3223 1027 3280; x_wconf 83' lang='lat' dir='ltr'><strong>Enimvero</strong></span> <span class='ocrx_word' id='word_1_220' title='bbox 1071 3225 1243 3296; x_wconf 91' lang='lat' dir='ltr'><strong>ipsam</strong></span> <span class='ocrx_word' id='word_1_221' title='bbox 1291 3225 1515 3283; x_wconf 88' lang='lat' dir='ltr'><strong>claustri</strong></span> <span class='ocrx_word' id='word_1_222' title='bbox 1579 3228 1651 3283; x_wconf 91' lang='lat' dir='ltr'><strong>tui</strong></span> <span class='ocrx_word' id='word_1_223' title='bbox 1701 3227 1966 3284; x_wconf 82' lang='lat' dir='ltr'><strong>fabricam</strong></span> 
     </span>
    </p>
   </div>
   <div class='ocr_carea' id='block_1_35' title="bbox 378 3315 1968 3393">
    <p class='ocr_par' dir='ltr' id='par_1_35' title="bbox 378 3315 1968 3393">
     <span class='ocr_line' id='line_1_35' title="bbox 378 3315 1968 3393; baseline 0.005 -23"><span class='ocrx_word' id='word_1_224' title='bbox 378 3315 780 3387; x_wconf 86' lang='lat' dir='ltr'><strong>respice:ccce</strong></span> <span class='ocrx_word' id='word_1_225' title='bbox 807 3317 952 3372; x_wconf 89' lang='lat' dir='ltr'><strong>enim</strong></span> <span class='ocrx_word' id='word_1_226' title='bbox 999 3317 1307 3389; x_wconf 88' lang='lat' dir='ltr'><strong>quadriﬁda</strong></span> <span class='ocrx_word' id='word_1_227' title='bbox 1346 3327 1448 3385; x_wconf 90' lang='lat' dir='ltr'><strong>est,</strong></span> <span class='ocrx_word' id='word_1_228' title='bbox 1475 3329 1534 3376; x_wconf 90' lang='lat' dir='ltr'><strong>ut</strong></span> <span class='ocrx_word' id='word_1_229' title='bbox 1558 3321 1815 3376; x_wconf 88' lang='lat' dir='ltr'><strong>nimirum</strong></span> <span class='ocrx_word' id='word_1_230' title='bbox 1853 3322 1968 3393; x_wconf 89' lang='lat' dir='ltr'><strong>ipse</strong></span> 
     </span>
    </p>
   </div>
   <div class='ocr_carea' id='block_1_36' title="bbox 377 3407 1968 3485">
    <p class='ocr_par' dir='ltr' id='par_1_36' title="bbox 377 3407 1968 3485">
     <span class='ocr_line' id='line_1_36' title="bbox 377 3407 1968 3485; baseline 0.004 -21"><span class='ocrx_word' id='word_1_231' title='bbox 377 3407 483 3474; x_wconf 84' lang='lat' dir='ltr'><strong>loci</strong></span> <span class='ocrx_word' id='word_1_232' title='bbox 532 3411 672 3465; x_wconf 90' lang='lat' dir='ltr'><strong>situs</strong></span> <span class='ocrx_word' id='word_1_233' title='bbox 712 3410 991 3467; x_wconf 87' lang='lat' dir='ltr'><strong>evidenter</strong></span> <span class='ocrx_word' id='word_1_234' title='bbox 1046 3412 1292 3484; x_wconf 66' lang='lat' dir='ltr'><strong>edoceat}</strong></span> <span class='ocrx_word' id='word_1_235' title='bbox 1340 3413 1483 3483; x_wconf 90' lang='lat' dir='ltr'><strong>quod</strong></span> <span class='ocrx_word' id='word_1_236' title='bbox 1539 3415 1775 3485; x_wconf 89' lang='lat' dir='ltr'><strong>undique</strong></span> <span class='ocrx_word' id='word_1_237' title='bbox 1825 3423 1876 3470; x_wconf 90' lang='lat' dir='ltr'><strong>te</strong></span> <span class='ocrx_word' id='word_1_238' title='bbox 1937 3430 1968 3470; x_wconf 89' lang='lat' dir='ltr'><strong>a</strong></span> 
     </span>
    </p>
   </div>
   <div class='ocr_carea' id='block_1_37' title="bbox 381 3504 1970 3576">
    <p class='ocr_par' dir='ltr' id='par_1_37' title="bbox 381 3504 1970 3576">
     <span class='ocr_line' id='line_1_37' title="bbox 381 3504 1970 3576; baseline 0.002 -17"><span class='ocrx_word' id='word_1_239' title='bbox 381 3504 665 3560; x_wconf 65' lang='lat' dir='ltr'><strong>mundana:</strong></span> <span class='ocrx_word' id='word_1_240' title='bbox 689 3505 1119 3562; x_wconf 84' lang='lat' dir='ltr'><strong>conversationis</strong></span> <span class='ocrx_word' id='word_1_241' title='bbox 1141 3506 1367 3576; x_wconf 87' lang='lat' dir='ltr'><strong>strepitu</strong></span> <span class='ocrx_word' id='word_1_242' title='bbox 1390 3515 1658 3562; x_wconf 90' lang='lat' dir='ltr'><strong>semotum</strong></span> <span class='ocrx_word' id='word_1_243' title='bbox 1693 3522 1811 3562; x_wconf 84' lang='lat' dir='ltr'><strong>esse</strong></span> <span class='ocrx_word' id='word_1_244' title='bbox 1839 3523 1970 3563; x_wconf 82' lang='lat' dir='ltr'><strong>con-</strong></span> 
     </span>
    </p>
   </div>
   <div class='ocr_carea' id='block_1_38' title="bbox 378 3598 1970 3668">
    <p class='ocr_par' dir='ltr' id='par_1_38' title="bbox 378 3598 1970 3668">
     <span class='ocr_line' id='line_1_38' title="bbox 378 3598 1970 3668; baseline 0.003 -15"><span class='ocrx_word' id='word_1_245' title='bbox 378 3599 583 3654; x_wconf 78' lang='lat' dir='ltr'><strong>veniat.</strong></span> <span class='ocrx_word' id='word_1_246' title='bbox 614 3598 786 3654; x_wconf 89' lang='lat' dir='ltr'><strong>Porro</strong></span> <span class='ocrx_word' id='word_1_247' title='bbox 817 3599 952 3655; x_wconf 91' lang='lat' dir='ltr'><strong>satis</strong></span> <span class='ocrx_word' id='word_1_248' title='bbox 987 3599 1244 3656; x_wconf 90' lang='lat' dir='ltr'><strong>indecens</strong></span> <span class='ocrx_word' id='word_1_249' title='bbox 1278 3610 1362 3658; x_wconf 90' lang='lat' dir='ltr'><strong>est</strong></span> <span class='ocrx_word' id='word_1_250' title='bbox 1403 3610 1458 3658; x_wconf 91' lang='lat' dir='ltr'><strong>et</strong></span> <span class='ocrx_word' id='word_1_251' title='bbox 1504 3603 1869 3668; x_wconf 87' lang='lat' dir='ltr'><strong>inhonestum,</strong></span> <span class='ocrx_word' id='word_1_252' title='bbox 1906 3620 1970 3658; x_wconf 88' lang='lat' dir='ltr'><strong>ac</strong></span> 
     </span>
    </p>
   </div>
   <div class='ocr_carea' id='block_1_39' title="bbox 383 3691 1968 3764">
    <p class='ocr_par' dir='ltr' id='par_1_39' title="bbox 383 3691 1968 3764">
     <span class='ocr_line' id='line_1_39' title="bbox 383 3691 1968 3764; baseline 0.001 -18"><span class='ocrx_word' id='word_1_253' title='bbox 383 3707 483 3762; x_wconf 90' lang='lat' dir='ltr'><strong>per</strong></span> <span class='ocrx_word' id='word_1_254' title='bbox 504 3691 688 3745; x_wconf 90' lang='lat' dir='ltr'><strong>omnia</strong></span> <span class='ocrx_word' id='word_1_255' title='bbox 713 3691 976 3761; x_wconf 89' lang='lat' dir='ltr'><strong>probatur</strong></span> <span class='ocrx_word' id='word_1_256' title='bbox 1007 3691 1326 3762; x_wconf 89' lang='lat' dir='ltr'><strong>absurdum,</strong></span> <span class='ocrx_word' id='word_1_257' title='bbox 1369 3700 1428 3746; x_wconf 93' lang='lat' dir='ltr'><strong>ut</strong></span> <span class='ocrx_word' id='word_1_258' title='bbox 1461 3693 1605 3764; x_wconf 90' lang='lat' dir='ltr'><strong>quod</strong></span> <span class='ocrx_word' id='word_1_259' title='bbox 1636 3692 1688 3746; x_wconf 92' lang='lat' dir='ltr'><strong>in</strong></span> <span class='ocrx_word' id='word_1_260' title='bbox 1729 3693 1968 3747; x_wconf 85' lang='lat' dir='ltr'><strong>tabernis</strong></span> 
     </span>
    </p>
   </div>
   <div class='ocr_carea' id='block_1_40' title="bbox 382 3783 1969 3855">
    <p class='ocr_par' dir='ltr' id='par_1_40' title="bbox 382 3783 1969 3855">
     <span class='ocr_line' id='line_1_40' title="bbox 382 3783 1969 3855; baseline 0 -17"><span class='ocrx_word' id='word_1_261' title='bbox 382 3783 664 3838; x_wconf 88' lang='lat' dir='ltr'><strong>consuevit</strong></span> <span class='ocrx_word' id='word_1_262' title='bbox 720 3783 842 3855; x_wconf 89' lang='lat' dir='ltr'><strong>quis</strong></span> <span class='ocrx_word' id='word_1_263' title='bbox 885 3793 1138 3839; x_wconf 88' lang='lat' dir='ltr'><strong>eruetare</strong></span> <span class='ocrx_word' id='word_1_264' title='bbox 1181 3799 1487 3854; x_wconf 78' lang='lat' dir='ltr'><strong>cauponam</strong></span> <span class='ocrx_word' id='word_1_265' title='bbox 1515 3825 1530 3850; x_wconf 94' lang='lat'><strong>,</strong></span> <span class='ocrx_word' id='word_1_266' title='bbox 1570 3785 1714 3854; x_wconf 90' lang='lat' dir='ltr'><strong>quod</strong></span> <span class='ocrx_word' id='word_1_267' title='bbox 1765 3785 1969 3854; x_wconf 88' lang='lat' dir='ltr'><strong>passim</strong></span> 
     </span>
    </p>
   </div>
   <div class='ocr_carea' id='block_1_41' title="bbox 380 3875 1968 3948">
    <p class='ocr_par' dir='ltr' id='par_1_41' title="bbox 380 3875 1968 3948">
     <span class='ocr_line' id='line_1_41' title="bbox 380 3875 1968 3948; baseline 0.003 -21"><span class='ocrx_word' id='word_1_268' title='bbox 380 3884 632 3929; x_wconf 86' lang='lat' dir='ltr'><strong>versatur</strong></span> <span class='ocrx_word' id='word_1_269' title='bbox 672 3875 816 3932; x_wconf 90' lang='lat' dir='ltr'><strong>inter</strong></span> <span class='ocrx_word' id='word_1_270' title='bbox 860 3891 1108 3948; x_wconf 75' lang='lat' dir='ltr'><strong>gynzecea</strong></span> <span class='ocrx_word' id='word_1_271' title='bbox 1166 3877 1492 3941; x_wconf 80' lang='lat' dir='ltr'><strong>textricum,</strong></span> <span class='ocrx_word' id='word_1_272' title='bbox 1552 3877 1605 3930; x_wconf 90' lang='lat' dir='ltr'><strong>in</strong></span> <span class='ocrx_word' id='word_1_273' title='bbox 1656 3886 1968 3931; x_wconf 90' lang='lat' dir='ltr'><strong>sanctorum</strong></span> 
     </span>
    </p>
   </div>
   <div class='ocr_carea' id='block_1_42' title="bbox 387 3967 1970 4025">
    <p class='ocr_par' dir='ltr' id='par_1_42' title="bbox 387 3967 1970 4025">
     <span class='ocr_line' id='line_1_42' title="bbox 387 3967 1970 4025; baseline 0 -1"><span class='ocrx_word' id='word_1_274' title='bbox 387 3969 556 4024; x_wconf 90' lang='lat' dir='ltr'><strong>choro</strong></span> <span class='ocrx_word' id='word_1_275' title='bbox 580 3968 755 4025; x_wconf 91' lang='lat' dir='ltr'><strong>locum</strong></span> <span class='ocrx_word' id='word_1_276' title='bbox 785 3969 1034 4025; x_wconf 89' lang='lat' dir='ltr'><strong>invenire</strong></span> <span class='ocrx_word' id='word_1_277' title='bbox 1062 3968 1242 4023; x_wconf 89' lang='lat' dir='ltr'><strong>valeat</strong></span> <span class='ocrx_word' id='word_1_278' title='bbox 1273 3969 1684 4024; x_wconf 84' lang='lat' dir='ltr'><strong>monachorum.</strong></span> <span class='ocrx_word' id='word_1_279' title='bbox 1714 3967 1856 4024; x_wconf 90' lang='lat' dir='ltr'><strong>Sane</strong></span> <span class='ocrx_word' id='word_1_280' title='bbox 1879 3969 1970 4024; x_wconf 90' lang='lat' dir='ltr'><strong>ubi</strong></span> 
     </span>
    </p>
   </div>
   <div class='ocr_carea' id='block_1_43' title="bbox 381 4058 1969 4134">
    <p class='ocr_par' dir='ltr' id='par_1_43' title="bbox 381 4058 1969 4134">
     <span class='ocr_line' id='line_1_43' title="bbox 381 4058 1969 4134; baseline 0 -18"><span class='ocrx_word' id='word_1_281' title='bbox 381 4062 675 4134; x_wconf 86' lang='lat' dir='ltr'><strong>prophetas</strong></span> <span class='ocrx_word' id='word_1_282' title='bbox 738 4070 795 4117; x_wconf 87' lang='lat' dir='ltr'><strong>et</strong></span> <span class='ocrx_word' id='word_1_283' title='bbox 855 4060 1130 4128; x_wconf 86' lang='lat' dir='ltr'><strong>apostolos</strong></span> <span class='ocrx_word' id='word_1_284' title='bbox 1193 4059 1392 4130; x_wconf 89' lang='lat' dir='ltr'><strong>alloqui</strong></span> <span class='ocrx_word' id='word_1_285' title='bbox 1453 4075 1538 4114; x_wconf 89' lang='lat' dir='ltr'><strong>me</strong></span> <span class='ocrx_word' id='word_1_286' title='bbox 1597 4058 1969 4116; x_wconf 85' lang='lat' dir='ltr'><strong>desiderantes</strong></span> 
     </span>
    </p>
   </div>
   <div class='ocr_carea' id='block_1_44' title="bbox 383 4149 1967 4224">
    <p class='ocr_par' dir='ltr' id='par_1_44' title="bbox 383 4149 1967 4224">
     <span class='ocr_line' id='line_1_44' title="bbox 383 4149 1967 4224; baseline -0.002 -16"><span class='ocrx_word' id='word_1_287' title='bbox 383 4155 610 4224; x_wconf 87' lang='lat' dir='ltr'><strong>aspicio,</strong></span> <span class='ocrx_word' id='word_1_288' title='bbox 637 4153 727 4208; x_wconf 92' lang='lat' dir='ltr'><strong>ubi</strong></span> <span class='ocrx_word' id='word_1_289' title='bbox 756 4153 1030 4208; x_wconf 85' lang='lat' dir='ltr'><strong>Christum</strong></span> <span class='ocrx_word' id='word_1_290' title='bbox 1065 4169 1222 4207; x_wconf 90' lang='lat' dir='ltr'><strong>suum</strong></span> <span class='ocrx_word' id='word_1_291' title='bbox 1265 4151 1395 4206; x_wconf 82' lang='lat' dir='ltr'><strong>mihi</strong></span> <span class='ocrx_word' id='word_1_292' title='bbox 1427 4149 1756 4222; x_wconf 88' lang='lat' dir='ltr'><strong>pandentem</strong></span> <span class='ocrx_word' id='word_1_293' title='bbox 1790 4151 1967 4205; x_wconf 83' lang='lat' dir='ltr'><strong>Evan-</strong></span> 
     </span>
    </p>
   </div>
   <div class='ocr_carea' id='block_1_45' title="bbox 382 4241 1972 4316">
    <p class='ocr_par' dir='ltr' id='par_1_45' title="bbox 382 4241 1972 4316">
     <span class='ocr_line' id='line_1_45' title="bbox 382 4241 1972 4316; baseline -0.001 -18"><span class='ocrx_word' id='word_1_294' title='bbox 382 4245 580 4316; x_wconf 89' lang='lat' dir='ltr'><strong>gelium</strong></span> <span class='ocrx_word' id='word_1_295' title='bbox 606 4258 772 4300; x_wconf 92' lang='lat' dir='ltr'><strong>cerno</strong></span> <span class='ocrx_word' id='word_1_296' title='bbox 799 4285 814 4311; x_wconf 92' lang='lat'><strong>,</strong></span> <span class='ocrx_word' id='word_1_297' title='bbox 845 4259 946 4316; x_wconf 90' lang='lat' dir='ltr'><strong>ego</strong></span> <span class='ocrx_word' id='word_1_298' title='bbox 996 4244 1200 4300; x_wconf 87' lang='lat' dir='ltr'><strong>relictis</strong></span> <span class='ocrx_word' id='word_1_299' title='bbox 1229 4243 1368 4310; x_wconf 88' lang='lat' dir='ltr'><strong>illis,</strong></span> <span class='ocrx_word' id='word_1_300' title='bbox 1406 4243 1681 4314; x_wconf 91' lang='lat' dir='ltr'><strong>inquiram</strong></span> <span class='ocrx_word' id='word_1_301' title='bbox 1720 4241 1766 4297; x_wconf 90' lang='lat' dir='ltr'><strong>si</strong></span> <span class='ocrx_word' id='word_1_302' title='bbox 1799 4257 1972 4314; x_wconf 89' lang='lat' dir='ltr'><strong>nuper</strong></span> 
     </span>
    </p>
   </div>
   <div class='ocr_carea' id='block_1_46' title="bbox 380 4333 1973 4406">
    <p class='ocr_par' dir='ltr' id='par_1_46' title="bbox 380 4333 1973 4406">
     <span class='ocr_line' id='line_1_46' title="bbox 380 4333 1973 4406; baseline -0.003 -13"><span class='ocrx_word' id='word_1_303' title='bbox 380 4337 602 4393; x_wconf 80' lang='lat' dir='ltr'><strong>Adriam</strong></span> <span class='ocrx_word' id='word_1_304' title='bbox 657 4335 1072 4392; x_wconf 86' lang='lat' dir='ltr'><strong>transfretantes</strong></span> <span class='ocrx_word' id='word_1_305' title='bbox 1115 4337 1291 4392; x_wconf 89' lang='lat' dir='ltr'><strong>adhuc</strong></span> <span class='ocrx_word' id='word_1_306' title='bbox 1343 4333 1722 4406; x_wconf 88' lang='lat' dir='ltr'><strong>applicuerunt</strong></span> <span class='ocrx_word' id='word_1_307' title='bbox 1766 4333 1973 4389; x_wconf 83' lang='lat' dir='ltr'><strong>naves?</strong></span> 
     </span>
    </p>
   </div>
   <div class='ocr_carea' id='block_1_47' title="bbox 382 4428 1971 4504">
    <p class='ocr_par' dir='ltr' id='par_1_47' title="bbox 382 4428 1971 4504">
     <span class='ocr_line' id='line_1_47' title="bbox 382 4428 1971 4504; baseline -0.002 -18"><span class='ocrx_word' id='word_1_308' title='bbox 382 4432 575 4504; x_wconf 89' lang='lat' dir='ltr'><strong>quanti</strong></span> <span class='ocrx_word' id='word_1_309' title='bbox 605 4431 684 4487; x_wconf 81' lang='lat' dir='ltr'><strong>sal</strong></span> <span class='ocrx_word' id='word_1_310' title='bbox 713 4431 961 4487; x_wconf 77' lang='lat' dir='ltr'><strong>vteneat?</strong></span> <span class='ocrx_word' id='word_1_311' title='bbox 991 4439 1170 4484; x_wconf 90' lang='lat' dir='ltr'><strong>utrum</strong></span> <span class='ocrx_word' id='word_1_312' title='bbox 1207 4444 1439 4484; x_wconf 79' lang='lat' dir='ltr'><strong>annome</strong></span> <span class='ocrx_word' id='word_1_313' title='bbox 1471 4428 1711 4484; x_wconf 90' lang='lat' dir='ltr'><strong>modium</strong></span> <span class='ocrx_word' id='word_1_314' title='bbox 1757 4439 1971 4484; x_wconf 81' lang='lat' dir='ltr'><strong>taxema</strong></span> 
     </span>
    </p>
   </div>
   <div class='ocr_carea' id='block_1_48' title="bbox 1994 1813 2040 1875">
    <p class='ocr_par' dir='ltr' id='par_1_48' title="bbox 1994 1813 2040 1875">
     <span class='ocr_line' id='line_1_48' title="bbox 1994 1813 2040 1875; baseline 0 0"><span class='ocrx_word' id='word_1_315' title='bbox 1994 1813 2040 1875; x_wconf 87' lang='grc' dir='ltr'><strong><em>Β</em></strong></span> 
     </span>
    </p>
   </div>
   <div class='ocr_carea' id='block_1_49' title="bbox 1995 3187 2041 3250">
    <p class='ocr_par' dir='ltr' id='par_1_49' title="bbox 1995 3187 2041 3250">
     <span class='ocr_line' id='line_1_49' title="bbox 1995 3187 2041 3250; baseline 0 0"><span class='ocrx_word' id='word_1_316' title='bbox 1995 3187 2041 3250; x_wconf 88' lang='lat' dir='ltr'><strong>C</strong></span> 
     </span>
    </p>
   </div>
   <div class='ocr_carea' id='block_1_50' title="bbox 2064 531 3651 608">
    <p class='ocr_par' dir='ltr' id='par_1_50' title="bbox 2064 531 3651 608">
     <span class='ocr_line' id='line_1_50' title="bbox 2064 531 3651 608; baseline 0.002 -19"><span class='ocrx_word' id='word_1_317' title='bbox 2064 542 2412 590; x_wconf 88' lang='lat' dir='ltr'><strong>accusantem</strong></span> <span class='ocrx_word' id='word_1_318' title='bbox 2457 531 2704 606; x_wconf 83' lang='lat' dir='ltr'><strong>perferre</strong></span> <span class='ocrx_word' id='word_1_319' title='bbox 2757 549 2864 590; x_wconf 91' lang='lat' dir='ltr'><strong>non</strong></span> <span class='ocrx_word' id='word_1_320' title='bbox 2906 549 3216 605; x_wconf 76' lang='lat' dir='ltr'><strong>possumus.</strong></span> <span class='ocrx_word' id='word_1_321' title='bbox 3245 535 3416 608; x_wconf 76' lang='lat' dir='ltr'><strong>Exige</strong></span> <span class='ocrx_word' id='word_1_322' title='bbox 3444 537 3540 592; x_wconf 89' lang='lat' dir='ltr'><strong>tibi</strong></span> <span class='ocrx_word' id='word_1_323' title='bbox 3589 545 3651 592; x_wconf 93' lang='lat' dir='ltr'><strong>ut</strong></span> 
     </span>
    </p>
   </div>
   <div class='ocr_carea' id='block_1_51' title="bbox 2064 623 3652 698">
    <p class='ocr_par' dir='ltr' id='par_1_51' title="bbox 2064 623 3652 698">
     <span class='ocr_line' id='line_1_51' title="bbox 2064 623 3652 698; baseline 0.004 -19"><span class='ocrx_word' id='word_1_324' title='bbox 2064 623 2277 679; x_wconf 90' lang='lat' dir='ltr'><strong>animus</strong></span> <span class='ocrx_word' id='word_1_325' title='bbox 2304 632 2425 680; x_wconf 89' lang='lat' dir='ltr'><strong>tuus</strong></span> <span class='ocrx_word' id='word_1_326' title='bbox 2472 638 2538 678; x_wconf 83' lang='lat' dir='ltr'><strong>ex</strong></span> <span class='ocrx_word' id='word_1_327' title='bbox 2587 623 2798 681; x_wconf 85' lang='lat' dir='ltr'><strong>abbatis</strong></span> <span class='ocrx_word' id='word_1_328' title='bbox 2839 623 3043 696; x_wconf 90' lang='lat' dir='ltr'><strong>jugiter</strong></span> <span class='ocrx_word' id='word_1_329' title='bbox 3091 626 3274 682; x_wconf 88' lang='lat' dir='ltr'><strong>animo</strong></span> <span class='ocrx_word' id='word_1_330' title='bbox 3313 628 3564 698; x_wconf 89' lang='lat' dir='ltr'><strong>pendeat,</strong></span> <span class='ocrx_word' id='word_1_331' title='bbox 3595 635 3652 685; x_wconf 88' lang='lat' dir='ltr'><strong>ct</strong></span> 
     </span>
    </p>
   </div>
   <div class='ocr_carea' id='block_1_52' title="bbox 2062 717 3649 791">
    <p class='ocr_par' dir='ltr' id='par_1_52' title="bbox 2062 717 3649 791">
     <span class='ocr_line' id='line_1_52' title="bbox 2062 717 3649 791; baseline 0.001 -16"><span class='ocrx_word' id='word_1_332' title='bbox 2062 733 2338 790; x_wconf 88' lang='lat' dir='ltr'><strong>nunquam</strong></span> <span class='ocrx_word' id='word_1_333' title='bbox 2385 717 2592 790; x_wconf 89' lang='lat' dir='ltr'><strong>proprii</strong></span> <span class='ocrx_word' id='word_1_334' title='bbox 2637 718 2816 775; x_wconf 92' lang='lat' dir='ltr'><strong>cordis</strong></span> <span class='ocrx_word' id='word_1_335' title='bbox 2862 719 3172 785; x_wconf 88' lang='lat' dir='ltr'><strong>arbitrium,</strong></span> <span class='ocrx_word' id='word_1_336' title='bbox 3202 722 3296 777; x_wconf 91' lang='lat' dir='ltr'><strong>sed</strong></span> <span class='ocrx_word' id='word_1_337' title='bbox 3323 719 3440 791; x_wconf 88' lang='lat' dir='ltr'><strong>ejus</strong></span> <span class='ocrx_word' id='word_1_338' title='bbox 3467 721 3649 791; x_wconf 48' lang='lat' dir='ltr'><strong>humi,-</strong></span> 
     </span>
    </p>
   </div>
   <div class='ocr_carea' id='block_1_53' title="bbox 2062 808 3648 897">
    <p class='ocr_par' dir='ltr' id='par_1_53' title="bbox 2062 808 3648 897">
     <span class='ocr_line' id='line_1_53' title="bbox 2062 808 3648 897; baseline 0.002 -32"><span class='ocrx_word' id='word_1_339' title='bbox 2062 808 2187 897; x_wconf 57' lang='lat' dir='ltr'><strong>litef</strong></span> <span class='ocrx_word' id='word_1_340' title='bbox 2211 811 2458 882; x_wconf 85' lang='lat' dir='ltr'><strong>sequaris</strong></span> <span class='ocrx_word' id='word_1_341' title='bbox 2489 825 2704 881; x_wconf 91' lang='lat' dir='ltr'><strong>semper</strong></span> <span class='ocrx_word' id='word_1_342' title='bbox 2739 811 3046 881; x_wconf 90' lang='lat' dir='ltr'><strong>imperium.</strong></span> <span class='ocrx_word' id='word_1_343' title='bbox 3093 811 3202 869; x_wconf 86' lang='lat' dir='ltr'><strong>Ora</strong></span> <span class='ocrx_word' id='word_1_344' title='bbox 3252 812 3434 884; x_wconf 90' lang='lat' dir='ltr'><strong>itaque</strong></span> <span class='ocrx_word' id='word_1_345' title='bbox 3478 813 3648 869; x_wconf 89' lang='lat' dir='ltr'><strong>Deum</strong></span> 
     </span>
    </p>
   </div>
   <div class='ocr_carea' id='block_1_54' title="bbox 2063 902 3652 976">
    <p class='ocr_par' dir='ltr' id='par_1_54' title="bbox 2063 902 3652 976">
     <span class='ocr_line' id='line_1_54' title="bbox 2063 902 3652 976; baseline 0.003 -20"><span class='ocrx_word' id='word_1_346' title='bbox 2063 911 2122 957; x_wconf 93' lang='lat' dir='ltr'><strong>ut</strong></span> <span class='ocrx_word' id='word_1_347' title='bbox 2147 917 2246 973; x_wconf 90' lang='lat' dir='ltr'><strong>per</strong></span> <span class='ocrx_word' id='word_1_348' title='bbox 2268 917 2392 958; x_wconf 91' lang='lat' dir='ltr'><strong>eum</strong></span> <span class='ocrx_word' id='word_1_349' title='bbox 2423 902 2543 970; x_wconf 89' lang='lat' dir='ltr'><strong>tibi,</strong></span> <span class='ocrx_word' id='word_1_350' title='bbox 2573 902 2722 958; x_wconf 91' lang='lat' dir='ltr'><strong>velut</strong></span> <span class='ocrx_word' id='word_1_351' title='bbox 2750 918 3012 976; x_wconf 87' lang='lat' dir='ltr'><strong>organum</strong></span> <span class='ocrx_word' id='word_1_352' title='bbox 3049 903 3255 960; x_wconf 88' lang='lat' dir='ltr'><strong>scilicet</strong></span> <span class='ocrx_word' id='word_1_353' title='bbox 3301 921 3412 962; x_wconf 62' lang='lat' dir='ltr'><strong>suae</strong></span> <span class='ocrx_word' id='word_1_354' title='bbox 3451 907 3652 962; x_wconf 87' lang='lat' dir='ltr'><strong>verita-</strong></span> 
     </span>
    </p>
   </div>
   <div class='ocr_carea' id='block_1_55' title="bbox 2067 995 3652 1071">
    <p class='ocr_par' dir='ltr' id='par_1_55' title="bbox 2067 995 3652 1071">
     <span class='ocr_line' id='line_1_55' title="bbox 2067 995 3652 1071; baseline 0.001 -21"><span class='ocrx_word' id='word_1_355' title='bbox 2067 995 2155 1060; x_wconf 90' lang='lat' dir='ltr'><strong>tis,</strong></span> <span class='ocrx_word' id='word_1_356' title='bbox 2185 995 2396 1066; x_wconf 85' lang='lat' dir='ltr'><strong>aperiat</strong></span> <span class='ocrx_word' id='word_1_357' title='bbox 2439 996 2571 1066; x_wconf 91' lang='lat' dir='ltr'><strong>quid</strong></span> <span class='ocrx_word' id='word_1_358' title='bbox 2598 995 2692 1050; x_wconf 88' lang='lat' dir='ltr'><strong>tibi</strong></span> <span class='ocrx_word' id='word_1_359' title='bbox 2724 995 2990 1068; x_wconf 89' lang='lat' dir='ltr'><strong>agendum</strong></span> <span class='ocrx_word' id='word_1_360' title='bbox 3015 1009 3138 1051; x_wconf 89' lang='lat' dir='ltr'><strong>esse</strong></span> <span class='ocrx_word' id='word_1_361' title='bbox 3161 1011 3261 1068; x_wconf 89' lang='lat' dir='ltr'><strong>pro</strong></span> <span class='ocrx_word' id='word_1_362' title='bbox 3291 997 3373 1052; x_wconf 91' lang='lat' dir='ltr'><strong>sui</strong></span> <span class='ocrx_word' id='word_1_363' title='bbox 3399 995 3652 1071; x_wconf 80' lang='lat' dir='ltr'><strong>benepla-</strong></span> 
     </span>
    </p>
   </div>
   <div class='ocr_carea' id='block_1_56' title="bbox 2064 1092 2840 1165">
    <p class='ocr_par' dir='ltr' id='par_1_56' title="bbox 2064 1092 2840 1165">
     <span class='ocr_line' id='line_1_56' title="bbox 2064 1092 2840 1165; baseline -0.001 -16"><span class='ocrx_word' id='word_1_364' title='bbox 2064 1092 2160 1150; x_wconf 91' lang='lat' dir='ltr'><strong>citi</strong></span> <span class='ocrx_word' id='word_1_365' title='bbox 2189 1093 2541 1165; x_wconf 89' lang='lat' dir='ltr'><strong>dispositione</strong></span> <span class='ocrx_word' id='word_1_366' title='bbox 2562 1093 2840 1149; x_wconf 89' lang='lat' dir='ltr'><strong>decernat.</strong></span> 
     </span>
    </p>
   </div>
   <div class='ocr_carea' id='block_1_57' title="bbox 2677 1183 3040 1242">
    <p class='ocr_par' dir='ltr' id='par_1_57' title="bbox 2677 1183 3040 1242">
     <span class='ocr_line' id='line_1_57' title="bbox 2677 1183 3040 1242; baseline -0.008 0"><span class='ocrx_word' id='word_1_367' title='bbox 2677 1183 2908 1242; x_wconf 86' lang='lat' dir='ltr'><strong>CAPUT</strong></span> <span class='ocrx_word' id='word_1_368' title='bbox 2946 1184 3040 1242; x_wconf 80' lang='lat' dir='ltr'><strong>XI.</strong></span> 
     </span>
    </p>
   </div>
   <div class='ocr_carea' id='block_1_58' title="bbox 2137 1275 3584 1350">
    <p class='ocr_par' dir='ltr' id='par_1_58' title="bbox 2137 1275 3584 1350">
     <span class='ocr_line' id='line_1_58' title="bbox 2137 1275 3584 1350; baseline 0 -15"><span class='ocrx_word' id='word_1_369' title='bbox 2137 1281 2292 1350; x_wconf 85' lang='lat' dir='ltr'><strong>Quod</strong></span> <span class='ocrx_word' id='word_1_370' title='bbox 2339 1278 2641 1337; x_wconf 78' lang='lat' dir='ltr'><strong>Christiana</strong></span> <span class='ocrx_word' id='word_1_371' title='bbox 2697 1279 2944 1334; x_wconf 78' lang='lat' dir='ltr'><strong>nobilitas</strong></span> <span class='ocrx_word' id='word_1_372' title='bbox 2979 1295 3044 1334; x_wconf 77' lang='lat' dir='ltr'><strong>ea:</strong></span> <span class='ocrx_word' id='word_1_373' title='bbox 3087 1275 3318 1348; x_wconf 80' lang='lat' dir='ltr'><strong>Christo,</strong></span> <span class='ocrx_word' id='word_1_374' title='bbox 3372 1295 3476 1335; x_wconf 83' lang='lat' dir='ltr'><strong>non</strong></span> <span class='ocrx_word' id='word_1_375' title='bbox 3517 1295 3584 1336; x_wconf 72' lang='lat' dir='ltr'><strong>ex</strong></span> 
     </span>
    </p>
   </div>
   <div class='ocr_carea' id='block_1_59' title="bbox 2599 1352 3124 1422">
    <p class='ocr_par' dir='ltr' id='par_1_59' title="bbox 2599 1352 3124 1422">
     <span class='ocr_line' id='line_1_59' title="bbox 2599 1352 3124 1422; baseline 0.002 -16"><span class='ocrx_word' id='word_1_376' title='bbox 2599 1353 2707 1407; x_wconf 79' lang='lat' dir='ltr'><strong>avis</strong></span> <span class='ocrx_word' id='word_1_377' title='bbox 2757 1352 2980 1422; x_wconf 84' lang='lat' dir='ltr'><strong>petenda</strong></span> <span class='ocrx_word' id='word_1_378' title='bbox 3027 1361 3124 1407; x_wconf 82' lang='lat' dir='ltr'><strong>est.</strong></span> 
     </span>
    </p>
   </div>
   <div class='ocr_carea' id='block_1_60' title="bbox 2136 1464 3658 1538">
    <p class='ocr_par' dir='ltr' id='par_1_60' title="bbox 2136 1464 3658 1538">
     <span class='ocr_line' id='line_1_60' title="bbox 2136 1464 3658 1538; baseline 0.002 -18"><span class='ocrx_word' id='word_1_379' title='bbox 2136 1464 2254 1522; x_wconf 81' lang='lat' dir='ltr'><strong>Noli</strong></span> <span class='ocrx_word' id='word_1_380' title='bbox 2313 1464 2648 1538; x_wconf 91' lang='lat' dir='ltr'><strong>phaleratam</strong></span> <span class='ocrx_word' id='word_1_381' title='bbox 2713 1464 3002 1535; x_wconf 91' lang='lat' dir='ltr'><strong>aliquando</strong></span> <span class='ocrx_word' id='word_1_382' title='bbox 3063 1479 3390 1537; x_wconf 87' lang='lat' dir='ltr'><strong>proavorum</strong></span> <span class='ocrx_word' id='word_1_383' title='bbox 3457 1465 3658 1523; x_wconf 86' lang='lat' dir='ltr'><strong>lineam</strong></span> 
     </span>
    </p>
   </div>
   <div class='ocr_carea' id='block_1_61' title="bbox 2065 1557 3657 1630">
    <p class='ocr_par' dir='ltr' id='par_1_61' title="bbox 2065 1557 3657 1630">
     <span class='ocr_line' id='line_1_61' title="bbox 2065 1557 3657 1630; baseline -0.001 -16"><span class='ocrx_word' id='word_1_384' title='bbox 2065 1566 2271 1627; x_wconf 79' lang='lat' dir='ltr'><strong>texere,</strong></span> <span class='ocrx_word' id='word_1_385' title='bbox 2312 1566 2371 1613; x_wconf 94' lang='lat' dir='ltr'><strong>ut</strong></span> <span class='ocrx_word' id='word_1_386' title='bbox 2400 1559 2466 1613; x_wconf 89' lang='lat' dir='ltr'><strong>de</strong></span> <span class='ocrx_word' id='word_1_387' title='bbox 2505 1573 2644 1612; x_wconf 90' lang='lat' dir='ltr'><strong>vana</strong></span> <span class='ocrx_word' id='word_1_388' title='bbox 2691 1566 2742 1612; x_wconf 92' lang='lat' dir='ltr'><strong>te</strong></span> <span class='ocrx_word' id='word_1_389' title='bbox 2783 1557 2917 1613; x_wconf 86' lang='lat' dir='ltr'><strong>velis</strong></span> <span class='ocrx_word' id='word_1_390' title='bbox 2965 1557 3124 1612; x_wconf 87' lang='lat' dir='ltr'><strong>alieni</strong></span> <span class='ocrx_word' id='word_1_391' title='bbox 3165 1557 3399 1613; x_wconf 90' lang='lat' dir='ltr'><strong>nominis</strong></span> <span class='ocrx_word' id='word_1_392' title='bbox 3425 1572 3657 1630; x_wconf 86' lang='lat' dir='ltr'><strong>genero-</strong></span> 
     </span>
    </p>
   </div>
   <div class='ocr_carea' id='block_1_62' title="bbox 2065 1649 3660 1723">
    <p class='ocr_par' dir='ltr' id='par_1_62' title="bbox 2065 1649 3660 1723">
     <span class='ocr_line' id='line_1_62' title="bbox 2065 1649 3660 1723; baseline -0.001 -16"><span class='ocrx_word' id='word_1_393' title='bbox 2065 1652 2226 1708; x_wconf 89' lang='lat' dir='ltr'><strong>sitate</strong></span> <span class='ocrx_word' id='word_1_394' title='bbox 2243 1653 2472 1723; x_wconf 86' lang='lat' dir='ltr'><strong>jactare.</strong></span> <span class='ocrx_word' id='word_1_395' title='bbox 2511 1649 2675 1705; x_wconf 88' lang='lat' dir='ltr'><strong>Plane</strong></span> <span class='ocrx_word' id='word_1_396' title='bbox 2715 1650 2808 1721; x_wconf 92' lang='lat' dir='ltr'><strong>qui</strong></span> <span class='ocrx_word' id='word_1_397' title='bbox 2860 1651 3035 1705; x_wconf 82' lang='lat' dir='ltr'><strong>haeres</strong></span> <span class='ocrx_word' id='word_1_398' title='bbox 3064 1649 3182 1716; x_wconf 90' lang='lat' dir='ltr'><strong>Dei,</strong></span> <span class='ocrx_word' id='word_1_399' title='bbox 3220 1658 3273 1705; x_wconf 91' lang='lat' dir='ltr'><strong>et</strong></span> <span class='ocrx_word' id='word_1_400' title='bbox 3301 1651 3543 1706; x_wconf 69' lang='lat' dir='ltr'><strong>cohmres</strong></span> <span class='ocrx_word' id='word_1_401' title='bbox 3572 1656 3660 1705; x_wconf 92' lang='lat' dir='ltr'><strong>est</strong></span> 
     </span>
    </p>
   </div>
   <div class='ocr_carea' id='block_1_63' title="bbox 2064 1745 3658 1817">
    <p class='ocr_par' dir='ltr' id='par_1_63' title="bbox 2064 1745 3658 1817">
     <span class='ocr_line' id='line_1_63' title="bbox 2064 1745 3658 1817; baseline -0.005 -9"><span class='ocrx_word' id='word_1_402' title='bbox 2064 1751 2288 1816; x_wconf 87' lang='lat' dir='ltr'><strong>Christi,</strong></span> <span class='ocrx_word' id='word_1_403' title='bbox 2329 1764 2542 1806; x_wconf 90' lang='lat' dir='ltr'><strong>omnem</strong></span> <span class='ocrx_word' id='word_1_404' title='bbox 2590 1746 2791 1803; x_wconf 87' lang='lat' dir='ltr'><strong>terreni</strong></span> <span class='ocrx_word' id='word_1_405' title='bbox 2831 1747 3135 1802; x_wconf 89' lang='lat' dir='ltr'><strong>stemmatis</strong></span> <span class='ocrx_word' id='word_1_406' title='bbox 3163 1745 3472 1817; x_wconf 85' lang='lat' dir='ltr'><strong>prosapiam</strong></span> <span class='ocrx_word' id='word_1_407' title='bbox 3501 1759 3658 1817; x_wconf 82' lang='lat' dir='ltr'><strong>supe-</strong></span> 
     </span>
    </p>
   </div>
   <div class='ocr_carea' id='block_1_64' title="bbox 2067 1838 3655 1909">
    <p class='ocr_par' dir='ltr' id='par_1_64' title="bbox 2067 1838 3655 1909">
     <span class='ocr_line' id='line_1_64' title="bbox 2067 1838 3655 1909; baseline -0.004 -10"><span class='ocrx_word' id='word_1_408' title='bbox 2067 1852 2171 1899; x_wconf 87' lang='lat' dir='ltr'><strong>rat.</strong></span> <span class='ocrx_word' id='word_1_409' title='bbox 2216 1841 2601 1898; x_wconf 80' lang='lat' dir='ltr'><strong>Verumtamen</strong></span> <span class='ocrx_word' id='word_1_410' title='bbox 2647 1855 2767 1896; x_wconf 89' lang='lat' dir='ltr'><strong>esse</strong></span> <span class='ocrx_word' id='word_1_411' title='bbox 2814 1838 3184 1895; x_wconf 87' lang='lat' dir='ltr'><strong>Christianum</strong></span> <span class='ocrx_word' id='word_1_412' title='bbox 3233 1853 3488 1909; x_wconf 86' lang='lat' dir='ltr'><strong>magnum</strong></span> <span class='ocrx_word' id='word_1_413' title='bbox 3537 1847 3655 1903; x_wconf 88' lang='lat' dir='ltr'><strong>est,</strong></span> 
     </span>
    </p>
   </div>
   <div class='ocr_carea' id='block_1_65' title="bbox 2067 1930 3652 2003">
    <p class='ocr_par' dir='ltr' id='par_1_65' title="bbox 2067 1930 3652 2003">
     <span class='ocr_line' id='line_1_65' title="bbox 2067 1930 3652 2003; baseline -0.003 -12"><span class='ocrx_word' id='word_1_414' title='bbox 2067 1952 2175 1992; x_wconf 90' lang='lat' dir='ltr'><strong>non</strong></span> <span class='ocrx_word' id='word_1_415' title='bbox 2202 1935 2375 1991; x_wconf 88' lang='lat' dir='ltr'><strong>videri</strong></span> <span class='ocrx_word' id='word_1_416' title='bbox 2404 1933 2489 1990; x_wconf 89' lang='lat' dir='ltr'><strong>vel</strong></span> <span class='ocrx_word' id='word_1_417' title='bbox 2522 1933 2660 2000; x_wconf 91' lang='lat' dir='ltr'><strong>dici;</strong></span> <span class='ocrx_word' id='word_1_418' title='bbox 2700 1943 2756 1989; x_wconf 93' lang='lat' dir='ltr'><strong>ct</strong></span> <span class='ocrx_word' id='word_1_419' title='bbox 2782 1932 2872 1988; x_wconf 89' lang='lat' dir='ltr'><strong>ille</strong></span> <span class='ocrx_word' id='word_1_420' title='bbox 2899 1932 3019 2003; x_wconf 90' lang='lat' dir='ltr'><strong>plus</strong></span> <span class='ocrx_word' id='word_1_421' title='bbox 3044 1947 3186 2003; x_wconf 64' lang='lat' dir='ltr'><strong>saepe</strong></span> <span class='ocrx_word' id='word_1_422' title='bbox 3211 1931 3389 2003; x_wconf 89' lang='lat' dir='ltr'><strong>placet</strong></span> <span class='ocrx_word' id='word_1_423' title='bbox 3428 1930 3652 1998; x_wconf 91' lang='lat' dir='ltr'><strong>mundo,</strong></span> 
     </span>
    </p>
   </div>
   <div class='ocr_carea' id='block_1_66' title="bbox 2067 2022 3659 2100">
    <p class='ocr_par' dir='ltr' id='par_1_66' title="bbox 2067 2022 3659 2100">
     <span class='ocr_line' id='line_1_66' title="bbox 2067 2022 3659 2100; baseline -0.005 -16"><span class='ocrx_word' id='word_1_424' title='bbox 2067 2029 2160 2100; x_wconf 92' lang='lat' dir='ltr'><strong>qui</strong></span> <span class='ocrx_word' id='word_1_425' title='bbox 2185 2027 2437 2098; x_wconf 88' lang='lat' dir='ltr'><strong>displicet</strong></span> <span class='ocrx_word' id='word_1_426' title='bbox 2469 2027 2602 2082; x_wconf 91' lang='lat' dir='ltr'><strong>Deo.</strong></span> <span class='ocrx_word' id='word_1_427' title='bbox 2635 2025 3003 2096; x_wconf 75' lang='lat' dir='ltr'><strong>Quorumdam</strong></span> <span class='ocrx_word' id='word_1_428' title='bbox 3034 2038 3165 2080; x_wconf 89' lang='lat' dir='ltr'><strong>sane</strong></span> <span class='ocrx_word' id='word_1_429' title='bbox 3199 2033 3420 2079; x_wconf 88' lang='lat' dir='ltr'><strong>versuta</strong></span> <span class='ocrx_word' id='word_1_430' title='bbox 3446 2022 3659 2078; x_wconf 81' lang='lat' dir='ltr'><strong>callidi-</strong></span> 
     </span>
    </p>
   </div>
   <div class='ocr_carea' id='block_1_67' title="bbox 2071 2116 3660 2190">
    <p class='ocr_par' dir='ltr' id='par_1_67' title="bbox 2071 2116 3660 2190">
     <span class='ocr_line' id='line_1_67' title="bbox 2071 2116 3660 2190; baseline -0.003 -15"><span class='ocrx_word' id='word_1_431' title='bbox 2071 2132 2191 2184; x_wconf 89' lang='lat' dir='ltr'><strong>tas,</strong></span> <span class='ocrx_word' id='word_1_432' title='bbox 2246 2118 2401 2190; x_wconf 88' lang='lat' dir='ltr'><strong>quasi</strong></span> <span class='ocrx_word' id='word_1_433' title='bbox 2454 2117 2798 2188; x_wconf 86' lang='lat' dir='ltr'><strong>derogando,</strong></span> <span class='ocrx_word' id='word_1_434' title='bbox 2857 2116 3125 2188; x_wconf 84' lang='lat' dir='ltr'><strong>majorum</strong></span> <span class='ocrx_word' id='word_1_435' title='bbox 3190 2130 3412 2170; x_wconf 88' lang='lat' dir='ltr'><strong>suormn</strong></span> <span class='ocrx_word' id='word_1_436' title='bbox 3461 2128 3660 2170; x_wconf 88' lang='lat' dir='ltr'><strong>nomen</strong></span> 
     </span>
    </p>
   </div>
   <div class='ocr_carea' id='block_1_68' title="bbox 2067 2203 3661 2282">
    <p class='ocr_par' dir='ltr' id='par_1_68' title="bbox 2067 2203 3661 2282">
     <span class='ocr_line' id='line_1_68' title="bbox 2067 2203 3661 2282; baseline -0.003 -17"><span class='ocrx_word' id='word_1_437' title='bbox 2067 2218 2436 2282; x_wconf 77' lang='lat' dir='ltr'><strong>exaggerant;</strong></span> <span class='ocrx_word' id='word_1_438' title='bbox 2481 2217 2556 2274; x_wconf 91' lang='lat' dir='ltr'><strong>et,</strong></span> <span class='ocrx_word' id='word_1_439' title='bbox 2590 2215 2920 2280; x_wconf 90' lang='lat' dir='ltr'><strong>ntpotentes</strong></span> <span class='ocrx_word' id='word_1_440' title='bbox 2965 2216 3129 2277; x_wconf 89' lang='lat' dir='ltr'><strong>atque</strong></span> <span class='ocrx_word' id='word_1_441' title='bbox 3176 2204 3446 2278; x_wconf 92' lang='lat' dir='ltr'><strong>magniﬁci</strong></span> <span class='ocrx_word' id='word_1_442' title='bbox 3495 2203 3661 2260; x_wconf 85' lang='lat' dir='ltr'><strong>fuisse</strong></span> 
     </span>
    </p>
   </div>
   <div class='ocr_carea' id='block_1_69' title="bbox 2067 2297 3657 2371">
    <p class='ocr_par' dir='ltr' id='par_1_69' title="bbox 2067 2297 3657 2371">
     <span class='ocr_line' id='line_1_69' title="bbox 2067 2297 3657 2371; baseline -0.003 -17"><span class='ocrx_word' id='word_1_443' title='bbox 2067 2301 2371 2365; x_wconf 90' lang='lat' dir='ltr'><strong>videantur,</strong></span> <span class='ocrx_word' id='word_1_444' title='bbox 2425 2299 2693 2371; x_wconf 78' lang='lat' dir='ltr'><strong>superbia:</strong></span> <span class='ocrx_word' id='word_1_445' title='bbox 2729 2314 2824 2355; x_wconf 92' lang='lat' dir='ltr'><strong>eos</strong></span> <span class='ocrx_word' id='word_1_446' title='bbox 2884 2299 2967 2355; x_wconf 88' lang='lat' dir='ltr'><strong>vel</strong></span> <span class='ocrx_word' id='word_1_447' title='bbox 3014 2297 3356 2354; x_wconf 83' lang='lat' dir='ltr'><strong>crudelitatis</strong></span> <span class='ocrx_word' id='word_1_448' title='bbox 3402 2303 3657 2368; x_wconf 87' lang='lat' dir='ltr'><strong>arguunt.</strong></span> 
     </span>
    </p>
   </div>
   <div class='ocr_carea' id='block_1_70' title="bbox 2069 2387 3662 2463">
    <p class='ocr_par' dir='ltr' id='par_1_70' title="bbox 2069 2387 3662 2463">
     <span class='ocr_line' id='line_1_70' title="bbox 2069 2387 3662 2463; baseline -0.003 -16"><span class='ocrx_word' id='word_1_449' title='bbox 2069 2392 2245 2449; x_wconf 86' lang='lat' dir='ltr'><strong>Tenes</strong></span> <span class='ocrx_word' id='word_1_450' title='bbox 2270 2393 2413 2463; x_wconf 90' lang='lat' dir='ltr'><strong>quod</strong></span> <span class='ocrx_word' id='word_1_451' title='bbox 2442 2391 2602 2447; x_wconf 90' lang='lat' dir='ltr'><strong>dico?</strong></span> <span class='ocrx_word' id='word_1_452' title='bbox 2627 2391 2842 2447; x_wconf 85' lang='lat' dir='ltr'><strong>Accnso</strong></span> <span class='ocrx_word' id='word_1_453' title='bbox 2877 2391 3143 2446; x_wconf 79' lang='lat' dir='ltr'><strong>Achillem</strong></span> <span class='ocrx_word' id='word_1_454' title='bbox 3185 2389 3341 2445; x_wconf 93' lang='lat' dir='ltr'><strong>multi</strong></span> <span class='ocrx_word' id='word_1_455' title='bbox 3385 2387 3662 2460; x_wconf 89' lang='lat' dir='ltr'><strong>sanguinis</strong></span> 
     </span>
    </p>
   </div>
   <div class='ocr_carea' id='block_1_71' title="bbox 2069 2483 3658 2556">
    <p class='ocr_par' dir='ltr' id='par_1_71' title="bbox 2069 2483 3658 2556">
     <span class='ocr_line' id='line_1_71' title="bbox 2069 2483 3658 2556; baseline -0.004 -13"><span class='ocrx_word' id='word_1_456' title='bbox 2069 2501 2222 2543; x_wconf 89' lang='lat' dir='ltr'><strong>reum</strong></span> <span class='ocrx_word' id='word_1_457' title='bbox 2247 2528 2261 2554; x_wconf 95' lang='lat'><strong>,</strong></span> <span class='ocrx_word' id='word_1_458' title='bbox 2295 2494 2356 2542; x_wconf 92' lang='lat' dir='ltr'><strong>ut</strong></span> <span class='ocrx_word' id='word_1_459' title='bbox 2391 2495 2445 2541; x_wconf 91' lang='lat' dir='ltr'><strong>tu</strong></span> <span class='ocrx_word' id='word_1_460' title='bbox 2478 2484 2750 2556; x_wconf 86' lang='lat' dir='ltr'><strong>intelligas</strong></span> <span class='ocrx_word' id='word_1_461' title='bbox 2800 2484 3065 2540; x_wconf 88' lang='lat' dir='ltr'><strong>bellorum</strong></span> <span class='ocrx_word' id='word_1_462' title='bbox 3121 2483 3300 2540; x_wconf 91' lang='lat' dir='ltr'><strong>studio</strong></span> <span class='ocrx_word' id='word_1_463' title='bbox 3353 2492 3658 2539; x_wconf 89' lang='lat' dir='ltr'><strong>strenuum.</strong></span> 
     </span>
    </p>
   </div>
   <div class='ocr_carea' id='block_1_72' title="bbox 2068 2575 3662 2648">
    <p class='ocr_par' dir='ltr' id='par_1_72' title="bbox 2068 2575 3662 2648">
     <span class='ocr_line' id='line_1_72' title="bbox 2068 2575 3662 2648; baseline -0.003 -15"><span class='ocrx_word' id='word_1_464' title='bbox 2068 2578 2251 2647; x_wconf 81' lang='lat' dir='ltr'><strong>Arguo</strong></span> <span class='ocrx_word' id='word_1_465' title='bbox 2288 2577 2487 2633; x_wconf 73' lang='lat' dir='ltr'><strong>Italica:</strong></span> <span class='ocrx_word' id='word_1_466' title='bbox 2515 2576 2853 2648; x_wconf 89' lang='lat' dir='ltr'><strong>pervasionis</strong></span> <span class='ocrx_word' id='word_1_467' title='bbox 2880 2575 3238 2642; x_wconf 78' lang='lat' dir='ltr'><strong>Annibalem,</strong></span> <span class='ocrx_word' id='word_1_468' title='bbox 3290 2584 3350 2632; x_wconf 91' lang='lat' dir='ltr'><strong>ut</strong></span> <span class='ocrx_word' id='word_1_469' title='bbox 3397 2584 3452 2644; x_wconf 79' lang='lat' dir='ltr'><strong>tu</strong></span> <span class='ocrx_word' id='word_1_470' title='bbox 3496 2575 3662 2631; x_wconf 85' lang='lat' dir='ltr'><strong>auda-</strong></span> 
     </span>
    </p>
   </div>
   <div class='ocr_carea' id='block_1_73' title="bbox 2071 2665 3664 2740">
    <p class='ocr_par' dir='ltr' id='par_1_73' title="bbox 2071 2665 3664 2740">
     <span class='ocr_line' id='line_1_73' title="bbox 2071 2665 3664 2740; baseline -0.002 -15"><span class='ocrx_word' id='word_1_471' title='bbox 2071 2685 2191 2725; x_wconf 91' lang='lat' dir='ltr'><strong>cem</strong></span> <span class='ocrx_word' id='word_1_472' title='bbox 2221 2684 2326 2724; x_wconf 93' lang='lat' dir='ltr'><strong>non</strong></span> <span class='ocrx_word' id='word_1_473' title='bbox 2376 2669 2613 2734; x_wconf 90' lang='lat' dir='ltr'><strong>dubites,</strong></span> <span class='ocrx_word' id='word_1_474' title='bbox 2644 2677 2699 2722; x_wconf 92' lang='lat' dir='ltr'><strong>et</strong></span> <span class='ocrx_word' id='word_1_475' title='bbox 2737 2669 3038 2724; x_wconf 90' lang='lat' dir='ltr'><strong>robustum.</strong></span> <span class='ocrx_word' id='word_1_476' title='bbox 3074 2667 3382 2724; x_wconf 84' lang='lat' dir='ltr'><strong>Mcmineris</strong></span> <span class='ocrx_word' id='word_1_477' title='bbox 3411 2665 3664 2740; x_wconf 91' lang='lat' dir='ltr'><strong>frequen-</strong></span> 
     </span>
    </p>
   </div>
   <div class='ocr_carea' id='block_1_74' title="bbox 2073 2759 3665 2831">
    <p class='ocr_par' dir='ltr' id='par_1_74' title="bbox 2073 2759 3665 2831">
     <span class='ocr_line' id='line_1_74' title="bbox 2073 2759 3665 2831; baseline 0.001 -14"><span class='ocrx_word' id='word_1_478' title='bbox 2073 2771 2156 2817; x_wconf 88' lang='lat' dir='ltr'><strong>ter</strong></span> <span class='ocrx_word' id='word_1_479' title='bbox 2181 2761 2446 2818; x_wconf 90' lang='lat' dir='ltr'><strong>orandum</strong></span> <span class='ocrx_word' id='word_1_480' title='bbox 2475 2771 2556 2827; x_wconf 92' lang='lat' dir='ltr'><strong>ut,</strong></span> <span class='ocrx_word' id='word_1_481' title='bbox 2585 2776 2813 2831; x_wconf 82' lang='lat' dir='ltr'><strong>corpore</strong></span> <span class='ocrx_word' id='word_1_482' title='bbox 2857 2770 3017 2816; x_wconf 73' lang='lat' dir='ltr'><strong>terra:</strong></span> <span class='ocrx_word' id='word_1_483' title='bbox 3046 2769 3344 2831; x_wconf 89' lang='lat' dir='ltr'><strong>prostrato,</strong></span> <span class='ocrx_word' id='word_1_484' title='bbox 3376 2775 3532 2816; x_wconf 88' lang='lat' dir='ltr'><strong>mens</strong></span> <span class='ocrx_word' id='word_1_485' title='bbox 3561 2759 3665 2818; x_wconf 87' lang='lat' dir='ltr'><strong>eri-</strong></span> 
     </span>
    </p>
   </div>
   <div class='ocr_carea' id='block_1_75' title="bbox 2071 2852 3660 2927">
    <p class='ocr_par' dir='ltr' id='par_1_75' title="bbox 2071 2852 3660 2927">
     <span class='ocr_line' id='line_1_75' title="bbox 2071 2852 3660 2927; baseline -0.004 -16"><span class='ocrx_word' id='word_1_486' title='bbox 2071 2865 2230 2927; x_wconf 89' lang='lat' dir='ltr'><strong>gatur</strong></span> <span class='ocrx_word' id='word_1_487' title='bbox 2252 2857 2319 2911; x_wconf 93' lang='lat' dir='ltr'><strong>ad</strong></span> <span class='ocrx_word' id='word_1_488' title='bbox 2343 2855 2561 2910; x_wconf 59' lang='lat' dir='ltr'><strong>coelum.</strong></span> <span class='ocrx_word' id='word_1_489' title='bbox 2590 2853 2795 2910; x_wconf 80' lang='lat' dir='ltr'><strong>Ventre</strong></span> <span class='ocrx_word' id='word_1_490' title='bbox 2821 2869 2994 2910; x_wconf 90' lang='lat' dir='ltr'><strong>vacuo</strong></span> <span class='ocrx_word' id='word_1_491' title='bbox 3024 2854 3220 2923; x_wconf 67' lang='lat' dir='ltr'><strong>smpius</strong></span> <span class='ocrx_word' id='word_1_492' title='bbox 3251 2853 3425 2908; x_wconf 91' lang='lat' dir='ltr'><strong>dormi</strong></span> <span class='ocrx_word' id='word_1_493' title='bbox 3451 2869 3466 2920; x_wconf 91' lang='lat'><strong>;</strong></span> <span class='ocrx_word' id='word_1_494' title='bbox 3513 2852 3660 2908; x_wconf 89' lang='lat' dir='ltr'><strong>sitim</strong></span> 
     </span>
    </p>
   </div>
   <div class='ocr_carea' id='block_1_76' title="bbox 2074 2943 3667 3017">
    <p class='ocr_par' dir='ltr' id='par_1_76' title="bbox 2074 2943 3667 3017">
     <span class='ocr_line' id='line_1_76' title="bbox 2074 2943 3667 3017; baseline -0.003 -13"><span class='ocrx_word' id='word_1_495' title='bbox 2074 2960 2126 3004; x_wconf 90' lang='lat' dir='ltr'><strong>te</strong></span> <span class='ocrx_word' id='word_1_496' title='bbox 2172 2949 2241 3004; x_wconf 92' lang='lat' dir='ltr'><strong>ad</strong></span> <span class='ocrx_word' id='word_1_497' title='bbox 2288 2947 2542 3002; x_wconf 90' lang='lat' dir='ltr'><strong>lectulum</strong></span> <span class='ocrx_word' id='word_1_498' title='bbox 2584 2949 2935 3003; x_wconf 90' lang='lat' dir='ltr'><strong>comitantem</strong></span> <span class='ocrx_word' id='word_1_499' title='bbox 2992 2960 3154 3017; x_wconf 91' lang='lat' dir='ltr'><strong>sopor</strong></span> <span class='ocrx_word' id='word_1_500' title='bbox 3214 2943 3441 3014; x_wconf 86' lang='lat' dir='ltr'><strong>mitiget.</strong></span> <span class='ocrx_word' id='word_1_501' title='bbox 3485 2943 3667 2999; x_wconf 46' lang='lat' dir='ltr'><strong>Mode‘</strong></span> 
     </span>
    </p>
   </div>
   <div class='ocr_carea' id='block_1_77' title="bbox 2074 3037 3662 3119">
    <p class='ocr_par' dir='ltr' id='par_1_77' title="bbox 2074 3037 3662 3119">
     <span class='ocr_line' id='line_1_77' title="bbox 2074 3037 3662 3119; baseline -0.005 -15"><span class='ocrx_word' id='word_1_502' title='bbox 2074 3051 2193 3104; x_wconf 86' lang='lat' dir='ltr'><strong>rata</strong></span> <span class='ocrx_word' id='word_1_503' title='bbox 2221 3041 2404 3119; x_wconf 80' lang='lat' dir='ltr'><strong>vigilia</strong></span> <span class='ocrx_word' id='word_1_504' title='bbox 2428 3057 2572 3118; x_wconf 76' lang='lat' dir='ltr'><strong>pura:</strong></span> <span class='ocrx_word' id='word_1_505' title='bbox 2601 3040 2864 3100; x_wconf 84' lang='lat' dir='ltr'><strong>orationis</strong></span> <span class='ocrx_word' id='word_1_506' title='bbox 2889 3047 3182 3108; x_wconf 80' lang='lat' dir='ltr'><strong>estcausa,</strong></span> <span class='ocrx_word' id='word_1_507' title='bbox 3225 3037 3517 3098; x_wconf 85' lang='lat' dir='ltr'><strong>indiscreta</strong></span> <span class='ocrx_word' id='word_1_508' title='bbox 3560 3053 3662 3097; x_wconf 89' lang='lat' dir='ltr'><strong>au-</strong></span> 
     </span>
    </p>
   </div>
   <div class='ocr_carea' id='block_1_78' title="bbox 2074 3132 3664 3207">
    <p class='ocr_par' dir='ltr' id='par_1_78' title="bbox 2074 3132 3664 3207">
     <span class='ocr_line' id='line_1_78' title="bbox 2074 3132 3664 3207; baseline -0.003 -13"><span class='ocrx_word' id='word_1_509' title='bbox 2074 3147 2183 3194; x_wconf 88' lang='lat' dir='ltr'><strong>tem</strong></span> <span class='ocrx_word' id='word_1_510' title='bbox 2211 3148 2266 3194; x_wconf 89' lang='lat' dir='ltr'><strong>et</strong></span> <span class='ocrx_word' id='word_1_511' title='bbox 2291 3138 2464 3193; x_wconf 88' lang='lat' dir='ltr'><strong>otiosa</strong></span> <span class='ocrx_word' id='word_1_512' title='bbox 2513 3136 2764 3207; x_wconf 90' lang='lat' dir='ltr'><strong>loquendi</strong></span> <span class='ocrx_word' id='word_1_513' title='bbox 2815 3135 2873 3190; x_wconf 89' lang='lat' dir='ltr'><strong>ﬁt</strong></span> <span class='ocrx_word' id='word_1_514' title='bbox 2916 3150 3056 3206; x_wconf 57' lang='lat' dir='ltr'><strong>saepe</strong></span> <span class='ocrx_word' id='word_1_515' title='bbox 3111 3135 3368 3201; x_wconf 90' lang='lat' dir='ltr'><strong>materia;</strong></span> <span class='ocrx_word' id='word_1_516' title='bbox 3418 3133 3546 3205; x_wconf 89' lang='lat' dir='ltr'><strong>quia</strong></span> <span class='ocrx_word' id='word_1_517' title='bbox 3575 3132 3664 3189; x_wconf 91' lang='lat' dir='ltr'><strong>cui</strong></span> 
     </span>
    </p>
   </div>
   <div class='ocr_carea' id='block_1_79' title="bbox 2072 3227 3664 3306">
    <p class='ocr_par' dir='ltr' id='par_1_79' title="bbox 2072 3227 3664 3306">
     <span class='ocr_line' id='line_1_79' title="bbox 2072 3227 3664 3306; baseline -0.003 -19"><span class='ocrx_word' id='word_1_518' title='bbox 2072 3232 2462 3306; x_wconf 87' lang='lat' dir='ltr'><strong>palpitantibus</strong></span> <span class='ocrx_word' id='word_1_519' title='bbox 2513 3229 2704 3294; x_wconf 90' lang='lat' dir='ltr'><strong>oculis,</strong></span> <span class='ocrx_word' id='word_1_520' title='bbox 2738 3229 3095 3288; x_wconf 89' lang='lat' dir='ltr'><strong>oscitantibus</strong></span> <span class='ocrx_word' id='word_1_521' title='bbox 3139 3227 3299 3284; x_wconf 89' lang='lat' dir='ltr'><strong>labiis</strong></span> <span class='ocrx_word' id='word_1_522' title='bbox 3342 3228 3522 3299; x_wconf 88' lang='lat' dir='ltr'><strong>legere</strong></span> <span class='ocrx_word' id='word_1_523' title='bbox 3569 3235 3664 3282; x_wconf 90' lang='lat' dir='ltr'><strong>aut</strong></span> 
     </span>
    </p>
   </div>
   <div class='ocr_carea' id='block_1_80' title="bbox 2067 3317 3661 3390">
    <p class='ocr_par' dir='ltr' id='par_1_80' title="bbox 2067 3317 3661 3390">
     <span class='ocr_line' id='line_1_80' title="bbox 2067 3317 3661 3390; baseline -0.004 -11"><span class='ocrx_word' id='word_1_524' title='bbox 2067 3339 2231 3379; x_wconf 88' lang='lat' dir='ltr'><strong>orare</strong></span> <span class='ocrx_word' id='word_1_525' title='bbox 2281 3338 2388 3378; x_wconf 92' lang='lat' dir='ltr'><strong>non</strong></span> <span class='ocrx_word' id='word_1_526' title='bbox 2440 3321 2600 3384; x_wconf 82' lang='lat' dir='ltr'><strong>licet,</strong></span> <span class='ocrx_word' id='word_1_527' title='bbox 2655 3320 2944 3390; x_wconf 89' lang='lat' dir='ltr'><strong>aliquando</strong></span> <span class='ocrx_word' id='word_1_528' title='bbox 3003 3334 3198 3376; x_wconf 91' lang='lat' dir='ltr'><strong>vacare</strong></span> <span class='ocrx_word' id='word_1_529' title='bbox 3251 3317 3448 3376; x_wconf 87' lang='lat' dir='ltr'><strong>fabulis</strong></span> <span class='ocrx_word' id='word_1_530' title='bbox 3506 3317 3661 3373; x_wconf 89' lang='lat' dir='ltr'><strong>libet.</strong></span> 
     </span>
    </p>
   </div>
   <div class='ocr_carea' id='block_1_81' title="bbox 2069 3411 3667 3487">
    <p class='ocr_par' dir='ltr' id='par_1_81' title="bbox 2069 3411 3667 3487">
     <span class='ocr_line' id='line_1_81' title="bbox 2069 3411 3667 3487; baseline -0.003 -17"><span class='ocrx_word' id='word_1_531' title='bbox 2069 3417 2410 3487; x_wconf 81' lang='lat' dir='ltr'><strong>Quapropter</strong></span> <span class='ocrx_word' id='word_1_532' title='bbox 2453 3429 2577 3470; x_wconf 89' lang='lat' dir='ltr'><strong>sero</strong></span> <span class='ocrx_word' id='word_1_533' title='bbox 2608 3412 2863 3469; x_wconf 88' lang='lat' dir='ltr'><strong>lectulum</strong></span> <span class='ocrx_word' id='word_1_534' title='bbox 2894 3421 3047 3484; x_wconf 88' lang='lat' dir='ltr'><strong>pete,</strong></span> <span class='ocrx_word' id='word_1_535' title='bbox 3079 3413 3146 3468; x_wconf 89' lang='lat' dir='ltr'><strong>ad</strong></span> <span class='ocrx_word' id='word_1_536' title='bbox 3172 3411 3387 3484; x_wconf 88' lang='lat' dir='ltr'><strong>vigilias</strong></span> <span class='ocrx_word' id='word_1_537' title='bbox 3413 3412 3667 3468; x_wconf 88' lang='lat' dir='ltr'><strong>modera-</strong></span> 
     </span>
    </p>
   </div>
   <div class='ocr_carea' id='block_1_82' title="bbox 2070 3504 3663 3578">
    <p class='ocr_par' dir='ltr' id='par_1_82' title="bbox 2070 3504 3663 3578">
     <span class='ocr_line' id='line_1_82' title="bbox 2070 3504 3663 3578; baseline -0.003 -16"><span class='ocrx_word' id='word_1_538' title='bbox 2070 3509 2177 3562; x_wconf 86' lang='lat' dir='ltr'><strong>tius</strong></span> <span class='ocrx_word' id='word_1_539' title='bbox 2206 3523 2388 3578; x_wconf 89' lang='lat' dir='ltr'><strong>snrge.</strong></span> <span class='ocrx_word' id='word_1_540' title='bbox 2430 3505 2735 3562; x_wconf 72' lang='lat' dir='ltr'><strong>Prmveniat</strong></span> <span class='ocrx_word' id='word_1_541' title='bbox 2772 3504 3051 3576; x_wconf 81' lang='lat' dir='ltr'><strong>siquidem</strong></span> <span class='ocrx_word' id='word_1_542' title='bbox 3081 3520 3302 3564; x_wconf 90' lang='lat' dir='ltr'><strong>somnus</strong></span> <span class='ocrx_word' id='word_1_543' title='bbox 3331 3504 3663 3571; x_wconf 87' lang='lat' dir='ltr'><strong>accubitum,</strong></span> 
     </span>
    </p>
   </div>
   <div class='ocr_carea' id='block_1_83' title="bbox 2070 3585 3665 3669">
    <p class='ocr_par' dir='ltr' id='par_1_83' title="bbox 2070 3585 3665 3669">
     <span class='ocr_line' id='line_1_83' title="bbox 2070 3585 3665 3669; baseline -0.003 -13"><span class='ocrx_word' id='word_1_544' title='bbox 2070 3617 2175 3656; x_wconf 89' lang='lat' dir='ltr'><strong>non</strong></span> <span class='ocrx_word' id='word_1_545' title='bbox 2205 3600 2487 3656; x_wconf 90' lang='lat' dir='ltr'><strong>accubitus</strong></span> <span class='ocrx_word' id='word_1_546' title='bbox 2514 3585 2762 3654; x_wconf 88' lang='lat' dir='ltr'><strong>somnum</strong></span> <span class='ocrx_word' id='word_1_547' title='bbox 2792 3616 2806 3665; x_wconf 91' lang='lat'><strong>;</strong></span> <span class='ocrx_word' id='word_1_548' title='bbox 2840 3607 2902 3654; x_wconf 93' lang='lat' dir='ltr'><strong>ut</strong></span> <span class='ocrx_word' id='word_1_549' title='bbox 2935 3613 3042 3669; x_wconf 90' lang='lat' dir='ltr'><strong>quo</strong></span> <span class='ocrx_word' id='word_1_550' title='bbox 3073 3597 3341 3654; x_wconf 87' lang='lat' dir='ltr'><strong>difﬁcilius</strong></span> <span class='ocrx_word' id='word_1_551' title='bbox 3369 3595 3665 3654; x_wconf 86' lang='lat' dir='ltr'><strong>necessitas</strong></span> 
     </span>
    </p>
   </div>
   <div class='ocr_carea' id='block_1_84' title="bbox 2070 3677 3664 3760">
    <p class='ocr_par' dir='ltr' id='par_1_84' title="bbox 2070 3677 3664 3760">
     <span class='ocr_line' id='line_1_84' title="bbox 2070 3677 3664 3760; baseline -0.004 -10"><span class='ocrx_word' id='word_1_552' title='bbox 2070 3695 2232 3750; x_wconf 89' lang='lat' dir='ltr'><strong>dilata</strong></span> <span class='ocrx_word' id='word_1_553' title='bbox 2259 3677 2602 3758; x_wconf 85' lang='lat' dir='ltr'><strong>conceditur,</strong></span> <span class='ocrx_word' id='word_1_554' title='bbox 2635 3709 2665 3748; x_wconf 91' lang='lat' dir='ltr'><strong>a</strong></span> <span class='ocrx_word' id='word_1_555' title='bbox 2693 3692 2856 3749; x_wconf 83' lang='lat' dir='ltr'><strong>fessis</strong></span> <span class='ocrx_word' id='word_1_556' title='bbox 2883 3691 3144 3748; x_wconf 90' lang='lat' dir='ltr'><strong>membris</strong></span> <span class='ocrx_word' id='word_1_557' title='bbox 3169 3689 3378 3746; x_wconf 83' lang='lat' dir='ltr'><strong>avidius</strong></span> <span class='ocrx_word' id='word_1_558' title='bbox 3402 3690 3664 3760; x_wconf 86' lang='lat' dir='ltr'><strong>rapiatur.</strong></span> 
     </span>
    </p>
   </div>
   <div class='ocr_carea' id='block_1_85' title="bbox 2067 3782 3666 3856">
    <p class='ocr_par' dir='ltr' id='par_1_85' title="bbox 2067 3782 3666 3856">
     <span class='ocr_line' id='line_1_85' title="bbox 2067 3782 3666 3856; baseline 0 -16"><span class='ocrx_word' id='word_1_559' title='bbox 2067 3785 2279 3842; x_wconf 88' lang='lat' dir='ltr'><strong>Interea</strong></span> <span class='ocrx_word' id='word_1_560' title='bbox 2309 3785 2670 3850; x_wconf 67' lang='lat' dir='ltr'><strong>rumusculos,</strong></span> <span class='ocrx_word' id='word_1_561' title='bbox 2699 3796 2751 3839; x_wconf 91' lang='lat' dir='ltr'><strong>et</strong></span> <span class='ocrx_word' id='word_1_562' title='bbox 2781 3784 3040 3856; x_wconf 89' lang='lat' dir='ltr'><strong>gloriolas</strong></span> <span class='ocrx_word' id='word_1_563' title='bbox 3067 3825 3082 3850; x_wconf 96' lang='lat'><strong>,</strong></span> <span class='ocrx_word' id='word_1_564' title='bbox 3128 3792 3183 3838; x_wconf 92' lang='lat' dir='ltr'><strong>et</strong></span> <span class='ocrx_word' id='word_1_565' title='bbox 3230 3782 3511 3854; x_wconf 89' lang='lat' dir='ltr'><strong>palpantes</strong></span> <span class='ocrx_word' id='word_1_566' title='bbox 3535 3782 3666 3840; x_wconf 85' lang='lat' dir='ltr'><strong>adu-</strong></span> 
     </span>
    </p>
   </div>
   <div class='ocr_carea' id='block_1_86' title="bbox 2070 3875 3666 3948">
    <p class='ocr_par' dir='ltr' id='par_1_86' title="bbox 2070 3875 3666 3948">
     <span class='ocr_line' id='line_1_86' title="bbox 2070 3875 3666 3948; baseline -0.001 -16"><span class='ocrx_word' id='word_1_567' title='bbox 2070 3878 2288 3943; x_wconf 84' lang='lat' dir='ltr'><strong>latores,</strong></span> <span class='ocrx_word' id='word_1_568' title='bbox 2322 3889 2578 3948; x_wconf 90' lang='lat' dir='ltr'><strong>tanquam</strong></span> <span class='ocrx_word' id='word_1_569' title='bbox 2624 3875 2916 3947; x_wconf 87' lang='lat' dir='ltr'><strong>scrpentini</strong></span> <span class='ocrx_word' id='word_1_570' title='bbox 2968 3891 3182 3930; x_wconf 89' lang='lat' dir='ltr'><strong>morsus</strong></span> <span class='ocrx_word' id='word_1_571' title='bbox 3211 3890 3418 3931; x_wconf 83' lang='lat' dir='ltr'><strong>venena</strong></span> <span class='ocrx_word' id='word_1_572' title='bbox 3463 3875 3666 3944; x_wconf 88' lang='lat' dir='ltr'><strong>devita,</strong></span> 
     </span>
    </p>
   </div>
   <div class='ocr_carea' id='block_1_87' title="bbox 2071 3965 3668 4036">
    <p class='ocr_par' dir='ltr' id='par_1_87' title="bbox 2071 3965 3668 4036">
     <span class='ocr_line' id='line_1_87' title="bbox 2071 3965 3668 4036; baseline -0.001 -14"><span class='ocrx_word' id='word_1_573' title='bbox 2071 3978 2128 4022; x_wconf 91' lang='lat' dir='ltr'><strong>et</strong></span> <span class='ocrx_word' id='word_1_574' title='bbox 2153 3968 2300 4022; x_wconf 89' lang='lat' dir='ltr'><strong>velut</strong></span> <span class='ocrx_word' id='word_1_575' title='bbox 2327 3966 2531 4036; x_wconf 88' lang='lat' dir='ltr'><strong>ahjecta</strong></span> <span class='ocrx_word' id='word_1_576' title='bbox 2575 3967 2816 4021; x_wconf 88' lang='lat' dir='ltr'><strong>theriaca</strong></span> <span class='ocrx_word' id='word_1_577' title='bbox 2861 3967 3109 4036; x_wconf 92' lang='lat' dir='ltr'><strong>protinus</strong></span> <span class='ocrx_word' id='word_1_578' title='bbox 3150 3965 3407 4020; x_wconf 90' lang='lat' dir='ltr'><strong>audiant:</strong></span> <span class='ocrx_word' id='word_1_579' title='bbox 3456 3965 3668 4021; x_wconf 81' lang='lat' dir='ltr'><strong>tAver-</strong></span> 
     </span>
    </p>
   </div>
   <div class='ocr_carea' id='block_1_88' title="bbox 2073 4056 3663 4128">
    <p class='ocr_par' dir='ltr' id='par_1_88' title="bbox 2073 4056 3663 4128">
     <span class='ocr_line' id='line_1_88' title="bbox 2073 4056 3663 4128; baseline 0 -15"><span class='ocrx_word' id='word_1_580' title='bbox 2073 4068 2259 4113; x_wconf 89' lang='lat' dir='ltr'><strong>tantur</strong></span> <span class='ocrx_word' id='word_1_581' title='bbox 2279 4059 2461 4112; x_wconf 90' lang='lat' dir='ltr'><strong>statim</strong></span> <span class='ocrx_word' id='word_1_582' title='bbox 2490 4057 2895 4121; x_wconf 76' lang='lat' dir='ltr'><strong>erubescentes,</strong></span> <span class='ocrx_word' id='word_1_583' title='bbox 2928 4056 3020 4126; x_wconf 90' lang='lat' dir='ltr'><strong>qui</strong></span> <span class='ocrx_word' id='word_1_584' title='bbox 3064 4056 3252 4110; x_wconf 91' lang='lat' dir='ltr'><strong>dicunt</strong></span> <span class='ocrx_word' id='word_1_585' title='bbox 3294 4056 3424 4110; x_wconf 89' lang='lat' dir='ltr'><strong>mihi</strong></span> <span class='ocrx_word' id='word_1_586' title='bbox 3452 4076 3464 4111; x_wconf 89' lang='lat'>:</span> <span class='ocrx_word' id='word_1_587' title='bbox 3497 4057 3663 4128; x_wconf 82' lang='lat' dir='ltr'><strong>Euge,</strong></span> 
     </span>
    </p>
   </div>
   <div class='ocr_carea' id='block_1_89' title="bbox 2072 4145 3668 4221">
    <p class='ocr_par' dir='ltr' id='par_1_89' title="bbox 2072 4145 3668 4221">
     <span class='ocr_line' id='line_1_89' title="bbox 2072 4145 3668 4221; baseline -0.001 -16"><span class='ocrx_word' id='word_1_588' title='bbox 2072 4151 2237 4221; x_wconf 89' lang='lat' dir='ltr'><strong>euge!</strong></span> <span class='ocrx_word' id='word_1_589' title='bbox 2281 4167 2298 4202; x_wconf 85' lang='grc' dir='ltr'><strong>ι</strong></span> <span class='ocrx_word' id='word_1_590' title='bbox 2336 4146 2510 4219; x_wconf 82' lang='lat' dir='ltr'><strong>(Psal.</strong></span> <span class='ocrx_word' id='word_1_591' title='bbox 2541 4147 2686 4217; x_wconf 81' lang='lat' dir='ltr'><strong>thx)</strong></span> <span class='ocrx_word' id='word_1_592' title='bbox 2715 4145 2859 4200; x_wconf 83' lang='lat' dir='ltr'><strong>Nihil</strong></span> <span class='ocrx_word' id='word_1_593' title='bbox 2897 4146 3155 4202; x_wconf 86' lang='lat' dir='ltr'><strong>mediocri</strong></span> <span class='ocrx_word' id='word_1_594' title='bbox 3185 4146 3239 4200; x_wconf 92' lang='lat' dir='ltr'><strong>in</strong></span> <span class='ocrx_word' id='word_1_595' title='bbox 3283 4155 3334 4201; x_wconf 88' lang='lat' dir='ltr'><strong>te</strong></span> <span class='ocrx_word' id='word_1_596' title='bbox 3380 4157 3668 4204; x_wconf 90' lang='lat' dir='ltr'><strong>contentus</strong></span> 
     </span>
    </p>
   </div>
   <div class='ocr_carea' id='block_1_90' title="bbox 2073 4240 3670 4311">
    <p class='ocr_par' dir='ltr' id='par_1_90' title="bbox 2073 4240 3670 4311">
     <span class='ocr_line' id='line_1_90' title="bbox 2073 4240 3670 4311; baseline -0.003 -12"><span class='ocrx_word' id='word_1_597' title='bbox 2073 4259 2214 4309; x_wconf 90' lang='lat' dir='ltr'><strong>sum,</strong></span> <span class='ocrx_word' id='word_1_598' title='bbox 2268 4242 2384 4311; x_wconf 89' lang='lat' dir='ltr'><strong>ﬁli;</strong></span> <span class='ocrx_word' id='word_1_599' title='bbox 2444 4250 2612 4297; x_wconf 90' lang='lat' dir='ltr'><strong>totum</strong></span> <span class='ocrx_word' id='word_1_600' title='bbox 2667 4256 2960 4304; x_wconf 90' lang='lat' dir='ltr'><strong>summum,</strong></span> <span class='ocrx_word' id='word_1_601' title='bbox 3017 4249 3184 4296; x_wconf 90' lang='lat' dir='ltr'><strong>totum</strong></span> <span class='ocrx_word' id='word_1_602' title='bbox 3240 4240 3538 4310; x_wconf 87' lang='lat' dir='ltr'><strong>perfectum</strong></span> <span class='ocrx_word' id='word_1_603' title='bbox 3584 4249 3670 4296; x_wconf 90' lang='lat' dir='ltr'><strong>est</strong></span> 
     </span>
    </p>
   </div>
   <div class='ocr_carea' id='block_1_91' title="bbox 2074 4333 3669 4407">
    <p class='ocr_par' dir='ltr' id='par_1_91' title="bbox 2074 4333 3669 4407">
     <span class='ocr_line' id='line_1_91' title="bbox 2074 4333 3669 4407; baseline -0.003 -16"><span class='ocrx_word' id='word_1_604' title='bbox 2074 4337 2217 4407; x_wconf 87' lang='lat' dir='ltr'><strong>quod</strong></span> <span class='ocrx_word' id='word_1_605' title='bbox 2292 4337 2345 4390; x_wconf 90' lang='lat' dir='ltr'><strong>in</strong></span> <span class='ocrx_word' id='word_1_606' title='bbox 2420 4345 2469 4390; x_wconf 90' lang='lat' dir='ltr'><strong>te</strong></span> <span class='ocrx_word' id='word_1_607' title='bbox 2538 4334 2740 4390; x_wconf 88' lang='lat' dir='ltr'><strong>sentire</strong></span> <span class='ocrx_word' id='word_1_608' title='bbox 2818 4333 3088 4389; x_wconf 88' lang='lat' dir='ltr'><strong>desidero.</strong></span> <span class='ocrx_word' id='word_1_609' title='bbox 3172 4333 3426 4404; x_wconf 89' lang='lat' dir='ltr'><strong>Deposita</strong></span> <span class='ocrx_word' id='word_1_610' title='bbox 3502 4333 3669 4405; x_wconf 85' lang='lat' dir='ltr'><strong>igitur</strong></span> 
     </span>
    </p>
   </div>
   <div class='ocr_carea' id='block_1_92' title="bbox 2073 4423 3669 4507">
    <p class='ocr_par' dir='ltr' id='par_1_92' title="bbox 2073 4423 3669 4507">
     <span class='ocr_line' id='line_1_92' title="bbox 2073 4423 3669 4507; baseline -0.003 -24"><span class='ocrx_word' id='word_1_611' title='bbox 2073 4427 2251 4507; x_wconf 85' lang='lat' dir='ltr'><strong>omnis</strong></span> <span class='ocrx_word' id='word_1_612' title='bbox 2337 4425 2544 4482; x_wconf 73' lang='lat' dir='ltr'><strong>inertia:</strong></span> <span class='ocrx_word' id='word_1_613' title='bbox 2624 4433 2680 4480; x_wconf 92' lang='lat' dir='ltr'><strong>et</strong></span> <span class='ocrx_word' id='word_1_614' title='bbox 2753 4423 2986 4494; x_wconf 89' lang='lat' dir='ltr'><strong>torporis</strong></span> <span class='ocrx_word' id='word_1_615' title='bbox 3065 4423 3276 4494; x_wconf 83' lang='lat' dir='ltr'><strong>ignavia</strong></span> <span class='ocrx_word' id='word_1_616' title='bbox 3318 4464 3333 4490; x_wconf 95' lang='lat'><strong>,</strong></span> <span class='ocrx_word' id='word_1_617' title='bbox 3407 4423 3669 4480; x_wconf 85' lang='lat' dir='ltr'><strong>adversus</strong></span> 
     </span>
    </p>
   </div>
   <div class='ocr_carea' id='block_1_93' title="bbox 382 4515 3667 4609">
    <p class='ocr_par' dir='ltr' id='par_1_93' title="bbox 382 4515 3667 4609">
     <span class='ocr_line' id='line_1_93' title="bbox 382 4515 3667 4609; baseline -0.003 -29"><span class='ocrx_word' id='word_1_618' title='bbox 382 4525 566 4581; x_wconf 90' lang='lat' dir='ltr'><strong>carius</strong></span> <span class='ocrx_word' id='word_1_619' title='bbox 622 4524 874 4580; x_wconf 86' lang='lat' dir='ltr'><strong>vendat?</strong></span> <span class='ocrx_word' id='word_1_620' title='bbox 937 4523 1195 4579; x_wconf 86' lang='lat' dir='ltr'><strong>Facessat</strong></span> <span class='ocrx_word' id='word_1_621' title='bbox 1256 4521 1421 4594; x_wconf 87' lang='lat' dir='ltr'><strong>igitur</strong></span> <span class='ocrx_word' id='word_1_622' title='bbox 1500 4522 1568 4577; x_wconf 91' lang='lat' dir='ltr'><strong>ab</strong></span> <span class='ocrx_word' id='word_1_623' title='bbox 1625 4536 1722 4577; x_wconf 87' lang='lat' dir='ltr'><strong>ore</strong></span> <span class='ocrx_word' id='word_1_624' title='bbox 1785 4519 2418 4609; x_wconf 77' lang='lat' dir='ltr'><strong>militisDtemetipsum</strong></span> <span class='ocrx_word' id='word_1_625' title='bbox 2463 4519 2577 4590; x_wconf 84' lang='lat' dir='ltr'><strong>ipse</strong></span> <span class='ocrx_word' id='word_1_626' title='bbox 2634 4517 3006 4590; x_wconf 87' lang='lat' dir='ltr'><strong>congredere,</strong></span> <span class='ocrx_word' id='word_1_627' title='bbox 3062 4523 3242 4571; x_wconf 85' lang='lat' dir='ltr'><strong>tecum</strong></span> <span class='ocrx_word' id='word_1_628' title='bbox 3294 4515 3534 4581; x_wconf 90' lang='lat' dir='ltr'><strong>dimica,</strong></span> <span class='ocrx_word' id='word_1_629' title='bbox 3585 4523 3667 4570; x_wconf 88' lang='lat' dir='ltr'><strong>te-</strong></span> 
     </span>
    </p>
   </div>
   <div class='ocr_carea' id='block_1_94' title="bbox 383 4612 1972 4689">
    <p class='ocr_par' dir='ltr' id='par_1_94' title="bbox 383 4612 1972 4689">
     <span class='ocr_line' id='line_1_94' title="bbox 383 4612 1972 4689; baseline -0.004 -14"><span class='ocrx_word' id='word_1_630' title='bbox 383 4617 584 4675; x_wconf 88' lang='lat' dir='ltr'><strong>Christi</strong></span> <span class='ocrx_word' id='word_1_631' title='bbox 618 4617 794 4673; x_wconf 90' lang='lat' dir='ltr'><strong>omnis</strong></span> <span class='ocrx_word' id='word_1_632' title='bbox 847 4617 969 4671; x_wconf 89' lang='lat' dir='ltr'><strong>vani</strong></span> <span class='ocrx_word' id='word_1_633' title='bbox 1000 4615 1165 4689; x_wconf 60' lang='lat'><strong>765</strong></span> <span class='ocrx_word' id='word_1_634' title='bbox 1193 4613 1428 4670; x_wconf 90' lang='lat' dir='ltr'><strong>rumoris</strong></span> <span class='ocrx_word' id='word_1_635' title='bbox 1482 4613 1720 4685; x_wconf 89' lang='lat' dir='ltr'><strong>ineptia;</strong></span> <span class='ocrx_word' id='word_1_636' title='bbox 1769 4621 1826 4668; x_wconf 92' lang='lat' dir='ltr'><strong>et</strong></span> <span class='ocrx_word' id='word_1_637' title='bbox 1871 4612 1972 4668; x_wconf 90' lang='lat' dir='ltr'><strong>Iin-</strong></span> 
     </span>
    </p>
   </div>
   <div class='ocr_carea' id='block_1_95' title="bbox 386 4707 1973 4784">
    <p class='ocr_par' dir='ltr' id='par_1_95' title="bbox 386 4707 1973 4784">
     <span class='ocr_line' id='line_1_95' title="bbox 386 4707 1973 4784; baseline -0.004 -16"><span class='ocrx_word' id='word_1_638' title='bbox 386 4727 490 4782; x_wconf 86' lang='lat' dir='ltr'><strong>gua</strong></span> <span class='ocrx_word' id='word_1_639' title='bbox 565 4728 684 4784; x_wconf 71' lang='lat' dir='ltr'><strong>qua:</strong></span> <span class='ocrx_word' id='word_1_640' title='bbox 738 4710 1070 4767; x_wconf 89' lang='lat' dir='ltr'><strong>immaculati</strong></span> <span class='ocrx_word' id='word_1_641' title='bbox 1132 4711 1301 4781; x_wconf 90' lang='lat' dir='ltr'><strong>agni,</strong></span> <span class='ocrx_word' id='word_1_642' title='bbox 1366 4709 1475 4764; x_wconf 91' lang='lat' dir='ltr'><strong>imo</strong></span> <span class='ocrx_word' id='word_1_643' title='bbox 1531 4708 1727 4763; x_wconf 89' lang='lat' dir='ltr'><strong>summi</strong></span> <span class='ocrx_word' id='word_1_644' title='bbox 1807 4707 1973 4764; x_wconf 76' lang='lat' dir='ltr'><strong>Verbi</strong></span> 
     </span>
    </p>
   </div>
   <div class='ocr_carea' id='block_1_96' title="bbox 385 4798 1973 4874">
    <p class='ocr_par' dir='ltr' id='par_1_96' title="bbox 385 4798 1973 4874">
     <span class='ocr_line' id='line_1_96' title="bbox 385 4798 1973 4874; baseline -0.004 -12"><span class='ocrx_word' id='word_1_645' title='bbox 385 4805 543 4862; x_wconf 65' lang='lat' dir='ltr'><strong>&#39;tubet</strong></span> <span class='ocrx_word' id='word_1_646' title='bbox 593 4805 886 4874; x_wconf 87' lang='lat' dir='ltr'><strong>sanguine,</strong></span> <span class='ocrx_word' id='word_1_647' title='bbox 938 4803 1259 4873; x_wconf 88' lang='lat' dir='ltr'><strong>dedignetnr</strong></span> <span class='ocrx_word' id='word_1_648' title='bbox 1314 4800 1473 4857; x_wconf 87' lang='lat' dir='ltr'><strong>otiosi</strong></span> <span class='ocrx_word' id='word_1_649' title='bbox 1536 4798 1806 4855; x_wconf 91' lang='lat' dir='ltr'><strong>sermonis</strong></span> <span class='ocrx_word' id='word_1_650' title='bbox 1853 4815 1973 4856; x_wconf 89' lang='lat' dir='ltr'><strong>sese</strong></span> 
     </span>
    </p>
   </div>
   <div class='ocr_carea' id='block_1_97' title="bbox 385 4895 1974 4968">
    <p class='ocr_par' dir='ltr' id='par_1_97' title="bbox 385 4895 1974 4968">
     <span class='ocr_line' id='line_1_97' title="bbox 385 4895 1974 4968; baseline -0.003 -14"><span class='ocrx_word' id='word_1_651' title='bbox 385 4897 608 4955; x_wconf 61' lang='lat' dir='ltr'><strong>faecibus</strong></span> <span class='ocrx_word' id='word_1_652' title='bbox 653 4899 955 4968; x_wconf 89' lang='lat' dir='ltr'><strong>inquinare.</strong></span> <span class='ocrx_word' id='word_1_653' title='bbox 996 4895 1114 4952; x_wconf 86' lang='lat' dir='ltr'><strong>Noli</strong></span> <span class='ocrx_word' id='word_1_654' title='bbox 1149 4896 1400 4967; x_wconf 89' lang='lat' dir='ltr'><strong>cuiquam</strong></span> <span class='ocrx_word' id='word_1_655' title='bbox 1433 4895 1753 4961; x_wconf 88' lang='lat' dir='ltr'><strong>detrahere,</strong></span> <span class='ocrx_word' id='word_1_656' title='bbox 1783 4895 1877 4950; x_wconf 90' lang='lat' dir='ltr'><strong>sed</strong></span> <span class='ocrx_word' id='word_1_657' title='bbox 1906 4910 1974 4950; x_wconf 89' lang='lat' dir='ltr'><strong>ne</strong></span> 
     </span>
    </p>
   </div>
   <div class='ocr_carea' id='block_1_98' title="bbox 386 4987 1973 5060">
    <p class='ocr_par' dir='ltr' id='par_1_98' title="bbox 386 4987 1973 5060">
     <span class='ocr_line' id='line_1_98' title="bbox 386 4987 1973 5060; baseline -0.003 -15"><span class='ocrx_word' id='word_1_658' title='bbox 386 4997 444 5045; x_wconf 93' lang='lat' dir='ltr'><strong>tu</strong></span> <span class='ocrx_word' id='word_1_659' title='bbox 474 5005 657 5045; x_wconf 90' lang='lat' dir='ltr'><strong>aurem</strong></span> <span class='ocrx_word' id='word_1_660' title='bbox 683 4989 899 5060; x_wconf 87' lang='lat' dir='ltr'><strong>quidem</strong></span> <span class='ocrx_word' id='word_1_661' title='bbox 923 4988 1142 5059; x_wconf 87' lang='lat' dir='ltr'><strong>dignum</strong></span> <span class='ocrx_word' id='word_1_662' title='bbox 1171 4987 1339 5044; x_wconf 89' lang='lat' dir='ltr'><strong>ducas</strong></span> <span class='ocrx_word' id='word_1_663' title='bbox 1361 4987 1773 5043; x_wconf 88' lang='lat' dir='ltr'><strong>detrahentibus</strong></span> <span class='ocrx_word' id='word_1_664' title='bbox 1803 4987 1973 5057; x_wconf 90' lang='lat' dir='ltr'><strong>appli-</strong></span> 
     </span>
    </p>
   </div>
   <div class='ocr_carea' id='block_1_99' title="bbox 385 5067 1975 5144">
    <p class='ocr_par' dir='ltr' id='par_1_99' title="bbox 385 5067 1975 5144">
     <span class='ocr_line' id='line_1_99' title="bbox 385 5067 1975 5144; baseline -0.003 -8"><span class='ocrx_word' id='word_1_665' title='bbox 385 5093 528 5136; x_wconf 84' lang='lat' dir='ltr'><strong>care.</strong></span> <span class='ocrx_word' id='word_1_666' title='bbox 565 5079 698 5134; x_wconf 90' lang='lat' dir='ltr'><strong>Cum</strong></span> <span class='ocrx_word' id='word_1_667' title='bbox 737 5067 1156 5144; x_wconf 84' lang='lat' dir='ltr'><strong>detractoribus,</strong></span> <span class='ocrx_word' id='word_1_668' title='bbox 1194 5079 1270 5132; x_wconf 91' lang='lat' dir='ltr'><strong>ait</strong></span> <span class='ocrx_word' id='word_1_669' title='bbox 1299 5077 1554 5132; x_wconf 91' lang='lat' dir='ltr'><strong>Salomon</strong></span> <span class='ocrx_word' id='word_1_670' title='bbox 1578 5118 1593 5144; x_wconf 93' lang='lat'><strong>,</strong></span> <span class='ocrx_word' id='word_1_671' title='bbox 1643 5092 1710 5132; x_wconf 91' lang='lat' dir='ltr'><strong>ne</strong></span> <span class='ocrx_word' id='word_1_672' title='bbox 1747 5077 1975 5132; x_wconf 89' lang='lat' dir='ltr'><strong>commi-</strong></span> 
     </span>
    </p>
   </div>
   <div class='ocr_carea' id='block_1_100' title="bbox 386 5169 1974 5240">
    <p class='ocr_par' dir='ltr' id='par_1_100' title="bbox 386 5169 1974 5240">
     <span class='ocr_line' id='line_1_100' title="bbox 386 5169 1974 5240; baseline -0.002 -14"><span class='ocrx_word' id='word_1_673' title='bbox 386 5170 632 5236; x_wconf 86' lang='lat' dir='ltr'><strong>scearis;</strong></span> <span class='ocrx_word' id='word_1_674' title='bbox 674 5169 930 5240; x_wconf 91' lang='lat' dir='ltr'><strong>quoniam</strong></span> <span class='ocrx_word' id='word_1_675' title='bbox 960 5178 1180 5240; x_wconf 89' lang='lat' dir='ltr'><strong>repente</strong></span> <span class='ocrx_word' id='word_1_676' title='bbox 1214 5169 1392 5224; x_wconf 91' lang='lat' dir='ltr'><strong>veniet</strong></span> <span class='ocrx_word' id='word_1_677' title='bbox 1418 5169 1651 5239; x_wconf 89' lang='lat' dir='ltr'><strong>perditio</strong></span> <span class='ocrx_word' id='word_1_678' title='bbox 1679 5184 1888 5232; x_wconf 91' lang='lat' dir='ltr'><strong>eorum,</strong></span> <span class='ocrx_word' id='word_1_679' title='bbox 1919 5177 1974 5224; x_wconf 90' lang='lat' dir='ltr'><strong>et</strong></span> 
     </span>
    </p>
   </div>
   <div class='ocr_carea' id='block_1_101' title="bbox 387 5260 1974 5333">
    <p class='ocr_par' dir='ltr' id='par_1_101' title="bbox 387 5260 1974 5333">
     <span class='ocr_line' id='line_1_101' title="bbox 387 5260 1974 5333; baseline 0.001 -17"><span class='ocrx_word' id='word_1_680' title='bbox 387 5261 600 5316; x_wconf 88' lang='lat' dir='ltr'><strong>ruinam</strong></span> <span class='ocrx_word' id='word_1_681' title='bbox 632 5271 989 5333; x_wconf 90' lang='lat' dir='ltr'><strong>utrorumque</strong></span> <span class='ocrx_word' id='word_1_682' title='bbox 1018 5261 1138 5332; x_wconf 89' lang='lat' dir='ltr'><strong>quis</strong></span> <span class='ocrx_word' id='word_1_683' title='bbox 1176 5261 1358 5316; x_wconf 86' lang='lat' dir='ltr'><strong>novit?</strong></span> <span class='ocrx_word' id='word_1_684' title='bbox 1388 5269 1495 5315; x_wconf 90' lang='lat' dir='ltr'><strong>tam</strong></span> <span class='ocrx_word' id='word_1_685' title='bbox 1546 5260 1799 5317; x_wconf 88' lang='lat' dir='ltr'><strong>videlicet</strong></span> <span class='ocrx_word' id='word_1_686' title='bbox 1830 5260 1974 5317; x_wconf 88' lang='lat' dir='ltr'><strong>illius</strong></span> 
     </span>
    </p>
   </div>
   <div class='ocr_carea' id='block_1_102' title="bbox 387 5351 1976 5425">
    <p class='ocr_par' dir='ltr' id='par_1_102' title="bbox 387 5351 1976 5425">
     <span class='ocr_line' id='line_1_102' title="bbox 387 5351 1976 5425; baseline 0 -17"><span class='ocrx_word' id='word_1_687' title='bbox 387 5353 479 5424; x_wconf 91' lang='lat' dir='ltr'><strong>qui</strong></span> <span class='ocrx_word' id='word_1_688' title='bbox 518 5354 775 5420; x_wconf 90' lang='lat' dir='ltr'><strong>detrahit,</strong></span> <span class='ocrx_word' id='word_1_689' title='bbox 830 5369 994 5423; x_wconf 90' lang='lat' dir='ltr'><strong>quam</strong></span> <span class='ocrx_word' id='word_1_690' title='bbox 1047 5351 1164 5422; x_wconf 89' lang='lat' dir='ltr'><strong>ejus</strong></span> <span class='ocrx_word' id='word_1_691' title='bbox 1219 5354 1308 5425; x_wconf 92' lang='lat' dir='ltr'><strong>qui</strong></span> <span class='ocrx_word' id='word_1_692' title='bbox 1364 5368 1550 5408; x_wconf 90' lang='lat' dir='ltr'><strong>aurem</strong></span> <span class='ocrx_word' id='word_1_693' title='bbox 1599 5351 1976 5409; x_wconf 90' lang='lat' dir='ltr'><strong>accommodat</strong></span> 
     </span>
    </p>
   </div>
   <div class='ocr_carea' id='block_1_103' title="bbox 388 5445 1978 5518">
    <p class='ocr_par' dir='ltr' id='par_1_103' title="bbox 388 5445 1978 5518">
     <span class='ocr_line' id='line_1_103' title="bbox 388 5445 1978 5518; baseline -0.001 -15"><span class='ocrx_word' id='word_1_694' title='bbox 388 5447 715 5504; x_wconf 90' lang='lat' dir='ltr'><strong>detrahenti.</strong></span> <span class='ocrx_word' id='word_1_695' title='bbox 765 5446 882 5518; x_wconf 90' lang='lat' dir='ltr'><strong>Ipse</strong></span> <span class='ocrx_word' id='word_1_696' title='bbox 911 5445 1132 5517; x_wconf 78' lang='lat' dir='ltr'><strong>potius,</strong></span> <span class='ocrx_word' id='word_1_697' title='bbox 1167 5448 1211 5502; x_wconf 89' lang='lat' dir='ltr'><strong>si</strong></span> <span class='ocrx_word' id='word_1_698' title='bbox 1261 5447 1402 5502; x_wconf 89' lang='lat' dir='ltr'><strong>ratio</strong></span> <span class='ocrx_word' id='word_1_699' title='bbox 1446 5447 1711 5518; x_wconf 91' lang='lat' dir='ltr'><strong>postulat,</strong></span> <span class='ocrx_word' id='word_1_700' title='bbox 1771 5445 1978 5518; x_wconf 88' lang='lat' dir='ltr'><strong>peracti</strong></span> 
     </span>
    </p>
   </div>
   <div class='ocr_carea' id='block_1_104' title="bbox 391 5531 1982 5611">
    <p class='ocr_par' dir='ltr' id='par_1_104' title="bbox 391 5531 1982 5611">
     <span class='ocr_line' id='line_1_104' title="bbox 391 5531 1982 5611; baseline -0.002 -15"><span class='ocrx_word' id='word_1_701' title='bbox 391 5540 614 5596; x_wconf 88' lang='lat' dir='ltr'><strong>sceleris</strong></span> <span class='ocrx_word' id='word_1_702' title='bbox 641 5531 1024 5610; x_wconf 85' lang='lat' dir='ltr'><strong>argue,durus</strong></span> <span class='ocrx_word' id='word_1_703' title='bbox 1063 5539 1349 5605; x_wconf 90' lang='lat' dir='ltr'><strong>invehere,</strong></span> <span class='ocrx_word' id='word_1_704' title='bbox 1384 5554 1489 5595; x_wconf 91' lang='lat' dir='ltr'><strong>non</strong></span> <span class='ocrx_word' id='word_1_705' title='bbox 1519 5554 1714 5596; x_wconf 77' lang='lat' dir='ltr'><strong>verens</strong></span> <span class='ocrx_word' id='word_1_706' title='bbox 1741 5554 1982 5611; x_wconf 67' lang='lat' dir='ltr'><strong>praesen-</strong></span> 
     </span>
    </p>
   </div>
   <div class='ocr_carea' id='block_1_105' title="bbox 389 5632 1982 5703">
    <p class='ocr_par' dir='ltr' id='par_1_105' title="bbox 389 5632 1982 5703">
     <span class='ocr_line' id='line_1_105' title="bbox 389 5632 1982 5703; baseline -0.001 -13"><span class='ocrx_word' id='word_1_707' title='bbox 389 5642 498 5690; x_wconf 86' lang='lat' dir='ltr'><strong>tem</strong></span> <span class='ocrx_word' id='word_1_708' title='bbox 555 5633 828 5689; x_wconf 90' lang='lat' dir='ltr'><strong>austerius</strong></span> <span class='ocrx_word' id='word_1_709' title='bbox 900 5632 1222 5703; x_wconf 86' lang='lat' dir='ltr'><strong>increpare;</strong></span> <span class='ocrx_word' id='word_1_710' title='bbox 1283 5633 1562 5689; x_wconf 90' lang='lat' dir='ltr'><strong>absentem</strong></span> <span class='ocrx_word' id='word_1_711' title='bbox 1625 5642 1806 5687; x_wconf 89' lang='lat' dir='ltr'><strong>autem</strong></span> <span class='ocrx_word' id='word_1_712' title='bbox 1847 5635 1982 5688; x_wconf 80' lang='lat' dir='ltr'><strong>&#39;non</strong></span> 
     </span>
    </p>
   </div>
   <div class='ocr_carea' id='block_1_106' title="bbox 389 5720 1980 5797">
    <p class='ocr_par' dir='ltr' id='par_1_106' title="bbox 389 5720 1980 5797">
     <span class='ocr_line' id='line_1_106' title="bbox 389 5720 1980 5797; baseline -0.001 -15"><span class='ocrx_word' id='word_1_713' title='bbox 389 5727 618 5794; x_wconf 88' lang='lat' dir='ltr'><strong>laceres,</strong></span> <span class='ocrx_word' id='word_1_714' title='bbox 650 5741 753 5783; x_wconf 90' lang='lat' dir='ltr'><strong>nee</strong></span> <span class='ocrx_word' id='word_1_715' title='bbox 794 5725 936 5797; x_wconf 90' lang='lat' dir='ltr'><strong>apud</strong></span> <span class='ocrx_word' id='word_1_716' title='bbox 973 5720 1119 5781; x_wconf 87' lang='lat' dir='ltr'><strong>alios</strong></span> <span class='ocrx_word' id='word_1_717' title='bbox 1167 5725 1332 5780; x_wconf 89' lang='lat' dir='ltr'><strong>livido</strong></span> <span class='ocrx_word' id='word_1_718' title='bbox 1376 5725 1534 5780; x_wconf 91' lang='lat' dir='ltr'><strong>dente</strong></span> <span class='ocrx_word' id='word_1_719' title='bbox 1581 5725 1980 5782; x_wconf 81' lang='lat' dir='ltr'><strong>commordens.</strong></span> 
     </span>
    </p>
   </div>
   <div class='ocr_carea' id='block_1_107' title="bbox 389 5817 1979 5896">
    <p class='ocr_par' dir='ltr' id='par_1_107' title="bbox 389 5817 1979 5896">
     <span class='ocr_line' id='line_1_107' title="bbox 389 5817 1979 5896; baseline -0.003 -20"><span class='ocrx_word' id='word_1_720' title='bbox 389 5817 544 5892; x_wconf 71' lang='lat' dir='ltr'><strong>Saepe</strong></span> <span class='ocrx_word' id='word_1_721' title='bbox 574 5820 742 5888; x_wconf 88' lang='lat' dir='ltr'><strong>enim,</strong></span> <span class='ocrx_word' id='word_1_722' title='bbox 784 5817 973 5876; x_wconf 88' lang='lat' dir='ltr'><strong>nescio</strong></span> <span class='ocrx_word' id='word_1_723' title='bbox 1003 5831 1111 5890; x_wconf 86' lang='lat' dir='ltr'><strong>quo</strong></span> <span class='ocrx_word' id='word_1_724' title='bbox 1151 5825 1333 5890; x_wconf 90' lang='lat' dir='ltr'><strong>pacto,</strong></span> <span class='ocrx_word' id='word_1_725' title='bbox 1371 5817 1618 5896; x_wconf 79' lang='lat' dir='ltr'><strong>severius</strong></span> <span class='ocrx_word' id='word_1_726' title='bbox 1661 5824 1979 5890; x_wconf 87' lang='lat' dir='ltr'><strong>arguentem</strong></span> 
     </span>
    </p>
   </div>
   <div class='ocr_carea' id='block_1_108' title="bbox 2077 4607 3668 4683">
    <p class='ocr_par' dir='ltr' id='par_1_108' title="bbox 2077 4607 3668 4683">
     <span class='ocr_line' id='line_1_108' title="bbox 2077 4607 3668 4683; baseline -0.004 -15"><span class='ocrx_word' id='word_1_727' title='bbox 2077 4628 2201 4669; x_wconf 90' lang='lat' dir='ltr'><strong>cum</strong></span> <span class='ocrx_word' id='word_1_728' title='bbox 2262 4627 2442 4683; x_wconf 80' lang='lat' dir='ltr'><strong>pugna</strong></span> <span class='ocrx_word' id='word_1_729' title='bbox 2489 4627 2503 4664; x_wconf 90' lang='lat'><strong>:</strong></span> <span class='ocrx_word' id='word_1_730' title='bbox 2557 4619 2634 4675; x_wconf 91' lang='lat' dir='ltr'><strong>et,</strong></span> <span class='ocrx_word' id='word_1_731' title='bbox 2703 4618 2922 4681; x_wconf 89' lang='lat' dir='ltr'><strong>arrepto</strong></span> <span class='ocrx_word' id='word_1_732' title='bbox 2978 4608 3306 4680; x_wconf 67' lang='lat' dir='ltr'><strong>evangelica:</strong></span> <span class='ocrx_word' id='word_1_733' title='bbox 3371 4607 3668 4679; x_wconf 79' lang='lat' dir='ltr'><strong>disciplina:</strong></span> 
     </span>
    </p>
   </div>
   <div class='ocr_carea' id='block_1_109' title="bbox 2077 4698 3670 4775">
    <p class='ocr_par' dir='ltr' id='par_1_109' title="bbox 2077 4698 3670 4775">
     <span class='ocr_line' id='line_1_109' title="bbox 2077 4698 3670 4775; baseline -0.003 -19"><span class='ocrx_word' id='word_1_734' title='bbox 2077 4702 2238 4775; x_wconf 74' lang='lat'><strong>765</strong></span> <span class='ocrx_word' id='word_1_735' title='bbox 2269 4714 2546 4762; x_wconf 90' lang='lat' dir='ltr'><strong>mucrone,</strong></span> <span class='ocrx_word' id='word_1_736' title='bbox 2592 4715 2782 4754; x_wconf 89' lang='lat' dir='ltr'><strong>onmes</strong></span> <span class='ocrx_word' id='word_1_737' title='bbox 2829 4698 3385 4754; x_wconf 85' lang='lat' dir='ltr'><strong>circumfrementium</strong></span> <span class='ocrx_word' id='word_1_738' title='bbox 3416 4698 3670 4752; x_wconf 85' lang='lat' dir='ltr'><strong>vitiorum</strong></span> 
     </span>
    </p>
   </div>
   <div class='ocr_carea' id='block_1_110' title="bbox 2075 4791 3670 4861">
    <p class='ocr_par' dir='ltr' id='par_1_110' title="bbox 2075 4791 3670 4861">
     <span class='ocr_line' id='line_1_110' title="bbox 2075 4791 3670 4861; baseline -0.004 -11"><span class='ocrx_word' id='word_1_739' title='bbox 2075 4795 2318 4851; x_wconf 88' lang='lat' dir='ltr'><strong>cervices</strong></span> <span class='ocrx_word' id='word_1_740' title='bbox 2379 4793 2680 4855; x_wconf 88' lang='lat' dir='ltr'><strong>obtrunca;</strong></span> <span class='ocrx_word' id='word_1_741' title='bbox 2738 4791 2872 4846; x_wconf 91' lang='lat' dir='ltr'><strong>dura</strong></span> <span class='ocrx_word' id='word_1_742' title='bbox 2929 4806 3159 4861; x_wconf 82' lang='lat' dir='ltr'><strong>qmeque</strong></span> <span class='ocrx_word' id='word_1_743' title='bbox 3209 4799 3264 4845; x_wconf 89' lang='lat' dir='ltr'><strong>et</strong></span> <span class='ocrx_word' id='word_1_744' title='bbox 3323 4805 3515 4860; x_wconf 91' lang='lat' dir='ltr'><strong>aspera</strong></span> <span class='ocrx_word' id='word_1_745' title='bbox 3572 4803 3670 4858; x_wconf 89' lang='lat' dir='ltr'><strong>pro</strong></span> 
     </span>
    </p>
   </div>
   <div class='ocr_carea' id='block_1_111' title="bbox 2074 4881 3670 4955">
    <p class='ocr_par' dir='ltr' id='par_1_111' title="bbox 2074 4881 3670 4955">
     <span class='ocr_line' id='line_1_111' title="bbox 2074 4881 3670 4955; baseline -0.004 -13"><span class='ocrx_word' id='word_1_746' title='bbox 2074 4885 2277 4942; x_wconf 88' lang='lat' dir='ltr'><strong>Christi</strong></span> <span class='ocrx_word' id='word_1_747' title='bbox 2308 4900 2524 4955; x_wconf 89' lang='lat' dir='ltr'><strong>semper</strong></span> <span class='ocrx_word' id='word_1_748' title='bbox 2548 4899 2734 4938; x_wconf 90' lang='lat' dir='ltr'><strong>amore</strong></span> <span class='ocrx_word' id='word_1_749' title='bbox 2772 4881 3075 4954; x_wconf 91' lang='lat' dir='ltr'><strong>perferens,</strong></span> <span class='ocrx_word' id='word_1_750' title='bbox 3106 4882 3323 4938; x_wconf 90' lang='lat' dir='ltr'><strong>virtutis</strong></span> <span class='ocrx_word' id='word_1_751' title='bbox 3351 4881 3670 4938; x_wconf 85' lang='lat' dir='ltr'><strong>exercitium</strong></span> 
     </span>
    </p>
   </div>
   <div class='ocr_carea' id='block_1_112' title="bbox 2079 4973 3673 5048">
    <p class='ocr_par' dir='ltr' id='par_1_112' title="bbox 2079 4973 3673 5048">
     <span class='ocr_line' id='line_1_112' title="bbox 2079 4973 3673 5048; baseline -0.003 -15"><span class='ocrx_word' id='word_1_752' title='bbox 2079 4977 2261 5034; x_wconf 85' lang='lat' dir='ltr'><strong>crede.</strong></span> <span class='ocrx_word' id='word_1_753' title='bbox 2337 4975 2608 5048; x_wconf 81' lang='lat' dir='ltr'><strong>Quidquid</strong></span> <span class='ocrx_word' id='word_1_754' title='bbox 2679 4975 2827 5030; x_wconf 89' lang='lat' dir='ltr'><strong>carni</strong></span> <span class='ocrx_word' id='word_1_755' title='bbox 2902 4973 3282 5044; x_wconf 90' lang='lat' dir='ltr'><strong>voluptuosum</strong></span> <span class='ocrx_word' id='word_1_756' title='bbox 3355 4974 3570 5028; x_wconf 88' lang='lat' dir='ltr'><strong>videtur</strong></span> <span class='ocrx_word' id='word_1_757' title='bbox 3618 4980 3673 5028; x_wconf 91' lang='lat' dir='ltr'><strong>et</strong></span> 
     </span>
    </p>
   </div>
   <div class='ocr_carea' id='block_1_113' title="bbox 2079 5066 3670 5137">
    <p class='ocr_par' dir='ltr' id='par_1_113' title="bbox 2079 5066 3670 5137">
     <span class='ocr_line' id='line_1_113' title="bbox 2079 5066 3670 5137; baseline -0.004 -9"><span class='ocrx_word' id='word_1_758' title='bbox 2079 5071 2358 5136; x_wconf 80' lang='lat' dir='ltr'><strong>blandum,</strong></span> <span class='ocrx_word' id='word_1_759' title='bbox 2399 5077 2461 5123; x_wconf 91' lang='lat' dir='ltr'><strong>ut</strong></span> <span class='ocrx_word' id='word_1_760' title='bbox 2510 5083 2696 5124; x_wconf 87' lang='lat' dir='ltr'><strong>revera</strong></span> <span class='ocrx_word' id='word_1_761' title='bbox 2719 5066 2914 5123; x_wconf 90' lang='lat' dir='ltr'><strong>diaboli</strong></span> <span class='ocrx_word' id='word_1_762' title='bbox 2943 5066 3260 5132; x_wconf 86' lang='lat' dir='ltr'><strong>viscarium,</strong></span> <span class='ocrx_word' id='word_1_763' title='bbox 3294 5066 3670 5137; x_wconf 85' lang='lat' dir='ltr'><strong>perhorresco.</strong></span> 
     </span>
    </p>
   </div>
   <div class='ocr_carea' id='block_1_114' title="bbox 2081 5159 3676 5235">
    <p class='ocr_par' dir='ltr' id='par_1_114' title="bbox 2081 5159 3676 5235">
     <span class='ocr_line' id='line_1_114' title="bbox 2081 5159 3676 5235; baseline -0.002 -17"><span class='ocrx_word' id='word_1_764' title='bbox 2081 5165 2336 5235; x_wconf 77' lang='lat' dir='ltr'><strong>QuiSQuis</strong></span> <span class='ocrx_word' id='word_1_765' title='bbox 2364 5163 2509 5218; x_wconf 90' lang='lat' dir='ltr'><strong>enim</strong></span> <span class='ocrx_word' id='word_1_766' title='bbox 2540 5163 2592 5217; x_wconf 93' lang='lat' dir='ltr'><strong>in</strong></span> <span class='ocrx_word' id='word_1_767' title='bbox 2619 5161 2934 5218; x_wconf 88' lang='lat' dir='ltr'><strong>monachica</strong></span> <span class='ocrx_word' id='word_1_768' title='bbox 2965 5159 3145 5233; x_wconf 86' lang='lat' dir='ltr'><strong>regula</strong></span> <span class='ocrx_word' id='word_1_769' title='bbox 3185 5159 3365 5216; x_wconf 86' lang='lat' dir='ltr'><strong>carnis</strong></span> <span class='ocrx_word' id='word_1_770' title='bbox 3405 5174 3463 5216; x_wconf 90' lang='lat' dir='ltr'><strong>se</strong></span> <span class='ocrx_word' id='word_1_771' title='bbox 3491 5168 3676 5232; x_wconf 86' lang='lat' dir='ltr'><strong>sperat</strong></span> 
     </span>
    </p>
   </div>
   <div class='ocr_carea' id='block_1_115' title="bbox 2079 5252 3673 5325">
    <p class='ocr_par' dir='ltr' id='par_1_115' title="bbox 2079 5252 3673 5325">
     <span class='ocr_line' id='line_1_115' title="bbox 2079 5252 3673 5325; baseline -0.004 -11"><span class='ocrx_word' id='word_1_772' title='bbox 2079 5258 2373 5314; x_wconf 89' lang='lat' dir='ltr'><strong>blanditias</strong></span> <span class='ocrx_word' id='word_1_773' title='bbox 2406 5255 2670 5322; x_wconf 86' lang='lat' dir='ltr'><strong>invenire,</strong></span> <span class='ocrx_word' id='word_1_774' title='bbox 2701 5253 2843 5308; x_wconf 89' lang='lat' dir='ltr'><strong>velut</strong></span> <span class='ocrx_word' id='word_1_775' title='bbox 2871 5268 2938 5308; x_wconf 82' lang='lat' dir='ltr'><strong>ex</strong></span> <span class='ocrx_word' id='word_1_776' title='bbox 2968 5253 3121 5309; x_wconf 86' lang='lat' dir='ltr'><strong>arido</strong></span> <span class='ocrx_word' id='word_1_777' title='bbox 3148 5252 3291 5325; x_wconf 91' lang='lat' dir='ltr'><strong>ligno</strong></span> <span class='ocrx_word' id='word_1_778' title='bbox 3328 5269 3549 5310; x_wconf 90' lang='lat' dir='ltr'><strong>succum</strong></span> <span class='ocrx_word' id='word_1_779' title='bbox 3578 5267 3673 5308; x_wconf 81' lang='lat' dir='ltr'><strong>co-</strong></span> 
     </span>
    </p>
   </div>
   <div class='ocr_carea' id='block_1_116' title="bbox 2080 5343 3672 5418">
    <p class='ocr_par' dir='ltr' id='par_1_116' title="bbox 2080 5343 3672 5418">
     <span class='ocr_line' id='line_1_116' title="bbox 2080 5343 3672 5418; baseline -0.003 -13"><span class='ocrx_word' id='word_1_780' title='bbox 2080 5357 2241 5406; x_wconf 89' lang='lat' dir='ltr'><strong>natur</strong></span> <span class='ocrx_word' id='word_1_781' title='bbox 2298 5349 2624 5418; x_wconf 86' lang='lat' dir='ltr'><strong>exprimere.</strong></span> <span class='ocrx_word' id='word_1_782' title='bbox 2683 5343 2940 5400; x_wconf 90' lang='lat' dir='ltr'><strong>Senrrilia</strong></span> <span class='ocrx_word' id='word_1_783' title='bbox 2990 5359 3252 5416; x_wconf 71' lang='lat' dir='ltr'><strong>quasque,</strong></span> <span class='ocrx_word' id='word_1_784' title='bbox 3313 5345 3672 5413; x_wconf 80' lang='lat' dir='ltr'><strong>urbanitates,</strong></span> 
     </span>
    </p>
   </div>
   <div class='ocr_carea' id='block_1_117' title="bbox 2083 5437 3676 5510">
    <p class='ocr_par' dir='ltr' id='par_1_117' title="bbox 2083 5437 3676 5510">
     <span class='ocr_line' id='line_1_117' title="bbox 2083 5437 3676 5510; baseline -0.004 -10"><span class='ocrx_word' id='word_1_785' title='bbox 2083 5443 2244 5509; x_wconf 91' lang='lat' dir='ltr'><strong>sales,</strong></span> <span class='ocrx_word' id='word_1_786' title='bbox 2295 5441 2525 5498; x_wconf 84' lang='lat' dir='ltr'><strong>facetias</strong></span> <span class='ocrx_word' id='word_1_787' title='bbox 2575 5438 2894 5510; x_wconf 90' lang='lat' dir='ltr'><strong>leporesque</strong></span> <span class='ocrx_word' id='word_1_788' title='bbox 2935 5437 3224 5494; x_wconf 87' lang='lat' dir='ltr'><strong>verborum</strong></span> <span class='ocrx_word' id='word_1_789' title='bbox 3273 5455 3302 5494; x_wconf 92' lang='lat' dir='ltr'><strong>a</strong></span> <span class='ocrx_word' id='word_1_790' title='bbox 3353 5438 3511 5495; x_wconf 84' lang='lat' dir='ltr'><strong>labiis</strong></span> <span class='ocrx_word' id='word_1_791' title='bbox 3568 5439 3676 5494; x_wconf 86' lang='lat' dir='ltr'><strong>tuis</strong></span> 
     </span>
    </p>
   </div>
   <div class='ocr_carea' id='block_1_118' title="bbox 2086 5531 3675 5606">
    <p class='ocr_par' dir='ltr' id='par_1_118' title="bbox 2086 5531 3675 5606">
     <span class='ocr_line' id='line_1_118' title="bbox 2086 5531 3675 5606; baseline -0.003 -15"><span class='ocrx_word' id='word_1_792' title='bbox 2086 5545 2340 5606; x_wconf 89' lang='lat' dir='ltr'><strong>tanquam</strong></span> <span class='ocrx_word' id='word_1_793' title='bbox 2392 5531 2712 5604; x_wconf 88' lang='lat' dir='ltr'><strong>gentilitatis</strong></span> <span class='ocrx_word' id='word_1_794' title='bbox 2759 5531 3028 5601; x_wconf 91' lang='lat' dir='ltr'><strong>quoddam</strong></span> <span class='ocrx_word' id='word_1_795' title='bbox 3075 5531 3396 5602; x_wconf 59' lang='lat' dir='ltr'><strong>praeputium</strong></span> <span class='ocrx_word' id='word_1_796' title='bbox 3443 5531 3675 5587; x_wconf 81' lang='lat' dir='ltr'><strong>circum-</strong></span> 
     </span>
    </p>
   </div>
   <div class='ocr_carea' id='block_1_119' title="bbox 2084 5625 3672 5695">
    <p class='ocr_par' dir='ltr' id='par_1_119' title="bbox 2084 5625 3672 5695">
     <span class='ocr_line' id='line_1_119' title="bbox 2084 5625 3672 5695; baseline -0.004 -11"><span class='ocrx_word' id='word_1_797' title='bbox 2084 5628 2223 5685; x_wconf 86' lang='lat' dir='ltr'><strong>cide.</strong></span> <span class='ocrx_word' id='word_1_798' title='bbox 2255 5627 2594 5684; x_wconf 90' lang='lat' dir='ltr'><strong>Piscatorum</strong></span> <span class='ocrx_word' id='word_1_799' title='bbox 2625 5639 2860 5695; x_wconf 90' lang='lat' dir='ltr'><strong>namque</strong></span> <span class='ocrx_word' id='word_1_800' title='bbox 2891 5639 3078 5680; x_wconf 91' lang='lat' dir='ltr'><strong>sumus</strong></span> <span class='ocrx_word' id='word_1_801' title='bbox 3105 5625 3375 5695; x_wconf 90' lang='lat' dir='ltr'><strong>discipuli,</strong></span> <span class='ocrx_word' id='word_1_802' title='bbox 3407 5640 3512 5680; x_wconf 92' lang='lat' dir='ltr'><strong>non</strong></span> <span class='ocrx_word' id='word_1_803' title='bbox 3543 5639 3672 5679; x_wconf 90' lang='lat' dir='ltr'><strong>ora-</strong></span> 
     </span>
    </p>
   </div>
   <div class='ocr_carea' id='block_1_120' title="bbox 2083 5715 3677 5789">
    <p class='ocr_par' dir='ltr' id='par_1_120' title="bbox 2083 5715 3677 5789">
     <span class='ocr_line' id='line_1_120' title="bbox 2083 5715 3677 5789; baseline -0.006 -9"><span class='ocrx_word' id='word_1_804' title='bbox 2083 5735 2284 5789; x_wconf 89' lang='lat' dir='ltr'><strong>torum,</strong></span> <span class='ocrx_word' id='word_1_805' title='bbox 2316 5731 2376 5778; x_wconf 91' lang='lat' dir='ltr'><strong>ut</strong></span> <span class='ocrx_word' id='word_1_806' title='bbox 2401 5739 2464 5778; x_wconf 88' lang='lat' dir='ltr'><strong>ex</strong></span> <span class='ocrx_word' id='word_1_807' title='bbox 2497 5737 2592 5777; x_wconf 85' lang='lat' dir='ltr'><strong>ore</strong></span> <span class='ocrx_word' id='word_1_808' title='bbox 2621 5720 2916 5778; x_wconf 87' lang='lat' dir='ltr'><strong>Christiani</strong></span> <span class='ocrx_word' id='word_1_809' title='bbox 2956 5737 3064 5777; x_wconf 90' lang='lat' dir='ltr'><strong>non</strong></span> <span class='ocrx_word' id='word_1_810' title='bbox 3100 5719 3340 5774; x_wconf 90' lang='lat' dir='ltr'><strong>latinitas</strong></span> <span class='ocrx_word' id='word_1_811' title='bbox 3371 5716 3552 5784; x_wconf 88' lang='lat' dir='ltr'><strong>Tullii,</strong></span> <span class='ocrx_word' id='word_1_812' title='bbox 3579 5715 3677 5771; x_wconf 82' lang='lat' dir='ltr'><strong>sed</strong></span> 
     </span>
    </p>
   </div>
   <div class='ocr_carea' id='block_1_121' title="bbox 2082 5809 3676 5907">
    <p class='ocr_par' dir='ltr' id='par_1_121' title="bbox 2082 5809 3676 5906">
     <span class='ocr_line' id='line_1_121' title="bbox 2082 5809 3676 5906; baseline -0.007 -31"><span class='ocrx_word' id='word_1_813' title='bbox 2082 5815 2406 5890; x_wconf 83' lang='lat' dir='ltr'><strong>simplicitas</strong></span> <span class='ocrx_word' id='word_1_814' title='bbox 2440 5823 2659 5876; x_wconf 89' lang='lat' dir='ltr'><strong>resonet</strong></span> <span class='ocrx_word' id='word_1_815' title='bbox 2686 5814 2909 5906; x_wconf 82' lang='lat' dir='ltr'><strong>Christi.</strong></span> <span class='ocrx_word' id='word_1_816' title='bbox 2948 5815 3152 5876; x_wconf 86' lang='lat' dir='ltr'><strong>Omnes</strong></span> <span class='ocrx_word' id='word_1_817' title='bbox 3183 5811 3347 5896; x_wconf 72' lang='grc'><strong>766</strong></span> <span class='ocrx_word' id='word_1_818' title='bbox 3373 5809 3676 5904; x_wconf 76' lang='lat' dir='ltr'><strong>voluntates</strong></span> 
     </span>
    </p>
   </div>
  </div>
