4138 6320
495 323 594 379 731
951 324 1008 382 S.
1047 324 1251 382 PETRI
1288 326 1569 383 DAMIANI
1607 328 1755 387 OPP.
1801 328 2033 386 TOMUS
2074 328 2200 386 SEU
2233 329 2409 387 PARS
2449 329 2623 386 ll|.—
2648 330 3013 391 OPUSCULA
3050 333 3282 391 VARIA.
3639 337 3748 396 75?.

494 442 743 514 proprias
791 441 1005 513 frange,
1058 444 1291 513 undique
1336 452 1390 500 te
1430 460 1551 500 cum
1587 445 1826 517 apostolo
1859 445 2060 503 Christi
2093 448 2138 516 Α
2166 445 2297 499 mihi
2330 445 2577 514 fratres,
2634 447 2897 504 Boninum
2943 459 2996 506 et
3030 436 3269 520 Petrum,
3306 452 3357 509 si
3397 453 3555 511 solito
3594 471 3751 517 more

496 536 913 591 mortiﬁcatione
972 537 1279 607 praaeinge;
1345 539 1580 609 undique
1650 541 1908 611 impressa
1971 540 2065 596 tibi
2172 538 2373 592 videris
2419 538 2705 609 aliquando
2756 541 3019 605 excelsius
3070 532 3287 607 canere.
3337 546 3440 603 hoc
3478 547 3754 607 distichon

495 628 751 699 stigmata
778 628 958 684 crucis
986 632 1227 694 ostende,
1277 636 1338 684 ut
1382 645 1488 700 quo
1535 630 1674 686 mine
1699 634 1900 688 arctius
1923 628 2068 701 judi-
2175 644 2296 684 meo
2326 631 2542 686 nomine
2564 631 2619 686 in
2644 628 2831 688 eorum
2858 635 3108 690 manibus
3134 650 3273 707 pone
3297 654 3310 691 :

494 719 603 774 cati
630 720 853 791 vestigia
881 721 1145 791 sequeris,
1186 735 1254 775 eo
1294 730 1415 791 post
1462 723 1745 778 sublimius
1779 724 2072 794 judicantis

495 812 767 866 consortio
800 809 1112 882 perfruaris.
1154 812 1353 869 Omnes
1396 823 1574 869 autem
1612 824 1829 871 sanctus
1879 813 2073 871 fratres

496 904 805 960 monasterii
847 905 920 959 tui
952 920 1070 959 mea
1115 906 1236 965 vice
1282 906 1477 973 saluta,
1509 908 1858 964 charissimos
1890 918 2073 963 autem

2248 745 2345 821 Qui
2375 745 2741 821 Philomelinis
2766 749 3082 820 depromitis
3111 766 3311 821 organa
3334 752 3507 818 ﬁbris,

2249 816 2438 869 lntima
2477 832 2575 871 vox
2600 818 2778 873 cordis
2816 816 3044 875 modulis
3068 816 3207 876 bene
3233 816 3646 881 concinatvoris.

2510 908 2586 964 Sil
2618 928 2802 966 nomen
2826 910 3041 969 Domini
3071 915 3412 972 benedictum.

830 1180 1190 1285 767-769
1244 1212 2017 1323 OPUSCULUM
2109 1262 2110 1275 ~

2216 1218 2421 1323 UIN
2436 1216 2871 1343 QUAGE
2887 1221 3332 1327 SIMUM.

648 1426 1111 1492 INSTITUTlO
1155 1378 1561 1490 MONIALIS.
1606 1426 1716 1489 AD
1759 1427 2141 1490 BLANCAM
2177 1429 2293 1489 ΕΧ
2347 1428 2773 1492 COMlTlSSA
2812 1432 3554 1497 SANCTIMONIALEM.

499 1730 1666 1811 AacuussruunuBlancamﬁnobilissimam
1710 1731 2000 1799 feminam,
2042 1747 2171 1811 αυξιῖ
2199 1732 2438 1811 divitiis,_
2468 1731 2654 1787 liberis
2686 1734 3303 1811 et_charissimis__rebus
3346 1739 3643 1811 quibusque
3687 1758 3769 1799 re.

568 1804 1227 1880 lictis,Aininonasterium
1260 1804 2473 1880 Deoserviturasecesserat,_priulcntissimis
2504 1805 2786 1880 praeceptis
2827 1814 2880 1880 et
2905 1805 3232 1880 salutaribus
3272 1804 3489 1865 monitis
3527 1804 3766 1880 instruit,

571 1875 697 1946 quid
736 1871 1041 1947 fugiendum
1066 1876 1113 1947 ei
1147 1874 1235 1947 sit,
1259 1874 1385 1945 quid
1409 1875 1960 1947 appetendnlinquas:
1986 1874 2152 1945 digito
2182 1871 2630 1947 commonstrans.
2784 1876 3015 1946 primum
3055 1878 3271 1947 quidem
3296 1882 3479 1934 rudem
3500 1882 3676 1938 adhuc
3714 1871 3771 1940 εἰ

573 1942 911 2015 inexpertum
942 1942 1304 2014 spiritualium
1336 1942 1693 1999 certaminum
1722 1942 2075 2007 bellatricenf,
2112 1952 2364 2012 tanquam
2396 1943 2500 1997 telo
2533 1942 2822 2010 acerrimo,
2855 1942 3171 2015 prae-munit;
3202 1949 3328 2003 dum
3355 1965 3474 2005 eam
3523 1953 3773 2013 hortatur

572 2026 631 2073 ut
656 2014 1034 2091 paupertatem
1072 2024 1123 2072 el
1149 2016 1423 2091 angustias
1449 2026 1503 2071 et
1532 2015 1929 2091 tribulationes,
1963 2029 2080 2083 qua!
2103 2016 2210 2091 Deo
2247 2014 2605 2091 inilitamibus
2633 2014 2963 2091 perferenda:
2982 2028 3137 2091 sunt,
3169 2016 3387 2091 fortiter
3410 2023 3683 2091 excipiat;
3715 2034 3771 2083 et

575 2086 775 2143 ita’sibi
804 2087 1128 2157 persuadeat
1156 2088 1262 2141 Deo
1285 2087 1511 2142 dilectos
1536 2086 1701 2140 variis
1740 2086 1805 2157 in
1831 2087 1931 2141 hoc
1960 2090 2156 2157 mundo
2199 2086 2505 2157 turbinibus
2530 2087 2798 2155 tantisper
2840 2087 3126 2157 eXagitari.
3164 2089 3333 2145 donec
3364 2091 3417 2144 in
3445 2086 3772 2150 felicissima

574 2158 763 2232 patriae
788 2155 995 2232 portum
1027 2157 1276 2232 ingressi,
1306 2167 1511 2213 aeterna
1545 2155 1947 2232 tranquillitate
1972 2156 2250 2232 fruantur.
2287 2155 2423 2232 :I‘nm
2459 2170 2591 2232 vero
2620 2155 2968 2232 eanmemad
3000 2158 3614 2232 perfectioremistatum
3646 2180 3771 2232 per-

491 2232 495 2237 ’
575 2225 771 2284 ducere
789 2225 1040 2298 cupiens,
1068 2225 1134 2282 ad
1165 2226 1327 2281 Deum
1364 2229 1648 2281 amandum
1678 2236 1786 2280 tota
1822 2227 2015 2280 mentis
2062 2225 2406 2298 contentione
2458 2227 2670 2298 invitat.
2725 2225 2929 2283 Deinde
2972 2225 3040 2282 ad
3085 2231 3464 2298 praecavendas
3511 2225 3772 2291 damonis

577 2300 817 2361 insidias,
847 2296 1038 2352 mortis
1059 2298 1529 2365 contemplationis
1559 2299 1606 2351 ei
1630 2298 1875 2368 clypeum
1904 2298 2255 2368 demonstrat.
2298 2296 2487 2368 Adhuc
2530 2296 2883 2352 validioribus
2912 2296 3233 2354 armis—eam
3266 2301 3459 2367 induit,
3509 2305 3633 2358 dum
3682 2319 3775 2360 ex-

579 2370 737 2425 tremi
771 2368 962 2436 judicii
1004 2369 1291 2440 imaginem
1337 2384 1411 2440 erg
1431 2384 1601 2423 sacra:
1637 2366 1927 2440 scriptura:
1965 2366 2731 2440 penetralibus?depromptam
2771 2377 2897 2440 ante
2935 2369 3145 2423 oculos.
3172 2372 3441 2440 preponit,
3478 2382 3531 2427 et
3562 2366 3619 2427 ut
3641 2376 3778 2431 assi-

578 2440 682 2495 due
709 2440 1016 2504 meditetur,
1049 2437 1361 2510 inflammat.
1390 2438 1689 2510 Postremo,
1723 2439 1932 2510 timoris
1962 2437 2210 2510 praesidio
2249 2439 2382 2491 satis
2426 2446 2488 2492 et
2520 2438 2745 2510 abunde
2777 2438 3031 2495 vallatam
3065 2437 3235 2504 ratus,
3263 2437 3357 2510 per
3400 2444 3602 2499 amoris
3629 2446 3775 2500 viam

578 2525 769 2565 rursus
794 2511 1108 2583 inpatriam
1149 2508 1449 2583 reducit‘ad
1492 2507 1983 2583 felicitateimillius
2019 2509 2359 2577 sempiterna:
2401 2507 2895 2578 contemplationis,
2922 2524 3087 2583 quam
3126 2524 3225 2567 nec
3263 2507 3452 2569 oculus
3480 2515 3634 2580 vidit.
3670 2531 3775 2575 nec

580 2582 729 2637 auris
764 2581 990 2647 audivit,
1020 2594 1121 2634 nec
1151 2580 1202 2635 iu
1234 2580 1329 2634 eor
1365 2580 1599 2635 hominis
1627 2580 1888 2634 ascendit.

578 2725 808 2782 Busae:
830 2722 960 2779 olim
982 2719 1289 2785 comitissm,
1323 2735 1463 2774 nunc
1491 2718 1694 2774 caelesti
1723 2716 1930 2788 Sponso
1959 2732 2089 2771 con-
2118 2727 2160 2786 η
2191 2714 2368 2784 ruptio
2392 2714 2653 2779 nascitur,
2687 2715 2781 2771 sed
2809 2715 3133 2788 integritatis
3163 2718 3341 2788 potius
3361 2718 3601 2775 clausula
3624 2734 3780 2791 repao

507 2808 730 2889 junctae,
775 2813 993 2869 Psrnus
1039 2820 1290 2883 peccator
1325 2811 1620 2865 monachus
1653 2808 1883 2879 jubilum
1913 2807 2093 2864 cordis

514 2909 568 2965 in
598 2906 802 2979 Spiritu
834 2914 1041 2962 saneto.

1030 2995 1260 3055 CAPUT
1303 2991 1587 3051 PRIMUM.

513 3088 768 3146 Blancam
808 3084 1077 3161 angustias
1126 3100 1203 3214 eth
1223 3098 1573 3158 paupertatem
1622 3085 1829 3157 forti‘er
1864 3084 2097 3153 excipere

1211 3169 1435 3213 oriatur.

1211 3169 1435 3213 oriatur.

588 3251 669 3309 Ad
700 3252 908 3327 regales
953 3250 1169 3323 nuptias
1213 3251 1525 3322 epulaturus
1574 3248 1792 3311 accedo,
1831 3246 2099 3302 thalamus

519 3359 652 3399 auro
682 3344 1014 3414 gemmisque
1058 3342 1389 3399 radiantibus
1427 3343 1718 3396 adornatos
1750 3340 1929 3393 videre
1962 3339 2101 3395 desi-

520 3441 680 3511 dero;
709 3439 1038 3516 nuptialibus
1086 3439 1316 3514 saginari
1368 3438 1591 3516 dapibus
1640 3436 1945 3499 avidissime
1975 3455 2103 3497 con-

521 3539 762 3608 cupisco.
796 3536 1045 3607 Undique
1078 3537 1238 3607 igitur
1285 3538 1506 3608 mystica
1557 3536 1867 3591 deferantur
1906 3535 2097 3600 xenia;

522 3631 839 3702 prophetica
870 3629 1027 3683 simul
1063 3637 1115 3683 et
1145 3630 1436 3697 apostolica
1486 3645 1589 3683 non
1642 3627 1819 3683 desint
1866 3634 1974 3681 tam
2003 3642 2102 3680 ex-

525 3724 847 3779 cellentibus
893 3723 1095 3794 nuptiis
1133 3732 1471 3779 ornamenta.
1522 3722 1876 3794 Evangelicus
1924 3724 2105 3794 itaque

526 3825 713 3871 noster
733 3816 896 3871 lsaias
919 3817 1031 3887 jam
1062 3818 1319 3886 procedat
1355 3816 1419 3870 ad
1452 3815 1710 3882 medium,
1742 3825 1797 3871 et
1824 3808 2106 3873 munificus

527 3908 783 3964 exhibeat
820 3907 963 3978 quod
1010 3908 1255 3977 paravit,
1300 3915 1545 3961 ornatum
1599 3905 1849 3962 videlicet
1900 3908 2108 3963 calcea-

526 4012 855 4065 mentorum,
892 4001 1120 4066 iunuias,
1148 4008 1367 4070 torques
1405 4010 1566 4069 atque
1596 3999 1830 4064 monilia,
1872 3999 2108 4056 armillas

529 4100 586 4146 et
618 4092 825 4155 mitras,
853 4091 1237 4147 discriminalia
1289 4099 1343 4145 et
1386 4090 1752 4161 periscelidas,
1803 4089 2110 4145 murenulas

2165 3270 2285 3329 est
2348 3262 2414 3315 de
2465 3275 2571 3331 quo
2634 3262 2828 3318 iterum
2875 3264 3005 3319 dicit

2196 2816 2364 2880 ratur.
2425 2805 2536 2863 illic
2580 2806 2737 2862 Jesus
2791 2823 2985 2878 aquam
3026 2811 3294 2865 convertit
3338 2811 3393 2865 in
3435 2812 3651 2877 vinum;
3692 2813 3782 2868 hic

2195 2895 2336 2968 idem
2374 2894 2531 2951 Iesus
2570 2910 2627 2951 et
2669 2897 2851 2961 vinum
2900 2899 3247 2968 semetipsum
3293 2899 3425 2956 fecit
3471 2909 3526 2955 et
3577 2901 3779 2956 cibum.

2198 2966 2386 3053 Cibum
2441 2986 2735 3051 videlicet,
2783 2989 2904 3059 quia
2960 2966 3212 3061 ipse—est
3246 2994 3427 3061 panis
3478 2994 3631 3049 vivus
3691 2994 3782 3065 qui

2199 3077 2263 3132 de
2322 3076 2458 3132 caelo
2514 3077 2788 3134 descendit
2843 3078 3037 3152 (Joan.
3084 3082 3203 3150 vi);
3246 3083 3430 3143 vinum
3469 3100 3600 3140 vero
3639 3085 3785 3155 quod

2200 3166 2434 3222 lutilicat
2496 3184 2590 3223 eor
2639 3171 2872 3226 hominis
2920 3171 3103 3242 (Psal‘.
3172 3175 3316 3243 cv);
3373 3175 3608 3239 Spiritus
3665 3176 3784 3247 ejus

3051 3283 3065 3319 ε
3120 3285 3138 3317 ι
3180 3265 3430 3321 Poculum
3501 3276 3649 3321 tuum
3703 3269 3788 3322 in-

2202 3352 2416 3408 ebrians
2440 3392 2453 3417 ,
2478 3352 2640 3424 769
2667 3369 2827 3424 quam
2859 3354 3171 3424 praeclarum
3218 3357 3330 3411 est!
3364 3375 3382 3408 ι
3416 3356 3592 3426 (Psal.
3626 3358 3786 3426 ml.)

2202 3442 2436 3519 Spiritus
2460 3446 2603 3505 enim
2665 3444 2755 3501 Dei
2804 3446 3083 3506 hozahuun
3134 3457 3340 3510 mentes
3383 3448 3645 3519 inebriat,
3699 3456 3775 3521 ut,

2208 3551 2466 3613 tanquam
2524 3558 2554 3597 a
2602 3543 2717 3599 suis
2764 3544 3013 3599 sensibus
3061 3544 3302 3611 alienati,
3353 3545 3569 3600 divitias
3625 3545 3786 3613 hujus

2206 3635 2413 3698 mundi.
2462 3634 2697 3691 honores
2738 3643 2794 3690 et
2824 3635 3050 3705 gloriam
3083 3645 3366 3706 respuant,
3417 3637 3485 3692 ad
3513 3637 3790 3693 subeunda

2207 3741 2338 3781 vero
2365 3741 2463 3796 pro
2500 3726 2610 3783 Deo
2658 3737 2884 3797 qumque
2928 3727 3060 3782 dura
3099 3728 3182 3783 vel
3232 3743 3426 3797 aspera
3466 3726 3792 3784 ﬂammanti.

2206 3818 2307 3873 bus
2333 3817 2615 3873 desideriis
2642 3817 3001 3873 inardescunt.
3040 3818 3152 3875 Hoc
3180 3828 3359 3874 musto
3387 3818 3647 3875 deehriati
3676 3817 3791 3874 fuev

2210 3916 2336 3962 rant
2383 3908 2577 3977 quibus
2606 3906 2774 3963 Judaei
2804 3924 2933 3963 vere
2983 3911 3257 3966 dementes
3310 3925 3374 3969 ac
3415 3909 3601 3965 furiosi
3647 3909 3790 3966 dice-

2210 3999 2344 4054 bant
2385 4017 2398 4053 :
2437 4017 2455 4050 ‹
2491 3998 2666 4054 Musto
2695 4000 2838 4072 pleni
2870 4008 2994 4055 sunt
3025 4001 3110 4057 isti
3141 4000 3277 4070 (Act.
3308 4000 3394 4072 ιι).
3429 4020 3448 4053 i
3480 4000 3594 4055 Hoc
3618 4009 3792 4079 musto

2218 4091 2411 4161 plenus
2455 4102 2573 4146 erat
2604 4093 2687 4149 vir
2717 4092 2807 4147 ille
2852 4093 2923 4167 de
2949 4092 3074 4148 filiis
3103 4094 3508 4164 prophetarum,
3537 4108 3695 4163 quem
3726 4092 3795 4153 ad

530 4193 584 4238 et
636 4182 995 4249 olfactoriola,
1044 4182 1261 4238 inaures
1314 4191 1370 4236 et
1414 4181 1638 4236 annulus
1681 4188 1735 4234 et
1774 4195 2013 4250 gemmas
2060 4180 2112 4234 in
2142 4166 2188 4227 C
2221 4181 2525 4251 ungendum
2582 4181 2715 4236 Hieu
2773 4198 2953 4254 regem
3006 4182 3229 4238 miserat
3270 4183 3522 4248 Eliscus,
3572 4184 3641 4240 de
3689 4198 3797 4252 quo

534 4279 710 4334 fronte
740 4281 1053 4350 pendentes,
1081 4278 1372 4333 mutatoria
1414 4287 1468 4331 et
1496 4275 1653 4346 pallia
1688 4284 1744 4329 et
1779 4273 2113 4338 linteamina,

538 4387 666 4427 acus
705 4380 761 4428 et
794 4370 1008 4440 specula
1041 4379 1095 4423 et
1123 4371 1394 4432 sindones.
1424 4369 1589 4424 vittas
1629 4378 1794 4438 atque
1838 4365 2112 4421 theristra.

533 4461 661 4516 limo
702 4462 865 4533 igitur
889 4460 1070 4515 omnia
1101 4459 1469 4529 spiritualibus
1503 4458 1825 4513 conferenda
1858 4464 1982 4510 sunt
2012 4472 2116 4509 nu-

522 4551 681 4622 ptiis,
713 4568 775 4608 ac
816 4568 965 4608 novae
994 4564 1203 4622 sponsm
1249 4551 1534 4621 diligenter
1572 4551 1820 4620 aptanda,
1855 4562 1961 4619 quo
2006 4560 2121 4613 veri

535 4645 730 4716 Sponsi
760 4644 973 4717 placere
998 4646 1166 4717 possit
1193 4645 1487 4700 obtutibus.
1522 4642 1615 4699 llis
1653 4642 1913 4698 nimirum
1936 4636 2118 4697 infulis

536 4745 836 4799 venustats,
886 4737 990 4791 hac
1029 4746 1467 4791 omamentorum
1512 4742 1627 4789 erat
1672 4733 1935 4786 varietate
1966 4744 2119 4785 corn-

537 4830 708 4900 posita
760 4829 943 4900 regina
987 4829 1116 4893 illa,
1164 4844 1325 4900 quam
1374 4826 1654 4883 Psalmista
1703 4814 2121 4894 contemplatus,

538 4922 761 4976 aiebat:
801 4938 820 4973 ι
857 4922 1045 4976 Astitit
1090 4923 1273 4993 regina
1323 4936 1352 4974 a
1403 4921 1609 4975 dextris
1663 4918 1770 4973 tuis
1818 4918 1873 4972 in
1923 4917 2121 4993 vestitu

537 5008 819 5076 deaurato,
850 5014 1256 5069 circumamicta
1307 5008 1566 5067 varietate
1625 5006 1809 5081 (Psal.
1860 5009 2036 5079 κων).
2100 4990 2117 5060 i

539 5105 752 5175 antite
793 5107 944 5164 facta:
975 5117 1100 5163 sunt
1150 5108 1203 5161 in
1245 5104 1384 5163 Cana
1418 5104 1635 5162 Galilere
1663 5122 1676 5160 :
1707 5114 1759 5160 et
1791 5105 1929 5160 sicut
1953 5105 2124 5158 Evan-

540 5196 732 5266 gelista
765 5206 1015 5263 testatur,
1042 5211 1264 5254 vocatus
1303 5208 1388 5254 est
1430 5195 1586 5253 Jesus
1631 5198 1694 5251 ad
1739 5198 1953 5267 nuptias
2001 5212 2125 5252 eum

542 5287 823 5359 discipulis
864 5290 977 5344 Suis
1028 5290 1209 5357 (Joan.
1259 5290 1350 5359 il);
1405 5290 1497 5343 sed
1534 5270 1787 5359 tanquam
1830 5286 2125 5357 pronubas,

542 5397 647 5435 non
679 5389 736 5434 ut
766 5396 1023 5450 sponsus;
1060 5382 1213 5452 quasi
1242 5396 1562 5453 pransurus,
1607 5398 1710 5439 non
1745 5391 1801 5434 ut
1839 5389 2122 5448 nupturas.

542 5470 665 5526 Istae
695 5474 1053 5542 vero‘nuptite
1102 5472 1251 5528 tanto
1302 5471 1419 5527 illas
1460 5468 1740 5542 privilegio
1771 5478 2044 5541 superant,
2071 5478 2126 5524 ut

546 5563 631 5620 hic
656 5562 811 5619 Jesus
829 5563 952 5634 jure
980 5563 1231 5619 erelatnr
1265 5579 1370 5617 non
1408 5564 1611 5618 amicus
1655 5578 1798 5622 esse,
1849 5561 1940 5617 sed
1967 5576 2130 5633 spon-
2158 5535 2207 5594 θ
2235 5580 2401 5634 quere
2426 5562 2710 5618 decrevisti

546 5674 658 5713 εἰς.
714 5657 777 5711 Et
821 5656 1075 5727 quoniam
1121 5655 1211 5724 qui
1256 5655 1493 5710 adhaeret
1544 5655 1772 5709 Domino
1802 5650 1853 5723 (Ι
1890 5651 2011 5706 Cor.
2056 5648 2130 5722 Vl)

546 5762 688 5806 unus
737 5751 960 5819 spiritus
1010 5758 1111 5814 est,
1163 5762 1392 5819 sponsus
1436 5749 1535 5804 iste
1575 5764 1679 5801 non
1731 5747 1888 5802 modo
1924 5760 2135 5816 sponsae

547 5842 815 5919 jungitur,
842 5844 938 5899 sed
964 5843 1167 5910 unitur,
1204 5849 1366 5912 atque
1409 5856 1477 5898 ex
1514 5842 1616 5898 hac
1646 5840 1835 5921 capula
1875 5854 1980 5894 non
2019 5853 2138 5894 cor-

2221 4274 2474 4331 dixerunt
2522 4291 2722 4333 vesane
2763 4277 3038 4349 sapientes
3084 4278 3151 4331 ad
3203 4294 3325 4332 eum
3358 4296 3372 4333 :
3411 4297 3430 4329 ι
3462 4277 3598 4345 Quid
3648 4277 3797 4333 venit

2223 4370 2443 4426 insanus
2489 4371 2591 4425 iste
2638 4373 2705 4429 ad
2757 4371 2844 4425 te?
2888 4390 2905 4423 ι
2960 4370 3066 4442 (ιγ
3116 4370 3244 4442 Reg.
3287 4371 3385 4443 ix.)
3429 4371 3567 4438 Quid
3615 4379 3798 4425 autem

2222 4462 2418 4516 mirum
2464 4462 2509 4516 si
2543 4462 2594 4517 hi
2620 4502 2634 4527 ,
2668 4463 2758 4531 qui
2789 4462 2910 4537 puri
2969 4471 3097 4517 sunt
3144 4463 3412 4527 homines,
3444 4478 3563 4517 cum
3595 4460 3801 4531 Spiritu

2223 4553 2404 4609 divino
2432 4553 2725 4624 replentur.
2762 4554 2829 4609 ab
2858 4553 3016 4624 hujus
3048 4554 3231 4608 mundi
3257 4551 3613 4624 sapientibus,
3641 4560 3802 4620 atque

2223 4646 2343 4703 ideo
2372 4662 2499 4703 vere
2527 4648 2936 4717 desipientibus,
2974 4646 3286 4716 iudicentur
3332 4645 3550 4701 insani?
3590 4659 3713 4699 cum
3746 4650 3803 4701 et

2225 4736 2340 4808 ipse
2380 4737 2472 4807 qui
2497 4738 2758 4809 magister
2786 4749 2870 4797 est
2907 4738 3219 4807 angelorum
3247 4737 3423 4791 dictus
3454 4736 3526 4791 sit
3553 4734 3805 4789 habuisse

2224 4829 2545 4884 diuinonium
2577 4826 2758 4900 (Joan.
2791 4829 2962 4900 vtu.);
2995 4828 3121 4889 imo.
3156 4838 3214 4883 ut
3235 4827 3450 4907 ’Marcus
3478 4824 3806 4895 evangelista

2227 4929 2493 4986 testatur,
2539 4923 2834 4978 testimatus
2881 4922 2952 4977 sit
3005 4922 3169 4977 etiam
3219 4921 3382 4975 fuisse
3432 4919 3801 4989 phreneticus.

2232 5029 2249 5060 ι
2300 5007 2481 5075 Venit,
2515 5006 2709 5079 inquit,
2755 5011 3002 5078 domum,
3032 5021 3086 5069 et
3117 5012 3368 5067 convenit
3397 5009 3592 5064 iterum
3626 5009 3806 5075 turba,

2226 5103 2296 5157 ita
2331 5113 2384 5158 ut
2432 5119 2538 5157 non
2588 5090 2770 5173 posset
2813 5119 2915 5160 nec
2952 5119 3145 5183 panem
3195 5103 3554 5167 manducare;
3587 5109 3639 5155 et
3684 5116 3807 5153 cum

2226 5196 2505 5254 audissent
2539 5198 2643 5263 sui,
2671 5197 2919 5252 exierunt
2950 5205 3133 5252 tenere
3157 5211 3279 5251 eum
3310 5212 3324 5249 :
3358 5194 3610 5250 dicebant
3637 5191 3805 5259 enim,

2226 5290 2481 5360 quoniam
2512 5290 2563 5344 in
2607 5288 2843 5345 furorem
2891 5304 3079 5345 versus
3117 5298 3198 5343 est
3226 5284 3417 5358 (Marc.
3443 5284 3550 5357 tu).
3592 5303 3612 5338 ι
3656 5280 3810 5337 Hanc

2227 5382 2399 5437 sancti
2430 5381 2663 5451 Spiritus
2698 5382 3015 5441 ebrietatem
3061 5390 3115 5434 et
3148 5389 3234 5445 tu,
3266 5397 3300 5435 υ
3338 5376 3667 5433 venerabilis
3712 5373 3812 5429 do-

2232 5473 2398 5538 mina,
2437 5487 2568 5526 sana
2602 5479 2781 5526 mente
2809 5485 3137 5541 conceperas
3176 5486 3300 5525 cum
3342 5469 3598 5524 saaculum
3650 5463 3814 5519 relin-

2760 5580 2773 5615 :
2815 5570 2887 5628 et,
2918 5561 3061 5615 velut
3091 5561 3350 5616 columbae
3392 5556 3652 5629 simplicis
3698 5554 3813 5610 alas

2236 5658 2539 5723 excutiens,
2582 5655 2647 5710 ad
2678 5655 3042 5709 innocentium
3090 5662 3258 5723 atque
3297 5651 3617 5721 simplicium
3646 5646 3811 5701 nidu-

2237 5748 2346 5802 lum
2375 5746 2694 5810 convolasti,
2721 5758 2848 5800 tunc
2876 5746 3059 5800 dicens
3090 5763 3103 5797 :
3140 5764 3155 5793 ι
3191 5734 3319 5809 Quis
3354 5742 3500 5797 dabit
3528 5738 3656 5793 mihi
3682 5750 3813 5815 pen;

2238 5854 2337 5901 nas
2361 5836 2497 5893 sicut
2517 5836 2798 5913 columbae,
2824 5830 2881 5891 et
2905 5830 3181 5901 volabo,et
3203 5822 3570 5904 requiescam?
3590 5848 3608 5882 ι
3629 5821 3807 5898 (Paul.
