4138 6320
549 410 652 466 755

548 523 680 593 ιιν.)
719 521 874 577 Nunc
904 521 1066 574 etiam
1114 533 1304 574 secure
1351 517 1644 573 decantans
1687 536 1700 571 :

548 616 670 686 gavi
722 614 968 684 fugiens,
1020 619 1075 666 et
1122 603 1296 678 mansi
1349 610 1399 662 in
1455 608 1762 671 solitudine,
1808 617 2126 678 exspectans

548 725 694 773 eum,
718 709 806 777 qui
832 722 916 760 mc
943 705 1146 760 salvam
1174 703 1332 756 faciat
1356 718 1383 754 a
1415 701 1858 771 pusillanimitate
1881 700 2126 769 spiritus,

549 809 603 856 et
630 807 946 867 tempestate
979 794 1149 867 (Psal.
1169 797 1299 861 Liv).
1338 814 1355 845 ι
1384 794 1508 846 Haec
1536 803 1586 845 te
1615 792 1866 844 nimirum
1891 792 2128 846 ebrietas

549 889 760 959 impulit
809 887 983 956 ampla
1035 886 1165 939 satis
1221 895 1382 952 atque
1417 882 1708 936 uberrimis
1737 882 1962 935 fecunda
2004 897 2128 951 pro-

548 981 800 1036 ventibus
838 977 960 1046 jura
1012 985 1388 1040 contemnere,
1424 974 1629 1028 munita
1684 973 1912 1026 turrium
1967 982 2128 1040 atque

549 1080 850 1126 castrorum
885 1067 1278 1138 propugnacula
1309 1065 1602 1128 declinare,
1645 1062 1876 1119 dulcium
1909 1063 2127 1132 propin-

549 1177 777 1233 quorum
826 1160 1276 1214 necessitudinem
1337 1172 1400 1212 ac
1457 1156 1865 1212 vernaculorum
1906 1154 2128 1210 allectus

501 1281 507 1286 -
550 1254 785 1322 abjicere
806 1293 820 1314 ,
847 1251 1098 1321 quodque
1125 1251 1316 1304 horum
1341 1249 1579 1303 omnium
1605 1248 1995 1318 permaximum
2019 1256 2124 1312 est,

549 1348 768 1400 unicum
805 1344 1002 1407 filium,
1034 1357 1268 1411 eumque
1300 1342 1563 1412 ephebum
1607 1340 1782 1394 adhuc
1835 1349 1996 1407 atque
2028 1339 2132 1394 im-

547 1439 830 1506 puberem,
865 1436 979 1490 sine
1007 1434 1306 1505 coniugalis
1339 1434 1529 1490 solatio
1576 1432 1798 1488 fmdcris
1843 1432 2124 1498 abdicare,

550 1535 622 1590 et,
658 1540 778 1596 quat
824 1525 1142 1595 constipatis
1171 1523 1366 1576 vallata
1400 1522 1655 1576 clientum
1700 1521 1889 1576 cuneis
1919 1521 2127 1575 solebas

551 1616 828 1678 incedere,
875 1614 984 1683 iam
1035 1615 1268 1669 didicisti
1315 1614 1368 1667 in
1417 1613 1614 1683 angulo
1660 1613 1973 1667 monasterii
2004 1626 2126 1665 cum

548 1706 876 1776 pauperibus
937 1705 1172 1775 Spiritus
1248 1703 1419 1758 sancti
1489 1701 1806 1755 mulieribus
1853 1699 2128 1754 humiliter

552 1800 812 1855 residere.
846 1797 971 1852 Hzec
1002 1807 1053 1852 te
1090 1797 1299 1860 sobria,
1336 1806 1388 1850 ιιι
1422 1797 1493 1850 ita
1523 1795 1730 1866 loquar,
1761 1794 1997 1849 ebrietas
2037 1793 2126 1847 do-

1498 401 1740 458 OPUSC.
1782 400 1841 456 ιι.
1883 433 1951 441 —-
1987 401 2375 463 lNS'i‘iTl‘TIO
2416 411 2760 470 MONIALIS.

3687 413 3796 470 754

1757 537 1777 568 ⁸
1812 518 1949 572 Εοοθ
1978 518 2125 573 θιοη·
2150 525 2198 584 Α
2228 524 2468 596 impulit;
2518 531 2612 585 sed
2659 531 2931 602 speciosus
2973 528 3145 586 forma
3190 545 3302 601 pra:
3347 527 3471 602 filiis
3522 525 3802 596 hominum

2230 621 2399 694 (I’sal.
2438 623 2582 694 xuv)
2630 625 2875 678 Christus
2906 625 2972 690 ad
3007 640 3115 694 sine
3163 624 3452 680 dotationis
3499 622 3801 693 amplexum

2228 733 2325 787 per
2355 716 2588 770 afllatum
2637 718 2806 770 sancti
2857 714 3089 784 Spiritus
3123 715 3435 786 provocavit
3483 732 3497 768 ε
3551 735 3568 767 ι
3607 715 3801 787 Surge,

2229 811 2418 880 inquit,
2437 812 2606 866 amica
2639 825 2778 873 mea,
2793 824 2985 879 sponsa
3015 817 3150 872 mea,
3175 819 3229 865 et
3254 811 3404 864 veni:
3428 807 3672 864 columba
3686 825 3802 866 mea

2230 903 2282 957 in
2313 903 2663 958 foraminibus
2708 911 2892 972 petrae,
2930 903 2981 955 in
3012 917 3239 955 caverna
3267 902 3550 956 macerirc:
3581 903 3805 957 ostende

2228 995 2358 1048 mihi
2391 992 2581 1048 faciem
2618 1001 2783 1053 tuam,
2828 1000 2980 1046 sonet
3027 1001 3128 1046 rex
3161 1001 3246 1045 tua
3281 993 3334 1044 in
3377 992 3595 1046 auribus
3624 992 3757 1048 meis
3788 1008 3801 1046 :

2183 1111 2188 1114 -
2228 1099 2328 1138 vox
2353 1084 2494 1139 enim
2526 1093 2614 1138 tua
2645 1082 2836 1145 dulcis,
2867 1089 2921 1138 et
2942 1083 3106 1137 facies
3133 1094 3218 1137 tua
3248 1084 3441 1138 decora
3467 1084 3641 1153 (Cant.
3665 1083 3747 1153 tt).
3780 1103 3798 1136 ι

2227 1175 2419 1230 Anima
2456 1175 2652 1244 quippe
2683 1182 2869 1229 sancta
2909 1174 3032 1243 jure
3069 1173 3266 1228 Christi
3301 1165 3470 1227 amica
3520 1183 3575 1228 et
3611 1188 3804 1243 sponsa

2229 1274 2482 1329 vocatur,
2538 1266 2662 1335 quia
2702 1264 2776 1319 illi
2822 1278 2918 1333 per
2961 1263 3120 1317 ﬁdem
3171 1263 3622 1331 dilectionemque
3674 1276 3804 1318 cou-

2223 1356 2487 1426 jungitur.
2543 1355 2649 1410 Sed
2680 1356 2793 1410 haec
2823 1369 3018 1422 sponsa
3065 1355 3220 1424 quasi
3268 1355 3442 1409 adhuc
3468 1354 3632 1423 jacet,
3681 1355 3805 1409 dum

2230 1447 2282 1500 in
2314 1446 2596 1501 mundanis
2620 1446 2920 1500 actionibus
2947 1444 3280 1515 implicatur;
3313 1454 3439 1500 tunc
3469 1445 3660 1516 surgit,
3684 1460 3805 1500 cum

2195 1587 2198 1592 .
2228 1537 2297 1615 ad
2351 1537 2685 1606 procinctum
2721 1537 2914 1591 divina;
2958 1537 3234 1590 servitutis
3267 1537 3511 1607 erigitur.
3544 1539 3619 1591 Ac
3645 1537 3689 1592 si
3724 1537 3807 1592 di-

2229 1628 2489 1694 cat:Qu:e
2519 1629 2572 1682 in
2604 1628 2880 1683 saecularis
2900 1629 3022 1682 vitae
3051 1628 3274 1684 mollitie
3295 1629 3467 1698 iaces,
3489 1629 3599 1697 jam
3627 1645 3805 1700 surge,

2231 1728 2390 1788 atque
2435 1718 2502 1772 ad
2549 1716 2813 1774 familiare
2861 1717 3268 1774 contubernium
3303 1733 3434 1772 mea:
3480 1718 3810 1789 contempla-

2201 1811 2394 1865 tionis
2422 1810 2648 1880 erigere.
2695 1827 2715 1861 ι
2757 1808 3010 1865 Columba
3058 1824 3175 1863 mea
3221 1809 3274 1862 in
3324 1808 3677 1864 foraminibus
3715 1823 3809 1878 pe-

549 1890 753 1947 cuitrut
803 1904 900 1958 pro
931 1889 1228 1942 carbasinis
1264 1888 1452 1952 lanea,
1487 1902 1584 1956 pro
1627 1886 1912 1956 purpureis
1967 1893 2128 1953 atque
2158 1878 2206 1939 B
2237 1912 2353 1957 1m.
2414 1920 2432 1954 ,
2475 1878 2532 1956 εἰ
2560 1943 2576 1968 ,
2630 1899 2787 1968 juxta
2835 1900 3149 1970 Apostolum
3177 1940 3192 1964 ,
3239 1909 3390 1970 petra
3431 1899 3677 1955 Christus
3724 1907 3809 1954 est

553 1979 798 2034 uitidulis
843 1978 986 2048 pulla
1031 1994 1093 2033 ac
1134 1978 1476 2049 despicabilia
1515 1978 1741 2048 eligeres
1792 1977 2124 2030 indumenta.

551 2071 677 2128 Haec
707 2079 758 2125 te
788 2072 1058 2141 persuasit
1102 2071 1338 2125 ebrietas
1370 2078 1427 2123 ut
1475 2069 1746 2136 siligineas
1801 2067 2026 2137 pollines
2065 2081 2130 2122 ac

549 2161 756 2218 fercula
788 2160 1012 2230 dapibus
1055 2159 1252 2215 referta
1283 2168 1662 2228 postponeres,
1692 2167 1854 2227 atque
1882 2160 1950 2212 ad
1979 2157 2129 2212 librae

550 2251 812 2322 pensilem
845 2260 895 2304 te
930 2263 1237 2302 mensuram
1265 2248 1418 2317 panis
1447 2248 1640 2302 cibarii
1669 2247 1969 2301 cohiberes.
2006 2246 2130 2301 Hac

506 2385 514 2390 .
553 2355 606 2399 te
655 2341 814 2413 plane
843 2341 1015 2411 perita
1047 2349 1100 2394 et
1127 2341 1320 2410 pudica
1355 2341 1592 2395 ebrietas
1624 2340 1869 2394 incitavit
1900 2349 1976 2404 ut,
2006 2355 2128 2394 eum

509 2473 513 2478 ε
552 2435 725 2503 primo
756 2433 1132 2488 adolescentiae
1177 2431 1308 2488 ﬂore
1352 2432 1566 2497 frueris,
1613 2433 1730 2487 viro
1780 2433 2016 2487 oheunte
2046 2447 2131 2487 re-

549 2524 706 2589 licta,
737 2540 844 2580 non
880 2535 987 2578 tam
1019 2524 1182 2582 claris
1229 2535 1449 2592 tamque
1480 2523 1780 2593 magnificis
1824 2523 2005 2593 procis
2035 2538 2131 2578 an-

551 2631 765 2680 nueres,
798 2630 926 2679 non,
958 2624 1017 2669 ut
1040 2615 1219 2670 omnia
1250 2615 1571 2672 videbantur
1603 2615 1830 2680 hortari,
1860 2615 2130 2672 thalamos

551 2709 814 2774 iterares;
859 2706 975 2773 sed,
1021 2706 1118 2762 soli
1144 2705 1253 2773 jam
1277 2705 1492 2762 Christo
1535 2706 1818 2770 victuram,
1846 2707 2046 2762 mundo
2077 2715 2130 2763 te

552 2811 818 2855 mortuam
864 2798 1167 2853 exhiberes.
1204 2798 1512 2861 Enimvero,
1538 2805 1794 2867 tanquam
1824 2799 1994 2866 perita
2039 2811 2131 2853 ue-

552 2891 803 2961 gotiatrix
828 2875 1306 2943 nundinis‘intenta
1332 2888 1634 2951 venalibus,
1666 2887 1938 2957 proiecisti
1973 2904 2129 2941 mun-

553 2980 699 3044 dum,
731 2987 787 3032 ut
819 2979 1127 3048 acquireres
1162 2977 1388 3044 coelum;
1435 2978 1741 3048 praevenisti
1768 2986 2019 3042 mortem,
2071 2986 2128 3032 ut

556 3069 878 3124 sententiam
926 3067 1118 3123 mortis
1180 3069 1463 3131 cvadercs;
1522 3068 1727 3137 clegisti
1777 3068 2129 3136 pauperiem,

554 3171 615 3220 ut
644 3163 952 3220 divitiarum
977 3179 1085 3220 non
1114 3162 1452 3233 pereuntium
1481 3163 1688 3231 copiam
1717 3161 2043 3230 possideres.

1081 3275 1245 3346 πο
1280 3273 1506 3330 CAPUT
1545 3275 1606 3329 ιι.

558 3387 708 3456 Quod
760 3388 1042 3458 aliquando
1106 3387 1240 3458 justi
1285 3389 1347 3442 ab
1400 3387 1611 3458 injustis
1671 3387 1866 3442 idcirco
1919 3389 2131 3458 permit-

625 3470 805 3514 tuntur
830 3460 1007 3540 afﬂigi,
1041 3469 1094 3513 ut
1122 3467 1356 3513 statuant
1383 3461 1450 3516 (ad
1483 3461 1648 3514 Deum
1677 3459 1757 3514 vel
1800 3475 1864 3514 ea:
1909 3461 2130 3514 necessi-

624 3539 731 3585 tate
757 3539 1001 3584 converti.

626 3641 815 3714 Atqui,
858 3651 916 3698 ut
954 3641 1250 3698 mirabilior
1281 3651 1370 3697 tua
1402 3642 1650 3698 videatur
1677 3657 1798 3698 esse
1821 3657 2126 3709 conversus,

557 3751 662 3792 non
695 3748 747 3790 te
793 3736 1025 3790 mundus
1055 3751 1086 3790 a
1115 3751 1173 3790 se
1204 3735 1422 3806 repulit,
1454 3737 1546 3791 sed
1579 3736 1725 3792 solus
1773 3736 1934 3791 ardor
1963 3736 2127 3790 divini

555 3827 791 3899 Spiritus
841 3828 1103 3884 incitavit.
1139 3828 1441 3893 Enimvero,
1482 3830 1617 3884 sicut
1664 3830 2001 3899 providentia
2049 3830 2121 3884 di-

553 3921 678 3977 vina
708 3921 972 3990 disposuit
999 3922 1066 3977 ad
1086 3921 1418 3976 educendum
1442 3921 1508 3975 de
1520 3921 1752 3992 Egypto
1771 3919 2127 3992 Israeliticum

553 4011 807 4082 populum
844 4010 1040 4081 (Exod.
1075 4011 1181 4080 tn),
1238 4019 1364 4065 tunc
1395 4019 1478 4065 est
1523 4010 1732 4081 Moyses
1762 4011 1978 4076 missus,
2005 4027 2127 4067 cum

549 4103 659 4172 jam
676 4102 885 4158 Pharao
900 4102 967 4158 ad
989 4101 1394 4172 opprimendum
1415 4102 1724 4156 illumduris
1749 4103 2002 4172 operibus
2017 4102 2130 4158 fue-

563 4205 649 4250 rat
669 4195 954 4260 excitatus,
983 4203 1246 4264 quatenus
1263 4193 1632 4250 lsraelitarum
1659 4202 1870 4248 mentes
1897 4194 2128 4265 Egypto

557 4284 868 4342 deformiter
915 4285 1259 4349 inhrerentes,
1314 4284 1451 4345 alius
1501 4285 1626 4340 dum
1668 4293 1883 4339 vocaret
1912 4324 1927 4349 ,
1976 4287 2128 4354 quasi

557 4379 825 4442 traheret;
857 4377 1150 4433 aliusvelut
1177 4377 1501 4448 impelleret,
1524 4377 1649 4432 dum
1662 4377 1895 4440 saeviret,
1921 4384 1979 4430 ut
2003 4377 2128 4436 dum

556 4469 709 4540 plebs
747 4470 800 4532 in
845 4471 1067 4526 servitio
1096 4472 1325 4540 turpiter
1354 4471 1558 4541 figitur,
1586 4469 1667 4526 vel
1697 4469 1852 4525 malis
1876 4472 2128 4540 impulsa,

555 4560 642 4617 vel
672 4561 827 4620 bouis
853 4573 1142 4633 provocata
1172 4572 1468 4618 moveatur.
1503 4562 1616 4618 Hoc
1644 4564 1806 4618 etiam
1837 4563 1891 4618 in
1932 4564 2126 4634 populo

555 4651 652 4708 Dei
706 4654 1039 4724 frequentius
1091 4655 1286 4724 agitur,
1325 4671 1480 4720 cum,
1530 4655 1837 4724 prmdicatis
1892 4656 2128 4712 caelesti-

553 4743 658 4802 bus
684 4748 938 4818 prtemiis,
963 4748 1151 4804 saevire
1171 4747 1227 4802 in
1253 4747 1453 4804 electos
1472 4747 1684 4819 reprobi
1711 4749 2124 4818 permittuntur;

553 4844 614 4893 ιιι
637 4837 706 4904 si,
728 4839 925 4904 vocati,
957 4839 1023 4894 ad
1072 4847 1270 4894 terram
1301 4839 1694 4909 promissionis,
1725 4839 1872 4894 exire
1900 4839 2127 4910 negligi—

554 4942 698 4994 mus,
745 4931 1013 5000 pressuris
1060 4930 1245 4986 saltem
1277 4931 1619 4987 smvientibus
1649 4931 2002 5001 impellamur.
2035 4930 2128 4988 At-

555 5034 658 5090 que
689 5021 802 5076 haec
829 5020 1114 5094 1Egyptus,
1149 5023 1255 5077 vita
1282 5021 1526 5078 videlicet
1571 5037 1825 5092 praesens,
1869 5037 1987 5093 quae
2029 5037 2128 5080 nos

503 5181 506 5185 λ
553 5111 820 5182 oppressit
869 5112 1180 5180 blandiens,
1230 5111 1444 5181 adjuvet
1485 5127 1767 5183 premens;
1820 5123 2125 5183 quatenus,

503 5229 512 5273 ξ
555 5215 693 5270 qua},
727 5203 851 5256 dum
908 5201 1132 5261 foveret.
1177 5201 1306 5273 jugo
1354 5218 1450 5257 nos
1498 5203 1774 5258 servitutis
1823 5204 2123 5267 attriverat,

504 5281 516 5318 ³
553 5291 819 5346 .ibertatis
865 5292 1026 5358 viam,
1053 5295 1177 5348 dum
1221 5290 1425 5365 affligit,
1469 5281 1736 5350 ostendat.
1782 5293 1905 5348 llaec
1944 5294 2126 5364 itaque

554 5398 713 5437 causa
741 5393 824 5439 est
853 5385 992 5456 quod
1037 5386 1103 5440 ab
1135 5383 1346 5453 iniustis
1379 5386 1508 5457 justi
1551 5386 1800 5448 sinuntur
1829 5386 2009 5456 afﬂigi,
2045 5393 2124 5451 ut,

555 5475 681 5530 dum
730 5475 909 5532 futura
963 5477 1186 5532 audiunt
1231 5478 1368 5534 bona
1403 5493 1522 5548 quae
1554 5477 1820 5549 diligunt,
1855 5479 2129 5548 patiantur

552 5567 714 5620 ctiam
739 5566 876 5621 mala
904 5569 1185 5638 praesentia
1211 5585 1330 5638 qua:
1369 5568 1815 5640 perhorrescunt,
1867 5577 2028 5638 atque
2057 5568 2124 5626 ad

552 5653 850 5714 faciliorem
898 5660 1100 5714 exitum
1128 5699 1141 5724 ,
1175 5660 1299 5713 dum
1330 5674 1482 5712 amor
1526 5665 1818 5728 provocat,
1853 5659 2125 5714 cruciatus

554 5745 815 5818 impellat.
867 5747 983 5804 Tibi
1025 5759 1202 5804 autem
1235 5765 1355 5804 cum
1387 5749 1508 5820 vitae
1534 5748 1691 5818 hujus
1737 5750 1970 5820 undique
1996 5766 2121 5821 pro-

554 5842 781 5916 speritas
802 5844 1084 5913 arrideret,
1117 5859 1220 5898 non
1253 5855 1303 5898 te
1334 5844 1583 5910 mundus,
1612 5844 1702 5916 qui
1729 5839 2122 5911 blandicbatur,

2233 1992 2286 2063 (Ι
2325 1992 2447 2047 Cor.
2478 1993 2558 2062 χ),
2589 1991 2854 2047 foramina
2891 2002 3056 2061 petrae
3081 1991 3302 2046 vulnera
3334 2001 3455 2046 sunt
3486 1990 3810 2061 Redempto-

2233 2086 2330 2148 ris,
2354 2100 2471 2154 qua:
2499 2075 2745 2154 profecto
2795 2101 2902 2140 non
2956 2101 3083 2141 casu
3129 2087 3368 2156 quinque
3415 2094 3560 2151 sunt,
3611 2085 3810 2141 lancea:

2232 2178 2437 2233 scilicet
2466 2187 2521 2232 et
2562 2179 2868 2243 clavorum;
2906 2180 3000 2233 sed
3041 2179 3165 2248 quia
3208 2193 3306 2232 nos
3352 2178 3629 2232 fueramus
3654 2178 3812 2247 quin—

2231 2283 2335 2337 que
2363 2283 2620 2323 sensuum
2665 2267 2978 2323 vulneribus
3026 2267 3274 2332 sauciati,
3318 2281 3414 2336 per
3450 2267 3547 2320 bas
3574 2267 3809 2335 quinque

2232 2361 2417 2433 plagas
2461 2361 2623 2416 saluti
2673 2375 2860 2416 sumus
2908 2368 3179 2431 perpetua:
3208 2359 3464 2415 restituti.
3496 2357 3616 2412 ista:
3643 2355 3784 2426 siqui

2232 2453 2352 2508 dem
2384 2461 2552 2522 porta:
2581 2462 2738 2508 erant
2765 2469 2860 2523 per
2893 2468 3030 2524 quas
3055 2453 3142 2508 die
3173 2451 3394 2507 Sabbati
3428 2450 3712 2521 propheta,
3740 2462 3807 2502 ne

2232 2543 2565 2599 inferrentur
2605 2559 2771 2599 onera
2812 2544 3020 2615 gravia,
3069 2543 3409 2613 prohibebat.
3454 2541 3510 2598 In
3553 2541 3638 2596 bis
3681 2551 3811 2609 ergo

2232 2636 2589 2694 foraminibus
2651 2637 2746 2692 Dei
2796 2637 3044 2692 columba
3105 2635 3392 2701 consistit,
3439 2633 3565 2703 quia
3624 2638 3810 2686 sancta

2232 2729 2483 2798 quaelibet
2529 2730 2705 2786 anima
2743 2738 2909 2785 totam
2943 2729 3171 2799 propriae
3208 2727 3398 2784 salutis
3430 2741 3578 2796 spem
3627 2724 3684 2778 in
3725 2721 3809 2777 sui

2233 2822 2610 2891 Redemptoris
2653 2822 2903 2892 passione
2950 2821 3248 2877 constituit.
3291 2820 3366 2875 lbi
3395 2817 3542 2874 velut
3567 2817 3636 2871 ab
3663 2814 3809 2870 accl-

2233 2913 2388 2981 pitris
2423 2913 2639 2966 incursu
2671 2910 3006 2975 defenditur,
3039 2910 3163 2979 quia
3211 2924 3240 2963 a
3290 2907 3498 2963 cunctis
3548 2903 3810 2974 maligno-

2234 3019 2352 3057 rutu
2402 3004 2687 3072 spirituum
2718 3003 2930 3058 insidiis
2975 2999 3297 3056 custoditur.
3329 2997 3404 3052 lbi
3451 2996 3607 3065 plane
3633 2993 3810 3048 nidiﬁ-

2235 3104 2344 3158 cat,
2371 3094 2496 3164 quia
2532 3093 2639 3148 illic
2669 3093 2810 3148 fetus
2843 3095 3107 3146 honorum
3153 3105 3374 3160 operum
3403 3078 3705 3142 coacervat.
3734 3085 3810 3139 De

2236 3185 2337 3240 hac
2366 3196 2520 3256 petra
2550 3200 2643 3257 per
2668 3185 3006 3240 Psahnistam
3052 3185 3246 3239 dicitur
3279 3197 3294 3236 :
3330 3201 3348 3234 ι
3381 3181 3587 3235 Montes
3614 3177 3811 3233 excelsi

2233 3278 2430 3342 cervis,
2453 3289 2604 3347 petra
2629 3277 2892 3349 refugiunt
2917 3277 3072 3348 771
3099 3274 3400 3332 herinaceis
3424 3271 3595 3342 (Psat.
3623 3271 3756 3340 CIII).
3783 3291 3802 3324 ι

2233 3369 2369 3437 Quid
2400 3370 2544 3426 enim
2574 3371 2675 3425 hoc
2699 3369 2816 3426 loco
2842 3383 2936 3439 per
2981 3379 3212 3431 montes,
3261 3367 3361 3421 nisi
3406 3365 3526 3420 alla:
3560 3363 3806 3431 Scriptu-

2232 3478 2413 3516 rarum
2449 3462 2806 3532 intelligendas
2847 3471 2973 3516 sunt
3000 3458 3429 3532 profunditates?
3459 3457 3521 3512 lli
3550 3455 3806 3510 nimirum

2231 3558 2324 3629 qui
2348 3558 2460 3628 jam
2500 3558 2630 3612 dare
2658 3554 3126 3625 contemplationis
3156 3553 3325 3609 saltus
3356 3557 3642 3612 noverunt,
3671 3547 3808 3603 altos

2231 3651 2621 3704 sententiarum
2685 3647 2990 3702 divinarum
3043 3647 3276 3700 vertices
3325 3645 3476 3714 quasi
3523 3640 3806 3699 cacumina

2231 3747 2486 3794 montana
2517 3738 2903 3794 conscendunt.
2935 3737 3018 3791 Ad
3061 3752 3180 3806 qua:
3225 3736 3474 3807 profesto
3527 3733 3806 3789 cacumina

2230 3829 2356 3898 quia
2385 3828 2585 3886 infirmi
2617 3829 2922 3899 pertingere
2961 3837 3258 3898 nequeunt,
3299 3836 3444 3881 recte
3485 3824 3595 3880 illic
3621 3822 3807 3878 subdi-

2232 3932 2320 3982 tur
2349 3940 2362 3976 :
2397 3941 2416 3974 ι
2455 3921 2614 3976 Petra
2647 3920 2910 3992 refugium
2941 3919 3264 3976 Iteriaaceis.
3312 3937 3331 3971 ι
3377 3917 3512 3986 Quia
3561 3914 3810 3970 videlicet

2205 4015 2494 4074 invalidos
2539 4029 2780 4084 quosque
2808 4029 2912 4076 nou
2959 4010 3315 4082 intelligentia
3364 4009 3608 4064 sublimis
3653 4022 3810 4062 exer-

2229 4115 2334 4170 cet,
2389 4107 2481 4161 sed
2531 4104 2644 4158 sola
2681 4105 2734 4160 iu
2787 4104 3004 4158 Christo
3047 4103 3177 4157 fides
3224 4101 3499 4156 humiliter
3546 4100 3804 4156 continet.

2231 4196 2382 4264 Quod
2418 4204 2596 4250 autem
2632 4194 2740 4248 illic
2765 4195 2980 4249 additur
3011 4212 3024 4248 ι
3061 4213 3078 4246 ι
3113 4192 3170 4247 lu
3204 4206 3436 4247 caverna
3474 4190 3750 4255 maceriae;
3783 4208 3802 4241 ι

2227 4289 2403 4344 solent
2425 4303 2489 4346 ex
2520 4287 2786 4356 lapidibus
2821 4286 3076 4341 maceriae
3107 4284 3241 4344 fieri,
3285 4284 3352 4338 ad
3381 4283 3681 4338 custodiam
3726 4282 3808 4336 vi-

2229 4397 2475 4446 nearum,
2527 4381 2667 4436 sicut
2708 4397 2803 4451 per
2853 4380 3048 4435 lsaiam
3094 4379 3336 4434 dicitur:
3381 4395 3400 4428 ι
3447 4375 3614 4430 Vinea
3669 4373 3806 4428 facta

2229 4483 2313 4534 est
2341 4475 2538 4532 dilecto
2568 4489 2690 4530 meo
2719 4475 2772 4529 in
2802 4491 2967 4530 cornu
3001 4474 3055 4529 in
3104 4473 3222 4530 loco
3251 4470 3435 4534 uberi,
3476 4479 3531 4525 et
3573 4466 3805 4523 maceria

2231 4565 2587 4622 circumdedit
2634 4572 2689 4620 et
2734 4564 3077 4620 circnmfodit
3125 4571 3244 4618 eam
3297 4561 3452 4634 (lsai.
3481 4559 3556 4629 v).
3606 4575 3625 4609 ι
3665 4554 3804 4623 Quid

2230 4672 2358 4729 ergo
2409 4671 2505 4726 per
2551 4657 2840 4710 maceriam
2887 4655 3162 4726 lapidum,
3218 4653 3321 4708 nisi
3384 4650 3690 4722 praesidium
3753 4653 3807 4702 et

2209 4750 2488 4820 excubias
2526 4749 2874 4819 intelligimus
2919 4747 3268 4819 angelorum?
3307 4744 3512 4812 Quibus
3559 4740 3806 4798 videlicet

2231 4841 2410 4898 anima
2469 4841 2520 4897 in
2569 4840 2867 4897 certamine
2916 4839 3131 4910 posita,
3189 4837 3315 4892 dum
3368 4833 3601 4890 vallatur
3643 4842 3804 4901 atque

2232 4935 2641 4999 circumdatur,
2692 4949 2722 4987 a
2773 4932 2989 4988 cunctis
3054 4928 3452 4984 adversantium
3517 4924 3800 4995 spirituum

2233 5023 2628 5080 tentationibus
2700 5023 3025 5082 custoditur.
3086 5019 3255 5074 Porro
3315 5017 3456 5087 quod
3511 5014 3798 5084 sequitur:

2237 5135 2257 5176 ι
2297 5115 2533 5172 Ostende
2558 5113 2687 5176 mihi
2718 5111 2912 5168 faciem
2948 5120 3124 5174 tuam;
3166 5128 3184 5160 ι
3228 5117 3357 5164 tunc
3387 5106 3566 5162 anima
3595 5102 3800 5159 caelesti

2233 5193 2444 5276 Spouso
2493 5204 2687 5263 faciem
2744 5218 2896 5271 suam
2946 5201 3236 5285 ostendere
3273 5199 3490 5262 dicitur,
3523 5211 3643 5251 cum
3687 5193 3802 5262 ejus

2230 5298 2466 5367 Speciem
2544 5295 2774 5352 internis
2842 5293 3120 5350 obtutibus
3171 5291 3323 5361 quasi
3383 5288 3616 5344 revelata
3665 5285 3802 5351 facie

2230 5388 2648 5459 contemplatur.
2705 5407 2721 5440 ι
2753 5387 2941 5450 Sonet,
2989 5386 3182 5456 inquit,
3233 5400 3335 5439 vox
3365 5394 3454 5437 tua
3485 5383 3538 5435 in
3582 5379 3802 5440 auribus

2230 5483 2366 5537 meis
2401 5501 2412 5534 :
2446 5497 2548 5535 vox
2575 5480 2717 5535 enim
2749 5488 2835 5534 tua
2866 5479 3060 5543 dulcis,
3103 5487 3158 5533 et
3200 5477 3366 5532 facies
3395 5485 3480 5529 tua
3513 5474 3727 5528 decora.
3774 5490 3794 5536 ι

2229 5571 2273 5626 0
2303 5585 2463 5640 quam
2492 5585 2654 5624 suave
2676 5570 3082 5633 commercium,
3113 5569 3218 5622 imo
3236 5583 3398 5636 quam
3423 5557 3798 5618 inenarrabilis

2228 5662 2453 5717 dulcedo
2482 5661 2534 5715 in
2564 5661 2815 5717 humanis
2861 5659 3161 5716 visceribus
3185 5658 3388 5712 oriturl
3424 5669 3544 5710 cum
3575 5651 3801 5716 Creator

2227 5763 2281 5809 et
2314 5764 2560 5810 creatura
2617 5753 2840 5810 alternis
2891 5753 2942 5808 in
2975 5766 3032 5807 se
3079 5750 3307 5806 invicem
3351 5745 3630 5802 affectibus
3657 5740 3798 5824 dele:

2225 5856 2440 5904 ctantur
2465 5887 2480 5914 ,
2515 5847 2653 5904 sicut
2683 5861 2780 5922 per
2818 5844 3140 5919 Prophetam
3170 5841 3366 5900 dicitur
3389 5855 3461 5918 ται
3493 5832 3800 5917 διιιιιιὶεῌείι
