4138 6320
395 334 499 392 755

818 334 875 392 S.
919 334 1122 391 PETRI
1159 333 1441 424 DAMIANI
1479 335 1630 395 OPP.
1672 338 1909 396 TOMUS
1945 339 1959 394 ξ

2053 294 2295 402 ipsas
2335 347 2416 405 ιιι.
2450 377 2519 389 -
2561 346 2924 408 OPUSCULA
2959 349 3187 407 vanu.

2197 264 2224 296 λ

3499 403 3502 408 ,
3543 350 3646 412 736

391 458 442 517 ei
491 454 729 513 laudatio
777 469 898 514 mea
928 496 944 525 ,
994 468 1094 527 ego
1123 470 1256 514 vero
1285 455 1596 514 delectabor
1642 457 1696 514 in
1747 457 1975 518 Domino
1997 461 2054 524 Α
2076 463 2333 532 Operibus
2358 463 2568 519 videtur
2591 465 2858 533 intentus,
2878 467 2972 521 sed
2995 484 3024 522 a
3049 467 3214 522 divini
3244 468 3446 525 amoris
3473 479 3648 541 torpet

390 548 566 624 (Psal.
592 547 736 622 om).
771 567 790 602 ι

1005 640 1237 700 CAPUT
1273 640 1361 698 ΙΙΙ.

2075 552 2329 610 incendio
2387 554 2650 627 frigidus;
2693 557 2806 627 jam
2845 558 2957 638 jste
3006 560 3312 616 sanctitatis
3363 562 3647 634 imaginem

2028 705 2032 709 Α
2073 659 2238 715 super
2266 646 2547 702 brachium
2579 648 2793 718 posuit,
2834 650 2928 704 sed
2957 650 3134 704 adhuc
3173 651 3226 705 in
3259 652 3422 708 corde
3448 653 3648 710 Christi

391 753 544 822 Quod
565 755 784 836 (Im-84,“.
801 762 1130 836 contemptor.
1165 753 1350 836 me?“
1376 754 1445 809 ad
1473 755 1570 811 hoc
1587 757 1742 836 lie-be,
1772 753 1974 831 semper
2073 736 2409 836 signaculum
2466 753 2572 794 non
2628 740 2914 836 expressit.
2967 739 3039 836 [lt
3088 757 3218 813 ergo
3247 752 3436 798 sancta
3469 745 3647 801 anima

656 824 808 894 eniti,
839 824 1187 897 utmorveniat
1215 825 1285 880 ad
1312 842 1542 882 amorem
1572 827 1693 885 Dei.

455 934 524 993 Et
551 935 669 993 haec
692 943 779 992 est
800 950 1011 992 summa
1033 935 1322 1007 cujuslibet
1342 947 1544 995 sancta:
1564 939 1760 997 animae
1783 943 1968 1000 mundi

382 1028 611 1085 nexibus
660 1029 926 1101 expedita:
971 1036 1134 1099 atque
1159 1028 1251 1085 hic
1281 1035 1390 1086 tota
1436 1032 1644 1088 versari
1695 1031 1855 1089 debet
1885 1035 1970 1090 in-

383 1120 598 1188 tentio,
645 1131 706 1178 ut
759 1120 828 1177 ad
880 1136 1122 1178 amorem
1179 1122 1274 1178 Dei
1310 1138 1411 1194 per
1463 1125 1703 1180 omnium
1745 1141 1966 1185 suorum

380 1227 604 1283 operum
661 1213 996 1271 incrementa
1054 1216 1383 1285 contendat,
1432 1225 1487 1273 et
1532 1218 1856 1290 quandoque
1910 1220 1966 1276 in

380 1303 494 1380 veri
545 1300 744 1374 Sponsi
789 1304 1180 1362 delectabiliter
1239 1307 1578 1378 amplexibus
1639 1310 1962 1380 requiescat.

374 1371 534 1452 Sicut
574 1371 718 1453 enim
744 1398 868 1469 quis
896 1399 966 1454 ad
1009 1399 1114 1456 hoc
1147 1371 1532 1458 ecclesiasticis
1560 1371 1831 1473 gradibus
1861 1405 1965 1460 ini-
2027 1437 2034 1444 -

380 1490 546 1546 tiatur
579 1499 637 1547 ut
679 1492 747 1548 ad
773 1493 1062 1550 sacerdotii
1089 1493 1304 1550 culmen
1335 1495 1596 1564 attingat,
1626 1496 1712 1552 vel
1749 1498 1960 1568 potius,

381 1589 444 1660 u_t
478 1588 568 1635 tua
591 1581 855 1648 dicamus,
882 1583 950 1638 ad
971 1583 1077 1638 hoc
1102 1583 1255 1656 virgo
1297 1584 1576 1641 dotatione
1603 1586 1964 1643 subarrhatur

377 1679 438 1725 ut
459 1670 626 1728 nubat
644 1714 658 1738 ,
687 1673 760 1728 ita
781 1674 1040 1730 nimirum
1067 1690 1256 1732 omnes
1285 1675 1540 1732 saeculum
1575 1677 1960 1750 relinquentes

374 1761 442 1816 ad
473 1763 576 1819 hoc
619 1763 817 1820 debent
861 1779 1077 1836 semper
1105 1766 1237 1821 eniti
1269 1775 1328 1821 ut
1356 1767 1562 1823 auctori
1614 1784 1713 1824 suo
1748 1769 1961 1826 valeant

373 1853 580 1912 arctius
613 1854 667 1909 in
715 1870 902 1912 amore
928 1857 1200 1929 conjungi.
1251 1857 1504 1930 Alioquin
1549 1861 1677 1931 quid
1707 1863 1960 1931 proderat

368 1945 556 2019 jugum
616 1948 953 2022 Egyptiaea:
985 1953 1278 2010 servitutis
1323 1955 1666 2026 abrumpere,
1711 1956 1957 2014 Rubrum

374 2031 525 2097 mare
549 2043 802 2110 transire,
832 2044 878 2100 si
923 2053 1124 2101 terram
1173 2044 1330 2102 lactis
1372 2061 1438 2103 ac
1489 2047 1662 2105 mellis
1700 2049 1958 2121 irriguam

372 2145 646 2202 nunquam
695 2134 918 2190 daretur
970 2135 1212 2193 intrare?
1244 2136 1356 2194 Lac
1398 2139 1596 2209 quippe
1635 2138 1844 2195 fructus
1874 2148 1960 2197 est

372 2224 576 2290 carnis,
609 2225 713 2281 mel
748 2227 952 2284 labitur
979 2229 1046 2286 de
1074 2230 1344 2301 supernis.
1380 2230 1448 2286 Et
1478 2231 1604 2302 quia
1628 2231 1960 2304 Redemptor

370 2327 558 2375 noster
589 2320 654 2377 de
677 2321 818 2378 coelo
843 2323 1071 2381 veniens
1096 2340 1317 2382 carnem
1367 2327 1606 2397 suscepit
1629 2342 1698 2383 ex
1723 2327 1956 2400 virgine,

370 2409 487 2467 haec
543 2421 626 2469 est
667 2421 808 2470 terra
855 2415 946 2471 illa
973 2417 1271 2474 viventium
1301 2461 1317 2486 ,
1381 2418 1448 2474 ad
1494 2434 1654 2489 quam
1700 2420 1959 2477 debemus

371 2501 595 2562 intentis
630 2522 846 2579 semper
889 2510 1090 2567 amoris
1139 2511 1417 2582 gressibus
1463 2511 1744 2569 festinare.
1797 2513 1956 2570 Hunc

369 2593 664 2666 Sponsum,
695 2600 1020 2656 venerabilis
1071 2617 1227 2658 soror
1250 2644 1264 2668 ,
1317 2618 1460 2658 verae
1489 2603 1774 2660 charitatis
1813 2605 1956 2663 ulnis

368 2686 718 2757 amplectere,
755 2704 918 2760 super
944 2691 1049 2747 hoc
1066 2693 1594 2764 jugiter‘delectare,
1618 2696 1834 2766 inquam
1855 2739 1869 2762 ,
1901 2698 1956 2753 in

369 2777 599 2835 Domino
627 2821 643 2847 ,
695 2791 751 2836 et
777 2783 928 2838 dabit
979 2783 1074 2838 tibi
1127 2785 1414 2856 petitiones
1442 2787 1622 2844 cordis
1653 2789 1727 2842 tui
1775 2787 1953 2860 (Psal.

370 2871 588 2942 xxxvn).
662 2870 830 2941 Hujus
895 2891 1096 2946 corpus
1170 2885 1224 2932 et
1276 2879 1593 2950 sanguinem
1644 2879 1807 2936 etiam
1861 2896 1957 2937 ore
2025 2881 2028 2883 λ

370 2963 552 3018 carnis
583 2963 828 3021 crebrius
859 2967 1092 3038 suscipe,
1124 2977 1186 3024 ut
1219 2969 1361 3027 hanc
1389 2969 1506 3040 ejus
1549 2987 1733 3028 vocem
1761 2975 1955 3030 merito

367 3057 541 3126 possis
574 3057 760 3112 audire
789 3076 803 3113 :
842 3058 1074 3116 «“Favus
1095 3060 1364 3118 distillans
1408 3062 1549 3120 labia
1585 3059 1697 3133 tua,
1725 3081 1949 3137 sponsa,
2023 3075 2028 3080 '

367 3147 474 3203 mel
522 3158 578 3204 et
638 3148 720 3205 lac
773 3150 873 3206 sub
922 3151 1102 3224 lingua
1161 3163 1253 3209 tua
1283 3151 1499 3228 (Cant.
1529 3157 1645 3229 tv).
1678 3176 1697 3210 ι
1751 3155 1949 3213 Terre-

2069 828 2274 886 Christi
2303 831 2624 887 charactere
2649 833 2934 902 utrobique
2963 832 3228 904 signetur,
3255 850 3377 890 eum
3410 836 3463 891 in
3489 837 3650 893 corde

2067 938 2166 979 suo
2192 925 2524 996 signaculum
2546 934 2710 996 ponat
2727 967 2742 988 ,
2771 935 2831 980 ut
2853 928 3054 982 amoris
3073 927 3190 998 ejus
3215 929 3422 985 facibus
3444 929 3651 986 medul-

2067 1015 2547 1072 litus'inardescat.
2589 1017 2765 1072 Ponat
2803 1017 2967 1072 etiam
3009 1027 3404 1090 consequenter
3439 1019 3493 1074 in
3527 1023 3652 1075 bra-

2065 1105 2192 1160 chio
2214 1145 2228 1170 ,
2257 1113 2316 1160 ut
2343 1105 2448 1176 piis
2473 1106 2730 1176 operibus
2765 1105 3011 1162 valenter
3034 1107 3268 1163 insistat.
3303 1107 3649 1180 Signaculum

2065 1195 2265 1254 Paulus
2290 1198 2345 1254 in
2380 1213 2608 1270 corpore
2639 1215 2770 1265 suo,
2801 1200 2948 1256 velut
2977 1201 3028 1255 in
3062 1201 3319 1268 brachio,
3343 1201 3526 1258 Jesum
3555 1219 3652 1274 po-

2021 1330 2026 1334 .
2067 1297 2272 1356 suerat,
2299 1305 2420 1345 cum
2443 1290 2658 1346 dicebat
2689 1309 2703 1346 :
2735 1309 2754 1344 ι
2777 1292 2888 1364 Ego
2909 1292 3165 1363 stigmata
3187 1292 3313 1350 Jesu
3344 1294 3395 1349 in
3424 1308 3652 1365 corpore

2065 1395 2186 1437 meo
2211 1391 2367 1452 porto
2400 1379 2542 1454 (Gal.
2575 1382 2674 1453 vt).
2708 1402 2727 1435 ι
2763 1382 3108 1454 Signaculum
3147 1400 3442 1456 supercor
3467 1385 3650 1443 Iesum

2064 1482 2354 1543 posuerat,
2405 1489 2528 1530 cum
2560 1475 2690 1531 alibi
2738 1475 3166 1546 gratulabundus
3208 1477 3430 1533 aiebat:
3469 1496 3488 1530 ι
3522 1477 3648 1532 Mihi

2027 1613 2030 1616 .
2063 1571 2243 1618 autem
2269 1563 2412 1619 absit
2433 1564 2678 1637 gloriari,
2705 1566 2807 1621 nisi
2829 1569 2889 1621 in‘
2905 1583 3068 1624 cruce
3090 1569 3304 1624 Domini
3328 1570 3500 1624 nostri
3522 1567 3648 1624 Jesu

2025 1679 2028 1681 λ
2062 1651 2298 1718 Christi,
2339 1670 2436 1726 per
2481 1670 2641 1726 quem
2675 1657 2806 1712 mihi
2838 1658 3072 1715 mundus
3117 1659 3410 1715 cruciﬁxus
3439 1667 3560 1726 est,
3593 1669 3650 1716 et

2063 1760 2163 1816 ego
2189 1747 2408 1803 mundo!
2444 1767 2464 1802 ι
2507 1747 2696 1820 (Ιὺὶά.)
2721 1748 2889 1819 Cujus
2928 1766 3061 1806 sane
3105 1751 3362 1824 stigmata
3389 1767 3648 1823 expressa

1990 1837 2037 1898 Β
2065 1840 2290 1911 gerebat
2321 1841 2374 1896 in
2403 1856 2630 1912 corpore
2650 1885 2665 1910 ,
2711 1843 2826 1912 ejus
2852 1860 2910 1900 se
2939 1846 3274 1917 signaculum
3310 1848 3512 1904 habere
3537 1848 3653 1919 glo-

2063 1931 2306 1987 riabatur
2357 1934 2410 1988 in
2467 1943 2670 1991 mente.
2710 1935 2884 1994 Porro
2929 1947 3109 1994 autem
3158 1947 3214 1994 et
3260 1939 3373 2010 ipse
3410 1939 3652 1998 coelestia

2061 2023 2344 2094 Sponsus,
2399 2025 2631 2083 electum
2677 2045 2948 2101 quemque
2992 2047 3149 2087 suum
3182 2033 3282 2088 sibi
3310 2034 3650 2106 signaculum

2058 2118 2230 2190 ponit,
2263 2135 2496 2190 eumque
2522 2129 2677 2191 grata
2700 2121 2821 2179 vice
2846 2165 2860 2190 ,
2892 2132 3150 2194 tanquam
3187 2140 3256 2180 ne
3291 2126 3358 2180 de
3386 2125 3650 2182 memoria

2059 2208 2325 2276 deleatur,
2347 2212 2598 2266 attendit.
2620 2211 2782 2268 Juxta
2813 2215 2954 2283 quod
2975 2213 3276 2271 Zorobabel
3304 2215 3427 2270 duci
3449 2214 3648 2272 Judazae

2058 2300 2340 2378 pollicetur
2361 2341 2375 2366 ,
2408 2301 2596 2359 dicens
2625 2321 2638 2358 :
2672 2322 2691 2356 ‹
2720 2305 2778 2359 1η
2809 2305 2897 2360 illa
2929 2307 3016 2362 die
3046 2308 3338 2378 suspiciam
3370 2317 3439 2371 te,
3472 2307 3646 2365 Zoro-

2054 2376 2210 2448 babel
2238 2407 2393 2450 serve
2421 2409 2607 2463 meus,
2638 2403 2692 2451 et
2717 2412 2915 2467 ponam
2948 2407 3000 2454 te
3029 2401 3169 2455 sicut
3209 2401 3553 2472 signaculum
3585 2401 3647 2459 in

2058 2495 2350 2556 conspectu
2379 2503 2501 2543 meo
2525 2489 2727 2561 (Aggan‘
2754 2492 2838 2560 ιι).
2874 2511 2893 2545 ι
2931 2491 3181 2558 Econtra,
3212 2494 3278 2548 de
3306 2495 3540 2564 quodam
3564 2506 3650 2552 ro-

2057 2582 2228 2652 probo
2251 2598 2376 2654 rege
2397 2583 2658 2640 Dominus
2681 2586 2842 2641 dicit:
2869 2587 2954 2643 «Si
2978 2588 3142 2644 fuerit
3163 2587 3478 2656 Jechonias,
3507 2589 3652 2648 ﬁlius

2056 2671 2262 2730 Joacim
2294 2675 2438 2746 regis
2468 2676 2605 2731 Juda
2635 2719 2650 2743 ,
2698 2679 2930 2734 annulus
2964 2679 3157 2736 dexter
3198 2681 3250 2736 in
3293 2696 3454 2737 manu
3485 2694 3604 2738 mea
3629 2719 3650 2752 ,

2023 2788 2026 2790 ν
2056 2767 2180 2824 inde
2202 2768 2428 2825 evellam
2452 2785 2576 2827 eum
2606 2771 2741 2843 (Jer.
2773 2774 2931 2844 xxii).
2966 2795 2984 2828 ι

2673 2862 2900 2920 CAPUT
2937 2865 3026 2921 IV.

2054 2973 2392 3042 Exhortatio,
2433 2984 2489 3030 ut
2524 2977 2579 3032 in
2607 2956 2842 3062 caelestis_
2865 2977 3057 3049 Sponsi
3098 2995 3300 3052 semper
3323 2978 3648 3052 amplexibus

2695 3060 3008 3121 requiescat.
3069 3069 3074 3074 “
3347 3072 3352 3077 ·

2125 3137 2204 3191 Ad
2237 3137 2376 3193 hanc
2403 3152 2534 3209 ergo
2574 3148 2652 3206 tu,
2679 3140 3004 3198 venerabilis
3029 3157 3206 3209 soror,
3237 3143 3454 3201 assidue
3482 3145 3649 3201 vicis-

369 3249 459 3295 ιιη.
526 3241 671 3297 enim
760 3205 1102 3302 adversa;us
1128 3287 1142 3313 ,
1229 3205 1352 3303 συξη
1434 3205 1728 3304 ειπίείιδηί
1807 3250 1951 3305 labia
1979 3205 2026 3270 (ἶ
2055 3231 2344 3286 situdinem
2375 3240 2580 3305 satage,
2613 3241 2671 3288 ut
2694 3245 2748 3289 et
2778 3235 3016 3292 caelestis
3045 3236 3288 3309 Sponsus
3323 3254 3423 3310 per
3450 3242 3650 3298 amoris

367 3331 566 3386 Christi
638 3332 787 3387 videt
861 3349 1055 3390 cruore
1128 3337 1396 3391 rubentia.
1474 3337 1735 3410 Agnoscit
1808 3340 1951 3395 enim

367 3422 529 3496 772
556 3433 752 3494 praesto
781 3440 890 3480 sua:
915 3426 1237 3498 perditionis
1267 3428 1548 3496 indicium,
1572 3437 1628 3485 et
1653 3429 1847 3485 divinae
1873 3431 1955 3486 vi-

364 3516 551 3570 ctoriae
572 3556 587 3581 ,
635 3532 739 3588 qua
785 3519 1086 3589 captivatus
1115 3529 1198 3576 est
1223 3530 1278 3576 et
1303 3522 1532 3577 obrutus
1558 3563 1573 3587 ,
1606 3537 1712 3576 non
1759 3523 1954 3578 tolerat

365 3605 808 3664 instrumentum.
849 3609 1103 3665 Christus
1147 3625 1277 3681 ergo
1315 3625 1414 3682 per
1442 3612 1765 3682 mysterium
1797 3627 1953 3669 suum

368 3699 462 3760 tibi
487 3700 734 3756 videatur
751 3701 805 3756 in
827 3716 942 3768 ore,
973 3711 1028 3758 et
1048 3703 1297 3766 Christus
1317 3719 1415 3774 per
1437 3704 1520 3760 sui
1543 3705 1746 3761 amoris
1772 3707 1956 3762 incen-

366 3789 511 3846 diuni
557 3791 653 3848 tibi
683 3793 829 3849 vivat
861 3808 1077 3865 semper
1105 3796 1160 3851 in
1189 3796 1373 3863 corde,
1402 3798 1764 3868 utfcongruat
1790 3798 1954 3854 etiam

365 3884 463 3938 tibi
503 3887 645 3956 quod
707 3903 903 3958 sponsa
957 3889 1088 3946 dicit
1139 3891 1195 3946 in
1245 3889 1538 3949 Canticis:
1585 3911 1604 3944 ς
1641 3891 1954 3950 Fasciculus

364 3975 631 4045 myrrhae,
661 3977 890 4036 dilectus
916 3995 1068 4036 meus
1100 3981 1230 4038 mihi
1251 4023 1269 4051 ,
1300 3983 1443 4039 inter
1468 3983 1633 4040 ubera
1660 3997 1780 4039 mea
1806 3998 1956 4040 com-

365 4067 670 4124 morabitur
696 4067 872 4143 (Cant.
899 4073 959 4143 ι).
985 4092 1002 4126 ι
1036 4073 1173 4140 Quid
1195 4075 1338 4130 enim
1362 4090 1459 4146 per
1482 4077 1782 4148 myrrham,
1809 4091 1956 4131 ama-

339 4159 637 4237 ‘rissimam
693 4161 946 4218 videlicet
994 4165 1254 4221 aromatis
1303 4166 1576 4236 speciem,
1633 4182 1741 4236 qua
1789 4167 1955 4221 etiam

364 4248 738 4305 defunctorum
758 4253 1021 4308 cadavera
1048 4255 1398 4321 condiuntur,
1421 4256 1524 4311 nisi
1547 4255 1748 4312 Christi
1771 4257 1954 4328 passio

366 4345 716 4417 designatur?
745 4347 884 4415 Quid
913 4349 1055 4404 aliud
1083 4351 1224 4406 inter
1251 4353 1442 4418 ubera,
1471 4353 1574 4408 nisi
1599 4352 1749 4409 locus
1774 4353 1956 4410 cordis

364 4439 710 4509 agnoscitur?
736 4436 994 4510 Quisquis
1016 4442 1180 4512 igitur
1199 4457 1386 4499 amore
1407 4445 1666 4500 continuo
1679 4444 1954 4501 Christum

361 4527 416 4584 in
448 4543 648 4584 arcano
687 4530 770 4584 sui
795 4531 974 4587 cordis
1018 4525 1392 4602 amplectitur,
1424 4537 1670 4607 quisquis
1703 4536 1954 4592 imitandi

375 4620 545 4690 gratia
578 4619 845 4690 passionis
873 4624 1191 4693 mysterium
1217 4621 1420 4693 jugiter
1447 4629 1740 4682 meditatur
1763 4670 1777 4694 ,
1829 4629 1954 4686 huic

360 4709 604 4780 profecto
627 4712 862 4783 myrrha:
889 4711 1181 4769 fasciculus
1202 4713 1452 4771 Christus
1478 4714 1726 4782 eliicitur,
1752 4727 1916 4789 atque
1935 4759 1952 4786 ,

356 4801 511 4873 juxta
535 4803 830 4876 Scripturae
866 4821 1038 4862 sacrae
1067 4808 1392 4864 sententiam
1415 4849 1430 4875 ,
1459 4810 1602 4866 inter
1636 4809 1753 4879 ejus
1784 4811 1953 4867 ubera

359 4907 754 4953 commoratur.
801 4897 955 4954 Unde
987 4909 1043 4954 et
1090 4902 1228 4957 idem
1264 4900 1505 4973 Sponsus
1552 4901 1618 4956 ad
1651 4918 1903 4974 sponsam
1936 4921 1952 4960 :

366 5006 386 5041 ι
416 4988 560 5046 Pone
605 5007 711 5059 me,
743 4992 836 5058 ait,
885 5001 945 5047 ut
967 4993 1303 5064 signaculum
1335 5009 1502 5066 super
1530 5011 1625 5051 cor
1655 5005 1802 5051 tuum
1829 5038 1844 5061 ,
1892 5005 1954 5054 ut

360 5081 694 5153 signaculum
712 5099 873 5154 super
901 5085 1184 5142 brachium
1213 5096 1359 5143 tuum
1389 5086 1567 5158 (Cant.
1592 5088 1764 5160 vm).r
1793 5087 1950 5160 Saepe

359 5189 497 5242 nos,
527 5175 598 5230 ob
639 5175 712 5230 rei
747 5179 1060 5234 memoriam
1092 5196 1255 5252 quam
1299 5181 1556 5238 oblivioni
1589 5182 1804 5238 tradere
1846 5198 1948 5239 no-

359 5265 560 5334 lumus,
581 5267 748 5337 digito
795 5277 977 5326 nostro
1004 5269 1088 5326 vel
1113 5271 1334 5328 brachio
1371 5273 1583 5342 signum
1617 5273 1835 5345 aliquod
1866 5274 1952 5329 in-

359 5359 651 5426 nodatnus;
673 5369 752 5428 ut,
775 5361 900 5416 dum
925 5363 1137 5433 signum
1163 5364 1478 5435 frequenter
1497 5366 1813 5434 attenditur,
1839 5381 1947 5434 res,

360 5470 524 5528 quam
553 5455 876 5530 intercipere
915 5461 1178 5530 potuisset
1214 5460 1448 5528 oblivio,
1481 5459 1684 5532 jugiter
1730 5462 1785 5517 in
1829 5477 1946 5518 mc-

360 5547 534 5605 moria
585 5558 850 5606 teneatur.
910 5550 1166 5622 Quisquis
1219 5560 1399 5608 autem
1457 5552 1730 5608 Christum
1790 5555 1946 5624 quasi

362 5649 530 5710 amat,
549 5643 640 5699 sed
662 5644 875 5715 Operari
901 5644 1040 5699 bona
1063 5644 1390 5710 dissimulat,
1408 5645 1517 5716 jam
1553 5647 1950 5717 quodammodo

361 5750 618 5806 sponsum
655 5752 819 5807 super
864 5752 958 5794 cor
999 5737 1333 5810 signaculum
1386 5738 1603 5809 posuit,
1647 5740 1740 5795 sed
1787 5754 1953 5810 super

364 5829 646 5906 brachium
687 5831 910 5896 omnino
947 5846 1055 5889 non
1099 5832 1299 5916 posuit.
1349 5832 1588 5916 Quisque
1627 5849 1758 5904 vero
1795 5836 1951 5900 bonis

1982 4585 2033 4646 D

2053 3325 2135 3379 sui
2172 3327 2404 3396 gratiam
2445 3337 2496 3382 te
2541 3341 2757 3399 semper
2785 3329 3054 3400 accipiat,
3099 3341 3154 3387 et
3183 3339 3238 3386 tu
3271 3333 3338 3388 ab
3370 3348 3435 3388 eo
3485 3333 3649 3404 (quod

2053 3419 2249 3491 absit!)
2283 3436 2380 3491 per
2408 3435 2650 3476 amorem
2684 3421 3055 3491 quorumlibet
3077 3424 3457 3494 temporalium
3511 3441 3647 3481 ocu-

2053 3513 2134 3570 los
2160 3528 2265 3568 non
2298 3522 2548 3581 avertas;
2581 3515 2742 3586 773
2772 3523 3040 3585 quatenus
3069 3524 3124 3571 et
3166 3517 3256 3573 ille
3286 3528 3338 3572 te
3369 3518 3644 3574 subtiliter

2053 3605 2297 3670 intuens,
2344 3605 2656 3676 nullamque
2696 3604 3010 3662 oﬂ‘eusionis
3055 3607 3294 3664 illuviem
3337 3608 3647 3680 deprehen-

2055 3698 2210 3763 dens,
2236 3697 2381 3752 dicat
2409 3713 2422 3750 :
2456 3714 2474 3748 ι
2505 3693 2641 3752 Tota
2681 3697 2905 3768 pulchra
2936 3713 3018 3764 es,
3055 3698 3228 3754 amica
3260 3714 3402 3766 mea,
3439 3707 3496 3755 et
3525 3714 3644 3756 ma-

2055 3793 2174 3846 cula
2205 3805 2312 3845 non
2341 3798 2426 3846 est
2459 3790 2514 3845 in
2553 3799 2604 3846 te
2651 3790 2831 3862 (Cant.
2874 3791 2948 3862 tv)
2977 3810 2990 3859 ;
3022 3813 3040 3847 ι
3091 3802 3147 3849 et
3178 3802 3264 3859 tu,
3302 3795 3420 3863 ejus
3459 3809 3646 3853 amore

2055 3881 2500 3938 inenarrabiliter
2522 3889 2782 3949 aestuans,
2811 3883 2914 3939 hoc
2938 3883 3131 3940 intima
3156 3898 3290 3940 voce
3311 3885 3601 3955 depromas
3627 3900 3644 3940 :

2059 3989 2082 4026 ι
2111 3973 2351 4029 Dilectus
2378 3989 2531 4030 meus
2561 3974 2823 4031 candidus
2849 3983 2907 4030 et
2957 3977 3311 4043 rubicundus,
3347 3977 3552 4033 electus
3577 3994 3645 4034 ex

2055 4064 2325 4131 millibus;
2374 4074 2540 4136 caput
2572 4064 2689 4135 ejus
2719 4082 2910 4122 aurum
2948 4068 3232 4139 optimum,
3277 4077 3464 4140 guttur
3503 4069 3647 4126 illius

2055 4157 2461 4224 suavissimum,
2486 4165 2541 4212 et
2564 4166 2710 4214 totus
2741 4159 3115 4217 desiderabilis
3137 4159 3315 4233 (Cant.
3349 4162 3429 4234 v).
3450 4182 3468 4216 ι
3504 4162 3648 4219 Dile-

2056 4258 2177 4306 ctus
2221 4250 2488 4321 siquidem
2523 4251 2788 4307 candidus
2817 4253 3150 4324 virginitate,
3185 4255 3523 4312 rubicundus
3560 4267 3646 4313 est

2054 4341 2326 4413 passione.
2367 4341 2663 4412 Candidus,
2703 4344 2827 4414 quia
2857 4344 2990 4401 dicit
3031 4364 3044 4400 :
3091 4365 3109 4399 ι
3149 4346 3263 4419 Ego
3308 4346 3480 4403 lilium
3521 4363 3647 4406 con-

2053 4433 2276 4488 vallium
2318 4431 2494 4505 (Cant.
2536 4434 2598 4501 ι).
2643 4453 2662 4487 ι
2715 4433 3096 4504 Rubicundus,
3147 4438 3214 4494 de
3261 4453 3370 4510 quo
3405 4429 3651 4497 Joannes-

2058 4524 2189 4580 dicit
2219 4543 2233 4580 :
2278 4545 2296 4576 ι
2333 4524 2433 4592 Qui
2456 4525 2588 4580 lavit
2613 4541 2715 4582 nos
2738 4542 2769 4582 a
2800 4528 3037 4599 peccatis
3061 4529 3263 4584 nostris
3296 4530 3350 4584 in
3382 4530 3647 4601 sanguine

2057 4632 2156 4673 suo
2180 4616 2364 4688 (Apoc.
2395 4617 2457 4688 ι).
2503 4636 2524 4672 ι
2573 4617 2790 4675 Electus
2825 4636 2893 4676 ex
2922 4621 3192 4688 millibus;
3231 4622 3298 4677 de
3339 4637 3448 4693 quo
3488 4621 3646 4678 Salo-

2058 4724 2212 4764 mon:
2252 4727 2270 4761 ι
2292 4707 2505 4774 Virum,
2540 4709 2736 4781 inquit,
2771 4712 2837 4768 de
2863 4713 3011 4768 mille
3039 4729 3207 4768 unum
3239 4714 3414 4784 reperi
3440 4712 3642 4785 (Eccle.

2055 4802 2176 4873 vn).
2229 4821 2248 4855 ι
2291 4801 2624 4858 Millenarius
2665 4805 2864 4876 quippe
2904 4820 3165 4862 numerus
3209 4807 3374 4862 totius
3415 4805 3641 4861 humani

2056 4896 2271 4967 generis
2311 4904 2394 4951 est
2431 4895 2776 4965 intelligenda
2819 4898 3101 4968 perfectio,
3147 4902 3200 4956 in
3239 4917 3345 4972 quo
3391 4901 3643 4958 Salvator

2057 4999 2318 5060 tanquam
2361 5003 2552 5061 passer
2592 4999 2675 5046 est
2717 4993 2912 5050 unicus
2947 4995 3000 5050 itt
3041 4995 3276 5051 tedificio
3314 4995 3491 5066 (Psat.
3540 4998 3640 5066 cr).

2057 5080 2232 5152 Caput
2283 5083 2400 5154 ejus
2444 5099 2636 5138 aurum
2689 5085 2996 5155 optimum,
3050 5089 3175 5158 quia
3229 5098 3392 5159 caput
3439 5088 3644 5145 Christi

2057 5173 2198 5230 Deus
2229 5174 2276 5245 (1
2308 5173 2432 5229 Cor.
2464 5174 2566 5248 x1);
2605 5177 2697 5246 qui
2731 5177 3014 5244 nimirum,
3044 5178 3187 5234 sicut
3227 5195 3418 5234 aurum
3449 5179 3644 5235 metal-

2029 5260 2152 5332 'lis,
2202 5266 2296 5333 ita,
2332 5266 2459 5322 licet
2498 5267 3022 5339 incomparabiliter,
3053 5272 3306 5327 omnibus
3341 5272 3643 5342 superemi-

2054 5370 2150 5417 net
2204 5361 2490 5418 creaturis.
2544 5362 2711 5435 Cujus
2761 5371 2948 5435 guttur
2991 5364 3372 5420 suavissimum
3423 5365 3642 5432 dicitur,

2055 5453 2180 5524 quia
2224 5469 2445 5510 suorum
2486 5454 2738 5510 mellitlua
2785 5457 3054 5513 suavitate
3093 5459 3382 5513 verborum
3433 5467 3642 5514 mentes

2055 5547 2384 5603 audientium
2406 5549 2785 5605 obdulcantur.
2824 5566 2843 5602 ι
2871 5548 3046 5617 Quam
3077 5549 3276 5617 dulcia,
3308 5551 3503 5622 inquit,
3527 5549 3641 5606 t'au-

2041 5646 2209 5702 'cibus
2252 5647 2387 5703 meis
2437 5647 2651 5718 eloquia
2679 5639 2681 5643 ’
2711 5649 2829 5703 tua!
2876 5664 3041 5720 super
3087 5650 3192 5705 mel
3239 5661 3292 5707 et
3335 5651 3518 5707 favum
3561 5649 3641 5708 ori

2054 5754 2176 5794 meo
2203 5737 2375 5812 (Psal.
2408 5740 2621 5812 cxvut).
2655 5761 2673 5795 ι
2705 5739 2875 5802 Totus
2903 5743 3066 5798 etiam
3089 5744 3484 5809 desiderabilis,
3513 5744 3640 5814 quia

2053 5833 2107 5894 in
2132 5835 2274 5903 eum,
2307 5841 2540 5905 testante
2568 5835 2751 5914 Petro,
2771 5837 3085 5926 desiderant
3124 5839 3299 5918 angeli
3326 5837 3639 5927 prospicere
