4138 6320
441 418 544 474 757

1460 404 1706 466 OPUSC.
1745 403 1808 462 L.
1851 437 1920 448 ——
1952 402 2343 464 lNSTlTUTlO
2381 404 2724 464 MONIALIS.

3579 405 3687 464 738

443 534 491 603 (I
523 531 669 586 Petr.
717 528 790 600 t);
839 511 943 583 vel
972 526 1097 598 quia
1135 502 1490 582 humanitatis
1518 524 1636 594 ejus
1673 521 2014 594 mysterium,
2045 533 2093 590 Α
2118 521 2448 586 concutitur,
2493 519 2710 591 quantis
2739 493 3692 576 mordacis“conscientiae—Etimulis

441 636 603 678 omne
644 618 970 675 desiderium
1007 617 1255 674 accendit
1294 616 1346 670 in
1395 615 1665 669 mentibus
1699 613 2014 679 electorum,

445 725 504 771 ut
534 731 628 770 eos
655 712 907 768 videlicet
931 727 1038 766 non
1063 686 1663 766 modo'resurrectionis
1691 704 1862 776 gloria
1887 720 2018 776 pro-

444 811 630 868 vocet,
681 801 776 857 sed
823 800 890 855 ad
936 797 1254 854 imitationis
1295 795 1597 866 exemplum
1643 795 1757 865 ipsa
1807 808 2020 864 quoque

447 894 739 966 ignominia
793 890 1060 962 passionis
1111 889 1322 943 invitet.
1370 887 1426 942 ln
1475 877 1579 942 hoc
1619 886 1784 957 igitur
1824 869 2021 955 sponso

448 997 564 1052 tuo,
614 983 916 1040 veneranda
973 997 1150 1047 soror,
1207 979 1421 1035 assidue
1472 977 1760 1044 delectare,
1813 977 1868 1034 in
1917 977 2021 1032 hoc

447 1075 627 1131 omnia
670 1072 848 1129 cordis
895 1071 972 1125 tui
1009 1080 1134 1125 vota
1181 1069 1474 1135 constitue,
1519 1067 1572 1122 in
1614 1065 1773 1140 hujus
1807 1081 2022 1136 semper

449 1168 786 1242 amplexibus
809 1166 877 1222 ab
899 1164 1044 1221 omni
1067 1163 1240 1234 sepita
1269 1162 1457 1217 mundi
1482 1161 1694 1217 turbine
1718 1159 2021 1230 requiesce.

1069 1279 1296 1338 CAPUT
1336 1278 1400 1335 ν.

451 1380 531 1434 Ad
563 1377 819 1435 cautelam
844 1383 1112 1454 provocat,
1151 1382 1205 1427 ut
1238 1381 1420 1454 contra
1456 1369 1757 1454 tentationis
1800 1368 2020 1423 insidias

947 1447 1013 1499 sit
1030 1460 1241 1514 semper
1277 1447 1530 1496 accincta.

523 1539 629 1597 Sed
653 1539 889 1603 interim,
920 1537 1048 1592 dum
1078 1533 1421 1605 amplecteris
1451 1549 1729 1604 sponsum,
1759 1547 1890 1589 cave
1931 1547 2025 1588 so-

456 1631 620 1687 lerter
652 1627 1021 1685 adversarium
1058 1644 1071 1680 :
1116 1626 1291 1681 adhuc
1321 1625 1466 1680 enim
1513 1624 1568 1678 in
1608 1623 1723 1679 salo
1764 1622 2021 1686 versaris,

454 1740 552 1780 nec
576 1724 702 1779 dum
731 1729 918 1792 portus
943 1719 1175 1774 statione
1199 1715 1512 1788 perfrueris.
1539 1715 1856 1770 Procinctus
1878 1713 2024 1767 enim

455 1813 556 1869 iste
583 1821 883 1868 castrorum
921 1825 1025 1865 non
1058 1808 1259 1878 quietis
1293 1816 1374 1862 est
1407 1806 1792 1876 municipium;
1829 1804 1913 1858 via
1945 1809 2028 1859 est

2120 613 2408 668 laceratur.
2439 610 2647 665 Recolit
2674 609 2836 664 vetita
2868 623 2987 678 qua:
3026 607 3328 674 commisit;
3359 605 3507 663 videt
3539 622 3695 662 man-

2120 703 2242 758 data
2272 717 2392 772 qua:
2435 700 2770 772 negligenter
2803 698 3027 766 implere
3057 697 3399 769 contempsit.
3430 697 3587 752 Dolet
3609 697 3696 752 in-

2120 794 2267 850 dulta
2305 793 2635 864 paenitentiae
2663 800 2904 862 tempora
2936 803 3056 846 sese
3081 791 3317 846 inaniter
3350 790 3692 861 percepisse;

2119 883 2296 956 plorat
2325 882 2655 938 immobilem
2687 881 2947 936 districtae
2973 882 3188 937 ultionis
3211 883 3497 938 articulum
3528 883 3700 940 inevi-

2122 978 2359 1034 tabiliter
2401 978 2707 1034 imminere.
2754 975 2970 1031 Manere
3014 977 3231 1048 satagit,
3290 977 3370 1032 ire
3421 975 3698 1046 compelli-

2124 1079 2241 1134 tur;
2269 1083 2592 1138 recuperare
2615 1068 2728 1123 vult
2749 1067 2979 1138 perdita,
3007 1083 3114 1123 non
3137 1067 3370 1122 auditur.
3395 1067 3524 1124 Post
3547 1077 3700 1139 terga

2123 1159 2440 1228 respiciens,
2470 1159 2634 1214 totius
2658 1167 2945 1213 transacta:
2973 1159 3094 1213 vitae
3125 1173 3342 1212 cursum
3364 1157 3511 1214 velut
3533 1173 3701 1216 unum

2121 1249 2496 1305 brevissimum
2530 1251 2752 1322 deputat
2791 1249 3000 1306 itineris
3026 1265 3276 1321 passum;
3318 1261 3442 1306 ante
3479 1265 3538 1306 se
3573 1266 3702 1306 ocu-

2121 1338 2204 1396 los
2228 1341 2432 1411 dirigit,
2468 1351 2522 1397 et
2549 1341 2769 1396 inlinitae
2806 1340 3162 1412 perennitatis
3197 1340 3369 1411 spatia
3406 1339 3705 1410 deprehen-

2124 1431 2221 1487 dit.
2264 1431 2445 1488 Plorat
2491 1434 2691 1503 itaque,
2741 1432 2866 1502 quia
2917 1433 3060 1487 intra
3109 1441 3216 1487 tam
3261 1433 3426 1488 breve
3471 1431 3703 1502 spatium

2127 1525 2410 1596 acquirere
2430 1525 2672 1582 lmtitiam
2699 1526 2874 1598 potuit
2897 1525 3139 1581 omnium
3169 1527 3519 1602 saeculorum;
3549 1525 3708 1582 deﬂet

2125 1618 2312 1685 etiam,
2345 1635 2403 1674 se
2427 1627 2648 1688 propter
2692 1626 2804 1672 tam
2847 1618 3028 1673 brevis
3070 1618 3333 1676 illecebrae
3353 1619 3708 1689 voluptatem,

2127 1707 2542 1763 incnarrabilem
2582 1717 2852 1778 perpetuae
2877 1707 3158 1762 suavitatis
3186 1708 3435 1764 amisisse
3465 1709 3708 1764 dulcedi-

2129 1815 2272 1855 nem.
2332 1799 2635 1865 Erubescit,
2683 1801 2852 1870 quia,
2884 1808 3107 1869 propter
3154 1799 3299 1854 illam
3347 1799 3710 1855 substantiam

455 1902 582 1968 ista,
635 1917 739 1956 non
792 1901 997 1971 patria;
1053 1899 1412 1964 ambulamus,
1460 1906 1516 1953 et
1554 1913 1659 1952 non
1699 1896 2025 1951 habitamus.
2058 1890 2249 1961 Bqua:
2291 1891 2564 1948 vermibus
2612 1900 2729 1946 erat
2801 1891 3058 1958 obnoxia,
3116 1890 3260 1945 illam
3307 1891 3544 1963 neglexit
3591 1905 3713 1962 quas

455 1990 701 2047 Tentatio
729 1993 871 2046 enim
903 1999 989 2046 est
1025 1990 1133 2045 vita
1181 1989 1416 2044 hominis
1461 2001 1623 2057 super
1658 1995 1860 2041 terram
1907 1983 2029 2056 (Job

455 2083 574 2152 vn).
609 2079 950 2151 Quapropter
991 2079 1036 2134 si
1068 2079 1424 2135 tentationum
1449 2076 1588 2132 bella
1613 2076 1828 2144 desunt,
1858 2075 2033 2146 gaude

454 2171 692 2242 quidem,
734 2170 843 2226 noli
880 2180 1062 2226 tamen
1095 2170 1320 2224 nimium
1361 2183 1550 2224 secura
1596 2168 1904 2233 conlidere;
1933 2165 2029 2221 sed

454 2263 712 2318 adversus
754 2261 1062 2332 repentinos
1087 2269 1142 2314 et
1171 2259 1474 2330 inopinatos
1512 2259 1887 2315 insidiatorum
1935 2259 2036 2314 ho-

457 2353 622 2409 stium
660 2355 892 2424 impetus
931 2361 985 2408 te
1019 2351 1304 2422 vigilanter
1343 2352 1584 2423 accinge.
1621 2351 1773 2422 Saepe
1802 2367 2033 2422 namque

455 2443 695 2499 nonnulli
725 2443 792 2498 ad
834 2444 1002 2499 Deum
1031 2443 1097 2499 de
1137 2443 1338 2498 mundo
1375 2443 1641 2509 conversi,
1681 2443 1736 2496 in
1771 2443 1889 2513 ipso
1923 2457 2033 2498 suae

456 2533 818 2590 iuchoationis
844 2533 1012 2598 aditu,
1037 2534 1439 2604 pacatissimam
1466 2533 1646 2588 carnis
1668 2533 2033 2603 tranquillita-

459 2635 566 2682 tem
612 2626 1108 2696 cogitationumque
1150 2625 1489 2695 percipiunt;
1541 2625 1866 2694 procedente
1900 2641 2031 2683 vero

458 2728 717 2789 tempore,
759 2717 909 2773 duris
950 2717 1303 2772 tentationum
1348 2717 1758 2788 probationibus
1800 2718 2032 2792 fatigan-

459 2817 563 2863 tur.
585 2809 736 2877 Quod
758 2809 943 2879 utique
965 2809 1081 2864 lieri
1106 2809 1285 2864 divina
1319 2809 1724 2880 dispensatione
1753 2812 2034 2882 cognosci-

459 2907 563 2965 tur,
613 2914 684 2956 ne
727 2899 782 2953 in
831 2900 946 2969 ipso
998 2915 1108 2954 sua:
1154 2899 1409 2954 novitatis
1462 2899 1617 2955 initio
1673 2903 2031 2957 tentationum

458 2991 746 3062 asperitate
772 2990 1108 3062 frangantur.
1141 2990 1276 3045 Nam
1322 2993 1368 3047 si
1399 3007 1492 3048 eos
1519 2993 1694 3048 adhuc
1723 3001 1936 3048 teneros
1964 3008 2030 3048 ac

459 3083 634 3137 intimi
659 3081 938 3138 conﬂictus
987 3083 1205 3153 ignaros
1239 3083 1544 3138 amaritudo
1579 3083 1899 3139 tentationis
1936 3099 2031 3140 ex-

457 3177 678 3246 ciperet,
733 3178 801 3232 ad
839 3192 918 3250 ea
990 3176 1199 3232 scilicet
1265 3192 1297 3231 a
1347 3176 1540 3246 quibus
1593 3176 1822 3231 necdum
1873 3176 2031 3250 longe

2132 1980 2311 2035 choris
2346 1991 2466 2034 erat
2508 1980 2766 2049 angelicis
2801 1979 3108 2035 inserenda.
3145 1979 3263 2034 Jam
3303 1981 3484 2035 radios
3513 1980 3712 2036 mentis

2131 2072 2348 2140 attollit,
2411 2081 2466 2127 et
2511 2088 2633 2129 cum
2682 2073 2994 2128 divitiarum
3046 2073 3432 2128 immortalium
3485 2073 3713 2143 gloriam

2132 2166 2545 2237 contemplatur,
2584 2182 2703 2222 eam
2730 2177 2950 2236 propter
2972 2167 3097 2222 vita:
3132 2167 3289 2238 hujus
3315 2167 3552 2236 inopiam
3587 2181 3712 2238 per-

2132 2257 2332 2312 didisse
2361 2257 2726 2312 confunditur.
2769 2256 3013 2327 Cumque
3043 2257 3142 2314 sub
3175 2272 3234 2313 se
3261 2256 3488 2314 reﬂectit
3522 2258 3709 2316 oculos

2131 2349 2200 2403 ad
2245 2349 2404 2424 hujus
2453 2349 2639 2405 mundi
2689 2349 2990 2405 convallem
3036 2359 3341 2420 tetramque
3383 2350 3666 2422 caliginem
3693 2388 3714 2416 ,

2133 2456 2294 2512 super
2329 2457 2386 2496 se
2417 2441 2647 2496 miratur
2667 2442 2855 2496 aeterni
2885 2441 3107 2498 luminis
3138 2440 3479 2508 claritatem,
3510 2441 3713 2514 liquido

2133 2533 2540 2603 comprehendit
2567 2533 2695 2604 quia
2731 2550 2837 2589 nox
2881 2544 2998 2591 erat
3038 2541 3094 2590 et
3124 2534 3357 2590 tenebrae
3382 2535 3526 2604 quod
3565 2549 3715 2590 ama-

2133 2623 2228 2677 vit.
2263 2623 2306 2680 Ο
2352 2625 2397 2679 si
2429 2624 2728 2680 redivivum
2764 2626 3100 2697 poenitentiae
3143 2633 3354 2697 tempus
3391 2625 3588 2680 mereri
3618 2641 3712 2696 po-

2137 2717 2347 2781 tuisset,
2402 2731 2564 2787 quam
2615 2717 2764 2772 duras
2811 2718 3240 2774 conversationis
3295 2715 3712 2790 [conversionis]

2133 2807 2238 2862 iter
2261 2808 2546 2877 arriperet!
2577 2809 2761 2878 qualia
2791 2818 2846 2865 et
2871 2819 3072 2882 quanta
3102 2802 3465 2880 promitteret!
3493 2811 3713 2879 quantis

2133 2898 2190 2953 se
2238 2899 2637 2954 devotationum
2686 2901 2916 2957 vinculis
2947 2900 3262 2957 innodaretl
3312 2902 3546 2968 Interea,
3585 2903 3714 2957 dum

2134 2987 2483 3045 hebescentes
2503 2989 2644 3045 oculi
2665 2991 3076 3058 contabescunt,
3103 2991 3230 3046 dum
3253 3000 3440 3063 pectus
3465 2991 3712 3063 palpitat,

2134 3094 2356 3137 raucum
2385 3089 2571 3152 guttur
2595 3081 2838 3149 anhelat,
2872 3083 3062 3138 dentes
3108 3082 3372 3153 paulatim
3398 3084 3716 3154 nigrescunt

2133 3182 2187 3224 et
2215 3171 2504 3239 quamdam
2535 3173 2676 3227 velut
2700 3173 2994 3244 teruginem
3019 3174 3377 3241 contrahunt;
3412 3174 3716 3246 pallescunt

459 3268 834 3334 discesserant,
861 3266 1019 3323 facile
1046 3277 1372 3323 remearent.
1415 3264 1568 3321 Unde
1599 3269 1860 3338 scriptum
1886 3278 1970 3323 est
2011 3282 2027 3322 :
2057 3263 2104 3327 C
2134 3277 2251 3330 ora,
2285 3265 2525 3320 membra
2559 3275 2757 3322 cuncta
2787 3267 3092 3337 rigescunt;
3120 3268 3245 3323 dum
3275 3269 3392 3324 haec
3443 3271 3625 3340 itaque
3660 3278 3718 3326 et

465 3378 482 3412 ι
520 3362 652 3416 (Sum
693 3362 962 3417 emisisset
992 3360 1207 3416 Pharao
1246 3360 1526 3432 populum,
1560 3376 1664 3416 non
1691 3374 1784 3415 eos
1811 3359 2032 3415 deduxit

459 3451 717 3508 Dominus
742 3469 838 3524 per
860 3452 1000 3507 viam
1031 3461 1188 3508 terra:
1211 3451 1560 3518 Philisthiim,
1585 3468 1705 3523 quae
1728 3451 1902 3507 vicina
1925 3460 2031 3520 est,

461 3554 716 3616 reputans
765 3561 834 3600 ne
877 3544 1018 3601 forte
1047 3544 1331 3615 pmniteret
1360 3561 1482 3600 eum
1514 3544 1558 3600 si
1594 3544 1815 3600 vidisset
1842 3545 2035 3599 adver.

460 3654 576 3694 sum
601 3654 658 3694 se
679 3637 817 3694 bella
837 3653 1182 3707 consurgere,
1204 3647 1258 3692 et
1281 3645 1645 3693 reverteretur
1671 3638 1722 3692 in
1741 3637 2031 3709 Egyptum

461 3728 660 3801 (Exod.
702 3730 845 3801 xm).
891 3749 910 3782 ι
943 3730 1020 3784 Ex
1046 3729 1277 3802 ngypto
1314 3730 1495 3799 itaque
1531 3728 1694 3802 774Ι
1734 3729 2035 3785 recedenti-

458 3821 582 3887 bus,
612 3836 643 3875 e
678 3820 855 3876 vicino
879 3835 1058 3891 pugna
1089 3821 1463 3888 subtrahitur;
1497 3821 1619 3890 quia
1652 3820 2034 3891 derelinquen-

461 3911 603 3968 tibus
627 3912 878 3968 saeculum
907 3912 1152 3982 quaedam
1175 3912 1323 3982 pacis
1353 3911 1717 3981 tranquillitas
1745 3913 1923 3979 datur,
1943 3928 2030 3977 ne,

460 4003 515 4059 in
543 4005 656 4074 ipsa
693 4003 1079 4060 teneritudinis
1123 4004 1361 4059 novitate
1394 4004 1594 4058 turbati
1621 4013 1782 4074 atque
1813 4012 2031 4060 conter-

461 4095 550 4150 riti
587 4095 656 4150 ad
709 4111 772 4151 ea
817 4109 936 4165 quae
993 4104 1428 4164 contempserant
1481 4105 1840 4151 revertantur.
1876 4097 2034 4152 Prius

460 4201 588 4257 ergo
632 4187 939 4242 securitatis
985 4187 1252 4242 suavitate
1298 4186 1628 4254 mulcentur,
1677 4188 1826 4258 prius
1878 4190 2029 4258 pacis

460 4279 640 4345 quiete
664 4278 1009 4344 nutriuntur;
1037 4287 1160 4350 post
1187 4279 1460 4350 cognitam
1498 4295 1626 4335 vero
1644 4280 2030 4352 .dulcedinem,

463 4381 609 4427 tanto
627 4371 740 4442 jam
778 4373 1110 4429 tolerabilius
1140 4374 1496 4428 tentationum
1537 4373 1829 4428 certamina
1871 4373 2032 4428 susti-

462 4471 605 4526 nent,
637 4473 839 4532 quanto
867 4462 920 4517 in
942 4463 1049 4518 Deo
1076 4462 1236 4519 altius
1264 4478 1531 4535 agnovere
1552 4464 1694 4534 quod
1715 4473 1917 4519 ament.
1951 4464 2030 4518 Tu

460 4568 589 4624 ergo
620 4554 700 4609 sic
721 4554 780 4610 in
816 4555 901 4611 his
946 4570 1066 4626 qua:
1095 4555 1237 4611 forte
1271 4572 1412 4611 nunc
1438 4565 1826 4627 prosperantur
1854 4557 2032 4612 exsul-

2136 3356 2439 3426 hujusmodi
2485 3366 2743 3430 tanquam
2783 3359 2975 3414 vicina:
3026 3360 3187 3414 morti
3230 3361 3586 3431 praecedentia
3627 3361 3713 3416 fa-

2137 3447 2408 3503 nudantur
2427 3447 2620 3516 ollicia,
2649 3450 2847 3505 adsunt
2873 3451 3055 3505 omnia
3079 3459 3230 3523 gesta
3256 3452 3417 3507 simul
3441 3462 3496 3508 et
3524 3453 3710 3510 verba.

2134 3535 2244 3592 Nec
2268 3539 2431 3593 etiam
2472 3540 2601 3608 ipsa:
2639 3541 2995 3610 cogitationes
3025 3542 3237 3608 desunt,
3266 3551 3321 3598 et
3356 3552 3548 3599 cuncta
3591 3545 3712 3600 haec

2135 3645 2378 3686 amarum
2421 3631 2678 3688 adversus
2723 3642 2996 3689 auctorem
3040 3636 3407 3692 testimonium
3448 3637 3701 3694 reddunt.

2133 3723 2532 3778 Coacervantur
2559 3725 2738 3779 omnia
2771 3735 2894 3780 ante
2923 3727 3262 3796 respicientis
3300 3728 3462 3799 775
3502 3727 3710 3797 oculos,

2134 3823 2188 3868 et
2213 3830 2333 3884 quae
2362 3815 2677 3886 conspicere
2708 3816 2925 3887 refugit,
2980 3827 3202 3874 coactus
3231 3829 3286 3874 et
3313 3820 3514 3876 invitus
3541 3829 3716 3878 atten-

2135 3906 2232 3962 dit.
2263 3908 2430 3962 Adest
2460 3918 2719 3978 praeterea
2750 3910 2876 3966 hinc
2896 3911 3165 3966 horrenda
3197 3911 3501 3968 daemonum
3533 3913 3712 3981 turba,

2133 3997 2279 4053 illinc
2308 4000 2478 4054 virtus
2503 4000 2767 4070 angelica.
2791 4000 2849 4055 ln
2881 4001 2991 4068 illo,
3017 4003 3108 4073 qui
3136 4002 3348 4059 medius
3372 4013 3477 4070 est,
3509 4004 3710 4076 liquido

2135 4094 2552 4163 deprehenditur
2587 4095 2673 4150 cui
2721 4097 2861 4167 parti
2894 4095 3017 4166 jure
3060 4097 3331 4168 possessio
3387 4098 3712 4155 vindicetur.

2132 4185 2267 4242 Nam
2310 4187 2354 4242 si
2391 4188 2607 4258 pietatis
2633 4189 2685 4243 in
2710 4205 2775 4245 eo
2812 4190 3060 4246 videntur
3090 4193 3342 4262 insignia,
3380 4193 3716 4252 invitationis

2134 4281 2388 4352 angelica:
2424 4282 2700 4337 blanditiis
2728 4281 3006 4348 oblinitur,
3046 4292 3208 4355 atque
3247 4287 3575 4343 harmoniae
3602 4302 3716 4343 me-

2134 4371 2289 4428 lodiaa
2337 4374 2620 4430 dulcedine
2660 4385 2717 4431 ut
2751 4386 2908 4432 exeat
2939 4387 3296 4448 provocatur;
3343 4379 3485 4449 quod
3515 4379 3560 4434 si
3589 4395 3714 4436 eum

2134 4466 2372 4521 sinistrae
2397 4467 2534 4537 parti
2565 4467 2880 4524 meritorum
2929 4466 3152 4538 nigredo
3181 4479 3236 4526 et
3268 4469 3526 4526 foeditatis
3552 4486 3716 4544 squa-

2135 4555 2217 4611 lor
2261 4557 2555 4626 adjudicet,
2593 4557 2916 4613 intolerabili
2962 4575 3087 4615 mox
3134 4569 3340 4616 terrore
3383 4561 3711 4627 concutitur,

446 4656 571 4728 vtes,
615 4655 675 4703 ut
703 4649 789 4718 ab.
814 4648 898 4703 his
935 4664 1053 4718 quae
1089 4649 1357 4718 pOSterius
1420 4649 1700 4705 imminent
1747 4666 1852 4705 non
1905 4651 2033 4705 dor-
2058 4645 2111 4707 D
2138 4652 2402 4722 repentini
2430 4652 2662 4721 impetus
2691 4653 2945 4708 violentia
2967 4655 3330 4725 perturbatur,
3356 4657 3705 4726 prmcipitan-

461 4740 638 4808 mites.
671 4740 798 4796 Esto
836 4741 1000 4812 igitur
1029 4751 1187 4797 cauta
1222 4751 1275 4798 et
1329 4740 1564 4813 undique
1605 4743 2029 4813 circumspecta;

462 4832 646 4905 sicque
683 4841 734 4889 te
788 4834 968 4905 praebe
1009 4833 1321 4905 pervigilem
1360 4844 1418 4888 ut
1452 4850 1727 4905 nunquam
1765 4844 1816 4890 te
1849 4835 2034 4892 hostes

461 4924 738 4981 inveniant
791 4927 1135 4982 oscitantem.
1186 4926 1612 4983 Confmderanda
1660 4937 1786 4984 sunt
1833 4930 2032 5000 quippe

461 5019 742 5074 adversum
771 5027 823 5074 te
851 5028 905 5075 et
941 5021 1188 5090 prosapia
1223 5023 1436 5091 generis
1464 5031 1520 5078 et
1570 5021 1671 5079 llos
1706 5024 1910 5090 aetatis,
1940 5038 2030 5080 ve.

459 5119 646 5166 nustas
696 5108 880 5166 format
919 5121 974 5168 et
1018 5114 1278 5168 memoria
1341 5113 1614 5170 facultatis
1660 5116 1903 5186 abjectze.
1947 5118 2028 5172 Ad

460 5201 706 5258 evitanda
732 5219 861 5260 sane
893 5205 1117 5261 istorum
1158 5207 1264 5262 tela
1291 5209 1668 5274 certaminum,
1699 5209 1875 5263 nullus
1899 5209 2028 5264 mihi

459 5288 670 5346 videtur
705 5292 934 5349 validior
974 5295 1193 5366 clypeus
1229 5313 1390 5368 quam
1430 5297 1706 5352 meditatio
1746 5300 1936 5354 mortis
1966 5316 2031 5355 ac

459 5385 686 5442 extremi
715 5396 889 5444 terror
917 5391 1199 5446 examinis.

1061 5502 1288 5559 CAPUT
1327 5504 1410 5560 Vl.

460 5585 538 5642 De
561 5587 762 5659 anima,
799 5607 916 5646 cum
945 5593 1230 5665 egreditur,
1270 5595 1455 5665 quibus
1484 5595 1726 5650 doloraut
1753 5598 2030 5653 anxietati-

1027 5664 1120 5718 bus
1153 5664 1462 5720 coarctetur.

499 5767 506 5774 ·
530 5747 867 5807 Pensandum
896 5753 1092 5823 quippe
1116 5763 1220 5819 est,
1252 5770 1374 5810 cum
1398 5754 1512 5825 jam
1539 5758 1814 5829 peccatrix
1846 5759 2025 5814 anima

463 5859 490 5897 τι
515 5843 742 5901 vinculis
768 5846 952 5914 incipit
973 5847 1150 5902 carnis
1173 5847 1395 5915 absolvi,
1421 5865 1582 5920 quam
1608 5866 1793 5907 amaro
1820 5861 2029 5908 terrore

2138 4754 2220 4800 ter
2247 4746 2540 4813 invaditur,
2571 4761 2635 4802 ac
2666 4747 2732 4803 de
2759 4749 2970 4803 misera:
2997 4748 3177 4804 carnis
3211 4749 3486 4819 ergastulo
3510 4747 3715 4805 violen-

2137 4847 2218 4893 ter
2245 4838 2513 4906 evellitur,
2544 4847 2602 4893 ttt
2621 4839 2685 4893 ad
2708 4850 2908 4896 aeterna
2933 4841 3193 4911 supplicia
3212 4840 3324 4909 jam
3352 4856 3476 4897 cum
3504 4843 3708 4898 amari-

2135 4932 2320 4988 tudine
2347 4933 2712 5003 pertrahatur.
2742 4932 2860 4988 Jam
2894 4948 3042 4998 vero,
3075 4941 3198 5002 post
3235 4933 3603 5005 egressionem
3645 4934 3713 4990 de

2135 5037 2379 5092 corpore,
2405 5025 2526 5094 quis
2562 5023 2835 5094 explicare
2861 5023 3039 5078 valeat
3074 5032 3206 5094 quot
3242 5033 3467 5080 armaLc
3501 5024 3712 5095 iniquo-

2135 5126 2253 5168 rum
2276 5113 2559 5182 spirituum
2581 5115 2722 5172 acies
2744 5114 2796 5168 in
2821 5113 3030 5169 insidiis
3057 5113 3283 5179 lateant,
3306 5122 3445 5184 quot
3474 5113 3712 5173 fremen-

2137 5213 2216 5260 tes
2247 5206 2402 5259 cunei
2437 5204 2696 5261 feralibus
2725 5205 2845 5260 telis
2876 5207 3123 5261 instructi
3158 5207 3265 5261 iter
3289 5207 3606 5274 obsideant,
3631 5216 3709 5274 et,

2135 5313 2202 5352 ne
2235 5297 2471 5354 transire
2497 5297 2670 5354 libera
2695 5299 2864 5366 possit
2891 5297 3091 5363 anima,
3129 5299 3272 5354 velut
3308 5299 3527 5354 militari
3561 5313 3710 5356 more

2134 5390 2447 5460 constipata:
2482 5389 2740 5461 legiones,
2775 5390 3121 5461 oppugnant?
3160 5389 3287 5446 Haec
3316 5399 3371 5446 et
3404 5391 3708 5460 hujusmodi

2133 5479 2448 5552 frequenter
2489 5481 2540 5534 in
2579 5481 2740 5535 corde
2793 5496 3033 5546 versare,
3077 5480 3204 5551 quid
3244 5490 3328 5536 est
3365 5480 3510 5536 aliud
3546 5495 3708 5550 quam

2133 5573 2495 5627 lenocinantia
2511 5573 2630 5627 vitae
2647 5572 2804 5643 hujus
2815 5573 3182 5629 blandimenta
3201 5589 3480 5645 respuere,
3506 5573 3708 5628 mundo

2136 5665 2413 5736 repudium
2451 5667 2594 5729 dare,
2631 5665 2798 5721 illices
2835 5675 3014 5722 motus
3041 5666 3222 5722 carnis
3248 5665 3466 5728 elidere,
3510 5663 3709 5720 solum-

2134 5775 2238 5830 que
2266 5757 2610 5830 perfectionis
2640 5758 3000 5831 adipiscendae
3035 5757 3372 5830 prOpositum
3413 5753 3708 5811 indeclina-

2132 5848 2314 5904 biliter
2340 5849 2650 5905 custodire?

2193 5975 2233 5986 ~\.
