4136 5308
423 384 529 455 739

1016 493 1243 551 CAPUT
1287 495 1389 553 VII.

640 586 923 646 Sententia:
944 586 1338 657 Scripturarunt
1361 588 1425 642 de
1446 586 1751 658 diejudicii.

486 680 585 739 llis
602 680 880 737 addendos
903 686 989 734 est
1020 678 1186 734 etiam
1211 679 1439 734 extremi
1471 688 1652 734 terror
1670 677 1884 749 judicii,
1922 683 1982 731 ut

418 770 559 826 illius
581 768 943 825 amaritudine
973 768 1150 825 valeat
1175 767 1355 823 mundi
1395 768 1554 839 hujus
1580 768 1713 822 falsa
1755 766 1982 824 dulcedo

417 858 707 921 contemni.
755 856 836 912 Ad
886 856 1166 913 evitandas
1206 871 1437 926 namque
1478 857 1755 913 diabolica:
1793 871 1984 928 pugna:

414 948 689 1007 molestias
709 946 948 1005 valenter
966 946 1322 1016 assurgimus,
1348 946 1393 1001 si
1424 945 1761 1013 necessitatis
1783 945 1985 1003 ultima:

413 1037 710 1110 periculum
739 1037 963 1107 provide
997 1045 1409 1107 pertractemus.
1434 1035 1569 1095 Nam
1595 1038 1640 1091 si
1673 1036 1984 1106 repentinus

414 1128 504 1184 ille
548 1137 711 1198 atque
746 1127 1002 1183 terribilis
1027 1128 1289 1183 adventus
1314 1126 1717 1207 Christi‘digne
1752 1140 1984 1197 perpen-

412 1222 580 1288 ditur,
634 1223 764 1293 quid
820 1222 928 1278 erit
964 1224 1018 1278 in
1058 1223 1257 1279 mundo
1302 1222 1389 1277 ubi
1433 1237 1588 1277 mens
1629 1223 1860 1276 humana
1902 1219 1983 1299 vel

411 1311 684 1383 desipiens
718 1313 1049 1369 delectetur?
1083 1313 1177 1368 ille
1208 1326 1400 1384 nempe
1439 1314 1555 1369 dies
1594 1321 1680 1368 est
1726 1314 1792 1367 ad
1821 1328 1982 1383 quem

412 1404 586 1462 omnis
618 1404 1036 1474 praecedentiqu
1065 1404 1384 1460 saeculorum
1428 1404 1656 1459 intentio
1684 1419 1749 1459 ac
1773 1418 1983 1459 summa

411 1497 694 1570 colligitur,
733 1499 820 1556 cui
855 1506 1051 1554 cuncta
1092 1512 1368 1553 sacrarum
1401 1494 1798 1565 Seripturarum
1831 1494 1981 1550 volu-

409 1590 558 1645 mina
592 1589 941 1657 famulantur,
969 1590 1035 1646 de
1063 1604 1169 1661 quo
1192 1590 1386 1645 beatus
1411 1590 1624 1654 Petrus,
1666 1598 1726 1644 ut
1758 1588 1985 1642 audien-

411 1680 543 1739 tium
566 1682 734 1739 corda
774 1682 936 1753 digno
977 1690 1184 1738 terrore
1222 1690 1538 1751 concuteret
1570 1698 1639 1751 gi
1689 1678 1981 1745 Adveniet,

782 412 785 415 -
884 381 947 439 8.
982 379 1189 453 PETRI
1226 380 1510 439 DAMIANI
1546 380 1697 439 OPP.
1738 379 1973 438 TOMUS

2076 379 2141 436 cu
2180 379 2359 435 PARS
2395 380 2460 436 ιιι
2492 380 2936 442 ι-ορυεςυωι
2969 385 3220 458 vatus.

3553 386 3661 447 πο

2014 498 2065 554 Α
2091 501 2145 547 et
2172 493 2264 549 ira:
2309 492 2635 567 furorisque,
2665 500 2730 554 ad
2758 501 3123 573 deponendam
3155 513 3356 559 terram
3384 520 3438 587 ιιι
3470 506 3663 563 solitu-

2092 583 2236 649 dine,
2261 594 2313 641 et
2338 596 2648 656 peccatores
2668 587 2781 658 ejus
2809 593 3164 648 conterendos
3186 610 3250 648 ex
3278 609 3375 662 ea;
3400 583 3655 667 quoniam

2090 675 2258 731 stellae
2307 686 2362 732 et
2417 678 2672 749 splendor
2730 698 2915 737 earum
2960 700 3067 739 non
3119 686 3420 754 expandent
3472 689 3653 747 lumen

2089 780 2268 831 suum,
2305 768 2692 824 obtenebratus
2717 780 2800 826 est
2829 754 2906 826 sol
2940 773 2991 826 in
3026 784 3147 825 ortu
3177 788 3294 840 suo,
3319 785 3373 830 et
3396 774 3517 831 luna
3546 796 3652 833 non

2089 854 2387 924 splendebit
2417 857 2469 912 in
2494 858 2700 933 lumine
2748 877 2879 927 suo;
2913 871 2966 917 et
3009 863 3240 919 visitabo
3279 878 3440 936 super
3468 867 3651 922 orbem

2087 943 2263 1010 mala,
2311 955 2365 999 et
2413 956 2604 1001 contra
2658 949 2847 1019 impios
2895 946 3219 1022 iniquitates
3251 968 3437 1009 eorum
3490 956 3648 1026 (lsui.

2085 1037 2224 1115 xm).
2258 1056 2276 1090 ι
2309 1036 2377 1091 Ει
2401 1037 2593 1095 iterum
2620 1054 2635 1094 :
2658 1031 2692 1091 ἰ
2719 1040 2880 1106 Ecce,
2906 1042 3002 1106 ait,
3032 1042 3240 1097 validus
3267 1053 3321 1099 et
3365 1043 3520 1100 fortis
3550 1047 3652 1102 Do-

2087 1126 2264 1181 minus
2309 1128 2450 1183 sicut
2486 1118 2723 1199 impetus
2746 1132 3046 1203 grandinis,
3092 1134 3251 1189 turbo
3278 1134 3648 1207 canit-ingens,

2085 1215 2226 1271 sicut
2254 1217 2483 1288 impetus
2528 1230 2788 1291 aquarum
2834 1225 3124 1278 multarum
3180 1227 3549 1281 inundantium
3592 1237 3649 1283 et

2085 1306 2402 1362 emissarum
2428 1320 2592 1379 super
2617 1319 2817 1366 terram
2848 1311 3001 1382 (lsai.
3025 1316 3239 1385 xxvm).
3262 1333 3291 1368 ι.
3316 1315 3457 1370 hiem
3479 1312 3603 1371 alibi
3628 1333 3650 1374 :

2090 1415 2121 1479 ς,
2138 1397 2277 1453 Ecce
2320 1415 2512 1454 nomen
2552 1401 2759 1457 Demini
2792 1404 2937 1458 venit
2987 1405 3053 1459 de
3085 1405 3419 1476 longinquo:
3451 1410 3648 1463 ardens

2082 1486 2233 1542 furor
2269 1486 2384 1557 ejus
2422 1500 2477 1548 et
2529 1492 2708 1563 gravis
2746 1493 2810 1548 ad
2845 1496 3187 1565 portandum,
3219 1495 3360 1551 labia
3394 1493 3508 1566 ejus
3558 1512 3650 1552 re-

2081 1578 2225 1648 pleta
2264 1588 2390 1633 sunt
2434 1578 2818 1652 indignatione,
2845 1594 2899 1639 et
2939 1584 3119 1655 lingua
3148 1585 3263 1654 ejus
3309 1590 3460 1657 quasi
3511 1588 3649 1659 ignis

2083 1665 2364 1732 devorans,
2394 1678 2449 1723 et
2474 1671 2695 1739 spiritus
2718 1673 2835 1744 ejus
2863 1673 3010 1729 velut
3045 1683 3254 1730 torrens
3283 1675 3545 1731 inundans
3579 1678 3646 1731 ad

406 1771 606 1845 inquit,
640 1772 756 1828 dies
792 1771 1003 1827 Domini
1046 1772 1185 1828 είευι
1228 1769 1338 1837 fur,
1378 1770 1431 1826 in
1469 1786 1576 1841 quo
1614 1768 1738 1825 εωιί
1785 1782 1981 1840 magno
2034 1843 2043 1845 ξ
2083 1758 2385 1814 'terdendas
2422 1769 2609 1831 gentes
2650 1763 2702 1816 in
2736 1764 2959 1819 nihilum
2993 1765 3327 1839 (Isaisxxx).
3350 1787 3367 1821 ι
3403 1767 3501 1836 Qui
3530 1785 3651 1825 rur-

404 1843 610 1932 imjmtu
659 1861 947 1927 transient,
993 1859 1256 1917 elementa
1304 1876 1433 1916 vero
1475 1860 1655 1916 calore
1700 1858 1974 1915 solventur

2080 1864 2173 1905 sus
2202 1851 2278 1905 ait
2302 1869 2315 1905 :
2353 1870 2371 1903 ι
2390 1852 2616 1926 Eritque
2647 1867 2866 1927 repente
2889 1858 3167 1915 confestim
3194 1877 3223 1914 a
3255 1859 3479 1917 υοιιιίιιο
3498 1874 3651 1917 exer-

406 1952 492 2026 (ιι
520 1953 665 2010 Patr.
698 1955 803 2026 ιιι).
838 1973 857 2007 ι
892 1952 1048 2009 Unde
1076 1962 1132 2010 et
1160 1969 1285 2009 mox
1312 1952 1590 2009 subdidit:
1638 1971 1656 2004 ι
1702 1951 1837 2007 Cum
1866 1951 1979 2007 huic

405 2044 589 2101 omnia
632 2044 796 2116 igitur
833 2044 1171 2101 dissolvenda
1217 2043 1348 2111 sint,
1390 2042 1577 2115 quales
1614 2051 1825 2114 oportet
1859 2056 1980 2097 esse

406 2148 527 2200 vos,
550 2133 606 2191 in
631 2134 838 2191 sanctis
862 2131 1363 2190 conversationibus
1388 2142 1443 2187 et
1466 2132 1606 2203 pieta
1617 2132 1758 2187 tibus
1789 2122 1979 2201 exspe-

405 2233 637 2293 ctantes,
665 2235 723 2285 et
761 2234 1113 2296 properantes
1159 2223 1212 2279 in
1259 2223 1548 2279 adventum
1592 2221 1697 2276 diei
1742 2220 1973 2286 Domini,

398 2332 503 2388 per
546 2332 706 2390 quem
745 2317 867 2375 caeli
897 2319 1152 2383 ardentes
1194 2314 1490 2379 solventur,
1531 2312 1797 2368 elementa
1846 2327 1977 2368 vero

400 2410 549 2481 ignis
573 2408 768 2467 ardore
803 2409 1110 2467 tabesceut?
1155 2426 1173 2460 ι
1208 2406 1397 2481 (Ιὺὶά.)
1446 2406 1522 2460 De
1561 2421 1667 2478 quo
1711 2414 1765 2460 et
1803 2403 1972 2460 Judas

398 2500 537 2558 dicit
566 2499 840 2572 apostolus
881 2517 896 2555 :
945 2517 964 2569 ᾳ
1010 2499 1151 2569 Ecce
1177 2498 1358 2554 veniet
1389 2494 1649 2555 Dominus
1685 2496 1740 2551 in
1770 2484 1976 2551 sanctis

400 2588 643 2646 millibus
666 2588 778 2644 suis
817 2586 997 2645 facere
1018 2587 1284 2660 judicium
1313 2596 1503 2645 contra
1539 2601 1746 2650 omnes,
1786 2584 1976 2640 redar-

396 2670 570 2752 guere
589 2693 780 2737 omnes
802 2676 1001 2753 impios
1024 2677 1091 2735 de
1118 2678 1369 2735 omnibus
1399 2675 1652 2748 operibus
1674 2675 1975 2747 impietatis

394 2760 609 2843 ,eorum,
633 2772 828 2845 quibus
855 2772 1015 2845 impie
1053 2780 1299 2851 egerunt,
1345 2770 1492 2827 etde
1519 2769 1770 2826 omnibus
1823 2769 1975 2851 duris

404 2879 525 2935 qua:
549 2862 712 2945 locuti
751 2872 879 2921 sunt
905 2872 1093 2945 contra
1129 2878 1251 2941 eum
1288 2871 1603 2941 peccatores
1640 2861 1788 2931 impii
1818 2850 1969 2932 (Jul.

393 2958 464 3029 ι).
498 2975 519 3010 ι
552 2942 631 3014 De
656 2958 761 3015 hoc
784 2966 839 3014 et
861 2942 1097 3031 Joannes
1123 2957 1179 3013 in
1209 2954 1525 3033 Apocalypsi
1552 2971 1607 3010 ε(
1628 2954 1767 3010 Ecce
1795 2954 1974 3039 veniet

394 3065 524 3119 eum
554 3051 810 3119 nubibus,
845 3059 901 3108 et
937 3051 1142 3106 videbit
1175 3064 1298 3107 eum
1332 3050 1508 3106 omnis
1549 3047 1756 3112 oculus,
1789 3056 1841 3102 et
1878 3047 1971 3117 qui

401 3157 523 3198 eum
552 3152 914 3216 pupugerunt,
939 3154 995 3200 et
1019 3143 1274 3215 plangent
1311 3158 1371 3199 se
1395 3157 1556 3212 super
1577 3156 1635 3198 se
1658 3156 1848 3199 omnes
1872 3141 1971 3197 tri-

2084 1943 2308 2009 cituum,
2331 1944 2638 2001 visitabitur
2662 1946 2973 2003 in‘tonitruo
3005 1959 3058 2004 et
3092 1953 3450 2008 commotione
3469 1962 3644 2021 terrae,

2082 2043 2137 2089 et
2166 2049 2297 2090 voce
2328 2052 2522 2107 magna
2562 2036 2805 2095 'turbinis
2845 2050 2900 2096 et
2945 2044 3301 2112 tempestatis.
3328 2052 3378 2101 et
3430 2044 3645 2101 llatnma

2083 2124 2222 2205 ignis
2251 2127 2562 2185 devorantis
2594 2129 2744 2199 (Isai.
2769 2131 2939 2204 χχιιι).
2963 2151 2979 2183 ι
3012 2132 3088 2187 De
3116 2149 3220 2204 quo
3249 2135 3496 2191 videlicet
3525 2137 3646 2207 igne

2079 2212 2271 2272 Petrus
2300 2218 2376 2273 ait
2400 2236 2412 2272 ;
2444 2237 2461 2270 ι
2484 2217 2618 2275 ϐωιί
2646 2232 2822 2277 autem
2849 2223 2937 2295 qui
2962 2241 3101 2279 nunc
3125 2234 3270 2292 sunt,
3284 2236 3343 2281 ‘et
3370 2237 3530 2292 terra,
3555 2245 3648 2285 eo-

2079 2304 2200 2360 dem
2231 2312 2394 2363 verbo
2426 2310 2649 2379 repositi
2694 2324 2840 2380 sunt,
2872 2315 2978 2387 igni
3009 2318 3269 2373 reservati
3295 2318 3348 2373 in
3378 2319 3462 2374 die
3501 2316 3647 2389 judi-

2077 2394 2148 2450 cii
2172 2406 2227 2479 et
2271 2394 2588 2470 perditionis
2614 2402 2898 2474 impiorum
2924 2407 3203 2463 hominum
3225 2408 3309 2482 (II
3335 2406 3479 2464 I’etr.
3502 2409 3637 2481 ιιι).ι

2077 2487 2154 2541 De
2179 2487 2281 2545 hoc
2303 2500 2355 2546 et
2380 2496 2641 2564 propheta
2669 2495 2797 2551 dicit
2821 2513 2835 2551 :
2866 2515 2884 2549 ι
2913 2498 3163 2554 Auditam
3195 2501 3355 2557 faciet
3382 2500 3644 2559 Dominus

2075 2581 2299 2652 gloriam
2331 2586 2477 2640 vocis
2509 2602 2638 2654 suae,
2667 2598 2721 2643 ct
2751 2600 3008 2647 terrorem
3034 2585 3242 2650 brachii
3270 2595 3351 2651 sui
3396 2597 3643 2666 ostendet

2074 2673 2128 2755 in
2156 2677 2571 2734 conuniuatioue
2609 2679 2808 2737 furoris
2840 2692 2894 2737 et
2920 2680 3150 2739 ﬂaznma:
3176 2685 3315 2756 ignis
3336 2688 3642 2742 devorantis

2076 2764 2230 2852 (1.:ai.
2256 2768 2403 2836 xxx).
2436 2789 2454 2821 ι
2498 2768 2574 2825 De
2622 2771 2724 2827 hac
2755 2773 2917 2828 etiam
2962 2774 3167 2831 ultione
3218 2777 3496 2833 tremenda
3540 2792 3639 2847 per

2074 2853 2289 2929 Moysen
2322 2859 2578 2917 Dominus
2607 2863 2775 2918 dicit:
2809 2885 2826 2916 ‹
2856 2863 3079 2921 Gladius
3113 2882 3263 2922 meus
3292 2868 3642 2924 manducabit

2072 2948 2263 3031 carnes
2307 2950 2487 3024 (Deut.
2510 2952 2704 3026 xxx").
2728 2974 2748 3008 ι
2786 2956 2860 3012 De
2888 2957 2990 3012 hac
3011 2955 3271 3013 Jeremias
3310 2957 3388 3015 ait
3419 2976 3434 3014 :
3470 2978 3488 3012 ι
3511 2957 3641 3014 Gla-

2072 3042 2191 3096 dius
2218 3038 2432 3098 Domini
2459 3044 2738 3101 dcvorabit
2783 3046 2849 3101 ab
2890 3056 3132 3104 extremo
3178 3059 3333 3105 terrm
3376 3064 3544 3121 usque
3574 3048 3643 3104 ad

2073 3144 2372 3201 extremum
2418 3134 2559 3206 ejus,
2591 3153 2696 3193 non
2736 3148 2819 3195 est
2860 3155 2963 3212 pax
3000 3141 3264 3198 universa:
3305 3141 3456 3197 carni
3503 3140 3637 3212 (Jer.

400 3196 681 3291 tam;
700 3196 989 3307 ἷᾹρὶξΪιῇ
1005 3196 1441 3291 Ieiunia.
1459 3196 1580 3289 λέ..
1615 3196 1634 3284 4
1661 3196 1972 3292 ea...“
1996 3204 2044 3269 ϐ
2074 3196 2195 3299 5m).
2227 3247 2246 3280 .

402 3325 660 3383 Dominus
690 3326 1046 3391 exercituum,
1080 3334 1136 3380 et
1173 3326 1294 3395 quis
1320 3325 1517 3398 poterit
1556 3326 1795 3395 cogitare
1822 3323 1969 3403 diem

400 3416 874 3484 adventusejus,et
893 3416 1015 3486 quis
1036 3415 1198 3470 stabit
1215 3416 1282 3470 ad
1295 3414 1580 3471 videndum
1596 3415 1751 3471 eum?
1772 3434 1791 3468 ι
1810 3414 1884 3486 (Μ
1892 3414 1966 3469 al.

400 3508 509 3577 ιιι.)
534 3506 782 3576 Et'paulo
803 3514 959 3577 post:
988 3523 1006 3556 ι
1025 3505 1166 3561 Ecce
1188 3506 1304 3562 dies
1318 3506 1518 3571 veniet,
1534 3520 1791 3560 succensa
1816 3490 1968 3575 quasi

400 3596 739 3661 caininus,et
765 3603 926 3650 erunt
948 3611 1136 3651 omnes
1162 3596 1377 3667 superbi
1419 3604 1473 3650 et
1501 3610 1688 3651 omnes
1708 3594 1971 3651 facientes

402 3685 732 3759 impietatem
774 3685 914 3740 sicut
956 3685 1173 3759 stipula,
1221 3694 1277 3740 et
1324 3682 1673 3739 inﬂammabit
1714 3699 1808 3739 eos
1854 3684 1970 3739 dies

400 3774 564 3847 776
606 3774 850 3841 veniens,
878 3790 998 3845 qua:
1048 3792 1153 3831 non
1203 3774 1469 3845 relinquet
1512 3774 1593 3829 eis
1628 3774 1867 3829 radicem
1914 3783 1970 3830 et

398 3882 615 3940 germen
639 3867 796 3938 (Mal.
815 3877 912 3940 IV).
938 3888 957 3922 ι
988 3868 1057 3925 Et
1088 3884 1183 3938 per
1206 3868 1369 3923 alium
1394 3868 1706 3939 prephetam
1736 3866 1963 3921 dicitur:

403 3979 423 4013 ι
444 3958 634 4017 Adhuc
659 3978 822 4017 unum
855 3960 1120 4016 modicum
1151 3969 1254 4025 est,
1276 3967 1332 4015 et
1358 3974 1456 4029 ego
1484 3956 1831 4013 commovebo
1858 3970 1967 4012 coeo

397 4052 509 4109 lum
554 4063 609 4111 et
660 4063 890 4120 terram,
942 4062 997 4109 et
1032 4068 1202 4118 mare,
1248 4061 1303 4107 et
1350 4051 1587 4113 aridam,
1638 4060 1692 4105 et
1741 4049 1968 4105 movebo

398 4161 587 4202 omnes
606 4157 815 4220 gentes,
837 4155 891 4201 et
916 4146 1093 4201 veniet
1128 4144 1462 4199 desideratus
1487 4143 1693 4198 cunctis
1723 4141 1969 4214 gentibus

400 4238 601 4310 (Aggwi
642 4240 779 4311 vtu).
825 4257 845 4289 ι
877 4237 1009 4293 llem
1036 4238 1209 4291 alius:
1249 4255 1267 4287 ι
1294 4235 1455 4291 Juxta
1482 4246 1565 4290 est
1593 4236 1708 4291 dies
1757 4234 1969 4290 Domini

400 4348 658 4405 magnus,
688 4332 873 4402 juxta,
922 4343 977 4387 et
1026 4332 1177 4387 velox
1222 4331 1413 4397 nimis;
1457 4346 1560 4384 vox
1602 4330 1706 4384 diei
1757 4328 1970 4383 Domini

399 4438 617 4488 amara,
653 4422 999 4501 tribulahitur
1033 4422 1105 4476 ibi
1147 4420 1335 4487 fortis,
1383 4421 1498 4475 dies
1537 4420 1651 4484 iraa,
1694 4418 1810 4473 dies
1854 4418 1967 4485 illa,

400 4520 517 4576 dies
553 4518 907 4579 tribulationis
948 4526 1001 4572 et
1048 4516 1337 4588 angustize,
1393 4516 1507 4569 dies
1551 4505 1870 4568 calamila'tis
1916 4522 1971 4567 et

400 4614 651 4680 miseriae,
676 4611 788 4668 dies
816 4609 1025 4667 nebulae
1063 4621 1117 4667 et
1147 4609 1398 4674 turbinis,
1427 4608 1540 4662 dies
1564 4608 1704 4661 tuba:
1732 4592 1803 4660 let
1828 4605 1973 4660 clan-

399 4712 546 4784 goris
583 4710 844 4782 (Sep/ton.
881 4709 944 4781 ι).
970 4728 989 4761 ι
1046 4707 1148 4763 Ubi
1181 4707 1494 4769 notandmn,
1535 4702 1795 4759 tremendi
1828 4703 1969 4757 diem

393 4801 606 4873 judicii,
634 4817 794 4872 quam
838 4800 1102 4870 proxime,
1134 4813 1401 4869 quamque
1435 4795 1726 4867 perniciter
1772 4794 1972 4851 adven-

399 4903 519 4949 tare
560 4895 823 4971 propheta
863 4891 1194 4957 considerat,
1234 4892 1300 4947 ad
1346 4890 1499 4960 cujus
1540 4889 1834 4961 agilitatem
1876 4904 1972 4946 ex-

397 4986 637 5057 pressius
678 4986 1048 5043 iuculcandam
1086 4995 1163 5042 tot
1206 4984 1541 5041 acceleraudi
1600 4984 1818 5039 nomina
1879 4998 1970 5039 co-

2143 3318 2365 3374 Gladius
2407 3321 2552 3375 enim
2599 3294 2882 3380 devorare.
2920 3333 3120 3380 terram
3175 3324 3390 3391 dicitur,
3436 3333 3492 3381 et
3534 3338 3642 3396 pax

2074 3411 2336 3465 universa:
2385 3414 2534 3467 carni
2584 3413 2771 3471 deesse
2829 3415 3173 3488 perhibetur,
3222 3418 3344 3486 quia
3393 3417 3642 3489 quisquis

2073 3516 2213 3555 nunc
2247 3502 2533 3558 carnaliter
2577 3516 2947 3574 conversatur,
2978 3508 3061 3562 vel
3108 3515 3321 3563 terrena
3370 3506 3642 3564 immode4-

2072 3589 2241 3645 ratius
2270 3592 2479 3649 ambire
2523 3595 2883 3661 convincitur,
2912 3596 3111 3651 ultimae
3140 3596 3490 3653 districtionis
3539 3613 3640 3656 nc—

2072 3697 2223 3737 cesse
2248 3692 2333 3737 cst
2374 3683 2555 3754 gladio
2595 3687 2914 3755 perimatur.
2943 3688 3018 3742 De
3043 3705 3149 3759 quo
3176 3689 3429 3745 nimirum
3465 3689 3641 3761 gladio

2071 3788 2167 3842 per
2193 3772 2528 3829 Ezechielcm
2558 3775 2815 3834 Dominus
2844 3776 3010 3834 dicit:
3044 3798 3063 3832 ‹
3088 3779 3405 3852 Egredietur
3430 3778 3641 3852 gladius

2072 3879 2223 3918 meus
2239 3865 2305 3919 de
2318 3865 2509 3935 vagina
2529 3882 2623 3921 sua
2638 3868 2701 3923 ad
2723 3885 2933 3924 omnem
2947 3886 3163 3926 carnem
3178 3869 3244 3925 ab
3258 3872 3457 3927 Austro
3472 3880 3641 3942 usque

2072 3953 2139 4007 ad
2162 3954 2509 4024 Aquilonem;
2538 3965 2596 4011 ut
2615 3957 2752 4014 sciat
2769 3961 2945 4016 omnis
2967 3978 3093 4016 caro
3121 3962 3243 4031 quia
3265 3977 3363 4033 ego
3383 3962 3642 4020 Dominus

2070 4046 2229 4101 eduxi
2275 4048 2507 4118 gladium
2556 4066 2731 4106 meum
2758 4053 2824 4107 de
2852 4055 3044 4126 vagina
3089 4070 3185 4110 sua
3233 4055 3639 4110 irrevocabilem

2073 4137 2288 4209 (Ezecli.
2318 4142 2490 4213 xxx).t
2526 4140 2601 4198 De
2641 4143 2745 4200 hoc
2788 4145 2973 4216 utique
3018 4146 3194 4218 gladio
3231 4155 3285 4201 et
3313 4148 3479 4201 Amos
3506 4161 3633 4217 pro-

2072 4231 2231 4301 pheta
2260 4233 2391 4288 dicit
2413 4234 2553 4289 rilu
2578 4236 2754 4307 gladio
2788 4239 3085 4292 morientur
3110 4254 3298 4315 omnes
3326 4247 3638 4309 peccatores

2073 4323 2253 4394 populi
2287 4326 2420 4391 mei,
2468 4327 2559 4396 qui
2588 4327 2747 4400 777
2775 4328 2978 4394 dicunt,
3013 4346 3121 4386 non
3168 4332 3635 4404 appropinquabit,

2072 4427 2127 4474 et
2156 4434 2261 4473 non
2290 4420 2466 4475 veniet
2495 4435 2655 4491 super
2676 4439 2773 4477 nos
2802 4423 2997 4480 malum
3025 4424 3227 4496 (Amos,
3254 4427 3353 4496 Ix).
3389 4445 3407 4477 ι
3435 4423 3533 4480 llic
3559 4424 3641 4478 di-

2077 4509 2183 4564 vini
2207 4507 2393 4579 judicii
2429 4520 2603 4567 terror
2631 4514 2916 4571 interiores
2944 4515 3150 4571 Nahum
3186 4519 3459 4589 propheta:
3482 4531 3640 4572 aures

2076 4603 2413 4675 turbaverat,
2436 4623 2557 4663 cum
2587 4609 2797 4667 dicebat
2830 4629 2842 4665 :
2880 4630 2899 4664 ι
2929 4610 3042 4667 Vox
3069 4611 3282 4686 ﬂagelli,
3315 4624 3369 4670 et
3410 4630 3509 4669 vox
3540 4614 3640 4668 im-

2073 4709 2231 4770 petus
2251 4710 2399 4767 rene,
2431 4710 2483 4756 et
2504 4703 2626 4772 equi
2656 4700 2956 4771 frementis,
2986 4716 3040 4761 et
3062 4707 3334 4778 quadrigae
3358 4702 3640 4772 ferventis,

2073 4801 2128 4846 et
2148 4792 2341 4864 equitis
2360 4794 2717 4860 ascendentis,
2758 4806 2815 4852 et
2855 4798 3108 4855 micantis
3154 4797 3337 4871 gladii,
3364 4809 3420 4854 et
3464 4798 3641 4869 fulgu-

2076 4882 2248 4936 rantis
2297 4882 2483 4947 hastm,
2510 4893 2565 4939 et
2612 4885 2973 4943 multitudinis
3007 4886 3327 4953 interfecta,
3375 4898 3429 4944 ct
3459 4886 3640 4961 gravis

2073 4974 2378 5039 ruinae,nec
2399 4985 2483 5030 est
2504 4976 2625 5032 ﬁnis
2654 4978 2975 5035 cadaverum
3008 4977 3269 5052 (Nahum,
3288 4980 3392 5053 ιιι).
3415 5001 3433 5033 ι
3462 4978 3642 5034 Enim-
