4138 6320
382 427 479 484 741

1381 419 1627 479 OPUSC.
1668 419 1729 474 ι.
1753 413 2235 472 ~lNSTITUTIO
2273 412 2619 497 MOMALIS.

3550 416 3657 472 742

380 548 448 603 ab
494 499 592 599 eis‘
627 555 725 612 per
774 538 1078 596 custodiam
1132 538 1458 594 humilitatis
1508 538 1882 602 absconditur,
1913 541 1969 589 et
1996 537 2044 595 Α
2072 532 2309 601 pondere
2341 529 2622 601 premitur,
2654 526 2747 597 qui
2778 525 3107 583 intrinsecus
3146 526 3366 598 quidem
3389 526 3654 585 vitiorum

382 649 639 707 tanquam
687 634 936 689 volumen
987 632 1210 698 codicis,
1273 646 1339 686 ne
1390 632 1619 704 legatur,
1655 628 1966 684 involvitur.

380 733 535 787 Tunc
564 724 772 794 autem,
807 728 874 783 ad
901 741 1088 782 eorum
1113 725 1361 798 gloriam,
1394 724 1769 779 universorum
1797 720 1970 776 oculis

379 824 648 897 aperitur;
683 830 742 875 ut
785 821 836 875 in
881 820 962 876 eis
986 819 1437 891 prtevaricatores
1466 826 1724 887 tanquam
1758 829 1853 885 per
1882 814 1967 900 d_i-

380 926 540 990 gestae
569 912 881 985 scriptionis
904 911 1193 967 articulum
1223 910 1404 984 legant
1436 909 1631 965 divina:
1652 907 1786 977 legis
1818 923 1970 960 man-

380 1010 520 1070 data,
554 1023 693 1078 quze,
721 1009 846 1062 dum
878 1005 1223 1069 adviverent,
1258 1016 1478 1060 servare
1502 990 1965 1074 contempserant.

376 1101 487 1156 Illic
509 1097 624 1169 jam
671 1096 1076 1168 compelluntur
1104 1106 1159 1152 et
1187 1096 1366 1169 legere
1391 1136 1406 1161 ,
1456 1097 1548 1167 qui
1580 1096 1668 1150 hic
1694 1111 1791 1165 per
1820 1110 1971 1149 arro-

377 1190 572 1264 gantiae
597 1189 796 1244 fastum
819 1190 985 1244 verba
1023 1187 1117 1243 Dei
1157 1188 1591 1258 dedignabantur
1620 1187 1827 1242 audire.
1856 1186 1971 1242 Illic

354 1276 561 1355 jugum
618 1281 830 1335 Domini
883 1280 1001 1334 leve
1028 1321 1043 1346 ,
1100 1288 1154 1336 et
1199 1296 1339 1336 onus
1383 1276 1501 1350 ejus
1542 1294 1709 1335 suave
1749 1280 1971 1335 mitibus

376 1372 593 1445 (Matth.
622 1372 696 1445 χι)
730 1382 784 1428 et
837 1372 1170 1444 patientibus
1210 1370 1376 1427 fuisse
1419 1371 1788 1436 considerant,
1826 1372 1971 1442 quod

374 1468 465 1523 hic
495 1467 761 1539 superbia:
790 1482 900 1522 suae
926 1465 1230 1521 cervicibus
1265 1463 1608 1518 intolerabile
1629 1463 1967 1535 judicabant.

374 1555 489 1613 Illic
510 1558 806 1629 superbum
828 1556 989 1611 Omne
1010 1555 1384 1631 confunditur,
1413 1564 1467 1611 et
1490 1554 1752 1627 quidquid
1784 1555 1968 1610 eleva—

379 1658 487 1703 tum
522 1646 720 1716 fuerat,
748 1649 848 1703 sub
900 1645 1393 1716 tautze‘majestatis
1433 1646 1805 1719 indignatione
1846 1663 1972 1702 cur-

375 1752 554 1797 vatur.
593 1742 742 1799 Unde
788 1760 885 1815 per
922 1743 1115 1798 Isaiam
1160 1744 1357 1799 dicitur
1389 1761 1403 1797 :
1445 1763 1463 1796 t
1517 1741 1669 1799 Oculi
1708 1743 1970 1799 sublimes

374 1833 617 1891 hominis
659 1837 932 1892 humiliati
964 1846 1111 1904 sunt,
1139 1849 1194 1892 et
1232 1835 1605 1892 incurvabitur
1638 1835 1867 1892 altitudo
1890 1836 1970 1891 vi-

2072 622 2307 677 Iatcnter
2352 620 2717 692 ingruentium
2771 616 3118 676 deformitate
3166 617 3657 685 confunditur,fo-

2070 713 2147 767 ris
2184 715 2365 767 autem
2428 697 2663 781 quadam
2711 709 3044 766 adumbratae
3085 709 3312 765 virtutis
3345 709 3433 765 vel
3473 711 3657 780 potius

2068 804 2375 861 honestatis
2398 801 2805 874 pulchritudine
2827 800 3105 872 palliatur.
3132 800 3242 857 Sed
3265 816 3387 858 cum
3420 802 3657 873 plurima

2071 904 2401 967 suppetant,
2446 909 2547 950 nos
2584 893 2923 950 enucleatius
2968 902 3242 963 exponere
3290 893 3394 948 ista
3438 904 3662 966 postpo-

2069 988 2284 1054 nimus,
2335 988 2463 1059 quia
2509 986 2823 1057 prolixioris
2856 985 2980 1057 styli
3030 985 3285 1040 laciniam
3332 986 3658 1043 devitamus.

2069 1082 2325 1152 Exempla
2379 1097 2594 1153 quoque
2638 1081 2705 1136 de
2734 1078 2901 1136 divini
2936 1089 3144 1135 terrore
3165 1079 3358 1150 jndieii
3388 1080 3540 1150 plura
3570 1079 3659 1136 his

2070 1176 2491 1248 superscdemus
2547 1177 2813 1240 inserere,
2850 1175 2975 1244 quia
3018 1189 3146 1230 cum
3196 1174 3325 1229 huic
3372 1174 3660 1231 tremendo

2070 1270 2308 1325 examini
2360 1270 2539 1324 omnis
2594 1268 2795 1338 eloquii
2847 1267 3090 1323 etelestis
3142 1267 3374 1322 intentio
3420 1268 3657 1335 militet,

2068 1375 2171 1415 nos
2214 1361 2265 1416 in
2317 1361 2739 1433 exaggeratione
2785 1359 2903 1429 ejus
2953 1360 3232 1416 elaborare
3287 1359 3491 1415 diutius
3545 1372 3658 1415 non

2070 1463 2337 1525 apportet.
2371 1455 2452 1509 Ad
2482 1456 2584 1511 hoc
2633 1455 2778 1510 enim
2825 1454 3056 1525 plcniter
3086 1453 3467 1515 intimandum,
3491 1453 3658 1508 etiam

2073 1547 2116 1602 si
2150 1557 2348 1604 caetera
2382 1558 2578 1604 cuncta
2624 1550 2897 1613 deessent,
2931 1547 3043 1603 sola
3082 1546 3175 1601 illa
3215 1546 3475 1603 Veritatis
3492 1547 3661 1602 verba

2071 1640 2422 1707 sufficerent,
2473 1641 2671 1714 quibus
2707 1640 2827 1695 ait:
2868 1659 2886 1692 ι
2943 1640 3119 1694 Erunt
3170 1639 3286 1695 dies
3317 1638 3392 1693 illi
3435 1637 3662 1694 tribula-

2072 1730 2237 1787 tionis
2304 1731 2444 1787 tales
2514 1732 2707 1803 quales
2759 1746 2865 1785 non
2922 1728 3142 1785 fuerunt
3190 1729 3258 1784 ab
3303 1729 3463 1784 initio
3506 1742 3663 1785 crea-

2070 1830 2206 1876 tura:
2229 1836 2389 1893 quam
2417 1821 2661 1877 condidit
2689 1822 2850 1887 Deus,
2881 1835 3056 1892 usque
3091 1836 3266 1886 nunc,
3294 1834 3474 1889 neque
3523 1818 3661 1873 ﬁent

375 1942 582 1994 rerum.
612 1927 954 1983 Exaltabitur
978 1936 1158 1983 autem
1187 1929 1450 1984 Dominus
1473 1928 1618 1983 solus
1640 1927 1695 1983 in
1724 1929 1810 1984 die
1841 1927 1962 1994 illa;
1998 1898 2051 1958 Β
2077 1910 2274 1983 (Mam
2301 1911 2418 1985 Χν)·
2452 1933 2477 1986 ,³

373 2021 648 2092 quiadies
676 2021 887 2079 Domini
916 2038 1079 2094 super
1111 2038 1328 2079 omnem
1360 2023 1653 2091 superbum
1699 2032 1753 2077 et
1780 2023 1964 2077 excel-

372 2126 493 2168 sum
540 2121 596 2169 et
641 2129 804 2183 super
834 2130 1049 2171 omnem
1087 2124 1529 2184 arrogantem,et
1561 2114 1961 2183 humiliabitur;

374 2214 427 2260 et
452 2220 615 2274 super
657 2220 849 2261 omnes
887 2206 1079 2261 cedros
1104 2204 1303 2260 Libani
1348 2204 1608 2262 sublimes
1645 2216 1698 2260 et
1730 2217 1960 2275 erectas,

372 2304 427 2351 et
452 2311 615 2367 super
641 2311 830 2351 omnes
856 2312 1093 2367 quercus
1120 2295 1390 2362 Basan,et
1411 2313 1576 2368 super
1603 2312 1793 2353 omnes
1814 2314 1964 2352 monr

375 2395 457 2443 tes
480 2387 745 2455 excelsos,
777 2396 831 2443 et
862 2404 1027 2459 super
1055 2404 1246 2444 omnes
1283 2386 1449 2444 colles
1482 2387 1746 2453 elevatus,
1789 2397 1843 2444 et
1868 2405 1964 2443 su-

370 2495 469 2551 per
503 2495 719 2535 omuetn
751 2480 940 2535 turrim
972 2479 1268 2547 excelsam,
1296 2488 1353 2535 et
1378 2496 1542 2551 super
1590 2496 1805 2535 omnem
1848 2497 1966 2535 mu-

372 2586 494 2627 rum
525 2573 824 2637 munitum,
870 2581 926 2628 et
955 2588 1123 2643 super
1161 2584 1353 2629 omnes
1402 2587 1569 2628 naves
1618 2572 1869 2640 Tharsis,
1911 2582 1966 2630 et

370 2678 535 2735 super
577 2680 742 2721 omne
806 2667 949 2737 quod
996 2665 1117 2720 visu
1166 2665 1454 2738 pulchrum
1504 2674 1619 2733 est;
1676 2675 1732 2722 et
1784 2667 1966 2723 incur-

368 2757 586 2813 vabitur
639 2757 946 2815 sublimitas
992 2758 1299 2824 hominum,
1347 2766 1403 2816 et
1434 2759 1808 2817 humiliabitur
1844 2760 1966 2814 alti-

362 2852 502 2917 ,tudo
531 2851 776 2908 virorum
802 2890 818 2920 ,
876 2860 932 2908 et
966 2851 1268 2908 clevabitur
1300 2852 1562 2911 Dominus
1613 2850 1762 2908 solus
1794 2852 1848 2907 in
1879 2852 1965 2907 die

370 2945 484 3011 illa,
513 2954 566 3002 et
600 2946 743 3002 idola
773 2945 990 3017 penitus
1012 2934 1434 3025 conterentur;
1474 2954 1530 3002 et
1576 2945 1880 3003 introibuut
1908 2945 1963 3000 in

369 3038 655 3109 speluncas
685 3048 965 3110 petrarum
1011 3048 1069 3096 et
1120 3039 1175 3095 in
1228 3039 1521 3110 voragines
1571 3047 1730 3095 terra:
1766 3038 1963 3094 afaeie

358 3112 672 3187 ‘formidinis
700 3131 911 3187 Domini
936 3141 992 3189 et
1018 3147 1049 3187 a
1074 3131 1246 3204 gloria
1301 3130 1607 3201 majestatis
1635 3129 1755 3201 ejus
1779 3170 1794 3195 ,
1838 3145 1962 3185 cum

366 3224 671 3282 surrexerit
694 3235 982 3296 percutere
1014 3233 1216 3280 terram
1245 3223 1401 3297 (Isai.
1430 3224 1517 3295 ιι).
1555 3243 1575 3276 ι
1620 3223 1751 3292 Quae
1801 3224 1962 3279 nimi-

360 3297 490 3373 frum
516 3317 676 3373 verba
702 3317 945 3374 seriatim
975 3317 1225 3374 fortassis
1253 3316 1725 3388 exponerem,nisi
1758 3316 1961 3387 episto-

360 3390 501 3475 laris
527 3408 833 3479 compendii
880 3408 1120 3480 regulam
1153 3409 1417 3464 excedere
1455 3406 1774 3462 devitarem.
1824 3406 1958 3463 lllud

369 3500 634 3556 duntaxat
663 3509 1042 3557 summotenus
1070 3499 1226 3556 video
1274 3500 1788 3572 perstringendum,
1837 3502 1963 3571 quia

371 3592 533 3648 rebus
557 3592 962 3648 insensibilibus
991 3592 1106 3649 dies
1136 3592 1304 3648 divini
1328 3589 1522 3661 judicii
1551 3592 1756 3648 dicitur
1783 3592 1964 3649 immi-

370 3700 534 3752 nere;
572 3686 666 3742 sed
696 3702 794 3757 per
821 3686 1025 3757 ﬁguras
1047 3701 1228 3741 rerum
1252 3676 1473 3741 ratione
1502 3686 1826 3756 carentium,
1855 3697 1964 3744 sto-

370 3777 553 3835 liditas
613 3780 933 3851 intelligitur
1007 3780 1292 3835 hominum
1359 3781 1740 3851 reprohorum.
1804 3782 1962 3838 Cedri

371 3872 569 3943 quippe
617 3872 807 3929 Libani
846 3873 1106 3929 sublimes
1150 3883 1207 3929 et
1252 3860 1485 3939 erecue,
1549 3884 1797 3946 potentes
1840 3884 1965 3931 sunt

369 3964 530 4031 hujus
553 3965 754 4032 saeculi,
787 3982 885 4037 per
929 3964 1309 4022 excellentiam
1359 3967 1591 4045 quidem
1615 3976 1845 4021 terrenae
1874 3984 1965 4022 su-

369 4057 652 4115 blimitatis
685 4059 836 4125 elati,
864 4061 957 4116 sed
1002 4061 1268 4116 bonorum
1320 4076 1544 4131 Operum
1582 4059 1850 4117 fructibus
1882 4063 1963 4117 in-

370 4149 609 4206 fecundi.
644 4151 895 4220 Quercus
940 4160 1121 4207 autem
1174 4150 1387 4207 fructus
1416 4151 1630 4222 quidem
1658 4152 1958 4223 proferunt,

362 4242 467 4323 sed
490 4259 597 4298 non
630 4243 828 4313 quibus
856 4244 1020 4298 homo
1054 4231 1327 4310 reficitur;
1363 4244 1457 4300 sed
1486 4244 1627 4298 unde
1654 4261 1780 4299 sues
1811 4236 1966 4299 alun-

372 4346 478 4394 tur.
508 4339 646 4395 Sues
675 4348 856 4396 autem
888 4339 1153 4395 immundi
1184 4339 1516 4407 intelligendi
1553 4350 1680 4394 sunt
1715 4339 1960 4410 spiritus,

370 4431 461 4502 qui
493 4432 705 4501 spurcis
744 4431 1080 4487 sordentium
1122 4430 1400 4486 homimnn
1429 4428 1685 4501 operibus
1710 4430 1967 4502 saginan-

364 4532 476 4599 tur.
505 4523 676 4602 Porro
713 4533 924 4585 montes
972 4519 1174 4577 excelsi
1220 4530 1277 4576 et
1323 4520 1491 4576 colles
1534 4518 1730 4577 elevati
1770 4518 1948 4593 (Psal.

369 4619 517 4689 LXIV)
545 4658 560 4685 ,
612 4616 831 4688 superbi
882 4615 1084 4686 quique
1127 4622 1276 4678 sunt,
1315 4614 1471 4684 quasi
1516 4628 1614 4684 per
1667 4623 1956 4685 aggestum

370 4694 599 4763 tumidae"
614 4705 967 4778 cogitationis
1001 4704 1055 4758 in
1091 4703 1200 4758 alta
1226 4704 1501 4773 porrecti;
1534 4701 1626 4756 sed
1658 4700 1953 4769 frumento,

369 4816 478 4871 quo
505 4799 675 4856 valles
703 4799 999 4865 abundant,
1030 4795 1356 4864 cunctisque
1393 4792 1759 4869 spiritualium
1792 4792 1959 4864 778

369 4893 674 4948 studiorum
712 4890 958 4963 frugibus
987 4887 1171 4942 alieni.
1201 4885 1321 4940 Jam
1362 4900 1491 4940 vero
1531 4883 1698 4940 turris
1744 4884 1957 4940 excelsa

371 4996 427 5045 et
455 5004 644 5047 murus
670 4986 910 5043 munitus
934 4984 1056 5040 illos
1081 4982 1323 5037 insinuat
1347 4979 1463 5052 qui,
1487 4995 1608 5035 cum
1638 4989 1956 5050 peccatores

370 5081 499 5148 sint,
517 5081 571 5136 in
595 5080 828 5152 quadam
854 5094 914 5134 se
938 5074 1083 5132 velut
1099 5074 1423 5131 innocentiae
1437 5087 1562 5127 arce
1585 5072 1951 5137 constituunt,

370 5188 599 5243 seseque
646 5168 976 5227 defensionis
1017 5165 1207 5238 clypeo
1239 5171 1625 5235 contegentes,
1660 5161 1953 5233 reprehen-

371 5282 555 5323 sorum
580 5281 799 5321 suorum
821 5261 1003 5333 jacula
1034 5262 1100 5316 ad
1144 5275 1204 5315 se
1231 5258 1539 5329 pertingere
1583 5272 1688 5309 non
1732 5252 1958 5325 permit-

373 5369 516 5416 tunt.
543 5357 771 5414 Tharsis
797 5366 977 5410 autem
1007 5351 1300 5425 exploratio
1338 5349 1519 5421 gaudii
1547 5348 1765 5403 dicitur.
1798 5345 1958 5412 Quis-

373 5452 498 5525 quis
547 5452 732 5516 enim,
780 5449 834 5504 in
882 5447 984 5501 hoc
1021 5445 1258 5510 seculo,
1310 5444 1450 5497 unde
1496 5442 1732 5512 gaudere
1785 5438 1957 5508 possit

373 5543 641 5615 explorat,
691 5540 817 5595 huic
872 5536 1258 5607 superveniens
1312 5534 1427 5588 dies
1484 5530 1722 5596 Domini,
1762 5529 1958 5600 quibus

368 5633 767 5708 perpetualiter
814 5637 1147 5693 amatescat,
1198 5625 1451 5681 maeroris
1511 5634 1673 5695 atque
1726 5622 1965 5678 tristitim‘

367 5726 657 5797 molestias
700 5724 915 5795 irrigat.
944 5719 1107 5777 Venit
1131 5719 1296 5774 etiam
1334 5718 1450 5773 dies
1480 5717 1690 5772 Domini
1719 5732 1831 5797 pon
1875 5731 1960 5771 su-

372 5837 474 5898 per
531 5834 694 5876 omne
752 5790 896 5889 quod
938 5812 1226 5886 pulchrum
1286 5820 1390 5877 est,
1443 5811 1536 5866 sed
1586 5790 1750 5880 super
1803 5824 1964 5866 omne

376 5915 521 5993 quod
560 5914 681 5972 visu
722 5908 1024 5985 pulchrum
1076 5910 1195 5972 est;
1240 5903 1369 5975 quia
1407 5900 1496 5959 ille
1547 5900 1717 5958 divini
1772 5898 1963 5972 judicii

2656 2027 2885 2085 CAPUT
2929 2027 3064 2085 V'lII.

2070 2115 2175 2174 Hic
2218 2120 2530 2177 admonetur
2579 2138 2641 2177 ne
2682 2120 2775 2175 sub
2820 2121 3029 2185 pietatis
3074 2118 3241 2192 specie
3296 2117 3366 2173 ad
3407 2116 3660 2191 sarculum

2709 2201 3018 2247 revertatur.

2139 2284 2218 2340 Tu
2264 2292 2469 2351 autem,
2503 2283 2724 2341 domina
2774 2297 2914 2347 mea,
2948 2281 3166 2336 domina
3192 2322 3207 2343 ,
3240 2279 3484 2350 inquam,
3514 2276 3658 2345 mea,

2067 2376 2177 2432 imo
2224 2385 2281 2431 et
2314 2376 2525 2446 regina,
2558 2374 2790 2429 Domino
2842 2388 2987 2449 meo,
3022 2370 3228 2428 etelesti
3281 2369 3491 2425 scilicet
3521 2368 3660 2441 regi,

2065 2484 2166 2541 per
2190 2469 2446 2523 annulum
2477 2468 2615 2523 viva:
2667 2467 2787 2523 tidei
2837 2474 2894 2522 et
2941 2465 3161 2521 arrham
3212 2464 3389 2524 sancti
3418 2461 3656 2533 Spiritus

2067 2564 2393 2634 desponsata
2430 2581 2443 2617 :
2479 2572 2533 2618 tu
2584 2561 2768 2631 itaque
2797 2559 2915 2617 haec
2972 2568 3027 2615 et
3062 2558 3146 2614 his
3177 2556 3399 2622 similia,
3443 2572 3563 2626 qua:
3593 2556 3661 2612 de

2066 2656 2233 2710 divini
2292 2655 2490 2710 furoris
2529 2662 2584 2709 et
2628 2651 3019 2725 indignationis
3049 2649 3417 2706 amaritudine
3466 2648 3658 2721 legun-

2069 2755 2155 2799 tur
2184 2743 2368 2799 mundi
2400 2742 2736 2799 amatoribus
2769 2742 3054 2797 imminere
3078 2782 3094 2808 ,
3146 2740 3393 2795 crebrius
3420 2737 3659 2809 perlege,

2065 2833 2338 2889 subtiliter
2358 2832 2655 2899 meditare;
2687 2840 2747 2887 ut
2768 2832 2871 2887 hoc
2898 2831 3049 2887 velut
3075 2844 3277 2885 amarae
3300 2828 3660 2885 confectionis

2065 2923 2310 2980 antidoto
2366 2922 2553 2979 sibilos
2601 2922 2811 2992 antiqui
2862 2921 3135 2991 serpentis
3179 2918 3404 2989 ejusque
3456 2918 3659 2977 letbaIe

2064 3015 2216 3070 virus
2240 3014 2412 3085 possis
2443 3015 2698 3070 evadere.
2728 3012 2783 3067 In
2819 3013 3140 3082 memetipso
3179 3011 3377 3081 quippe
3404 3008 3660 3080 frequen-

2065 3117 2150 3165 ter
2197 3121 2455 3181 expertus
2490 3125 2611 3166 sum
2650 3109 2804 3180 quia,
2840 3123 2965 3163 cum
2995 3105 3298 3162 visceribus
3326 3104 3464 3161 meis
3499 3103 3658 3175 hujus

2066 3204 2412 3277 cogitationis
2465 3201 2773 3258 amaritudo
2824 3198 3165 3265 diffunditur,
3199 3213 3230 3253 a
3272 3198 3485 3255 cunctis
3515 3193 3658 3252 male

1991 3282 2035 3344 C
2069 3294 2396 3351 blandientis
2418 3295 2627 3359 mundi,
2655 3301 2715 3348 ut
2740 3293 2816 3348 ita
2845 3290 3059 3362 loquar,
3083 3290 3425 3354 humoribus,
3460 3286 3658 3343 mentis

2069 3402 2203 3442 mete
2250 3386 2562 3442 stomachus
2610 3385 2938 3441 exsiccatur.
2995 3382 3152 3452 Saepe
3192 3381 3337 3436 enim
3387 3379 3660 3450 malignus

2046 3481 2309 3553 ,spiritus,
2345 3479 2494 3536 velut
2552 3480 2667 3535 avis
2708 3479 2763 3534 in
2793 3494 2947 3534 ramo
2989 3477 3224 3543 arboris,
3256 3476 3335 3532 sic
3391 3476 3443 3530 in
3474 3474 3658 3546 lingua

2064 3573 2283 3644 ponitur
2306 3568 2596 3639 adulantis,
2622 3582 2677 3628 et
2706 3581 2961 3642 tanquam
2988 3585 3086 3642 per
3113 3584 3376 3641 organum
3404 3569 3571 3635 vasis,
3598 3568 3652 3623 in

2064 3678 2161 3720 vas
2199 3664 2347 3718 virus
2372 3663 2562 3729 eiIluit,
2609 3665 2755 3735 quod
2797 3662 3074 3718 lethaliter
3106 3660 3160 3716 in
3215 3659 3488 3716 audientis
3519 3660 3658 3715 inte-

2066 3754 2209 3811 riora
2241 3755 2548 3811 transfudit.
2574 3755 2655 3811 Tu
2697 3766 2876 3810 autem
2907 3755 3104 3809 ohtura
3131 3768 3292 3808 aures
3324 3752 3655 3808 malesuadis

2065 3848 2313 3903 cantibus
2342 3848 2679 3911 Sirenarum,
2710 3856 2765 3903 et
2791 3844 3029 3918 Scyllaea:
3052 3845 3330 3918 voraginis
3361 3846 3658 3917 prudenter

2065 3941 2232 3995 evade
2258 3940 2631 4011 naufragium;
2668 3941 2856 4012 sicque
2900 3954 2997 3995 cor
3029 3949 3178 3993 tuttm
3215 3938 3269 3992 in
3297 3947 3487 3992 sancto
3526 3952 3656 4008 pro—
3744 3931 3759 3947 “

2065 4032 2241 4103 posito
2279 4041 2456 4086 terror
2476 4031 2675 4101 judicis
2710 4032 2859 4100 ligat,
2884 4038 2944 4083 ut
2962 4039 3307 4098 nequaquam
3337 4027 3440 4082 hoc
3467 4035 3657 4083 ventus

2065 4123 2412 4179 assentatorii
2454 4122 2657 4177 favoris
2697 4120 2911 4175 evellat.
2957 4120 3228 4189 Autiquus
3264 4119 3409 4175 enim
3450 4118 3538 4173 ille
3565 4132 3655 4174 se-

2065 4217 2278 4282 ductor,
2301 4216 2394 4285 qui
2424 4214 2622 4269 dttdum
2650 4212 2776 4267 Eva:
2799 4227 2895 4284 per
2923 4219 3231 4281 serpentem
3262 4211 3517 4265 versutia
3539 4222 3654 4266 sua;

2063 4308 2213 4363 virus
2266 4306 2529 4363 invomuit
2574 4301 2728 4376 (Gen.
2786 4301 3116 4376 nt),'adhuc
3172 4300 3422 4356 fortassis
3456 4308 3512 4355 et
3556 4299 3653 4355 tibi

2065 4406 2326 4468 tanquam
2381 4395 2505 4451 filiae
2559 4410 2764 4450 morem
2817 4408 3085 4460 servans,
3145 4406 3248 4463 per
3298 4390 3444 4447 aliud
3494 4404 3651 4445 suum

2062 4489 2340 4546 vasculum
2383 4487 2665 4544 sibilabit:
2699 4487 3032 4553 Revertere,
3089 4485 3374 4556 inquiens,
3426 4485 3647 4539 domum

2065 4580 2165 4638 θυι)
2194 4582 2314 4652 ipso
2344 4596 2515 4637 sacra:
2545 4579 2901 4652 professionis
2930 4579 3153 4645 habitu,
3200 4592 3327 4651 rege
3366 4576 3648 4645 familiam,

2061 4688 2269 4745 expone
2291 4673 2377 4743 pie
2401 4671 2614 4728 vivendi
2643 4668 2895 4739 formam,
2925 4679 3048 4727 tene
3090 4685 3254 4741 super
3288 4669 3456 4724 tilium
3508 4669 3652 4738 ejus-

2058 4784 2164 4839 que
2222 4783 2437 4823 coaevos
2503 4765 2786 4838 gravitatis
2838 4780 2902 4820 ac
2959 4763 3237 4820 modestiae
3283 4761 3647 4832 disciplinam,

2057 4859 2280 4931 provide
2323 4860 2541 4930 lapsuro
2590 4873 2696 4912 non
2738 4856 2997 4911 absonam
3042 4854 3253 4924 legibus
3283 4850 3449 4922 779
3486 4865 3648 4920 spon-

2055 4966 2210 5017 sam,
2256 4965 2357 5004 nec
2386 4949 2598 5004 resilire
2626 4947 2914 5018 permittas
2958 4945 3182 5001 sibimet
3227 4940 3645 5013 obsequentium

2052 5043 2382 5101 clientelam.
2426 5043 2554 5098 Haec
2592 5042 2759 5113 igitur
2795 5040 3068 5095 fabricans
3119 5034 3375 5107 nequitiae
3420 5034 3644 5106 spiritus

2061 5153 2170 5193 non
2222 5146 2379 5192 curat
2417 5152 2524 5207 qua
2565 5144 2617 5190 te
2643 5135 2709 5188 ad
2734 5132 2991 5188 saeculum
3017 5129 3261 5185 retrahat
3283 5138 3454 5194 veste,
3486 5132 3643 5183 dum-

2061 5234 2221 5288 modo
2282 5231 2521 5287 conlidat
2551 5228 2694 5299 quod
2722 5242 2819 5299 per
2849 5225 3139 5281 saeculares
3180 5210 3337 5279 actus
3368 5222 3466 5278 tibi
3495 5222 3648 5294 prin-

2062 5326 2273 5396 cipetut‘
2300 5324 2353 5379 in
2385 5324 2586 5377 mente.

2668 5422 2896 5481 CAPUT
2952 5421 3044 5478 IX.

2067 5545 2143 5602 De
2180 5544 2459 5610 monacho,
2489 5542 2578 5613 qui
2609 5541 2672 5613 de
2701 5555 2871 5613 eremo
2896 5537 2965 5592 ad
2995 5535 3283 5613 coenobiqu
3308 5534 3528 5599 rediens,
3557 5548 3647 5604 per

2423 5606 2811 5668 immunditiam
2846 5608 3026 5679 lapsus
3073 5606 3290 5661 interiit.

2135 5709 2308 5764 Porro
2338 5715 2543 5771 autem,
2572 5720 2695 5760 cum
2726 5700 2957 5773 plurima
2989 5704 3301 5770 suppetant,
3335 5695 3389 5750 id
3425 5693 3643 5764 potissiv-
3674 5692 3679 5697 ’

2065 5818 2234 5868 mttm,
2258 5800 2404 5872 quod
2433 5798 2590 5854 nobis
2634 5803 2760 5851 ante
2788 5804 2991 5865 paucos
3016 5793 3134 5848 dies
3164 5788 3415 5861 contigit,
3442 5784 3649 5842 referre

2065 5908 2367 5967 congruum
2407 5889 2738 5965 judicamus.
2778 5884 3075 5944 Monachus
3115 5880 3337 5956 quidam
3385 5872 3649 5959 simplicis
