4138 6320
533 483 642 540 743

997 473 1294 534 S.PET.R1
1328 439 1607 533 nautam
1647 472 1798 531 ore.
1841 466 2076 528 TOMUS

2207 465 2245 523 U
2287 463 2467 522 PARS
2505 465 2589 520 lll.
2617 461 3065 520 —OPUSCULA
3095 460 3330 518 VARIA.

3687 468 3797 523 744

533 607 742 657 naturte
789 593 1115 666 humilisque
1160 593 1438 650 modestiae
1481 591 1638 647 nobis
1681 588 1972 660 aliquando
2013 601 2105 643 co-
2132 591 2179 646 Δ
2209 580 2362 646 lavit,
2391 589 2452 634 ut
2476 578 2692 635 tolerari
2723 577 2813 633 vix
2836 585 3040 648 posset,
3071 593 3174 632 nec
3203 575 3402 632 fratres
3428 575 3714 646 quiescere
3740 578 3798 634 in

532 690 870 748 habitaturus
887 687 1135 752 adhaesit,
1154 701 1218 742 ac
1238 700 1337 755 per
1354 683 1665 740 octennium
1686 680 1801 735 fere
1831 679 2112 734 nobiscum

532 783 587 840 in
613 796 798 839 eremo
828 796 935 836 non
979 778 1151 834 solum
1193 789 1361 840 caste,
1386 775 1481 832 sed
1506 815 1522 840 ,
1549 774 1699 843 juxta
1729 772 1958 826 fratrum
1980 785 2113 839 quo-

529 889 639 947 que
684 872 924 930 omnium
975 868 1342 926 testimonium
1370 908 1385 933 ,
1440 864 1784 921 laudabiliter
1831 862 2003 926 vixit;
2033 867 2109 923 et,

465 1015 497 1048 ρ
527 965 780 1038 quoniam
806 961 1074 1019 scribendi
1103 961 1312 1032 peritus
1335 959 1566 1023 exstitit,
1597 972 1702 1012 non
1733 969 1906 1026 pauca
1948 951 2107 1009 nobis

466 1043 493 1121 ξ.
525 1055 787 1110 librorum
835 1051 1115 1108 volumina
1171 1049 1556 1120 pollucibiliter
1610 1045 1876 1102 exaravit.
1927 1043 2114 1114 Nuper

526 1153 735 1211 autem,
763 1160 885 1200 cum
917 1143 1084 1199 obeso
1109 1150 1336 1212 vegetus
1357 1154 1586 1210 corpore
1610 1153 1675 1193 ac
1723 1137 1996 1193 robustior
2023 1151 2111 1190 so-

451 1300 461 1310 _
525 1237 622 1294 lito
639 1238 936 1301 videretur,
960 1235 1124 1305 erepit
1144 1235 1417 1289 obstinate
1437 1232 1732 1300 deposcere
1755 1237 1814 1283 ut
1853 1229 1921 1283 ad
1950 1243 2108 1283 suum

433 1320 468 1418 ἓ
523 1333 932 1404 permitteretur
954 1329 1349 1387 monasterium
1382 1341 1646 1382 remeare.
1677 1323 1830 1392 Quod
1852 1322 2108 1376 nimirum

441 1413 468 1463 θ’
524 1425 791 1496 malignus
813 1423 964 1480 cordi
993 1422 1110 1492 ejus
1135 1420 1318 1477 intulit
1339 1417 1708 1482 adversarius,
1739 1425 1798 1470 ut
1819 1413 2108 1485 perspicue

522 1514 860 1586 postmodum
893 1513 1066 1584 ipsius
1096 1512 1173 1567 rei
1196 1508 1493 1566 declaravit
1517 1515 1761 1563 eventus.
1787 1503 1923 1558 Nam
1955 1517 2105 1570 mox,

529 1617 612 1674 ut,
639 1605 794 1677 juxta
840 1607 1179 1678 petitionem,
1208 1604 1274 1659 ad
1305 1619 1460 1660 suum
1499 1598 1889 1656 monasterium
1911 1606 1995 1654 est
2021 1613 2110 1652 re-

520 1713 732 1764 versus,
764 1714 886 1755 cum
920 1697 1026 1754 alio
1047 1696 1281 1768 quodam
1314 1693 1580 1750 monacho
1601 1687 2107 1767 dierummalorum

520 1803 672 1855 sene,
720 1789 917 1844 litteris
955 1803 1111 1859 atque
1137 1786 1314 1858 perito
1339 1826 1353 1851 ,
1402 1793 1567 1854 atque
1596 1781 1851 1846 librario,
1883 1795 1980 1852 per
2026 1777 2107 1833 fe-

522 1879 744 1936 moralis
788 1880 962 1935 ﬂuxus
1015 1879 1347 1950 egestionem
1424 1874 1656 1938 cecidit;
1709 1873 1914 1942 sicque,
1944 1884 2104 1926 omne

2219 685 2329 731 tota
2375 673 2517 729 illius
2550 671 2771 728 claustri
2824 671 3115 726 medietate
3159 670 3516 740 permitteret.
3557 670 3626 726 Et
3669 686 3800 726 cum

2215 768 2381 822 multa
2429 766 2852 834 circumquaque
2882 763 3150 833 sepulcra,
3177 761 3538 829 subsiderent,
3571 762 3800 818 eadem-

2211 873 2318 928 que
2366 857 2575 913 minora
2619 857 2752 912 satis
2807 855 3080 926 impendia
3124 855 3795 924 percepissent,nullum,

2211 958 2407 1021 praeter
2451 950 2552 1005 hoc
2580 948 2776 1014 solum,
2809 946 3090 1002 molestias
3130 946 3355 1001 naribus
3405 945 3706 1016 ingerebat,
3736 954 3801 1001 ut

2210 1040 2330 1096 luce
2379 1039 2580 1095 clarius
2635 1039 3002 1094 innotesceret
3051 1037 3306 1107 quoniam
3384 1037 3622 1091 humana
3665 1053 3800 1094 caro

2210 1141 2416 1204 quanto
2443 1131 2682 1188 tenerius
2725 1147 2789 1187 ac
2819 1131 3037 1186 mollius
3059 1133 3346 1197 educatur,
3379 1139 3532 1187 tanto
3556 1132 3799 1187 deterius

2211 1226 2264 1281 in
2301 1226 2640 1296 putredinem
2677 1239 2742 1280 ac
2782 1239 3042 1280 nauseam
3069 1223 3322 1278 vertitur.
3350 1221 3638 1279 Enimvero
3679 1223 3798 1280 fra-

2211 1324 2322 1371 tres
2347 1331 2469 1371 cum
2506 1330 2592 1370 me
2636 1330 2736 1371 cur
2771 1314 2824 1369 id
2855 1314 3012 1369 fieret
3051 1313 3426 1384 inquisissent,
3458 1314 3601 1385 quod
3644 1313 3797 1369 vide—

2206 1407 2387 1472 batur,
2413 1405 2638 1478 exposui
2673 1425 2686 1460 :
2728 1404 2864 1472 Hoc,
2893 1406 3138 1476 inquam,
3161 1414 3222 1459 ut
3245 1406 3458 1476 opinor,
3476 1405 3540 1460 ad
3563 1405 3795 1461 salutem
3826 1404 3846 1478 ᾗ

2208 1506 2448 1552 vestram
2498 1496 2757 1551 divinitus
2811 1496 3010 1568 agitur,
3045 1503 3104 1549 ut
3161 1495 3218 1549 in
3273 1495 3364 1550 illo
3402 1510 3512 1549 uno
3561 1510 3794 1564 corpore

2208 1588 2351 1658 quod
2402 1598 2513 1644 tam
2563 1587 2850 1658 pulchrum
2907 1596 3307 1657 venustumque
3355 1587 3608 1652 vidistis,
3664 1586 3796 1656 quid

2207 1684 2371 1739 etiam
2402 1681 2468 1736 de
2498 1681 2712 1736 exteris
2754 1680 3073 1736 mulieribus
3122 1679 3175 1734 in
3225 1680 3524 1735 tentatione
3567 1678 3798 1733 luxuria:

2207 1773 2397 1830 sentiri
2427 1772 2640 1836 debeat,
2669 1771 2876 1842 liquido
2907 1771 3207 1840 colligatis;
3255 1771 3513 1842 quoniam
3544 1785 3674 1826 caro
3705 1769 3796 1824 illa

2208 1875 2262 1920 et
2289 1874 2413 1919 ltlllc
2440 1864 2670 1933 putredo
2695 1863 2969 1918 veraciter
2999 1873 3121 1916 erat
3171 1878 3293 1917 cum
3346 1862 3412 1916 ad
3440 1877 3499 1916 se
3542 1871 3800 1933 spectan-

521 1972 664 2042 quod
698 1971 928 2026 mundus
982 1970 1184 2027 diutius
1228 1969 1460 2031 vixerat,
1490 1963 1769 2036 repentina
1800 1961 2105 2018 sceleratis-
2131 1952 2180 2013 B
2209 1958 2331 2012 dam
2383 1955 2622 2011 lubricos
2661 1955 2984 2009 intuentium
3031 1953 3217 2009 oculos
3256 1954 3616 2024 provocabat;
3666 1952 3797 2022 quid

521 2062 644 2117 simi
665 2062 913 2118 criminis
938 2062 1258 2132 contagione
1279 2058 1534 2123 fmdavit;
1564 2071 1700 2112 neve
1722 2055 1838 2108 sine
1863 2052 2103 2107 vindicta

522 2164 633 2209 tam
665 2153 953 2224 plectibilis
984 2151 1140 2224 culpa
1172 2151 1460 2215 transiret,
1505 2147 1830 2219 aegritudine
1864 2160 1990 2200 mox
2038 2144 2104 2198 ir-

522 2255 733 2310 ruente,
763 2244 1035 2310 decubuit,
1060 2244 1357 2315 paucisque
1393 2241 1652 2309 deinceps
1683 2239 1874 2293 diebus
1903 2252 1970 2291 ex
2001 2237 2106 2290 hac

519 2339 630 2394 vita
667 2338 950 2394 confessus
981 2346 1037 2394 et
1082 2336 1341 2393 confusus
1385 2333 1575 2389 exivit.
1625 2330 1746 2396 Sic,
1796 2329 1884 2384 sic‘
1917 2327 2102 2398 igitur,

520 2433 613 2503 qui
636 2439 745 2487 stat
767 2431 948 2486 videat
975 2445 1043 2485 ne
1071 2430 1230 2484 cadat
1259 2427 1311 2499 (1
1343 2425 1468 2482 Cor.
1497 2426 1576 2496 x).
1611 2425 1678 2478 Et
1704 2423 1794 2494 qui
1821 2421 1938 2478 solo
1969 2435 2105 2491 prae-

517 2533 697 2596 cepto,
738 2540 859 2580 cum
905 2537 1075 2579 uxore
1102 2520 1243 2579 Loth
1271 2563 1286 2589 ,
1335 2528 1460 2591 post
1492 2528 1640 2588 terga
1692 2517 1962 2586 respicere
1997 2529 2104 2570 non

517 2628 754 2686 veretur,
769 2625 1062 2688 conspecto
1090 2614 1284 2671 saltem
1307 2612 1440 2669 salis
1468 2608 1777 2666 statunculo
1797 2604 2103 2680 (Gen.xtx),

516 2727 582 2766 ac
598 2710 707 2766 Deo
739 2710 972 2780 desuper
994 2707 1212 2763 vindice
1248 2713 1536 2762 terreatur.

1131 2815 1360 2874 CAPUT
1400 2815 1466 2870 X.

515 2911 594 2969 De
629 2912 904 2986 sepultura
942 2907 1156 2990 Sophia;
1199 2904 1600 3031 ἷνιῗνοὴἕῧῃὶεεω
1625 2942 1641 2970 ,
1688 2912 1736 2956 et
1774 2899 1890 2971 ejus
1939 2899 2104 2972 fetore

1139 2996 1193 3031 ιη
1221 2995 1250 3031 o
1275 2995 1362 3031 era
1402 2994 1416 3030 t
1443 2993 1481 3029 ι.

1139 2993 1481 3033 ιηιοιεναοιιι.

587 3075 659 3130 At
703 3073 954 3131 fortassis
997 3079 1222 3128 econtra
1275 3069 1476 3124 dicitur
1527 3065 1657 3137 quia
1723 3061 2103 3134 corpusculum

517 3176 669 3224 tuum
714 3165 915 3237 gracile
941 3165 1100 3221 nimis
1127 3171 1184 3218 et
1211 3161 1502 3218 delicatum
1529 3201 1543 3226 ,
1593 3160 1662 3214 ab
1692 3157 1824 3228 ipsis
1855 3153 2106 3211 lactantis

517 3261 760 3319 infantia;
791 3258 1111 3316 rudimentis
1152 3253 1606 3312 esculentissimis
1633 3266 1696 3307 ac
1738 3265 1878 3320 pene
1911 3247 2108 3319 regali-

2209 2049 2353 2103 enim
2382 2057 2510 2103 tunc
2539 2046 2726 2113 fuerit,
2754 2062 2898 2102 nunc
2925 2047 3208 2102 evidenter
3237 2046 3494 2101 ostendit.
3536 2045 3607 2100 Et
3647 2060 3802 2117 qum-

2208 2141 2340 2196 libet
2389 2141 2629 2196 hominis
2677 2155 2833 2206 caro,
2883 2155 3003 2209 qua:
3034 2154 3178 2194 nunc
3206 2138 3390 2194 vivere
3439 2138 3796 2208 conspicitur,

2207 2249 2554 2305 nequaquam
2581 2234 2648 2288 de
2677 2249 2736 2288 se
2771 2241 2892 2303 post
2929 2233 3134 2288 obitum
3166 2232 3504 2303 putredinem
3531 2241 3794 2303 generat;

2207 2327 2322 2391 sed,
2354 2341 2472 2396 qum
2499 2341 2713 2395 semper
2741 2325 2933 2391 fuerat,
2969 2335 3097 2381 tunc
3130 2341 3189 2381 se
3212 2326 3585 2382 tantummodo
3609 2334 3798 2397 putre-

2207 2418 2385 2473 dinem
2423 2418 2708 2474 manifeste
2738 2417 2998 2474 declarat.

2805 2548 3033 2606 CAPUT
3093 2547 3187 2605 XI.

2205 2683 2284 2739 De
2328 2683 2522 2757 Veneti
2554 2685 2702 2740 ducis
2742 2701 2926 2752 uxore,
2951 2702 3070 2757 qua:
3094 2689 3239 2757 prius
3279 2686 3498 2742 nimium
3543 2687 3792 2757 delicata,

2489 2756 2700 2812 demum
2754 2767 2861 2811 toto
2905 2756 3123 2828 corpore
3161 2762 3497 2829 computruit.

2279 2867 2492 2935 Sed,ad
2513 2869 2562 2922 id
2580 2868 2722 2938 quod
2753 2869 3050 2924 asserimus
3078 2851 3464 2937 roborandum,
3495 2885 3795 2941 congruum

2205 2970 2292 3017 est
2327 2970 2386 3015 ut
2410 2962 2578 3016 etiam
2621 2961 2686 3016 de
2712 2961 2834 3016 viva
2886 2975 3054 3016 carne
3095 2959 3436 3031 proferamus
3463 2963 3794 3032 exemplum.

2205 3057 2428 3112 Veracis
2459 3059 2642 3126 itaque
2686 3066 2744 3111 et
2785 3055 3000 3111 honesti
3031 3055 3134 3109 viri
3166 3055 3328 3110 didici
3358 3054 3619 3111 relatione
3647 3055 3795 3126 quod

2192 3145 2388 3203 narro.
2441 3149 2558 3203 Dux
2589 3147 2936 3203 Venetiarum
2979 3146 3602 3216 Constantinopolitanae
3638 3146 3794 3202 urbis

2205 3241 2378 3295 civem
2410 3239 2648 3295 habebat
2677 3253 2928 3302 uxorem,
2960 3253 3080 3307 quae
3121 3237 3378 3293 nimirum
3428 3246 3536 3292 tam
3581 3247 3791 3303 tenere,

516 3357 618 3410 bus
633 3352 927 3424 fuitepulis
948 3350 1186 3406 molliter
1201 3347 1528 3411 enutritum;
1557 3359 1657 3398 nec
1677 3357 1924 3398 sororum
1945 3349 2101 3412 potes
2129 3325 2178 3386 (Σ
2210 3344 2318 3386 tam
2365 3332 2595 3388 delitiale
2641 3331 2860 3386 Vivebat
2882 3369 2897 3397 υ
2929 3339 2985 3385 ει
3029 3345 3136 3386 ιιοη
3180 3329 3341 3384 ιηοάο
3376 3329 3750 3398 ευρετδιὶιίοεει
3771 3368 3790 3394 ν

517 3462 664 3502 nunc
712 3443 971 3500 mensulis
1009 3456 1130 3497 esse
1177 3448 1457 3504 contenta,
1485 3453 1606 3508 qua:
1633 3435 1938 3506 magnificis
1972 3433 2098 3489 olim

519 3538 705 3593 fueras
755 3534 980 3592 ferculis
1025 3541 1278 3598 assueta;
1325 3530 1417 3586 sed
1449 3545 1548 3584 nec
1574 3528 1722 3583 olere
1745 3527 1988 3598 quidem,
2018 3524 2102 3580 vel

519 3627 896 3684 communibus
922 3640 1045 3680 cum
1069 3624 1148 3678 eis
1177 3623 1253 3677 uti
1283 3629 1437 3693 potes
1464 3619 1678 3684 eduliis,
1709 3633 1831 3688 qum
1862 3617 2102 3671 marinas

516 3719 924 3789 exquisitasque
969 3714 1194 3770 delicias
1247 3712 1448 3766 Indicis
1496 3723 1817 3765 assueveras
1849 3706 2103 3762 infercire

517 3808 826 3884 pigmentis.
867 3807 961 3862 llis
989 3806 1172 3876 itaque
1202 3803 1346 3858 male
1389 3800 1798 3857 blandientibus
1845 3797 2101 3862 suadelis,

517 3906 629 3962 imo
667 3903 776 3959 litis
817 3902 976 3959 melle
997 3900 1210 3972 sagittis
1238 3915 1307 3956 ex
1349 3897 1614 3953 diabolica
1643 3896 1897 3966 pharetra
1925 3893 2102 3948 mani-

518 3996 655 4053 feste
675 3995 924 4061 vibratis,
959 4003 1012 4048 tu
1063 3991 1325 4062 discipula
1361 3987 1618 4045 Crucilixi
1670 3986 1963 4057 prudenter
2013 3999 2104 4039 oc-

518 4107 701 4157 curre,
748 4105 950 4161 easque
978 4103 1008 4142 a
1043 4096 1098 4143 te
1145 4084 1476 4142 conditionis
1507 4091 1613 4138 tua:
1641 4081 1830 4137 sedula
1857 4078 2105 4135 conside-

519 4185 731 4240 ratione
778 4181 1000 4251 repelle.
1051 4179 1330 4250 Perpende
1384 4175 1718 4250 igiturquia
1785 4188 1936 4238 caro,
1983 4187 2105 4243 quae

516 4293 662 4334 nunc
687 4274 956 4338 accuratis
990 4271 1216 4342 dapibus
1244 4269 1538 4335 enutritur,
1561 4265 1725 4338 paulo
1752 4273 1875 4336 post
1904 4262 2104 4320 vermi-

516 4372 618 4426 bus
647 4367 918 4425 scaturrire
969 4362 1348 4435 compellitur;
1400 4361 1626 4431 ipsaque
1682 4368 1809 4414 tune
1862 4357 1921 4412 fit
1976 4371 2103 4411 esca

516 4462 848 4525 rodentium,
875 4473 996 4527 quae
1021 4472 1165 4512 nunc
1191 4453 1592 4511 delectabiliter
1614 4451 1895 4523 saginatur
1913 4448 2105 4519 jucun-

517 4557 688 4612 ditate
733 4554 998 4617 ciborum,
1032 4567 1096 4606 ac
1131 4559 1282 4605 tanto
1322 4548 1627 4619 graviorem
1665 4545 1888 4601 exhalat
1915 4553 2103 4614 putre-

522 4649 663 4704 facta
709 4646 972 4711 fetorem,
1012 4653 1216 4716 quanto
1276 4641 1584 4697 suaviorem
1634 4639 1736 4695 sibi
1790 4635 2102 4709 procuravit

519 4741 685 4813 780
715 4739 942 4795 educata
982 4735 1282 4792 mollitiem.
1309 4733 1468 4798 Ecce,
1508 4732 1636 4786 dum
1675 4731 1778 4786 ista
1806 4729 2101 4785 conscribi-

519 4850 662 4898 mns,
697 4832 899 4902 Sophia
950 4829 1105 4886 nobis
1157 4827 1223 4882 ad
1275 4825 1596 4882 memoriam
1643 4823 1814 4886 redit,
1873 4822 2102 4877 duorum

520 4927 727 4984 scilicet
755 4923 1153 4988 marchionum,
1192 4919 1468 4992 Uguzonis
1494 4932 1671 4980 soror,
1704 4913 1946 4970 Rainerii
1971 4914 2100 4978 ﬁlia,

519 5034 638 5089 qua:
673 5025 799 5072 ante
831 5017 935 5071 hoc
963 5015 1076 5070 fere
1113 5013 1457 5078 sexennium,
1491 5010 1620 5064 dum
1652 5023 1784 5063 sana
1812 5006 1987 5060 adhuc
2013 5021 2106 5060 es-

521 5119 604 5164 set
635 5118 690 5164 et
713 5107 1020 5173 incolumis,
1048 5106 1299 5160 abbatem
1327 5099 1641 5157 monasterii
1667 5097 1839 5152 sancti
1863 5095 2106 5151 Christo-

522 5202 681 5274 pbori
739 5201 996 5271 martyris
1049 5208 1110 5254 ut
1189 5197 1292 5253 sibi
1371 5194 1708 5264 sepulturam
1767 5197 2108 5245 construeret

521 5295 708 5368 petiit;
763 5293 962 5363 illoque
1014 5291 1309 5352 renitente,
1359 5301 1591 5356 eamque
1639 5283 1875 5339 delirare
1926 5280 2122 5360 perhi-l

521 5389 704 5454 bente,
735 5385 1004 5442 dillicilius
1050 5383 1376 5456 impetravit.
1423 5379 1756 5448 Factumque
1806 5377 1946 5429 intra
1995 5388 2111 5427 mo-

524 5481 824 5536 nachorum
901 5478 1136 5533 claustra
1197 5473 1503 5545 sepulcrum
1555 5485 1680 5525 mox
1743 5477 1799 5522 ut
1865 5466 2105 5536 ingressa

524 5571 826 5642 conspexit,
856 5569 1042 5626 nescio
1071 5584 1179 5641 quo
1209 5567 1440 5636 judicio,
1493 5565 1546 5619 in
1577 5559 1955 5632 a‘gritudinem
1987 5572 2110 5612 cor-

524 5663 655 5732 ruit,
683 5677 748 5718 ac
775 5661 936 5734 paulo
973 5669 1095 5732 post
1121 5657 1368 5721 abortiit,
1392 5665 1447 5710 et
1476 5655 1626 5709 obiit.
1653 5651 1822 5721 Cujus
1863 5648 2109 5719 profecto

525 5755 765 5813 tumulus
790 5771 911 5810 cum
944 5762 1087 5808 esset
1115 5765 1379 5823 gypsetts,
1425 5745 1844 5824 artiﬁciosisque
1875 5757 2107 5798 caemcn-

524 5851 786 5905 tariorum
805 5848 996 5904 studiis
1020 5845 1256 5914 undique
1290 5842 1672 5903 communitus,
1689 5847 1891 5892 tantam
1914 5835 2102 5889 fctorix

524 5939 763 5998 illuviem
790 5955 886 6009 per
917 5937 1157 5993 continui
1200 5935 1415 5991 circiter
1448 5931 1574 5986 anni
1622 5929 1883 5984 circulum
1931 5929 2101 5983 calta-

2202 3430 2299 3485 sed
2321 3428 2634 3494 artificiosa,
2665 3435 2724 3481 ut
2754 3427 2827 3481 ita
2865 3425 3074 3495 loquar,
3119 3438 3240 3479 sese
3272 3422 3611 3492 iucunditate
3649 3421 3793 3476 mul-

2203 3526 2377 3589 cebat,
2413 3532 2472 3577 ut
2499 3523 2664 3578 etiam
2695 3521 3072 3578 communibus
3117 3533 3177 3575 se
3212 3518 3370 3588 aquis
3405 3517 3791 3588 dedignaretur

2203 3617 2459 3685 abluere;
2498 3618 2596 3674 sed
2637 3617 2756 3688 ejus
2786 3616 2928 3672 servi
2971 3629 3148 3669 rorem
3196 3613 3318 3668 coeli
3350 3611 3665 3682 satagebant
3693 3625 3791 3663 nn-

2203 3714 2487 3783 decunque
2542 3710 2815 3780 colligere,
2871 3723 2940 3764 ex
2985 3722 3092 3778 quo
3145 3706 3246 3761 sibi
3289 3704 3618 3759 laboriosum
3657 3700 3793 3756 satis

2202 3804 2459 3861 balneum
2498 3809 2874 3878 procurarent.
2927 3799 3090 3855 Cihos
3120 3812 3335 3868 quoque
3373 3811 3499 3850 suos
3544 3793 3794 3848 manibus

2203 3915 2312 3954 non
2351 3897 2625 3967 tangebat,
2657 3895 2752 3952 sed
2784 3895 2851 3949 ab
2889 3890 3156 3947 eunuchis
3185 3889 3301 3960 ejus
3353 3887 3609 3942 alimenta
3645 3898 3795 3955 quae-

2203 4008 2309 4063 que
2351 3986 2611 4047 minutius
2663 3986 3087 4044 concidebantur
3126 3985 3180 4039 in
3229 3984 3432 4048 frusta;
3484 3994 3606 4050 quae
3662 3991 3790 4034 mox

2203 4085 2292 4140 illa
2342 4083 2664 4154 quibusdam
2708 4079 2992 4136 fuscinulis
3045 4078 3227 4134 aureis
3275 4085 3438 4147 atque
3483 4072 3791 4129 bidentibus

2203 4179 2285 4235 ori
2333 4194 2474 4245 suo,
2523 4176 2826 4246 liguriens,
2879 4173 3196 4229 adhibebat.
3245 4167 3375 4238 Ejus
3428 4181 3590 4240 porro
3635 4164 3791 4219 cubi-

2203 4273 2382 4329 culum
2431 4281 2509 4326 tot
2552 4269 2997 4341 thymiamatum,
3052 4273 3464 4332 aromatumque
3502 4259 3792 4332 generibus

2203 4367 2524 4431 redolebat,
2582 4374 2640 4418 ut
2687 4373 2743 4419 ct
2798 4362 2956 4417 nobis
3003 4373 3228 4414 narrare
3291 4365 3500 4412 tantum
3553 4353 3792 4408 dedecus

2204 4460 2412 4524 fcteat,
2465 4466 2522 4512 et
2573 4456 2788 4511 auditor
2838 4453 2980 4509 forte
3028 4467 3133 4507 non
3186 4449 3398 4505 credat.
3454 4447 3561 4502 Sed
3618 4445 3794 4500 omni-

2202 4550 2411 4622 potenti
2451 4549 2562 4602 Deo
2604 4554 2866 4617 quantum
2924 4542 3082 4612 hujus
3138 4540 3355 4596 feminae
3409 4537 3574 4593 fuerit
3625 4548 3792 4590 exosa

2206 4644 2497 4715 superbia,
2565 4639 2850 4694 manifesta
2913 4637 3100 4692 docuit
3174 4633 3484 4689 ulciscendo
3539 4644 3787 4686 censura.

2208 4735 2433 4792 Vibrato
2471 4733 2671 4804 quippe
2725 4746 2889 4802 super
2946 4745 3066 4785 eam
3119 4727 3289 4782 divini
3332 4738 3588 4779 mucrone
3628 4721 3788 4793 781

2203 4827 2426 4898 iudicii,
2459 4841 2654 4895 corpus
2692 4824 2808 4892 ejus
2837 4835 3000 4878 omne
3029 4817 3389 4890 computruit,
3422 4816 3495 4870 ita
3529 4824 3588 4868 ut
3624 4829 3796 4868 tnctno

2208 4924 2304 4978 bra
2367 4920 2615 4991 corporis
2675 4918 2912 4986 undique
2964 4926 3159 4971 cuncta
3215 4916 3652 4971 marcescereut,
3715 4915 3797 4959 to-

2210 5027 2433 5086 tumque
2469 5012 2776 5069 cubiculum
2820 5008 3145 5064 intolerabili
3186 5019 3409 5076 prorsus
3445 5001 3618 5057 fetore
3647 5014 3796 5054 com-

2209 5111 2460 5181 plerent;
2492 5121 2593 5162 nec
2623 5104 2890 5174 quispiam
2934 5111 3137 5156 tantam
3177 5096 3420 5168 perferre
3460 5095 3671 5149 narium
3709 5092 3793 5146 iu-

2203 5202 2406 5272 juriam
2437 5198 2642 5270 potuit,
2674 5212 2780 5250 non
2814 5202 3052 5250 cosmeta
3073 5233 3086 5257 ,
3123 5206 3229 5245 non
3266 5186 3542 5250 servulus,
3573 5182 3658 5240 vix
3687 5196 3797 5237 una

2211 5297 2480 5352 duntaxat
2515 5291 2742 5354 ancilla,
2779 5306 2885 5344 non
2925 5288 3041 5342 sine
3079 5283 3276 5354 speciei
3315 5279 3607 5335 redolentis
3640 5276 3797 5331 auxi-

2212 5389 2314 5455 lio,
2353 5389 2405 5442 in
2445 5385 2562 5455 ejus
2596 5381 2843 5452 obsequii
2894 5379 3181 5435 sedulitate
3228 5373 3546 5446 permansit.
3593 5370 3794 5424 Eadem

2214 5490 2394 5535 tamen
2427 5477 2624 5547 raptim
2655 5473 2977 5536 accedebat,
3009 5479 3062 5524 et
3090 5467 3338 5538 protinus
3367 5463 3579 5535 fugiens
3607 5461 3798 5514 absce-

2215 5571 2394 5628 debat.
2426 5568 2640 5622 Diutius
2669 5565 2832 5637 igitur
2857 5565 2960 5618 hoc
2987 5562 3246 5630 languore
3276 5549 3507 5613 decocta
3547 5563 3602 5609 et
3631 5553 3797 5606 mise-

2212 5665 2456 5721 rabiliter
2484 5662 2721 5717 cruciata
2751 5699 2765 5724 ,
2797 5655 2989 5711 amicis
3018 5668 3231 5722 quoque
3269 5647 3573 5704 laetantibus
3599 5685 3614 5709 ,
3647 5642 3794 5696 diem

2211 5760 2404 5815 clausit
2435 5767 2764 5812 extremum.
2797 5749 2936 5817 Quid
2973 5762 3102 5817 ergo
3137 5745 3210 5799 sit
3244 5756 3405 5806 caro,
3449 5739 3639 5793 doceat
3676 5733 3797 5802 ipsa

2211 5872 2340 5912 caro
2366 5871 2380 5920 ;
2413 5852 2664 5922 quodque
2693 5835 2944 5916 perhibet
2977 5848 3190 5896 mortua
3212 5881 3225 5904 ,
3264 5842 3491 5892 testatur
3521 5838 3574 5887 et
3607 5827 3752 5883 viva.
3781 5845 3792 5870 ι
