4138 6320
321 301 438 372 πθ

934 423 1160 482 CAPUT
1205 423 1315 478 ΧΗ.

715 514 794 568 De
826 514 1096 584 suppliciis
1127 516 1524 569 damnatorum.

406 607 546 672 Sed,
578 624 611 661 ο
642 607 849 662 utinam
880 607 968 674 qui
1001 606 1262 675 ejusmodi
1292 613 1450 668 sunt,
1479 605 1560 659 sic
1586 618 1747 673 paena
1779 610 1914 659 tem-

329 697 537 770 poralis
571 695 841 760 alliceret,
879 705 940 749 ut
975 712 1081 750 non
1119 711 1213 751 eos
1243 697 1408 751 etiam
1451 705 1688 750 tartarus
1725 709 1917 762 exspe-

330 788 554 845 ctaret!
591 785 703 840 lllic
737 787 880 838 enim
903 826 917 849 ,
949 784 1105 852 juxta
1141 785 1499 854 quantitatem
1536 785 1718 854 gaudii
1754 783 1914 836 retri-

322 879 518 932 ~buitur
548 890 799 929 mensura
835 873 1122 938 tormenti;
1153 882 1466 943 quantoque
1498 873 1586 927 hic
1620 870 1780 924 altius
1820 885 1916 939 per

329 969 651 1038 jactantiam
703 965 934 1021 tumoris
993 964 1291 1027 extollitur,
1343 972 1497 1018 tanto
1548 962 1658 1017 illic
1707 963 1918 1016 voracis

333 1060 567 1115 incendii
597 1058 857 1112 barathro
895 1055 1239 1126 profunditus
1263 1055 1607 1110 absorbetur.
1662 1053 1814 1108 Unde
1835 1061 1920 1107 est

332 1153 476 1220 quod
492 1152 558 1206 de
573 1164 828 1219 perversa
850 1148 1031 1203 anima
1053 1149 1154 1202 sub
1174 1148 1466 1218 Babylonis
1489 1147 1668 1216 specie
1686 1146 1882 1200 dicitur
1900 1163 1914 1199 :

339 1257 358 1290 ι
392 1238 664 1306 Quantum
701 1252 759 1292 se
798 1236 1096 1301 exaltavit,
1125 1244 1180 1290 et
1212 1236 1268 1290 in
1300 1235 1512 1292 deliciis
1542 1234 1676 1298 fuit,
1711 1243 1916 1288 tantum

332 1332 464 1386 date
487 1330 560 1384 illi
595 1337 865 1384 tormenta
891 1339 948 1384 et
970 1328 1146 1382 luctus
1176 1327 1371 1397 (Apoc.
1402 1323 1590 1394 xvm).
1615 1343 1634 1377 ι
1662 1324 1730 1378 Et
1755 1323 1911 1377 alibi:

337 1442 358 1472 ς
397 1421 651 1476 Potentes
686 1428 939 1490 potenter
977 1425 1248 1474 tormenta
1285 1418 1584 1487 patientur,
1629 1423 1684 1470 et
1721 1413 1916 1468 fortior

334 1510 441 1564 erit
477 1509 746 1565 cruciatio
785 1507 804 1579 (
836 1509 966 1579 Sap.
1003 1525 1054 1562 vi
1087 1508 1126 1579 ).
1165 1525 1184 1560 ι
1227 1506 1363 1562 Nam
1401 1515 1456 1562 et
1495 1507 1629 1576 ipsm
1666 1505 1916 1561 carnales

334 1599 599 1654 illecebrae
617 1639 632 1662 ,
663 1598 743 1652 vel
772 1607 966 1654 caetera
994 1599 1157 1664 vitia,
1186 1613 1308 1667 quae
1334 1597 1424 1652 hic
1449 1612 1646 1667 pravos
1673 1595 1916 1651 homines

333 1685 778 1750 inflammabant,
848 1687 957 1742 illic
997 1687 1049 1740 in
1087 1687 1261 1756 picem
1312 1687 1655 1755 resinamque
1693 1695 1914 1739 vertun-

333 1785 440 1837 tur,
471 1786 522 1830 et
554 1775 836 1831 ultricibus
859 1776 1091 1831 ﬂauunis
1123 1777 1266 1830 vires
1294 1777 1553 1829 tribuunt.
1585 1774 1748 1828 Plane
1775 1774 1914 1829 sicut
1945 1761 1993 1821 Β

334 1863 616 1932 Scriptura
654 1865 787 1918 dicit
831 1865 979 1934 (Job
1041 1880 1075 1919 Χ
1107 1866 1149 1935 ),
1189 1866 1296 1919 illic
1327 1875 1411 1920 est
1448 1867 1638 1919 umbra
1678 1865 1911 1929 mortis,

331 1970 453 2026 quae
505 1955 750 2025 profecto
811 1956 945 2011 nihil
998 1965 1080 2011 est
1141 1957 1283 2011 aliud
1338 1957 1438 2012 nisi
1489 1956 1789 2010 obscuritas
1837 1956 1916 2010 di-

330 2046 559 2101 visionis
593 2046 938 2120 [visionis];
993 2049 1117 2118 quia
1171 2049 1456 2104 damnatus
1511 2048 1740 2117 quisque
1792 2062 1914 2102 cum

332 2145 540 2192 mterno
577 2138 699 2208 igne
742 2138 1120 2204 succenditur,
1164 2140 1232 2193 ab
1273 2139 1486 2192 interno
1520 2137 1725 2190 lumine
1763 2146 1912 2190 tene-

334 2228 548 2284 bratur.
590 2229 795 2283 Natura
833 2245 963 2285 vero
1003 2231 1142 2300 ignis
1173 2239 1257 2284 est
1297 2238 1355 2282 ut
1387 2245 1452 2284 ex
1485 2243 1544 2283 se
1589 2228 1707 2297 ipso
1737 2237 1794 2282 et
1825 2226 1910 2280 lu-

330 2334 452 2373 cem
491 2319 749 2374 exhibeat
798 2327 853 2374 et
887 2320 1138 2374 ardorem
1165 2361 1180 2384 ,
1256 2319 1351 2375 sed
1393 2327 1787 2373 transactorum
1828 2317 1916 2371 illa

331 2407 494 2460 ultrix
527 2405 740 2460 ﬂamma
777 2408 1034 2462 vitiorum
1071 2407 1234 2462 habet
1272 2408 1558 2470 ardorem,
1601 2421 1710 2460 non
1751 2406 1919 2461 habet

343 2499 562 2566 penitus
594 2498 787 2553 lucem.
822 2499 976 2554 Unde
1007 2508 1089 2554 est
1157 2499 1298 2568 quod
1333 2499 1399 2552 de
1437 2498 1559 2562 illo,
1591 2512 1751 2568 quem
1791 2513 1820 2550 a
1860 2512 1920 2552 se

352 2588 595 2658 repellit,
632 2588 846 2642 Veritas
878 2589 1051 2644 dicit:
1086 2608 1104 2639 ι
1136 2589 1322 2659 Ligate
1375 2588 1453 2642 illi
1489 2603 1683 2642 manus
1738 2596 1793 2642 et
1825 2602 1918 2657 pe-

353 2677 472 2744 des,
509 2689 564 2732 et
603 2680 802 2734 mittite
817 2694 944 2734 eum
980 2680 1032 2734 in
1065 2680 1314 2734 tenebras
1349 2679 1650 2733 exteriores
1679 2676 1914 2748 (Matth.

331 2784 408 2824 xu
433 2770 474 2840 ).
507 2791 523 2822 ι
553 2770 610 2827 Si
643 2772 783 2843 ignis
815 2772 1027 2841 itaque,
1055 2772 1144 2840 qui
1180 2771 1439 2840 reprobos
1467 2770 1706 2832 cruciat,
1735 2767 1918 2824 lumen

327 2863 536 2919 habere
583 2866 1014 2936 potuisset,'is.
1067 2866 1157 2932 qui
1215 2862 1510 2932 repellitur,
1566 2874 1914 2930 nequaquam

334 2955 476 3009 mitti
516 2957 566 3010 in
610 2959 863 3012 tenebras
912 2958 1206 3014 diceretur.
1257 2955 1354 3009 llic
1403 2954 1571 3009 etiam
1619 2952 1912 3008 Psalmista

334 3049 412 3102 ait
443 3067 455 3101 :
492 3067 510 3101 ι
544 3049 720 3119 Super
748 3065 841 3104 eos
869 3049 1066 3104 cecidit
1105 3047 1273 3119 ignis,
1303 3055 1360 3101 et
1395 3061 1499 3100 non
1540 3045 1795 3100 viderunt
1829 3058 1917 3099 so-

1261 307 1503 368 OPUSC.
1541 308 1603 362 L.
1645 336 1712 346 —
1750 305 2141 396 lNS'l‘l'l‘UTlO
2175 305 2514 360 MONlALlS.

3419 287 3426 292 “
3485 310 3589 364 us

1942 426 1990 484 Α
2019 420 2216 484 dediti,
2260 430 2314 475 et
2354 421 2418 472 ad
2456 420 2685 490 propriae
2737 421 2916 476 carnis
2961 421 3246 477 arbitrium
3287 423 3506 489 vivant,
3533 439 3590 480 ut

2017 509 2194 563 anima
2227 509 2562 578 postmodum
2615 520 2670 564 et
2701 526 2865 565 carne
2892 510 3054 566 simul
3081 511 3348 567 intereant
3377 530 3392 578 ;
3446 531 3592 572 nune

2017 598 2278 652 medullas
2324 599 2607 652 mundanae
2650 598 2949 653 dulcedinis
2980 600 3267 665 sorbeant,
3301 608 3360 654 ut
3403 603 3591 672 repleti

2017 699 2144 744 tunc
2173 691 2411 760 perpetui
2467 690 2741 744 cruciatus
2782 692 3068 762 ahsynthio
3123 693 3251 747 totis
3294 693 3593 750 visceribus

2016 793 2356 837 amarescant
2409 780 2543 851 (Job
2575 781 2719 851 xxi).
2771 781 3001 838 Necesse
3029 785 3225 854 quippe
3253 794 3338 841 est
3379 796 3444 840 ut
3484 787 3595 844 illic

2015 869 2266 926 dentibus
2295 872 2589 934 strideant,
2617 873 2705 940 qui
2738 872 2823 927 hic
2849 873 3117 930 edacitate
3150 877 3494 946 gaudebant;
3532 879 3595 934 ει-

2016 960 2085 1014 lic
2123 963 2190 1017 ah
2230 963 2309 1016 eis
2351 962 2824 1018 irremediabiliter
2851 964 3123 1035 plangitur
3151 1009 3165 1031 ,
3196 985 3224 1020 a
3266 970 3460 1038 quibus
3504 970 3593 1026 hic

2016 1053 2333 1122 voluptuose
2383 1054 2631 1109 ridetur:
2681 1056 2880 1125 quique
2934 1057 3020 1112 hic
3063 1057 3323 1113 olfaciunt
3376 1062 3592 1118 nidores

2016 1154 2354 1206 aromatum,
2407 1154 2461 1197 et
2513 1145 2818 1200 acredinem
2879 1145 3089 1201 inhiant
3150 1148 3589 1218 pigmentorum,

2017 1234 2124 1288 illic
2170 1250 2263 1290 eos
2307 1245 2362 1289 ct
2404 1235 2728 1305 sulphureas
2773 1235 2912 1291 fetor
2971 1238 3285 1303 excruciat,
3324 1249 3387 1294 et
3448 1250 3593 1296 terra

2017 1328 2158 1396 picei
2216 1328 2348 1382 fumi
2401 1328 2573 1398 caligo
2629 1330 2951 1384 circumdat.
3007 1349 3025 1381 ι
3081 1329 3292 1388 Ducunt
3340 1335 3482 1388 enim
3541 1336 3597 1389 in

2017 1417 2174 1472 bonis
2214 1417 2330 1472 dies
2376 1433 2540 1482 suos,
2584 1428 2635 1473 et
2676 1419 2728 1474 in
2773 1432 2972 1488 puncto
3013 1421 3079 1475 ad
3121 1422 3329 1478 inferna
3369 1426 3598 1480 descen-

2017 1509 2152 1564 dunt
2189 1508 2208 1580 (
2237 1510 2402 1564 Num.
2434 1525 2527 1565 xw
2551 1510 2592 1582 ).
2628 1532 2645 1565 ι

2604 1602 2833 1659 CAPUT
2872 1603 3005 1659 Xlll.

2115 1690 2268 1757 Quod
2299 1694 2582 1766 monac/tus
2617 1693 2841 1764 frigidus
2875 1695 2988 1750 vilis
3017 1696 3137 1766 alga
3163 1713 3183 1760 ;
3211 1700 3496 1754 monac/tus

2286 1772 2458 1815 autem
2491 1763 2739 1832 fervidus,
2772 1766 2887 1818 vitis
2915 1775 2988 1818 est
3020 1763 3311 1832 fructuosa.

2089 1851 2288 1905 Verum
2346 1852 2462 1906 haec
2517 1853 2624 1907 illis
2669 1857 3043 1924 exaggeranda
3095 1862 3221 1908 sunt
3275 1857 3590 1926 mentibus,

2014 1954 2134 2010 qua:
2177 1950 2299 2010 post
2340 1949 2487 2010 terga
2531 1941 2776 1996 relictam
2820 1942 3109 2014 [Egyptum
3151 1951 3432 2013 repetunt,
3475 1961 3598 2016 qua:

2016 2020 2204 2084 sedere
2235 2044 2398 2100 super
2429 2030 2566 2085 ollas
2594 2033 2838 2087 carnium
2873 2033 3182 2102 ignobiliter
3210 2035 3599 2106 concupiscunt

2019 2120 2234 2191 (Exod.
2265 2137 2356 2176 XVI
2381 2122 2434 2191 ),
2477 2131 2536 2178 ut
2573 2123 2659 2180 bis
2697 2124 3084 2195 cogitationum
3129 2123 3380 2182 ﬂuctibus
3416 2138 3591 2183 terro-

2017 2225 2243 2280 rumque
2280 2212 2532 2281 procellis
2573 2215 2967 2283 quodammodo
3008 2230 3158 2271 mare
3185 2215 3430 2272 Rubrum
3463 2217 3597 2286 ﬂat,

2016 2300 2158 2370 quod
2209 2300 2288 2355 eis
2337 2301 2390 2355 in
2440 2303 2648 2368 medio,
2697 2318 2764 2358 ne
2809 2312 3167 2370 revertantur,
3219 2305 3467 2361 obsistat.
3512 2306 3594 2363 Tu

2016 2399 2234 2454 autem,
2281 2391 2588 2447 veneranda
2637 2407 2815 2460 soror,
2868 2409 2986 2463 quae
3028 2395 3233 2450 scilicet
3276 2398 3599 2468 evangelica

2016 2478 2291 2550 quadrigze
2331 2495 2394 2534 ac
2424 2491 2662 2536 rotarum
2710 2483 3011 2539 caelestium
3043 2483 3296 2539 animalia
3328 2488 3594 2557 sequeris,

2017 2583 2245 2639 quorum
2274 2579 2401 2626 sunt
2431 2571 2596 2640 pedes
2629 2575 2760 2628 recti
2786 2572 2805 2644 (
2830 2573 3022 2630 Ezccli.
3056 2591 3071 2629 ι
3099 2575 3150 2645 ),
3195 2592 3444 2647 quzeque,
3471 2594 3592 2633 cum

2017 2659 2328 2726 ambulant,
2373 2675 2481 2716 non
2527 2671 2909 2729 revertuntur;
2957 2679 3342 2733 nequaquam,
3385 2675 3446 2721 ut
3489 2682 3589 2737 pro

2017 2757 2168 2805 certo
2198 2750 2548 2816 conﬁdimus,
2578 2751 2716 2807 Loth
2746 2754 2989 2822 sequeris
3038 2769 3260 2810 uxorem
3299 2754 3454 2825 (Gen.
3487 2757 3596 2828 xx),

2016 2841 2112 2897 sed
2138 2842 2310 2897 Annae
2335 2843 2514 2912 potius
2542 2844 2844 2898 imitaberis
2866 2843 3102 2899 stabilita
3136 2845 3415 2910 virtutem,
3442 2846 3599 2916 cujus

2015 2934 2228 2988 scilicet
2268 2934 2448 2989 vultus
2487 2949 2593 2989 non
2640 2943 2766 2989 sunt
2806 2933 3117 3004 ampliusin
3145 2933 3357 2990 diversa
3403 2936 3597 2989 mutati

2019 3021 2092 3094 (1
2119 3023 2248 3094 Reg.
2279 3024 2352 3095 l).
2379 3023 2448 3078 Et
2471 3025 2727 3094 quoniam
2757 3025 2898 3094 quod
2928 3026 2996 3079 ab
3020 3023 3299 3080 adulatore
3326 3024 3597 3094 laudatur,

324 3135 438 3190 lem
472 3137 490 3205 (
520 3105 666 3191 ps”).
705 3155 810 3192 LV"
835 3139 874 3208 )⁶
911 3158 928 3191 ι
957 3139 1100 3208 Ignis
1124 3105 1273 3191 ξηίηί
1304 3151 1468 3206 super
1497 3135 1692 3204 impios
1720 3134 1864 3190 cad“
1892 3151 1909 3201 ε
1942 3105 1987 3167 C
2019 3114 2088 3170 ab
2111 3114 2485 3170 ecclesiastica
2537 3115 2867 3170 auctoritate
2905 3115 3289 3181 contemnitur,
3317 3123 3603 3186 utramque

339 3227 434 3280 sed
483 3227 595 3291 sol,
648 3229 771 3296 igne
823 3229 1082 3291 cadente,
1134 3242 1240 3281 non
1289 3226 1552 3292 cernitur,
1601 3225 1728 3294 quia
1761 3224 1911 3291 illos,

334 3319 472 3382 quos
504 3316 760 3385 gehennae
801 3314 1012 3368 ﬂamma
1049 3316 1307 3380 devorat,
1342 3327 1373 3367 a
1413 3313 1624 3368 visione
1661 3313 1774 3366 veri
1824 3311 1906 3366 lu-

329 3404 495 3458 minis
545 3414 745 3469 cmcat,
800 3414 858 3458 ut
909 3415 965 3458 et
1013 3403 1146 3458 foris
1192 3418 1287 3458 eos
1322 3404 1479 3458 dolor
1514 3401 1908 3458 combustionis

320 3494 570 3559 σπυρίς-ι,
599 3506 653 3548 et
683 3495 826 3548 intus
853 3509 1009 3564 poena
1037 3495 1297 3549 caecitatis
1328 3494 1616 3563 obscuret;
1649 3501 1916 3563 quatenus

337 3583 426 3651 qui
461 3585 668 3638 auctori
702 3601 800 3638 suo
828 3598 1055 3654 corpore
1079 3593 1134 3639 et
1161 3584 1322 3638 corde
1350 3583 1723 3654 deliquerunt,
1753 3584 1914 3640 simul

333 3685 567 3741 corpore
600 3683 657 3726 et
694 3673 856 3727 corde
891 3674 1218 3742 puniantur;
1269 3686 1325 3728 et
1371 3673 1658 3742 utrobique
1699 3686 1914 3742 poenam

332 3763 604 3826 sentiant,
640 3764 759 3833 qui,
795 3764 920 3816 dum
961 3764 1050 3818 hic
1087 3763 1366 3828 viverent,
1401 3763 1582 3832 pravis
1631 3766 1744 3818 suis
1766 3764 1909 3818 dele-

333 3851 664 3906 ctationibus
712 3868 779 3906 cx
817 3859 1045 3921 utroque
1079 3852 1411 3907 serviebant.
1452 3851 1604 3908 Unde
1639 3853 1778 3907 bene
1812 3868 1910 3922 per

323 3941 656 4010 prophetam
715 3942 913 3995 dicitur
947 3960 960 3995 :
994 3961 1011 3992 ι
1048 3942 1456 3996 Descenderunt
1514 3943 1582 3997 ad
1630 3926 1912 3998 infernum

337 4047 459 4086 cum
495 4033 663 4087 armis
701 4032 814 4088 suis
853 4031 1258 4103 (Eme/LXXXI).
1291 4052 1309 4084 ι
1351 4033 1512 4088 Arma
1553 4033 1752 4103 quippe
1789 4050 1915 4104 pec-

335 4133 581 4178 catorum
629 4133 757 4177 sunt
806 4123 1044 4177 membra
1095 4123 1372 4192 corporis,
1422 4123 1621 4192 quibus
1663 4137 1914 4192 perversa

335 4213 792 4282 desideria,‘quae
820 4214 1166 4284 concipiunt.
1198 4222 1589 4284 exsequuntur.
1625 4213 1778 4270 Unde
1828 4229 1914 4268 re—

333 4313 425 4359 cte
463 4319 558 4373 per
588 4303 811 4358 Paulum
849 4305 1049 4359 dicitur
1079 4322 1091 4358 :
1125 4322 1144 4356 ι
1173 4304 1357 4374 Neque
1394 4305 1700 4360 exhibeatis
1739 4321 1912 4361 mem-

333 4395 434 4450 bra
473 4403 686 4461 vestra,
725 4411 877 4450 arma
910 4395 1214 4465 iniquitatis
1250 4407 1474 4466 peccato
1515 4396 1704 4467 (Rom.
1737 4399 1845 4465 vi).
1885 4417 1904 4452 ι

2015 3205 2158 3261 hanc
2189 3206 2460 3276 perpende
2500 3206 2851 3262 sententiam.
2888 3224 2905 3256 ι
2937 3205 3214 3260 Laudatur
3250 3215 3503 3276 peccator
3542 3206 3597 3262 in

2019 3295 2312 3351 desideriis
2359 3296 2512 3360 suis,
2564 3306 2620 3351 et
2663 3296 2755 3365 qui
2797 3296 2981 3363 inique
3021 3294 3218 3364 egerit,
3263 3296 3602 3354 benedicitur

2017 3387 2211 3458 (Psal.
2255 3387 2391 3460 tx);
2447 3407 2464 3442 ι
2501 3376 2601 3444 hoc
2649 3387 2920 3443 adulantis
2963 3396 3063 3442 est.
3099 3406 3117 3440 ι
3152 3387 3451 3453 Maledicti,
3501 3389 3600 3460 qui

2015 3478 2290 3535 declinant
2335 3497 2365 3534 a
2419 3480 2691 3535 mandatis
2742 3481 2849 3534 tuis
2896 3478 3090 3550 (Psal.
3136 3478 3394 3549 cxvut);
3429 3498 3449 3532 ι
3481 3480 3599 3536 [nec

2018 3568 2280 3625 Ecclesia:
2312 3584 2415 3624 vox
2446 3579 2548 3624 est.
2579 3569 2734 3636 Quod
2761 3577 2940 3623 autem
2986 3568 3039 3622 in
3082 3569 3376 3638 reprobos,
3435 3568 3595 3637 juxta

2016 3659 2378 3729 quantitatem
2435 3659 2726 3722 criminis,
2781 3673 2934 3728 aequa
2992 3658 3063 3713 sit
3115 3659 3281 3712 etiam
3338 3673 3596 3713 mensura

2022 3750 2456 3816 maledictionis,
2489 3758 2716 3804 testatur
2750 3750 3011 3819 propheta
3056 3749 3222 3804 David
3247 3791 3261 3814 ,
3306 3749 3400 3819 qui
3438 3750 3598 3805 nimi-

2016 3856 2134 3895 rum
2167 3841 2220 3894 in
2248 3839 2439 3895 Judam
2471 3841 2782 3896 lscariotem
2815 3840 3033 3910 triginta
3067 3840 3474 3895 maledictiones
3505 3841 3595 3894 in-

2023 3930 2174 3996 tulit,
2224 3931 2367 3985 sicut
2408 3931 2498 3985 ille
2545 3932 2830 3986 Dominum
2878 3934 3099 4003 triginta
3127 3933 3397 4001 argenteis
3427 3933 3594 3989 sacri-

2011 4019 2132 4089 luga
2185 4019 2477 4074 venalitate
2532 4020 2806 4075 distraxit.
2861 4021 3098 4086 Quarum
3155 4019 3404 4076 videlicet
3452 4020 3596 4078 sicut

2015 4109 2189 4177 prima
2239 4120 2365 4164 est:
2397 4127 2414 4161 ι
2444 4108 2728 4164 Constitue
2774 4124 2938 4178 super
2986 4124 3109 4164 eum
3152 4118 3493 4179 peccator-em
3517 4150 3532 4175 ,
3567 4128 3589 4162 ι

2015 4197 2096 4250 sic
2153 4205 2398 4250 extrema
2448 4207 2532 4251 est
2580 4198 2716 4251 illa:
2750 4217 2768 4248 ι
2801 4197 3126 4265 Operiantur
3172 4200 3314 4252 sicut
3362 4199 3594 4267 diploide

2017 4285 2333 4341 confusione
2377 4301 2476 4341 sua
2527 4285 2720 4357 (Psal.
2768 4289 2979 4354 cvm);
3013 4307 3032 4340 ι
3059 4303 3194 4357 quas
3241 4288 3287 4343 si
3335 4289 3456 4358 quis
3492 4303 3592 4360 per

2015 4374 2208 4443 psalmi
2254 4375 2451 4430 seriem
2495 4375 2768 4432 subtiliter
2794 4386 3037 4446 qumrat,
3087 4387 3297 4432 certum
3328 4386 3410 4433 est
3450 4393 3591 4448 quo-

489 4445 686 4461 ,"M,
910 4445 1212 4465 ---Ἴ-ην---
1251 4445 1470 4466 ,ηηη
1516 4445 1704 4467 \_------
1750 4445 1845 4465 --,-
1885 4445 1899 4452 ν

335 4485 470 4538 Cum
505 4484 674 4538 armis
710 4499 842 4540 vero
879 4485 1208 4540 descendere
1238 4485 1305 4540 ad
1338 4485 1644 4551 infernum,
1671 4496 1754 4541 est
1785 4501 1907 4542 cum

2016 4466 2162 4519 niam
2214 4480 2319 4520 non
2377 4481 2470 4521 eas
2525 4466 2666 4523 ultro
2742 4468 2948 4524 eitrove
3015 4467 3270 4537 reperiat.
3330 4470 3390 4524 ln
3446 4471 3588 4526 serie

336 4572 466 4641 ipsis
489 4589 704 4644 quoque
741 4575 1031 4637 membris,
1071 4575 1268 4644 quibus
1308 4575 1573 4630 desideria
1615 4574 1911 4643 voluptatis

338 4664 725 4734 expleverunt,
777 4667 966 4721 aeterni
1000 4665 1187 4735 judicii
1243 4674 1512 4722 tormenta
1549 4667 1811 4732 tolerare,
1853 4680 1914 4724 ut

321 4752 500 4824 ,782
534 4763 661 4810 tunc
688 4771 782 4810 eos
809 4757 1048 4826 undique
1079 4757 1234 4812 dolor
1271 4757 1592 4825 absorbeat,
1635 4761 1729 4829 qui
1765 4776 1912 4815 nunc

338 4844 454 4898 suis
483 4844 936 4902 delectationibus
964 4847 1197 4912 subditi,
1246 4849 1484 4918 undique
1524 4857 1713 4904 contra
1754 4850 1915 4919 justi-

336 4933 466 4988 tiam
490 4934 635 5004 juste
658 4935 953 5005 iudicantis
983 4949 1246 5008 pugnant.
1278 4939 1408 5006 Quae
1439 4949 1618 4996 tamen
1649 4942 1915 5011 supplicia

336 5024 392 5079 in
421 5039 480 5080 se
506 5027 783 5082 demersos
820 5037 876 5083 et
907 5029 1049 5084 ultra
1083 5031 1224 5085 vires
1253 5031 1534 5097 cruciant,
1595 5041 1652 5088 et
1678 5033 1760 5090 eis
1792 5034 1917 5088 vitae

269 5114 277 5120 ’
336 5114 634 5170 subsidium
661 5117 1056 5187 exstinguenda
1085 5129 1305 5174 servant
1331 5137 1345 5174 :
1376 5130 1437 5174 ut
1479 5121 1560 5176 sic
1606 5122 1772 5176 vitam
1803 5130 1915 5192 ter-

337 5206 518 5262 minus
560 5209 712 5264 flniat
740 5250 757 5276 ,
800 5221 1070 5280 quatenus
1110 5227 1326 5282 semper
1367 5213 1486 5268 sine
1522 5213 1756 5268 termino
1787 5228 1913 5268 cru-

337 5297 514 5352 ciatus
544 5299 729 5365 vivat;
764 5301 890 5369 quia
920 5310 975 5356 et
1004 5303 1071 5357 ad
1103 5301 1264 5356 tinem
1291 5317 1389 5372 per
1418 5311 1689 5357 tormenta
1718 5317 1915 5372 prepe-

341 5394 462 5450 rat,
495 5395 550 5440 et
579 5387 698 5443 sine
727 5389 834 5444 fine
859 5391 1118 5446 deﬁciens
1178 5395 1357 5446 durat.
1388 5392 1478 5447 Fit
1521 5409 1655 5464 ergo
1697 5394 1915 5450 miseris

338 5490 487 5534 mors
531 5478 650 5534 sine
689 5489 864 5536 morte
883 5522 898 5547 ,
939 5481 1066 5538 finis
1092 5483 1211 5539 sine
1239 5483 1376 5548 ﬁne,
1407 5483 1650 5540 defectus
1674 5484 1792 5540 sine
1822 5485 1914 5540 de-

337 5565 481 5623 fectu
507 5586 522 5636 ;
581 5572 707 5641 quia
734 5581 794 5628 et
826 5588 974 5628 mors
1003 5574 1134 5628 vivit
1159 5615 1172 5637 ,
1205 5582 1259 5629 et
1288 5573 1410 5630 ﬁnis
1440 5589 1656 5644 semper
1684 5575 1910 5644 incipit,

338 5664 395 5709 et
423 5657 653 5715 deﬁcere
683 5660 927 5716 defectus
957 5663 1143 5717 nescit.
1164 5663 1335 5720 Erant
1361 5677 1491 5732 ergo
1521 5679 1663 5720 nunc
1688 5663 1913 5720 luxuria:

735 5755 1010 5816 Parnoc.
1046 5757 1282 5818 CXLV.
1779 5773 1784 5777 ·

2015 4558 2419 4630 Scripturarum
2463 4560 2613 4615 disce
2653 4569 3043 4630 consequenter
3088 4570 3144 4616 et
3205 4562 3452 4617 ordinem
3507 4577 3593 4618 re—

2011 4665 2154 4706 rum.
2208 4650 2364 4706 Prius
2418 4652 2562 4706 enim
2616 4651 2702 4707 lex
2755 4652 3032 4718 scribitur,
3089 4653 3286 4708 deinde
3344 4654 3581 4709 historia

2017 4743 2216 4798 texitur
2259 4741 2542 4809 Judicum,
2588 4752 2868 4812 postremo
2914 4743 3051 4799 liber
3092 4745 3312 4814 ponitur
3340 4744 3590 4813 Regum;

2015 4836 2274 4904 quoniam
2338 4837 2428 4890 hic
2483 4836 2677 4890 divina:
2732 4835 2870 4905 legis
2924 4835 3181 4890 mandata
3233 4833 3591 4904 perﬁcimus,

2022 4929 2364 4997 postmodum
2405 4928 2469 4982 ad
2503 4925 2766 4994 judicium
2810 4927 3097 4991 venimus;
3146 4926 3214 4982 ad
3253 4935 3593 4990 extremum,

2023 5021 2069 5075 si
2098 5035 2259 5074 causa
2291 5035 2397 5073 non
2427 5019 2589 5089 783
2621 5019 2866 5073 dissonat
2885 5057 2900 5082 ,
2929 5033 3050 5073 cum
3082 5019 3302 5074 Christo
3331 5019 3450 5074 sine
3490 5019 3598 5075 ﬁne

2021 5123 2330 5180 regnamus.
2380 5108 2445 5162 lli
2494 5118 2789 5176 proventus
2834 5101 3109 5163 afferendi
3144 5120 3270 5163 sunt
3315 5116 3595 5180 segetum,

2023 5200 2115 5268 qui
2146 5199 2458 5255 coelestibus
2487 5199 2699 5254 horreis
2729 5197 3050 5254 inferantur.
3082 5198 3221 5254 Vitis
3262 5199 3424 5268 plane
3452 5199 3499 5255 si
3528 5200 3600 5254 sit

2021 5292 2175 5348 ferax
2212 5307 2474 5358 uvarum,
2522 5300 2717 5346 cuncta
2759 5291 3020 5359 praecellit
3045 5291 3266 5346 arbusta
3292 5291 3596 5355 silvarum;

2021 5388 2106 5442 sin
2146 5400 2277 5440 vero
2315 5385 2389 5441 sit
2423 5383 2624 5439 sterilis
2646 5423 2661 5448 ,
2693 5384 2904 5439 caneris
2942 5382 3219 5452 judicatur
3246 5383 3509 5454 ahjectior
3537 5397 3602 5436 ac

2019 5479 2179 5535 vilior
2221 5493 2342 5534 esse
2385 5475 2655 5546 virgultis.
2701 5475 2854 5532 Unde
2909 5484 3026 5542 est,
3059 5477 3204 5545 quod
3251 5475 3320 5530 ad
3360 5474 3596 5545 prophe-

2021 5579 2132 5626 tam
2173 5570 2356 5624 divina
2402 5582 2505 5623 vox
2537 5567 2614 5620 ait
2647 5584 2661 5621 :
2693 5586 2712 5620 ι
2745 5567 2845 5622 Fill
2879 5567 3144 5634 hominis,
3175 5565 3304 5635 quid
3334 5564 3427 5620 flet
3457 5564 3601 5634 ligno

2021 5665 2149 5717 vilis
2177 5679 2242 5719 cx
2273 5661 2524 5716 omnibus
2563 5660 2726 5730 lignis
2765 5672 3048 5716 nemorum
3126 5671 3247 5726 quae
3289 5663 3418 5712 sunt
3459 5655 3602 5708 inter

3120 5747 3198 5818 24-
