4136 5308
573 282 671 344 m

1026 278 1089 336 s.
1126 272 1330 335 rem
1369 244 1842 330 mammona.
1885 256 2127 325 renus

2248 258 2295 320 ‘U
2328 257 2511 318 PARS
2546 252 2633 314 lli.
2662 282 2734 300 ι·-
2770 249 3135 314 ορυεουω.
3166 252 3401 310 VARIA.

3720 246 3835 307 ΞΒ

569 402 712 473 tigna
758 391 1069 453 silvarum?
1114 386 1357 459 nunquid
1401 384 1623 441 tolletur
1669 383 1737 439 de
1783 396 1848 437 ea
1894 379 2144 451 lignum,
2171 382 2222 441 Α
2254 386 2362 473 nos
2388 369 2521 473 "illa.
2561 368 2877 472 prtecedens
2907 365 3256 473 Pominicaﬁm
3302 366 3447 421 diem
3502 372 3558 420 et
3594 363 3668 473 ‘B.

567 471 628 549 ut
655 492 748 548 ﬁet
771 502 940 560 opus,
969 493 1065 540 aut
1091 477 1447 537 fabricabitur
1474 477 1541 533 de
1570 491 1634 532 ea
1663 473 1927 546 paxillus,
1958 480 2021 526 ut
2048 471 2144 526 de-

564 582 797 654 pendeat
823 579 879 634 in
904 591 971 633 eo
994 573 1352 646 quodcunque
1378 568 1518 623 vus?
1552 586 1571 619 ι
1611 564 1640 637 ’(
1665 563 1860 619 Ezech.
1893 578 1982 617 xv.
2012 563 2027 620 )
2053 560 2146 617 Sic

564 672 809 746 profecto
842 670 1172 733 monachus,
1207 666 1252 719 si
1283 663 1350 720 ad
1378 658 1733 733 proferendos
1760 656 1972 711 fructus
2016 654 2147 711 boni

569 763 753 833 operis
778 762 851 817 sit
876 761 1118 816 intentus
1161 764 1216 811 et
1270 753 1542 815 fervidus,
1571 749 1706 804 nihil
1734 749 1876 803 inter
1899 747 2147 804 homines

564 868 633 909 eo
675 853 823 907 valet
862 866 984 906 esse
1017 844 1410 920 praestantius;
1440 840 1679 912 alioquin
1712 840 1758 894 si
1788 837 2014 909 frigidus
2035 877 2050 904 ,
2092 844 2150 892 et

564 943 889 1000 infecundus
967 944 1211 1002 arescat,
1264 951 1330 990 ac
1399 932 1679 988 dormiens
1752 936 1978 994 stertat,
2024 927 2149 999 jure

564 1044 826 1104 tanquam
859 1030 984 1086 vilis
1006 1029 1143 1100 'alga
1184 1024 1501 1097 despicitur,
1532 1032 1587 1078 et
1617 1021 1751 1091 ipsis
1788 1033 2005 1090 quoque
2040 1033 2146 1074 sae-

566 1125 844 1181 uularibns
871 1138 976 1176 non
1005 1128 1270 1190 arquatur.
1315 1116 1373 1173 Si
1416 1115 1540 1186 quis
1568 1127 1699 1169 vero
1737 1110 1933 1166 studiis
1978 1108 2150 1180 adipi-

569 1219 786 1272 scendae
812 1211 1163 1284 perfectionis
1191 1207 1426 1265 infervet
1446 1248 1462 1273 ,
1490 1206 1586 1262 sed
1619 1203 1798 1259 adhuc
1825 1210 2009 1256 tamen
2051 1214 2150 1270 per

571 1307 941 1361 inﬁrmitatem
971 1301 1037 1357 de
1060 1299 1258 1371 prioris
1286 1298 1410 1353 vita:
1436 1295 1586 1350 vitiis
1608 1294 1758 1349 intus
1787 1289 1989 1361 aliquid
2018 1289 2150 1344 reti-

569 1406 662 1449 net
693 1411 706 1447 :
737 1392 1011 1448 szecnlaris
1034 1388 1338 1460 quispiam,
1367 1385 1494 1441 licet
1523 1382 1811 1454 religiosus
1838 1394 1962 1435 esse
1990 1393 2144 1434 com-

567 1486 828 1555 probctur
870 1490 954 1536 et
998 1480 1155 1551 pius,
1207 1488 1550 1547 nequaquam
1583 1482 1666 1528 est
1690 1470 1817 1526 huic
1845 1484 1943 1540 per
1970 1468 2150 1523 omnia

572 1571 997 1643 comparandus.
1051 1569 1242 1625 Melius
1284 1567 1484 1637 quippe
1524 1572 1609 1620 est
1652 1563 1909 1617 vitiosum
1955 1574 2149 1614 aurum

566 1656 732 1739 quam
778 1681 853 1721 aes
891 1679 1129 1736 purum;
1157 1670 1212 1719 et
1254 1659 1547 1731 pretiosius
1575 1664 1661 1713 est
1690 1657 1860 1713 hebes
1886 1652 2153 1725 margari-

560 1772 686 1817 tum
706 1816 714 1824 _
753 1774 917 1830 quam
945 1771 1186 1813 marmor
1211 1755 1328 1825 pari

565 1852 837 1911 bunculus
887 1850 1174 1907 amabilior
1244 1855 1335 1903 est
1383 1860 1546 1916 quam
1588 1842 1851 1900 caeruleus
1896 1843 1970 1897 sit
2012 1840 2150 1912 hya-

562 1946 804 2000 cinthus.
848 1942 927 1997 Tu
971 1955 1188 2012 quoque
1236 1938 1315 2004 si,
1363 1936 1512 1992 velut
1566 1935 1623 1991 in
1652 1948 1865 2012 aurora:
1916 1930 2151 1987 diluculo

565 2036 863 2092 constituta
887 2072 901 2098 ,
945 2010 1013 2089 de
1054 2010 1298 2103 pristina:
1335 2029 1460 2084 vita:
1503 2027 1743 2082 tenebris
1781 2010 1962 2079 adhuc
2000 2024 2057 2078 iu
2100 2030 2152 2077 te

550 2127 776 2197 aliquid
804 2124 977 2181 semis
997 2164 1014 2188 ,
1041 2123 1152 2180 noli
1180 2120 1452 2186 tliilidere,
1481 2118 1769 2189 pervenire
1793 2115 2049 2172 celeriter
2081 2112 2148 2169 ad

562 2216 958 2287 plenitudinem
984 2213 1143 2270 lucis.
1171 2211 1321 2267 Cave
1348 2208 1729 2265 tantummodo
1762 2222 1831 2262 ne
1864 2206 1918 2260 in
1967 2204 2151 2261 carnis

562 2304 802 2360 mollitie
833 2304 1179 2372 requiescas,
1199 2300 1303 2356 sed
1332 2299 1388 2355 in
1415 2308 1619 2355 sanctte
1647 2296 1951 2367 disciplina:
1992 2294 2144 2351 labo-

552 2393 716 2451 ribus
745 2401 797 2449 te
826 2392 1110 2464 vigilanter
1137 2404 1416 2446 exerceas.

1138 2498 1387 2557 CAPUT
1425 2497 1564 2557 XIV.
1622 2507 1631 2514 ‘

572 2615 756 2683 Quod
795 2614 1103 2669 Dominicus
1129 2611 1427 2666 ‘tl-uodecim
1478 2608 1647 2683 εὲινιιιιΔ
1678 2608 1941 2683 psalteria
1996 2623 2116 2683 cum

658 2688 941 2757 disciplina
972 2684 1207 2739 cantavit
1227 2722 1245 2748 ,
1276 2683 1572 2737 ets—tertium
1612 2680 1874 2735 decimum
1903 2681 2076 2748 cepit.

562 2803 567 2807 ο
646 2778 861 2835 Utinam
894 2776 1117 2831 daretur
1150 2775 1246 2829 tibi
1274 2789 1418 2829 nunc
1447 2773 1726 2828 dominum
1756 2786 1938 2827 meum
1968 2770 2153 2826 videre

567 2867 932 2932 Dominicum,
960 2864 1054 2936 qui
1081 2863 1224 2934 quod
1251 2877 1349 2918 nos
1377 2860 1642 2932 imperitae
1666 2860 1862 2931 lingua:
1886 2872 2151 2915 conamur

562 2960 758 3025 ofﬁcio,
777 2959 890 3030 ipse
907 2967 958 3013 te
973 2954 1264 3013 ellicaciori
1282 2953 1726 3010 luculentissima;
1751 2953 1879 3008 vita:
1927 2950 2152 3009 doceret

2246 461 2454 518 cbaelis
2496 459 2866 515 festivitatem.
2904 456 3149 527 Cumque
3185 454 3332 513 facto
3356 468 3517 510 mane
3542 455 3609 508 ad
3635 452 3834 523 praedi-

2245 562 2392 607 ctum
2437 564 2622 605 senem
2663 547 2837 603 frater
2872 546 2960 602 ille
3000 546 3275 610 venisset,
3320 545 3627 613 timensque
3666 546 3737 598 ne
3763 543 3838 597 do

2247 639 2640 697 indisc'retione
2670 635 3285 707 redargueretur,‘quod
3314 642 3530 705 egerat,
3563 647 3662 700 per
3684 632 3839 688 ordi-

2244 744 2370 789 nem
2400 727 2713 793 retulisset;
2742 726 2844 781 hac
2872 725 2960 787 ille
2984 738 3115 779 voce
3140 724 3449 793 respondit:
3471 720 3616 788 Noli,
3640 720 3837 786 frater,

2246 820 2625 892 pusillanimus
2656 832 2780 875 esse
2799 859 2813 883 ,
2851 818 2941 873 vel
2969 832 3071 888 pro
3108 817 3211 872 hac
3243 826 3330 870 tua
3352 855 3367 881 ,
3396 798 3515 886 quia
3541 831 3687 870 nunc
3708 824 3832 882 est,

2252 914 2572 970 infirmitate
2597 910 2837 968 diuidere
2861 923 2886 976 ;‘
2910 919 3107 980 potens
3128 918 3214 965 est
3240 909 3382 964 enim
3424 908 3568 963 Deus
3600 922 3671 962 es
3704 908 3838 964 imis

2251 1015 2304 1061 te
2329 1005 2396 1061 ad
2419 1004 2609 1060 altiora
2624 1003 2947 1074 provehere,
2966 1010 3292 1071 ettanqnam
3324 999 3564 1056 laeteon
3589 1009 3694 1055 tua:
3706 1014 3840 1054 con-

2247 1096 2576 1153 versationis
2633 1093 2922 1149 infantiam
2970 1093 3039 1149 ad
3080 1092 3338 1162 juvenilis
3389 1091 3603 1147 roboris
3648 1074 3865 1146 inerra-i

2252 1195 2433 1249 menta
2479 1185 2721 1240 firmare.
2762 1183 2832 1239 Et
2868 1183 3128 1253 adjiciens
3165 1183 3242 1238 ait
3267 1201 3281 1236 :
3310 1181 3434 1237 ‘Nos
3471 1182 3633 1236 etiam
3659 1182 3840 1252 primo

2247 1275 2581 1347 pedetentim
2623 1275 2923 1344 capimus,
2964 1274 3279 1345 sensimque
3317 1274 3385 1327 ad
3428 1274 3571 1342 quod
3608 1287 3710 1329 nos
3746 1273 3835 1328 di-

2249 1362 2377 1418 vina
2421 1363 2600 1434 pietas
2645 1363 2945 1434 perducere
2995 1363 3198 1431 voluit,
3247 1363 3376 1418 licet
3428 1362 3727 1419 imbecilles
3772 1377 3841 1418 ac

2251 1449 2508 1522 fragiles,
2547 1452 2727 1508 educti
2754 1466 2989 1507 sumus.‘
3032 1451 3231 1531 Sicque
3266 1452 3467 1508 factum
3491 1460 3577 1508 est
3628 1462 3684 1509 ut
3728 1466 3841 1507 non

2248 1555 2376 1597 eum
2406 1543 2475 1598 de
2500 1543 2860 1599 immoderato
2886 1541 3103 1598 fervore
3121 1582 3139 1609 ,
3170 1543 3311 1598 sicut
3339 1542 3428 1597 ille
3456 1542 3718 1609 timebat,
3747 1558 3844 1597 ar-

2252 1648 2475 1709 gueret;
2503 1638 2598 1694 sed
2624 1651 2691 1693 ne
2717 1638 3086 1709 desperationi
3114 1639 3528 1703 succumberet,
3579 1647 3841 1708 tanquam

1335 1769 1423 1810 um
1450 1768 1466 1820 ;
1509 1750 1718 1821 pauens
1758 1763 1974 1819 quoque
2019 1761 2144 1803 επ-
2176 1745 2224 1806 Β
2253 1730 2343 1801 qui
2372 1730 2654 1821 minimum
2683 1730 2813 1801 quid
2840 1730 3043 1801 egerit,
3077 1729 3321 1785 animum
3350 1728 3639 1785 refoveret.
3668 1728 3845 1798 Hujus

2250 1821 2434 1891 itaque
2480 1820 2655 1877 sancti
2708 1822 2854 1877 senis
2901 1820 3150 1892 exemplo
3194 1819 3456 1876 facienda:
3500 1820 3843 1890 disciplinas,

2252 1928 2374 1969 mos
2405 1913 2542 1970 adeo
2574 1912 2627 1969 in
2654 1914 2859 1969 nostris
2884 1914 3132 1984 partibus
3159 1913 3415 1977 inolevit,
3445 1920 3505 1968 ut
3534 1929 3639 1968 non
3678 1913 3847 1968 modo

2249 2004 2395 2071 viri,
2430 2005 2524 2061 sed
2552 2014 2608 2060 et
2643 2003 2853 2060 nobiles
2893 2003 3147 2059 mulieres
3178 2003 3281 2058 hoc
3319 2003 3617 2073 purgatorii
3666 2017 3847 2075 genus

2253 2094 2533 2150 inhianter
2561 2094 2896 2166 arriperent.
2930 2092 3065 2149 Nam
3094 2102 3148 2151 et
3186 2094 3374 2150 relicta
3403 2093 3684 2150 Tethbaldi
3701 2135 3719 2160 ,
3750 2108 3847 2149 suo

2250 2181 2433 2238 blimis
2479 2183 2667 2252 utique
2741 2182 2956 2253 generis
3009 2190 3064 2237 et
3110 2195 3217 2237 non
3270 2182 3471 2238 infima:
3526 2183 3843 2253 dignitatis,

2250 2271 2386 2326 mihi
2423 2270 2717 2341 aliquando
2755 2271 2979 2337 retulit,
3013 2285 3112 2341 per
3152 2270 3428 2341 praelium
3471 2272 3632 2343 hujus
3672 2272 3845 2327 disci-

2250 2362 2414 2434 plinae
2460 2362 2704 2434 regulam
2757 2373 2980 2420 centum
3026 2374 3294 2417 annorum
3343 2376 3404 2418 se
3455 2364 3839 2431 pcenitentism

2251 2455 2546 2527 pmgisse'
2850 2522 3078 2581 CAPUT
3115 2517 3209 2576 xv

2348 2616 2425 2674 De
2451 2616 2669 2673 caelestis
2700 2614 3036 2671 Hierusalem
3066 2615 3385 2670 beatitudine
3412 2612 3747 2684 sculpiternc.

2250 2700 2288 2730 θ’
2323 2708 2402 2764 Tu
2443 2708 2628 2777 itaque
2666 2705 2901 2761 libenter
2940 2704 3069 2759 audi
3110 2718 3326 2775 semper
3364 2703 3506 2759 laci-'1
3535 2704 3842 2765 5000mm-

2250 2800 2333 2858 vel
2361 2801 2410 2856 si
2437 2797 2638 2855 imitari
2667 2805 2841 2869 potes,
2869 2794 3144 2853 cumulum
3176 2795 3270 2851 tibi
3299 2803 3570 2865 perpetua:
3597 2792 3840 2849 retribu-

2251 2892 2418 2949 tionis
2443 2890 2765 2960 acquirant;
2794 2888 2881 2945 vel
2904 2887 2952 2944 si
2979 2887 3333 2957 impossibilia
3358 2895 3515 2950 sunt,
3540 2883 3761 2941 uberius
3787 2892 3846 2939 te

2252 2986 2307 3043 in
2332 2984 2641 3041 humilitate
2661 2982 2990 3039 custodiant.
3009 2981 3261 3050 Erigatur
3275 2980 3500 3051 spiritus
3522 2977 3591 3033 ad
3615 2992 3679 3033 ea
3715 2990 3845 3046 quae

555 3053 960 3159 θξίητθηηπθί
981 3049 1248 3159 ῗ⁸⁸Ϊ¹¹Ρ¹ξ³⁶
1276 3047 1637 3159 ψθρδθηίθυθ
1657 3045 1883 3159 ﬁrm":
1902 3043 2013 3115 iam
2037 3044 2145 3099 εἰτ’
2175 3097 2222 3159 c
2246 3074 2708 3150 promittunturin
2726 3072 2925 3143 patria,
2942 3080 3003 3126 ut
3025 3043 3286 3127 exsiliens
3304 3043 3372 3140 pa
3384 3067 3664 3141 rvipendat
3690 3043 3850 3136 quid-

560 3148 700 3202 citer
712 3160 978 3201 annorum
996 3144 1182 3200 lustris
1194 3143 1358 3198 lorica
1375 3143 1552 3198 ferrea
1564 3140 1795 3196 vestitur
1814 3140 2143 3204 ad-carnem,

566 3237 777 3291 duobus
816 3231 1239 3289 autemlferreis
1279 3231 1502 3289 circulis
1539 3232 1599 3286 in
1629 3243 1857 3299 corpore
1882 3228 2144 3300 cingitur,

568 3326 779 3380 duobus
808 3325 936 3378 item
976 3336 1075 3391 per
1110 3321 1462 3377 brachiorum
1501 3314 1685 3374 armos
1723 3326 1987 3374 arctatur.
2037 3316 2148 3375 Sed

565 3417 694 3485 quia
735 3415 802 3470 de
847 3414 938 3469 illo
989 3414 1046 3468 iu
1093 3411 1218 3468 aliis
1263 3412 1470 3468 nostris
1514 3408 1943 3482 opusculisjam
1990 3409 2146 3481 plura

567 3507 927 3578 digessimus,
967 3519 1114 3561 nunc
1153 3504 1300 3574 quod
1339 3502 1430 3559 vix
1457 3502 1600 3559 ante
1636 3518 1739 3558 sex
1779 3503 1897 3559 dies
1939 3501 2006 3556 ad
2045 3515 2146 3556 nos

564 3597 790 3652 veniens
841 3593 1026 3649 retulit
1098 3592 1460 3666 proferamus.
1501 3594 1595 3649 Ait
1658 3595 1842 3665 itaque
1870 3611 1885 3646 :
1913 3592 2151 3662 Contigit

557 3703 666 3742 -me
745 3700 909 3742 nosse
963 3684 1108 3755 quod
1146 3685 1453 3757 scripseris
1534 3701 1731 3744 novem
1775 3700 1866 3741 me
1909 3700 2018 3739 uno
2062 3685 2151 3740 die

562 3776 838 3848 psalteria
865 3777 1184 3832 decantasse
1224 3791 1347 3831 cum
1390 3776 1769 3847 corporalibus
1805 3774 2145 3845 disciplinis;

573 3871 719 3941 quod
765 3879 917 3926 certe
961 3886 1083 3925 cum
1134 3871 1356 3939 audivi,
1407 3870 1761 3927 tremefactus
1810 3869 2047 3939 expavi,
2094 3877 2152 3924 et

571 3959 911 4016 conscientia
952 3960 1305 4016 remordeute
1343 3961 1671 4031 congemui;
1714 3974 1830 4024 vae,
1880 3959 2103 4030 inquam
2133 3999 2149 4024 ,

564 4053 742 4117 mihi,
793 4040 921 4108 ecce
969 4052 1074 4107 hoc
1125 4052 1192 4108 de
1233 4061 1362 4118 me;
1397 4052 1675 4109 nesciente
1716 4066 1839 4118 me,
1885 4052 2151 4123 scriptum

560 4154 691 4212 est;
745 4155 800 4199 et
847 4155 1029 4200 tamen
1080 4152 1264 4199 utrum
1316 4145 1498 4201 bocla
1546 4160 1637 4201 me
1696 4144 1822 4199 fieri
1884 4145 2152 4215 potuisset

563 4234 792 4305 'ignoro.
846 4233 991 4302 Ergo
1034 4248 1227 4289 rursus
1258 4234 1628 4305 experiar,et
1667 4248 1734 4289 an
1780 4235 1883 4290 hoc
1933 4234 2156 4304 implere

565 4326 844 4397 potuerim
908 4325 1284 4381 indubitanter
1330 4340 1647 4396 agnoscam.
1722 4325 1934 4393 Quarta
1989 4326 2154 4396 igitur

567 4416 705 4472 feria
758 4431 844 4474 me
882 4417 1125 4472 vestibus
1163 4417 1324 4483 esui,
1366 4424 1423 4471 et
1462 4427 1671 4473 armata
1716 4419 1896 4487 scopis
1921 4426 2154 4489 utraque

564 4520 769 4568 manu,
807 4512 975 4559 totam
1007 4513 1218 4560 noctem
1247 4506 1494 4562 ducendo
1529 4507 1879 4579 pervigilem,
1921 4506 2150 4578 psallere

567 4611 638 4651 ac
667 4611 755 4651 me
779 4595 1073 4651 verberare
1098 4611 1206 4653 non
1238 4599 1423 4654 destiti
1445 4630 1471 4665 ,ι
1492 4602 1666 4656 donec
1694 4601 1780 4655 die
1808 4600 1984 4655 altero
2003 4641 2018 4666 ,
2058 4601 2152 4657 de-

566 4689 744 4745 cursis
785 4686 1070 4743 duodecim
1097 4703 1163 4743 ex
1196 4705 1348 4745 more
1376 4690 1649 4761 psalteriis
1671 4731 1686 4757 ,
1730 4691 1818 4747 die
1859 4693 2022 4747 tertio
2062 4695 2153 4749 de-

564 4781 713 4837 cimo
752 4780 817 4836 ad
834 4781 1153 4852 psalmum:
1191 4800 1209 4834 ι
1239 4781 1390 4838 Beati
1416 4799 1646 4854 quorum
1675 4781 1870 4853 (Psal.
1899 4800 2028 4838 xxxi
2053 4785 2094 4856 ),
2126 4803 2145 4836 ι

564 4889 744 4943 usque
791 4874 1020 4944 reptavi.
1060 4872 1628 4943 Porro,quod-nobis
1654 4874 1849 4929 durum
1887 4890 2031 4945 sape
2070 4877 2154 4931 vi-

482 5008 514 5025 μ.
560 4965 729 5018 detur
769 4975 825 5020 et
868 4980 1161 5036 asperum,
1197 4980 1360 5036 quam
1404 4964 1496 5021 ille
1537 4964 1746 5035 puerile
1810 4966 2029 5035 deputet
2088 4982 2154 5023 ac

564 5054 904 5122 despectum,
919 5072 1028 5110 uno
1044 5042 1339 5113 doceamus
1353 5056 1621 5127 exemplo.
1638 5057 1826 5113 Frater
1845 5058 2011 5131 784
2029 5060 2152 5129 qui-

502 5186 507 5195 .
542 5136 700 5212 ﬁdam
727 5158 847 5197 cum
876 5160 937 5199 se
963 5161 1248 5216 scoparum
1280 5147 1475 5202 ictibus
1503 5147 1995 5205 nimisabhorreret
2018 5159 2157 5204 atte-

572 5245 720 5295 rere,
739 5240 901 5298 atque
928 5242 987 5287 ut
1012 5237 1128 5303 ipse
1151 5237 1369 5293 sibimet
1392 5236 1576 5308 plagas
1598 5237 1824 5294 inferret
1841 5248 2003 5308 atque
2026 5254 2153 5308 per-

2245 3167 2376 3240 quid
2407 3163 2718 3238 asperitatis
2746 3164 2935 3218 horret
2965 3162 3017 3216 in
3046 3160 3153 3214 via.
3181 3159 3316 3215 Cum
3358 3159 3571 3230 pondus
3595 3157 3715 3211 auri
3747 3172 3844 3210 ra-

2244 3256 2446 3313 diantis
2487 3254 2812 3318 attenditur,
2842 3251 2996 3306 labor
3025 3250 3238 3305 itineris
3266 3249 3550 3318 levigatur.
3582 3246 3687 3303 Ubi
3710 3245 3839 3302 loco

2243 3344 2452 3418 praemii
2470 3357 2669 3399 corona
2682 3339 3023 3412 proponitur,
3039 3338 3198 3393 stadii
3216 3353 3408 3393 cursus
3423 3337 3681 3392 alacriter
3697 3344 3848 3391 tran—

2243 3436 2447 3492 silitur.
2478 3432 2767 3502 Perpende
2797 3430 2960 3500 igitur
3014 3443 3175 3495 quam
3214 3426 3404 3481 beatus
3446 3427 3517 3481 sit
3555 3426 3647 3495 qui
3670 3463 3688 3491 ,
3718 3438 3843 3479 tum

2250 3534 2399 3582 tanta
2430 3524 2783 3593 reproborum
2812 3518 3100 3573 multitudo
3129 3517 3429 3588 repellitur,
3475 3516 3592 3587 ipse
3641 3517 3709 3571 ad
3736 3531 3838 3570 nu—

2240 3616 2413 3689 ptiale
2441 3612 2747 3670 convivium
2777 3609 2986 3679 ingredi
3015 3648 3030 3673 ,
3060 3622 3182 3663 cum
3210 3606 3491 3678 splendida
3538 3604 3839 3662 electorum

2249 3710 2541 3774 societate,
2566 3714 2872 3768 mereatur;
2899 3712 3114 3773 quantm
3126 3701 3404 3773 dignitatis
3423 3700 3493 3755 sit
3506 3701 3698 3755 adesse
3708 3711 3845 3755 sem-

2250 3814 2359 3871 per
2369 3796 2647 3853 obtutibus
2670 3792 3003 3857 Conditoris,
3024 3789 3382 3860 contemplari
3407 3788 3844 3860 praesentissinm

2249 3890 2488 3963 speciem
2526 3885 2827 3949 Veritatis;
2858 3882 3004 3938 facie
3042 3882 3109 3937 ad
3147 3880 3343 3937 faciem
3381 3880 3546 3934 Deum
3581 3892 3842 3941 cernere,

2240 3979 2438 4038 'choris
2464 3975 2723 4049 angelicis
2750 3975 3013 4030 interesse
3042 3989 3056 4026 :
3089 3971 3179 4027 ubi
3215 3970 3297 4026 sic
3334 3969 3692 4040 praesentibus
3716 3968 3843 4038 quia

2258 4085 2365 4144 que
2393 4069 2606 4142 gaudiis
2634 4076 2763 4124 sunt
2784 4065 2978 4137 repleti
2996 4104 3012 4130 ,
3041 4074 3103 4119 ut
3128 4064 3196 4119 de
3220 4063 3399 4118 futura
3431 4077 3704 4132 nunquam
3733 4064 3844 4116 sint

2248 4159 2587 4218 adversitate
2635 4156 2894 4212 solliciti:
2948 4153 3039 4211 ubi
3090 4153 3218 4208 dum
3253 4153 3442 4222 quieta
3481 4165 3636 4205 mens
3674 4149 3842 4205 incir-

2255 4250 2574 4321 cumscripti
2624 4246 2850 4303 luminis
2892 4245 3212 4301 ammnitate
3248 4242 3564 4314 perfruitur,
3604 4242 3672 4297 de
3708 4257 3839 4297 suo-

2251 4358 2376 4400 rum
2405 4356 2621 4414 quoque
2642 4338 2948 4395 concivium
2975 4336 3216 4406 praemiis
3250 4334 3691 4390 inenarrabiliter
3717 4346 3845 4405 gra~

2179 4456 2232 4518 D
2258 4432 2481 4488 tulatur.
2512 4428 2631 4484 lllic
2664 4426 2789 4483 vitae
2826 4425 3029 4481 fontem
3063 4433 3119 4481 et
3152 4424 3401 4480 sitientes
3448 4423 3742 4485 hauriunt,
3785 4431 3845 4478 et

2261 4521 2578 4577 haurientes
2611 4518 2842 4583 sitiunt;
2887 4516 3016 4587 quia
3064 4515 3137 4571 ibi
3181 4530 3285 4570 non
3335 4523 3543 4584 potest,
3594 4514 3677 4568 vel
3728 4512 3846 4567 avi-

2257 4611 2404 4666 ditas
2426 4608 2742 4682 passionum
2774 4606 2995 4678 gignere
3017 4645 3032 4671 ,
3061 4604 3147 4660 vel
3176 4606 3402 4660 satietas
3448 4604 3708 4659 fastidire.
3762 4602 3842 4657 lix

2240 4716 2323 4758 ‘eo
2370 4700 2571 4773 plane,
2626 4698 2771 4769 quod
2817 4696 3026 4752 auctori
3081 4696 3208 4750 vita:
3261 4710 3478 4766 semper
3541 4696 3835 4759 assistunt,

2245 4807 2437 4848 ~omcm
2463 4791 2582 4847 vim
2602 4787 2964 4846 beatitudinis
2991 4789 3234 4843 trahunt.
3268 4787 3406 4843 llinc
3431 4786 3634 4843 floridae
3650 4786 3841 4855 juven-

2257 4885 2390 4941 tutis
2426 4892 2631 4940 reterns
2664 4880 2917 4935 viriditas
2939 4920 2954 4943 ,
2992 4879 3122 4936 hinc
3148 4890 3407 4935 venustas
3432 4887 3516 4936 est
3540 4879 3841 4948 pulchritu-

2259 4971 2434 5037 dinis,
2465 4979 2521 5025 et
2552 4968 2870 5024 indeficiens
2898 4968 3050 5038 vigor
3079 4967 3485 5024 incolumitatis.
3523 4967 3599 5022 Ex
3625 4967 3720 5024 illo
3745 4967 3841 5020 ita-

2261 5060 2425 5132 785
2444 5075 2550 5130 que
2571 5058 2889 5115 mternitatis
2911 5057 3061 5113 fonte
3083 5059 3408 5129 percipiunt,
3432 5068 3492 5113 ut
3512 5055 3841 5114 :etcrnaliter

2260 5151 2483 5215 vivant,
2513 5147 2857 5205 inell'abiliter
2906 5152 3178 5219 gaudeant
3220 5165 3236 5202 :
3269 5159 3347 5213 et,
3384 5149 3526 5219 quod
3563 5157 3647 5204 est
3683 5149 3840 5219 longe

2241 5239 2643 5308 pnestantius,
2693 5239 2759 5292 ad
2799 5237 3041 5308 ejusdem
3082 5238 3392 5293 Conditoris
3432 5238 3838 5294 similitudinem
