4138 6320
340 332 446 389 HO

1357 330 1601 391 OPUSC.
1640 330 1726 387 LL
1764 361 1835 381 -ο
1869 331 1959 388 DE
1998 331 2158 390 VITA
2187 332 2601 393 EREMETICA.

3489 350 3599 405 750

340 458 505 533 porro
534 442 750 498 civitato
798 449 1019 497 sanctus
1048 442 1134 497 ille
1161 440 1358 498 Tobias
1403 443 1583 497 aiebat
1619 462 1637 497 ιε
1693 462 1712 497 1
1736 443 1919 499 Porta:
1946 449 1997 509 Α
2023 454 2254 516 Utroque
2282 451 2558 518 procedat.
2601 450 2712 509 lllic
2740 452 3040 510 videbimus
3078 462 3346 528 quomodo
3374 459 3454 525 is.
3505 465 3597 533 qui

341 532 674 587 Hierusalem
697 548 761 587 ex
790 533 1045 603 sapphiro
1072 542 1128 587 et
1172 533 1458 603 smaragdo
1478 533 1917 600 tedillcabuntur;

338 630 394 676 et
412 636 480 675 ex
508 621 684 690 lapide
714 622 948 689 pretioso
973 623 1152 676 omnis
1178 612 1439 676 circuitus
1467 637 1743 677 murorum
1767 624 1916 695 ejus;

338 728 404 769 ex
435 713 611 785 lapide
632 714 863 767 candido
908 721 962 768 et
992 714 1190 767 mundo
1214 727 1404 768 omnes
1427 713 1620 783 plateae
1643 698 1760 786 eju's
1782 724 1919 770 ster-

336 812 569 868 nentur;
606 811 660 856 et
690 816 786 870 per
821 798 967 854 vicos
1003 802 1119 870 ejus
1147 800 1361 855 alleluia
1402 804 1713 858 cantabitur
1757 804 1917 875 (Tob.

338 892 481 962 un).
521 909 539 941 1
586 891 660 945 De
695 890 793 944 hac
820 898 874 943 et
897 888 1134 946 Joannes
1165 891 1282 944 ait:
1317 909 1335 942 1
1373 890 1513 957 Quia
1537 892 1763 964 singula:
1790 909 1916 963 por-

339 993 405 1037 tte
441 981 557 1051 ejus
585 994 745 1036 erant
774 996 839 1035 ex
870 982 1099 1054 singulis
1122 984 1434 1053 margaritis
1454 1024 1469 1049 ,
1502 993 1557 1040 et
1582 986 1754 1054 platea
1783 987 1916 1041 civi-

338 1073 465 1127 tatis
492 1087 682 1125 aurum
715 1072 972 1126 mundum
1000 1113 1016 1138 ,
1058 1081 1313 1143 tauquam
1352 1074 1553 1129 vitrum
1582 1076 1916 1146 perlucidum

334 1163 519 1232 (Apoc.
568 1163 702 1232 ut).
739 1181 757 1215 1
820 1162 895 1216 De
920 1177 1024 1231 qua
1083 1162 1247 1217 etiam
1282 1180 1408 1218 mox
1437 1164 1671 1233 adjecit:
1729 1183 1749 1217 1
1779 1166 1916 1233 Quia

323 1267 443 1308 non
471 1263 595 1324 eget
618 1252 766 1318 sole,
796 1268 971 1325 neque
989 1254 1160 1321 luna;
1193 1256 1285 1311 sed
1309 1256 1533 1310 claritas
1582 1255 1674 1311 Dei
1716 1257 1917 1313 illumi-

334 1347 487 1401 nabit
506 1363 628 1402 eam
648 1386 665 1413 ,
724 1358 779 1401 et
804 1347 1022 1402 lucerna
1052 1348 1169 1418 ejus
1195 1355 1278 1403 est
1307 1363 1477 1420 agnus
1509 1348 1720 1420 (Ibid.).
1756 1370 1774 1402 1
1837 1350 1915 1405 lbi

323 1448 596 1512 praeterea
626 1448 816 1494 natura
844 1438 1101 1503 humana,
1126 1455 1245 1509 quae
1265 1440 1455 1494 vitiata
1482 1440 1680 1507 fuerat,
1708 1441 1918 1497 cunctis

332 1529 642 1598 passionum
674 1526 1014 1598 squaloribus
1044 1525 1301 1584 defamata
1330 1530 1621 1600 ‘tripudiat,
1648 1540 1703 1584 ct
1724 1546 1915 1601 azyma

330 1620 503 1683 facta,
542 1619 593 1671 in
619 1633 732 1673 sua:
779 1618 1036 1688 puritatis
1087 1628 1252 1688 atque
1284 1614 1619 1675 sinceritatis
1651 1621 1913 1675 munditia

332 1719 661 1779 perseverat.
687 1709 822 1764 Cum
848 1711 1038 1779 spiritu
1067 1711 1356 1780 siquidem,
1382 1720 1436 1765 et
1462 1726 1593 1765 caro
1616 1713 1914 1780 spiritualis

2021 554 2286 612 nusquam
2311 544 2482 609 deest,
2506 559 2611 601 non
2634 560 2734 617 per
2752 556 2951 619 partes,
2977 550 3070 604 sed
3096 559 3239 606 totus
3260 551 3455 623 ubique
3476 564 3595 621 est,

2019 633 2289 701 quomodo
2316 633 2481 688 etiam
2508 634 2623 690 lleri
2647 638 2861 707 possit,
2894 648 2954 693 ut
2992 647 3051 694 et
3092 640 3336 695 intendat
3372 643 3600 713 singulis

2020 734 2281 796 tanquam
2340 736 2497 782 vacet
2542 728 2611 782 ab
2655 717 2961 796 universis;
3022 732 3265 787 intendat
3331 735 3602 790 universis

2019 826 2282 890 tanquam
2311 829 2471 876 vacet
2499 836 2530 875 a
2558 820 2820 891 singulis;
2848 824 3117 891 quomodo
3148 825 3216 889 is,
3243 827 3334 895 qui
3362 826 3601 882 01010011-

2014 909 2119 966 bus
2180 914 2527 981 praeeminet,
2560 915 2737 985 abyssi
2772 912 3120 971 fundamenta
3159 926 3455 985 sustentet;
3502 920 3599 989 qul

2018 1003 2205 1063 mundi
2246 1004 2436 1059 intima
2463 1013 2754 1074 penetrat,
2793 1005 3066 1074 quomodo
3100 1007 3369 1061 exteriora
3398 1016 3598 1063 cuncta

2017 1093 2339 1150 circumdat.
2388 1094 2501 1151 11110
2542 1097 2730 1153 0110110
2757 1098 3000 1153 suavitas
3031 1107 3349 1153 cunctorum
3386 1099 3601 1155 excedit

2018 1184 2163 1240 vires
2208 1195 2515 1241 aromatum
2542 1227 2558 1252 ,
2599 1202 2816 1243 omnem
2858 1196 3081 1258 superat
3128 1187 3479 1260 fragrantiam
3510 1189 3599 1259 pi-

2014 1286 2381 1347 gmentorum.
2420 1278 2533 1333 lllic
2563 1278 2846 1334 beatorum
2873 1294 3034 1336 aures
3057 1281 3385 1336 barmonica:
3413 1281 3600 1335 dulce-

2017 1368 2158 1424 dinis
2179 1384 2384 1439 organa
2407 1369 2637 1424 melodia
2657 1368 3017 1440 permulcent.
3034 1370 3149 1426 11110
3171 1372 3341 1441 pratis
3360 1371 3603 1441 jucunda

2017 1458 2150 1513 satis
2180 1460 2500 1514 ammnitate
2547 1459 2936 1523 vernantibus,
2977 1460 3260 1515 candentia
3298 1460 3409 1515 lilia
3456 1476 3602 1515 nun-

2014 1562 2175 1618 quam
2201 1548 2489 1613 decidunt,
2521 1563 2769 1618 rosasque
2796 1563 3085 1619 purpurea:
3110 1562 3233 1603 cum
3272 1548 3482 1604 croceis
3503 1548 3601 1602 llo-

2016 1637 2167 1692 1111110
2213 1653 2318 1692 11011
2365 1647 2724 1692 marcescunt.
2788 1638 2855 1692 Et
2905 1646 3051 1693 certe
3112 1639 3179 1693 de
3227 1637 3316 1692 illa
3361 1638 3602 1693 crelestis

2019 1727 2353 1783 Hierusalem
2376 1728 2711 1783 beatitudine
2730 1729 3056 1797 sempiterna
3102 1728 3602 1800 incomparabiliter

330 1803 470 1855 facta
490 1841 504 1865 ,
543 1801 867 1865 concordat;
902 1816 965 1854 ac
1006 1808 1149 1854 totus
1183 1801 1346 1854 homo
1372 1800 1454 1855 sui
1490 1801 1799 1856 Conditoris
1828 1817 1917 1856 ar-
1942 1796 1991 1856 Β
2018 1817 2138 1886 plus
2155 1827 2242 1873 εει
2261 1819 2317 1873 in
2350 1834 2407 1874 re
2432 1834 2594 1888 quam
2650 1833 2801 1874 mens
2822 1796 2994 1887 ῥοςδίι
3020 1819 3250 1872 humana
3280 1796 3599 1891 ἀπαίρει-ος

330 1894 490 1948 bitrio
510 1894 563 1947 in
588 1892 731 1946 nullo
759 1892 970 1959 penitus
1001 1892 1261 1946 dissonat.
1318 1892 1468 1946 Tunc
1496 1893 1748 1963 impletur
1772 1894 1915 1963 quod

328 1997 786 2055 sponsaesponsus
818 1982 1118 2052 eloquitur:
1153 2001 1172 2034 1
1212 1981 1576 2053 \’eni,sponsa
1607 1999 1744 2049 mea,
1780 1994 1913 2040 tem-

329 2089 429 2141 pus
450 2074 743 2143 putationis
756 2073 974 2127 advenit
991 2071 1267 2143 (Carum).
1292 2092 1310 2124 1
1344 2073 1607 2129 Surculus
1619 2075 1763 2129 enim
1786 2090 1910 2129 cum

328 2174 566 2237 putatur,
597 2173 910 2221 remanente
939 2164 1078 2235 quod
1107 2166 1237 2220 utile
1267 2175 1379 2231 est,
1406 2166 1741 2222 abscinditur
1771 2168 1912 2236 quod

326 2256 652 2328 superfluum
690 2266 793 2312 est.
822 2256 914 2311 Sic
942 2272 1009 2309 ex
1055 2256 1288 2310 humana
1332 2265 1523 2311 natura
1583 2265 1767 2312 manet
1792 2257 1913 2327 qui-

325 2344 448 2401 dem
502 2362 662 2401 omne
727 2346 871 2415 quod
932 2340 1192 2400 Conditor
1262 2344 1432 2411 fecit;
1489 2348 1693 2402 tollitur
1730 2357 1910 2403 autem

325 2439 468 2509 quod
491 2438 736 2493 diabolus
763 2438 989 2493 addidit.
1014 2438 1124 2493 lllic
1144 2453 1342 2492 arcana
1367 2439 1701 2510 singulorum
1725 2450 1913 2509 patent

325 2530 496 2584 oculis
516 2530 783 2608 omnium.
808 2528 919 2582 11110
940 2528 1180 2582 1111111111111
1206 2538 1414 2583 mentes
1437 2529 1488 2583 in
1513 2520 1679 2584 mutui
1709 2532 1911 2585 amoris

325 2622 525 2676 unione
551 2619 815 2685 conllatae,
845 2619 988 2673 nulla
1014 2620 1243 2675 invicem
1273 2621 1535 2676 varietate
1562 2622 1907 2683 dissentiunt;

324 2713 423 2770 sed
462 2714 513 2768 in
541 2712 813 2769 communi
842 2711 1135 2766 voluntatis
1156 2711 1336 2767 studio
1360 2727 1551 2767 omnes
1583 2714 1913 2772 unanimiter

324 2806 681 2862 foederantur.
713 2805 868 2875 Apud
900 2820 1030 2867 nos,
1083 2819 1206 2859 cum
1235 2820 1341 2859 una
1377 2804 1647 2862 festivitas
1682 2807 1908 2870 colitur,

323 2898 491 2951 altera
536 2913 641 2953 non
685 2897 948 2961 habetur;
983 2895 1091 2950 illic
1122 2904 1299 2969 autem
1326 2897 1568 2951 omnium
1601 2897 1913 2952 solemnita-

326 2998 440 3041 tum
475 3002 690 3057 semper
720 2995 803 3042 est
839 2996 1159 3041 coacervata
1191 2986 1398 3050 laetitia,
1425 2987 1552 3056 quia
1575 2988 1647 3041 illi
1673 3004 1910 3058 praesen-

326 3092 407 3135 tes
446 3082 737 3142 assistunt,
779 3080 871 3151 qui
912 3079 1319 3134 solemnitatum
1351 3088 1478 3133 sunt
1524 3082 1712 3149 procul
1750 3082 1911 3135 dubio

323 3186 510 3225 causa.
552 3172 714 3225 Deest
751 3149 859 3225 illic
903 3170 1235 3241 ignorantia,
1279 3170 1433 3223 deest
1464 3170 1904 3241 impossibilitas;
1938 3149 1982 3211 (ἶ

324 3260 451 3329 quia
501 3260 553 3315 in
605 3260 771 3332 786
813 3262 1127 3329 Sapientia,
1176 3259 1261 3313 cui
1318 3259 1453 3314 uniti
1499 3270 1665 3325 sunt,
1713 3269 1907 3315 cuncta

324 3349 534 3414 sciunt;
577 3350 628 3423 111
654 3350 1031 3420 Omnipotente
1053 3347 1233 3402 omnia
1262 3358 1507 3419 possunt.
1535 3348 1646 3403 11110
1673 3350 1908 3404 revelata

320 3440 464 3497 facie
527 3442 907 3497 contuebimur
939 3480 954 3506 ,
1004 3438 1275 3510 quomodo
1344 3438 1506 3494 Pater
1563 3438 1909 3496 ineil'abiliter

325 3529 522 3586 Filium
593 3533 829 3603 gignat,
910 3532 1180 3603 quomodo
1253 3530 1491 3602 Spiritus
1556 3541 1780 3587 sanctus
1841 3547 1905 3587 ex

2016 1908 2137 1977 plus
2177 1918 2357 1963 mente
2406 1908 2710 1976 concipitur
2756 1923 2918 1977 quam
2956 1908 3078 1963 ullis
3112 1909 3467 1963 sermonibus
3505 1925 3600 1961 ex—

2015 2001 2266 2070 plicetur.
2308 2000 2447 2067 Quid
2481 2015 2611 2071 ergo
2639 2002 2792 2070 plura
2834 2001 2898 2055 de
2938 2001 3043 2055 illis
3082 2002 3363 2056 beatorum
3395 2001 3598 2057 civium

2015 2094 2225 2162 gaudiis
2271 2091 2531 2163 eloquar?
2568 2092 3012 2161 Quandoquidem
3045 2108 3230 2147 eorum
3272 2092 3599 2147 felicissima:

2013 2183 2281 2238 voluntati
2334 2192 2525 2238 cuncta
2581 2197 2804 2253 prorsus
2842 2187 3111 2238 elementa
3163 2183 3505 2248 deserviunt,
3544 2192 3604 2237 et

2016 2282 2209 2330 cuncta
2239 2273 2305 2328 ad
2336 2287 2524 2328 eorum
2555 2281 2767 2337 nutum,
2792 2273 2974 2326 omnia
3000 2273 3067 2327 ad
3095 2287 3282 2326 eorum
3314 2280 3603 2327 vertuntur

2016 2365 2320 2419 arbitrium.
2344 2364 2480 2419 Vera
2498 2363 2699 2434 quippe
2718 2372 2803 2419 est
2823 2365 3090 2418 sententia
3111 2363 3198 2417 illa
3230 2378 3337 2432 qua
3359 2363 3555 2419 dicitur
3576 2381 3595 2418 ;

2022 2473 2042 2508 1
2067 2456 2259 2513 Omnia
2288 2471 2625 2527 quaecunque
2653 2456 2823 2511 voluit
2846 2456 3124 2521 Dominus,
3151 2455 3281 2511 fecit
3302 2456 3353 2508 in
3383 2454 3522 2510 ctelo
3544 2465 3604 2510 et

2014 2550 2071 2604 in
2117 2560 2296 2609 terra;
2351 2548 2404 2605 in
2454 2547 2590 2602 mari
2636 2554 2693 2603 et
2743 2548 2797 2603 in
2850 2548 3105 2619 omnibus
3150 2547 3360 2617 abyssis
3421 2544 3597 2619 (Psal.

2015 2641 2258 2713 cxxxiv).
2299 2658 2317 2692 1
2358 2640 2424 2695 Et
2457 2641 2603 2709 quod
2650 2639 2719 2694 de
2749 2638 2928 2709 capite
2974 2638 3205 2701 dicitur,
3242 2639 3310 2694 de
3338 2638 3601 2693 membris

2014 2748 2235 2804 quoque
2264 2732 2408 2787 illius
2431 2732 2653 2800 dignum
2678 2740 2762 2785 est
2788 2739 2847 2787 ut
2871 2730 3149 2787 credatur.
3169 2730 3268 2786 1110
3292 2738 3341 2784 te
3363 2730 3596 2801 gaudiis,

2014 2822 2343 2880 venerabilis
2392 2836 2586 2886 soror,
2649 2820 2793 2875 Deus
2846 2820 3191 2892 omnipotens
3251 2820 3599 2881 introducat,

2016 2916 2240 2985 ipseque.
2271 2913 2370 2968 tibi
2406 2912 2480 2967 sit
2499 2912 2821 2984 praemium,
2852 2926 2975 2967 cum
3000 2910 3257 2974 assumit,
3299 2910 3389 2979 qui
3423 2909 3603 2965 factus

2017 3013 2101 3056 est
2125 3003 2392 3072 pretium,
2427 3016 2553 3056 cum
2604 3000 2854 3054 redemit.
2898 2998 3231 3057 Commenda
3274 2998 3551 3070 meMoysi
3578 3039 3595 3063 ,

2014 3102 2073 3146 et
2116 3093 2296 3147 Aaron
2336 3091 2564 3146 ducibus
2592 3092 2737 3156 tuis,
2782 3090 2988 3145 sanctis
3025 3088 3276 3145 videlicet
3328 3088 3490 3142 Vitali
3542 3098 3601 3142 et

2014 3183 2297 3254 ltodulplio
2340 3182 2670 3251 presbyteris
2700 3180 2847 3253 (26);
2879 3181 2970 3251 qui
3012 3180 3264 3237 videlicet
3310 3180 3598 3252 noverint,

2014 3274 2142 3343 quia
2182 3273 2417 3338 idcirco,
2450 3280 2639 3326 contra
2679 3286 2884 3325 morem
2921 3271 3195 3341 epistolae,
3229 3269 3415 3325 titulos
3441 3268 3593 3325 inse.

2015 3368 2245 3431 ruimus,
2275 3374 2336 3421 ut
2360 3362 2626 3418 inelimati
2677 3371 2839 3433 atque
2860 3362 3054 3430 prolixi
3074 3361 3197 3432 styli
3222 3360 3417 3432 duplex
3440 3358 3591 3423 fasti.

2014 3458 2162 3513 dium
2183 3457 2516 3513 levaremus.

2338 3542 2424 3598 Sit
2462 3558 2650 3596 nomen
2682 3541 2892 3595 Domini
2922 3541 3266 3602 benedictum,

399 3703 512 3773 (‘26)
553 3703 629 3761 De
667 3706 833 3763 V'ituli
864 3714 942 3762 'et
980 3707 1272 3781 Rodulpho
1322 3710 1442 3766 vide
1480 3709 1767 3782 epistolam
1805 3705 1887 3781 14,
1924 3708 2044 3762 libri
2072 3723 2127 3761 ς.

322 3884 3576 3913 WW—W

415 3978 781 4069 787-788
818 4018 1221 4124 orusc
1239 4017 1594 4125 ULUM
1690 4014 2453 4140 QUINOUAGE
2473 4017 2892 4123 SIMUM
2932 4012 3494 4118 PRIMUM.

1015 4227 1123 4287 DE
1165 4226 1359 4289 VITA
1403 4224 1873 4299 EREMITICA,
1916 4224 2021 4286 ΕΤ
2064 4224 2457 4287 PROBATIS
2500 4223 2903 4286 EREMITIS.

328 4522 731 4580 Aacunsaruu.
758 4553 828 4565 --
849 4522 1158 4580 Teutonem
1189 4526 1535 4587 monachum,
1568 4540 1695 4579 mox
1725 4524 2014 4579 sanctitate
2046 4524 2308 4592 insignem
2331 4565 2347 4588 ,
2373 4524 2465 4593 qui
2493 4524 2562 4579 ab
2587 4525 2783 4580 abbate
2813 4524 3139 4581 dissentiens
3157 4567 3171 4590 ,
3202 4542 3232 4581 e
3259 4528 3590 4583 monasterio

395 4594 743 4654 discesserat.
774 4604 829 4650 et
849 4595 1025 4664 ipsum
1052 4604 1300 4650 sanctum
1326 4596 1626 4661 doctorem,
1651 4595 1743 4663 qui
1772 4610 1875 4647 una
1906 4610 2027 4649 eum
2059 4595 2249 4649 eodem
2282 4595 2476 4650 abbate
2501 4604 2558 4649 ut
2584 4611 2680 4651 eos
2719 4596 2948 4651 invicem
2975 4598 3391 4663 reconciliaret,
3433 4598 3499 4651 ad
3528 4613 3590 4652 se

304 4711 309 4716 .
397 4672 642 4727 venerat,
670 4675 793 4733 post
824 4665 1022 4718 multas
1043 4666 1419 4731 contumelias,
1453 4666 1668 4721 tandem
1696 4679 1727 4717 e
1746 4664 1881 4720 cella
1904 4664 2132 4733 expulit,
2164 4665 2637 4721 mansuetudinem
2661 4676 2717 4719 et
2748 4668 3071 4722 modestiam
3108 4669 3402 4723 traducere
3426 4680 3593 4722 cona-

397 4744 520 4796 tur;
559 4732 685 4805 dum
715 4735 763 4788 ei
796 4744 958 4789 tantae
982 4736 1249 4803 superbia:
1277 4751 1478 4791 causas
1510 4744 1568 4790 et
1610 4734 1786 4805 fontes
1812 4732 2037 4800 exponit
2068 4753 2080 4788 :
2113 4735 2370 4789 nimirum
2396 4776 2412 4796 ,
2446 4736 2592 4805 quod
2622 4735 2723 4791 sub
2755 4737 2953 4791 nullius
2982 4737 3263 4805 disciplina
3285 4779 3301 4799 ,
3340 4736 3433 4790 sed
3466 4744 3589 4791 tau-

398 4818 559 4875 quam
590 4804 691 4858 sibi
714 4805 814 4874 ipsi
846 4814 1145 4875 praeceptor
1165 4846 1179 4870 ,
1207 4808 1524 4861 monasticae
1551 4805 1677 4859 vita:
1704 4804 2007 4875 institutum
2034 4814 2272 4875 sectatus
2296 4821 2312 4870 ;
2339 4804 2593 4875 quodque
2612 4848 2626 4870 ,
2657 4822 2780 4860 cum
2814 4808 3095 4861 eremitain
3124 4804 3473 4874 proﬁteretur
3492 4846 3506 4865 .
3535 4807 3591 4863 in

399 4873 574 4928 media
601 4873 780 4946 tamen
810 4873 942 4928 urbe
992 4884 1047 4928 et
1099 4875 1440 4930 saecularium
1469 4874 1816 4946 multitudine
1854 4875 2019 4928 vitam
2043 4873 2386 4946 traduceret.
2429 4873 2632 4946 Igitur,
2662 4891 2727 4929 ne
2764 4877 3042 4945 singulare
3073 4873 3287 4946 vivendi
3312 4890 3482 4946 genus
3507 4893 3595 4929 se-

397 4950 615 5013 quatur.
648 4944 939 5016 admonet:
965 4946 1107 5016 quod
1134 4961 1297 5016 quam
1320 4946 1685 5015 perniciosum
1713 4945 1816 5009 sit,
1842 4945 2233 5000 monachorum
2258 4944 2619 5015 quorumdam
2648 4946 2788 5000 tristi
2809 4944 2958 5000 eiitu
2993 4946 3203 5016 probat.
3239 4944 3594 5016 DiScretioiiis

396 5012 613 5083 quoque
653 5012 809 5069 freno
842 5012 1173 5070 cohibendus
1200 5012 1334 5071 esse
1351 5018 1743 5071 monachorum
1785 5016 2030 5070 actiones
2056 5012 2311 5069 ostendit.
2352 5017 2432 5069 Ac
2458 5016 2705 5077 demum,
2755 5030 2823 5069 ne
2876 5018 2944 5069 de
2978 5015 3156 5083 seipso
3199 5024 3306 5068 tam
3338 5014 3595 5083 prteclam

397 5086 656 5155 sentiens,
688 5084 821 5155 alios
848 5092 1178 5155 contemnat,
1209 5086 1440 5140 virtutes
1469 5087 1518 5140 ei
1547 5088 1904 5155 quorumdam
1931 5096 2059 5137 ante
2085 5085 2271 5138 oculos
2294 5087 2467 5155 ponit,
2499 5086 2590 5153 qui
2630 5095 2811 5139 tamen
2844 5084 3229 5155 modestissimi
3271 5094 3467 5149 erant,
3491 5099 3593 5155 nec.

399 5101 656 5147 sentiens,
688 5101 821 5137 auos
848 5101 1178 5150 contemnat,
1209 5101 1440 5140 Virtutes
1469 5102 1518 5140 ei
1547 5101 1904 5155 quorumdam
1931 5101 2059 5137 ante
2085 5101 2271 5138 οο111οο
2331 5101 2467 5149 omt,
2499 5102 2590 5153 qui
2630 5101 2811 5139 tamen
2844 5101 3229 5138 monesussum
3271 5101 3429 5138 erant
3452 5124 3467 5149 ,
3491 5101 3591 5139 nec.

399 5161 458 5224 ut
492 5153 602 5218 ille,
627 5169 685 5209 se
710 5152 1025 5209 eﬂercbant.
1059 5153 1299 5209 Tandem
1325 5166 1382 5209 ut
1412 5156 1463 5209 ei
1490 5156 1815 5210 humilitatis
1840 5156 2149 5223 exemplum
2181 5101 2441 5223 pratgeat,
2474 5155 2685 5210 veniam
2712 5156 2779 5207 ab
2810 5155 2901 5209 illo
2932 5154 3092 5221 petit,
3116 5154 3159 5207 si
3190 5155 3320 5224 quid
3344 5154 3591 5224 asperius

397 5220 634 5280 fortasse
661 5240 691 5279 a
718 5238 776 5279 se
807 5224 1014 5279 dictum
1046 5225 1316 5280 videatur.

402 5356 608 5414 Domno
662 5358 900 5415 Tnuzum
928 5358 1169 5414 eremitte
1193 5357 1408 5415 PETRUS
1434 5366 1689 5429 peccator
1725 5372 1910 5414 mona-
1936 5366 1988 5426 1)
2015 5359 2265 5429 stringat.
2304 5356 2436 5413 Nam
2465 5358 2590 5411 dum
2621 5356 2839 5411 sibimet
2866 5357 3017 5427 quasi
3046 5370 3111 5411 ex
3143 5357 3342 5412 virtute
3378 5357 3589 5426 patien-

330 5447 466 5504 cbus
495 5450 832 5506 resumendae
859 5451 1143 5507 citaritatis
1170 5452 1441 5507 aculeum.

400 5538 575 5594 Minus
606 5554 665 5595 se
692 5542 996 5611 proximum
1028 5556 1215 5597 amare
1243 5542 1617 5604 convincitur,
1657 5541 1748 5611 qui
1782 5556 1905 5609 per-

328 5627 452 5684 lata:
492 5630 725 5687 laesionis
756 5631 1009 5703 injuriam
1051 5632 1208 5687 sicin
1254 5642 1530 5688 auctorem
1562 5631 1905 5701 expostulare

330 5723 669 5791 dissimulat,
709 5732 764 5779 ut
792 5725 1011 5781 omnino
1054 5738 1111 5779 se
1157 5724 1256 5778 sub
1295 5724 1492 5781 silentii
1521 5736 1747 5779 censura
1779 5738 1906 5779 con-

2016 5451 2104 5504 tire
2157 5448 2429 5513 consulit,
2490 5447 2639 5517 lapso
2686 5446 2838 5502 fratri
2892 5446 3182 5502 salutifera;
3234 5450 3594 5518 correptionis

2016 5555 2236 5596 manum
2285 5539 2564 5608 porrigere
2613 5540 2985 5609 parvipendit;
3034 5540 3269 5607 dumque
3316 5542 3591 5610 patientiae

2016 5632 2381 5686 immoderata:
2394 5630 2648 5693 deservit,
2669 5632 2964 5686 imminuta:
2976 5631 3255 5686 charitatis
3269 5631 3590 5686 sententiam

2012 5739 2120 5780 non
2148 5726 2351 5778 evadit.
2397 5722 2512 5777 Non
2559 5725 2701 5778 enim
2736 5724 2864 5779 dicit
2889 5725 3175 5780 Dominus:
3204 5723 3260 5778 Si
3284 5722 3609 5792 peccaverit,
