4138 6320
529 345 643 409 Ἱδΐ

996 345 1054 401 5.
1086 341 1291 399 PETRI
1320 334 1601 397 DAMIAM
1636 332 1787 393 OPP.
1828 328 2065 391 TOMUS
2097 328 2228 388 SEU
2265 327 2447 386 PARS
2480 327 2567 387 Ill.
2601 356 2673 372 -ο
2694 323 3061 386 OPUSCL'LA
3095 323 3332 385 VARIA.

3689 324 3805 385 753

531 479 585 532 in
642 481 694 528 to
725 467 869 539 quis,
895 473 1080 536 patere
1124 469 1178 516 et
1204 449 1373 523 tace;
1409 454 1521 520 sed,
1552 453 1596 509 si
1624 448 2003 524 peccaveritin
2028 456 2105 513 te,
2139 451 2182 511 Α
2213 456 2326 502 tum
2356 438 2438 503 est
2479 457 2659 502 utrum
2687 447 2800 518 ipse
2827 444 3159 503 Romualdns
3202 454 3297 502 aut
3346 455 3473 501 tunc
3523 447 3806 502 exstiterit

527 537 920 635 lnquit,-—frater
940 565 1083 617 tuus,
1128 550 1261 605 vade
1285 557 1339 603 et
1361 546 1571 614 corripe
1589 556 1734 606 eum,
1781 548 1839 594 ut
1862 537 2110 635 videlicet

528 626 814 722 correptus
850 648 917 703 ad
942 658 1038 701 cor
1060 642 1263 706 redeat,
1279 650 1335 695 et
1353 632 1786 706 corrigensquod
1799 630 2023 693 erravit,
2041 626 2108 684 ad

526 732 670 816 ejus,
690 718 839 797 unde
865 734 1227 810 pessundatns
1256 730 1452 792 fuerat,
1487 740 1677 781 rursus
1704 718 1989 779 charitatis
2008 718 2109 773 cel-

525 808 822 892 situdinem
847 808 1210 885 convalescat.
1234 820 1372 874 Sunt
1396 816 1660 885 siquidem
1682 814 1810 876 duo,
1844 812 2026 877 lapsus
2055 808 2111 862 et

524 914 711 980 ltesus.
745 916 998 974 Charitas
1026 926 1176 982 ergo,
1204 923 1323 979 quae
1350 908 1491 962 inter
1513 914 1800 972 utrumque
1831 898 2108 968 diiudicat,

524 1015 607 1072 sic
655 1010 817 1067 debet
838 1003 1062 1076 justitia:
1096 1002 1278 1055 lances
1310 996 1615 1069 appendere
1637 1035 1650 1057 ,
1683 993 1764 1047 sic
1789 992 2112 1046 inconcusso

526 1101 787 1159 examine
806 1093 1077 1167 aequitatis
1107 1092 1249 1147 inter
1286 1104 1379 1145 eos
1410 1086 1532 1156 jura
1560 1098 1798 1148 servare,
1847 1089 2114 1151 quatenus

525 1210 635 1251 non
665 1192 826 1249 modo
854 1186 1066 1245 enixius
1092 1184 1421 1250 studeat,’ne
1443 1181 1622 1242 hesus,
1655 1174 1799 1247 quod
1822 1174 1984 1233 absit,
2015 1176 2115 1241 per

528 1280 926 1357 impatientiam
974 1283 1213 1342 corruat,
1267 1287 1429 1342 quam
1485 1278 1543 1324 ut
1586 1283 1684 1339 per
1726 1262 2116 1321 satisfactionis

529 1377 710 1451 dignze
751 1369 1170 1434 commercium,
1219 1373 1274 1421 et
1322 1365 1369 1421 is
1407 1376 1625 1434 quoque
1660 1360 1753 1431 qui
1789 1359 1970 1429 lapsus
1996 1362 2112 1420 est,

534 1473 744 1540 surgat.

700 1572 703 1573 '
846 1558 854 1566 “
1053 1545 1284 1608 CAPUT
1313 1540 1606 1605 PRIMUM.

530 1728 533 1733 .
604 1673 788 1730 A‘lbiza
819 1680 867 1726 et
893 1666 961 1724 Β.
993 1665 1182 1721 Petrus
1211 1654 1504 1733 Damienns
1534 1638 1649 1733 eum
1684 1662 1884 1733 quanta
1922 1657 2044 1705 sunt

854 1738 1157 1810 difﬁcultate
1194 1734 1335 1787 intra
1369 1729 1525 1783 limen
1558 1726 1796 1780 admissi.

2210 545 2450 602 sanctus,
2480 537 2567 591 vel
2592 552 2738 592 nunc
2762 537 2830 592 sit
2870 539 2923 592 in
2955 539 3206 606 paradiso
3245 546 3516 607 receptus.
3573 536 3640 591 Et
3667 536 3802 593 licet

2210 636 2409 691 contra,
2438 626 2598 681 tidem
2644 627 2809 680 totius
2842 625 3100 681 Ecclesiae
3135 635 3445 682 nostrarum
3483 628 3801 696 provincia-

2212 732 2330 771 rum
2382 717 2496 772 haac
2551 718 2619 772 de
2670 728 2859 772 sancto
2913 718 3033 772 viro
3074 720 3304 789 quazstio
3357 720 3803 774 movereturmd

2212 808 2562 863 astruendam
2591 814 2771 862 tamen
2799 809 2972 878 partis
2999 818 3198 862 nostrae
3225 809 3574 872 sententiam,
3593 808 3712 863 illos
3740 809 3802 864 in

2214 898 2585 953 testimonium
2619 909 2838 954 sanctos
2860 899 3209 965 adscivimus,
3237 915 3465 969 quomm
3496 900 3799 954 celeberri-

2214 1004 2303 1043 ma
2352 998 2407 1045 et
2429 1000 2585 1044 vetns
2604 990 2787 1060 opinio
2808 992 2970 1044 etiam
2995 991 3136 1060 apud
3166 991 3404 1059 plebeios
3426 990 3698 1060 quoslibet
3740 998 3805 1044 ct

2216 1084 2434 1155 ignaros
2454 1093 2648 1137 nutare
2677 1098 2783 1136 non
2810 1084 2980 1152 possit
3009 1101 3022 1136 :
3053 1082 3290 1139 Leonem
3332 1084 3601 1146 videlicet,
3633 1090 3805 1152 atque

2217 1174 2559 1245 Gregorium,
2590 1174 2920 1229 ciarissimos
2941 1173 3068 1228 olim
3098 1164 3539 1229 ltontanze'sedis
3579 1173 3803 1227 antisti-

2217 1277 2318 1333 tes,
2349 1284 2578 1339 quorum
2608 1269 2829 1339 quidem
2875 1267 3012 1323 alter
3050 1267 3358 1321 authentica
3395 1280 3660 1321 canonum
3700 1264 3807 1319 de-

2217 1369 2365 1414 creta
2393 1358 2726 1430 promulgat;
2760 1358 2899 1412 alter
2924 1357 3223 1413 Ecclesiam
3253 1357 3553 1426 perspicuis
3583 1371 3647 1410 ac
3672 1369 3807 1425 pro-

2219 1447 2401 1504 fundis
2426 1449 2663 1505 cmlestis
2701 1449 3024 1519 eloquentia:
3047 1448 3288 1503 fontibus
3312 1446 3523 1519 irrigat.
3564 1446 3670 1501 Sed
3714 1445 3810 1500 bis

2220 1542 2534 1608 nominatis,
2564 1542 2898 1597 tantumdem
2925 1548 3028 1596 est.
3065 1539 3201 1595 Nam
3225 1549 3278 1595 et
3308 1554 3471 1609 super
3494 1538 3586 1599 his,
3606 1536 3811 1592 nihilo-

2220 1638 2401 1693 minus
2428 1636 2659 1707 quaestio
2684 1634 2994 1706 geminatur
3024 1648 3039 1686 :
3071 1632 3189 1700 Quo
3236 1642 3393 1704 pacto
3431 1632 3553 1699 quis
3594 1632 3808 1684 certum

2223 1736 2437 1796 teneat,
2468 1738 2647 1782 utrum
2676 1736 2731 1782 et
2761 1728 2849 1781 isti
2888 1726 3021 1782 tales
3061 1725 3263 1782 fuerint
3289 1766 3304 1792 ,
3350 1725 3547 1795 quibus
3573 1723 3689 1778 sine
3717 1736 3811 1778 re-

601 1834 709 1890 Pcr
753 1830 995 1901 longiora
1034 1834 1085 1882 te
1134 1825 1438 1894 ignOIarum
1485 1817 1767 1888 regionum
1816 1812 1971 1877 Ῑοοθο
2018 1822 2116 1879 De?
2145 1822 2189 1881 Β
2220 1819 2544 1873 tractatione
2602 1816 2799 1873 debeat
2838 1816 2972 1872 ﬁdes
3004 1815 3425 1879 accommodari,
3479 1814 3593 1869 sive
3639 1812 3810 1867 etiam

533 1924 832 2000 praecipitia
880 1917 1184 1981 montium,
1216 1907 1315 1984 per
1359 1924 1553 1967 saxosa
1587 1906 1800 1974 Alpium
1846 1909 2119 1974 praerupta

535 1997 913 2091 quaesivimus,
943 2007 1161 2064 tandem
1215 2011 1281 2059 ad
1327 2001 1551 2074 januam
1597 1997 1964 2068 pertingentes
2000 1999 2124 2060 post

535 2109 706 2167 multa
730 2116 949 2178 precum
971 2098 1189 2170 quidem
1218 2104 1550 2157 nostrarum,
1576 2099 1788 2145 tuarum
1814 2092 1995 2139 autem
2020 2096 2121 2135 vo-

539 2175 751 2257 lumina
771 2193 1207 2255 altercationnm,
1228 2202 1352 2243 cum
1374 2185 1486 2255 jam
1507 2184 1689 2254 lapsus
1710 2192 1847 2250 pene
1867 2175 2125 2230 deﬁceret

539 2290 763 2365 spiritus
783 2329 798 2354 ,
827 2285 918 2342 vix
950 2283 1165 2339 demum
1197 2288 1454 2349 tanquam
1482 2270 1776 2344 importuni
1802 2266 1993 2365 capit-is
2023 2264 2124 2318 ho-

539 2355 718 2439 mines
769 2373 992 2432 admissi
1055 2385 1243 2425 smnus
1304 2366 1578 2439 (dominus
1626 2360 1770 2416 enim
1817 2355 1952 2413 mihi
1995 2361 2126 2408 tunc

542 2456 735 2532 Albizo
755 2463 1118 2537 adhazrebat);
1147 2460 1337 2517 intenti
1360 2467 1543 2514 autem
1571 2464 1626 2510 et
1648 2467 1755 2509 nou
1783 2447 2127 2505 mediocriter

540 2563 684 2619 avidi
708 2543 1079 2615 adiﬁcationis
1117 2552 1439 2609 documenta
1460 2547 1764 2616 suscipere,
1789 2539 2040 2612 protinus
2068 2537 2127 2591 in

540 2652 662 2728 ipso
689 2658 893 2729 mutua;
929 2643 1304 2703 collocutionis
1332 2640 1557 2695 exordio
1586 2635 1758 2692 coacti
1792 2645 1978 2689 sumus
2004 2629 2128 2700 jur-

543 2720 712 2816 giosis
750 2724 1074 2814 quibusdam
1113 2731 1549 2791 contentionibus
1590 2726 1897 2793 deservire;
1937 2731 1991 2781 et
2036 2720 2130 2795 qui

549 2832 912 2912 gestiebamus
956 2827 1026 2886 de
1080 2824 1350 2897 spirituali
1387 2821 1687 2878 certamine
1727 2816 1950 2873 ‘subtilia
1979 2830 2127 2885 quae-

544 2907 668 2989 dam
720 2940 776 2986 et
821 2924 1032 2983 occulta
1080 2922 1349 2978 discutere
1375 2958 1390 2983 ,
1433 2917 1522 2971 vix
1569 2912 1787 2968 tandem
1823 2907 2132 2964 sullecimus

541 3014 828 3096 perplexas
858 3015 1182 3090 quaestiones
1215 3022 1377 3081 atque
1414 2992 1632 3063 inutiles
1676 3011 1993 3073 arroganter
2032 3001 2132 3055 ob-

540 3094 753 3189 jectas,
780 3108 981 3182 ineptae
1025 3105 1274 3163 videlicet
1301 3103 1412 3157 litis
1453 3099 1730 3155 materiam
1775 3094 2128 3166 propulsare:

2225 1909 2372 1980 digni
2395 1909 2504 1963 sint
2527 1907 2669 1962 intra
2700 1916 3010 1963 sanctorum
3041 1906 3343 1978 catalogum
3378 1903 3711 1976 percenseri.

2390 2004 2393 2007 ’
2844 1995 3072 2052 CAPUT
3114 1998 3174 2051 ll.

2263 2086 2470 2142 Rursus
2511 2096 2725 2157 uterque
2761 2104 2918 2158 quam
2958 2087 3227 2140 inhoneste
3264 2082 3461 2155 fuerint
3493 2084 3774 2139 είὶηιίηαιὶ.

2294 2177 2538 2247 Cumque
2568 2178 2684 2232 lucc
2706 2184 2761 2233 et
2788 2176 2889 2234 alia
2935 2177 3087 2247 plura
3127 2177 3181 2231 in
3211 2176 3682 2233 sermocinationis
3713 2176 3814 2231 dc-

2225 2285 2387 2326 cursu
2413 2269 2753 2340 impudenter
2781 2267 3096 2333 emuerent,
3146 2285 3266 2338 quae
3301 2284 3407 2323 non
3449 2267 3607 2322 modo
3657 2267 3813 2321 illum

2225 2359 2459 2416 fructum
2473 2360 2677 2414 aediﬁca
2687 2359 2869 2422 tionis,
2883 2358 2948 2412 ad
2961 2374 3121 2427 quem
3139 2357 3520 2429 gliscebamus,
3532 2355 3816 2423 afferrent,

2227 2453 2321 2510 sed
2366 2467 2757 2523 supervacuam
2808 2451 2990 2520 potius
3030 2450 3514 2505 inte'rminahilium
3558 2448 3815 2520 quastio-

2226 2562 2359 2601 num
2385 2544 2671 2615 caliginem
2701 2552 3054 2614 generarent;
3085 2544 3302 2600 tandem
3336 2542 3641 2602 recolentes
3682 2546 3815 2600 illud

2228 2652 2336 2709 quo
2358 2637 2555 2693 dicitur
2583 2653 2598 2692 :
2635 2655 2655 2691 ι
2694 2634 2933 2691 Verbum
2959 2634 3329 2693 abbreviatum
3354 2628 3526 2694 faciet
3552 2637 3815 2691 Dominus

2232 2728 2366 2803 (Isai
2392 2731 2471 2802 ι),
2512 2749 2530 2783 ι
2568 2730 2723 2800 quasi
2746 2720 2827 2786 de
2849 2729 3089 2798 spumosi
3117 2729 3286 2784 maris
3308 2727 3620 2798 procellosis
3646 2726 3819 2782 turbi-

2232 2823 2391 2878 nibus
2412 2810 2779 2893 emergentes,
2816 2820 2883 2874 ad
2933 2820 3031 2874 tuti
3079 2828 3270 2888 portus
3312 2818 3492 2873 sinum
3542 2819 3819 2888 applicare

2232 2914 2561 2978 studuimus,
2601 2914 2727 2967 dum
2752 2914 2818 2967 de
2842 2913 3131 2977 eharitate,
3170 2913 3224 2967 in
3255 2928 3360 2982 qua
3403 2911 3547 2966 nulla
3590 2912 3822 2981 quaestio

2234 3007 2538 3070 videbatur,
2572 3005 2752 3060 adorsi
2782 3020 2987 3059 smnus.
3018 3005 3147 3059 Erat
3176 3006 3375 3074 quippe
3400 3004 3540 3059 inter
3564 3012 3615 3056 te
3639 3013 3696 3058 et
3723 3002 3824 3056 ab—

2235 3099 2413 3152 batem
2473 3097 2550 3151 tui
2600 3096 2916 3151 monasterii
2996 3112 3104 3150 non
3188 3095 3408 3150 ferenda
3466 3094 3712 3149 simultas
3765 3100 3820 3147 δ’

547 3179 746 3278 quippe
775 3179 1203 3260 conveneramus
1230 3195 1398 3249 Eliam
1419 3234 1433 3259 ,
1464 3191 1546 3245 vel
1577 3190 1802 3244 Paulum
1848 3188 2033 3241 videre
2076 3186 2129 3238 in
2162 3179 2207 3239 C
2239 3189 2542 3242 inveterata
2572 3185 2866 3239 discordia.
2908 3184 3001 3240 llle
3037 3186 3201 3254 igitur
3222 3196 3409 3258 utpote
3438 3185 3522 3239 vir
3554 3185 3723 3248 mitis,
3758 3197 3825 3239 ac

549 3277 734 3355 eremo
783 3293 1060 3363 humiliter
1090 3289 1390 3343 latitantem
1416 3325 1431 3351 ,
1470 3284 1607 3338 citra
1648 3293 1796 3352 spem
1838 3277 2138 3348 reperimus

550 3385 948 3461 quodammodo
988 3381 1347 3437 Xenocratem
1378 3377 1434 3431 in
1467 3372 1750 3445 gymnasio
1780 3367 2139 3440 grandiloque

547 3458 716 3554 #89
743 3482 1168 3550 proponentem:
1209 3471 1316 3524 imo
1358 3467 1553 3537 quibus
1597 3478 1751 3518 mens
1791 3470 1911 3515 erat
1946 3458 2135 3513 imita-

552 3550 720 3628 {ituris
756 3570 929 3640 gratia
961 3578 1157 3635 agnum
1186 3560 1505 3630 conspicere
1532 3556 1741 3617 mitem,
1771 3550 2007 3606 ferocem
2039 3562 2137 3616 po-

553 3664 665 3719 tius
690 3638 904 3715 taurum
942 3654 1273 3711 incurrimus
1312 3648 1569 3704 cornibus
1611 3642 1921 3698 immaniter
1961 3638 2138 3693 venti-

552 3755 777 3809 lantem.
793 3750 938 3804 Inter
959 3748 1104 3816 ipsas
1125 3751 1306 3796 tamen
1328 3738 1685 3809 quzcstionum
1710 3731 2144 3788 contentionum-

554 3863 660 3920 que
686 3842 1041 3901 densissimas
1061 3837 1378 3909 grandines,
1408 3841 1568 3903 prout
1596 3829 1846 3891 licuerat,
1876 3824 2026 3878 mitis
2053 3822 2142 3876 ille

553 3913 880 4010 praedicator
901 3932 967 3987 ad
998 3928 1312 3999 memoriam
1337 3922 1671 3986 recurrebat,
1695 3919 1881 3973 dicens
1907 3936 1919 3969 ;
1956 3934 1974 3966 ι
1998 3913 2144 3969 Stul-

556 4006 665 4098 tas,
709 4027 911 4097 inquit,
952 4034 1007 4080 et
1048 4023 1164 4078 sine
1204 4017 1486 4086 disciplina
1539 4012 1870 4084 quaestiones
1918 4006 2099 4062 devita
2125 4044 2140 4071 ,

556 4095 740 4181 sciens
774 4095 900 4188 quia
951 4120 1215 4185 generant
1250 4109 1403 4173 lites;
1447 4118 1664 4160 servum
1707 4110 1888 4155 autem
1931 4095 2142 4152 Domini

557 4232 668 4273 non
697 4218 913 4284 oportet
942 4209 1172 4278 litigare,
1201 4203 1295 4261 sed
1326 4208 1669 4257 mansuetum
1705 4192 1920 4249 esse'ad
1955 4202 2147 4251 omnes

557 4306 645 4380 (11
685 4282 821 4359 Tim.
855 4301 939 4370 ιι).
975 4320 993 4352 ι
1028 4298 1094 4351 Et
1120 4297 1312 4350 iterum
1340 4310 1351 4344 :
1384 4311 1401 4342 ι
1430 4290 1547 4343 Noli
1570 4287 1750 4342 verbis
1779 4282 2143 4339 contendere:

560 4372 696 4454 nihil
715 4397 860 4451 enim
890 4391 1018 4446 utile
1049 4397 1161 4452 cst,
1213 4385 1316 4440 nisi
1369 4383 1437 4437 ad
1472 4379 1878 4436 subversionem
1915 4372 2145 4427 audien-

560 4489 696 4543 tium
722 4481 933 4557 (ιωιι.).
972 4499 989 4530 ι
1029 4477 1161 4532 illud
1197 4488 1411 4545 quoque
1437 4488 1543 4526 non
1575 4483 1796 4541 prorsus
1824 4464 2142 4557 exciderat:

565 4601 586 4633 ι
622 4576 857 4633 Profuna
913 4582 1095 4626 autem
1153 4578 1209 4623 ct
1230 4581 1364 4621 vana
1416 4565 1629 4635 eloquia
1668 4560 1888 4615 devita:
1919 4556 2145 4611 multum

561 4672 709 4726 enim
753 4666 1043 4739 prolieiuut
1086 4661 1153 4717 ad
1192 4659 1524 4728 impietatem
1569 4651 1778 4723 (Mitt).
1819 4670 1837 4703 ι
1884 4649 2050 4739 Haec,
2094 4653 2151 4701 et

560 4759 873 4835 hujusmodi
912 4756 1066 4811 nobis
1112 4752 1272 4807 tacite
1315 4746 1753 4808 conferentibus,
1803 4740 1932 4795 illud
1981 4738 2145 4791 etiam

564 4872 687 4912 cum
717 4854 905 4910 eodem
930 4848 1208 4920 Apostolo,
1237 4845 1474 4900 clamoso
1496 4841 1730 4912 quodam
1756 4836 1990 4900 silentio,
2020 4850 2150 4888 con-

563 4944 792 5003 scientia
816 4923 1215 5014 reSpondebat‘:
1251 4958 1267 4988 ι
1309 4936 1366 4992 Si
1400 4936 1542 5005 quis,
1573 4934 1816 5001 inquam,
1862 4928 1980 4980 vult
2018 4938 2151 4980 con-

566 5037 829 5091 tentiosus
851 5048 991 5097 esse,
1040 5044 1142 5085 nos
1187 5025 1493 5097 hujusmodi
1540 5019 1988 5078 consuetudinem
2039 5029 2149 5070 non

562 5129 831 5184 habemus
858 5126 910 5195 (1
934 5125 1056 5179 Cor.
1089 5123 1184 5194 χι).
1224 5142 1243 5175 ι
1285 5120 1424 5187 Quid
1453 5116 1650 5187 plura?
1679 5112 1919 5167 Tandem
1946 5124 2067 5164 cum
2097 5108 2149 5161 in

570 5232 722 5277 arcto
780 5219 941 5289 positi
989 5216 1365 5286 multiplicium
1414 5209 1779 5280 objectionum
1824 5204 2154 5259 vallaremur

570 5312 860 5383 angustiis,
887 5310 977 5365 ubi
1003 5305 1361 5363 ratiocinandi
1384 5303 1536 5371 copia
1567 5308 1854 5370 suppetere
1880 5297 2059 5360 desiit,
2085 5295 2153 5349 ad

572 5412 884 5475 sanctorum
917 5418 1039 5457 mox
1059 5397 1307 5471 exempla
1332 5394 1670 5464 confugimus
1689 5434 1703 5456 ,
1744 5401 1795 5445 ut
1825 5392 1930 5445 illis
1960 5389 2152 5445 saltem

573 5492 710 5563 fides
747 5493 1012 5550 habeatur
1067 5504 1296 5560 quorum
1334 5489 1629 5544 auctoritas
1674 5486 1739 5539 ad
1780 5483 2152 5554 probationem

573 5584 946 5655 cujuscunque
975 5582 1174 5652 negotii
1203 5580 1585 5634 incunctanter
1610 5576 1940 5631 admittitur.
1987 5572 2154 5627 Cum-

572 5693 682 5749 que
710 5690 874 5747 super
917 5674 1149 5744 quedam
1192 5669 1601 5740 disceptationis
1654 5666 1882 5723 articulo
1935 5674 2158 5721 sanctus

578 5766 912 5823 ltomualdus
934 5765 987 5818 in
1016 5762 1381 5820 testimonium
1414 5761 1720 5827 duceretur,
1745 5766 1943 5829 prtesto
1966 5756 2161 5828 quaesi-

2241 3277 2503 3349 simplicis
2527 3278 2714 3340 animi,
2747 3276 3128 3346 sponsionibus
3158 3279 3270 3333 suis
3301 3287 3499 3333 cuncta
3527 3279 3704 3346 digna:
3733 3290 3825 3329 sa-

2242 3370 2564 3425 tisfactiouis
2612 3377 2667 3424 et
2715 3368 3034 3423 humilitatis
3077 3368 3200 3437 jura
3248 3368 3613 3431 transcendit,
3659 3365 3826 3437 790

2239 3472 2296 3516 et
2323 3478 2419 3543 nos
2441 3461 2705 3531 sequestri
2732 3458 2954 3515 hederis
2981 3460 3121 3515 inter
3172 3476 3231 3515 se
3276 3470 3331 3514 et
3381 3470 3432 3514 te
3475 3468 3829 3514 exsecutores

2244 3554 2496 3609 instituit.
2523 3554 2721 3609 Verum
2747 3568 2847 3607 nos
2870 3553 2996 3606 dum
3029 3553 3220 3608 alienis
3242 3553 3500 3607 amicitiis
3522 3549 3827 3606 inconsulte

2242 3645 2609 3708 consulimus,
2642 3643 2695 3697 in
2753 3642 3097 3713 implacabile
3148 3643 3331 3697 odium
3378 3642 3583 3712 preprii
3629 3640 3829 3710 capitis

2243 3734 2481 3791 devoluti
2511 3748 2698 3789 sumus
2724 3747 2739 3786 :
2771 3734 2902 3802 quin
2938 3734 3118 3801 potius
3145 3734 3197 3787 in
3227 3733 3553 3788 oblatrantis
3580 3731 3828 3802 Charyb-

2244 3828 2327 3883 dis
2353 3826 2495 3880 latus
2517 3825 2830 3889 incidimus,
2858 3826 2951 3893 qui
2981 3840 3081 3880 nos
3124 3825 3365 3895 Scyllam
3400 3823 3675 3894 voraginis
3694 3838 3830 3876 nau-

2242 3917 2474 3988 fragium
2504 3917 2743 3970 evasissc
2770 3916 3128 3969 credebamus
3163 3932 3178 3968 :
3210 3916 3409 3971 dehinc
3432 3916 3621 3984 paucis
3672 3913 3828 3984 quasi

2245 3996 2550 4065 rationibus
2584 4007 3028 4063 irrationabiliter
3053 4007 3299 4072 redditis,
3355 4019 3410 4061 et
3433 4005 3752 4076 cumjurgio
3773 4017 3830 4059 et

2248 4105 2443 4158 timore
2467 4104 2811 4172 impatienter
2836 4101 3040 4164 effusis,
3073 4101 3138 4154 ad
3172 4101 3378 4156 trabale
3406 4101 3613 4156 scilicet
3644 4101 3830 4156 odium

2247 4213 2353 4254 non
2378 4197 2746 4263 evellendum,
2785 4196 2878 4251 sed
2916 4196 3129 4250 enixius
3172 4193 3559 4257 radicandum;
3612 4191 3831 4245 tandem

2247 4305 2346 4359 per
2385 4289 2719 4344 semieinctia
2756 4289 3015 4358 correpti,
3046 4286 3315 4341 violenter
3363 4282 3745 4345 excludimur,
3777 4288 3838 4338 et

2248 4398 2358 4453 pra:
2379 4381 2649 4435 damnatis
2680 4379 2886 4433 foribus
2910 4378 3178 4432 familiare
3223 4375 3552 4445 colloquium
3601 4372 3839 4427 ulterius

2253 4488 2357 4527 non
2388 4485 2681 4527 meremur.
2719 4469 2886 4540 Digna
2919 4468 3175 4522 nimirum
3217 4466 3424 4521 ultione
3471 4464 3719 4526 multati,
3775 4470 3840 4517 ut

2254 4564 2346 4632 qui
2379 4562 2431 4615 in
2458 4560 2904 4615 commendantur:
2939 4559 3227 4613 eharitatis
3263 4558 3472 4612 crimen
3509 4555 3838 4610 incidimus.

2256 4661 2312 4707 et
2331 4651 2474 4723 quod
2502 4652 2555 4706 in
2579 4651 2878 4705 homicidas
2908 4650 3101 4702 durum
3128 4657 3229 4714 est,
3254 4656 3517 4717 perpetuo
3541 4644 3688 4715 digni
3712 4644 3841 4698 odio

2257 4757 2626 4799 censerentur.
2660 4741 3046 4797 Verumtamen
3071 4754 3138 4793 ne
3173 4739 3239 4792 de
3281 4738 3366 4793 his
3412 4735 3605 4791 leviter
3660 4735 3844 4789 ridere

2256 4837 2558 4898 videamur,
2591 4848 2711 4904 quae
2739 4833 2843 4902 piis
2873 4830 3145 4886 mentibus
3172 4831 3414 4884 fraterna
3438 4838 3565 4883 sunt
3592 4841 3843 4895 compas-

2256 4928 2411 4981 sione
2462 4924 2719 4993 legenda,
2795 4923 3095 4978 inhonesta:
3145 4920 3486 4977 confusionis
3550 4919 3842 4975 historiam

2256 5020 2536 5087 hucusque
2567 5016 2909 5072 contexuisse
2938 5015 3191 5071 subiciat.
3340 5010 3341 5013 “

2877 5127 3107 5183 CAPUT
3138 5127 3226 5182 Ill.

2259 5223 2413 5290 Quod
2440 5222 2706 5278 monac/tit
2733 5219 2788 5275 in
2817 5220 2942 5274 urbe
2969 5218 3295 5343 ztorantibns
3322 5216 3643 5287 arrogantia?
3668 5224 3850 5269 tnmcr

2938 5307 2968 5343 ο
3008 5300 3168 5343 renat.

2938 5300 3168 5359 obrepat.

2328 5384 2481 5441 Nunc
2507 5383 2757 5441 undetibi
2783 5381 2940 5451 hujus
2961 5384 3115 5454 origo
3137 5382 3397 5438 morbida:
3431 5380 3570 5435 tabis
3583 5380 3848 5454 obrepse-

2256 5479 2359 5544 rit,
2385 5475 2760 5531 tantummodo
2788 5446 2915 5529 tevsi
2949 5474 3019 5528 sit
3046 5446 3304 5544 possibile
3330 5471 3518 5526 audi-rc
3549 5446 3846 5540 patienter,

2257 5583 2359 5640 ego
2387 5583 2494 5623 non
2526 5559 2796 5637 gravabor
2822 5577 3114 5633 exponere.
3164 5561 3317 5617 Nulla
3367 5559 3634 5631 siquidem
3676 5556 3847 5612 disci-

2258 5636 2407 5733 plina
2427 5700 2443 5726 ,
2476 5668 2537 5715 ut
2557 5658 2781 5723 dicitur,
2812 5657 3129 5713 monasticae
3170 5653 3532 5712 institutionis
3585 5636 3850 5713 attritus.

2262 5753 2363 5808 sub
2391 5751 2535 5807 nulla
2556 5749 2822 5820 majorum
2854 5749 3096 5807 custodia
3128 5748 3456 5813 maceratus,
3486 5745 3541 5801 in
3573 5745 3692 5814 ipso
3718 5758 3854 5799 con-
