4138 6320
351 346 454 406 753

1366 345 1610 402 opusc.
1651 344 1736 411 ιι.
1767 373 1836 384 -
1867 342 1956 398 nr:
1997 313 2152 400 viri
2193 343 2584 402 numnum.

3502 345 3608 401 784

349 461 616 516 versionis
649 474 800 513 novae
831 457 1078 514 tirouiclo
1127 459 1301 514 adhuc
1341 462 1509 514 diirus
1580 472 1636 514 et
1688 459 1891 530 rigidus
1912 498 1926 522 ,
1959 466 2008 522 Α
2034 457 2202 512 lustra
2228 473 2335 513 non
2370 458 2594 528 prodiit,
2626 459 2719 514 sed
2753 472 2927 528 neque
2955 457 3176 530 capillos
3207 459 3470 530 totondlt,
3513 476 3615 518 ne-

353 549 516 618 linjus
544 548 806 618 propositi
843 550 946 602 iter
973 548 1264 619 arripiens,
1307 558 1431 602 ante
1480 548 1691 619 coepisti
1741 547 1935 603 docere

351 657 514 710 quam
545 641 781 704 discere,
838 639 989 707 prius
1020 641 1336 708 depromere
1379 656 1540 709 quam
1575 639 1748 708 legunt
1783 653 1935 692 man-

349 735 476 788 data
513 747 757 786 servare.
816 730 933 785 Huc
973 733 1180 786 accedit
1212 732 1354 802 quod
1402 732 1736 786 eremitieam
1769 730 1932 806 vitam

347 823 533 879 nonin
573 836 758 876 ereum
786 860 799 884 ,
839 821 931 874 sed
964 821 1104 874 intra
1137 821 1409 889 populosa!
1432 821 1580 874 urbis
1611 822 1807 876 tnmnia
1836 821 1933 890 du¢

347 928 472 966 cere
502 909 789 966 decrevisti
816 926 827 969 ;
856 909 943 963 ubi
978 909 1231 962 nimirum
1255 910 1512 980 quidquid
1539 925 1566 962 a
1593 919 1698 962 tam
1725 910 1932 978 magni-7

349 1001 438 1056 fici
471 1000 708 1055 nominis
733 999 1306 1067 auctoreprarcipitur,
1341 1000 1417 1052 sic
1459 999 1776 1068 arripiatur,
1811 1008 1930 1053 tan-

347 1110 508 1162 quam
523 1094 564 1146 si
582 1110 608 1145 a
623 1092 876 1162 sibyliiuo
891 1091 1034 1143 aditu
1055 1091 1290 1145 vaticinii
1312 1091 1587 1143 oraculum
1605 1099 1927 1159 reportetur.

347 1184 419 1239 Se
442 1186 477 1248 l,
505 1198 709 1252 quaeso.
743 1181 785 1236 si
817 1182 1114 1234 monachus
1139 1194 1216 1241 es,
1241 1181 1370 1248 quid
1399 1181 1493 1234 til;i
1526 1195 1648 1234 cum
1675 1180 1931 1234 urbibus?

349 1273 406 1326 Si
435 1273 686 1334 eremita,
715 1270 842 1340 quid
885 1271 977 1323 tibi
1003 1286 1124 1324 cum
1146 1270 1342 1323 civium
1369 1269 1596 1324 cuneis?
1622 1270 1757 1334 Quid
1784 1269 1928 1322 enim

347 1364 518 1425 cellae,
546 1362 627 1417 vel
660 1362 773 1415 fora
800 1363 1117 1431 strepentia,
1147 1361 1232 1416 vel
1261 1364 1452 1415 turrita
1481 1361 1770 1416 conferunt
1808 1377 1930 1431 pro-

345 1453 874 1524 pugnacula?Enim
909 1469 1035 1506 vero
1081 1454 1205 1522 qui,
1260 1463 1515 1522 tanquam
1554 1454 1930 1509 deﬁcientibus

347 1547 517 1610 silvis,
543 1545 887 1599 solitudinem
922 1545 974 1598 in
999 1546 1225 1599 urbibus
1269 1554 1541 1613 (ιιιιῐιτυιιι,
1600 1546 1729 1615 quid
1785 1545 1928 1600 aliud

346 1636 675 1690 credendum
721 1646 827 1699 est,
878 1634 979 1688 nisi
1029 1635 1171 1704 quod
1222 1635 1478 1689 solitaria:
1506 1635 1628 1690 vita:
1665 1651 1772 1690 non
1805 1651 1929 1704 per-

347 1727 658 1791 fectionem,
697 1725 788 1779 sed
816 1725 1054 1780 favorem
1094 1725 1272 1795 potius
1297 1734 1350 1780 et
1379 1725 1604 1795 gloriam
1636 1740 1930 1794 aucupan-

2034 563 2139 616 que
2162 549 2389 602 barbam
2427 548 2583 602 rasit.
2616 547 2727 603 lloc
2760 549 3023 618 siquidem
3067 558 3120 605 et
3160 550 3261 619 ipsi
3287 551 3467 624 crines
3487 551 3611 611 .evi-

2032 637 2223 692 denter
2263 646 2532 700 asserunt.
2579 640 2669 706 qui
2699 637 2923 706 jamjam
2968 639 3106 694 forte
3148 640 3470 710 prolixiores
3517 639 3609 698 illo

2035 727 2304 781 talotenus
2352 727 2543 781 fluunt.
2591 726 2906 796 Quanquam
2952 744 3049 784 nos
3098 729 3201 785 hoc
3253 729 3609 802 districtionis

2033 833 2201 888 genus
2228 819 2447 872 minime
2477 818 2788 887 probemus.
2830 818 2996 888 llujus
3035 821 3213 889 itaque
3239 821 3498 877 continuo
3528 831 3611 876 te-

2033 927 2164 966 nore
2194 909 2315 965 talis
2341 919 2423 966 est
2452 911 2583 975 vita,
2607 921 2667 965 ut
2694 912 2866 966 tribus
2887 927 2980 980 per
3004 913 3394 968 hebdomadam
3417 914 3611 970 diebus

2031 999 2106 1056 nil
2132 999 2347 1068 penitus
2377 999 2646 1065 comedat,
2671 1001 2842 1074 tribus
2867 1011 3046 1055 autem
3075 1002 3366 1070 quamdam
3395 1016 3610 1057 mensu-

1997 1147 2006 1155 ,
2036 1106 2149 1146 ram
2177 1092 2330 1159 panis
2361 1107 2482 1145 cum
2508 1107 2646 1161 aqua
2677 1093 2970 1163 percipiat;
3007 1091 3300 1148 Dominicis
3333 1102 3515 1152 autem
3552 1101 3611 1150 et

2032 1183 2321 1252 prmcipuis
2352 1181 2507 1237 festis
2529 1199 2635 1237 non
2664 1183 2881 1252 quidem
2908 1183 3266 1253 pulmentum,
3294 1183 3407 1239 sive
3432 1184 3606 1257 liqua-

2034 1286 2154 1326 men
2179 1271 2412 1340 aliquod,
2441 1272 2535 1326 sed
2557 1275 2845 1342 quamdam
2873 1273 2973 1328 sibi
3005 1271 3264 1328 frixuram
3293 1275 3449 1344 quasi
3477 1275 3623 1344 educi

2031 1359 2162 1414 lium
2191 1370 2480 1431 prteparat.
2505 1363 2674 1429 Quam
2707 1379 2838 1418 sane
2859 1365 3074 1429 vidisse,
3105 1374 3159 1420 et
3196 1381 3302 1420 non
3335 1351 3623 1438 tetigisse,’

2033 1453 2419 1524 propemodum
2450 1453 2799 1508 refectionem
2824 1455 3100 1521 ducimus;
3129 1463 3380 1525 gustasse
3401 1463 3608 1526 autem,

2031 1542 2115 1596 vel
2144 1544 2308 1596 etiam
2338 1541 2613 1608 olfecisse,
2647 1553 2853 1613 partem
2895 1545 3227 1614 poenitentice
3263 1535 3606 1616 deputamus.

2030 1631 2202 1688 Porro
2231 1642 2412 1688 autem
2443 1634 2550 1688 duo
2584 1635 2637 1688 in
2669 1634 2786 1703 ejus
2819 1633 3012 1690 cellula
3055 1615 3346 1707 serpentes,
3365 1615 3484 1712 jam:
3509 1653 3608 1707 per

2030 1723 2211 1793 plures
2235 1739 2426 1789 annos,
2461 1734 2518 1778 ut
2550 1726 2743 1790 fertur,
2775 1724 3116 1780 familiariter
3152 1727 3476 1796 spatiantur.
3504 1728 3608 1796 Qui

350 1815 472 1869 tur?
517 1816 630 1870 lllic
661 1816 842 1884 igitur,
870 1825 1086 1884 captato
1117 1817 1260 1885 vulgi
1293 1816 1497 1889 favore,
1544 1817 1889 1871 circumfluus
1911 1855 1924 1878 ,
1961 1809 2004 1868 Β
2035 1814 2217 1878 etiam,
2249 1823 2301 1867 ut
2329 1814 2442 1884 ipse
2478 1813 2696 1880 fatetur,
2729 1815 2852 1869 dum
2875 1815 2962 1869 ille
2991 1814 3104 1871 solo
3133 1826 3434 1885 prostratus
3481 1816 3605 1872 lita-

347 1904 474 1974 quid
499 1904 595 1959 tibi
630 1921 782 1959 meus
818 1905 900 1960 vel
942 1907 1230 1975 improvisa
1263 1905 1572 1970 dictaverit,
1597 1906 1818 1974 proprio
1844 1903 1930 1972 ju-

344 1993 489 2049 dicio
514 1995 596 2050 lex
622 1997 880 2060 habetur;
913 1997 1172 2066 quidquid
1201 2013 1440 2066 princeps
1469 1998 1646 2065 lingua
1674 2000 1930 2052 decurre-

347 2087 441 2150 rit,
465 2091 729 2142 sententia
759 2089 1068 2160 deputatur.
1105 2089 1214 2144 Nec
1251 2103 1302 2144 te
1341 2090 1552 2144 metiris
1579 2089 1735 2159 juxta
1779 2091 1932 2144 testi-

347 2182 587 2236 monium
615 2183 846 2251 propria:
871 2183 1239 2248 conscientiw,
1271 2183 1364 2236 sed
1399 2183 1695 2236 secundum
1721 2181 1931 2250 opinio-

346 2290 470 2329 nem
504 2274 681 2344 potius
719 2274 1094 2328 assentatricis
1124 2276 1326 2338 turb;e,
1368 2273 1508 2342 apud
1551 2289 1713 2341 quam
1745 2272 1932 2327 videli-

347 2372 434 2437 cet
455 2365 658 2418 venalis
686 2365 856 2432 pallor
889 2365 941 2418 in
972 2365 1142 2428 vultu,
1168 2374 1223 2418 et
1252 2364 1492 2418 auditum
1527 2377 1719 2416 nomen
1740 2361 1929 2432 jejunii

348 2462 621 2522 stuporem
659 2457 928 2509 mentibus
958 2455 1174 2525 ingerit.
1215 2455 1404 2508 Vinum
1441 2469 1674 2524 namque
1715 2455 1768 2507 in
1799 2454 1932 2508 urbe

348 2543 580 2608 nescire,
610 2544 913 2615 prodigium
943 2557 1053 2609 Cal;
1093 2547 1146 2599 in
1176 2561 1358 2599 eremo
1381 2545 1589 2605 bibere.
1619 2546 1750 2600 satis
1781 2545 1933 2613 igno-

347 2636 474 2689 bile.
532 2636 719 2690 Oleum
780 2636 831 2689 iu
881 2651 1065 2690 eremo
1104 2653 1310 2706 magnae
1348 2635 1582 2700 delieim;
1637 2636 1688 2688 in
1738 2633 1932 2703 p0pulo

348 2726 672 2795 alitem,‘qui
717 2727 905 2779 saltent
936 2727 1123 2780 arvina
1159 2711 1262 2779 non
1292 2725 1551 2790 vescitur,
1593 2723 1932 2779 abstinentia:

344 2815 529 2896 palma
551 2817 804 2869 donatur.
837 2816 1086 2871 Cilicium
1110 2817 1163 2870 in
1192 2831 1376 2870 eremo
1405 2816 1785 2870 vestimentum
1812 2855 1827 2879 ,
1877 2814 1930 2872 iu

344 2908 482 2982 urbe
511 2908 896 2976 spectaculum.
914 2909 1176 2963 (lruribus
1200 2908 1530 2978 pedibusque
1552 2908 1766 2961 nudatis
1785 2907 1932 2961 ince-

345 2999 474 3052 dere
511 2998 564 3052 in
586 3015 766 3054 eremo
793 2999 1010 3068 quidem
1041 2999 1222 3070 regula
1243 3041 1256 3064 ,
1286 2999 1337 3052 in
1364 2999 1480 3052 foro
1503 3009 1684 3053 autem
1712 2998 1931 3054 afﬂictio

345 3091 588 3145 Cernitur
616 3090 928 3144 indiscreta.
963 3089 1016 3143 ln
1049 3105 1232 3146 eremo
1281 3098 1509 3143 stratum
1543 3087 1700 3143 molle
1734 3086 1930 3156 juncus

344 3193 450 3247 est,
503 3183 582 3237 vel
632 3199 888 3253 papyrus,
935 3183 1076 3236 inter
1127 3183 1274 3237 cives
1313 3181 1657 3250 applauditur
1706 3191 1932 3235 centone

343 3282 652 3342 contentus.
672 3273 824 3338 Quod
851 3272 994 3326 enim
1030 3271 1139 3326 illic
1170 3272 1512 3326 conversatio
1538 3286 1662 3324 rara
1689 3270 1933 3325 mirabile

342 3363 544 3432 reddit,
578 3363 664 3416 hic
696 3363 926 3418 societas
951 3362 1110 3433 791
1138 3361 1376 3416 fraterna
1404 3377 1711 3416 commune.
1733 3361 1810 3415 Ac
1837 3376 1933 3430 per

346 3453 446 3507 hoc
475 3453 616 3522 quod
641 3451 746 3506 illic
775 3452 1044 3521 przeconio
1071 3451 1242 3505 laudis
1272 3449 1559 3515 attollitur,
1594 3451 1680 3504 hic
1706 3464 1932 3521 genera-

346 3541 472 3598 liter
501 3542 728 3597 inditum
757 3541 984 3612 gloriam
1018 3557 1122 3596 non
1156 3550 1417 3596 meretur.
1841 3525 1843 3528 1

964 3635 1194 3691 CAPUT
1236 3635 1322 3689 IV.

593 3725 666 3778 De
703 3725 1015 3780 abstinentia
1055 3726 1405 3796 quorumdam
1447 3727 1694 3795 fratrum.

422 3817 555 3882 Sed,
586 3835 618 3873 ο
647 3821 850 3874 utinam
880 3807 1118 3889 prmsens
1146 3819 1387 3884 adesses,
1413 3819 1610 3888 etquid
1641 3820 1694 3872 in
1733 3818 1816 3872 his
1845 3818 1936 3872 sil-

338 3911 434 3982 ,vis
454 3912 520 3965 ab
545 3913 742 3983 ignotis
764 3921 924 3981 atque
948 3912 1216 3982 despectis
1235 3910 1932 3982 agatur,orulojudieante,

347 4003 739 4074 perpendercs!
769 4004 972 4058 Tamen
1006 4013 1064 4058 ut
1091 4019 1169 4068 se,
1209 4003 1254 4058 si
1286 4002 1536 4056 fortassis
1579 4002 1720 4055 inest
1758 4011 1936 4056 tumor

343 4079 694 4166 arrogantiae,
748 4095 1040 4165 deprimat,
1094 4095 1176 4149 vel
1229 4094 1468 4149 breviter
1517 4090 1720 4162 aliquid
1776 4101 1828 4146 te
1871 4092 1938 4148 de

349 4183 564 4239 illorum
596 4186 1104 4240 eonvcrsationibus
1125 4185 1342 4239 erudire
1377 4199 1481 4237 non
1516 4181 1716 4252 pigeat.
1761 4179 1933 4247 Nam,

339 4285 410 4334 .ut
451 4277 702 4333 omittam
756 4281 820 4334 de
871 4280 1125 4334 continua
1173 4277 1520 4348 frugalitate,
1598 4285 1653 4329 et
1712 4273 1937 4344 penuria

350 4371 604 4438 vestium,
632 4374 697 4424 de
740 4371 916 4438 rigore
960 4371 1184 4436 silentii,
1221 4370 1288 4424 de
1329 4369 1442 4439 jugi
1477 4365 1731 4422 instantia
1764 4380 1940 4418 remo-

353 4461 537 4524 tiouis,
595 4462 833 4515 nonnulli
885 4463 1027 4532 apud
1076 4477 1176 4516 nos
1221 4469 1349 4515 sunt
1389 4459 1506 4529 qui,
1561 4458 1706 4513 inter
1741 4466 1938 4511 ezctera

351 4555 1028 4626 districtionisimpendia,
1070 4565 1216 4609 tanta
1265 4569 1492 4608 censura
1539 4567 1570 4604 a
1605 4550 1713 4604 vini
1757 4564 1943 4620 peree-

353 4646 537 4717 ptioue
561 4662 618 4702 se
645 4645 922 4709 cohibent,
946 4657 1001 4699 ut
1026 4646 1139 4714 jam
1162 4661 1298 4716 pene
1317 4659 1411 4713 per
1434 4641 1778 4705 decennium,
1795 4657 1860 4695 ne
1886 4641 1940 4694 in

352 4738 695 4808 paschalibus
756 4739 973 4808 quidem
1033 4739 1228 4795 festis.
1287 4736 1353 4790 de
1415 4734 1674 4804 prmdicto
1735 4733 1942 4800 liquore

352 4830 724 4900 gustaveriut;
757 4847 984 4899 quorum
1013 4829 1262 4884 videlicet
1297 4827 1386 4881 alii
1417 4834 1542 4880 sunt
1565 4825 1792 4895 juvenili
1841 4825 1939 4879 ad-

355 4924 461 4978 huc
485 4921 618 4978 flore
646 4936 956 4985 vernantes,
988 4921 1077 4974 alii
1098 4922 1211 4991 jam
1243 4920 1309 4972 ad
1340 4919 1661 4972 veneranda:
1689 4923 1940 4970 senectu-

356 5016 426 5069 tis
449 5016 742 5070 maturiora
773 5026 1081 5086 vergentes,
1115 5012 1205 5068 alii
1231 5014 1397 5066 ctiam
1435 5011 1552 5064 uvis
1596 5017 1652 5063 ct
1699 5016 1852 5063 aceto
1881 5022 1939 5062 se

357 5103 706 5160 nihilominus
746 5107 990 5175 privant;
1034 5103 1278 5174 plerique
1309 5109 1487 5156 autem
1518 5100 1742 5172 saginis,
1786 5098 1936 5165 ovis,

351 5201 410 5254 et
431 5210 593 5253 caseo
630 5207 888 5264 tanquam
919 5197 1172 5251 carnibus
1203 5193 1503 5249 abstinent.

981 5283 1209 5338 CAPUT
1253 5282 1315 5336 γ.

839 5376 917 5431 De
956 5375 1190 5430 Martiae
1230 5372 1460 5428 Storaci.

430 5466 730 5536 Quem-dam
761 5469 1024 5525 habemus
1064 5468 1118 5521 in
1149 5465 1342 5522 cellula
1377 5464 1639 5519 rusticum
1678 5463 1898 5518 idiotam
1924 5503 1943 5531 ,

359 5562 448 5616 vis
480 5563 871 5630 quinquaginta
910 5559 1146 5630 psalmos
1193 5567 1468 5625 utcunque
1511 5553 1897 5608 balbutientem
1927 5595 1941 5618 ,

359 5653 579 5708 eosdem
609 5662 784 5708 tzunen
810 5668 907 5722 per
944 5651 1060 5705 dies
1105 5647 1344 5718 singulos
1367 5688 1384 5712 ,
1429 5644 1693 5714 subjectis
1730 5659 1944 5714 semper

345 5743 591 5805 .litaniis.
622 5744 820 5799 senties
857 5744 1164 5797 iterantem.
1195 5740 1294 5809 Qui
1321 5737 1432 5808 jam
1481 5751 1577 5808 per
1627 5735 1730 5792 tria
1775 5733 1944 5798 ferme

2031 1905 2243 1958 uiarum
2294 1905 2432 1960 votis
2494 1906 2714 1970 insistit,
2767 1907 2912 1961 circa
2961 1917 3121 1976 caput
3156 1905 3270 1975 ejus
3307 1908 3446 1972 hinc
3477 1907 3610 1966 inde

2030 1995 2226 2050 blanda
2259 1997 2417 2051 mites
2448 1997 2707 2052 allusionc
2730 1999 3071 2065 discurrunt;
3117 2007 3170 2053 et
3199 1999 3363 2054 virosi
3393 2015 3609 2056 morsus

2031 2087 2202 2151 obliti,
2236 2096 2492 2156 tanquam
2523 2088 2896 2156 patrifamilias
2931 2089 3143 2152 domus,
3181 2087 3487 2144 clientelam
3511 2089 3609 2144 de-

2031 2186 2171 2232 votae
2193 2178 2496 2233 sedulitatis
2521 2179 2851 2249 impendunt.
2871 2180 3031 2245 Ecce,
3056 2190 3109 2235 et
3127 2192 3402 2236 venenatae
3426 2181 3613 2238 bestiae

2032 2267 2173 2322 inter
2215 2281 2276 2321 se
2327 2267 2380 2322 in
2425 2269 2729 2323 exhibendo
2761 2255 3040 2324 monachis
3085 2270 3346 2339 obsequio
3388 2285 3616 2326 concor—

2033 2358 2182 2424 dant,
2209 2375 2330 2413 cum
2357 2359 2606 2414 videlicet
2637 2361 2738 2428 ipsi
2763 2362 3013 2415 monachi
3043 2363 3285 2431 viperina
3319 2361 3545 2416 invicem
3576 2377 3608 2416 a

2031 2466 2110 2516 se,
2139 2451 2276 2520 proh
2315 2451 2498 2506 dolor!
2535 2451 2868 2507 immanitate
2909 2439 3172 2508 resiliunt.
3211 2453 3404 2509 Mirum
3427 2455 3611 2524 ,quod

2033 2529 2242 2598 tantum
2270 2543 2495 2599 fetorem
2519 2559 2583 2597 eo
2615 2545 2736 2611 loci,
2774 2562 3042 2615 nunquam
3071 2547 3347 2616 querulus,
3378 2547 3570 2618 tolerat
3595 2563 3610 2601 :

2035 2637 2249 2699 mirum,
2282 2637 2423 2705 quod
2454 2637 2772 2693 lutulentum
2797 2639 2862 2694 ad
2886 2639 3175 2694 bibendum
3198 2655 3390 2710 aquam
3413 2653 3510 2710 per
3534 2647 3615 2694 tot

2033 2727 2148 2780 dics
2181 2725 2231 2778 in
2262 2725 2402 2779 dolio
2435 2725 2577 2780 velut
2599 2727 2867 2795 sentinam
2897 2737 3098 2791 servat,
3133 2730 3421 2786 mutatoria
3457 2746 3611 2786 num-

2031 2831 2194 2894 quam
2223 2816 2389 2880 lavat,
2436 2825 2612 2871 vestes
2645 2833 2922 2888 nunquam
2956 2826 3164 2883 mutat,
3209 2819 3314 2874 nisi
3355 2818 3611 2875 euchari-

2034 2908 2190 2962 Stiam
2230 2915 2583 2976 percepturus
2616 2925 2628 2960 :
2668 2922 2803 2975 quas
2837 2917 3012 2962 tamen
3038 2923 3164 2963 mox
3187 2909 3354 2972 exuit,
3383 2917 3438 2964 et
3466 2910 3532 2965 ad
3562 2910 3614 2965 id

2034 3015 2228 3054 munus
2259 3010 2480 3070 propter
2500 3001 2839 3056 munditiam
2890 3001 2943 3056 in
3001 3001 3161 3072 792
3213 3009 3327 3057 tuto
3377 3005 3610 3072 reponit.

2035 3091 2148 3146 Nisi
2198 3101 2320 3162 post
2373 3093 2504 3148 solis
2543 3108 2798 3148 occasura
2842 3108 3121 3162 nunquam
3161 3093 3358 3162 accipit
3394 3094 3610 3158 cibum,

1961 3161 2004 3223 δ
2036 3191 2250 3236 servata
2283 3191 2460 3236 tamen
2485 3182 2674 3237 diebus
2706 3182 2999 3236 Dominicis
3037 3183 3372 3247 reverentia,
3415 3181 3466 3235 in
3499 3183 3616 3252 qui-

2035 3273 2135 3327 bus
2164 3271 2416 3326 videlicet
2451 3271 2596 3327 circa
2635 3281 2841 3326 sextam
2874 3273 3086 3335 horam,
3110 3287 3272 3326 unam
3294 3287 3361 3327 ex
3387 3272 3472 3328 his
3494 3285 3614 3343 qua

2036 3380 2134 3433 pro
2161 3365 2518 3422 sacramentis
2576 3365 2740 3432 fiunt,
2789 3364 3210 3420 oblatiunculam
3249 3365 3505 3435 percipit,
3561 3372 3618 3419 et

2035 3457 2115 3511 sic
2147 3465 2364 3526 propter
2395 3457 2635 3529 regulam
2659 3456 2921 3528 jejunium
2953 3457 3132 3512 solvit.
3165 3456 3464 3529 (8.85am).
3485 3453 3614 3527 Reg.

2035 3564 2084 3603 e.
2118 3549 2186 3603 38
2235 3558 2288 3602 et
2330 3547 2445 3618 41.)
2499 3547 2639 3616 Quid
2687 3557 2866 3603 autem
2917 3548 2985 3604 de
3040 3548 3330 3619 inopinatis
3366 3546 3484 3617 ejus
3535 3547 3617 3602 vi-

2028 3639 2180 3711 giliis
2209 3639 2482 3695 dixerim?
2511 3640 2946 3710 quandoquidem
2991 3639 3123 3692 mihi
3179 3639 3291 3710 ipse
3333 3639 3612 3704 retulerit;

2038 3731 2123 3785 die
2152 3730 2396 3800 quidem,
2425 3731 2698 3800 inquiens,
2728 3729 2872 3785 nullo
2904 3738 3144 3799 tempore
3176 3730 3411 3801 quietem
3443 3745 3616 3785 mem-

2027 3807 2150 3875 bris
2176 3820 2460 3892 indulgeo;
2488 3836 2713 3890 vespere
2738 3830 2917 3875 autem
2943 3821 3178 3892 psallens
3199 3830 3252 3876 et
3274 3836 3462 3886 orans,
3491 3829 3618 3878 tune

2039 3915 2256 3969 demum
2298 3914 2480 3983 sopori
2522 3915 2730 3970 viscera
2767 3914 2985 3984 fatigata
3030 3913 3287 3979 concedo,
3340 3928 3459 3968 cum
3502 3910 3617 3981 jam

2025 4005 2150 4076 jam
2174 4015 2455 4060 nocturna:
2481 4006 2704 4076 synaxis
2728 4005 3014 4059 articulum
3045 4004 3499 4074 propinquantem
3525 4014 3618 4059 co-

2024 4111 2263 4166 gnosco,
2293 4104 2564 4166 quatenus
2591 4111 2735 4160 mox,
2767 4105 2823 4148 ut
2847 4109 3045 4162 corpus
3081 4108 3243 4164 sopor
3285 4094 3499 4150 irruens
3537 4093 3620 4150 to;

2041 4187 2110 4241 tis
2141 4187 2344 4241 viribus
2378 4194 2630 4255 occupat,
2666 4192 2886 4254 repente
2916 4183 3085 4249 illum,
3109 4184 3266 4252 quasi
3290 4184 3622 4241 tintinnabu-

2041 4279 2149 4333 lum
2175 4279 2395 4344 feriens,
2421 4278 2489 4333 ab
2519 4277 2738 4332 audacis
2767 4275 3034 4329 violentia:
3061 4275 3337 4330 invasione
3364 4275 3615 4345 depellat.

2041 4372 2196 4442 διενρο
2243 4381 2461 4441 rogatus
2511 4379 2570 4424 ut
2597 4385 2695 4440 pro
2743 4365 3158 4442 necessitatibus
3194 4364 3580 4421 ecclesiasticis
3605 4399 3621 4432 .

2043 4463 2126 4518 vel
2177 4462 2490 4517 fmJeranda
2523 4477 2656 4530 pace
2691 4461 3071 4532 procederem,
3116 4473 3242 4514 cum
3283 4458 3416 4530 mihi
3459 4458 3623 4514 detrio

2045 4565 2284 4611 mentum
2313 4569 2436 4611 esse
2462 4568 2864 4625 pernoscerem,
2918 4551 3044 4607 licet
3099 4551 3219 4606 aliis
3267 4549 3583 4623 proveniret
3606 4589 3622 4616 ,

2044 4648 2188 4702 lnmc
2219 4647 2443 4702 fratrem
2472 4659 2536 4699 ea
2562 4645 2668 4698 fide
2706 4643 2948 4700 consului
2969 4682 2990 4709 ,
3033 4653 3093 4698 ut
3138 4641 3215 4696 illi
3244 4641 3422 4696 divina
3449 4640 3625 4712 gratia

2044 4740 2360 4810 dignaretur
2388 4735 2674 4793 infundere
2703 4735 2832 4806 quid
2853 4735 2983 4789 mihi
3005 4735 3320 4789 decerneret
3346 4730 3619 4802 expedire.

2029 4829 2298 4896 Protinus
2336 4837 2524 4884 sancta
2555 4826 2876 4897 simplicitas
2917 4825 2984 4880 ad
3020 4824 3071 4880 id
3106 4824 3248 4894 quod
3288 4821 3623 4894 propositum

2027 4931 2198 4986 .erat,
2254 4917 2654 4990 compendiosa:
2710 4915 3079 4986 responsionis
3132 4913 3430 4984 clausulam
3484 4909 3620 4966 fixit.

2025 5012 2204 5079 Quid,
2239 5011 2433 5082 inquit,
2465 5008 2702 5065 candela:
2739 5007 3002 5081 prodest,
3024 5004 3070 5061 si
3107 5004 3226 5060 aliis
3260 5003 3455 5076 luceat,
3492 4999 3622 5056 dum

2045 5120 2105 5160 se
2129 5102 2345 5158 interim
2371 5100 2509 5156 edax
2537 5096 3102 5170 ﬂammaiconsumat?
3138 5094 3253 5150 Hoc
3280 5105 3619 5163 responsum,

2047 5193 2236 5255 fateor,
2271 5191 2426 5260 ltetus
2455 5187 2692 5258 arripui,
2730 5195 2784 5241 et
2820 5195 3074 5256 tanquam
3114 5182 3371 5240 divinitus
3405 5181 3622 5244 datum,

2046 5281 2192 5352 salva
2243 5277 2615 5342 tantummodo
2664 5274 2928 5330 charitate
2983 5282 3039 5330 et
3072 5271 3627 5336 obedientiaservare

2047 5370 2282 5427 decrevi.

2662 5455 2890 5512 CAPUT
2933 5455 3014 5512 Vl.
3363 5509 3367 5514 .

2217 5551 2296 5608 De
2322 5534 2490 5606 Leone
2519 5547 2724 5622 Sinite,
2753 5557 2799 5602 et
2825 5546 2945 5601 aliis
2976 5545 3142 5602 tribus
3173 5545 3462 5602 monac/iis.

2119 5644 2226 5700 Sed
2258 5645 2384 5699 dum
2440 5642 2494 5696 in
2541 5623 2850 5723 unjus’viri
2905 5637 3196 5694 virtutibus
3249 5633 3629 5693 enumerandis

2022 5799 2028 5806 ,
2051 5734 2315 5807 prolixius
2337 5735 2620 5800 immorer,
2641 5732 2710 5812 ab
2731 5730 2852 5788 aliis
2875 5729 3353 5812 velsummotenus
3370 5723 3630 5822 perstrin-
