4138 6320
517 365 624 421 755

979 364 1035 420 8.
1075 315 1274 421 Ρεέτιιι
1307 362 1590 420 DAMlA-Nl
1625 363 1776 420 OPP.
1811 363 2046 422 TOMUS
2083 365 2212 424 SEU
2254 365 2434 424 PARS
2475 367 2644 422 lli.—
2680 365 3045 426 OPUSCULA
3086 367 3314 423 VARIA.

3661 367 3788 424 756

518 480 730 550 gaudio,
761 475 916 548 longa
947 492 1098 532 nuora
1125 477 1428 547 prodiente,
1458 475 1734 540 retardor;
1763 475 1976 530 veniam
1999 491 2093 531 au-
2121 483 2170 540 Α
2200 492 2304 534 non
2332 478 2599 550 sulujacuit
2618 518 2633 540 ,
2677 478 2771 534 sed
2800 489 2856 535 et
2909 490 3164 548 tanquam
3199 497 3362 536 carne
3409 491 3737 550 przetnortua
3769 526 3790 549 ,

521 578 630 624 tem
653 569 720 622 ad
748 568 1023 623 domintum
1053 582 1231 621 uneuun
1256 566 1526 629 Leonem,
1567 574 1624 620 et
1657 581 1786 620 vere
1819 565 2052 620 Leonem
2081 607 2097 632 ,

521 659 613 727 qui
640 659 918 726 antiquunm
951 658 1264 720 draconeun,
1291 665 1449 725 caput
1472 656 1697 717 scilicet,
1715 659 2101 726 auctoremque

524 746 765 811 malitiae,
797 746 1070 801 continuis
1095 746 1160 799 ad
1201 745 1400 800 belinun
1442 744 1941 799 concertationibus
1973 759 2101 814 pro-

520 1020 690 1078 sertis
712 1023 959 1078 cominus
987 1021 1175 1083 armis,
1210 1019 1467 1074 adversus
1500 1020 1651 1074 ilium
1695 1019 2103 1090 infatigabiiiter

524 1119 748 1179 pugnat.
783 1110 943 1173 Vere,
977 1109 1216 1177 ituquauuu,
1242 1108 1482 1178 Leo,qui
1505 1118 1560 1163 et
1587 1111 1846 1163 mundum
1881 1110 2102 1179 pervigil

524 1201 749 1263 dormit,
777 1209 833 1255 ct
861 1199 1056 1254 divinat:
1080 1199 1556 1269 contemplationis
1592 1199 1989 1268 quodauuumodo
2016 1214 2105 1254 so-

524 1301 748 1360 poratus
789 1291 1037 1346 intendit.
1081 1289 1220 1356 Quid
1266 1289 1405 1344 ultra
1445 1289 1512 1344 de
1541 1289 1644 1344 iuoc
1675 1289 1790 1346 viro
1818 1289 2104 1344 dicendum

520 1393 633 1447 εει,
659 1397 819 1452 quam
850 1383 998 1450 quod
1030 1361 1276 1437 videmus
1303 1382 1452 1436 ilhum
1497 1393 1553 1436 et
1586 1384 1787 1437 mundo
1833 1390 2103 1436 mortuum
2151 1413 2157 1422 -

521 1483 581 1532 et
598 1476 746 1532 cruci
770 1474 995 1529 Christo
1015 1475 1324 1529 confixum?
1351 1473 1450 1529 Hic
1473 1488 1666 1545 nenupe
1695 1473 1948 1544 perfectae
1969 1489 2108 1528 mor-

524 1564 840 1620 tilicationi‘s
869 1573 952 1620 est
993 1580 1181 1619 norma
1208 1605 1222 1627 ,
1265 1565 1356 1620 hic
1398 1565 1688 1635 singularis
1722 1567 1844 1620 vita:
1876 1564 2060 1635 regula
2089 1605 2105 1630 ,

525 1659 615 1712 hic
652 1657 720 1711 ad
760 1655 1110 1726 perfectionis
1147 1657 1357 1727 apicem
1399 1655 1784 1712 festinantibus
1830 1657 2108 1713 imitabilis

524 1749 830 1820 disciplina.
899 1749 1170 1819 Quidquid
1223 1749 1338 1806 fere
1401 1749 1792 1814 districtionis,
1846 1748 2109 1820 quidquid

2136 578 2172 638 λ
2204 566 2408 620 nullum
2467 568 2694 624 ulterius
2743 571 2796 623 iuu
2849 585 2908 623 se
2962 569 3200 624 libidinis
3255 572 3531 628 stinuulum
3584 577 3790 632 sensit.

2141 653 2160 718 ’ξ’
2205 655 2516 712 Sciscitanti
2575 668 2756 713 autent
2817 660 2944 713 unilui
3021 663 3142 730 quis
3189 661 3279 716 ille
3329 661 3493 718 iuuerit
3560 662 3790 731 frater,

2203 744 2347 800 Nihil
2402 761 2521 802 mea
2572 747 2834 802 iuuteresse
2887 750 3180 819 respondit.
3230 750 3416 822 Longe
3457 766 3587 808 vero
3615 764 3739 822 post
3772 795 3794 819 ,

519 842 710 908 vocat';
739 851 793 896 et
828 841 896 894 ab
937 841 1053 910 ipso
1101 840 1393 908 impuberis
1431 839 1808 894 adolescentiae
1853 838 2102 893 tirocinio
2149 842 2151 844 ’
2203 850 2324 890 cum
2368 834 2481 903 jam
2524 837 2722 890 oblivio
2749 838 3014 908 potuisset
3058 840 3320 909 obrepere
3348 826 3389 906 ,⁷

521 945 696 1002 usque
719 931 784 986 ad
814 939 1128 1001 provectam
1149 932 1263 998 jam
1295 939 1657 994 senectutem,
1686 938 1940 998 tanquam
1972 944 2101 983 con-
2152 926 2156 930 ’

2203 850 2324 890 cum
2368 834 2481 903 jam
2524 837 2722 890 oblivio
2749 838 3014 908 potuisset
3058 840 3320 914 obrepere
3348 880 3362 906 ,
3399 840 3543 895 inter
3590 851 3792 897 cetera

2203 927 2429 982 conveni
2494 928 2765 984 hominem
2820 945 2833 984 :
2883 928 3132 998 Nunquid
3187 946 3294 984 non
3328 971 3344 994 ,
3396 932 3659 1004 inquam.
3712 933 3794 987 nti

2203 1028 2389 1088 pater,
2428 1021 2531 1074 tale
2556 1020 2757 1088 aliquid
2789 1021 2885 1076 tibi
2918 1022 3181 1077 accidisse
3210 1023 3482 1093 professus
3515 1024 3613 1082 esi
3639 1024 3798 1081 Tunc

2207 1107 2294 1162 ille
2320 1123 2384 1162 ex
2411 1110 2703 1179 improviso
2718 1120 3036 1174 conventus,
3059 1113 3201 1180 quod
3232 1113 3434 1168 dixisse
3453 1129 3511 1168 se
3533 1115 3802 1178 credidit,

2206 1199 2509 1269 negandum
2538 1215 2657 1254 esse
2684 1217 2793 1255 non
2833 1201 3005 1255 duxit.
3037 1200 3142 1256 Sed
3177 1219 3276 1257 cur
3315 1219 3414 1273 ego
3460 1203 3513 1258 in
3560 1204 3796 1276 singulis

2207 1289 2486 1356 iunnuoror,
2522 1293 2612 1362 qui
2649 1301 2853 1347 tantam
2883 1294 3119 1348 virorum
3146 1295 3432 1350 illustrium
3465 1296 3797 1352 densitatem

2207 1379 2338 1433 mihi
2370 1380 2654 1438 imminere
2691 1383 3066 1452 contemplor?
3092 1385 3362 1441 Praetereo
3409 1385 3574 1459 igitur
3618 1387 3798 1442 domi-

2207 1486 2335 1524 num
2384 1487 2562 1526 meum
2611 1473 2819 1543 Lupum
2848 1516 2862 1539 ,
2894 1491 3036 1531 verae
3080 1476 3333 1534 videlicet
3363 1481 3798 1538 mansuetudinis

2208 1577 2428 1632 aguuum.
2460 1561 2560 1629 Qui
2593 1564 2838 1634 profecto
2859 1575 2907 1621 et
2939 1576 3229 1637 antequam
3259 1584 3318 1625 se
3345 1572 3550 1626 carceri
3577 1612 3592 1637 ,
3627 1587 3798 1643 quem

2209 1665 2309 1719 pro
2338 1659 2541 1705 aeterna
2565 1651 2815 1708 libertate
2837 1671 2981 1710 nunc
3007 1656 3214 1723 incolit,
3246 1660 3511 1729 perpetim
3541 1660 3796 1715 inclusis-

2209 1751 2316 1805 set.
2356 1757 2452 1812 per
2483 1745 2646 1800 triutn
2694 1747 2920 1802 circiter
2949 1765 3214 1805 auuuuoruun
3245 1752 3560 1808 continuata
3615 1754 3796 1808 curri-

523 1838 872 1893 continentia:
898 1839 1147 1908 superius
1184 1839 1385 1894 dictum
1411 1846 1524 1904 est,
1549 1838 1602 1892 in
1627 1839 1730 1893 hoc
1764 1838 1884 1892 viro
1912 1852 2108 1894 conse-
2135 1837 2183 1896 Β
2211 1829 2335 1885 Cilla
2376 1831 2555 1886 νῖιιυιιι
2613 1850 2717 1889 non
2767 1834 2904 1891 bibit
2936 1877 2952 1901 ,
3010 1839 3322 1910 nullumque
3374 1842 3477 1897 sibi
3530 1842 3800 1914 puimenti

523 1942 756 1999 quenter
782 1931 1018 2003 intellige
1043 1950 1058 1999 ;
1090 1932 1361 2002 praecipue
1383 1938 1563 1986 tameuu
1588 1931 1640 1985 in
1662 1947 1730 1986 eo
1749 1929 2105 1996 charitatem,

527 2021 887 2078 humilitatem
952 2031 1008 2076 et
1078 2021 1545 2077 mansuetudinem
1596 2035 1883 2077 venerare.
1916 2018 2109 2075 Sermo

526 2113 763 2182 denique
780 2113 899 2181 ejus
920 2111 1095 2169 dulcis
1113 2113 1179 2167 ad
1199 2112 1374 2176 instar
1415 2111 1586 2166 uueilis
1617 2110 1821 2166 solatur
1850 2117 2073 2166 maestos
2091 2150 2105 2173 ,

527 2204 687 2257 ducet
731 2202 953 2268 inscios,
986 2203 1284 2258 concordat
1326 2203 1513 2258 iratos.
1546 2201 1679 2269 Quis
1723 2202 1869 2257 eniun
1924 2216 2110 2256 corre-

527 2293 732 2360 ptionis
754 2292 897 2348 illius
923 2293 1241 2347 austeritate
1263 2292 1554 2346 deterritus
1576 2307 1683 2345 non
1713 2291 1892 2346 redire
1923 2291 2109 2361 dispo-

526 2382 680 2435 suit?
716 2381 828 2436 imo
849 2381 973 2451 quis
997 2381 1333 2450 quantalibet
1361 2381 1721 2452 ingruentium
1751 2382 2107 2436 tentationum

529 2486 750 2540 pressus
802 2458 1041 2540 caligine.
1079 2471 1196 2527 sine
1245 2469 1616 2526 consolatione
1657 2471 1924 2526 recessit?
1967 2470 2111 2524 Bene

528 2563 796 2633 siquidem
879 2561 1224 2616 currentibus
1293 2561 1594 2627 blanduun,
1671 2559 2112 2632 delinquentibus

527 2667 590 2710 se
637 2652 839 2724 praebet
885 2661 1183 2707 austerum.
1235 2649 1343 2708 Sed
1389 2651 1494 2708 hoc
1535 2653 1726 2717 modo,
1765 2661 1826 2706 ut
1863 2662 1918 2707 et
1957 2652 2112 2707 blan-

527 2743 716 2801 ditiam
744 2743 798 2798 in
832 2743 1209 2800 auctoritatem
1241 2741 1531 2798 austeritas
1556 2742 1752 2814 erigat,
1786 2751 1840 2798 et
1865 2744 2112 2805 eamdem

526 2837 899 2892 austeritatem
944 2834 1138 2890 blanda
1173 2850 1364 2891 rursus
1400 2835 1758 2891 mansuetudo
1781 2843 2112 2905 compescat.

531 2929 700 3000 Rigor
744 2937 932 2986 autem
973 2927 1320 2992 abstinentiae
1371 2928 1427 2982 in
1477 2944 1543 2990 eo
1587 2937 1768 2982 tauutus
1804 2937 1908 2994 est,
1948 2936 2010 2982 ut
2060 2929 2112 2984 in

530 3023 648 3089 eius
710 3020 848 3076 fat-ie
905 3021 1083 3092 imago
1145 3020 1324 3092 potius
1385 3035 1547 3090 quam
1600 3020 1827 3075 viventis
1880 3019 2114 3076 bomiuuis

531 3111 697 3185 793
768 3111 1106 3191 corpulentia
1189 3110 1456 3167 videatur.
1529 3110 1912 3167 Pereunctanti
1983 3111 2113 3166 olim

2214 1921 2482 1992 liquaunen
2542 1925 2781 1982 indulsit.
2821 1928 3063 1986 Transeo
3111 1931 3330 1987 Petrum
3364 1974 3382 1999 ,
3439 1935 3531 2003 qui
3586 1934 3796 1990 nullum

2213 2013 2404 2069 cubitis
2433 2015 2484 2069 in
2514 2015 2648 2070 cella
2677 2033 2771 2072 sua
2797 2020 2999 2087 patitur
3017 2037 3302 2092 suuperesse
3329 2024 3613 2095 vestigium
3642 2065 3659 2091 ,
3697 2026 3806 2082 sed

2213 2101 2414 2156 nudum
2438 2101 2642 2174 jugiter
2665 2106 2818 2169 terit,
2845 2107 2959 2161 sive
2987 2109 3214 2165 hiberno
3240 2152 3254 2176 ,
3283 2112 3398 2168 sive
3432 2113 3624 2169 aestivo
3653 2123 3796 2170 tem-

2211 2207 2362 2280 pore,
2390 2195 2777 2264 pavimentum.
2796 2197 3030 2256 Leonem
3053 2218 3267 2274 quoque
3293 2221 3400 2260 non
3429 2221 3671 2272 nunuero,
3699 2207 3804 2278 qui

2212 2282 2422 2339 lumbos
2465 2300 2592 2340 suos
2635 2302 2799 2358 super
2853 2291 3055 2344 nmium
3111 2292 3285 2348 ferrea
3340 2309 3554 2366 semper
3602 2305 3800 2351 catena

2212 2375 2526 2439 circumdat,
2583 2393 2652 2432 ne
2692 2378 3004 2436 sobrietatis
3049 2381 3272 2438 limitenu
3301 2387 3670 2457 supergressio
3698 2386 3802 2442 ima

2212 2464 2508 2522 moderatae
2537 2467 2848 2527 refectionis
2885 2473 3134 2528 excedat.

2814 2562 3042 2620 CAPUT
3083 2566 3193 2622 VII.

2567 2649 2645 2706 De
2673 2651 2843 2708 Leone
2880 2656 3096 2710 eremita
3147 2654 3432 2714 Prcezensi.

2285 2735 2390 2792 Sed
2412 2753 2542 2792 ecce
2580 2737 2687 2793 Leo
2712 2754 2898 2796 rursus
2917 2741 3055 2798 alius
3087 2746 3346 2811 occurrit,
3372 2746 3488 2816 qui,
3515 2746 3631 2817 jam
3661 2763 3808 2819 pene

2211 2841 2448 2882 emensae
2494 2830 2792 2885 senectutis
2843 2831 3043 2887 oblitus
3066 2875 3090 2899 ,,
3127 2850 3390 2891 anuuosuun
3429 2838 3521 2892 diu
3571 2839 3810 2895 vivendo

2215 2920 2425 2975 senium
2452 2923 2621 2992 gerit;
2653 2932 2708 2978 et
2749 2924 2876 2979 licet
2902 2929 3162 2981 emeritus
3199 2929 3354 2991 miles
3376 2928 3544 2984 divini
3578 2930 3801 2999 procin-

2215 3020 2335 3067 ctus
2366 3022 2544 3067 castra
2573 3014 2862 3079 tirocinali,
2893 3027 2951 3070 ut
2972 3017 3044 3072 ita
3076 3017 3270 3084 fatear,
3303 3020 3516 3076 fervore
3537 3024 3798 3078 custodit.

2215 3101 2316 3169 Qui
2348 3103 2603 3157 niuniruum
2635 3104 2777 3160 iuuter
2802 3105 2967 3180 794
2987 3117 3180 3164 caetera
3207 3110 3348 3165 dona
3384 3111 3643 3166 virtutum
3664 3152 3678 3177 ,
3721 3113 3806 3168 sic

534 3206 693 3268 mihi,
733 3188 892 3275 quod.
923 3220 1138 3274 possem
1169 3203 1411 3260 invenire
1442 3204 1689 3259 solatium
1718 3245 1733 3268 ,
1769 3207 1893 3273 quia
1933 3213 2112 3258 tamen
2141 3188 2186 3250 C
2219 3196 2526 3266 vigiliarunu
2555 3198 2732 3252 studio
2785 3201 3122 3268 praeminet,
3153 3211 3209 3256 ut
3257 3203 3400 3257 nulla
3434 3204 3596 3260 totius
3625 3206 3754 3259 anni
3783 3247 3799 3269 ,

531 3293 741 3364 exigua:
771 3309 1037 3357 mensura:
1065 3294 1222 3364 panis
1251 3294 1382 3349 mihi
1413 3295 1556 3348 inter
1588 3293 1699 3364 ipsa
1731 3293 1939 3364 jejuuia
1967 3293 2117 3348 vide-

533 3396 726 3454 retur;
776 3387 881 3449 tale
907 3388 1274 3458 deditpumsto
1311 3389 1592 3444 consilium
1625 3406 1638 3442 :
1678 3388 1854 3454 Aliis,
1897 3387 2070 3459 inquit
2099 3425 2115 3453 ,

536 3481 730 3536 diebus
756 3478 1102 3535 medietatem
1135 3479 1233 3534 tibi
1271 3494 1540 3534 mensurze
1569 3479 1710 3534 illius
1741 3493 1949 3551 appone
1977 3519 1992 3543 ,
2031 3479 2118 3534 die

537 3581 717 3625 autem
747 3570 856 3636 illa,
899 3587 1006 3641 qua
1039 3571 1281 3626 relaxare
1306 3571 1510 3640 aliquid
1541 3571 1608 3627 de
1629 3581 1900 3627 consueta:
1922 3572 2117 3642 regula:

537 3677 766 3717 censura
793 3662 1046 3728 volueris,
1080 3671 1248 3718 totam
1273 3663 1367 3717 tibi
1391 3677 1655 3718 suuuunuam
1685 3661 1918 3730 pra-lixa!
1943 3678 2116 3732 quan-

539 3754 712 3807 litatis
736 3752 982 3824 indulge;
1016 3762 1068 3807 ct
1107 3761 1230 3808 tunc
1263 3751 1534 3807 suiliciens
1563 3753 1668 3805 erit
1698 3767 1821 3806 raro
1849 3765 2069 3806 censum
2101 3789 2118 3817 ,
2149 3767 2158 3771 -

539 3845 689 3912 quod
721 3859 863 3899 nunc
908 3843 1178 3898 modicum
1210 3844 1422 3899 videtur
1448 3841 1815 3897 indifferenter
1857 3842 2116 3896 oblatunu.

541 3931 656 3987 lloc
683 3941 862 3987 autent
896 3931 952 3986 in
977 3940 1138 3986 tanta:
1163 3931 1424 4000 angustia:
1457 3929 1779 3985 necessitate
1801 3929 2118 3993 remedium,

541 4030 818 4090 utcunque
844 4036 914 4076 ex
941 4020 1276 4076 consulentis
1301 4020 1497 4076 merito
1529 4019 1756 4090 placuit;
1791 4019 1883 4074 sed
1909 4019 2120 4075 curiosa

544 4129 680 4168 meae
715 4114 997 4170 edacitatis
1021 4114 1284 4177 intentio,
1309 4114 1500 4175 fateor,
1534 4127 1640 4168 non
1670 4112 1812 4182 quod
1839 4113 2123 4183 praestniac

537 4201 721 4269 batur,
751 4204 975 4259 audivit.
1011 4203 1194 4275 Nuper
1243 4206 1412 4261 etiam
1461 4205 1594 4260 mihi
1638 4203 1779 4258 inter
1832 4203 2120 4258 familiaria

541 4303 742 4348 mature
797 4293 1169 4352 collocutiouis
1227 4295 1390 4351 verba
1449 4293 1733 4356 subiutuiit
1791 4312 1803 4347 :
1871 4292 2062 4348 Frater
2103 4334 2119 4358 ,

539 4379 732 4451 inquit,
760 4383 854 4448 mi,
888 4382 1086 4438 faciant
1114 4383 1204 4438 alii
1235 4399 1426 4454 uuuagna
1458 4384 1731 4454 quaedam.
1766 4391 1926 4452 prout
1950 4384 2122 4454 gratia

535 4472 643 4530 illis
668 4473 849 4528 divina
894 4475 1234 4544 praestiterit;
1282 4475 1580 4530 intirmitati
1627 4484 1806 4531 autem
1847 4490 1979 4530 mem
2015 4489 2119 4530 non

538 4563 803 4619 erubesco
846 4562 1095 4620 sufﬁcere
1120 4603 1138 4630 ,
1167 4565 1210 4619 si
1239 4580 1339 4634 per
1369 4565 1483 4620 dies
1506 4563 1746 4634 singulos
1775 4565 1908 4619 duos
1950 4579 2122 4620 annos
2152 4547 2201 4605 ι)

540 4654 874 4725 poenitentiae
905 4655 1073 4725 possit
1112 4655 1355 4725 implere.
1399 4654 1703 4723 Aliquando
1738 4663 1918 4710 auteun
1949 4695 1962 4718 ,
1995 4653 2122 4710 dtuun

539 4764 630 4803 me
682 4746 1069 4802 tentationibus
1127 4746 1380 4800 resistere
1433 4745 1728 4814 prudenter
1781 4746 2118 4813 instrueret,

457 4852 466 4865 ·
542 4836 686 4904 quod
733 4850 890 4890 suum
940 4843 1097 4899 erat,
1151 4833 1240 4890 alii
1270 4833 1563 4905 contigisse
1614 4835 1873 4889 narravit.
1932 4833 2064 4890 Novi
2104 4875 2118 4900 ,

539 4928 753 4996 inquit,
799 4926 1021 4982 fratrem
1069 4941 1226 4996 quem
1255 4967 1269 4990 ,
1319 4927 1445 4980 dum
1484 4925 1855 4982 furnicatiouuis
1897 4925 2121 4996 spiritus

538 5020 776 5091 graviter
801 5019 1055 5090 fatigaret
1102 5029 1160 5078 et
1207 5020 1296 5076 ille
1324 5017 1531 5076 crebris
1581 5021 1918 5076 orationibus
1959 5023 2120 5077 vehe-

540 5119 750 5163 uuenter
796 5110 1112 5174 insisteret,
1171 5111 1386 5165 tandem
1448 5120 1603 5166 nocte
1667 5111 1897 5181 quadam
1959 5127 2124 5182 super

541 5208 772 5254 stratum
811 5202 1114 5270 quiescenti
1161 5202 1383 5272 angelus
1414 5202 1506 5258 Dei
1550 5204 1795 5258 cominus
1824 5203 1995 5258 astitit
2023 5245 2036 5263 .
2069 5213 2123 5258 et

541 5299 762 5360 arrepto
807 5291 950 5348 ferro
980 5291 1256 5351 testiculos
1280 5293 1396 5363 ejus
1443 5293 1694 5351 abscidit.
1741 5294 1985 5366 Cumque
2032 5297 2122 5352 ille

537 5380 772 5452 vigilare
793 5397 851 5438 se
869 5384 1135 5447 crederet,
1158 5384 1252 5443 scd
1275 5386 1516 5443 numinis
1533 5387 1854 5443 auctoritate
1878 5403 2118 5458 pressus,

537 5473 671 5545 quid
702 5484 952 5544 ageretur
991 5474 1268 5546 inquirere
1312 5493 1418 5534 non
1472 5479 1721 5546 auderet,
1748 5488 1948 5534 tantaun
1975 5479 2124 5534 dolo-

540 5562 622 5622 sis
641 5563 748 5619 vim
771 5564 823 5619 in
850 5565 1172 5636 genitalibus
1189 5569 1432 5638 pertulit,
1457 5584 1521 5626 ac
1548 5570 1592 5626 si
1627 5585 1814 5626 revera
1846 5569 2124 5626 materiaie

544 5657 882 5728 chrinrgium
907 5668 1117 5730 partem
1141 5662 1385 5732 corporis
1410 5662 1690 5720 secuisset.
1720 5662 1801 5716 Ab
1847 5677 1912 5716 eo
1942 5662 2123 5732 itaque

549 5757 790 5819 tempore
811 5748 980 5809 frater
1007 5750 1094 5808 ille
1125 5767 1228 5809 non
1261 5752 1420 5808 modo
1446 5750 1751 5824 huiusmodi
1784 5753 2122 5823 passionibtus

2220 3287 2304 3340 vel
2332 3287 2622 3358 perexigua
2657 3301 2832 3352 uuoctc,
2868 3291 3019 3360 prius
3039 3309 3067 3345 a
3100 3292 3357 3348 fratribus
3386 3295 3453 3348 ad
3484 3296 3806 3352 nocturnaio

2219 3377 2574 3432 conveniatur
2603 3379 2836 3434 oiiicium
2857 3421 2872 3446 ,
2913 3398 3074 3452 quaun
3105 3381 3192 3437 ille
3223 3383 3537 3453 psalterium
3588 3399 3808 3442 morose

2218 3466 2444 3532 habeat,
2493 3471 2828 3525 dccantando
2858 3489 2980 3528 cum
3034 3475 3146 3529 suis
3192 3474 3434 3540 litaniis,
3486 3475 3801 3545 iunpietunu;

2221 3562 2558 3628 postnuodunu
2606 3577 2732 3616 vero
2758 3603 2772 3625 ,
2813 3562 2967 3632 juxta
3014 3581 3218 3619 morem
3255 3567 3444 3631 eremi,
3487 3566 3802 3638 psalterium

2220 3667 2318 3721 pro
2343 3650 2615 3708 defunctis
2643 3655 2896 3709 exsolvit.
2950 3654 3118 3710 Porro
3151 3665 3331 3712 autent
3361 3671 3484 3713 cum
3527 3657 3642 3726 jam
3672 3698 3688 3723 ,
3745 3670 3806 3714 ut

2221 3743 2324 3799 fert
2349 3745 2562 3814 opinio,
2589 3757 2802 3801 centum
2838 3748 3189 3820 quadraginta
3221 3749 3398 3805 aetatis
3435 3765 3605 3805 annos
3645 3765 3805 3807 exce-

2221 3834 2332 3899 dat,
2366 3845 2652 3906 postquam
2705 3852 2766 3892 se
2815 3848 3126 3892 constanter
3184 3839 3436 3903 incitusit,
3491 3841 3592 3894 hac
3638 3840 3805 3894 etiarn

2222 3925 2339 3994 lege
2381 3926 2740 3992 constrinxit,
2783 3937 2842 3981 ut
2879 3928 3121 3998 quotidie
3160 3944 3220 3985 se
3259 3929 3438 3998 scopis
3467 3930 3808 4000 gravioribus

2223 4025 2490 4082 atterrat;
2531 4017 2676 4072 uuullo
2710 4017 2874 4073 etiam
2907 4019 2994 4074 die
3029 4019 3130 4074 nisi
3169 4019 3558 4074 ccicbrioribns
3602 4019 3756 4073 festis
3786 4060 3803 4084 ,

2221 4109 2367 4164 circa
2399 4124 2678 4178 vesperam
2729 4118 2934 4165 tauutuuuu
2968 4151 2982 4174 ,
3014 4111 3328 4165 comedendi
3357 4110 3804 4166 consuetudinenu

2222 4201 2417 4254 solvat.
2448 4200 2502 4254 In
2531 4201 2677 4255 onuuui
2712 4211 2890 4256 tamen
2919 4201 3027 4256 vita
3055 4217 3150 4256 sua
3176 4217 3448 4270 nunquam
3486 4201 3805 4272 sanguinem

2223 4289 2415 4345 tniuuit
2445 4332 2459 4356 ,
2487 4307 2760 4360 nunquam
2801 4291 3101 4346 antidotuunt
3147 4289 3398 4360 suunpsit.
3426 4289 3559 4344 illud
3589 4304 3808 4360 quoque

2221 4383 2656 4450 prretcreundum
2688 4398 2793 4436 non
2821 4391 2930 4449 est,
2968 4384 3093 4452 quia
3137 4383 3218 4438 sic
3249 4383 3372 4439 oleo
3400 4381 3601 4437 laetitiae
3630 4381 3805 4452 gratia

2224 4469 2374 4524 illum
2403 4471 2584 4532 divina
2615 4473 2891 4542 perunxit,
2926 4483 2985 4527 ut
3015 4490 3115 4530 nec
3144 4473 3332 4530 senilis
3365 4473 3606 4544 gravitas
3631 4472 3808 4526 tristia

2227 4561 2328 4616 sibi
2359 4578 2451 4616 ora
2487 4564 2832 4630 contraluere,
2861 4581 2960 4620 nec
2989 4566 3098 4618 vita
3147 4567 3408 4620 remotior
3437 4565 3490 4619 in
3515 4562 3631 4634 ejus
3654 4563 3806 4619 vultu

2227 4657 2464 4726 potuerit
2519 4656 2748 4728 rigidum
2791 4657 2919 4726 quid
2959 4655 3042 4712 vel
3081 4672 3332 4727 asperum
3380 4671 3677 4727 generare;
3711 4656 3808 4711 sed

2227 4761 2439 4824 semper
2495 4747 2682 4803 hilaris
2712 4787 2728 4813 ,
2777 4762 2992 4817 semper
3055 4747 3208 4804 hctus
3241 4788 3256 4810 .
3316 4762 3529 4819 semper
3567 4746 3809 4802 occurrit

2227 4839 2434 4893 urbana
2466 4839 2697 4908 quadam
2729 4841 3022 4894 serenitate
3050 4838 3296 4895 festivus.

2812 4929 3042 4986 CAPUT
3089 4929 3216 4984 Vili.

2675 5021 2752 5075 De
2777 5019 3049 5075 Dominico
3079 5021 3344 5076 Loricalo.

2301 5110 2408 5167 Sed
2438 5127 2693 5181 cur-ergo
2740 5120 2958 5166 sanctos
2986 5113 3463 5167 commemorando
3499 5113 3645 5167 viros
3670 5152 3685 5175 ,
3723 5113 3806 5166 di-

2227 5220 2383 5259 versa
2430 5205 2629 5274 passiun
2674 5204 2790 5258 loca
2846 5204 3145 5275 perlustro?
3185 5204 3622 5274 quandoquidem
3667 5204 3808 5257 intra

2229 5299 2414 5364 liuuen,
2446 5308 2501 5353 et
2528 5313 2638 5367 prae
2686 5297 2936 5352 unauuibus
2969 5305 3124 5352 teneo
3149 5338 3162 5361 ,
3199 5297 3267 5351 ad
3291 5295 3446 5364 cujus
3493 5297 3654 5366 digne
3681 5293 3810 5348 clie-

2229 5390 2393 5443 rcnda
2446 5388 2711 5462 pra:conia
2751 5389 2924 5458 impar
2961 5388 3166 5442 viribus
3205 5403 3311 5443 non
3357 5402 3602 5456 assurgo.
3652 5386 3810 5441 Certe

2228 5481 2433 5538 cellulis
2483 5481 2806 5536 altrinsecus
2855 5479 3208 5544 constitutis,
3259 5479 3374 5534 solo
3415 5477 3650 5532 hasiiiczc
3699 5489 3812 5529 une-

2228 5571 2424 5628 diantis
2457 5570 2750 5625 interstitio
2774 5609 2790 5635 ,
2830 5583 2935 5640 ego
2988 5570 3185 5640 illeque
3210 5568 3535 5633 dividimur;
3581 5567 3734 5638 cujus
3763 5568 3809 5623 si
3883 5619 3888 5621 _

2229 5661 2519 5716 virtutibus
2547 5661 2932 5716 enumerandis
2959 5660 3198 5729 iuuvigilo,
3254 5673 3382 5716 ante
3428 5661 3544 5716 dies
3575 5658 3813 5714 elabitur

2227 5765 2389 5824 quam
2413 5750 2679 5807 scribendi
2710 5750 2937 5810 materia
2970 5751 3201 5808 deﬁcere
3225 5766 3383 5822 posse
3413 5752 3671 5806 videatur.
3703 5749 3810 5804 Do~
