4138 6320
360 391 469 452 767

1384 387 1627 447 OPUSC.
1657 387 1738 443 ιι.
1788 418 1857 431 --
1891 384 1980 442 DE
2022 385 2181 442 VITA
2225 384 2614 445 EREMITICA;

3512 388 3617 445 753

363 510 625 568 minicum
675 508 798 563 dico
826 548 841 572 ,
888 508 1167 563 doctorem
1218 504 1469 560 videlicet
1500 546 1515 570 ,
1564 514 1621 560 et
1666 503 1943 559 dominum
1973 505 2021 563 Α
2047 505 2254 574 accepit
2284 505 2369 575 (11
2396 504 2518 561 Cor.
2548 504 2607 574 ι).
2648 502 2800 571 Quod
2827 505 2989 559 etiam
3037 505 3306 559 tnmnnerl
3350 514 3621 577 martyres

365 617 581 666 meum;
612 600 767 668 cujus
795 600 1013 668 quidem
1053 599 1234 671 lingua
1288 600 1486 653 rustica
1532 608 1614 653 est
1644 638 1658 662 ,
1707 597 1801 653 sed
1834 597 1943 651 vita

363 692 660 749 artiﬁciosa
692 692 825 746 satis
852 700 906 745 et
940 690 1113 759 lepida
1142 732 1156 753 ,
1188 704 1310 760 quae
1350 704 1481 745 sane
1524 690 1633 743 vita
1675 689 1808 742 satis
1833 688 1942 741 nti-

366 785 470 839 lius
495 782 561 836 ad
586 781 997 836 :edilicationem
1029 781 1165 834 vivis
1192 780 1447 850 operibus
1474 780 1752 848 praedicat,
1780 792 1943 846 quam

363 874 567 931 sterilis
595 873 955 943 quorumdam
987 873 1187 941 lingua,
1222 888 1343 942 quae
1370 883 1619 928 accurata
1654 872 1945 941 phaleratre

362 968 692 1021 urbanitatis
723 964 886 1020 verba
919 966 1099 1018 inania
1136 965 1380 1019 trutinat.
1410 964 1593 1034 Longo
1618 965 1729 1033 jam
1777 977 1945 1016 anno-

362 1075 484 1113 rum
528 1058 776 1113 elabente
821 1057 1070 1120 circulo,
1137 1056 1315 1111 ferrea
1371 1058 1438 1110 ad
1501 1070 1721 1110 carnem
1776 1055 1944 1108 lorica

360 1153 725 1220 praecinctus,
787 1148 1215 1204 infmderabilem
1273 1162 1505 1217 pugnam
1565 1162 1687 1201 cum
1745 1146 1945 1217 iniquis

363 1243 645 1312 spiritibus
697 1242 967 1306 conserit;
1015 1254 1231 1310 semper
1284 1250 1504 1308 paratus
1546 1241 1611 1294 ad
1656 1240 1899 1309 prndium
1926 1276 1943 1302 ,

363 1349 469 1387 non
527 1332 700 1387 solum
748 1330 913 1387 corde
945 1371 960 1395 ,
1015 1332 1112 1386 sed
1163 1337 1220 1383 et
1266 1344 1497 1398 corpore
1551 1329 1939 1398 pta-munitus,

362 1426 626 1481 adversus
671 1422 894 1477 hostiles
934 1423 1077 1477 acies
1139 1421 1379 1475 fervidus
1426 1420 1658 1475 bellator
1722 1421 1940 1476 incedit.

361 1515 514 1570 llanc
562 1523 742 1569 autem
790 1514 1060 1569 continuae
1088 1512 1211 1567 vita:
1251 1512 1694 1567 consuetudinem
1736 1512 1944 1568 indiffe-

360 1617 543 1664 renter
567 1608 766 1671 habet,
800 1614 858 1659 ut
898 1605 987 1659 vix
1032 1604 1146 1659 dies
1173 1603 1279 1658 ulla
1311 1612 1635 1673 praetereat,
1682 1602 1812 1672 quin
1839 1603 1945 1656 duo

361 1699 615 1775 psalteria
657 1696 979 1757 modulando
1010 1705 1238 1765 utraque
1281 1710 1441 1749 manu
1474 1693 1651 1762 scopis
1690 1702 1895 1748 armata
1924 1732 1940 1760 ,

363 1792 561 1845 tntdum
610 1803 805 1855 corpus
856 1786 1041 1841 allidat
1075 1827 1089 1849 ,
1122 1796 1173 1840 et
1224 1785 1327 1839 hoc
1370 1784 1666 1839 retnissiori
1720 1783 1939 1855 quidem

359 1888 625 1950 tempore.
686 1878 819 1932 Nam
894 1875 1453 1947 quadragesimalibus
1509 1874 1762 1939 circulis,
1827 1851 2016 1929 siveB

360 1986 483 2030 cum
526 1970 899 2041 pcenitentiam
945 1968 1308 2038 peragendam
1349 1968 1513 2022 habet
1557 1967 1769 2037 (crebro
1798 1968 1943 2022 enim

359 2071 575 2118 centum
624 2076 886 2115 annorum
943 2059 1317 2130 paenitentiam
1368 2058 1637 2131 suscipit),
1663 2068 1791 2115 tunc
1850 2075 1945 2129 per

360 2151 475 2206 dies
503 2150 744 2218 singulos
775 2150 899 2203 dum
954 2163 1014 2203 se
1046 2163 1330 2218 scoparum
1365 2148 1700 2203 tunsionibus
1736 2148 1901 2203 allicit
1926 2189 1940 2214 ,

360 2244 427 2298 ad
452 2242 629 2296 minus
656 2242 757 2295 tria
785 2240 1036 2311 psalteria
1068 2240 1379 2295 meditando
1407 2239 1685 2309 persolvit.
1714 2240 1943 2295 Centum

362 2341 542 2386 autem
571 2347 833 2385 annorum
862 2332 1202 2400 ptenitentia,
1242 2332 1381 2386 sicut
1410 2331 1526 2402 ipso
1553 2340 1773 2387 auctore
1801 2331 1943 2386 didi-

360 2424 573 2490 cimus,
624 2423 702 2487 sic
735 2423 999 2492 expletur.
1047 2424 1216 2478 Porro
1257 2439 1377 2479 cum
1440 2424 1603 2478 trium
1659 2438 1945 2493 scoparum

362 2513 527 2569 millia
554 2530 715 2567 unum
749 2513 1079 2582 ptenitcntize
1105 2529 1304 2567 annum
1336 2514 1476 2583 apud
1501 2528 1599 2568 nos
1624 2513 1945 2583 regulariter

360 2606 643 2672 expleant,
685 2604 868 2658 decem
915 2612 1093 2657 autem
1139 2604 1468 2672 psalmorum
1513 2604 1843 2670 modulatio,
1885 2612 1946 2659 ut

360 2710 499 2765 saepe
529 2696 814 2765 probatum
859 2703 943 2750 est
978 2734 992 2755 ,
1046 2695 1191 2750 mille
1235 2711 1431 2767 scopas
1482 2697 1767 2761 admittat;
1816 2698 1941 2752 dum

361 2795 578 2842 centum
635 2788 1028 2858 quinquaginta
1059 2788 1282 2858 psalmis
1325 2797 1577 2844 constare
1629 2790 1942 2860 psalterium

361 2892 466 2933 non
521 2878 851 2949 ambigitur,
907 2880 1147 2949 quinque
1195 2897 1463 2937 annorum
1514 2883 1833 2951 paenitentia
1886 2884 1942 2939 in

362 2966 522 3036 hujus
552 2967 792 3035 ps:ilterii
823 2967 1106 3037 disciplina
1143 2978 1290 3024 recte
1333 2972 1753 3041 supputantibus
1794 2972 1943 3028 inve-

362 3055 528 3111 nitur.
567 3055 673 3111 Sed
705 3057 819 3112 sive
863 3060 1102 3128 quinque
1146 3060 1294 3115 vices
1337 3050 1542 3126 ducas,
1596 3063 1709 3118 sive
1752 3063 1938 3133 viginti

359 3146 680 3217 quinquies,
725 3157 940 3203 centum
983 3149 1139 3203 liunt.
1174 3150 1539 3221 Consequitur
1595 3168 1744 3224 ergo,
1777 3153 1937 3225 795

361 3245 419 3294 ut
462 3238 552 3306 qui
584 3238 769 3307 viginti
823 3240 1077 3309 psalteria
1126 3256 1250 3295 cum
1304 3242 1586 3314 disciplina
1644 3244 1935 3309 decantat,

360 3339 578 3386 centum
608 3345 869 3386 annorum
899 3332 1273 3401 pcenitentiam
1298 3349 1356 3389 se
1378 3334 1649 3405 peregisse
1681 3336 1938 3391 conlidat.

361 3422 679 3492 Quanquam
734 3433 788 3478 et
842 3425 895 3479 in
928 3425 1029 3484 hoc
1066 3425 1351 3496 plerosque
1396 3437 1581 3482 noster
1630 3427 1942 3485 Dominicus

361 3522 607 3583 superet;
655 3516 779 3584 quia
812 3532 933 3570 cum
962 3516 1204 3572 nonnulli
1236 3532 1397 3576 unam
1430 3514 1649 3573 manum
1682 3519 1736 3573 in
1776 3520 1941 3575 disci-

362 3606 525 3675 plinis
559 3608 783 3677 agendis
827 3618 1156 3673 exerceant,
1188 3610 1288 3664 iste
1336 3618 1395 3664 ut
1438 3625 1625 3666 revera
1664 3610 1941 3680 Beniamin

363 3696 503 3754 ﬂlius
530 3697 695 3771 [lilius
721 3699 858 3755 Gera
904 3701 995 3756 lilii
1031 3701 1251 3774 Jemini]
1277 3711 1464 3758 contra
1512 3703 1739 3760 rebelles
1762 3705 1941 3761 carnis

362 3788 645 3845 Illecebras
715 3800 946 3861 utraque
1022 3808 1183 3846 manu
1251 3791 1661 3863 inlatigabiliter
1739 3802 1942 3865 pugnat

362 3878 565 3947 (ludia.
598 3880 701 3951 tu).
732 3881 885 3938 Ilanc
914 3891 1093 3937 autem
1126 3894 1342 3938 centum
1373 3899 1635 3938 annorum
1673 3886 1939 3953 pteniten-

363 3973 493 4026 tiam
519 4013 533 4037 ,
560 3982 620 4027 ut
666 3975 797 4029 mihi
846 3975 959 4044 ipse
997 3975 1272 4045 professus
1298 3982 1381 4031 est
1407 4015 1421 4041 ,
1450 3973 1605 4030 facile
1629 3990 1721 4031 sex
1750 3976 1941 4032 diebus

360 4076 429 4120 οι
459 4078 609 4118 more
636 4074 996 4120 consummat.

974 4153 1200 4211 CAPUT
1238 4153 1329 4209 IX.

818 4244 895 4300 De
937 4246 1138 4300 ratione
1170 4243 1478 4315 disciplima.

431 4333 648 4389 Memini
719 4350 932 4405 quoque
995 4336 1119 4404 quia
1172 4334 1448 4405 cujusdam
1506 4332 1938 4407 Quadragesimzn

361 4424 694 4480 lmminentis
719 4426 873 4480 initio
902 4426 1048 4481 mille
1072 4442 1242 4481 annos
1266 4426 1469 4497 imponi
1494 4426 1595 4481 sibi
1626 4442 1721 4495 per
1743 4442 1841 4483 nos
1869 4428 1938 4484 ad

361 4514 738 4584 ptenitentiam
780 4516 974 4585 petiit:
1011 4530 1148 4585 quos
1188 4524 1337 4571 certe
1365 4530 1553 4570 omnes
1579 4514 1747 4571 ferme
1786 4527 1937 4571 ante-

359 4618 523 4671 quam
548 4603 739 4672 jejunii
784 4612 995 4675 tempus
1025 4606 1416 4674 transigeretur
1450 4603 1703 4675 eXplevit.
1740 4603 1797 4660 Si
1849 4605 1935 4660 cui

360 4702 542 4749 autem
592 4695 692 4750 hoc
739 4695 1125 4766 pmnitentialis
1186 4696 1484 4766 disciplinac
1539 4712 1747 4765 genus,
1808 4696 1934 4766 quia

360 4784 572 4850 durum,
598 4786 841 4842 videatur
866 4788 1031 4842 etiam
1062 4787 1291 4841 fortasse
1323 4785 1674 4857 superﬂuum,
1708 4794 1763 4839 et
1791 4786 1934 4856 quod

361 4875 473 4943 Ipse
519 4874 696 4931 facere
737 4876 1001 4947 negligit,
1050 4876 1167 4931 lict‘i
1215 4877 1381 4931 etiam
1434 4876 1597 4931 nolit:
1626 4876 1753 4946 quid
1801 4877 1935 4933 mihi

360 4964 630 5031 peccatori
682 4980 845 5037 super
893 4968 994 5021 hac
1056 4966 1325 5021 sententia
1387 4966 1675 5032 videatur,
1750 4967 1937 5036 paucis

361 5054 633 5111 absolvam
663 5057 797 5129 (27).
830 5057 1053 5115 Devotio
1083 5068 1271 5114 sancta
1300 5059 1536 5114 ﬂdelium
1587 5074 1710 5113 cum
1751 5074 1809 5113 se
1838 5074 1935 5129 pro

363 5153 710 5210 peccatorum
768 5162 990 5202 suorum
1049 5148 1311 5202 memoria
1360 5146 1673 5203 verberibus
1718 5147 1931 5213 allicit,

365 5235 767 5290 communicare
790 5249 847 5291 se
872 5236 953 5290 sui
988 5236 1361 5306 Redemptoris
1383 5236 1721 5306 passionibus
1740 5236 1934 5291 credit.

364 5318 497 5377 Nam
524 5333 580 5378 et
602 5325 713 5394 ipse
739 5325 986 5381 Salvator
1017 5338 1217 5391 noster,
1247 5326 1540 5396 Evangelio
1571 5334 1733 5391 teste,
1753 5325 1935 5396 ﬂagel-

363 5410 433 5471 lis
458 5431 629 5471 czesns
658 5426 742 5471 est
792 5417 985 5487 (Marc.
1020 5433 1072 5483 ις
1119 5417 1278 5472 Ιοαη.
1331 5418 1479 5487 xix);
1514 5426 1568 5471 et
1610 5418 1837 5488 apostdli
1882 5418 1937 5474 in

361 5514 653 5575 conspectu
703 5507 916 5562 concilii
950 5509 1264 5563 verberibus
1310 5517 1437 5563 sunt
1481 5507 1655 5563 aﬂ‘ecti
1685 5509 1825 5580 (Act.
1858 5508 1937 5579 I);

361 5601 421 5651 et
477 5593 677 5651 Paulus
735 5596 1022 5667 quinquies
1082 5596 1457 5667 quadrarenas
1554 5613 1661 5653 una
1723 5596 1935 5665 minus,

427 5741 547 5815 (i7)
575 5744 729 5801 Conf.
757 5748 915 5818 epist.
952 5749 983 5803 8
1012 5749 1101 5803 lib.
1132 5765 1161 5801 v
1189 5758 1237 5802 et
1270 5751 1286 5791 ι
1319 5750 1408 5803 |.b.
1436 5766 1506 5803 vt.

2047 598 2199 653 duris
2246 597 2565 665 snbjacnere
2591 596 2938 662 verberibus;
2978 598 3064 652 cui
3106 607 3259 650 vacat
3291 613 3479 652 eorum
3508 598 3621 655 his.

2046 689 2214 743 torias
2236 686 2431 755 legere,
2459 700 2564 740 non
2592 687 2791 755 poterit
2819 687 3087 757 ignorare.
3125 686 3206 741 Al)
3245 687 3349 742 illis
3388 703 3516 758 ergo
3565 699 3621 743 et

2046 780 2187 835 hunc
2208 779 2541 846 ptenitentiae
2570 778 2787 831 modum
2819 792 2918 832 nos
2947 780 3252 848 suscepisse
3278 780 3578 850 gaudemus
3607 822 3619 842 .

2044 881 2075 921 a
2101 868 2298 935 quibus
2345 867 2599 921 nimirum
2629 865 2870 920 omnium
2911 868 3209 922 studiorum
3255 868 3622 939 spiritualium

2046 956 2405 1009 instrumenta
2437 956 2743 1010 didicimus.
2776 956 2943 1011 Porro
2987 958 3031 1011 si
3072 956 3279 1025 jejunia
3302 1001 3317 1025 ,
3362 960 3574 1030 vigilias
3607 1003 3622 1025 ,

2045 1047 2340 1101 nuditatem
2367 1086 2382 1110 ,
2423 1047 2622 1112 cilicia,
2649 1061 2883 1115 genuum
2910 1046 3189 1113 ﬂexiones,
3215 1060 3269 1105 et
3304 1061 3497 1129 cattera
3542 1052 3628 1107 his

2044 1138 2243 1194 similia
2270 1179 2283 1202 ,
2329 1139 2532 1193 idcirco
2564 1139 2800 1195 remedia
2825 1140 3158 1213 ptenitentitc
3198 1143 3578 1200 constituimus
3610 1187 3623 1208 ,

2045 1238 2107 1283 ut
2125 1244 2223 1298 per
2250 1230 2365 1285 haec
2401 1230 2656 1285 vitiorum
2681 1232 2965 1288 illecebras
2994 1233 3363 1303 deprimatnus
3392 1276 3407 1300 ,
3444 1248 3498 1291 et
3525 1236 3619 1291 de-

2046 1319 2425 1375 lectationibus
2472 1323 2709 1378 carniste
2760 1322 2975 1379 diverso
3001 1324 3419 1380 amaritudinem
3459 1341 3626 1396 appo-

2045 1426 2239 1467 namus
2266 1426 2281 1466 :
2308 1427 2429 1481 quae
2452 1412 2593 1467 inter
2620 1414 2737 1468 haec
2756 1416 3138 1485 congruentius
3169 1415 3272 1472 dici
3303 1417 3625 1486 paenitentia

2045 1507 2250 1571 potest,
2303 1517 2464 1571 quam
2508 1516 2629 1557 cum
2671 1518 2729 1559 se
2773 1514 3027 1575 peccator
3055 1506 3254 1561 nudum
3304 1508 3389 1563 sui
3424 1508 3625 1579 iudicis

2043 1593 2354 1662 conspectui
2400 1602 2789 1664 reprzesentat,
2848 1604 2903 1651 et
2962 1596 3419 1667 deprehensorum
3473 1615 3627 1655 more

2042 1679 2309 1735 latronum
2338 1722 2353 1747 ,
2401 1682 2571 1752 ipsam
2605 1699 2725 1754 qua)
2761 1694 3078 1754 peccaverat
3106 1727 3121 1751 ,
3154 1702 3377 1743 carnem
3426 1690 3624 1745 verbe-

2042 1769 2213 1823 rando
2236 1771 2498 1842 castigat?
2552 1771 2669 1828 Huc
2690 1774 2897 1829 accedit
2918 1776 3060 1846 quod
3086 1777 3375 1834 nonnullos
3397 1777 3627 1849 legimus

2044 1876 2167 1936 post
2213 1867 2425 1938 culpam
2476 1870 2528 1924 in
2563 1871 2765 1926 exstasi
2814 1871 2881 1926 ad
2915 1870 3177 1939 judicium
3219 1883 3442 1942 raptos,
3485 1872 3627 1930 hanc

2042 1957 2336 2013 exsolvisse
2364 1960 2656 2015 vindictam
2698 1961 3020 2031 (Hienoxvu.
3074 1964 3224 2033 epist.
3260 1962 3330 2018 22
3395 1965 3464 2018 ad
3509 1964 3627 2019 Eu-

2043 2051 2255 2123 ποθι).
2293 2050 2702 2109 Credendumne
2718 2071 2846 2124 ergo
2868 2064 2957 2134 est
2976 2055 3104 2126 quin
3134 2057 3276 2113 hunc
3296 2058 3626 2128 poenitentia.-

2043 2142 2260 2197 modum
2289 2184 2305 2209 ,
2362 2158 2521 2213 quem
2575 2143 2716 2200 Deus
2770 2146 2884 2216 ipse
2917 2160 2947 2201 a
2991 2146 3295 2204 nolentibus
3341 2149 3546 2220 exigit,
3594 2166 3625 2203 a

2045 2235 2254 2293 devotis
2301 2245 2356 2291 et
2384 2237 2527 2293 ultro
2574 2237 2923 2295 oﬂ'erentibus
2953 2240 3226 2312 suscipere
3276 2243 3626 2297 contemnat?

2043 2325 2170 2381 Hec
2197 2341 2293 2397 per
2320 2344 2603 2385 excessum
2632 2332 3074 2386 commendandae
3111 2332 3408 2401 disciplinae
3450 2332 3625 2407 gratia

2044 2418 2300 2484 diximus,
2323 2427 2382 2473 ut
2414 2421 2611 2476 teneris
2641 2422 2966 2478 etdelicatis
2999 2424 3282 2479 monachis
3307 2424 3626 2480 detrahendi

2044 2510 2327 2565 audaciam
2356 2510 2683 2566 tolleremus.
2720 2511 2873 2569 Nunc
2912 2512 2981 2567 ad
3015 2512 3350 2569 Dominicum
3378 2554 3394 2579 ,
3423 2514 3489 2569 de
3517 2530 3625 2583 quo

2045 2611 2283 2673 coeperat
2310 2643 2324 2669 ,
2356 2616 2536 2659 sermo
2568 2612 2831 2659 recurrat.
2863 2603 3020 2659 Enim
3045 2620 3175 2661 vero
3196 2622 3317 2661 cum
3348 2606 3491 2661 hunc
3513 2606 3625 2677 jam

2043 2702 2098 2750 et
2152 2694 2373 2749 incurva
2414 2706 2667 2752 senectus
2699 2696 3005 2767 deprimat,
3050 2707 3107 2753 et
3153 2700 3360 2754 crebris
3404 2700 3627 2768 insuper

2044 2782 2389 2853 languoribus
2430 2788 2821 2854 contabescat,
2876 2788 3074 2843 mirum
3127 2789 3267 2845 unde
3315 2788 3393 2844 illi
3444 2799 3625 2851 tantus
3695 2798 3701 2811 ‘

2041 2873 2226 2930 fervor
2251 2877 2521 2943 incendat,
2550 2886 2609 2932 ut
2638 2878 2689 2933 in
2722 2879 3091 2949 spiritualibus
3113 2881 3387 2936 exercitiis
3410 2897 3625 2955 semch

2042 2960 2322 3029 invictum,
2355 2982 2567 3038 semper
2610 2967 2995 3041 infatigabilem
3023 2985 3081 3025 se
3116 2970 3323 3025 reddat.
3357 2969 3491 3025 Nam
3540 2980 3625 3043 ut,

2043 3054 2160 3124 ipso
2211 3057 2479 3113 referente
2531 3059 2796 3133 cognovi,
2853 3074 2995 3130 saepe
3044 3062 3150 3116 duo
3198 3062 3453 3137 psalteria
3500 3077 3623 3117 cum

2046 3144 2341 3216 disciplinis
2390 3148 2581 3203 stando
2609 3148 2927 3216 continuat,
2977 3150 3140 3206 itaut
3182 3167 3358 3222 neque
3403 3154 3620 3209 interim

2046 3234 2271 3301 sedeat,
2329 3252 2500 3307 neque
2534 3238 2615 3293 vel
2666 3239 2732 3293 ad
2792 3249 3124 3295 momentum
3174 3256 3203 3295 a
3257 3242 3619 3311 percussioni-
3689 3230 3702 3239 ’

2043 3322 2143 3384 bus
2172 3325 2470 3380 incredibili
2520 3328 2717 3386 mentis
2757 3328 2968 3388 fervore
3019 3331 3282 3400 quiescat.
3322 3325 3623 3403 Inquirenti

2044 3417 2177 3473 mihi
2223 3417 2554 3488 aliquando,
2614 3429 2795 3475 utrum
2849 3429 3031 3491 posset
3081 3437 3203 3477 cum
3258 3422 3450 3479 ferreae
3526 3439 3623 3480 ve-

2043 3508 2142 3562 stis
2206 3508 2446 3578 pondere
2499 3510 2892 3582 aliquantisper
2919 3528 3150 3585 genuum
3208 3512 3435 3570 ﬂexibus
3475 3515 3624 3569 insd-

2044 3597 2227 3664 dare;,
2270 3602 2369 3654 sub
2433 3600 2536 3656 hac
2589 3602 2721 3656 mihi
2778 3602 2925 3658 dedit
2994 3604 3323 3660 obscuritate
3395 3621 3623 3675 respon-

2040 3706 2192 3762 sum;
2222 3691 2385 3763 796
2410 3691 2542 3747 Cum
2573 3693 2913 3750 incolumitas
2944 3694 3073 3749 mihi
3105 3696 3282 3750 votiva
3316 3692 3620 3766 respondet,

2042 3784 2365 3853 quandoque
2416 3799 2515 3855 per
2560 3799 2748 3841 omnes
2817 3788 2981 3842 totius
3035 3787 3271 3858 psalterii
3324 3790 3623 3860 quindenos

2041 3874 2275 3944 psahnos
2304 3874 2508 3931 centies
2543 3891 2717 3946 genua
2765 3873 2985 3935 ﬂectere
3013 3882 3285 3937 consuevi.
3316 3881 3469 3949 Quod
3500 3882 3622 3951 qui-

2041 3965 2163 4019 dem
2202 3976 2327 4021 tunc
2357 3982 2463 4021 non
2510 3968 2795 4039 diligenter
2844 3972 3067 4036 attendi,
3116 3974 3453 4042 postmodum
3494 3989 3621 4029 vero

2040 4055 2184 4126 quod
2224 4056 2424 4112 dictum
2470 4056 2666 4127 fuerat,
2712 4068 2894 4116 mente
2936 4062 3235 4129 revolvens,
3289 4078 3318 4117 a
3368 4064 3623 4135 depresso

2042 4144 2258 4200 homine
2284 4145 2428 4201 mille
2458 4156 2754 4205 mctanceas
2784 4150 2836 4203 in
2867 4166 2973 4206 uno
2998 4151 3252 4221 psalterio
3283 4155 3397 4209 lieri
3451 4157 3622 4210 admi-

2041 4242 2191 4291 ratus
2219 4236 2431 4305 expavi.
2464 4238 2707 4304 Quadam
2742 4240 2828 4294 die
2869 4251 2989 4311 post
3025 4257 3325 4313 vesperam,
3373 4245 3621 4300 cellulam

2039 4340 2215 4383 meam
2258 4328 2577 4399 ingressus:
2636 4330 2907 4402 Magister,
2958 4333 3131 4403 inquit
3167 4335 3291 4406 (hoc
3340 4336 3481 4390 enim
3535 4337 3618 4389 in-

2040 4418 2201 4489 digno
2232 4419 2490 4475 vocabulo
2534 4434 2621 4475 me
2650 4436 2717 4477 ex
2757 4421 3059 4477 humilitate
3088 4425 3417 4495 compellat),
3457 4425 3616 4481 hodie

2042 4507 2146 4562 l'eci
2180 4494 2350 4578 ἠυοά
2398 4508 2661 4567 hactenus
2706 4528 2793 4568 me
2844 4512 3035 4571 fecisse
3077 4531 3183 4572 non
3225 4504 3467 4584 memini,
3499 4526 3622 4575 octo

2040 4612 2234 4667 nempe
2267 4598 2699 4668 psalteria,inter
2731 4602 2871 4658 diem
2914 4613 2970 4659 et
3019 4614 3233 4661 noctem
3281 4594 3618 4664 modulanter

2038 4688 2268 4757 explevi.
2316 4690 2611 4746 Videbatur
2634 4701 2813 4749 autem
2847 4703 2971 4750 tunc
3004 4705 3146 4753 totus
3175 4697 3354 4753 vultus
3398 4690 3513 4773 ejus
3548 4700 3619 4762 ita

2038 4779 2218 4848 scopis
2247 4780 2485 4847 attritus,
2530 4798 2595 4838 ac
2639 4784 2971 4840 sulcantibus
3001 4786 3318 4855 quibusdam
3358 4786 3621 4848 vibicibus

2036 4868 2339 4937 livcfactus,
2375 4881 2628 4944 tanquam
2664 4875 2707 4929 si
2731 4874 2836 4946 pila
2874 4875 3057 4941 fuerit,
3082 4878 3413 4947 ptisanarum
3446 4893 3616 4945 more,

2038 4971 2316 5017 contusus.
2346 4963 2647 5019 Psalmodia
2676 4981 2804 5021 sane
2834 4966 2909 5021 illi
2941 4966 3143 5022 idcirco
3172 4975 3276 5022 tam
3306 4966 3466 5023 facile
3491 4978 3616 5039 pro-‘

2041 5055 2212 5120 venit,
2243 5056 2367 5126 quia
2414 5072 2520 5113 non
2571 5065 2679 5113 tam
2714 5058 2899 5125 verba,
2950 5068 3008 5118 ut
3050 5060 3162 5131 ipse
3193 5061 3403 5126 asserit,
3436 5061 3615 5131 lingua

2041 5154 2412 5214 perstrepente
2459 5146 2702 5212 revolvit,
2732 5163 2890 5217 quam
2933 5163 3148 5203 sensum
3182 5149 3375 5204 mentis
3410 5150 3615 5206 vivaci-

2044 5240 2151 5286 tate
2197 5234 2482 5303 percurrit.
2510 5233 2809 5304 Aliquando
2837 5251 2867 5290 a
2911 5249 2998 5299 me
3028 5222 3265 5291 remotus
3294 5236 3571 5293 habitabat
3599 5256 3611 5304 ;

2042 5336 2273 5391 cumque
2302 5324 2367 5376 ad
2397 5338 2481 5377 me
2514 5324 2813 5393 ingressum
2861 5327 3056 5396 quibus
3088 5338 3211 5384 tunc
3249 5344 3308 5384 se
3337 5329 3460 5384 vitze
3487 5330 3617 5402 legi-

2039 5410 2143 5466 bus
2183 5421 2367 5482 ageret
2400 5413 2741 5482 inquisissem
2762 5456 2775 5480 ,
2815 5418 3090 5486 respondit
3134 5433 3198 5473 se
3221 5417 3513 5474 carnaliter
3538 5420 3616 5473 vi.

2041 5514 2187 5566 vere,
2215 5509 2270 5555 et
2294 5500 2515 5572 quintis.
2547 5516 2763 5573 semper
2788 5502 2933 5560 feriis
2958 5520 3082 5561 cum
3110 5506 3614 5562 Dominicis’diebus

2041 5606 2070 5645 a
2126 5592 2284 5650 solito
2329 5606 2387 5651 se
2434 5594 2770 5653 abstinentiae
2819 5598 2999 5671 rigore
3050 5598 3254 5658 laxare.
3304 5598 3614 5672 Requisitus
