4138 6320
556 350 663 408 159

989 352 1047 407 S.
1084 351 1286 407 PETRI
1326 351 1603 409 DAMIANI
1638 351 1792 407 OPP.
1829 352 2062 412 TOMUS
2092 355 2222 414 SEU
2257 356 2438 413 PARS
2476 357 2559 415 El.
2599 388 2671 402 -
2696 358 3059 418 OPIJSCULA
3101 364 3323 420 VARIA.

3703 371 3815 427 πο

557 478 741 522 utrum
768 464 1045 536 pulmento
1061 466 1322 534 quolibet,
1371 467 1489 521 ovis
1502 463 1587 520 vel
1610 478 1773 521 caseo
1795 475 2129 521 vesceretur:
2164 471 2211 531 Α
2239 481 2400 531 rium,
2432 482 2530 523 nec
2558 468 2784 525 multum
2823 471 3031 535 timeas,
3079 472 3124 528 si
3170 472 3347 529 solitze
3373 475 3656 532 servitutis
3699 493 3814 535 non

557 560 796 631 negavit.
833 558 1037 614 Rursus
1066 558 1111 613 si
1146 558 1385 628 piscibus
1413 566 1507 612 aut
1535 558 1753 626 pomis?
1808 558 2013 623 Pisces,
2043 557 2139 624 ait,

554 661 614 707 et
636 665 816 723 poma,
845 650 891 706 si
917 664 1025 721 qua
1053 658 1199 715 sunt,
1227 650 1614 717 regrotantihus
1646 650 1880 719 prmheo.
1912 665 2140 718 quorum

558 756 666 797 non
702 741 981 797 minimam
1018 740 1415 796 multitudinem
1454 739 1637 808 jacere
1685 740 1737 793 in
1787 738 1990 795 nostris
2020 753 2143 808 par-

560 830 704 888 tibus
749 830 1065 899 ingemisco.
1111 829 1353 898 Cumque
1402 814 1551 884 illum
1604 830 1770 883 durus
1815 836 2037 883 exactor
2087 829 2141 884 in

560 928 795 991 angusto
818 918 1218 987 concluderem,
1243 918 1458 973 dicens:
1487 917 1639 973 Unde
1664 932 1795 987 ergo
1823 916 1928 973 illis
1953 916 2142 973 diebus

564 1008 846 1064 remissius
869 1008 1024 1073 vivis,
1049 1007 1093 1062 si
1123 1006 1259 1061 nihil
1278 1022 1463 1062 eorum
1491 1006 1729 1062 comedis
1769 1020 1889 1076 qua:
1919 1021 2141 1063 necesse

558 1097 630 1154 sit
662 1097 744 1152 vel
779 1096 993 1169 ignibus
1031 1096 1279 1166 decoqui,
1320 1096 1403 1150 vel
1454 1097 1508 1151 in
1541 1095 1823 1151 arboribus
1865 1096 2142 1151 inveniri?

548 1190 839 1259 respondit
886 1207 898 1241 :
959 1187 1245 1253 Fcniculo,
1294 1187 1497 1257 inquit,
1556 1202 1678 1241 cum
1721 1201 1862 1255 pane
1911 1186 2142 1241 libenter

558 1292 776 1334 vescor.
803 1276 923 1333 Mox
953 1278 1204 1332 nimirum
1230 1276 1400 1347 perite
1422 1276 1643 1348 cognovi
1668 1290 1828 1345 quam
1852 1276 2143 1332 carnaliter

561 1368 727 1424 homo
759 1368 986 1431 viveret,
1021 1368 1113 1436 qui
1148 1382 1275 1423 suas
1307 1366 1528 1422 delicias
1571 1366 1624 1437 in
1667 1364 1898 1421 feniculo
1946 1365 2142 1421 consti-

560 1462 774 1515 tuisset.
823 1458 994 1515 llabct
1038 1461 1195 1528 plane
1231 1459 1451 1515 uberem
1497 1457 1856 1527 lacrymarum
1888 1455 2138 1525 gratiam,

557 1548 654 1604 sed
696 1547 979 1603 alternam.
1033 1547 1166 1602 Cum
1196 1548 1340 1601 enim
1390 1546 1632 1601 reclusus
1658 1547 1759 1601 sub
1789 1546 2039 1602 districto
2081 1561 2142 1601 se

556 1637 773 1693 silentio
804 1637 1067 1709 reprimit,
1110 1646 1335 1704 mox,ut
1379 1636 1627 1701 voluerit,
1659 1636 1941 1692 afﬂuenter
1982 1635 2136 1706 plan-

560 1728 677 1798 git:
706 1737 765 1782 at
792 1727 837 1781 si
876 1726 1144 1797 colloquio
1173 1726 1564 1795 frequentetur,
1592 1725 1774 1782 fletum
1809 1741 1867 1782 se
1895 1726 2142 1781 amisisse

556 1817 929 1888 conqueritur.
964 1815 1099 1871 Nam
1147 1828 1203 1873 et
1252 1831 1351 1887 ego
1387 1816 1462 1871 illi
1509 1831 1649 1887 saepe
1686 1816 1966 1886 penuriam
2008 1831 2142 1871 mea:

541 1907 829 1977 tarditatis
859 1907 1185 1979 impropero,
1219 1907 1406 1963 dicens
1432 1921 1446 1959 :
1497 1906 1643 1961 Heu!
1674 1907 1913 1977 inquam,
1947 1905 2020 1961 mi
2051 1921 2142 1976 pa-

558 2008 663 2064 ter,
707 1998 823 2053 istm
879 2007 982 2053 tute
1037 1998 1287 2069 lacrymm
1324 1996 1623 2053 infecundae
1663 2006 1809 2061 sunt,
1846 2013 1968 2069 quae
2009 1998 2144 2053 alias

556 2092 763 2146 orando
788 2092 1057 2162 lacrymas
1076 2107 1268 2162 parere
1298 2102 1587 2161 nequeunt.
1607 2092 1858 2161 Optarem
1886 2107 2141 2163 namque,

558 2180 702 2246 quod
754 2194 1093 2250 consequens
1142 2189 1246 2245 est,
1303 2180 1579 2245 nimirum,
1627 2193 1686 2234 ut
1732 2182 1873 2236 sicut
1914 2190 1969 2237 tu
2011 2182 2141 2237 mihi

546 2276 713 2341 pater
740 2283 820 2336 es,
863 2269 936 2322 ita
971 2268 1325 2325 nihilominus
1365 2278 1419 2325 et
1458 2278 1560 2323 tua:
1603 2269 1857 2340 lacrytnze
1901 2285 2142 2331 mearum

560 2373 777 2430 quoque
805 2357 1166 2431 lacrymarum
1194 2360 1385 2415 fierent
1412 2360 1720 2429 genitrices.

1180 2449 1408 2505 CAPUT
1448 2448 1516 2503 Χ.

726 2539 982 2596 Τειιειιιιω
1006 2541 1332 2597 discretionis
1356 2542 1642 2597 admonitio
1667 2559 1980 2598 necessaria.

630 2634 852 2691 Possem
882 2633 973 2689 tibi
998 2634 1172 2689 adhuc
1198 2634 1362 2690 multa
1386 2634 1623 2704 quidem,
1651 2644 1705 2689 et
1733 2635 1836 2689 alia
1864 2651 1969 2691 non
1995 2636 2145 2704 igno-

546 2724 753 2801 biliora
791 2722 860 2779 de
904 2724 1010 2788 his,
1044 2723 1135 2793 qui
1182 2723 1338 2779 nobis
1367 2723 1480 2778 noti
1524 2733 1669 2789 sunt,
1712 2723 1969 2779 fratribus
2005 2724 2141 2780 scri-

558 2816 712 2883 bere,
727 2815 772 2873 si
798 2831 904 2871 non
921 2832 1244 2888 magnopere
1269 2815 1595 2898 lusuriantis
1615 2817 1737 2888 styli
1766 2815 2037 2871 fastidium
2060 2818 2146 2873 ἀει

562 2910 812 2965 vitarem.
828 2910 1034 2965 Vereor
1049 2909 1213 2965 etiam
1227 2924 1293 2965 ne
1313 2908 1508 2980 pagina
1533 2907 1647 2964 haec
1663 2909 1718 2963 in
1734 2922 1923 2963 manus
1956 2922 2143 2962 eorum

563 3001 632 3056 de
654 2999 848 3070 quibus
872 2999 1110 3070 loquitur
1155 2999 1371 3064 veniat;
1394 3006 1653 3053 eteorum
1676 2998 1903 3062 animos,
1929 2997 2018 3065 qui
2037 2995 2147 3051 lau-

563 3089 681 3145 dari
710 3088 764 3143 in
803 3089 905 3145 hac
941 3089 1053 3143 vita
1090 3086 1434 3143 laudabiliter
1463 3095 1836 3151 exsecrantur,
1884 3085 2140 3141 offendat.

563 3178 691 3235 lltec
708 3186 885 3234 autem
913 3174 1496 3247 ideircotibi'exempla
1526 3175 1799 3246 proposui,
1821 3148 1878 3229 ut
1898 3175 2022 3229 dum
2043 3189 2150 3227 ma-
2176 3148 2221 3210 (ἶ
2254 3178 2396 3248 quod
2447 3148 2579 3233 dicis
2624 3195 2638 3231 :

558 3267 682 3338 jora
708 3266 958 3324 fortassis
973 3268 1203 3322 aliorum
1224 3266 1365 3321 bona
1385 3265 1716 3329 consideras,
1747 3272 1835 3318 tua
1857 3262 2150 3334 dijudices;

565 3370 622 3418 et
661 3369 924 3417 tumorem
971 3358 1358 3431 singularitatis
1402 3354 1681 3424 objiciens,
1722 3371 1843 3410 cum
1886 3354 2071 3410 tuultis
2103 3363 2153 3409 te

566 3454 690 3510 aliis
710 3454 765 3510 in
790 3466 962 3509 sacrae
980 3450 1181 3505 militiae
1200 3448 1374 3506 stadio
1393 3463 1614 3504 currere
1632 3462 1739 3503 non
1767 3447 2001 3516 ignores.
2028 3444 2149 3501 Mox

565 3544 894 3601 utdicuntur
908 3558 974 3597 ea
992 3541 1111 3606 Job,
1127 3557 1246 3611 qua:
1259 3540 1505 3611 proprias
1524 3540 1667 3593 vires
1686 3539 1968 3603 excedant,
1992 3538 2154 3607 proti-

568 3651 674 3691 nus
693 3637 760 3690 ad
778 3634 1108 3705 pmnitentiae
1132 3632 1488 3702 patrocinium
1508 3630 1756 3686 convolat
1771 3629 1893 3702 (Job
1930 3631 2148 3699 xxxiii),

570 3726 731 3797 797
764 3724 838 3780 ita
873 3724 1123 3779 utetiam
1152 3723 1233 3777 ori
1270 3738 1368 3777 suo
1398 3722 1626 3792 digitum
1667 3728 2031 3791 superponat,
2063 3718 2148 3775 di-

569 3831 735 3874 cens:
779 3833 797 3867 ι
828 3814 1043 3871 Leviter
1066 3814 1279 3870 locutus
1306 3829 1426 3869 sum
1458 3813 1507 3885 (1
1538 3812 1668 3883 Reg.
1698 3812 1777 3884 ι).
1804 3832 1823 3865 ι
1858 3812 2148 3884 Postquam

569 3916 721 3963 certe
768 3904 975 3961 audivit
1043 3904 1190 3961 Elias
1247 3914 1451 3975 septem
1504 3903 1670 3959 millia
1727 3903 1969 3958 virorum
2025 3913 2151 3960 ante

569 3998 702 4055 Baal
731 4011 905 4071 genua
938 4012 1046 4053 non
1082 3994 1318 4063 ﬂexisse,
1349 3996 1537 4051 didicit
1559 3994 1672 4063 jam
1715 4011 1820 4050 non
1862 3996 1928 4051 de
1967 3994 2150 4065 singu-

571 4091 787 4147 laritate
814 4098 1136 4155 tumescere,
1164 4089 1288 4143 dum
1321 4087 1504 4158 plures
1533 4086 1854 4143 innocentiae
1882 4100 1990 4141 suae
2018 4102 2147 4142 con-

568 4187 747 4238 sortes
774 4181 1019 4237 haberet.
1058 4181 1123 4235 Et
1153 4181 1191 4236 ii
1234 4195 1382 4245 sane,
1436 4195 1666 4250 quorum
1713 4178 1962 4249 superius
1990 4194 2145 4234 men-

570 4278 774 4332 tionem
802 4273 929 4342 feci,
970 4290 1075 4330 non
1101 4275 1257 4341 clari,
1301 4291 1408 4331 non
1438 4274 1655 4339 famosi,
1686 4290 1791 4329 non
1827 4282 1975 4329 certe
2006 4272 2147 4344 vulgi

571 4366 826 4438 opinione
852 4366 1154 4433 notabiles;
1211 4368 1306 4423 sed
1330 4365 1683 4437 despicabiles
1720 4372 1776 4421 et
1813 4364 2042 4435 pannosi
2072 4364 2153 4418 ita

573 4470 632 4512 se
654 4455 813 4511 bonis
838 4455 1089 4510 omnibus
1121 4452 1407 4510 inferiores
1439 4454 1708 4524 judicant,
1749 4462 1808 4509 ut
1852 4454 2013 4508 etiam
2053 4468 2148 4510 no-
2178 4451 2210 4524 ζ

570 4542 657 4599 his
705 4557 782 4607 se.
827 4542 1138 4614 nostrisque
1183 4540 1450 4597 similibus
1497 4541 1738 4612 quolibet
1776 4544 2151 4600 conversionis

572 4631 773 4688 indicio
816 4647 921 4686 nou
974 4641 1314 4702 praeponam.
1358 4630 1520 4687 Nobis
1547 4641 1725 4687 autem
1770 4631 1979 4689 scilicet
2020 4648 2146 4689 eon-

573 4733 857 4781 vescentes
902 4738 1010 4779 non
1060 4721 1422 4794 dedignantur
1448 4722 1724 4779 communi
1753 4737 1942 4778 mensa
1980 4723 2150 4794 parti-

572 4817 773 4887 cipare,
802 4816 909 4871 imo
933 4824 1190 4886 tanquam
1219 4829 1478 4886 suppares
1502 4828 1663 4870 omne
1690 4814 1844 4871 nobis
1870 4814 2150 4870 charitatis

546 4902 808 4961 'oﬂicium
841 4905 1180 4960 familiariter
1216 4903 1491 4960 exhibent.
1527 4903 1605 4959 Tu
1633 4918 1847 4975 quoque
1886 4905 1930 4960 si
1979 4915 2147 4969 recte,

573 4998 621 5051 si
650 4997 907 5062 discreto,
962 4996 1006 5051 si
1050 4995 1322 5052 fructuose
1351 5011 1449 5066 per
1476 4995 1619 5050 viam
1650 4995 1734 5050 vis
1778 5011 1906 5052 vere
1938 4996 2153 5069 religio-

574 5089 661 5143 nis
687 5087 960 5155 incedere,
984 5087 1061 5144 sic
1097 5082 1410 5158 tibimetipsi
1439 5085 1514 5142 sis
1537 5096 1787 5142 austeras
1822 5098 1879 5142 et
1922 5087 2148 5158 rigidus,

573 5188 634 5233 ut
670 5177 792 5233 aliis
833 5178 1069 5235 videaris
1109 5177 1297 5233 hilaris
1335 5187 1390 5233 et
1433 5178 1720 5243 remissus;
1775 5177 1854 5233 sic
1902 5178 2041 5233 intra
2075 5188 2147 5235 te-

575 5267 867 5339 metipsum
914 5270 1131 5326 studeas
1169 5269 1225 5324 in
1271 5268 1613 5325 rectitudinis
1648 5282 1774 5324 arce
1818 5268 2148 5340 prazcellere,

576 5370 637 5415 ut
685 5360 903 5417 noveris
954 5368 1006 5417 te
1052 5370 1108 5417 et
1146 5360 1372 5417 infirmis
1421 5359 1679 5416 fratribus
1729 5360 2151 5418 misericorditer

576 5451 870 5517 inclinare;
904 5452 981 5508 sic
1022 5451 1075 5505 in
1117 5451 1365 5508 tribunali
1395 5451 1591 5507 mentis
1617 5461 1721 5507 ture
1742 5450 1965 5520 justitize
1998 5451 2146 5508 frena

577 5541 822 5611 dispone,
866 5550 927 5595 ut
969 5549 1145 5596 tamen
1185 5541 1621 5611 delinquentibus
1662 5559 1766 5598 non
1796 5543 2148 5616 obdurescas,

577 5630 863 5688 venialiter
888 5631 1229 5702 indulgendo.
1266 5631 1350 5686 Sit
1382 5632 1437 5687 in
1475 5631 1638 5687 corde
1666 5646 1886 5699 mceror,
1916 5634 1967 5687 in
1999 5632 2149 5686 vultu

580 5719 795 5792 laetitia;
827 5720 879 5776 in
920 5718 1103 5777 fratris
1132 5719 1363 5776 adventu
1388 5732 1515 5776 caro
1564 5727 1653 5777 tua
1697 5718 1894 5777 sentiat
1929 5717 2150 5791 refrige-

2243 556 2468 627 impleas
2491 572 2736 627 pensum.
2764 559 3019 615 Pulsaute
3048 561 3292 617 cellulam
3320 572 3463 619 tuam
3496 565 3664 621 fratre
3687 582 3819 638 pro-

2243 649 2393 704 tinus
2431 650 2617 705 tristes
2648 666 2793 722 rugae
2838 652 3138 720 discedant,
3178 665 3456 711 contracta
3491 672 3550 713 se
3584 674 3685 716 ora
3720 675 3817 718 ro—

2239 741 2472 808 solvant,
2514 757 2706 797 serena
2755 742 2919 799 facies
2951 753 3219 810 occurrat,
3254 746 3446 801 festina
3479 747 3628 805 frons
3666 749 3818 806 laeti-

2242 832 2370 887 tiam
2414 832 2683 903 przeferat.
2736 834 3022 890 Peccatum
3068 837 3126 892 in
3170 846 3222 892 te
3269 840 3462 895 mortis
3509 842 3815 909 periculum

2240 922 2463 991 deputa,
2489 923 2542 977 in
2571 924 2693 978 aliis
2717 924 3063 995 fragilitatem
3095 929 3420 985 conditionis
3448 932 3677 1002 appella.
3706 931 3813 988 De-

2239 1025 2401 1065 cerne
2435 1011 2594 1067 alium
2643 1013 2811 1068 ferula
2854 1014 3095 1084 dignum,
3142 1016 3282 1071 unde
3330 1028 3382 1072 te
3432 1021 3815 1089 scorpionibus

2240 1101 2523 1157 arbitraris
2578 1103 2890 1158 obnoxium.
2949 1103 3064 1158 Non
3132 1107 3210 1161 sis
3270 1107 3471 1176 justior
3517 1109 3700 1177 justo;
3750 1120 3813 1167 et

2240 1191 2331 1262 qui
2374 1193 2530 1247 times
2566 1202 2783 1263 peccata
2814 1194 3177 1260 committere,
3208 1211 3318 1251 non
3359 1196 3572 1253 dubites
3597 1200 3816 1254 veniam

2240 1282 2584 1351 peccantibus
2630 1281 2924 1351 impertire.
2956 1281 3071 1337 Non
3118 1292 3201 1338 est
3242 1284 3333 1339 illa
3377 1297 3524 1340 recta
3561 1285 3803 1355 justitia,

2239 1384 2360 1438 qua:
2393 1371 2444 1424 iu
2476 1371 2871 1441 desperationis
2896 1370 3106 1427 foveam
3154 1384 3362 1430 mentes
3384 1377 3650 1446 pertrahit
3675 1377 3816 1432 alie-

2239 1476 2357 1516 nas.
2406 1460 2524 1516 Non
2554 1469 2640 1516 est
2684 1462 2946 1517 medicina
2994 1463 3299 1543 laudabilis,
3347 1481 3466 1536 quae
3491 1467 3571 1522 sic
3596 1467 3816 1539 putrida

2242 1559 2487 1617 resecat,
2535 1560 2593 1605 ut
2626 1550 2785 1605 simul
2835 1552 2999 1606 etiam
3038 1568 3169 1607 sana
3218 1564 3554 1624 corrumpat.
3607 1555 3820 1614 Noxius

2240 1640 2381 1711 ignis
2415 1649 2517 1705 est,
2546 1641 2637 1711 qui
2672 1642 2752 1697 sic
2778 1643 2967 1697 nititur
2993 1658 3184 1712 vepres
3212 1660 3468 1710 exurere,
3512 1656 3572 1701 ut
3611 1647 3820 1705 insiliat

2240 1732 2401 1786 etiam
2448 1732 2637 1788 domos
2689 1732 2861 1803 globis
2904 1732 3207 1789 furentibus
3252 1734 3604 1804 conflagrare.
3654 1736 3816 1793 Enim

2172 1800 2215 1861 Β
2244 1838 2396 1890 vero,
2444 1823 2537 1892 qui
2582 1824 2812 1879 aliorum
2860 1824 2993 1879 vitia
3040 1839 3107 1879 ex
3152 1840 3302 1881 more
3339 1826 3571 1882 libenter
3618 1827 3819 1898 carpit,

2242 1916 2447 1987 peccati
2477 1916 2687 1971 macula
2717 1931 2824 1972 non
2865 1917 3089 1983 evadet;
3131 1918 3278 1993 quia
3304 1918 3429 1974 licet
3457 1919 3573 1974 zelo
3590 1918 3820 1987 iustitia:

2241 2006 2471 2071 ferveat,
2512 2008 2802 2077 aliquando
2848 2023 3070 2063 necesse
3109 2018 3194 2064 est
3244 2019 3304 2063 ut
3351 2009 3404 2064 in
3455 2008 3680 2079 laqueos
3720 2011 3821 2065 de-

2245 2096 2530 2152 tractionis
2553 2095 2833 2167 impingat.
2856 2095 3039 2160 Plane,
3064 2096 3171 2151 nisi
3196 2098 3423 2153 multum
3452 2109 3635 2153 nostra
3661 2099 3821 2154 nobis

2241 2186 2351 2241 vita
2403 2186 2840 2257 splendescerct,
2892 2201 2998 2240 non
3060 2194 3340 2256 tantopere
3394 2188 3594 2242 nostris
3646 2186 3822 2243 oculis

2242 2276 2417 2331 aliena
2443 2275 2785 2331 conversatio
2822 2274 3154 2345 displiceret.
3189 2276 3246 2331 Si
3284 2277 3515 2332 districti
3543 2280 3691 2333 circa
3720 2293 3823 2332 nos

2242 2379 2513 2430 essemus,
2557 2373 2616 2419 ut
2663 2365 2882 2434 dignum
2919 2375 3022 2432 est,
3046 2364 3277 2434 judices,
3329 2382 3436 2422 non
3471 2377 3578 2421 tam
3616 2368 3826 2438 rigidos

2242 2455 2586 2524 experiretur
2629 2456 2805 2512 aliena
2844 2456 3002 2527 culpa
3033 2472 3315 2522 censores;
3348 2458 3402 2511 in
3450 2458 3585 2512 alios
3613 2456 3833 2513 scilicet

2243 2544 2538 2616 disciplina:
2561 2555 2757 2601 nostra:
2784 2546 2937 2615 vigor
2956 2546 3285 2611 extenditur,
3303 2547 3429 2601 dum
3457 2549 3600 2602 circa
3631 2564 3824 2602 exces-

2244 2650 2337 2691 sus
2369 2637 2615 2707 proprios
2637 2636 2747 2692 sola
2771 2637 2989 2706 pietatis
3014 2646 3070 2692 et
3096 2638 3523 2693 mansuetudinis
3550 2639 3670 2709 jura
3699 2655 3822 2693 ser-

2243 2737 2408 2784 vantu
2418 2744 2461 2782 r.
2480 2728 2585 2783 Sed
2612 2743 2868 2797 quorsum
2891 2727 3177 2795 ista?Quia
3195 2729 3391 2783 diceris
3412 2744 3599 2783 omnes
3621 2728 3826 2782 fratres

2248 2828 2367 2874 tuos
2405 2827 2512 2872 tam
2560 2828 2801 2881 austera,
2834 2825 2940 2871 tam
2972 2815 3323 2887 superciliosa
3366 2816 3664 2887 dijudicare
3691 2831 3822 2871 sen-

2248 2908 2439 2973 tentia,
2484 2918 2543 2961 ut
2569 2922 2665 2977 per
2703 2908 2867 2962 totius
2898 2907 3026 2962 anui
3070 2906 3329 2962 circulum
3371 2907 3607 2971 nonnisi
3631 2906 3827 2974 semel,

2244 3009 2298 3055 et
2332 3008 2456 3054 tunc
2513 3015 2619 3055 non
2673 3015 2703 3053 a
2760 2999 2835 3053 tui
2893 2998 3207 3053 monasterii
3261 2998 3673 3064 sacerdotibus,
3729 3001 3828 3054 sed

2253 3088 2469 3144 aliunde
2495 3088 2754 3158 quaesitis,
2783 3088 2963 3142 divina
3003 3088 3272 3158 percipias
3297 3098 3659 3143 sacramenta.
3693 3089 3828 3143 Dico

2699 3177 2832 3245 Quis
2894 3177 3037 3232 hunc
3085 3177 3459 3248 presbyterum
3512 3177 3829 3232 ordinavit?

2255 3271 2663 3340 Respondetur,
2712 3268 2800 3324 ille
2847 3268 3152 3339 episc0pus.
3200 3266 3267 3322 Et
3321 3267 3534 3337 ipsum,
3586 3266 3708 3330 ais,
3759 3268 3828 3319 ad

2253 3361 2595 3432 episcopatus
2642 3357 2875 3416 officium
2918 3357 3175 3429 qualiter.
3220 3366 3313 3413 aut
3357 3357 3479 3426 quis
3518 3356 3830 3427 promovit?

2253 3452 2400 3524 Papa
2430 3451 2671 3518 scilicet;
2716 3452 2950 3522 qualiter
2980 3462 3183 3515 autem,
3222 3449 3322 3520 ipsi
3358 3449 3628 3515 viderint;
3668 3462 3859 3513 moxg

2252 3561 2359 3616 que
2409 3544 2687 3614 subjungis
2734 3560 2749 3597 :
2823 3541 2955 3598 Esto
3010 3543 3227 3597 tandem
3274 3541 3417 3611 quod
3465 3555 3605 3619 papa
3655 3537 3828 3610 gratis

2250 3634 2558 3703 episcopum
2599 3631 2969 3697 consecravit;
3016 3629 3260 3701 nunquid
3303 3640 3358 3684 et
3403 3645 3537 3699 papa
3589 3627 3702 3698 ipse
3754 3626 3825 3682 ad

2250 3723 2555 3799 apostolica:
2584 3722 2727 3777 sedis
2759 3721 2967 3792 apicem
3001 3723 3169 3793 gratis
3206 3720 3486 3776 ascendit?
3511 3718 3623 3774 [lae
3652 3718 3824 3790 igitur

2251 3815 2395 3870 inter
2433 3813 2762 3869 mirabilium
2808 3814 3166 3883 quaestionum
3217 3813 3519 3882 perniciosa
3568 3810 3822 3880 caligine,

2248 3913 2508 3977 quantum
2560 3905 2613 3958 in
2667 3913 2719 3959 te
2767 3911 2869 3968 est,
2912 3904 3167 3959 saeculum
3219 3917 3381 3957 omne
3421 3899 3725 3965 confundis,
3771 3913 3829 3956 et

2224 3993 2395 4048 velut
2429 4007 2607 4059 mare,
2647 3993 2713 4048 de
2750 3993 3035 4063 temetipso
3068 4000 3439 4061 tempestatem
3467 3989 3634 4063 798
3661 4006 3828 4060 gene-

2249 4098 2398 4149 ra-ns,
2430 4099 2532 4139 nec
2579 4084 2693 4156 ipse
2734 4084 2991 4155 quiescis,
3030 4098 3131 4140 nec
3165 4083 3302 4138 alios
3348 4083 3531 4139 vivere
3580 4084 3631 4137 in
3673 4092 3829 4137 tran-

2249 4177 2524 4247 quiltitate
2560 4177 2851 4248 permittis.
2879 4176 2975 4232 llis
3005 4175 3153 4232 enim
3196 4184 3253 4232 et
3286 4174 3590 4244 hujusmodi
3630 4176 3832 4242 ineptis

2224 4268 2683 4345 ‘ltacsitationihus
2722 4269 2955 4324 haereses
2990 4283 3131 4338 sar-pe
3169 4275 3223 4324 et
3256 4268 3542 4323 schismata
3571 4266 3832 4337 pestilen-

2253 4366 2335 4413 ter
2380 4366 2698 4428 emergunt,
2746 4373 2866 4427 quae
2915 4356 3163 4414 incautas
3216 4358 3491 4411 hominum
3540 4354 3751 4409 animas
3795 4371 3830 4409 a

2252 4448 2519 4504 catholica
2578 4449 2784 4504 unitate
2834 4449 3152 4520 prmcidunt.
3206 4446 3277 4504 Ut
3338 4447 3483 4503 enim
3538 4445 3718 4502 verbis
3777 4457 3830 4501 te

2252 4538 2564 4610 apostolicis
2588 4537 2869 4606 alloquar:
2915 4558 2933 4591 ι
2961 4537 3041 4593 Tu
3071 4538 3192 4608 quis
3220 4552 3303 4602 es,
3331 4535 3656 4605 qtt'rjudicas
3693 4534 3830 4590 alie-

2253 4644 2384 4685 num
2435 4628 2690 4684 servum?
2722 4629 2833 4683 Suo
2878 4629 3021 4683 enim
3058 4627 3275 4683 domino
3328 4632 3470 4692 stat,
3517 4632 3609 4679 aut
3658 4625 3825 4686 cadit,

2251 4719 2618 4775 stabitautem
2650 4736 2662 4772 :
2700 4726 2891 4788 potens
2928 4728 3011 4772 est
3051 4717 3193 4771 enim
3240 4717 3381 4771 Deus
3410 4725 3647 4770 statuere
3676 4711 3827 4791 illum

2253 4809 2433 4882 (Rom.
2481 4810 2649 4871 mla
2685 4807 2799 4863 Non
2826 4824 3013 4879 omnes
3041 4810 3129 4878 qui
3160 4808 3213 4863 iu
3254 4806 3505 4877 prmtorio
3528 4813 3673 4871 sunt,
3704 4820 3828 4873 pro-

2253 4900 2432 4955 tuendi
2477 4898 2766 4967 judiciales
2810 4898 3047 4953 calculos
3075 4898 3453 4952 archisterium
3483 4895 3825 4956 sortiuntur;

2257 5005 2431 5060 neque
2470 5004 2660 5045 omnes
2686 4989 2776 5058 qui
2820 4998 2945 5044 sunt
2977 4989 3115 5041 intra
3160 4986 3479 5047 Eeclesiam,
3514 4986 3697 5040 claves
3726 4984 3832 5039 Ec-

2256 5081 2436 5137 clesia:
2475 5089 2846 5149 susceperunt.
2894 5079 3027 5135 Cum
3068 5077 3135 5133 ad
3179 5078 3350 5132 aliena
3375 5075 3666 5147 jndicanda
3703 5074 3829 5146 quis

2253 5178 2573 5241 arroganter
2600 5169 2926 5230 extenditur,
2960 5169 3025 5223 ad
3052 5185 3113 5224 ea
3150 5168 3390 5240 profecto
3432 5166 3827 5221 consideranda

2254 5275 2375 5330 quia
2409 5275 2504 5314 sua
2531 5268 2673 5322 sunt,
2707 5258 2951 5314 obtusior
2976 5258 3265 5313 invenitur.
3302 5255 3454 5311 Tunc
3479 5257 3621 5311 enim
3653 5257 3830 5311 socia-

2254 5349 2320 5405 lis
2357 5352 2476 5405 vitze
2523 5358 2883 5421 congruenter
2923 5356 3007 5403 est
3047 5347 3180 5403 ordo
3220 5348 3533 5417 dispositus,
3582 5349 3625 5401 si
3663 5363 3832 5401 unus-

2254 5442 2481 5512 quisqne
2521 5438 2721 5511 proprii
2761 5438 2904 5510 juris
2948 5437 3119 5491 limite
3150 5438 3219 5492 sit
3249 5446 3573 5493 contentus:
3614 5437 3705 5491 ubi
3737 5453 3831 5491 au-

2255 5543 2363 5587 tem
2413 5532 2551 5585 alter
2592 5529 2814 5584 alterius
2847 5528 3135 5583 terminum
3176 5527 3603 5596 supergreditur,
3651 5525 3831 5579 omnis

2254 5623 2497 5693 profecto
2522 5630 2670 5679 recte
2696 5620 2903 5676 vivendi
2926 5620 3064 5675 linea
3090 5634 3311 5676 necesse
3332 5627 3413 5674 est
3438 5615 3825 5675 confundatur.

2255 5715 2499 5773 Sufﬁciat
2545 5730 2672 5786 ergo
2717 5712 2872 5770 nobis
2902 5711 3246 5769 considerare
3294 5727 3413 5783 qua:
3461 5718 3647 5766 nostra
3678 5713 3829 5770 sunt,
