4136 5308
349 367 447 428 761

1327 365 1570 426 OPUSC.
1611 369 1697 426 Li.
1725 395 1794 411 -
1835 370 1922 427 DE
1960 371 2115 430 VlTA
2159 369 2550 428 EREHITICA.

3485 373 3609 428 -789

351 503 419 542 ne
458 485 586 543 dum
627 482 801 540 aliena
839 485 1188 542 immoderate
1233 487 1630 556 persequimur,
1677 503 1706 542 ο
1753 489 1924 544 nostri
1955 496 2003 554 Α
2030 487 2246 543 nomine
2270 486 2622 558 pienitentiie,
2653 484 3030 558 obrigescebat
3064 485 3118 540 ln
3141 485 3394 541 sensibus
3417 500 3610 557 sopora

350 574 554 632 laboris
600 573 777 628 fructu
833 584 887 629 et
929 575 1089 644 digna
1132 575 1378 632 mercede
1416 591 1727 632 vacuemur.
1777 579 1922 646 «Qui

349 667 495 722 enim
550 675 714 720 totam
758 665 927 736 legem
971 668 1304 729 servaverit,
1349 667 1585 722 offendat
1637 678 1822 724 autem
1871 670 1927 724 in

350 772 478 822 uno,
514 755 688 812 factus
713 768 796 812 est
824 759 1066 812 omnium
1094 775 1220 813 reus
1250 757 1392 828 (Jac.
1421 760 1503 824 ιι).
1539 779 1557 811 ι
1595 760 1657 814 Et
1686 759 1884 816 Paulus
1911 779 1923 814 :

354 867 374 900 ι
407 845 694 911 Modicum,
722 848 925 916 inquit,
975 848 1299 905 fermentum
1339 859 1503 905 totam
1537 867 1773 906 massam
1802 866 1925 907 cor-

350 935 551 1008 rumpit
579 934 664 1007 (Il
693 933 817 990 Cor.
843 938 919 1008 v).
944 955 962 989 ι

941 1028 1168 1084 CAPUT
1208 1029 1296 1086 XI.

694 1116 770 1172 De
809 1119 1061 1173 monacho
1101 1121 1317 1190 ﬂumine
1353 1133 1584 1176 caecato.

417 1205 537 1263 Vidi
567 1222 760 1277 nempe
790 1211 1113 1263 monachum
1145 1213 1428 1265 cremitam
1490 1214 1654 1266 vitam
1685 1213 1928 1268 districte

346 1298 484 1354 satis
515 1308 568 1354 et
613 1300 783 1369 rigide
831 1300 1193 1370 perferentem
1222 1321 1233 1356 :
1278 1305 1368 1371 qui
1400 1303 1652 1358 nimirum
1685 1316 1740 1359 ct
1778 1306 1927 1360 vultu

343 1389 608 1461 pallidus,
645 1401 696 1446 et
740 1408 970 1462 corpore
1017 1395 1366 1450 vehementer
1408 1398 1661 1462 afflictus,
1713 1401 1834 1454 fixis
1872 1401 1924 1454 in

345 1488 552 1535 terram
601 1481 798 1547 oculis,
849 1484 1047 1537 mundo
1079 1495 1324 1540 mortuus
1355 1489 1676 1554 videbatur;
1740 1492 1924 1544 vinum

338 1587 561 1642 quoque
611 1588 708 1644 per
752 1573 1147 1630 undecennium
1201 1594 1306 1630 non
1363 1590 1694 1645 gustaverat.
1728 1581 1854 1646 Sed,
1893 1598 1927 1636 0

343 1664 588 1720 terribile
637 1667 726 1719 Dei
757 1665 1042 1734 judicium,
1077 1678 1132 1722 et
1181 1669 1503 1740 profundum
1544 1688 1768 1728 summae
1817 1677 1927 1728 dis-

340 1757 615 1814 trictionis
663 1759 948 1831 abyssuml
1018 1759 1201 1816 Taedet
1246 1763 1446 1817 dicere.
1488 1764 1587 1818 llic
1633 1766 1926 1834 aliquando

2027 589 2332 650 correptus,
2377 579 2547 634 donec
2588 578 2871 633 horrenda:
2920 577 3080 635 morti
3108 579 3364 642 traditus,
3388 579 3457 633 ad
3485 593 3608 634 eum

2029 672 2116 726 cui
2172 671 2502 725 deditionem
2552 667 2757 723 fecerat
2813 678 2899 724 est
2969 668 3258 724 infeliciter
3301 669 3607 724 devolutus.

2028 763 2377 819 Postmodqu
2431 776 2556 816 vere
2610 777 2707 831 per
2741 760 2922 832 plures
2969 771 3157 815 noctes
3209 761 3365 832 nigra
3416 776 3610 815 canum

2031 857 2188 911 turba
2219 872 2324 910 non
2353 854 2602 909 cessabat
2622 853 2915 923 sepultura:
2944 852 3061 920 ejus
3080 853 3357 915 assistere,
3381 859 3432 905 et
3453 851 3606 920 quasi

2031 950 2331 1021 depositmn
2371 948 2668 1011 custodire,
2717 948 2791 1000 ita
2842 956 2901 1000 ut
2951 961 3055 999 non
3084 945 3310 999 minimo
3365 945 3610 998 videntes

2031 1047 2258 1101 horrore
2303 1051 2674 1097 concuterent.
2702 1039 2813 1094 lleu
2843 1055 3007 1109 quam
3055 1038 3354 1108 perniciosa
3384 1052 3472 1092 res
3500 1035 3612 1106 spi-

2027 1136 2163 1180 ritus
2190 1135 2485 1181 contumax
2529 1136 2583 1180 et
2607 1126 2874 1197 litigiosus
2901 1125 2953 1180 in
2986 1127 3284 1180 monacho!
3314 1125 3412 1180 llic
3433 1126 3603 1194 enim,

2025 1217 2153 1286 quia
2203 1217 2550 1285 temporalem
2594 1218 2796 1273 habere
2825 1233 3012 1286 pacem
3046 1231 3167 1271 cum
3201 1217 3314 1271 suis
3344 1216 3606 1273 fratribus

2027 1312 2220 1375 noluit,
2265 1321 2479 1365 aiter-me
2505 1311 2654 1380 pacis
2673 1311 2952 1380 gaudium,
3000 1311 3052 1364 in
3103 1319 3364 1363 tartarum
3396 1309 3606 1364 demer-

2025 1419 2137 1467 sus,
2169 1403 2372 1456 amisit.
2418 1403 2529 1457 lloc
2572 1413 2750 1456 autem
2779 1411 2833 1455 et
2879 1401 2922 1455 si
2959 1401 3208 1470 praesenti
3242 1400 3380 1467 stylo
3411 1415 3608 1469 usque-

2025 1510 2236 1564 quaque
2263 1512 2366 1548 non
2392 1506 2675 1565 congruat,
2707 1496 2907 1548 idcirco
2933 1503 3112 1548 tamen
3143 1495 3284 1548 inter
3299 1495 3412 1547 lucc
3440 1493 3607 1561 apici-

2025 1587 2124 1640 bus
2153 1588 2409 1640 mandare
2437 1589 2773 1649 curavimus,
2817 1597 2873 1640 ut
2917 1603 3028 1640 rem
3076 1585 3510 1664 memorabilem,
3539 1598 3609 1639 ne

2025 1679 2224 1733 oblivio
2258 1679 2500 1740 tolleret,
2528 1680 2682 1747 quasi
2712 1680 2777 1732 ad
2808 1679 3066 1747 paxillum
3099 1679 3341 1733 funiculo
3373 1679 3612 1748 stringe-

2025 1787 2240 1833 rcmus;
2268 1779 2428 1839 atque
2460 1771 2547 1824 hic
2569 1771 2814 1838 quisquis
2839 1771 3112 1839 inquietus
3133 1770 3340 1824 ediscat
3359 1769 3423 1823 ad
3445 1781 3610 1840 quem

338 1847 399 1902 in
428 1848 737 1918 phrenesim
770 1851 1046 1916 decidens,
1079 1863 1244 1922 atque
1271 1854 1322 1908 in
1354 1855 1573 1910 belluini
1600 1857 1798 1912 furoris
1832 1876 1920 1913 ra-
1956 1856 1996 1913 Β
2027 1862 2188 1916 finem
2212 1860 2276 1915 lis
2306 1861 2548 1915 animosa
2574 1860 2853 1930 perducat.

301 1938 484 2008 _biem
515 1938 825 1993 immaniter
854 1941 1142 2003 efferatus,
1191 1959 1257 1998 ex
1306 1945 1554 1999 manibus
1604 1947 1656 2000 in
1705 1949 1917 2002 diversa

333 2027 651 2091 nitentium,
684 2039 740 2083 et
774 2030 1002 2086 vinculis
1029 2033 1226 2101 quibus
1267 2034 1588 2089 nectebatur
1616 2051 1673 2090 se
1702 2049 1921 2108 repente

333 2119 639 2189 proripuit;
697 2131 751 2174 ct
818 2122 907 2175 ubi
958 2123 1221 2193 plurimus
1271 2128 1552 2181 rotabatur
1600 2139 1811 2192 vortex,
1868 2131 1919 2184 in

336 2211 586 2280 Spumosi
633 2209 873 2266 fluminis
921 2215 1237 2283 voraginem
1288 2232 1498 2274 mersus
1547 2218 1770 2272 interiit.
1816 2218 1922 2274 Sed

335 2316 651 2372 quanquam
696 2304 890 2371 quovis
944 2308 1134 2361 mortis
1191 2309 1422 2364 articulo
1470 2312 1724 2364 meritmn
1765 2328 1920 2366 suum

335 2395 540 2465 cuique
571 2396 751 2466 perire
777 2413 883 2452 non
926 2400 1119 2468 possit,
1167 2401 1233 2453 ad
1283 2403 1383 2456 hoc
1423 2413 1600 2456 tamen
1649 2403 1752 2457 ista
1783 2421 1923 2473 prie-

337 2484 622 2549 misimus,
696 2496 757 2540 ut
803 2487 855 2540 in
899 2489 1228 2556 quibuslibet
1279 2491 1478 2545 nostris
1535 2492 1690 2546 bonis
1746 2494 1924 2562 Operi-

335 2580 444 2636 bus
476 2596 748 2649 nunquam
777 2583 1130 2651 pertinaciter
1154 2583 1520 2650 confidamus;
1551 2588 1646 2640 sed
1680 2599 1924 2641 mczuen-

335 2681 423 2729 tes
443 2687 658 2742 semper
690 2675 817 2744 quid
847 2691 1079 2744 superna
1112 2678 1177 2732 de
1205 2678 1361 2732 nobis
1393 2679 1662 2732 sententia
1697 2687 1920 2733 statuat.

336 2763 418 2818 De
446 2763 532 2818 his
558 2765 650 2833 qui
679 2765 957 2819 nobiseum
985 2774 1148 2829 sunt,
1173 2765 1416 2834 judicare
1451 2783 1604 2822 mens
1630 2778 1814 2822 nostra
1850 2777 1926 2821 te-

335 2867 491 2908 mere
520 2869 625 2907 non
673 2864 994 2922 praesumat;
1039 2864 1094 2910 et
1141 2857 1186 2910 si
1232 2857 1375 2911 enim
1425 2858 1672 2912 videmus
1703 2858 1754 2912 in
1790 2873 1926 2927 prte-

334 2943 482 3002 senti
527 2959 636 3012 quo
663 2945 961 3013 gradimur,
1007 2946 1320 3016 ignoramus
1367 2957 1547 3003 tamen
1577 2963 1684 3017 quo
1729 2964 1924 3002 cursus

335 3042 532 3090 noster
561 3035 669 3091 fine
719 3037 1022 3092 claudatur.
1069 3038 1227 3095 Patet
1273 3041 1357 3094 via
1398 3056 1518 3110 qua:
1571 3041 1798 3106 teritur;
1832 3042 1925 3096 sed

333 3125 616 3184 occultum
640 3136 724 3182 est
749 3142 857 3197 quo
880 3130 1212 3198 pervenitur.

946 3221 1175 3280 CAPUT
1214 3223 1328 3278 XII.

429 3309 509 3366 De
546 3313 802 3367 monacho
831 3314 920 3383 qui
951 3314 1147 3368 diaboli
1175 3315 1526 3385 patrocinium
1567 3314 1825 3383 qumivit.

408 3401 480 3459 Et
517 3403 643 3472 quia
673 3417 730 3457 se
756 3403 971 3458 occasio
996 3405 1228 3474 prmbuit
1250 3445 1264 3470 ,
1304 3404 1600 3459 terribilem
1651 3403 1925 3458 nihilomi-

335 3508 446 3549 nus
474 3500 530 3548 et
556 3492 782 3550 alterius
828 3495 1076 3550 monachi
1123 3511 1308 3550 casum
1341 3496 1772 3566 praetereundum
1803 3510 1925 3550 esse

333 3599 448 3640 non
498 3585 765 3649 ducimus,
817 3587 916 3641 etsi
967 3603 1072 3640 non
1122 3602 1446 3658 magnOpere
1493 3587 1620 3643 huic
1666 3587 1924 3656 opusculo

333 3689 638 3744 congruere
665 3676 961 3730 videamus.
987 3677 1044 3730 ln
1072 3676 1336 3731 Perusino
1360 3679 1713 3745 monasterio,
1744 3679 1920 3734 sancti

332 3766 589 3820 videlicet
615 3765 936 3831 Salvatoris,
967 3768 1055 3822 cui
1090 3776 1258 3839 nuper
1301 3779 1356 3825 et
1387 3771 1499 3840 ipse
1547 3771 1760 3840 pratfui.
1799 3772 1920 3841 qui-

333 3857 465 3910 dam
497 3857 796 3911 monachus
825 3859 984 3925 paulo
1015 3870 1141 3915 ante
1171 3860 1368 3923 fuerat,
1416 3865 1636 3918 nomine
1666 3863 1919 3934 Guinizo,

332 3953 553 4000 astutus
582 3947 742 4001 nimis
788 3948 952 4018 799
992 3958 1043 4002 et
1079 3951 1336 4011 callidus,
1368 3953 1720 4008 saecularibus
1763 3970 1924 4024 argu-

334 4035 540 4090 mentis
598 4051 661 4090 ac
692 4036 940 4106 litigiosis
971 4039 1411 4094 contentionibus
1455 4042 1806 4096 vehementer
1842 4043 1924 4098 in~

333 4135 544 4183 tentus.
585 4125 686 4181 llic
737 4128 920 4197 itaque
963 4128 1087 4182 dum
1130 4136 1186 4182 ct
1230 4127 1282 4182 in
1319 4130 1593 4185 mutandis
1633 4129 1922 4188 abbatibus

333 4227 391 4272 et
428 4218 688 4274 fratribus
735 4219 1116 4288 perturbandis
1163 4230 1398 4276 aestuans
1443 4237 1548 4277 non
1595 4222 1921 4292 quiesceret,

333 4311 403 4366 ad
452 4311 559 4366 hoc
602 4327 772 4382 usque
823 4312 1089 4380 pervenit,
1135 4321 1194 4366 ut
1223 4311 1422 4367 diaboli
1473 4313 1543 4367 ad
1584 4314 1923 4383 superandos

315 4403 560 4460 aemulos
609 4405 972 4475 patrocinium
1023 4414 1290 4476 qurereret
1335 4414 1388 4460 et
1437 4405 1556 4475 ejus
1599 4421 1658 4462 se
1701 4406 1923 4462 dictioni

331 4493 502 4550 etiam
547 4495 901 4565 corporaliter
953 4496 1324 4564 manciparat:
1355 4497 1440 4550 cui
1491 4505 1674 4552 tamen
1759 4499 1921 4553 scdu-

2603 1945 2830 2004 C:‘ll’UT
2881 1949 3015 2004 XIII.

2339 2040 2415 2094 De
2442 2041 2694 2108 patientia
2727 2041 2966 2092 monachi
3013 2041 3282 2094 exca’cati.

2091 2133 2237 2187 Inter
2272 2133 2454 2185 omnia
2503 2132 2666 2201 igitur
2739 2146 2858 2198 quae
2905 2131 3091 2185 divina
3123 2130 3277 2184 nobis
3331 2139 3456 2183 sunt
3493 2128 3609 2202 lege

2024 2226 2298 2288 mandata,
2332 2225 2467 2278 nihil
2502 2231 2586 2276 est
2622 2215 2889 2275 monacho
2927 2221 3248 2290 propensius
3273 2219 3605 2285 enitendum,

2023 2333 2184 2385 quam
2222 2325 2280 2369 ut
2312 2315 2628 2386 patientiam
2669 2315 2720 2366 in
2751 2313 3004 2367 omnibus
3047 2314 3270 2376 habeat,
3317 2328 3421 2380 qua
3452 2311 3608 2367 vide-

2025 2410 2146 2463 licet
2177 2407 2366 2461 alicnm
2409 2406 2698 2475 pravitatis
2736 2405 2988 2471 injuriam
3033 2404 3410 2473 aequanimiter
3446 2402 3605 2458 ferat.

2027 2500 2151 2554 Haec
2179 2499 2334 2567 plane
2363 2499 2532 2551 virtus
2564 2498 2630 2550 ad
2664 2497 3013 2566 perfectionis
3037 2497 3250 2550 culmen
3281 2495 3608 2550 monachum

2025 2591 2292 2663 provehit,
2326 2598 2381 2643 ct
2418 2587 2715 2650 terribilem
2757 2587 2809 2640 in
2856 2586 2947 2641 Det
2987 2587 3232 2641 hostibus
3258 2585 3609 2640 dimicantem

2025 2681 2264 2734 animum
2293 2679 2444 2733 facit.
2484 2677 2608 2733 Haec
2653 2677 2896 2733 omnium
2923 2678 3176 2732 vitiorum
3205 2677 3486 2730 victoriam
3515 2675 3613 2730 tri-

2025 2771 2164 2835 buit,
2194 2778 2249 2825 et
2277 2779 2466 2824 contra
2510 2768 2750 2823 furentes
2791 2767 2976 2821 mundi
3025 2767 3330 2836 przecipites
3378 2766 3612 2834 impetus

2026 2862 2318 2915 humanam
2370 2867 2606 2913 mentem
2654 2857 3070 2928 insuperabilem
3119 2856 3311 2910 reddit.
3362 2855 3428 2908 Et
3478 2845 3608 2922 quid

2027 2950 2258 3018 amplius
2287 2949 2504 3004 dicam?
2550 2946 3000 3014 Quandoquidem
3047 2943 3308 3014 quidquid
3337 2943 3402 2997 de
3435 2942 3613 3019 rigore

2028 3039 2392 3100 abstinentiae,
2445 3037 2706 3106 quidquid
2756 3037 2821 3091 de
2874 3049 3200 3105 quacunque
3243 3032 3488 3101 corporis
3533 3030 3614 3084 af-

2028 3129 2265 3190 flictione
2293 3130 2545 3195 superius
2583 3126 2786 3180 dictum
2814 3133 2922 3190 est,
2971 3124 3056 3176 vel
3105 3123 3210 3177 diei
3251 3121 3443 3192 potuit,
3475 3135 3614 3190 pene

1950 3229 1996 3292 ο
2029 3218 2160 3291 nihil
2185 3217 2286 3282 sit,
2338 3218 2382 3272 si
2430 3218 2547 3287 ipsa
2599 3217 2856 3270 virtutum
2910 3215 3092 3269 nutrix
3138 3213 3397 3283 patientia
3449 3211 3610 3275 desit,

2029 3308 2288 3378 Apostolo
2339 3316 2614 3372 testante,
2663 3308 2752 3376 qui
2800 3307 2916 3360 ait:
2971 3325 2988 3358 ι
3019 3305 3356 3375 Corporalis,
3405 3303 3613 3371 inquit,

2027 3397 2351 3453 exercitatio
2393 3399 2460 3452 ad
2505 3399 2776 3451 modicum
2807 3397 2954 3450 utilis
2982 3406 3096 3462 est;
3146 3395 3406 3465 patientia
3430 3402 3612 3447 autem

2028 3488 2098 3544 ad
2122 3489 2303 3544 omnia
2330 3489 2479 3544 utilis
2504 3496 2588 3543 est
2617 3486 2667 3557 (Ι
2705 3487 2840 3542 Tim.
2869 3487 2968 3558 IV).
3001 3508 3019 3540 ι
3084 3483 3497 3542 Adolescentem
3527 3500 3614 3539 me

2029 3585 2081 3640 in
2113 3582 2411 3638 Faventi‘na
2441 3583 2574 3636 urbe
2604 3589 2826 3650 propter
2860 3581 3164 3634 litterarum
3209 3577 3387 3632 studia
3419 3574 3616 3631 consti-

2027 3684 2202 3730 tutum
2225 3666 2414 3729 audire
2441 3673 2671 3743 contigit
2699 3673 2842 3742 quod
2879 3687 3096 3727 enarro.
3129 3671 3275 3726 later
3313 3671 3446 3725 duos
3489 3665 3618 3722 sibi.

2027 3775 2138 3822 met
2165 3767 2525 3822 convicaneos
2576 3765 2787 3819 obortis
2815 3763 3046 3818 invicem
3070 3761 3457 3826 simultatibus,
3487 3757 3618 3813 alte-

2026 3862 2139 3916 rius
2167 3860 2355 3916 oculos
2401 3859 2538 3914 alter
2563 3857 2766 3914 effodit.
2813 3858 3000 3914 Caecus
3031 3857 3212 3926 itaque
3237 3865 3523 3926 postquam
3552 3868 3613 3908 se

2027 3951 2228 4004 mundo
2258 3948 2482 4002 nimitnn
2523 3947 2766 4000 inutilem
2817 3947 2972 4011 vidit,
3016 3945 3402 3999 menasterium
3444 3940 3613 4011 800

2025 4041 2200 4111 petiit.
2233 4041 2585 4096 Postmodum
2615 4055 2745 4092 vero
2775 4053 2897 4092 cum
2926 4046 2982 4092 et
3023 4037 3138 4106 ipse
3173 4036 3355 4090 illator
3384 4033 3614 4103 injuria

2024 4133 2285 4202 languore
2337 4139 2657 4198 correptus.
2719 4128 3097 4184 conversionis
3151 4127 3398 4182 habitum
3455 4125 3617 4179 anxie

2025 4230 2313 4292 quiereret,
2343 4227 2438 4275 sed
2464 4219 2685 4274 adidem
2715 4217 3103 4272 monasterium
3131 4216 3352 4280 deferri,
3382 4224 3602 4285 propter

2025 4315 2179 4370 illum
2238 4327 2398 4384 quem
2465 4310 2760 4366 crcduliter
2805 4316 3208 4371 attrectaverat,
3256 4306 3618 4375 incongruum

2024 4405 2315 4470 iudicaret,
2343 4402 2626 4459 monachis
2651 4415 2816 4470 super
2859 4401 2962 4455 hac
2986 4415 3045 4454 re
3071 4407 3282 4455 secreto
3325 4396 3620 4452 mussitan-

1998 4495 2196 4558 tibus,
2225 4494 2442 4548 tandem
2481 4491 2627 4545 fama
2674 4490 2876 4561 negotii
2917 4489 2984 4544 ad
3027 4490 3327 4545 acutiorem
3365 4486 3625 4543 videlicet.

333 4592 456 4638 ctor
509 4586 732 4655 spiritus
779 4586 1014 4657 exigenti
1049 4595 1177 4640 ante
1227 4586 1494 4654 promisit,
1538 4588 1680 4656 quod
1730 4590 1916 4654 tertio,
1952 4577 1998 4636 Ι)
2027 4602 2134 4641 non
2177 4585 2413 4640 videntis
2446 4583 2694 4654 pervenit
2731 4583 2999 4636 auditum.
3043 4581 3288 4650 Cumque
3318 4579 3427 4647 ille,
3470 4577 3638 4649 quod.

332 4674 655 4745 priusquam
721 4685 1059 4740 moreretur,
1127 4675 1257 4742 die,
1324 4693 1477 4731 suum
1543 4678 1645 4733 sibi
1713 4680 1921 4733 exitum

336 4765 633 4820 nuntiaret.
680 4765 921 4821 Credidit
965 4766 1176 4832 infelix,
1225 4775 1282 4821 et
1324 4767 1412 4822 diu
1457 4771 1800 4840 postmodum
1837 4771 1920 4826 vi-

336 4869 500 4921 vens,
544 4858 619 4912 ita
660 4859 760 4913 sub
788 4859 890 4914 hac
916 4859 1220 4929 deceptoria
1259 4863 1555 4918 securitate
1584 4864 1918 4934 permansit:

339 4947 557 5002 tandem
605 4949 657 5003 in
705 4950 1074 5021 :egritudinem
1116 4953 1268 5024 lapso
1305 4953 1461 5010 adest
1493 4951 1780 5028 fidejussor
1822 4957 1922 5012 ini-

341 5049 499 5104 quus,
544 5048 600 5092 et
646 5041 1046 5108 perendianum,
1093 5047 1241 5103 sicut
1283 5048 1669 5114 spoponderat,
1712 5048 1918 5104 obttmn

343 5129 625 5162 innatant-:0
687 5131 930 5162 n-Alznann
961 5134 1240 5162 nJ..---.:-
1280 5135 1366 5162 :"n
1399 5137 1657 5162 θ-..ι-21.-...
1735 5151 1884 5162 ---μ-,ι

2028 4679 2344 4735 imminebat
2395 4677 2606 4748 plenius
2673 4676 2986 4741 didicisset,
3031 4675 3198 4744 coepit
3247 4687 3372 4726 mox
3419 4670 3630 4726 obnixe.

2031 4771 2343 4841 deposcere.
2375 4779 2428 4823 et
2459 4770 2656 4839 quibus
2681 4768 2892 4823 valebat
2923 4767 3173 4837 precibus
3222 4761 3640 4817 instantissime.

2029 4863 2298 4935 ﬂagitare,
2327 4869 2388 4916 ut
2413 4861 2559 4916 illum
2590 4860 2786 4915 fratres
2817 4874 2938 4914 cum
2965 4857 3115 4914 omni
3147 4853 3415 4909 cbaritate
3446 4851 3630 4908 susci-.

2031 4963 2254 5027 perent,
2295 4953 2647 5022 semetipsum
2697 4952 2918 5020 insuper
2956 4946 3238 5004 custodem
3273 4943 3520 5007 scilicet,
3558 4957 3632 4998 ac

2032 5047 2342 5104 ministrum
2371 5044 2492 5113 ejus
2523 5044 2799 5113 obsequiis
2833 5042 3090 5097 insudare
3119 5036 3390 5109 juberent.
3423 5036 3640 5103 lmpor--

2959 5133 3179 5160 .--αλιι-εκ
3214 5126 3439 5160 Αὶιιέηηῖι
3498 5135 3545 5158 AI
3578 5125 3626 5158 αἱ

2612 5154 2628 5160 -
2657 5135 2872 5160 ,νε-..-21η-
