4136 5308
520 333 626 398 is:

947 337 1006 391 δ.
1043 329 1250 388 PETRI
1279 320 1564 384 DAMIAN
1589 323 1742 378 OPP.
1773 321 2009 380 TOMUS
2045 317 2178 375 SEU
2211 317 2392 376 PARS
2435 315 2521 370 ﬂi.

2603 343 2631 354 -
2669 308 3033 368 OPUSCULA
3079 298 3306 363 \‘ARtA.
3673 305 3780 360 764

500 434 702 510 'lumeu
728 448 909 507 carnis
947 444 1228 505 amiserat,
1254 439 1520 496 charitate
1548 435 1709 492 simul
1733 444 1789 490 et
1814 431 2096 503 patientia,
2129 437 2174 495 Α
2204 430 2297 486 Dei
2325 437 2447 494 est,
2477 433 2620 482 sicut
2649 433 2890 493 protecto
2919 423 3136 492 dignum
3186 428 3298 484 est,
3337 433 3441 473 non
3481 419 3535 472 lu
3578 433 3646 472 eo
3666 434 3782 474 sata

522 543 676 617 quasi
705 541 916 596 duobus
945 537 1000 593 in
1030 535 1226 591 animm
1254 533 1393 588 facie
1426 531 1600 588 oculis
1630 527 2026 600 resplendebat.

1110 644 1340 704 CAPUT
1377 643 1518 699 XIV.

2203 523 2270 578 sit
2299 522 2448 590 virga
2495 534 2616 590 qua:
2657 517 2837 582 feriat,
2883 515 2976 571 sed
3009 523 3065 569 et
3113 527 3334 579 manna,
3383 513 3526 582 quod
3575 512 3626 565 in
3671 512 3785 565 fra-

2205 624 2368 670 terna:
2393 614 2554 688 801
2586 612 2781 666 mentis
2809 611 2988 681 palato
3011 609 3314 673 dnlccscat;
3343 623 3443 662 nec
3469 607 3521 661 in
3549 622 3614 662 eo
3637 607 3788 662 zelus

525 727 626 783 L’bi
653 727 880 798 scriptor
915 739 976 779 ea
1003 697 1480 798 (pridi—ctenim,
1509 697 1706 767 humili
1740 707 2104 779 satisfactione
2203 708 2276 762 sit
2323 703 2733 764 amaritudinis.
2782 703 2873 770 qui
2922 701 3232 763 deterreat,
3266 699 3361 753 sed
3409 697 3559 752 zelus
3603 697 3795 767 potius

1171 788 1455 842 concludit.

597 889 894 961 Superiora
936 883 1058 948 tibi,
1098 881 1280 936 Teuzo
1309 888 1480 949 pater,
1521 889 1587 928 ex
1631 871 1860 942 cpistola
1909 882 2108 938 propo-

521 985 632 1048 sui,
665 958 727 1036 ut
776 979 993 1034 desinas
1047 975 1115 1030 de
1160 969 1534 1041 singularitate
1575 975 1908 1027 tumescere;
1964 958 2108 1015 istud

525 1047 709 1128 autem
742 1069 889 1133 ideo,
940 1073 1001 1120 ut
1027 1064 1208 1118 discas
1238 1059 1515 1130 iuniorum
1560 1055 1787 1109 fratrum
1821 1051 1986 1107 etiam
2027 1047 2110 1104 of-

527 1164 731 1222 fensas,
774 1158 820 1215 si
865 1156 1004 1211 forte
1043 1151 1396 1223 contigerint,
1436 1145 1814 1216 aequanimiter
1846 1143 2107 1208 tolerare;

530 1253 786 1309 nimirum
823 1247 969 1320 quod
1009 1245 1252 1300 moribus
1290 1241 1396 1297 tuis
1425 1238 1554 1294 duxi
1599 1235 1838 1292 maxime
1865 1249 2118 1290 necessa-

530 1343 694 1406 rium,
726 1341 830 1396 hoc
858 1339 913 1393 in
948 1335 1289 1406 disputativre
1315 1328 1650 1387 narrationis
1674 1327 1868 1383 ordine
1901 1324 2113 1381 servavi

531 1437 929 1500 consequenter
968 1433 1296 1482 extremum.
1345 1420 1465 1476 iam
1502 1419 1669 1492 igitur
1711 1417 1778 1473 ab
1807 1415 1894 1470 illa
1943 1414 2116 1482 rigida

531 1522 696 1579 nimis
721 1530 779 1576 et
809 1529 988 1576 torosa
1030 1514 1230 1572 mentis
1269 1522 1374 1567 tuae
1423 1509 1768 1566 animositate
1810 1517 2115 1576 compesce,

534 1626 694 1685 teque
722 1613 775 1667 in
807 1607 1067 1681 patientia
1092 1621 1214 1662 cum
1241 1603 1498 1659 fratribus
1536 1601 1642 1656 tuis
1680 1606 1734 1654 et
1763 1598 1958 1653 blanda
1989 1596 2119 1652 cha-

534 1704 697 1761 ritate
723 1713 1009 1770 compone.
1037 1694 1295 1765 Quisquis
1321 1693 1466 1748 enim
1492 1706 1590 1762 per
1619 1687 1945 1745 feralitatem
1977 1686 2118 1741 ami-

2206 795 2511 859 charitatis,
2535 793 2626 863 qui
2656 792 2946 847 salubriter
2977 790 3234 860 corrigat.
3262 789 3463 858 Sicque
3488 789 3796 856 correptio-

2209 891 2294 945 nis
2316 887 2536 944 aculeus
2557 885 2750 940 vulnus
2771 883 3196 952 delinquentium
3228 889 3450 950 pungat,
3475 888 3534 932 ut
3552 887 3605 933 et
3633 894 3794 932 man-

2210 980 2511 1038 suetudinis
2531 978 2710 1034 oleum
2734 976 2925 1031 leniori
2952 975 3183 1046 quodam
3209 973 3448 1028 fomento
3464 970 3796 1026 demulceat.

2209 1072 2412 1128 Verum
2444 1085 2542 1125 nos
2567 1071 2692 1124 dum
2722 1066 3093 1124 :ediﬂcationis
3117 1064 3372 1118 fraternae
3393 1064 3569 1118 studio
3598 1064 3802 1118 arden-

2213 1175 2297 1220 ter
2332 1163 2654 1226 insistimus,
2698 1161 2913 1216 modum
2949 1155 3190 1227 epistola:
3211 1154 3542 1226 supergressi
3576 1169 3794 1214 sumus;

2215 1258 2444 1326 ideoque
2467 1255 2627 1310 etiam
2657 1253 2840 1309 titulos
2859 1260 3046 1306 contra
3072 1263 3277 1303 morem
3304 1247 3544 1317 epistola:
3573 1245 3808 1313 singulis

2217 1349 2522 1420 quibusque
2565 1343 2835 1415 periochis
2868 1349 3229 1411 congruenter
3253 1337 3542 1400 afliximus,
3576 1353 3642 1393 ne
3668 1336 3813 1392 laci.

2217 1437 2355 1494 niosi
2379 1436 2500 1509 styli
2515 1436 2816 1489 satietatem
2832 1430 3050 1487 lectoris
3066 1429 3246 1484 animo
3269 1428 3488 1499 gignere
3507 1427 3808 1481 videretur.

2289 1527 2444 1582 Nunc
2472 1525 2653 1595 igitur,
2691 1521 3040 1578 dilectissime
3070 1520 3140 1574 mi
3174 1527 3327 1588 pater
3352 1526 3408 1574 et
3437 1517 3680 1581 domine,
3707 1530 3812 1587 pe—

2219 1617 2380 1674 dibus
2410 1616 2517 1670 tuis
2541 1631 2627 1668 me
2655 1613 2903 1683 protinus
2949 1609 3016 1683 [Ῑ.
3048 1606 3375 1680 prostratus]
3424 1607 3685 1669 advolvo,
3721 1603 3818 1660 ft:-

2221 1709 2406 1776 sisque
2434 1704 2688 1775 lacrymis
2715 1701 2931 1757 veniam
2958 1699 3236 1754 humiliter
3261 1706 3389 1768 peto
3421 1715 3435 1751 :
3471 1695 3722 1751 videlicet
3748 1702 3818 1751 ut

533 1797 616 1852 cis
662 1794 776 1848 suis
823 1786 1304 1847 contubernalibus
1346 1799 1455 1840 non
1511 1781 1837 1846 concordat,
1878 1778 2116 1836 ferarum
2154 1797 2196 1856 Β
2225 1800 2308 1855 ori
2339 1813 2460 1854 meo
2489 1797 2783 1852 clementer
2810 1793 3123 1864 indulgeas,
3164 1799 3220 1846 οι
3254 1806 3370 1855 me,
3418 1791 3510 1859 qui
3561 1788 3654 1842 ubi
3708 1802 3817 1846 an-

536 1899 690 1940 more
719 1881 866 1938 solus
895 1893 1120 1935 necesse
1142 1885 1228 1932 est
1256 1883 1315 1929 ut
1339 1871 1642 1929 bestialiter
1673 1870 1839 1924 vivat.
1863 1867 1966 1935 Qui
1990 1881 2122 1936 ergo

537 1970 915 2043 Redemptoris
942 1969 1027 2024 sui
1057 1964 1354 2036 discipulus
1380 1979 1486 2020 non
1513 1961 1838 2033 dedignatur
1866 1961 2123 2024 existere,

542 2066 722 2122 discat
779 2077 838 2117 se
876 2059 1060 2120 mitem
1094 2056 1357 2128 proximis
1401 2054 1514 2111 suis
1570 2061 1625 2109 et
1663 2052 1925 2110 humilem
1974 2052 2130 2109 exhi-

535 2158 709 2212 bere:
749 2171 768 2205 ι
800 2151 1002 2206 Discite
1043 2165 1074 2204 a
1120 2163 1223 2210 me,
1279 2146 1480 2216 inquit,
1527 2145 1654 2216 quia
1695 2144 1844 2200 mitis
1903 2159 2022 2200 sum
2073 2151 2128 2197 et

537 2243 762 2302 humilis
801 2243 965 2300 corde
1015 2238 1250 2311 (Matth.
1304 2239 1406 2307 xl).
1435 2256 1456 2290 ι
1510 2236 1614 2304 Qui
1661 2236 1896 2305 denique
1951 2233 2128 2289 sancti

542 2336 780 2409 Spiritus
808 2333 1064 2403 templum
1093 2345 1215 2402 esse
1253 2330 1547 2394 desiderat,
1579 2336 1639 2382 ut
1671 2328 1724 2383 id
1763 2327 1938 2398 ipsum
1977 2341 2133 2395 repe-

543 2443 675 2494 tam,
719 2427 788 2483 ab
830 2426 1134 2482 lmmilitate
1171 2420 1334 2477 simul
1382 2429 1437 2475 et
1468 2420 1652 2490 quiete
1701 2418 2134 2475 mansuetudinis

544 2538 652 2583 non
694 2517 936 2574 ret-edat.
987 2513 1079 2569 Ait
1119 2512 1303 2567 enim:
1358 2528 1376 2563 ι
1407 2509 1582 2578 Super
1622 2523 1785 2578 quem
1829 2507 2136 2576 requiescet

544 2609 781 2681 Spiritus
805 2621 978 2671 meus,
1008 2604 1112 2659 uisi
1138 2616 1298 2671 super
1320 2599 1577 2655 humilem
1589 2607 1645 2653 et
1665 2597 1934 2668 quietum?
1953 2616 1971 2648 ι
1993 2596 2129 2668 (Isa.

546 2704 717 2769 LXVI.)
784 2698 901 2754 Non
939 2698 1102 2768 igitur
1128 2709 1317 2750 eorum
1358 2691 1566 2746 animos
1604 2689 1955 2747 verbositatis
1984 2704 2131 2760 quae-

543 2792 813 2848 stionibus
866 2789 1086 2862 pulses,
1159 2801 1266 2842 non
1317 2800 1414 2841 eos
1475 2793 1733 2854 tanquam
1801 2792 1966 2838 tome
2014 2797 2139 2838 cer-

550 2883 690 2938 vicis
743 2892 932 2936 taurus
969 2877 1282 2934 cornicibus
1330 2875 1593 2940 ventiles;
1636 2890 1705 2929 ne
1748 2875 1876 2930 dum
1905 2889 1935 2929 a
1969 2883 2024 2930 te
2053 2873 2140 2930 fu-

548 2976 716 3047 gitur,
753 2971 882 3030 illud
933 2970 986 3029 in
1029 2970 1104 3024 tui
1154 2967 1506 3039 opprobrium
1536 2965 1830 3035 iaculetur,
1880 2966 2025 3036 quod
2069 2967 2138 3024 de

549 3047 689 3125 hove
719 3071 1020 3134 coruupeta
1047 3060 1351 3131 antiquitus
1377 3057 1658 3114 dicebatur
1683 3077 1698 3113 :

951 3152 1142 3202 Feunm
1175 3151 1327 3202 habet
1352 3151 1403 3200 iu
1428 3162 1580 3199 cornu
1612 3149 1739 3211 (28).

551 3235 932 3307 Tranquillum
967 3249 1099 3304 ergo
1131 3242 1183 3290 te
1219 3243 1274 3290 et
1300 3233 1545 3302 quietum
1587 3232 1800 3288 cunctis
1828 3233 2138 3292 videntibus

552 3325 784 3392 exhibe;
834 3333 889 3379 et
929 3325 1196 3395 prmcipue
1224 3325 1310 3379 his
1345 3323 1436 3392 qui
1483 3338 1550 3378 ex
1585 3323 1693 3378 Deo
1726 3332 1874 3388 sunt,
1904 3327 2053 3382 omni
2088 3336 2141 3384 te

553 3415 859 3471 obedientia
895 3423 950 3470 et
1001 3415 1307 3470 humilitate
1359 3413 1679 3480 substerne,
1727 3423 1786 3469 ut
1834 3415 1927 3484 qui
1976 3415 2031 3471 in
2089 3426 2142 3474 te

555 3505 832 3561 ChriStum
846 3514 1112 3574 quaerunt,
1128 3503 1402 3559 Christum
1419 3513 1816 3574 consequenter
1831 3505 2138 3570 inveniant;

556 3605 611 3649 et
650 3594 705 3647 in
733 3595 1153 3650 mansuetudine
1183 3610 1346 3664 quam
1383 3594 1628 3650 exterius
1675 3594 1933 3658 viderint,
1964 3596 2140 3666 ipsum

559 3691 842 3738 auctorem
877 3684 1312 3741 mansuetudinis
1354 3684 1515 3738 altius
1559 3685 1614 3740 in
1645 3684 1842 3740 mentis
1883 3693 1990 3739 tua:
2011 3686 2148 3740 solio

563 3773 854 3846 pt'wsidere
880 3773 1304 3844 deprehendant.
1335 3774 1500 3832 Plane
1525 3775 1571 3832 si
1606 3787 1794 3846 pectus
1827 3783 1977 3831 tuum
2019 3788 2147 3831 arca

2227 1890 2419 1948 dacter
2441 1887 2789 1960 insuggillare
2816 1883 3136 1956 praesumpsi
3174 1897 3204 1937 a
3241 1881 3530 1938 charitatis
3561 1891 3664 1935 tua:
3695 1877 3824 1932 dul-

2228 1967 2422 2041 cedine
2457 1997 2564 2037 non
2587 1977 2850 2050 repellas,
2883 1975 3177 2032 dummodo
3205 1988 3398 2043 nempe
3429 1973 3545 2027 haec
3571 1985 3693 2040 qua:
3725 1984 3822 2024 su-

2228 2075 2414 2146 perius
2460 2069 2852 2140 comprehensa
2897 2075 3056 2132 sunt,
3105 2064 3398 2119 salubriter
3435 2060 3820 2116 admittuntur.

2231 2164 2345 2234 Ego
2373 2177 2482 2218 non
2517 2161 2695 2215 abnuo
2725 2155 3112 2212 sat-isfactionis
3138 2153 3300 2224 802
3335 2150 3534 2222 gratia,
3564 2157 3620 2203 et
3647 2147 3828 2203 nudas

2233 2255 2422 2312 ferula:
2448 2262 2643 2310 vestra:
2668 2249 2917 2321 scapulas
2945 2248 3180 2303 subdere
3199 2288 3214 2311 ,
3245 2254 3301 2300 et
3327 2245 3392 2299 de
3417 2253 3614 2298 czetero
3641 2249 3827 2312 pater-

2234 2348 2320 2404 nis
2331 2345 2636 2402 sanctitatis
2649 2351 2844 2397 vestrze
2863 2340 3071 2411 legibus
3089 2343 3402 2392 reverenter
3419 2333 3825 2403 obtemperare.

2237 2444 2410 2512 Spero
2453 2449 2635 2495 autem
2679 2437 2822 2507 quod
2874 2443 2930 2490 et
2973 2433 3090 2488 διες
3119 2447 3240 2486 mea
3271 2431 3425 2486 vobis
3469 2445 3577 2484 non
3607 2427 3712 2482 erit
3741 2427 3830 2481 in-

2237 2533 2514 2589 fructuosa
2561 2529 2862 2599 correptio;
2908 2526 3034 2596 quia
3080 2524 3207 2579 dum
3257 2521 3423 2578 menti
3468 2529 3662 2574 vestrae
3711 2527 3829 2571 tant

2238 2623 2448 2680 scilicet
2480 2620 2662 2691 gravi,
2694 2630 2800 2674 tam
2829 2625 3086 2680 malum,
3119 2624 3227 2668 tam
3258 2621 3404 2668 certe
3441 2619 3642 2666 sancta:
3675 2621 3830 2661 ama-

2239 2729 2361 2770 rum
2388 2712 2526 2767 forte
2551 2712 2723 2782 sapit,
2757 2709 2899 2779 quod
2926 2721 3061 2761 ausu
3086 2703 3318 2773 iunioris
3349 2700 3617 2772 arguitur,
3651 2697 3704 2752 in
3726 2708 3837 2753 v0-

2240 2801 2571 2871 bismctipsis
2621 2799 2824 2868 liquido
2858 2796 3086 2868 potestis
3133 2793 3445 2856 addiscere,
3495 2787 3625 2858 quid
3671 2783 3832 2840 vobis

2243 2897 2374 2951 dura
2408 2893 2752 2963 loquentibus
2775 2931 2790 2956 ,
2820 2890 2886 2945 de
2921 2888 3097 2943 alieno
3124 2886 3367 2942 debeatis
3407 2882 3570 2939 corde
3600 2878 3828 2934 sentire.

2243 2982 2395 3054 Rogo
2424 2992 2602 3036 autem
2621 3019 2635 3045 ,
2661 2978 2989 3034 venerabilis
3013 2985 3185 3046 pater,
3221 2983 3278 3029 ut
3305 2989 3406 3044 pro
3432 2987 3520 3028 me
3544 2976 3834 3042 peccatore

2245 3086 2459 3141 semper
2493 3086 2653 3126 orare
2695 3069 2951 3139 digneris.
2985 3066 3123 3134 Quia
3156 3075 3337 3120 autem
3370 3062 3564 3118 facient
3596 3067 3832 3114 vestram

2167 3151 2214 3216 C
2248 3163 2475 3218 alterius
2506 3162 2558 3216 in
2586 3162 2685 3216 hac
2713 3161 2821 3215 vita
2853 3160 3094 3214 visurum
3125 3171 3212 3212 me
3239 3171 3358 3211 esse
3389 3171 3494 3209 nou
3523 3167 3712 3222 spero,
3745 3149 3833 3204 di-

2247 3256 2430 3312 vinam
2461 3253 2692 3323 deposco
2723 3251 3100 3316 clementiam,
3123 3258 3201 3313 ut,
3251 3247 3427 3303 soluto
3472 3243 3678 3300 militiae
3717 3240 3836 3296 cin-

2251 3349 2405 3421 gulo,
2435 3348 2514 3403 sic
2552 3361 2650 3402 nos
2671 3346 2724 3404 in
2756 3354 2975 3401 mutuos
3009 3350 3362 3413 repraesentet
3388 3345 3638 3410 aspectus
3657 3376 3673 3401 ,
3699 3347 3838 3404 qua-

2251 3449 2410 3494 tenus
2439 3449 2494 3494 et
2519 3452 2684 3492 unum
2709 3449 2957 3508 superna:
2993 3433 3243 3489 videlicet
3283 3426 3623 3486 Hierusalem
3661 3422 3833 3480 ascri-

2250 3532 2413 3588 batur
2440 3529 2685 3585 emeritis
2711 3527 3096 3596 municipium,
3128 3533 3184 3581 et
3220 3521 3435 3579 socialis
3465 3520 3520 3576 in
3547 3527 3836 3583 utrumque

2251 3622 2515 3696 procedat
2540 3619 2969 3688 recompensatio
2994 3617 3334 3674 meritorum.

2595 3749 2673 3808 Sit
2701 3766 2887 3811 nomen
2916 3748 3125 3805 Domini
3152 3745 3496 3803 benedictum.

635 3922 747 3995 (28)
787 3924 859 3979 De
891 3926 1066 3996 poetis
1115 3925 1219 3982 hoc
1261 3926 1368 3983 dici
1397 3927 1550 3997 fingit
1583 3924 1836 3984 Horatius
1881 3940 2044 3984 scrm.
2079 3941 2120 3993 t,
2158 3934 2264 3982 sat.
2297 3926 2348 3985 4.

579 4095 3841 4139 W

567 4249 928 4325 ωτι-θοι
968 4269 1754 4380 OPUSCULUM
1795 4268 2587 4397 ‘QUlNQUAGE
2608 4267 3027 4382 SIMUM
3094 4259 3834 4372 SECUNDUM.

745 4583 854 4646 DE
882 4581 1100 4646 BONO
1151 4580 1563 4647 BELIGIOSI
1609 4581 1917 4648 STATUS
1969 4584 2074 4666 ΕΤ
2109 4581 2537 4650 VARIABUM
2575 4583 3095 4652 ANIMANTIUM
3146 4579 3696 4644 TROPOLOGIA.

578 4769 1068 4830 Ascuusuruu.—
1089 4761 1204 4818 Hac
1244 4763 1506 4834 epistola,
1540 4777 1662 4817 cum
1709 4764 1763 4818 in
1799 4763 1915 4834 ipso
1946 4761 2145 4834 statim
2177 4762 2405 4834 exordio
2454 4758 3106 4834 depravatosghominum
3149 4773 3358 4822 mores,
3388 4751 3844 4834 etAcalamitosum

646 4853 868 4920 suorum
913 4845 1218 4920 temporum
1245 4826 1450 4915 statum
1480 4826 1852 4904 deplorasset]
1883 4833 2096 4887 illorum
2125 4831 2438 4887 felicitatem
2467 4826 2679 4885 extollit
2718 4831 2834 4900 qui,
2866 4838 3219 4901 tempestates
3241 4827 3423 4883 saeculi
3454 4826 3754 4896 fugientes,
3786 4827 3846 4880 ad

1188 4919 1191 4920 ,
1454 4916 1464 4920 _
1708 4907 1730 4920 ι·
1872 4919 1880 4920 κ
1936 4913 1946 4920 .
2007 4904 2048 4920 ιι
2100 4917 2116 4920 _
2171 4903 2217 4920 9,-
2300 4919 2314 4920 γέ
2340 4918 2349 4920 -
2398 4917 2449 4920 7-
2486 4901 2806 4920 ιτ--ε----..γ..-
2860 4902 3067 4920 ...νι.γ--1
3109 4915 3151 4920 _-
3188 4899 3456 4920 *μα-ΑΞ-..Α
3506 4897 3844 4920 ΑΑΙ---Ξ..Α.Δ.....

649 4909 981 5006 tutissimum
1014 4897 1290 5006 religionis
1346 4897 2128 5006 portuniNcoqlitgerent.‘Q‘uo

650 4994 772 5006 mnu
805 4993 886 5006 A--\
917 4989 1088 5006 ιηοηιπι
1165 4991 1374 5006 ulc-nun-
1404 4991 1544 5006 anu-nan
1577 4999 1581 5006 .
1623 4993 1688 5006 un
1718 4989 1812 5006 ancn
1841 4990 1946 5006 l\l\n
1974 4994 1984 5006 Δ
2011 4990 2040 5006 η
2065 4982 2148 5006 ὶιίιι

2255 4917 2453 4972 genere
2483 4897 2810 4953 (Σαείιιριιὲρς.
2860 4897 3151 4944 ηὶιὶιῖπιδυη
3188 4899 3458 4936 ἠθη-ιτητσιηη
3502 4897 3844 4952 nd'uiratur:

2257 4986 2444 5006 βψω-
3749 4967 3844 5006 "Ii.

650 4987 886 5006 mann-un
917 4979 1088 5006 :ncnun
1119 4975 1374 5006 Puch“...-
1404 4991 1544 5006 u-unn
1575 4975 1812 5006 Νιιιιιῖηση
1841 4990 1946 5006 nnn
1974 4975 2140 5006 Αιιιιῖίι
