4138 6320
322 403 429 463 ’ῖὸὕ

1151 399 1399 460 OPUSC.
1446 402 1553 460 LII.
1587 431 1663 471 -τ
1690 402 1782 460 ΒΕ
1817 401 2001 461 ΒΟΝο
2036 400 2382 461 RELIGIOSI
2422 400 2722 461 STATUS.

3475 407 3583 464 768

318 520 500 581 cordia
526 562 543 585 ,
565 528 618 575 et
646 534 750 580 non
777 526 859 573 est
882 518 1106 575 scicntia
1137 519 1227 572 Dei
1256 518 1308 572 in
1337 527 1502 573 terra.
1531 516 1895 583 Maledictum,
1928 525 1976 581 Α
2004 530 2166 586 quam
2214 531 2320 573 non
2366 517 2504 586 ptui,
2534 519 2677 573 aruit
2721 519 2902 590 (Amos
2949 521 3047 590 tv).
3084 541 3101 575 ο
3157 524 3333 579 Corda
3386 522 3586 593 quippe

319 624 375 669 et
401 610 741 665 mendacium
767 650 781 671 ,
811 621 864 663 et
894 609 1277 673 homicidium,
1307 617 1361 667 et
1408 607 1609 663 furtum
1632 650 1646 672 ,
1673 618 1729 663 ct-
1751 607 1905 664 adul-

321 703 514 758 terium
550 702 951 756 innndaverunt
996 700 1151 770 (Osee
1194 700 1290 769 tv).
1327 721 1345 753 ι
1376 701 1437 756 Et
1468 702 1592 770 quia
1643 701 1756 755 hare
1797 716 1903 755 non

318 792 481 855 modo
524 790 836 861 principalis
883 806 1113 845 censura
1163 806 1269 845 non
1328 792 1609 861 reprimit,
1658 792 1752 846 sed
1789 792 1904 845 fieri

317 900 442 941 cum
473 882 785 939 favorabilis
813 898 1069 939 assensus
1114 884 1480 941 exsultatione
1526 885 1817 955 permittit;
1850 890 1906 937 et

317 989 383 1027 ex
410 989 477 1029 eo
507 973 648 1027 risus
674 975 966 1036 excutitur,
999 973 1084 1026 cui
1112 988 1217 1027 non
1252 974 1409 1030 modo
1435 975 1668 1044 gemitus
1686 1014 1700 1039 ,
1731 973 1825 1029 sed
1851 981 1905 1025 et

320 1062 473 1123 furor
499 1069 558 1123 et.
584 1060 922 1131 impatientia
953 1061 1283 1127 debebatur;
1338 1074 1487 1119 recte
1531 1078 1625 1131 per
1653 1062 1903 1118 eumdem

319 1151 636 1231 prophetam
663 1151 1003 1219 postmodum
1033 1151 1232 1207 dicitur
1262 1169 1275 1206 :
1310 1172 1326 1203 ι
1356 1153 1426 1206 1η·
1446 1154 1654 1212 malitia
1677 1168 1776 1207 sua
1808 1152 1903 1207 lte-

321 1242 670 1297 tiﬁcaverunt
699 1256 878 1312 regem
900 1281 915 1306 ,
941 1251 996 1297 et
1020 1242 1072 1296 in
1100 1242 1398 1298 mendaciis
1435 1243 1547 1298 suis
1580 1243 1852 1313 principes
1888 1260 1901 1297 :

319 1345 508 1386 omnes
536 1330 939 1395 adulterantes,
972 1332 1126 1400 quasi
1158 1332 1403 1387 clibanus
1434 1332 1681 1387 succensi
1723 1341 1850 1386 sunt
1873 1348 1903 1385 a

319 1428 586 1490 coquente
619 1418 774 1489 (Osee
820 1420 941 1491 vn).
982 1440 998 1473 ι
1055 1422 1115 1475 Et
1152 1424 1409 1491 quoniatn
1439 1425 1601 1479 ardor
1631 1426 1902 1490 avaritire,

318 1510 432 1563 sive
458 1509 703 1575 luxuriae,
740 1511 891 1580 prius
923 1520 1178 1580 tanquam
1224 1513 1497 1581 laquearia
1530 1515 1720 1569 domus
1743 1524 1906 1583 atque

320 1598 487 1669 tigilia
526 1590 802 1669 principes
831 1602 1088 1669 corripit,
1138 1602 1333 1658 deinde
1362 1620 1456 1674 per
1485 1605 1757 1674 subjectos
1784 1619 1905 1659 sese

316 1689 460 1744 velut
502 1705 598 1760 per
646 1691 891 1759 planiora
935 1690 1221 1757 diffundit;
1256 1693 1415 1763 paulo
1464 1704 1586 1762 post
1636 1693 1844 1748 addidit
1887 1707 1902 1746 :

326 1806 343 1833 ι
367 1781 567 1838 Omnes
586 1782 835 1838 calefacti
860 1785 1152 1853 suntquasi
1168 1785 1903 1848 clibanus,etdevoraverunt

2011 615 2225 661 terrena
2266 618 2429 676 atque
2481 606 2721 661 carnalia
2767 608 2915 662 velut
2956 619 3091 664 metu
3138 611 3439 682 squalentia
3463 610 3586 667 ditt-

2008 708 2182 754 turnre
2198 699 2463 754 siccitatis
2487 709 2762 763 arescunt,
2777 716 2898 770 qua:
2914 700 3115 758 ﬂuenta
3135 718 3382 776 supernae
3400 702 3588 774 gratia

2007 788 2438 859 compunctionis
2463 789 2726 843 imbribus
2755 805 2862 844 non
2902 790 3210 847 infundunt.
3258 794 3334 848 De
3372 808 3479 862 qua
3504 790 3586 847 vi-

1962 904 1971 913 ~
2008 878 2202 931 delicct
2237 888 2377 932 terra
2406 878 2585 933 divina
2617 894 2721 933 vox
2750 880 2867 933 ait:
2907 898 2925 931 ι
2956 880 3221 938 Mandabo
3256 883 3491 938 nubibus
3522 897 3591 937 ne

2008 968 2195 1037 pluant
2222 983 2384 1036 super
2426 983 2545 1022 eam
2600 968 2801 1024 imbres
2846 969 2980 1040 (Isa.
3019 972 3094 1041 ν).
3131 991 3148 1024 ι
3178 974 3249 1028 At
3290 982 3479 1028 contra
3525 974 3591 1027 de

2008 1069 2187 1113 mente
2218 1059 2305 1112 illa
2327 1100 2342 1124 ,
2379 1075 2499 1129 quae
2531 1060 2817 1115 Dominum
2862 1064 3130 1118 veraciter
3155 1064 3292 1129 sitit,
3329 1079 3449 1135 quae
3472 1063 3589 1118 fou-

2010 1162 2117 1204 tem
2142 1150 2421 1220 sapientiae
2458 1150 2788 1206 indeficienti
2819 1152 3089 1208 desiderio
3111 1154 3468 1222 concupiscit,
3492 1167 3589 1223 per

2008 1242 2198 1296 Isaiam
2223 1241 2453 1295 dicitur:
2476 1259 2494 1291 ι
2515 1240 2801 1297 Effundam
2833 1244 2977 1298 enim
3009 1260 3181 1313 aquas
3212 1260 3376 1314 super
3399 1244 3587 1299 sitien-

2007 1340 2143 1394 tem,
2197 1340 2253 1384 et
2296 1329 2499 1385 fluenta
2551 1346 2715 1400 super
2759 1332 2988 1387 aridam.
3018 1331 3299 1388 Effundam
3337 1333 3587 1404 spiritum

2007 1434 2185 1473 tnemn
2216 1435 2379 1490 super
2413 1434 2596 1475 semen
2632 1429 2814 1487 tuum,
2843 1431 2899 1478 et
2940 1424 3370 1481 benedictionem
3414 1438 3592 1479 meam

2006 1526 2169 1579 super
2193 1512 2415 1581 stirpem
2464 1523 2644 1581 tuam,
2689 1524 2744 1569 et
2788 1516 3174 1585 germinabunt
3199 1516 3251 1570 in
3283 1525 3334 1571 te
3362 1516 3592 1583 herbas,

2007 1602 2165 1672 quasi
2183 1602 2378 1658 salices
2394 1602 2547 1672 juxta
2572 1605 3000 1675 praeterﬂuentes
3024 1621 3192 1676 aquas
3215 1605 3372 1677 (Isai.
3386 1605 3588 1674 xuv).s

2631 1716 2859 1773 CAPUT
2900 1718 2961 1771 11.

2180 1784 2337 1850 Quod
2364 1790 2684 1841 monasteria
2712 1790 2908 1843 vivaria
2940 1798 3060 1843 sunt
3100 1789 3420 1842 animarum.

311 1877 527 1947 judiccs
553 1891 707 1943 suos;
734 1892 923 1932 omnes
952 1894 1107 1948 reges
1127 1894 1313 1932 eorum
1337 1878 1668 1943 ceciderunt,
1691 1894 1798 1933 non
1822 1884 1904 1933 est
1934 1888 1982 1947 Β
2077 1874 2210 1929 Cum
2233 1892 2364 1947 ergo
2401 1893 2496 1932 vos
2539 1880 2880 1946 omnipotens
2913 1881 3054 1935 Deus
3081 1881 3281 1934 mundo
3326 1880 3595 1935 subtraxit

316 1971 371 2025 ιιι
398 1969 478 2023 eis
519 1967 609 2037 qui
643 1967 839 2021 clamet
867 1969 933 2023 ad
959 1984 1044 2022 me
1072 1968 1284 2040 (Ibid).
1325 1987 1347 2019 ι

388 2059 455 2114 Et
484 2061 612 2129 quia
662 2060 835 2114 bonos
873 2060 1145 2130 principes
1179 2060 1351 2115 malus
1379 2059 1608 2130 popuhts
1654 2075 1760 2115 non
1794 2076 1909 2114 tne-

317 2162 489 2218 retur,
519 2162 679 2221 atque
714 2152 832 2209 ideo
872 2162 1015 2209 totus
1047 2155 1278 2209 mundus
1319 2153 1468 2209 velut
1505 2170 1669 2208 unum
1708 2168 1908 2223 corpus

316 2242 628 2297 continuata
678 2243 970 2297 crimintnn
1030 2244 1494 2299 contaminatione
1545 2243 1906 2314 perfunditur,

315 2331 498 2387 divina
531 2348 633 2387 vox
668 2348 765 2402 per
791 2336 1109 2403 prophetam
1135 2336 1459 2405 exprobrat,
1494 2336 1716 2391 dicens:
1749 2355 1768 2388 ‹
1807 2335 1906 2391 Ubi

314 2432 399 2478 cst
425 2438 520 2479 rex
551 2431 692 2486 tuus.
726 2425 912 2491 Israel,
958 2426 1194 2480 maxime
1228 2441 1372 2481 nunc
1417 2427 1588 2481 salvet
1618 2435 1667 2480 te
1697 2427 1748 2479 in
1795 2442 1911 2497 om-

314 2513 472 2568 nibus
499 2513 725 2569 urbibus
753 2515 892 2580 tuis;
922 2525 977 2570 et
997 2514 1210 2583 judices
1239 2516 1337 2580 tui,
1362 2516 1427 2571 de
1455 2515 1652 2585 quibus
1678 2515 1862 2569 dixisti
1890 2532 1903 2568 :

313 2605 392 2660 Da
441 2606 573 2661 mihi
622 2621 801 2677 regem
833 2617 890 2661 et
934 2608 1211 2677 principes
1259 2607 1416 2677 (Osee
1453 2606 1595 2678 xm).
1634 2625 1653 2659 ι
1708 2605 1808 2660 Ubi
1854 2614 1910 2659 et

319 2708 516 2768 praesto
560 2699 946 2771 subjungitur:
1002 2718 1020 2751 ι
1061 2699 1209 2754 Dabo
1244 2699 1337 2754 tibi
1391 2714 1571 2769 regem
1623 2698 1678 2752 in
1725 2696 1909 2752 furore

313 2804 458 2859 meo,
476 2797 533 2845 et
557 2789 800 2844 auferant
828 2790 881 2845 in
908 2790 1281 2861 indignatione
1307 2806 1424 2845 mea
1453 2790 1662 2861 (Ibid).
1693 2810 1711 2844 ι
1741 2792 1895 2848 Unde

314 2882 375 2937 Iit
422 2890 481 2936 ut
528 2882 654 2936 dum
707 2882 890 2936 mundi
941 2882 1216 2951 principes
1262 2898 1369 2936 non
1414 2884 1570 2953 jura.
1620 2884 1714 2939 sed
1758 2884 1905 2940 lucra

316 2982 677 3038 conservant,
708 2972 981 3043 subjectos
1027 2988 1244 3043 quoque
1290 2973 1558 3044 proclives
1608 2974 1661 3031 in
1708 2974 1907 3029 malum

313 3063 459 3130 nulla
511 3063 765 3131 legalium
819 3065 1159 3119 sanctionum
1212 3079 1444 3120 censura
1494 3063 1747 3122 refrenet.
1793 3058 1908 3123 Hoc

316 3155 549 3210 mundus
576 3164 763 3210 nostro
810 3164 1059 3226 tempore
1112 3156 1335 3226 patitur,
1374 3157 1517 3226 quod
1568 3171 1665 3229 per
1712 3157 1907 3213 Isaiam

2008 1982 2072 2022 ac
2099 1969 2199 2023 sub
2230 1971 2527 2025 monastica
2582 1972 2683 2026 sibi
2717 1972 2997 2042 disciplina
3044 1972 3249 2027 servire
3287 1971 3596 2037 constituit,

2005 2058 2135 2128 quid
2168 2059 2313 2113 aliud
2342 2060 2537 2115 fecisse
2582 2062 2840 2128 cernitur,
2869 2077 3029 2131 quam
3069 2062 3214 2117 velut
3244 2062 3371 2116 olim
3407 2061 3461 2115 in
3495 2074 3591 2116 ca-

2012 2150 2289 2221 taclysmo,
2327 2151 2393 2206 de
2415 2151 2596 2205 multis
2615 2153 2963 2220 pereuntibus
2986 2169 3083 2207 vos
3098 2167 3295 2223 paucos
3321 2151 3504 2221 elegit,
3529 2165 3599 2207 ao

2007 2237 2061 2292 in
2086 2239 2424 2294 bituminata:
2452 2255 2594 2296 arca:
2621 2240 3067 2312 latibulum(Gen.
3091 2243 3211 2310 vn),
3243 2251 3302 2297 ut
3318 2241 3593 2305 viveretis,

2009 2333 2263 2388 induxit?
2296 2333 2607 2390 Claustrum
2638 2334 2835 2405 quippe
2866 2335 3181 2390 monasterii
3220 2334 3487 2388 vivarium
3512 2341 3601 2389 est

2008 2426 2334 2481 animarum.
2365 2426 2441 2481 lbi
2473 2427 2670 2497 quippe
2710 2428 2898 2481 vivunt
2933 2428 3130 2498 pisces,
3162 2428 3253 2499 qui
3280 2428 3432 2499 juxta
3463 2426 3598 2497 legis

2008 2516 2186 2571 edicta
2219 2517 2482 2586 pennulas
2518 2518 2751 2583 habent;
2783 2526 2948 2587 atque
2979 2528 3038 2573 ut
3068 2519 3120 2573 in
3168 2534 3365 2589 corpus
3396 2518 3596 2574 Christi

2011 2606 2432 2672 transferantur,
2456 2607 2823 2663 Israelitarum
2854 2610 3060 2663 mensis
3082 2608 3304 2664 delicias
3335 2609 3597 2679 prmbent.

2009 2697 2193 2752 Pisces
2218 2697 2423 2767 quippe
2446 2698 2537 2766 qui
2562 2712 2912 2767 squamarum
2935 2699 3195 2767 pennulns
3221 2698 3438 2763 habent,
3470 2699 3597 2755 dare

2009 2787 2179 2843 saltus
2204 2787 2365 2841 etiam
2405 2803 2569 2857 super
2593 2804 2767 2858 aquas
2795 2788 2989 2844 solent.
3024 2787 3163 2855 Quid
3187 2804 3318 2859 ergo
3346 2788 3599 2859 pennati!

2008 2876 2246 2947 piscibus
2276 2876 2379 2931 nisi
2404 2876 2592 2931 electae
2621 2877 2815 2932 anima:
2856 2877 3179 2948 figurantur,
3219 2893 3337 2946 quae
3357 2877 3605 2947 profecto

2008 2965 2139 3021 solae
2172 2965 2223 3019 in
2260 2965 2499 3021 cmlcstis
2539 2965 2797 3020 Ecclesiae
2853 2982 3051 3037 corpus
3097 2977 3419 3029 transeunt;
3470 2968 3601 3037 quia

2010 3058 2171 3113 modo
2202 3058 2463 3112 virtutmn
2510 3058 2763 3128 pennulis
2785 3058 2956 3123 fultae,
3009 3058 3179 3114 saltus
3207 3061 3339 3114 dare
3364 3074 3464 3130 per
3484 3075 3596 3116 ca:-

2009 3147 2144 3203 leste
2170 3149 2497 3204 desiderium
2524 3149 2738 3215 sitiunt,
2788 3159 2848 3203 ut
2874 3163 3105 3219 superna
3138 3165 3234 3220 per
3260 3150 3596 3222 contempla-

318 3246 557 3307 dicitur:
611 3265 629 3296 ‹
667 3245 840 3301 Omne
889 3253 1054 3315 caput
1130 3245 1447 3317 languidum
1497 3254 1552 3301 et
1596 3261 1758 3302 omne
1810 3261 1905 3302 cor
1932 3238 1978 3299 C
2010 3237 2211 3293 tionem
2250 3246 2530 3308 appetant,
2584 3238 2836 3308 quamvis
2866 3239 2917 3292 in
2949 3238 3268 3308 semetipsas
3292 3240 3486 3295 iterum
3530 3254 3599 3297 ex

321 3347 588 3401 moerens;
618 3351 647 3388 a
678 3334 859 3405 planta
888 3336 1042 3405 pedis
1074 3351 1245 3407 usque
1278 3337 1346 3392 ad
1378 3338 1639 3394 verticem
1671 3352 1779 3393 non
1825 3346 1910 3395 est

318 3425 372 3487 In
400 3441 465 3483 eo
501 3426 711 3482 sanitas
740 3425 874 3498 (Isa.
906 3429 968 3499 ι).
1006 3447 1026 3481 ι

824 3541 1055 3599 CAPUT
1094 3543 1385 3600 PRIMUM.

405 3633 558 3700 Quod
588 3632 816 3704 religiosi
857 3627 1155 3760 quasi'oves
1188 3647 1308 3691 sunt
1340 3637 1403 3690 de
1432 3636 1544 3707 lupi
1574 3636 1815 3707 faucibus

1014 3723 1132 3760 ενοι)
1160 3724 1225 3760 ιε.

1014 3723 1225 3776 ereptis.

388 3793 748 3860 Quamobrem
781 3811 1125 3865 summopere
1160 3798 1460 3852 curandum
1490 3798 1642 3852 vobis
1670 3806 1778 3861 est,
1824 3797 1908 3852 di-

316 3887 618 3954 lectissimi,
643 3900 701 3943 ut
728 3888 1023 3951 innnensas
1046 3890 1156 3943 Deo
1177 3890 1380 3961 gratias
1399 3888 1607 3960 jugiter
1629 3889 1903 3956 referatis,

314 3978 409 4053 qui
440 3978 691 4035 videlicet
720 3980 824 4034 hoc
853 3988 1097 4051 tempore
1127 3981 1193 4034 de
1223 3981 1423 4035 mundo
1447 3981 1579 4035 estis
1599 3980 1778 4045 electi,
1800 3996 1908 4049 quo

316 4078 533 4123 constat
565 4069 617 4125 in
658 4085 723 4124 eo
754 4071 1066 4140 quempiam
1115 4070 1331 4126 dillicile
1369 4085 1526 4141 posse
1554 4070 1776 4126 salvari.
1807 4070 1909 4126 lm-

314 4162 503 4239 piestis
518 4163 662 4216 enim
676 4164 818 4230 quod
836 4178 932 4234 per
948 4163 1297 4228 Zachariam,
1309 4162 1542 4218 Domino
1553 4161 1904 4229 vociferante,

320 4255 635 4333 praecipitur
663 4273 675 4309 :
712 4274 729 4306 ι
765 4255 832 4321 0,
859 4271 914 4321 ο,
946 4254 1115 4325 fugite
1141 4255 1205 4310 de
1238 4267 1380 4311 terra
1404 4254 1689 4325 Aquilonis
1717 4254 1905 4326 (Zaclt.

318 4352 457 4414 ιι).·ι
491 4347 557 4401 Et
586 4364 800 4404 rursum
828 4366 840 4400 :
873 4367 891 4399 (
933 4347 977 4404 Ο
1012 4348 1167 4411 Sion,
1198 4348 1340 4419 fuge,
1374 4364 1493 4418 quae
1520 4348 1734 4406 habitas
1765 4347 1906 4417 apud

317 4439 481 4494 filiam
518 4439 807 4512 Babylonis
844 4440 1059 4512 (lbid.).
1096 4458 1118 4494 ι
1166 4442 1372 4509 Quibus
1403 4440 1657 4495 nimirum
1694 4440 1908 4495 Veritas

319 4528 454 4584 dicit
484 4545 499 4584 :
536 4549 552 4581 ι
588 4532 698 4601 Ego
725 4547 820 4585 vos
844 4531 981 4602 elegi
1010 4533 1075 4593 de
1120 4534 1350 4598 mundo;
1380 4541 1432 4587 et
1458 4533 1585 4604 quia
1613 4533 1680 4588 de
1708 4532 1907 4587 mundo

2011 3329 2230 3384 mortali
2272 3345 2439 3384 carne
2467 3329 2783 3383 relabantur
2806 3329 2829 3384 ?
2855 3328 3164 3383 Claustrum
3192 3330 3376 3399 itaque
3413 3343 3598 3387 mena-

2008 3421 2158 3476 sterii
2187 3430 2364 3476 utrum
2394 3420 2757 3493 gnrgustium,
2806 3420 2920 3475 sive
2947 3421 3210 3475 vivarium
3250 3422 3479 3492 piscium
3507 3436 3598 3478 so—

2011 3511 2307 3576 lununodo,
2350 3512 2492 3566 sicut
2520 3512 2724 3567 dictum
2753 3520 2876 3577 est;
2932 3526 3002 3566 an
3046 3512 3211 3567 etiam
3254 3512 3601 3582 captabulum

2008 3603 2313 3658 crelestium
2365 3618 2619 3673 pecorum
2664 3602 2748 3658 vel
2786 3610 2934 3657 certe
2992 3602 3259 3657 aviarium
3305 3602 3587 3658 volucrum

2009 3709 2107 3765 per
2144 3694 2445 3764 spiritalem
2484 3694 2899 3766 intelligentiam
2930 3696 3128 3750 rectius
3182 3710 3469 3765 possumus
3499 3711 3598 3767 ap-

2007 3775 2256 3855 pellare?
2286 3784 2435 3840 Ilanc
2465 3784 2698 3855 denique
2725 3784 2993 3854 triplicem
3017 3785 3330 3841 animalium
3361 3786 3599 3855 speciem

2009 3881 2162 3952 ponit
2182 3880 2468 3936 Psalmista
2490 3896 2614 3935 cum
2644 3879 2776 3935 dicit
2804 3896 2817 3932 :
2847 3897 2867 3930 ι
2896 3878 3101 3934 Pecora
3124 3878 3322 3948 campi,
3352 3879 3603 3933 volucres

2009 3970 2156 4035 caeli,
2186 3980 2241 4025 et
2290 3971 2467 4040 pisces
2510 3969 2679 4023 maris
2709 3966 2886 4037 (Psal.
2921 3967 3061 4038 vm).
3102 3986 3122 4019 ι
3176 3965 3330 4021 Hanc
3375 3974 3429 4020 et
3458 3965 3605 4023 Osee

2008 4062 2270 4131 propheta
2307 4068 2703 4117 commemorat
2733 4074 2856 4113 cum
2905 4058 3019 4112 ait:
3055 4076 3074 4109 ι
3110 4057 3168 4111 In
3210 4056 3413 4112 bestias
3454 4056 3598 4128 agri,

2008 4161 2063 4207 et
2093 4152 2148 4206 in
2175 4150 2420 4207 volucres
2449 4150 2594 4215 caeli,
2633 4149 2726 4205 sed
2772 4156 2826 4203 et
2856 4149 2908 4202 in
2958 4148 3135 4216 pisces
3176 4146 3342 4201 maris
3370 4161 3599 4217 congre-

2007 4242 2277 4313 gabttntur
2319 4239 2474 4313 (Osee
2518 4241 2615 4311 tv).
2654 4259 2675 4293 ι
2742 4238 2861 4306 Quo
2895 4238 3062 4309 igitur
3085 4238 3274 4291 horum
3307 4236 3466 4291 trium
3508 4250 3599 4292 vo-

2008 4332 2198 4387 cabulo
2227 4333 2534 4387 coenobium
2562 4330 2764 4386 rectius
2788 4328 3167 4400 exprimetur?
3188 4326 3294 4382 Sed
3314 4335 3376 4381 ut
3398 4325 3606 4396 liquido

2010 4422 2291 4488 cernitur,
2342 4423 2594 4479 universa
2628 4422 2743 4477 bzec
2770 4421 2874 4475 tria
2906 4416 3166 4476 voeabula
3213 4415 3454 4472 claustro
3484 4431 3603 4471 mo-

2013 4517 2237 4573 nasterii
2270 4516 2461 4588 procul
2512 4515 2674 4575 dubio
2710 4522 3035 4587 congruunt,
3070 4512 3196 4568 dum
3237 4510 3290 4565 in
3314 4524 3380 4565 eo
3405 4510 3599 4565 unani-

318 4639 425 4677 non
453 4623 615 4685 estis,
647 4633 933 4694 propterea
960 4626 1075 4680 odit
1103 4638 1197 4679 vos
1228 4602 1830 4699 tnundusv(_.loan.xv).
1880 4643 1898 4675 ›
1937 4602 1984 4660 θ
2012 4610 2114 4666 mis
2143 4618 2197 4664 θι
2222 4609 2466 4666 ίηάὶνίεκ
2511 4608 2799 4665 ειιοτίιδῑίε
2850 4608 2969 4678 igne
2993 4606 3247 4699 ϐοηθειιὲ
3275 4603 3602 4699 εΡίτίίεξίίΨυ

316 4713 453 4773 Nam
481 4716 629 4777 velut
654 4716 699 4771 si
730 4715 882 4770 ferox
910 4717 1082 4772 bestia
1111 4732 1277 4787 pecus
1304 4715 1600 4774 invalidum
1634 4717 1905 4771 mordicus

318 4810 713 4885 apprehendat,
745 4818 932 4880 pastor
957 4819 1170 4875 autem,
1203 4807 1289 4863 vel
1318 4825 1482 4864 unum
1514 4808 1816 4862 membrum
1840 4807 1907 4861 de

316 4898 567 4955 faucibus
592 4900 794 4956 furiose
820 4900 1167 4971 deglntientis
1192 4900 1416 4964 educat;
1445 4900 1519 4954 ita
1542 4914 1639 4954 vos
1659 4896 1907 4952 Christus

316 4993 490 5046 dcere
516 4990 726 5046 cruenti
752 4989 1018 5059 praedonis
1035 4988 1200 5059 805
1224 4988 1443 5057 eripuit,
1473 4986 1623 5053 dum,
1646 4995 1908 5057 pereunte

317 5081 551 5145 mundo,
610 5079 663 5134 in
707 5079 1029 5149 obsequium
1088 5093 1179 5132 vos
1227 5078 1311 5132 sui
1364 5077 1652 5131 famulatus
1700 5073 1901 5145 allegit.

317 5172 457 5228 Ilinc
488 5180 573 5228 est
605 5173 747 5242 quod
778 5188 874 5242 per
894 5172 1060 5226 Amos
1085 5171 1402 5240 prophetam
1440 5170 1637 5222 dicitur
1670 5186 1682 5221 :
1713 5187 1729 5218 ι
1760 5166 1904 5235 ριιοο

319 5262 480 5319 modo
506 5261 551 5318 si
583 5269 739 5317 eruat
769 5272 953 5331 pastor
984 5262 1051 5316 de
1091 5276 1186 5315 ore
1233 5258 1404 5315 leonis
1431 5257 1537 5311 duo
1581 5271 1737 5311 crura
1757 5297 1771 5321 ,
1815 5266 1911 5311 aut

318 5367 625 5412 extremum
656 5355 936 5418 auriculae,
968 5354 1047 5410 sic
1074 5361 1332 5409 eruentur
1360 5350 1451 5404 lilii
1481 5349 1663 5413 Israel,
1686 5349 1776 5419 qui
1805 5348 1907 5405 ha-

316 5447 497 5503 bitant
526 5448 577 5501 in
609 5444 855 5500 Samaria
888 5446 1070 5513 (Amos
1126 5444 1229 5512 Ill).
1267 5462 1285 5495 ι
1314 5441 1407 5498 Sic
1444 5439 1623 5510 itaque
1662 5455 1759 5509 per
1806 5456 1905 5493 ex-

320 5535 686 5591 ul-erantioris
714 5535 902 5604 gratia:
928 5549 1127 5589 munus
1146 5548 1252 5588 non
1282 5530 1571 5602 ambigitur
1585 5530 1918 5585 vobisl’uisse

320 5626 597 5689 collatum,
624 5628 766 5697 quod
794 5642 888 5695 per
908 5625 1160 5681 eumdem
1180 5624 1500 5698 prophetam
1524 5621 1650 5677 alibi
1672 5619 1872 5677 dicitur
1895 5638 1910 5678 :

326 5736 349 5770 ι
377 5717 494 5775 Plui
518 5732 681 5789 super
705 5718 983 5773 civitatem
1025 5732 1215 5782 unam,
1246 5725 1300 5772 et
1333 5732 1495 5787 super
1528 5714 1803 5770 civitatem
1836 5711 1914 5767 al-

324 5818 499 5868 teram
524 5827 626 5869 non
656 5811 786 5884 pini.
812 5810 947 5869 Pars
969 5827 1079 5867 una
1100 5809 1374 5883 eomplata
1396 5819 1496 5882 est,
1524 5820 1575 5867 et
1600 5825 1724 5881 pars
1750 5824 1914 5881 super

2013 4706 2326 4760 animalium
2358 4704 2643 4761 diversitas
2675 4702 3004 4758 continetur.
3041 4700 3119 4755 lbi
3158 4698 3357 4768 quippe
3386 4696 3605 4767 spirita-

2011 4799 2113 4864 les,
2151 4799 2291 4853 sicut
2322 4797 2527 4852 dictum
2554 4804 2659 4861 est,
2690 4796 2878 4851 vivunt
2917 4795 3117 4864 pisces,
3150 4805 3427 4848 sacrarum
3453 4789 3598 4845 Scri-

2013 4902 2292 4964 pturarum
2325 4891 2545 4946 fluentis
2576 4890 2779 4960 jugiter
2806 4889 3140 4942 innatantes.
3187 4883 3302 4939 Nisi
3336 4882 3481 4938 enim
3507 4896 3600 4937 es-

2012 4994 2095 5040 set
2115 4983 2358 5053 spiritale
2385 4984 2723 5055 gurgustium
2749 5021 2766 5045 ,
2802 4980 2892 5035 ubi
2917 4994 3023 5035 non
3057 4974 3281 5042 terreni,
3312 4974 3407 5030 sed
3432 4974 3603 5047 806

2013 5076 2262 5131 caelestes
2320 5077 2497 5146 pisces
2543 5072 2860 5143 spiritaliter
2910 5070 3192 5133 viverent,
3249 5080 3597 5136 nequaquam

2016 5167 2272 5222 Dominus
2294 5168 2360 5221 ad
2393 5166 2450 5219 Β.
2473 5163 2575 5220 Job
2612 5164 2680 5217 de
2722 5160 2895 5234 typica
2930 5158 3226 5214 Behemotb
3256 5156 3395 5227 pelia
3433 5153 3603 5213 dixit.

2012 5267 2097 5313 set
2121 5276 2133 5312 ;
2168 5277 2187 5310 ι
2220 5256 2468 5327 Nunquid
2496 5252 2744 5325 implebis
2771 5266 3027 5321 sagenam
3058 5249 3197 5319 pelle
3219 5250 3355 5321 ejus.
3384 5257 3441 5306 et
3467 5262 3600 5319 gur-

2013 5350 2245 5418 gustium
2280 5348 2505 5419 piscium
2533 5348 2708 5416 capite
2731 5344 2909 5399 illius?
2937 5362 2954 5395 ι
3000 5342 3122 5414 (Job
3157 5340 3370 5410 vattt.)
3412 5338 3487 5395 lbi
3511 5352 3603 5409 pe-

2017 5456 2145 5496 (ora
2182 5440 2295 5511 agri
2325 5440 2486 5503 illius,
2526 5439 2734 5494 scilicet
2780 5435 2848 5491 de
2882 5451 2990 5506 quo
3015 5448 3112 5504 per
3154 5433 3319 5489 Iacob
3360 5431 3602 5486 dicitur:

2023 5550 2043 5589 ι
2071 5531 2209 5586 Ecce
2243 5534 2377 5585 odor
2403 5530 2493 5582 lilii
2530 5529 2655 5592 mei,
2688 5525 2828 5582 sicut
2851 5525 2988 5581 odor
3013 5523 3128 5593 agri
3175 5521 3341 5593 pleni,
3380 5519 3468 5575 cui
3499 5517 3597 5573 be-

2016 5623 2221 5679 nedixit
2243 5620 2499 5675 Dominus
2523 5618 2675 5691 (Gen.
2705 5619 2896 5689 xxvn).
2935 5638 2951 5670 ι
2987 5618 3067 5671 De
3087 5614 3373 5686 pecoribus
3397 5618 3603 5673 autem,

2016 5714 2148 5784 ipsis
2168 5713 2355 5769 electis
2382 5712 2587 5779 scilicet
2618 5710 2669 5765 in
2711 5718 2912 5767 sanctae
2934 5705 3217 5763 charitatls
3248 5699 3603 5775 unanimitate

2019 5802 2343 5871 viventibus,
2382 5801 2549 5859 Isaias
2576 5800 2645 5857 ait
2677 5819 2689 5856 :
2726 5818 2746 5853 ‹
2779 5798 3056 5856 llabitabit
3092 5796 3247 5869 lupus
3276 5807 3398 5849 cum
3439 5804 3595 5871 agor.
