4136 5308
600 362 702 423 767

1042 394 1043 397 η
1137 360 1195 417 8.
1237 358 1438 417 PETRI
1472 358 1756 418 DAMIANI
1778 357 1929 416 OPP.
1971 354 2103 412 SEU
2128 349 2367 410 TOMUS
2394 349 2575 408 PARS
2610 348 3148 408 lll.—'OPUSCULA
3177 350 3409 406 VARlA.

3770 350 3869 411 763

601 487 657 532 et
706 477 907 548 pardus
938 490 1070 530 cum.
1112 476 1271 531 hmdo
1306 479 1637 543 accubabit;
1678 475 1882 533 vitulus
1905 484 1962 532 et
1998 475 2083 532 leo
2134 485 2174 524 e1

2293 466 2610 522 subtilitatis
2638 462 2935 538 ingenium.
2964 465 3102 520 Nam
3131 482 3254 521 cum
3290 482 3321 520 a
3356 464 3701 520 venatoribus
3727 481 3869 536 quaa-

599 568 719 628 ovis
754 567 914 622 simul
944 569 1304 623 morabuntur
1332 567 1489 640 (lsai.
1514 568 1610 633 ιιι).
1649 586 1671 618 ι
1706 567 1840 623 Nam
1872 583 1969 639 per
1988 578 2192 653 sancte

599 658 889 716 ebaritatis
924 659 1131 713 viscera
1151 700 1166 724 ,
1198 658 1357 729 lupus
1387 675 1510 715 cum
1557 675 1696 731 agno
1719 659 1966 727 habitat;
2003 660 2131 729 quia
2154 658 2189 715 ιι

597 749 690 820 qui
723 749 779 804 in
806 749 1005 805 szeculo
1032 759 1281 819 raptores
1333 750 1570 814 fuerunt,
1622 765 1745 805 eum
1797 751 2096 806 mansuetis
2125 765 2189 806 ac

597 841 817 896 mitibus
844 841 897 895 in
943 856 1076 911 pace
1103 842 1515 913 conquiescunt.
1559 842 1624 897 Et
1659 844 1859 913 pardus
1887 859 2010 899 cum
2035 843 2191 901 llme

596 937 847 1001 accubat,
901 937 1029 1006 quia
1076 938 1122 992 is
1170 938 1262 1008 qui
1300 946 1645 1009 peccatorum
1684 954 1905 994 suorum
1963 938 2188 994 maculis

591 1024 779 1079 varius
824 1023 944 1089 fuit,
980 1041 1103 1080 cum
1134 1041 1200 1081 eo
1228 1026 1318 1096 qui
1346 1043 1406 1083 se
1450 1022 1681 1096 despicit
1735 1043 1801 1083 ac
1846 1036 2183 1098 peccatorem

590 1113 795 1175 fatetur
833 1115 1108 1170 humiliari
1141 1118 1427 1172 consentit.
1482 1117 1696 1173 Vitulus
1734 1127 1941 1184 autem,
1993 1129 2049 1174 et
2078 1119 2182 1187 leo,

569 1213 648 1260 ‘et
677 1206 798 1261 ovis
835 1207 1039 1274 pariter
1087 1218 1534 1275 commorantur;
1589 1208 1716 1279 quia
1762 1217 1817 1263 et
1860 1209 1907 1264 is
1945 1209 2036 1279 qui
2088 1225 2186 1280 per
2256 1260 2261 1265 .

589 1296 884 1352 contritum
938 1312 1036 1353 eor
1062 1297 1131 1352 ad
1171 1299 1545 1367 quotidianum
1590 1315 1650 1355 se
1696 1299 2179 1355 Deosacrilicium

589 1394 903 1455 praeparat;
940 1396 997 1441 et
1026 1384 1169 1443 alius
1209 1388 1300 1458 qui
1327 1398 1582 1458 tanquam
1632 1389 1714 1444 leo
1743 1404 1810 1443 ex
1859 1390 2182 1445 crudelitate

562 1477 883 1544 ereviebat;
937 1487 995 1533 et
1031 1478 1192 1545 alter,
1231 1482 1323 1549 qui
1354 1481 1503 1536 velut
1546 1481 1664 1537 ovis
1695 1482 2016 1539 innocentiae
2067 1498 2180 1539 suae

586 1565 934 1638 simplicitate
956 1570 1238 1638 perdurat,
1268 1570 1323 1624 in
1348 1571 1522 1627 caulis
1544 1583 1745 1628 sanctae
1766 1573 2021 1629 Ecclesia:
2047 1589 2181 1630 eun-

588 1666 880 1713 venerunt.
930 1658 1008 1713 lbi
1041 1675 1255 1730 quoque
1288 1662 1408 1717 cmli
1442 1671 1569 1719 sunt
1610 1665 1900 1732 volucres;
1943 1666 1977 1719 ii
2018 1668 2179 1722 nimi-

584 1762 706 1803 rum
745 1749 836 1817 qui
874 1748 1134 1804 virtutum
1165 1750 1364 1820 plumis
1396 1768 1518 1809 sese
1567 1755 1619 1809 in
1661 1756 1830 1810 ardua
1866 1755 2169 1820 sublevant,

2294 555 2452 620 ritur,
2475 571 2664 611 eorum
2700 556 2945 626 protinus
2970 559 3134 612 odore
3148 566 3429 626 concepto,
3462 566 3521 611 ut
3543 551 3869 628 persequen-

2295 646 2426 700 tium
2460 662 2520 702 se
2542 646 2759 703 deludat
2806 646 3137 717 indaginem,
3168 657 3401 703 versuta:
3452 648 3616 703 struit
3647 646 3866 704 fraudu-

2290 735 2472 791 lentiae
2488 737 2805 792 novitatem.
2822 736 3059 792 Caudam
3083 737 3280 808 quippe
3301 753 3397 807 per
3421 748 3617 792 terram
3633 738 3863 804 trahens,

2287 829 2514 900 vestigia
2559 845 2677 897 sua,
2700 831 2827 887 dum
2873 822 3134 903 graditur,
3168 832 3383 903 operit;
3437 834 3625 903 sicque
3666 849 3865 889 venan-

2290 920 2421 975 tium
2453 920 2692 991 laqueos,
2723 936 2791 976 ne
2820 922 3088 993 capiatur,
3117 924 3319 978 evadit.
3362 921 3661 980 Venatores
3707 923 3864 996 plane

2285 1012 2562 1068 hominum
2593 1013 2757 1083 iniqui
2791 1024 2917 1069 sunt
2938 1015 3183 1084 spiritus,
3214 1015 3306 1086 qui
3343 1017 3598 1070 nimirum
3646 1026 3862 1075 venato-

2256 1121 2405 1163 rum
2437 1121 2585 1161 more
2612 1122 2806 1161 carnes
2837 1096 3106 1177 qumrunt,
3137 1108 3262 1162 dum
3294 1096 3566 1179 quoslibet
3595 1109 3860 1176 homines,

2284 1195 2661 1252 utcarnaliter
2687 1198 2889 1263 vivant,
2943 1198 3256 1253 immaniter
3296 1210 3712 1270 persequuntur.
3757 1200 3863 1256 Sed

2282 1288 2528 1359 quisquis
2557 1290 2622 1342 ad
2656 1291 2802 1344 illum
2837 1291 3045 1345 leonem
3071 1293 3324 1369 pertinet,
3350 1291 3417 1347 de
3442 1309 3550 1363 quo
3576 1309 3674 1363 per
3698 1293 3862 1351 Jacob

2252 1378 2513 1453 .dicitur:
2547 1396 2565 1430 ι
2620 1380 2843 1437 Catulus
2890 1382 3062 1438 leonis
3112 1382 3271 1451 Juda,
3327 1386 3610 1442 venatoris
3642 1388 3862 1442 odorem

2281 1470 2537 1539 concipit,
2577 1471 2702 1541 quia
2749 1472 2953 1527 versuti
3007 1472 3179 1528 hostis
3237 1474 3463 1530 insidias
3515 1476 3862 1546 deprehendit

2283 1556 2434 1627 (Gen.
2466 1559 2635 1631 χιιι).
2673 1579 2691 1612 ι
2723 1559 2888 1633 Cujus
2916 1562 3166 1617 videlicet
3193 1564 3414 1619 odorem
3442 1575 3633 1636 argute
3660 1581 3857 1621 conce-

2279 1657 2453 1716 perat,
2486 1650 2577 1719 qui
2608 1650 2859 1706 dicebat:
2898 1669 2915 1702 ι
2948 1651 3065 1707 Non
3108 1653 3422 1724 ignoramus
3463 1655 3695 1711 astutias
3741 1656 3859 1726 ejus

2280 1740 2367 1811 (II
2395 1741 2518 1796 Cor.
2540 1744 2620 1813 ιι).
2662 1765 2681 1796 ι
2734 1744 2843 1801 lllis
2888 1748 3195 1802 econtrario
3225 1748 3618 1820 ignorantibus,
3652 1751 3717 1806 de
3742 1751 3862 1821 qui-

582 1851 648 1894 ac
672 1844 887 1893 terrena
921 1839 1200 1909 quaalibet,
1231 1852 1287 1897 et
1314 1846 1415 1898 sub
1445 1859 1503 1900 se
1526 1845 1759 1901 transire
1788 1847 1856 1902 de
1884 1862 1996 1902 sum
2022 1862 2171 1903 mea-
2204 1826 2246 1884 Β
2277 1829 2378 1885 bus
2401 1829 2636 1888 Joannes
2665 1833 2827 1889 dicit:
2859 1853 2878 1887 ι
2909 1835 3011 1904 Qui
3044 1853 3150 1893 non
3191 1850 3567 1908 cognoverunt
3617 1840 3858 1897 altitudi-

583 1929 655 1984 tis
690 1942 819 1984 arce
868 1939 1237 2000 prospectant.
1289 1932 1536 2005 Dumque
1589 1951 1688 2007 per
1735 1945 1949 1992 terrena
1980 1952 2168 2008 repere

582 2018 684 2074 sub
704 2020 909 2076 carnali
938 2023 1388 2093 concupiscentia:
1411 2025 1541 2097 jugo
1564 2026 1896 2095 despiciunt,
1947 2027 2167 2083 liberta-

581 2114 692 2162 tem
724 2110 868 2164 aeris
916 2120 1124 2180 petunt,
1156 2127 1383 2184 seseque
1403 2116 1470 2168 ad
1492 2115 1753 2181 cmlestia,
1794 2116 1986 2173 librata
2018 2132 2170 2173 men-

589 2199 662 2254 tis
689 2202 1165 2272 contemplatione,
1199 2207 1554 2276 suspendunt.
1572 2207 1648 2263 De
1680 2210 1874 2277 quibus
1914 2211 2166 2266 nimirum

583 2289 896 2348 volucribus
928 2294 1186 2350 Dommus
1208 2297 1259 2349 in
1285 2297 1577 2369 Evangelio
1607 2299 1862 2369 loquitur,
1901 2316 2024 2355 eum
2051 2315 2170 2370 gra-

577 2398 708 2439 num
753 2385 960 2454 sinapis
1010 2388 1363 2461 in_arborem
1407 2391 1645 2447 crevisse
1685 2400 1947 2449 testatur:
1985 2413 2003 2446 ι
2033 2392 2167 2448 Cum

579 2479 761 2527 autem
822 2476 1080 2542 creverit,
1137 2476 1334 2549 inquit,
1376 2480 1550 2549 majus
1596 2494 1680 2538 est
1715 2483 1968 2540 omnibus
2009 2483 2170 2539 oleri-

540 2560 700 2626 .bus,
743 2573 797 2619 et
831 2565 885 2617 lit
917 2567 1102 2635 arbor,
1148 2568 1220 2623 ita
1274 2579 1335 2625 ut
1370 2572 1619 2629 volucres
1663 2573 1785 2630 coeli
1826 2573 2069 2642 veniant,
2112 2583 2168 2631 et

578 2652 826 2709 habitent
858 2656 911 2710 in
940 2659 1105 2714 ramis
1131 2658 1248 2728 ejus
1270 2660 1490 2731 (Matth.
1522 2659 1668 2733 xm).
1705 2683 1724 2715 ι
1755 2663 1868 2719 Nec
1896 2664 2092 2719 mirmn
2120 2666 2166 2721 si

577 2749 637 2796 et
664 2744 955 2813 pecoribus
984 2746 1129 2818 agri,
1180 2756 1236 2804 et
1286 2749 1595 2806 volucribus
1639 2752 1764 2807 caeli
1815 2768 1881 2808 ac
1928 2753 2167 2822 piscibus

571 2833 779 2901 maris,
861 2838 1024 2891 homo
1052 2852 1154 2907 per
1209 2838 1434 2910 ﬁguram
1478 2841 1740 2911 spiritalis
1800 2841 2168 2911 intelligentia:

571 2936 937 2997 comparetur,
975 2944 1099 2984 cum
1142 2939 1198 2985 et
1224 2931 1339 3001 ipse
1370 2944 1552 2997 nomo,
1580 2941 1805 3002 propter
1833 2948 1993 3003 quem
2023 2933 2168 2990 scili-

534 3048 539 3052 -
577 3024 668 3072 cet
696 3024 892 3073 caetera
944 3028 1126 3074 creata
1173 3030 1331 3088 sunt,
1378 3022 1558 3077 omnis
1606 3030 1860 3077 creatura
1906 3023 2161 3098 dicatur:

536 3138 541 3141 -
581 3124 604 3158 ι
627 3107 857 3173 Euntes,
892 3109 1083 3179 inquit,
1109 3111 1162 3166 in
1190 3112 1446 3167 mundmn
1480 3113 1817 3179 universum,
1876 3114 2166 3185 praedicate

2268 1936 2389 1976 nem
2451 1921 2667 1979 Satanae
2723 1927 2908 1997 (Apoc.
2945 1932 3030 1998 ιι).
3065 1947 3083 1980 ι
3116 1928 3215 1986 llic
3251 1932 3417 1986 etiam
3475 1933 3703 2004 vestigia
3755 1949 3852 1989 sua

2269 2012 2459 2077 cauda,
2498 2028 2617 2083 quae
2630 2025 2904 2085 postrema
2931 2033 3056 2089 pars
3084 2028 3169 2076 est
3201 2022 3467 2097 corporis,
3499 2024 3704 2093 operit;
3729 2024 3859 2094 quia

2268 2101 2392 2155 vita:
2430 2103 2633 2157 veteris
2681 2106 3008 2174 pravitatem
3060 2111 3295 2185 tegmine
3358 2127 3512 2167 novae
3561 2129 3857 2170 conversa-

2276 2189 2438 2246 tionis
2453 2192 2758 2261 abscondit,
2774 2195 2914 2252 sicut
2931 2197 3129 2254 dicitur
3148 2216 3161 2253 :
3183 2218 3201 2252 ι
3229 2200 3378 2256 Beati
3422 2217 3650 2271 quorum
3669 2202 3859 2259 remis-

2267 2296 2340 2336 διε
2355 2293 2481 2338 sunt
2499 2284 2885 2355 iniquitates,et
2898 2303 3125 2358 quorum
3146 2299 3286 2345 lecta
3301 2302 3424 2348 sunt
3440 2303 3659 2363 peccata
3678 2294 3859 2366 (Psal.

2268 2388 2302 2425 ι
2327 2374 2462 2445 χιι).
2511 2394 2529 2427 ι
2576 2374 2822 2432 Etalibi:
2854 2396 2872 2430 ι
2897 2379 3529 2453 Remisistiiniquitatem
3545 2385 3686 2455 plebi
3717 2395 3857 2452 tuae;

2269 2464 2532 2533 aperuisti
2569 2466 2752 2522 omnia
2779 2480 3002 2539 peccata
3023 2487 3211 2527 eorum
3229 2472 3406 2545 (Psal.
3434 2477 3685 2549 LXXXIV).
3705 2496 3726 2532 ι
3764 2477 3860 2534 Sic

2268 2555 2431 2625 igitur
2455 2554 2713 2626 impressa
2763 2561 2992 2630 vestigia
3035 2564 3205 2618 cauda
3237 2564 3408 2622 leonis
3457 2569 3658 2638 operit,
3726 2585 3855 2624 cum

2267 2655 2506 2702 veterem
2534 2648 2699 2704 vitam
2729 2653 3048 2727 posterioris
3097 2656 3440 2712 rectitudinis
3474 2666 3847 2729 tegumentum

2266 2737 2485 2793 obducit
2514 2736 2696 2811 (Prov.
2731 2744 2946 2815 xxvtn).
2972 2744 3054 2799 Ad
3080 2746 3184 2802 hoc
3206 2747 3370 2802 etiam
3417 2749 3676 2819 pertinet,
3703 2751 3850 2820 quod

2268 2826 2410 2882 idem
2435 2827 2519 2885 leo
2560 2829 2742 2885 cibum
2772 2831 2981 2888 fastidit
3003 2836 3340 2905 hesternum,
3374 2847 3428 2893 et
3449 2855 3590 2896 escae
3619 2841 3856 2912 propria:

2270 2918 2528 2989 reliquias
2552 2934 2853 2979 aversatur.
2884 2925 2952 2981 Et
2989 2936 3063 2994 tu,
3086 2943 3120 2984 ο
3158 2928 3342 2998 Ιιοιιιο,
3385 2946 3450 2986 eo
3488 2947 3594 2999 quo
3620 2930 3858 2988 satiatus

2275 3008 2479 3076 fueras,
2523 3027 2746 3082 prorsus
2774 3017 3010 3073 abliorre
3040 3030 3344 3089 peccatum,
3381 3010 3729 3093 ne'tanquam
3758 3039 3855 3080 ca-

2271 3102 2354 3158 nis
2402 3106 2601 3160 reverti
2632 3106 2863 3164 videaris
2888 3110 2955 3165 ad
2983 3112 3242 3168 vomitum
3272 3113 3361 3186 (II
3384 3114 3528 3171 Petr.
3558 3115 3639 3188 ιι).
3698 3116 3854 3173 Adde

534 3210 540 3217 '
568 3197 920 3268 Evangelium
949 3202 1096 3256 omni
1146 3212 1409 3258 creaturae
1438 3203 1633 3274 (Marc.
1666 3206 1778 3277 va)
1804 3224 1817 3260 :
1859 3184 1889 3259 »ί
1927 3207 2063 3262 Nam
2104 3219 2161 3266 ει
2195 3184 2240 3246 C
2271 3194 2395 3263 quia
2424 3195 2506 3250 leo
2535 3197 2735 3267 apertis
2762 3201 2933 3256 oculis
2959 3202 3189 3283 dormit;
3219 3184 3301 3261 sic
3331 3215 3382 3260 et
3411 3216 3490 3272 tu,
3517 3208 3594 3263 sic
3616 3208 3840 3279 quiesce

570 3288 853 3346 naturales
899 3298 1055 3346 actus
1080 3308 1335 3362 pecorum
1366 3309 1462 3364 per
1488 3295 1825 3365 spiritualem
1856 3297 2161 3369 intelligen-

572 3376 705 3431 tiam
739 3380 1106 3448 reper’iuntur.
1128 3382 1181 3437 in
1213 3386 1456 3445 moribus
1489 3386 1805 3455 hominum;
1846 3389 1990 3446 sicut
2024 3392 2156 3447 etin

572 3467 888 3525 hominibus
929 3469 1132 3539 aliquid
1166 3473 1460 3544 invenitur,
1491 3479 1636 3548 quod
1684 3479 1754 3534 ad
1783 3478 1955 3536 ollicia
1985 3484 2156 3553 perti-

570 3565 701 3612 neat
732 3558 1066 3628 angelorum.
1096 3562 1299 3619 Rerum
1325 3568 1525 3638 quippe
1548 3570 1797 3625 conditor
1814 3573 2158 3642 omnipotens

573 3645 734 3709 Deus,
773 3646 915 3701 sicut
945 3656 1158 3705 terrena
1189 3668 1417 3723 quaeque
1454 3656 1521 3721 ad
1552 3673 1707 3713 usum
1733 3662 2008 3718 hominum
2029 3678 2159 3718 con-

565 3732 736 3803 didit;
774 3736 856 3791 sic
883 3741 1044 3794 etiam
1075 3756 1173 3811 per
1220 3744 1364 3813 ipsas
1394 3756 1711 3804 naturarum
1757 3751 1923 3819 vires,
1974 3761 2032 3809 et
2061 3769 2158 3810 ne-
2214 3802 2219 3803 κ

564 3827 835 3884 eessarios
885 3841 1098 3899 motus,
1146 3851 1281 3904 quos
1327 3836 1504 3894 brutis
1549 3841 1880 3898 animalibus
1937 3844 2150 3910 indidit,

522 3960 525 3963 .
563 3916 839 3974 hominem
868 3921 1163 3981 salubriter
1212 3928 1510 3986 informare
1537 3935 1770 3989 curavit.
1825 3934 1895 3990 Ut
1938 3938 1993 3993 in
2022 3938 2156 4009 ipsis

523 4062 527 4067 .
561 4010 850 4101 pecoribus
879 4013 1041 4071 homo
1066 4019 1237 4087 possit
1263 4021 1545 4078 addiscere
1570 4025 1696 4096 quid
1716 4028 1915 4085 imitari
1938 4031 2152 4101 debeat,

517 4128 526 4136 -
570 4097 706 4166 quid
729 4114 952 4169 cavere,
985 4107 1116 4176 quid
1154 4108 1225 4163 ab
1248 4109 1328 4165 eis
1364 4115 1602 4168 mutuari
1632 4116 1927 4173 salubriter
1953 4097 2152 4190 valeat,

560 4189 693 4286 quid
728 4193 830 4249 rite
859 4205 1169 4255 contemnat
1191 4216 1206 4255 :
1228 4211 1494 4272 quatenus
1525 4207 1655 4262 dum
1689 4224 1719 4264 a
1753 4210 1914 4268 rebus
1938 4228 2154 4286 quoque

561 4280 778 4339 ratione
819 4288 1133 4345 carentibus
1176 4292 1349 4349 homo
1395 4297 1680 4354 rationalis
1726 4280 2032 4372 instruitur,
2064 4280 2152 4363 ad

557 4383 837 4431 auctorem
866 4394 1023 4435 suum
1052 4398 1150 4452 per
1182 4384 1321 4440 viam
1357 4389 1639 4459 sapientia:
1667 4402 1827 4450 caute
1854 4411 2072 4468 semper
2094 4408 2153 4455 et
2204 4450 2209 4457 ρ

2261 3285 2473 3354 sopitus
2502 3302 2530 3340 a
2563 3289 2789 3363 mundo,
2825 3300 2886 3345 ut
2918 3293 3208 3365 pervigiles
3248 3310 3465 3365 semper
3497 3299 3686 3354 oculos
3742 3300 3850 3354 ha-

2258 3373 2389 3429 bere
2412 3390 2728 3444 perseveres
2762 3378 2813 3433 in
2846 3382 3096 3437 Domino.
3130 3384 3221 3441 Sic
3249 3387 3448 3442 dicitur
3481 3406 3493 3442 :
3527 3409 3545 3440 ‹
3574 3389 3685 3461 Ego
3715 3389 3846 3446 dor-

2261 3464 2397 3529 mio,
2430 3473 2488 3519 et
2517 3480 2613 3520 cor
2643 3483 2821 3523 meum
2872 3471 3061 3540 vigilat
3089 3472 3266 3543 (Cant.
3296 3478 3372 3545 v).
3418 3496 3437 3528 ι
3476 3478 3671 3533 Leaena
3702 3496 3852 3536 mor-

2260 3564 2410 3610 tuum
2438 3558 2582 3626 parit
2615 3559 2876 3615 catulum.
2908 3562 3008 3629 Qui
3034 3564 3278 3633 profecto
3303 3582 3400 3638 per
3430 3570 3664 3624 triduum
3697 3588 3851 3629 mor-

2260 3653 2383 3700 tuus
2411 3657 2745 3717 perseverat,
2775 3650 2948 3706 donec
2990 3654 3150 3708 tertia
3181 3655 3268 3709 die
3312 3667 3466 3727 pater
3512 3656 3631 3727 ejus
3684 3662 3853 3719 adve-

2256 3735 2431 3804 niens,
2464 3736 2517 3791 in
2539 3736 2730 3793 faciem
2761 3738 2878 3808 ejus
2904 3727 3161 3812 insumat,
3191 3745 3377 3816 sicque
3429 3749 3703 3807 viventem
3747 3769 3840 3811 ce-

2259 3823 2446 3880 leriter
2462 3828 2685 3892 excitat.
2718 3828 3150 3902 Contemplativa
3180 3850 3400 3907 quoque
3438 3850 3490 3894 te
3515 3841 3624 3897 vita
3646 3843 3714 3899 ab
3739 3843 3847 3901 hoc

2260 3917 2462 3971 numdo
2486 3928 2760 3973 mortuum
2788 3922 2983 3990 pariat,
3011 3924 3096 3977 cui
3119 3924 3282 3981 Pater
3310 3929 3654 3999 omnipotens
3674 3932 3840 4003 spiri-

2259 4016 2371 4059 tum
2399 4022 2509 4061 sute
2534 4007 2913 4087 viviﬁcalionis
2945 4012 3220 4069 immittat.
3253 4016 3320 4071 Et
3368 4017 3470 4073 boc
3515 4021 3695 4088 modo,
3734 4025 3828 4093 qui

2256 4094 2495 4151 catulum
2519 4086 2690 4154 leonis
2715 4098 2782 4155 de
2807 4101 2947 4156 tribu
2970 4100 3107 4159 Juda
3125 4104 3211 4160 die
3245 4108 3410 4162 tertia
3437 4086 3838 4180 suscitaverat;

2258 4196 2311 4242 tc
2353 4203 2567 4259 quoque
2607 4189 2752 4247 inter
2803 4191 2948 4272 fidei,
2991 4196 3104 4264 spei
3144 4205 3202 4253 et
3250 4198 3540 4257 charitatis
3577 4203 3837 4272 triduum,

2254 4292 2361 4331 non
2401 4282 2623 4346 mundo,
2654 4283 2748 4337 sed
2778 4266 2879 4338 sibi
2902 4286 3174 4345 viventem
3198 4287 3407 4359 reddat,
3435 4303 3493 4348 ut
3518 4294 3683 4351 libera
3712 4312 3839 4355 cum

2254 4367 2514 4438 Apostolo
2560 4370 2741 4428 valeas
2784 4388 2914 4430 voce
2963 4387 3190 4434 cantare
3224 4398 3238 4434 :
3274 4398 3292 4433 ι
3331 4382 3465 4439 Vivo
3490 4395 3695 4454 autem,
3718 4386 3837 4460 jam

560 4462 831 4522 inoffenso
861 4471 1078 4526 tramite
1121 4452 1554 4544 gradiatur.-Sed
1589 4491 1650 4538 ut
1680 4484 1937 4555 liquidius
1971 4452 2149 4545 valeat
2255 4472 2361 4514 ⁵³οτ⁸
2385 4452 2507 4533 έῧθν
2537 4462 2669 4520 Vim
2697 4480 2828 4521 vero
2857 4466 2909 4558 is"
2941 4483 3027 4523 me
3049 4467 3301 4531 Chrisms
3332 4470 3532 4546 (Galm'
3560 4477 3649 4558 .¹¹)“
3683 4497 3706 4534 ³

561 4554 778 4650 elucere
798 4562 938 4628 quod
961 4561 1251 4633 loquimur,
1316 4585 1423 4626 non
1460 4549 1753 4644 gravemur
1796 4578 2007 4650 aliquas
2060 4580 2151 4641 hic
2180 4549 2229 4608 θ

555 4644 876 4703 animalium
925 4660 1153 4711 naturas
1213 4672 1518 4730 apponere;
1582 4675 1639 4720 et
1689 4644 1924 4736 qualiter
1948 4672 2143 4727 huma-

558 4735 646 4795 nis
674 4751 978 4811 congruant
1009 4747 1269 4813 moribus,
1296 4752 1552 4821 strictim,
1581 4773 1647 4813 ac
1699 4735 1863 4828 prout
1892 4764 2148 4832 epistola-
2204 4806 2208 4810 -

557 4826 636 4886 ris
672 4828 913 4888 brevitas
963 4836 1184 4905 patitur,
1212 4840 1451 4899 breviter
1477 4826 1753 4906 intimare.
1801 4826 2142 4914 Nec-tamen

506 4972 513 4981 ,
558 4925 616 4977 ut
658 4922 866 4990 experti
896 4924 1066 4981 simus
1095 4928 1398 4997 ltujusmodi
1445 4938 1602 4993 nobis
1631 4943 1883 5010 peritiam
1915 4961 2141 5020 arroga-

558 5028 710 5079 lnus;
741 5018 836 5072 sed
867 5019 923 5075 id
950 5021 1209 5080 duntaxat
1242 5030 1385 5096 quod
1417 5031 1486 5087 ab
1522 5034 1610 5090 liis
1648 5038 1739 5106 qui
1774 5018 2146 5099 rimandisre-
2206 5090 2211 5095 .

560 5118 674 5126 -.ι-Α

2857 4557 3084 4615 CAPUT
3102 4561 3193 4618 IV.

2824 4647 2898 4702 De
2936 4652 3240 4724 aut/talopo.

2326 4734 2694 4807 Antltalopum
2748 4738 3023 4813 [antaplon
3076 4747 3158 4801 vel
3182 4749 3425 4823 aptalon]
3448 4766 3664 4823 quoque
3684 4767 3836 4810 acer-

2254 4822 2455 4877 rimum
2491 4826 2653 4881 nimis
2684 4835 2740 4883 et
2766 4830 3060 4887 violentum
3087 4844 3171 4889 est
3197 4822 3422 4903 animal,
3473 4842 3611 4897 adeo
3650 4851 3709 4898 ut
3733 4860 3835 4900 nee

2253 4913 2326 4968 illi
2356 4924 2589 4972 venator
2617 4921 2899 4985 accedere,
2930 4940 3031 4980 nec
3060 4941 3378 4995 persecutor
3416 4933 3701 5004 quisquam
3732 4951 3835 4991 au-

2254 5003 2378 5058 deat
2426 5007 2808 5088 propinquare.
2862 5009 3034 5068 llabct
3077 5025 3257 5074 autem
3311 5003 3468 5093 longa
3519 5003 3723 5079 cornua
3777 5026 3834 5082 in

2253 5107 2417 5126 contr-In
2453 5095 2859 5126 O:n":':.ll..:-‘A---
2892 5103 3109 5126 n---..-.-
3254 5111 3284 5126 In
