4136 5308
518 70 585 126 77
597 69 617 124 ι

953 65 1014 127 S.
1054 67 1257 125 PETRI
1299 68 1582 124 DAMIANI
1616 67 1768 125 OPP.
1811 65 2048 126 TOML‘S
2079 67 2210 127 SEU
2248 67 2428 125 PARS
2465 68 2552 126 ιιι.
2590 99 2662 116 --
2684 66 3052 127 OPUSCULA
3089 66 3319 123 VARIA.

3657 67 3766 122 ΤΒ

495 190 579 245 ad
598 201 658 246 se
687 184 1044 243 devorandum
1078 182 1344 238 fallaciter
1381 181 1660 237 invitabat.
1704 180 1876 248 Hujus
1910 183 2089 250 itaque
2117 191 2163 246 Α
2193 197 2300 252 que
2333 197 2455 236 cum
2478 183 2675 238 viderit
2697 178 3031 237 crocodilum
3064 185 3251 250 aperto
3272 189 3367 232 ore
3405 177 3456 232 in
3495 177 3776 249 crepidine

510 283 765 351 deceptor
795 278 1047 347 antiquus
1075 276 1350 346 specimen
1395 275 1688 345 exprimit,
1717 275 1807 344 qui
1851 273 2091 330 carnalia

510 370 659 424 lucra
699 366 1066 438 quaerentibus
1096 377 1154 418 sc
1191 363 1346 432 quasi
1379 375 1650 419 mortuum
1677 365 1850 434 ﬁngit.
1879 363 2093 432 illisque

508 471 674 530 opera
701 472 819 520 sua,
853 455 1380 524 tanquammembra
1409 471 1504 511 sua
1537 455 1731 524 quibus
1784 464 2090 521 vescantur,

506 549 766 622 expetiit:
802 541 1139 602 «Manifesta
1180 548 1323 601 enim
1357 558 1484 602 sunt
1527 563 1690 618 opera
1728 548 1931 610 carnis,
1971 563 2093 616 qua:

505 649 666 704 sunt,
698 639 838 693 sicut
865 638 996 693 dicit
1033 638 1341 708 Apostolus,
1373 637 1660 692 fornicatio
1682 679 1696 700 ,
1728 636 2092 702 immunditia,

508 728 745 796 luxnria,
778 729 1029 792 avaritia,
1062 728 1328 784 idolorum
1377 729 1631 790 servitus,
1671 728 1952 790 veneﬁcia,
1992 727 2096 780 ini-

508 821 751 884 micitiaa,
780 819 1181 883 contentiones,
1211 818 1604 882 aemulationes,
1646 817 1760 879 ira),
1796 818 1945 882 rixae,
1985 816 2098 869 dis-

510 912 822 974 sensiones,
867 919 1059 970 sectze,
1115 909 1359 972 invidize,
1411 900 1728 972 homicidia,
1780 906 2095 973 ebrietates,

504 1003 935 1060 comessationes
975 1000 1117 1074 (Cal.
1162 1003 1236 1070 v).
1287 1022 1303 1053 ι
1376 1001 1500 1057 llrcc
1567 1005 1726 1072 plane
1767 1009 1893 1054 sunt
1925 999 2095 1070 iniqui

501 1093 732 1164 spiritus
760 1093 988 1153 viscera,
1035 1092 1150 1146 haec
1179 1091 1530 1161 reprobornm
1584 1098 1639 1144 et
1685 1089 1976 1144 carnaliter
2011 1089 2090 1142 vi-

510 1183 749 1238 ventium
778 1181 1089 1253 quotidiana
1119 1191 1244 1236 sunt
1275 1181 1553 1237 alimenta.
1575 1179 1656 1236 Ad
1679 1179 1800 1236 haec
1824 1181 1949 1234 dum
1975 1195 2096 1250 per-

509 1277 607 1332 diti
638 1277 838 1347 quique
885 1276 1032 1332 velut
1082 1277 1384 1331 esurientes
1425 1274 1675 1340 inhiant,
1712 1289 1806 1329 eos
1833 1271 2100 1341 malignus

510 1366 737 1436 spiritus
784 1376 1041 1435 tanquam
1089 1365 1341 1420 volucres
1387 1364 1563 1434 vulpis
1613 1363 1799 1418 dolosa
1851 1362 2098 1432 deglutit,

511 1471 715 1527 eosque
762 1456 814 1510 in
861 1457 942 1510 sui
983 1456 1228 1526 corporis
1273 1455 1486 1510 viscera
1523 1454 1746 1525 trajicit.
1799 1453 1878 1508 De
1906 1452 2101 1521 quibus

2193 273 2432 329 fluminis
2460 273 2848 338 dormientem,
2891 263 3225 343 provolvitur
3257 269 3309 324 in
3355 268 3485 324 limo
3542 269 3664 335 luti,
3716 279 3782 324 ut

2194 362 2445 418 faucibus
2473 363 2622 419 illius
2644 364 2854 419 lubrico
2884 377 3112 433 corpore
3145 361 3358 416 facilius
3388 360 3558 430 possit
3606 359 3775 414 illabi.

2193 454 2344 509 Tunc
2391 456 2444 509 in
2473 470 2536 510 os
2575 455 2830 510 crocodili
2877 450 3196 512 dormientis
3245 451 3542 524 perniciter
3589 450 3776 512 insilit,

2194 561 2354 614 quem
2383 546 2471 601 ille
2500 545 2835 602 desubitatus
2857 555 3080 616 repente
3106 545 3350 616 deglutit.
3385 541 3601 614 Hydrus
3642 555 3777 595 vero

2195 637 2403 691 viscera
2427 636 2544 705 ejus
2575 644 2772 691 cuncta
2803 636 3049 702 dilaniat,
3097 637 3289 698 donec,
3318 647 3384 688 eo
3419 633 3531 703 jam
3559 645 3783 700 prorsus

2195 729 2491 794 exstincto,
2522 729 2588 783 de
2616 730 2880 785 cadavere
2929 729 3071 784 illius
3114 728 3271 782 vivus
3319 733 3375 779 et
3404 725 3576 778 victor
3607 737 3786 776 erum-

2195 829 2310 893 pat.
2343 820 2481 886 Quid
2512 819 2599 875 hic
2628 819 2957 885 crocodilus,
2991 819 3095 874 nisi
3132 818 3357 890 ﬁguram
3392 821 3540 869 tenet
3587 811 3786 866 mortis

2197 923 2252 968 et
2281 911 2510 966 tartari?
2537 912 2662 980 quid
2685 912 2911 983 hydrus,
2943 911 3043 965 nisi
3077 909 3356 964 victoriam
3388 905 3566 960 innuit
3591 902 3783 958 Salva-

2198 1004 2373 1060 toris?
2404 1002 2557 1056 Limo
2599 1001 2759 1072 igitur
2789 1001 2994 1073 hydrus
3034 999 3359 1061 obvolvitur,
3387 997 3514 1051 dum
3549 992 3782 1047 Redrm-

2201 1104 2325 1164 ptor
2352 1101 2537 1147 noster
2575 1093 2826 1147 humana!
2854 1090 3037 1145 carnis
3061 1089 3174 1142 luto
3213 1085 3460 1141 vcstitur.
3516 1081 3616 1136 Hic
3655 1094 3786 1135 ven-

2201 1196 2338 1242 trem
2386 1184 2685 1255 ingreditur
2726 1182 3017 1244 crocodili,
3067 1181 3191 1249 quia
3238 1177 3501 1233 Dominus
3549 1174 3785 1228 claustra

2197 1275 2511 1350 penetravit
2543 1273 2761 1329 inferni.
2794 1272 2891 1329 Hic
2918 1271 3206 1328 demolitur
3245 1269 3436 1324 intima
3479 1266 3784 1328 viscerum;

2201 1378 2258 1425 et
2287 1369 2550 1424 Dominus
2585 1367 2780 1422 mortis
2821 1366 3012 1420 evertit
3064 1362 3372 1432 imperium.
3425 1359 3520 1414 llle
3564 1369 3789 1411 corroso

2205 1477 2271 1516 ac
2291 1469 2576 1531 penetrato
2631 1457 2894 1512 cadavere
2940 1464 3063 1528 post
3113 1453 3395 1510 victoriam
3445 1450 3605 1512 redit,
3661 1447 3788 1517 quia

491 1549 768 1603 nimirum
823 1563 921 1618 per
969 1547 1298 1618 PrOphetam
1343 1547 1584 1601 dicitur:
1642 1565 1660 1597 ε
1701 1545 2007 1600 lntroibunt
2045 1543 2097 1596 in

2211 1529 2461 1609 Salvator
2505 1558 2694 1605 noster
2719 1557 3006 1620 postquam
3040 1543 3312 1600 infernum
3351 1539 3634 1597 moriendo
3665 1552 3785 1593 mo-

510 1639 770 1696 iuferiora
810 1648 991 1703 terrae,
1034 1639 1317 1693 tradentur
1363 1639 1418 1692 in
1454 1651 1648 1691 manus
1678 1635 1879 1703 gladii,
1917 1641 2100 1704 partes

508 1731 748 1802 vulpium
776 1738 939 1785 erunt
964 1728 1138 1801 (Paul.
1168 1730 1324 1798 un).
1362 1748 1380 1780 ι
1420 1727 1589 1798 Hujus
1617 1726 1794 1796 volpis
1828 1741 1954 1797 pars
1983 1732 2101 1779 erat

497 1823 784 1886 'llerodes,
823 1822 914 1892 qui
965 1821 1161 1892 capitis
1206 1821 1287 1876 sui
1336 1819 1556 1875 nomine
1583 1820 1928 1886 censebatur,
1978 1832 2100 1871 cum

515 1913 773 1966 Dominus
810 1912 1025 1965 aiebat:
1061 1929 1079 1962 ι
1125 1911 1223 1978 Ite,
1247 1910 1411 1966 dicite
1435 1910 1578 1981 vulpi
1608 1910 1684 1964 illi
1710 1909 1861 1982 (Luc.
1898 1908 2043 1979 xm).
2078 1926 2096 1958 ι

520 2002 648 2058 llaec
669 2002 844 2072 vulpis
875 2002 928 2056 in
957 2001 1148 2057 Scriba
1180 2001 1296 2066 illo,
1320 2000 1467 2057 velut
1492 2002 1544 2056 in
1571 2001 1781 2056 scrobis
1809 2015 1931 2055 suae
1947 2001 2100 2054 fovea

528 2094 798 2156 latitabat,
845 2094 938 2164 qui
984 2109 1052 2148 ex
1081 2107 1177 2148 ore
1229 2093 1491 2148 Veritatis
1519 2091 1814 2148 audiebat:
1851 2109 1868 2141 ι
1908 2091 2106 2160 Vulpes

508 2187 704 2245 foveas
724 2187 926 2242 habent
955 2185 1174 2257 (Matth.
1203 2201 1340 2251 vnt;
1373 2184 1502 2238 Luc.
1533 2184 1631 2254 ιι).
1680 2203 1698 2234 ι
1738 2182 1905 2251 llujns
1934 2183 2106 2252 vulpis

519 2276 664 2331 fetus
719 2286 774 2330 et
813 2275 888 2330 illi
928 2282 1085 2339 sunt,
1134 2273 1342 2330 scilicet
1386 2273 1650 2338 haeretici,
1695 2273 1762 2329 dc
1810 2273 2005 2346 quibus
2051 2272 2105 2325 in

520 2365 763 2422 Canticis
805 2366 1004 2421 dicitur
1049 2382 1063 2418 :
1111 2383 1131 2417 ‹
1175 2365 1364 2435 Capite
1396 2365 1552 2419 nobis
1590 2363 1779 2434 vulpes
1828 2361 2103 2434 parvulas,

519 2474 644 2525 qua:
680 2459 1045 2516 demoliuntur
1072 2459 1259 2513 vineas
1289 2455 1467 2527 (Cant.
1500 2457 1585 2530 tt).
1620 2475 1639 2509 ι

1120 2544 1350 2603 CAPUT
1392 2545 1523 2600 Vill.

1149 2636 1227 2691 De
1263 2634 1474 2707 polypo.

592 2735 662 2790 Et
697 2733 826 2804 quid
850 2732 1046 2788 mirum
1068 2731 1112 2785 si
1139 2745 1302 2801 regna
1333 2728 1531 2784 diaboli
1557 2727 1616 2783 in
1665 2725 1850 2782 dolosa
1889 2725 2111 2782 videan-

521 2835 612 2881 tur
643 2825 838 2881 callere
886 2821 1191 2894 vnlpecnla,
1239 2835 1361 2876 cum
1399 2833 1455 2874 et
1490 2819 1541 2872 in
1593 2817 1834 2890 piscibus
1869 2833 1974 2872 non
2031 2817 2112 2871 in-

2204 1643 2428 1707 mordit,
2472 1655 2596 1696 cum
2629 1637 2938 1709 triumphali
2979 1638 3045 1691 dc
3091 1634 3340 1706 sepulcro
3389 1631 3558 1704 gloria
3614 1643 3793 1684 resur-

2206 1735 2368 1787 rexit.
2409 1731 2565 1788 Unde
2595 1730 2758 1785 morti
2796 1743 2893 1798 per
2932 1725 3249 1796 prophetam
3299 1719 3664 1795 [Apostoium]
3712 1719 3795 1773 vi-

2178 1834 2326 1880 .ctor
2368 1822 2634 1878 insultat:
2679 1840 2698 1873 ι
2745 1820 2844 1875 Ubi
2877 1828 2984 1884 est,
3038 1816 3242 1886 inquit,
3293 1831 3327 1871 ο
3365 1827 3535 1880 mors,
3562 1811 3791 1866 victoria

2206 1912 2334 1968 tua?
2383 1911 2474 1965 ubi
2531 1919 2616 1965 est
2646 1907 2896 1965 stimulus
2930 1906 3086 1961 tuus?
3125 1925 3144 1958 ι
3181 1904 3252 1976 (Ι
3293 1905 3414 1958 Cor.
3452 1902 3567 1973 xv.)
3599 1901 3665 1956 Et
3691 1899 3793 1956 ite-

2207 2019 2328 2058 rum
2361 2017 2377 2056 :
2423 2021 2442 2054 ι
2479 2001 2524 2058 0
2553 2017 2732 2066 mors,
2767 2015 2862 2055 ero
2897 2014 3046 2054 mors
3093 2007 3216 2066 tua;
3252 2010 3468 2052 morsus
3519 2004 3644 2051 tuus
3673 2006 3793 2058 ero,

2208 2094 2420 2151 inferne
2445 2093 2600 2165 (Osee
2626 2092 2771 2163 xm).
2818 2110 2837 2144 ι

2831 2185 3061 2242 CAPUT
3099 2180 3166 2239 Χ.

2795 2277 2872 2333 De
2905 2278 3207 2333 charadrio.

2218 2351 2242 2368 “
2282 2366 2644 2424 Charadrium
2705 2380 2919 2437 quoque
2973 2365 3202 2435 ﬁguram
3263 2365 3436 2422 nostri
3495 2361 3798 2420 Salvatoris

2214 2460 2522 2529 exprimere
2546 2473 2653 2513 non
2677 2458 3031 2528 ambigitnus,
3060 2459 3106 2512 si
3135 2456 3435 2512 mirabilem
3489 2457 3607 2525 ejus
3642 2464 3799 2512 natu-

2211 2571 2327 2610 ram
2388 2569 2494 2609 non
2543 2553 2662 2608 sine
2712 2552 3070 2608 admiratione
3118 2566 3433 2625 pensamus.
3488 2551 3583 2606 Est
3633 2550 3798 2620 igitur

2212 2647 2317 2701 hoc
2342 2644 2562 2700 volatile
2586 2655 2756 2699 totum
2789 2645 2991 2709 album,
3016 2659 3115 2700 nec
3150 2644 3254 2698 ulla
3287 2643 3584 2714 nigredinis
3613 2655 3797 2696 macu-

2213 2735 2262 2789 la
2302 2735 2571 2805 reperitur
2600 2734 2652 2788 in
2692 2732 2908 2805 plumis.
2941 2734 3196 2804 Quisquis
3235 2741 3522 2788 autemest
3549 2733 3600 2787 in
3641 2731 3796 2802 mgri.

2215 2826 2400 2880 tudine
2439 2824 2785 2886 constitutus,
2817 2839 2916 2894 per
2958 2824 3302 2894 prmsentiam
3354 2824 3516 2894 hujus
3564 2821 3798 2878 volucria

507 2918 690 2975 ‘ferior
726 2915 1032 2971 artiﬁciosa:
1063 2909 1270 2966 fraudis
1301 2910 1604 2980 reperiatur
1629 2908 1867 2963 astutia?
1896 2915 1955 2961 ut
1980 2906 2106 2961 dttm
2136 2911 2181 2974 (ζ
2217 2915 2358 2970 valet
2397 2913 2602 2983 absque
2637 2915 2913 2968 dubietate
2963 2914 3218 2984 colligere
3251 2923 3432 2968 ιιιιιυιῃ
3456 2928 3515 2968 se
3539 2914 3590 2967 ir.
3620 2912 3800 2984 ρι-οιῐ-

521 3007 734 3063 cunctis
783 3001 1152 3059 animantibus
1217 3003 1378 3057 homo
1433 2999 1786 3070 praeponitur,
1849 3011 1947 3068 per
1995 2997 2110 3052 haec

524 3097 711 3159 etiam,
761 3095 957 3165 quibus
1011 3099 1229 3161 prmest,
1275 3104 1470 3146 cavere
1515 3089 1752 3158 pericula
1801 3098 2108 3142 moneatur.

529 3185 763 3257 Polypus
793 3182 990 3252 quippe
1018 3193 1229 3250 petram
1255 3181 1309 3235 in
1333 3180 1549 3233 vadosis
1572 3179 1844 3233 littoribus
1886 3178 2112 3241 invenit,

529 3277 617 3332 cui
653 3290 710 3330 se
737 3275 874 3328 miro
911 3273 1072 3326 modo
1101 3270 1430 3324 constrictus
1461 3267 1648 3339 afﬁgit,
1678 3269 1905 3340 ejusque
1949 3268 2101 3322 colo-

541 3382 656 3421 rem
687 3381 752 3420 ac
801 3365 1036 3433 speciem
1077 3362 1269 3416 induit.
1328 3361 1607 3416 Obductus
1650 3362 1834 3431 itaque
1881 3371 2026 3428 terga
2060 3360 2114 3414 in

531 3456 941 3512 similitudinem
967 3455 1105 3518 saxi,
1135 3455 1396 3524 plurimos
1419 3455 1645 3524 piscium
1672 3455 1789 3509 sine
1813 3453 1920 3508 ulla
1943 3451 2119 3522 suspi-

502 3548 691 3602 vcione
717 3546 922 3600 fraudis
957 3545 1190 3614 allapsos
1230 3545 1539 3614 intercipit;
1575 3554 1628 3600 et
1668 3545 1794 3601 dum
1836 3545 2115 3615 scopulum

527 3634 853 3706 simpliciter
880 3634 1174 3704 opinantur
1197 3675 1211 3699 ,
1240 3633 1460 3688 casibus
1489 3648 1583 3688 eos
1612 3632 1824 3689 furtivae
1853 3634 1989 3688 artis
2020 3647 2116 3688 oc-

534 3723 730 3779 cludit.
769 3722 992 3778 Talibus
1044 3722 1212 3792 igitur
1261 3725 1599 3794 argumentis
1655 3731 1850 3793 sponte
1894 3722 2122 3778 veniens

533 3815 726 3885 rapina
752 3815 1049 3884 decipitur;
1079 3822 1134 3868 et
1167 3814 1291 3870 dum
1317 3829 1423 3868 non
1449 3817 1640 3871 metuit
1668 3815 1935 3882 fraudem,
1967 3815 2122 3886 igno-

511 3916 621 3961 ‘rat
649 3907 823 3962 ultimi
860 3905 1133 3975 naufragii
1161 3906 1336 3961 vitare
1365 3907 1700 3978 voraginem.
1731 3906 1839 3962 Sed
1871 3907 1999 3977 quid
2029 3921 2122 3978 pe-

534 4007 640 4062 tra,
673 3997 776 4052 nisi
801 3995 1090 4052 Christus?
1116 3996 1243 4066 quid
1274 3995 1534 4069 polypus,
1563 3996 1666 4051 nisi
1693 3996 1858 4051 homo
1899 3995 2118 4050 dolosas

533 4095 588 4140 et
611 4101 922 4156 perversos,
955 4094 1119 4155 atque
1155 4084 1225 4139 ob
1264 4086 1316 4139 id
1365 4085 1689 4140 hzereticus?
1737 4083 1838 4140 Hic
1885 4084 2120 4155 anigitur

518 4185 726 4244 ‘petne,
757 4183 810 4228 et
839 4174 988 4228 saxei
1009 4174 1269 4228 mentitur
1293 4175 1512 4229 schema
1541 4173 1774 4240 coloris;
1808 4173 1963 4244 quia,
1983 4175 2123 4228 sicut

2214 3021 2304 3062 mo
2362 3004 2772 3070 convalescere,
2823 3018 2890 3058 an
2951 3004 3271 3059 imminente
3322 3005 3514 3059 mortis
3575 3000 3803 3058 articulo

2216 3111 2440 3152 necesse
2478 3096 2547 3150 sit
2574 3094 2817 3149 interire.
2873 3094 3008 3148 Nam
3048 3097 3092 3150 si
3133 3096 3419 3151 inﬁrmitas
3447 3104 3530 3150 est
3560 3095 3627 3149 ad
3657 3107 3803 3148 mor-

2219 3195 2347 3248 tem,
2381 3199 2507 3237 mox
2543 3191 2601 3237 ut
2641 3193 2887 3254 agrotum
2916 3185 3132 3250 viderit,
3172 3186 3421 3255 protinus
3457 3185 3642 3240 oculos
3677 3199 3804 3238 suos

2217 3275 2436 3341 avertit,
2475 3289 2708 3344 eumque
2732 3275 2874 3329 ultra
2903 3291 3010 3330 non
3050 3276 3288 3345 respicit.
3323 3270 3390 3330 Et
3422 3277 3504 3331 sic
3544 3276 3804 3331 indicium

2217 3369 2401 3433 datur,
2430 3367 2686 3438 quoniam
2718 3383 2785 3421 ex
2824 3366 3266 3421 incommoditate
3296 3376 3556 3436 concepta
3593 3366 3807 3440 langui-

2218 3461 2319 3516 dus
2347 3458 2600 3515 moritur.
2631 3459 2882 3529 Alioquin
2914 3459 2959 3514 si
2987 3458 3272 3528 languidus
3295 3457 3384 3514 ille
3418 3460 3659 3515 victurus
3696 3469 3804 3525 est,

2217 3561 2420 3622 praesto
2441 3551 2763 3606 charadrius
2793 3551 3041 3605 obtutum
3064 3566 3220 3613 suum
3253 3552 3305 3604 in
3333 3549 3450 3619 ejus
3469 3565 3563 3605 ora
3595 3549 3802 3622 deﬁgit,
3901 3589 3905 3592 ς

2221 3660 2287 3700 ac
2344 3645 2487 3700 intra
2547 3659 2607 3698 se
2643 3658 2860 3698 onmem
2902 3642 3044 3697 illius
3102 3643 3474 3714 aegritudinem
3525 3641 3802 3714 concipit;

2221 3735 2420 3792 deinde
2446 3744 2638 3790 contra
2677 3734 2810 3789 solis
2837 3735 3085 3788 ardorem
3127 3734 3355 3806 impiger
3390 3733 3586 3800 evolat,
3616 3735 3804 3805 :cgrotl

2223 3826 2584 3881 valetudinem
2647 3824 2748 3882 soli
2798 3840 2856 3880 se
2894 3824 3200 3894 obiiciendo
3243 3824 3536 3889 comburit,
3587 3839 3652 3880 ac
3710 3837 3808 3893 per

2222 3931 2405 3973 aerem
2442 3914 2719 3970 volitando
2757 3915 3038 3986 dispergit.
3083 3914 3326 3970 Mirabile
3349 3914 3506 3970 visu!
3537 3911 3807 3984 extemplo

2223 4023 2284 4064 se
2308 4005 2599 4078 languidus
2653 3998 2844 4076 erigit,
2875 4013 2931 4060 et
2967 4004 3260 4060 deﬁccatus
3309 4004 3453 4058 omni
3492 4005 3802 4075 passionum

2224 4100 2515 4172 gravedine
2565 4098 2915 4153 convalescit.
2981 4097 3135 4164 Quod
3204 4095 3549 4168 Redemptori
3620 4105 3806 4151 nostro

2227 4191 2463 4248 volucris
2498 4188 2659 4259 hujus
2689 4189 2856 4260 ﬁgura
2888 4188 3177 4244 conveniat
3199 4227 3214 4253 ,
3244 4186 3363 4242 luce
3414 4185 3615 4241 clarius
3665 4184 3805 4239 ratio

532 4267 792 4333 magister
851 4264 990 4334 ejus,
1053 4279 1112 4319 se
1163 4265 1517 4337 transﬁgurat
1560 4266 1614 4321 in
1680 4266 1929 4336 angelum
1981 4265 2107 4321 lucis

2224 4280 2558 4337 manifestat.
2607 4280 2782 4334 instar
2836 4279 3035 4350 quippe
3082 4277 3356 4334 charadrii
3416 4277 3678 4332 candidus
3723 4284 3808 4332 est

531 4356 551 4427 (
582 4351 707 4410 Cor.
739 4370 791 4409 ιι
816 4355 856 4425 ).
883 4355 1142 4412 Adhaeret
1191 4366 1392 4428 petrae,
1420 4358 1546 4427 quia
1569 4358 1673 4414 etsi
1715 4374 1823 4414 non
1863 4374 1960 4429 per
1987 4375 2117 4430 ope-

532 4445 796 4502 rationem
837 4486 851 4511 ,
882 4446 1076 4501 saltem
1118 4461 1216 4518 per
1267 4447 1660 4519 professionem
1708 4459 1908 4506 sanctae
1955 4467 2119 4521 copu-

532 4537 676 4594 latur
713 4534 1000 4606 Ecclesiae,
1044 4549 1099 4595 et
1144 4540 1319 4613 velut,3
1343 4541 1616 4612 incautos)
1637 4543 1812 4614 pisces
1851 4545 2121 4614 arripiens

535 4631 783 4696 devorat,
815 4630 941 4686 dum
977 4631 1202 4686 hebetes
1241 4647 1485 4703 quosque
1533 4647 1598 4688 ac
1647 4633 1918 4704 simplices
1952 4634 2118 4706 perﬁ-

545 4720 648 4775 dia:
670 4735 783 4776 suae
814 4719 1094 4776 erroribus
1118 4721 1380 4792 implicat.
1425 4721 1579 4778 Unde
1603 4731 1658 4776 et
1693 4722 1978 4794 Apostolus
2004 4724 2078 4780 ait
2104 4742 2116 4778 :

538 4829 557 4861 ι
589 4810 884 4866 Snstinetis
907 4812 1051 4868 enim
1081 4813 1127 4868 si
1171 4814 1294 4884 quis
1340 4829 1438 4870 vos
1475 4813 1722 4881 devorat,
1763 4816 1808 4870 si
1856 4817 1978 4887 quis
2025 4833 2121 4872 vos

535 4898 735 4968 decipit
762 4900 975 4973 (Ibid.).
1015 4921 1034 4955 ι
1068 4900 1456 4960 Verumtamen
1499 4905 1553 4960 in
1586 4905 1890 4976 hujusmodi
1932 4921 2122 4962 versu-

535 4988 628 5042 tiis
648 4997 703 5044 et
731 4990 1010 5047 fraudibus
1039 4995 1353 5052 animalium
1393 4997 1682 5068 aliquando
1719 4998 1973 5055 salutaris
1996 5000 2125 5054 alle-

537 5076 706 5146 goriae
731 5079 1149 5148 deprehenditur
1172 5098 1593 5145 sacramentum.

1055 5174 1216 5246 811
1254 5177 1480 5236 CAPUT
1520 5181 1608 5236 ΙΧ.

990 5262 1066 5308 De
1096 5267 1260 5308 bndrn
1293 5282 1339 5308 οι
1376 5274 1639 5308 μνημΑΑῖΙη

2222 4373 2492 4436 Christus,
2523 4371 2650 4441 quia
2681 4371 2821 4425 nulla
2847 4370 3091 4426 criminis
3119 4370 3371 4441 apparuit
3410 4369 3618 4425 macula
3658 4367 3808 4425 deni-

2224 4472 2431 4534 gratus.
2461 4480 2480 4514 t
2518 4461 2726 4532 Quippe
2763 4462 2852 4532 qui
2888 4471 3170 4531 peccatum
3208 4475 3314 4516 non
3355 4459 3502 4526 fecit,
3522 4443 3632 4514 'nec
3655 4457 3808 4514 dolus

2225 4557 2479 4610 inventus
2507 4562 2592 4610 est
2632 4555 2686 4608 in
2721 4570 2816 4608 ore
2842 4550 2960 4624 ejus
3009 4554 3060 4625 (I
3106 4552 3247 4609 Petr.
3281 4569 3354 4622 ιι;
3396 4554 3528 4609 1εαὶ.
3573 4550 3717 4622 Lm).
3783 4569 3804 4602 ι

2223 4642 2303 4699 De
2332 4660 2440 4716 quo
2460 4653 2513 4700 et
2539 4661 2736 4717 sponsa
2758 4646 2890 4704 dicit
2917 4646 2971 4700 in
3002 4647 3242 4701 Canticis
3275 4663 3288 4700 :
3338 4663 3358 4698 ι
3398 4646 3633 4701 Dilectus
3655 4659 3808 4700 meus

2227 4735 2491 4794 candidus
2537 4747 2593 4793 et
2620 4739 2951 4795 rubicundus
2982 4737 3160 4811 (Cant.
3189 4739 3267 4811 v).
3309 4758 3327 4791 ι
3359 4739 3682 4811 Virginitate
3723 4737 3806 4792 vi-

2227 4829 2419 4884 delicet
2455 4838 2510 4884 et
2568 4829 2874 4886 innocentia
2925 4830 3187 4885 candidus
3240 4829 3489 4900 martyrii
3543 4828 3808 4898 sanguine

2229 4917 2582 4974 rubicundus.
2615 4917 2717 4986 Qui
2743 4919 3001 4974 nimirum
3033 4921 3101 4974 ad
3142 4919 3415 4973 inﬁrmum
3443 4918 3607 4973 Israel
3639 4933 3810 4988 popu-

2229 5011 2336 5064 lum
2368 5011 2487 5080 pins
2523 5012 2774 5066 visitator
2807 5012 3044 5077 advenit,
3069 5012 3233 5082 812
3271 5012 3364 5066 sed
3413 5011 3604 5065 faciem
3652 5024 3807 5064 suam

2233 5101 2300 5155 ab
2329 5116 2395 5155 eo
2445 5101 2721 5173 (quoniam
2783 5101 3021 5172 perﬁdizc
3057 5113 3112 5158 et
3170 5100 3563 5158 incredulitatis
3616 5099 3810 5154 morbo

2207 5189 2583 5265 moriebatur)
2613 5195 2809 5249 avertit
2858 5212 2872 5246 :
2916 5195 2983 5248 ad
3037 5194 3292 5264 gentilcm
3346 5209 3476 5248 vero
3527 5191 3806 5262 populum,

2229 5297 2378 5308 *ιιι-..Α
2681 5283 2986 5308 .-.ιι-..ξλιιιια
3041 5297 3156 5308 Ann...
3207 5283 3440 5308 -..-..-..:e
3495 5283 3709 5308 n:.‘I-|I:ﬁ
3753 5283 3804 5308 ἶ..
