4138 6320
327 282 393 351 1η
398 293 432 348 3

1180 280 1423 343 orasc.
1456 276 1565 342 tu.
1590 308 1659 325 ε.-
1690 268 1782 341 ne
1819 283 2001 341 sese
2053 284 2398 343 RELlGlOSl
2426 286 2720 347 suras.

3491 274 3597 347 m

328 400 602 463 formavit.
659 420 679 454 ι
716 399 858 457 Vere
911 399 1090 462 enim,
1133 399 1271 454 sicut
1302 414 1402 468 per
1444 397 1642 453 Isaiam
1692 396 1910 460 dicitur,
1939 399 1991 460 Α
2016 411 2180 467 super
2208 413 2415 469 pennas
2439 409 2722 458 ventorum
2747 402 2921 471 (l’sal.
2960 404 3114 475 mi).
3165 423 3184 453 δ
3218 403 3373 459 Enim
3399 421 3527 459 vero
3548 417 3605 461 ει

330 507 617 566 languores
640 500 857 547 nostros
885 489 1001 560 ipse
1028 488 1170 552 tulit,
1206 497 1264 545 et
1306 497 1528 559 peccata
1575 496 1760 543 nostra
1798 488 1911 558 ipse

329 585 588 657 portavit.
628 582 699 638 Et
734 596 833 636 nos
883 580 1191 650 putavimus
1238 594 1363 635 eum
1407 578 1560 648 quasi
1612 579 1907 647 leprosum,

331 684 384 729 et
408 688 735 744 percussum
774 687 805 725 a
857 670 968 725 Deo
1008 679 1063 724 et
1118 669 1496 732 humiliatum;
1558 669 1675 737 ipse
1732 676 1913 722 autem

334 768 644 823 vulneratus
672 773 758 821 est
799 773 1023 835 propter
1064 763 1380 833 iniquitates
1432 770 1664 827 nostras,
1695 761 1913 815 attritus

332 867 414 913 est
442 865 663 927 propter
688 854 894 910 scelera
946 862 1150 908 nostra.
1198 851 1487 921 Disciplina
1534 852 1684 921 pacis
1712 860 1914 907 nostrae

333 962 494 1017 super
514 961 662 1010 eum,
693 953 748 999 et
770 944 941 999 livore
968 943 1084 1012 ejus
1112 943 1289 998 sanati
1318 958 1503 998 sumus
1525 942 1679 1011 (Isai.
1709 940 1853 1012 xm).
1886 958 1906 994 ι
1998 1012 2007 1022 .

333 1038 729 1111 [Egritudinem
772 1050 904 1091 vero
934 1048 1033 1105 per
1078 1050 1257 1089 aerem
1315 1034 1588 1091 volitando
1636 1033 1911 1103 dispersit,

330 1133 457 1201 quia
497 1138 796 1201 potestates
824 1142 1015 1184 aereas
1067 1128 1181 1183 suis
1223 1126 1429 1182 viribus
1483 1126 1790 1183 debellavit.
1832 1127 1912 1181 Ad
1988 1130 2004 1183 εἰ

332 1223 585 1277 ardorem
625 1220 755 1276 solis
792 1220 1068 1281 ascendit,
1101 1234 1165 1273 ae
1216 1218 1324 1273 vim
1373 1217 1646 1288 languoris
1683 1219 1909 1281 exussit,

331 1313 589 1383 quoniam
634 1313 701 1368 ad
731 1310 947 1366 Patrem
983 1310 1222 1373 rediens,
1252 1310 1343 1377 qu-i
1401 1320 1486 1364 est
1543 1308 1621 1366 sol
1664 1306 1911 1377 justiﬁes.

332 1412 676 1470 mortemque
728 1399 1066 1471 deglutiens,
1097 1399 1342 1454 ascendit
1401 1398 1455 1453 in
1494 1398 1681 1457 altum.
1738 1398 1913 1467 capti-

316 1509 456 1549 .vam
511 1494 665 1549 duxit
726 1492 1141 1561 captivitatem,
1203 1491 1354 1547 dedit
1404 1491 1541 1546 dona
1604 1490 1913 1546 hominibus

308 1582 509 1655 .(Psal.
538 1599 720 1650 vatt;
742 1581 936 1654 Ephes.
963 1581 1060 1653 ιν).
1922 1592 1965 1660 ἦ

1208 1672 1298 1730 XI.
2019 1661 2149 1695 DOI‘C
2174 1661 2472 1709 pt'l'SlSlCllS
2496 1661 2696 1703 UCUCH,
2724 1661 2778 1697 et
2802 1661 3138 1744 Stc'netessa,

1945 1730 2248 1806 Bcrimina
2317 1730 2525 1784 marina
2592 1730 2832 1799 deponit.
2889 1728 3085 1787 Fluctu
3144 1734 3329 1803 itaque
3382 1742 3610 1789 vorante

966 1765 1044 1819 De
1065 1768 1312 1837 plttznice.

320 1898 323 1899 ν
405 1860 512 1917 Sed
549 1868 604 1916 et
630 1859 891 1931 phoenix,
940 1857 1162 1913 volatile
1189 1856 1419 1920 scilicet,
1466 1857 1610 1927 quod
1649 1856 1700 1911 in
1756 1855 1918 1911 lndi:e

336 1953 420 2009 vel
442 1953 658 2009 Arabiae
682 1951 931 2021 partibus
956 1950 1186 2015 habitat,
1211 1949 1460 2004 eumdem
1500 1948 1915 2017 Redemptorem

336 2052 581 2098 nostrum
640 2051 816 2097 morte
871 2040 1033 2096 simul
1081 2056 1146 2096 ac
1202 2040 1600 2096 resurrectione
1647 2041 1913 2110 designat.

334 2135 453 2204 Ipse
481 2136 625 2190 enim
661 2135 832 2189 dicit:
867 2151 886 2184 ι
919 2132 1250 2188 Potestatem
1290 2133 1465 2188 habeo
1512 2133 1745 2203 ponendi
1792 2132 1916 2187 ani-

335 2242 480 2281 mam
508 2243 707 2291 meam,
742 2234 798 2281 et
836 2234 1161 2296 potestatem
1212 2223 1385 2280 habeo
1432 2226 1628 2280 iterum
1667 2226 1913 2281 sumendi

314 2330 457 2374 ‘eam
498 2319 678 2387 (Joan.
721 2318 799 2388 ι).
850 2337 868 2369 ι
915 2318 1042 2372 Haec
1068 2318 1233 2389 igitur
1262 2318 1379 2372 avis
1405 2333 1529 2372 mox
1559 2329 1618 2372 ut
1661 2319 1919 2390 quingen-

334 2418 421 2466 tos
455 2412 578 2465 vitce
600 2426 710 2467 sua:
735 2426 906 2465 annos
934 2410 1258 2481 impleverit,
1292 2410 1436 2481 ligna
1472 2410 1664 2465 Libani
1715 2413 1917 2467 montis

335 2499 659 2570 ingreditur,
688 2510 743 2555 et
769 2516 867 2571 per
894 2501 1010 2556 alas
1044 2510 1305 2571 utrasque
1352 2502 1581 2556 diversis
1611 2511 1916 2557 aromatum

333 2590 591 2646 odoribus
643 2599 923 2646 oneratur.
978 2590 1094 2646 lloc
1133 2591 1317 2661 itaque
1375 2591 1633 2647 sacerdos
1680 2592 1919 2648 civitatis

335 2683 673 2754 Heliopuleos
710 2684 1037 2754 quibusdam
1086 2683 1536 2754 signiﬁcationum
1576 2683 1790 2741 indiciis
1824 2684 1922 2739 deb

332 2775 642 2846 prehendit.
672 2783 727 2829 et
769 2789 895 2829 mox
938 2774 1273 2830 coacervatis
1313 2774 1603 2829 sarmentis
1632 2784 1807 2847 atque.
1830 2790 1921 2829 ra-

334 2866 596 2921 musculis
633 2865 940 2936 congeriem
989 2867 1187 2930 struit;
1236 2879 1402 2935 super
1448 2879 1616 2934 quam
1668 2866 1921 2922 videlicet

328 2967 540 3013 struem
576 2957 797 3028 phtenix
826 2959 1161 3013 aromatibus
1192 2965 1386 3011 onusta
1440 2957 1743 3021 descendit,
1772 2972 1920 3012 sese-

325 3061 442 3116 que
490 3048 765 3116 supposito
821 3056 1222 3102 sarmentorum
1269 3048 1394 3117 igne
1451 3047 1738 3101 comburit.
1797 3048 1916 3103 Alia

336 3113 467 3192 vero
492 3113 865 3192 die‘sacerdos
897 3137 1128 3197 accedit.
1168 3113 1313 3206 ligna
1366 3152 1488 3207 qua:
1539 3149 1920 3208 composuerat
1945 3113 1991 3174 ο

327 3234 529 3283 exusta
556 3227 758 3295 reperit
786 3242 800 3279 :
823 3241 1055 3295 quorum
1079 3227 1293 3281 cineres
1315 3225 1529 3281 curiose
1552 3236 1920 3297 perscrutans,

337 3314 545 3370 invenit
597 3316 952 3372 vermiculum
1004 3316 1161 3372 valde
1206 3327 1557 3387 pertenuem,
1592 3320 1686 3375 sed
1738 3320 1921 3375 eximii

335 3405 520 3460 odoris
549 3407 813 3462 suavitate
842 3406 1160 3478 ﬂagrantem
1194 3424 1208 3461 :
1248 3410 1487 3464 secundo
1544 3410 1633 3465 die
1678 3410 1915 3473 rediens,

338 3498 541 3568 reperit
568 3514 691 3553 eum
723 3500 989 3555 aviculam
1017 3516 1112 3570 per
1148 3500 1360 3571 plumas
1410 3510 1465 3556 et
1506 3503 1721 3555 alarum
1760 3502 1924 3557 remi-

337 3589 422 3659 gia
453 3588 776 3658 ﬁgurantem
812 3605 827 3642 :
868 3590 1029 3645 tertio
1056 3591 1275 3645 demum
1319 3592 1406 3647 die
1448 3592 1707 3647 sacerdos
1758 3594 1922 3647 adve-

336 3679 513 3744 niens,
540 3680 687 3735 videt
719 3679 1015 3749 perfectam
1066 3683 1335 3753 etintegri
1362 3692 1536 3738 status
1572 3695 1755 3741 astare
1776 3685 1925 3755 phoe-

332 3769 534 3823 nicem.
567 3770 798 3826 Phteuix
831 3773 1016 3842 itaque
1052 3773 1167 3827 alas
1198 3775 1427 3829 refertas
1449 3783 1753 3831 aromatum
1790 3792 1918 3830 sua-

337 3858 504 3914 vitate
542 3859 819 3929 deposuit;
871 3861 999 3930 quia
1052 3861 1381 3931 Redemptor
1432 3876 1615 3919 noster
1663 3865 1730 3919 de
1782 3865 1923 3920 caelo

328 3965 458 4005 cum
521 3953 737 4022 gemino
785 3952 852 4007 ad
906 3968 1007 4008 nos
1060 3955 1342 4024 utriusque
1396 3956 1707 4011 testamenti
1756 3958 1923 4012 odore

335 4040 635 4108 descendit,
670 4043 897 4099 dicens:
939 4062 957 4095 ι
992 4043 1113 4099 Non
1148 4045 1265 4098 veni
1319 4043 1493 4112 legem
1541 4045 1773 4109 solvere,
1828 4048 1922 4103 sed

336 4133 561 4203 implere
590 4135 803 4207 (Matth.
828 4137 904 4207 v).
946 4136 1155 4200 Ouinis,
1180 4138 1376 4207 inquit,
1403 4137 1594 4193 Scriba
1646 4140 1837 4196 doctus
1865 4141 1920 4196 in

335 4237 507 4293 regno
560 4225 861 4286 caelorum.
900 4227 1093 4282 similis
1139 4237 1223 4282 est
1270 4228 1473 4282 homini
1527 4228 1923 4296 patrifamilias,

336 4315 424 4384 qui
453 4314 658 4384 profert
685 4316 751 4372 de
782 4319 1041 4373 thesauro
1065 4334 1164 4374 suo
1192 4334 1328 4373 nova
1365 4329 1423 4373 et
1465 4330 1651 4375 vetera
1698 4321 1917 4392 (Matth.

338 4410 481 4478 xui).
516 4428 535 4460 ι
569 4409 668 4476 Qui
713 4411 969 4466 nimirum
1002 4414 1153 4482 prius
1180 4414 1450 4484 reperitur
1479 4429 1603 4470 esse
1646 4418 1920 4473 vermicu-

334 4494 455 4562 lus;
493 4499 582 4554 ille
604 4501 847 4569 profecto
871 4504 961 4571 qui
996 4505 1169 4559 dicit:
1205 4525 1223 4556 ι
1271 4505 1382 4576 Ego
1411 4517 1593 4563 autem
1639 4524 1758 4563 sum
1802 4524 1922 4565 ver-

337 4589 475 4651 mis,
504 4600 558 4644 et
587 4607 692 4645 non
719 4594 880 4647 homo
902 4592 1077 4664 (Psat.
1110 4595 1247 4667 xxx).
1280 4616 1298 4647 ι
1326 4597 1450 4661 Ille,
1492 4598 1731 4668 inquam,
1763 4614 1923 4669 quem

337 4682 540 4736 vermis
619 4682 707 4737 ille
752 4684 1040 4755 signabat,
1119 4688 1212 4756 qui
1267 4690 1566 4745 matutinus
1624 4705 1924 4763 exsurgens

337 4770 593 4827 hederam
626 4789 788 4845 super
817 4785 979 4846 caput
1000 4775 1153 4831 Jonce
1182 4779 1411 4848 positam
1443 4780 1603 4835 dente
1627 4782 1918 4848 percussit,

342 4870 401 4917 et
429 4878 677 4919 arescere
698 4866 960 4935 compulit
993 4865 1168 4938 (lana:
1196 4868 1341 4939 ult).
1380 4869 1744 4931 ,Prtecedente
1768 4870 1922 4941 quip-

326 4966 405 5022 ~pe
435 4954 581 5008 velut
602 4957 869 5011 matutino
894 4960 1028 5023 sole,
1058 4958 1396 5031 Evangelieae
1421 4960 1610 5030 gratia:
1639 4960 1917 5026 Dominus,

326 5056 693 5113 synagogam,
727 5055 787 5100 ut
829 5062 1019 5103 revera
1067 5049 1310 5105 sterilem
1348 5051 1605 5105 hederam
1657 5050 1923 5108 districta:
2012 5068 2019 5077 '

338 5135 622 5189 sententia:
671 5151 786 5191 sua:
840 5137 1002 5192 dente
1047 5140 1314 5208 praecidit,
1375 5152 1440 5196 ac
1492 5130 1919 5196 marcescentem

330 5238 563 5293 prorsus
586 5234 642 5280 et
664 5227 870 5281 aridam
901 5229 1154 5284 reddidit.
1193 5231 1398 5285 Deinde
1439 5232 1664 5301 phmnix
1704 5231 1917 5302 plume-

338 5316 482 5369 faeta
527 5325 583 5371 et
621 5318 673 5372 in
715 5332 899 5376 aerem
947 5320 1156 5375 alarum
1206 5323 1449 5393 remigiis
1482 5332 1689 5377 armata
1725 5324 1921 5376 sustol-

337 5406 504 5471 litur;
535 5408 661 5477 quia
695 5410 870 5466 victor
900 5413 1094 5468 mortis
1135 5412 1393 5469 Dominus
1428 5416 1497 5470 ad
1538 5414 1718 5473 Patris
1752 5433 1923 5487 usque

329 5494 502 5566 813
542 5497 850 5554 confessum
886 5500 1339 5570 conjubilantibus
1388 5506 1622 5576 undique
1669 5512 1921 5579 supernis

337 5588 627 5644 virtutibus
655 5588 918 5645 elevatur.
954 5592 1031 5648 De
1060 5608 1167 5661 quo
1194 5609 1291 5663 per
1309 5595 1651 5651 Psalmistam
1681 5598 1918 5665 dicitur:

340 5698 365 5731 ς
404 5678 506 5748 Qui
543 5682 785 5737 ascendit
835 5698 997 5755 super
1022 5685 1323 5754 cherubim,
1354 5696 1408 5743 et
1439 5688 1639 5745 volavit
1669 5708 1683 5745 :
1715 5689 1918 5747 volavit

2017 488 2174 544 nobis
2208 504 2310 559 pro
2340 490 2557 545 modulo
2586 501 2772 548 nostro
2795 506 2986 560 penna:
2999 503 3124 548 sunt
3144 494 3343 560 insitae,
3373 496 3606 551 virtutes

2017 576 2226 631 scilicet
2250 576 2583 647 spirituales,
2612 580 2808 648 quibus
2831 580 2876 635 si
2902 581 3131 636 viriliter
3150 580 3375 648 utimur,
3400 584 3466 638 ad
3492 599 3607 639 cte-

2017 667 2173 723 lestia
2203 668 2590 735 sublevantur;
2631 672 2712 726 sin
2761 681 2943 728 autem
2993 689 3062 729 ex
3110 675 3330 731 desidia;
3385 685 3606 747 torpore

2015 756 2359 827 deponimus,
2385 773 2608 813 necesse
2637 768 2720 815 est
2745 770 2805 813 ut
2831 761 2883 814 in
2907 762 3322 834 subripientium
3344 764 3605 822 vitiorum

2014 847 2285 921 profunda
2317 864 2648 922 mergamur.

2622 963 2849 1019 CAPUT
2886 965 3001 1021 ΧΠ.

2505 1073 2584 1129 De
2618 1092 2770 1128 serra
2806 1076 2911 1129 sive
2943 1092 3112 1131 serra.

2089 1180 2262 1253 Hujus
2299 1182 2374 1238 rei
2408 1192 2592 1255 typum
2643 1195 2786 1241 tenet
2818 1202 2967 1241 sarra
3003 1186 3224 1263 [serra],
3261 1186 3469 1249 marina
3500 1190 3608 1249 scl-

2016 1267 2144 1327 licet
2170 1272 2345 1327 bellua
2376 1289 2518 1342 qum,
2553 1290 2672 1328 cum
2710 1276 2951 1344 prolixos
2983 1278 3180 1333 habent
3222 1295 3449 1351 pennas,
3480 1296 3607 1339 mox

2016 1374 2076 1421 ut
2118 1366 2316 1420 viderit
2346 1381 2537 1421 navem
2569 1365 2952 1433 veliﬁcantem,
2988 1368 3194 1424 alarum
3224 1382 3278 1426 et
3326 1372 3439 1443 ipsa
3471 1388 3607 1443 pm

2017 1459 2195 1512 cincta
2226 1450 2487 1528 remigiis,
2518 1461 2797 1513 contendit
2825 1461 3096 1516 veliﬁcare
3119 1468 3241 1532 post
3264 1480 3474 1519 navem.
3500 1462 3607 1521 Sed

2015 1550 2105 1602 vix
2139 1564 2235 1617 per
2262 1544 2617 1619 quadraginta
2667 1550 2842 1605 stadia
2889 1551 2940 1604 in
2974 1550 3134 1619 hujus
3169 1554 3485 1609 certaminis
3529 1553 3608 1607 la-

2016 1640 2149 1695 bore
2174 1641 2472 1709 persistens
2496 1639 2696 1703 deﬁcit,
2724 1651 2778 1697 et
2802 1643 2879 1696 sic
2907 1642 3138 1709 defessa,
3172 1644 3286 1698 alas
3318 1645 3459 1699 inter
3491 1646 3606 1700 dis-

2019 1821 2361 1891 compellitur
2409 1830 2467 1875 ut
2514 1822 2580 1876 ad
2611 1821 2790 1876 locum
2856 1825 2995 1878 unde
3047 1824 3311 1895 remigare
3344 1834 3607 1895 coeperat,

2020 1912 2213 1965 iterum
2230 1910 2521 1965 relabatnr.
2538 1909 2908 1981 Navisplane,
2938 1928 3058 1982 quae
3084 1913 3341 1977 veliﬁcat,
3363 1923 3607 1968 sanctam

2018 2000 2339 2066 Ecclesium,
2382 2000 2464 2054 vel
2510 2015 2946 2072 unamquamque
2987 2001 3196 2057 ﬁdelem
3247 2005 3481 2058 animam
3530 2005 3608 2060 siu-

2019 2097 2168 2157 gnat.
2216 2088 2346 2155 Quae
2375 2088 2627 2143 nimirum
2675 2090 2821 2159 ligno
2846 2092 3028 2146 crucis
3057 2104 3262 2156 evecta,
3295 2104 3610 2163 spumantes

2018 2180 2288 2253 ﬂuctivagi
2336 2183 2520 2237 mundi
2569 2183 2837 2254 procellas
2884 2184 3075 2248 evitat,
3118 2185 3489 2255 virtutumque
3520 2201 3608 2241 re-

2020 2276 2182 2342 migio
2206 2276 2272 2329 ad
2300 2285 2513 2346 portum
2539 2288 2813 2347 perpetur
2840 2278 3039 2348 quietis
3063 2280 3303 2335 anhelat.
3332 2279 3439 2335 Sed
3469 2282 3611 2336 hanc

2020 2383 2173 2421 sarra
2204 2368 2328 2422 dum
2374 2370 2738 2439 persequitur,
2771 2369 2982 2435 deﬁcit;
3028 2372 3155 2441 quia
3186 2373 3364 2427 mollis
3398 2382 3454 2429 et
3498 2375 3614 2429 dis-

2019 2457 2195 2512 soluta
2226 2458 2479 2527 quaelibet
2507 2460 2688 2513 anima
2715 2460 2922 2516 fervide
2945 2462 3164 2531 quidem
3192 2462 3403 2533 incipit,
3435 2465 3528 2520 sed
3554 2465 3609 2519 in

2020 2552 2207 2607 lat-ore
2236 2551 2536 2607 lassescens
2562 2552 2627 2607 ad
2672 2552 3021 2622 perfectionis
3050 2554 3225 2619 littus,
3258 2556 3400 2625 quod
3429 2556 3615 2611 subire

2021 2643 2355 2703 decreverat,
2383 2658 2489 2697 non
2513 2643 2787 2714 pertingit.
2818 2643 2959 2699 Sunt
2985 2646 3127 2701 enim
3156 2646 3347 2717 aliqui,
3369 2648 3462 2719 qui
3483 2654 3611 2706 dum

2020 2736 2155 2795 alios
2206 2735 2288 2793 ire
2327 2752 2426 2807 per
2472 2735 2713 2791 honesta:
2751 2736 2874 2794 vita:
2923 2740 3191 2794 tramitem
3239 2751 3493 2808 cernunt,
3522 2742 3613 2812 pio

2022 2830 2294 2885 desiderio
2324 2830 2600 2899 provocati
2629 2838 2748 2899 post
2770 2845 2863 2887 eos
2894 2830 2998 2886 iter
3024 2832 3313 2901 arripiunt.
3345 2831 3451 2888 Sed
3483 2834 3610 2888 dum

2022 2920 2107 2977 Vel
2138 2922 2292 2976 nimii
2321 2921 2546 2986 laboris,
2576 2921 2659 2973 vel
2690 2921 3078 2977 inundantibus
3109 2921 3395 2993 cujuslibet
3421 2924 3614 2979 adver-

2023 3011 2195 3066 sitatis
2246 3009 2498 3067 ﬂuctibus
2549 3009 2871 3074 obruuntur,
2922 3012 3168 3082 protinus
3215 3028 3244 3066 a
3292 3012 3476 3069 labore
3521 3015 3614 3069 deo

2025 3102 2242 3165 ﬁciunt;
2290 3111 2344 3156 et
2385 3102 2464 3156 sic
2511 3102 2578 3156 ad
2624 3101 3032 3157 similitudinem
3081 3118 3271 3168 same,
3303 3105 3444 3158 unde
3480 3104 3615 3159 veli-

2027 3192 2191 3247 ﬁeare
2220 3199 2520 3259 coeperant,
2563 3190 2901 3245 relabuntur.
2936 3189 3013 3243 De
3040 3192 3238 3261 quibus
3266 3193 3452 3263 utique
3479 3195 3614 3250 scri-

2023 3295 2177 3354 ptum
2214 3291 2298 3337 est
2340 3299 2353 3334 :
2403 3298 2422 3333 ‹
2458 3280 2552 3336 Va:
2588 3282 2672 3337 his
2717 3282 2807 3351 qui
2848 3282 3199 3353 perdiderunt
3233 3284 3611 3340 sustinentiam

2027 3374 2223 3447 (Eccli.
2261 3374 2344 3444 tt).
2393 3392 2412 3426 ι
2449 3372 2517 3426 Et
2546 3372 2631 3427 vir
2680 3374 2895 3443 sapiens
2936 3390 2949 3427 :
2988 3392 3007 3425 ι
3041 3373 3135 3429 Est
3178 3370 3385 3430 amicus
3432 3375 3614 3432 socius

2026 3478 2249 3527 mensae,
2294 3471 2351 3519 et
2395 3478 2502 3518 non
2534 3472 2819 3534 permanet
2847 3463 2898 3517 in
2930 3464 3017 3518 die
3048 3465 3390 3521 necessitatis
3420 3464 3610 3535 (Ecslt'.

2025 3557 2124 3625 vt).
2160 3574 2179 3608 ι
2215 3554 2321 3611 Sed
2354 3555 2553 3610 talibus
2593 3565 2833 3611 rectores
2863 3555 3225 3612 Ecclesiarum
3266 3558 3492 3629 impigra
3521 3560 3614 3614 de-

2023 3648 2155 3704 bent
2184 3646 2563 3701 exhortatione
2606 3661 2948 3711 succurrere,
2976 3661 3040 3700 ac
3072 3647 3212 3701 inter
3241 3648 3353 3717 ipsa
3387 3649 3615 3705 saevien-

2025 3741 2096 3795 tis
2135 3739 2389 3811 procella:
2429 3739 2743 3795 discrimina
2789 3737 3116 3794 ﬁuctuantes
3146 3739 3322 3794 valido
3352 3742 3614 3811 praedica-

2024 3834 2231 3887 tionum
2281 3830 2507 3887 brachio
2550 3833 2832 3895 roborare,
2862 3838 2921 3884 ut
2947 3843 3041 3884 eos
3078 3828 3389 3901 naufragari
3421 3831 3615 3903 pelago

2023 3923 2277 3979 sorbente
2312 3923 2657 3993 prohibeant,
2690 3921 2817 3976 dum
2865 3921 2931 3974 ad
2979 3923 3397 3992 perseverantia:
3446 3924 3614 3979 robur

2022 4015 2346 4070 inconcussa
2381 4015 2698 4069 constantia:
2731 4014 2911 4068 radice
2941 4014 3288 4069 conﬁrmant.

2616 4122 2844 4178 CAPUT
2883 4122 3016 4177 Xli'l.

2666 4232 2740 4287 De
2768 4234 2966 4288 echino.

2095 4346 2249 4414 Quod
2288 4345 2514 4403 echinus
2555 4345 2718 4400 etiam
2742 4386 2757 4410 ,
2790 4346 2971 4403 brevis
3005 4348 3256 4405 videlicet
3299 4351 3607 4422 pisciculus,

1947 4462 1998 4522 ι)
2026 4439 2221 4503 innuit,
2260 4440 2349 4511 qui
2380 4454 2544 4494 naves
2571 4439 2811 4510 ingentes
2835 4438 3010 4509 plenis
3036 4454 3316 4499 currentes
3341 4446 3474 4502 velis
3512 4449 3611 4503 im-

2028 4529 2303 4584 mobiliter
2342 4529 2505 4583 sistit.
2552 4529 2742 4583 Mirum
2773 4539 2920 4585 certe
2968 4534 3240 4601 quomodo
3288 4536 3450 4604 piscis
3492 4553 3613 4608 pcr-

2028 4622 2256 4689 exiguus
2281 4634 2528 4689 corpore,
2561 4629 2666 4673 tam
2697 4636 2975 4677 enormem
3003 4623 3183 4679 carabi
3216 4626 3408 4681 molem
3436 4628 3614 4685 valeat

2027 4712 2347 4767 inconcusse
2375 4728 2741 4782 compescere,
2787 4724 2845 4768 ut
2891 4724 3145 4785 tanquam
3188 4718 3291 4772 ﬁxa
3339 4720 3612 4776 radicibus

2028 4804 2274 4860 videatur
2302 4806 2524 4859 haerere.
2560 4804 2797 4860 Echinus
2823 4822 2953 4877 ergo
2998 4806 3109 4878 figit
3141 4809 3192 4863 in
3223 4809 3473 4866 ﬂuctibus
3516 4828 3611 4868 na-

2024 4909 2178 4958 vem;
2226 4903 2407 4949 rector
2452 4894 2704 4949 Ecclesia:
2740 4910 2842 4949 non
2873 4897 3156 4953 conﬁrmet
3186 4902 3393 4954 animas
3440 4911 3609 4957 tenta-

2026 4986 2233 5040 tionum
2280 4986 2723 5041 inundationibus
2771 4987 3129 5045 ﬁuctuantes?
3175 4990 3327 5046 Sicut
3374 4992 3469 5057 illi,
3514 4997 3607 5064 qui

2024 5075 2225 5130 dudum
2272 5076 2517 5145 vestigiis
2563 5075 2616 5129 in
2674 5076 2863 5146 pelago
2920 5078 3312 5144 titubantibus,
3364 5095 3609 5153 coeperat

2024 5168 2216 5238 mergi,
2250 5169 2345 5222 sed
2374 5168 2639 5237 ereptoris
2669 5171 2867 5222 meruit
2911 5170 3132 5224 dextera
3182 5176 3494 5239 sustentari,
3533 5177 3611 5231 di-

2023 5268 2169 5315 ctum
2209 5266 2292 5314 est
2333 5277 2347 5313 :
2393 5279 2410 5310 (
2449 5260 2515 5313 Et
2564 5268 2617 5312 tu
2669 5260 2962 5329 aliquando
3010 5276 3302 5318 conversus
3344 5267 3607 5323 conﬁrma

2026 5349 2223 5404 fratres
2254 5358 2372 5403 tuos
2400 5347 2551 5419 (Luc.
2581 5348 2742 5418 xm).
2781 5367 2799 5399 ι
2837 5348 2977 5415 Ergo
3003 5351 3259 5420 praesules
3287 5353 3454 5427 814
3497 5358 3611 5410 ani-

2025 5458 2234 5496 marum
2262 5442 2491 5495 solerter
2514 5441 2813 5512 invigilent,
2844 5457 2911 5498 ne
2933 5460 3069 5515 quos
3098 5446 3164 5500 de
3190 5448 3403 5501 casibus
3426 5449 3607 5503 smculi

2022 5532 2189 5588 semel
2215 5533 2470 5600 eripiunt,
2501 5548 2688 5587 rursus
2717 5548 2810 5588 eos
2840 5544 3025 5604 raptor
3054 5537 3292 5604 invadat,
3323 5554 3512 5597 rursus
3539 5540 3606 5595 ad

2022 5624 2280 5679 vomitum
2313 5623 2489 5678 redire
2515 5625 2821 5695 compellat.
3042 5612 3045 5615 ⁷
3276 5646 3281 5649 Α
3306 5644 3311 5647 ι
