4138 6320
603 293 707 349 7'75

1190 396 1419 459 CAPUT
1457 403 1594 460 XIV.

635 488 712 552 De
747 496 956 567 tigride,
991 503 1040 549 et
1067 495 1193 564 quid
1229 497 1442 564 mystice
1468 513 1560 565 per
1583 513 1697 550 eam
1727 497 2139 568 intelligendum.

667 589 834 658 Cujus
856 589 1043 655 utique
1067 588 1142 641 rei
1171 601 1266 656 per
1285 587 1572 654 quamdam
1594 587 2000 644 similitudinem
2025 591 2179 659 tigris

597 680 796 735 indicio
824 688 927 741 est,
960 693 1101 747 qua},
1130 680 1272 733 sicut
1303 680 1583 742 astruitur,
1625 681 1715 734 ubi
1753 696 1981 735 vacuum
2011 693 2178 753 raptat

595 772 800 827 sobolis
828 770 1004 826 cubile
1033 771 1252 840 reperit,
1285 770 1476 839 pernix
1507 770 1649 825 illico
1678 771 1918 841 vestigiis
1946 775 2179 843 raptoris

594 862 820 916 insistit.
848 861 918 914 At
944 860 1032 914 ille
1061 875 1371 928 quanquam
1396 860 1520 932 equi
1553 859 1760 930 fugacis
1785 861 2022 931 agilitate
2049 877 2179 931 prte—

593 962 810 1017 currat,
841 953 1080 1024 agilioris
1106 963 1284 1006 tamen
1313 951 1442 1006 ferte
1467 953 1698 1020 quodam
1728 954 1880 1023 quasi
1906 953 2087 1007 volatu
2117 968 2177 1008 se

591 1045 843 1116 praeverti
872 1059 1030 1114 posse
1063 1059 1167 1098 non
1198 1043 1407 1098 dubitat
1432 1060 1443 1094 :
1468 1057 1698 1111 cumque
1723 1042 1926 1096 nullum
1957 1043 2059 1098 sibi
2089 1059 2178 1113 pa-

593 1147 708 1191 tere
756 1135 1044 1204 sutfugium
1089 1135 1384 1204 conspicit,
1439 1133 1748 1204 hujusmodi
1799 1133 2048 1189 technam
2091 1151 2178 1191 ca-

591 1229 766 1296 ptiosa
797 1225 988 1281 fraude
1027 1224 1262 1288 molitur,
1294 1224 1383 1278 ubi
1418 1224 1585 1278 feram
1615 1225 1715 1279 sibi
1748 1225 2056 1293 contiguam
2089 1225 2178 1280 de-

590 1319 895 1389 prehendit,
933 1317 1207 1386 globosam
1254 1316 1320 1370 de
1361 1316 1501 1369 vitro
1545 1315 1811 1384 sphaeram
1859 1323 1985 1368 ante
2031 1314 2177 1370 illius

587 1411 777 1466 oculos
821 1407 1067 1478 projicit;
1121 1417 1178 1461 at
1225 1406 1316 1460 illa
1351 1406 1650 1476 respiciens
1695 1405 1841 1459 velut
1884 1420 1916 1460 e
1958 1406 2175 1478 speculo

588 1501 796 1571 proprii
827 1499 1068 1569 corporis
1097 1498 1331 1565 imagine
1367 1496 1591 1559 luditur,
1631 1505 1687 1552 et
1721 1497 1963 1551 sobolem
2002 1498 2176 1567 suspi-

589 1601 763 1645 catur.
810 1591 1064 1645 Retentat
1111 1589 1274 1657 igitur
1301 1601 1554 1651 cursum,
1588 1586 1712 1641 dum
1755 1586 2002 1654 amplecti
2036 1587 2174 1642 desi-

587 1683 740 1737 derat
784 1683 971 1736 fanum
1021 1698 1034 1733 :
1086 1679 1178 1734 sed
1229 1693 1355 1734 ecce
1394 1678 1521 1732 dum
1569 1676 1713 1731 inani
1762 1691 1820 1732 se
1856 1677 2171 1731 frustratam

1025 285 1084 348 S.
1116 289 1322 348 PETM
1349 289 1634 348 DAMlANl
1675 291 1826 348 OPP.
1867 280 2114 349 TOMUS.
2145 291 2275 350 SEU
2315 293 2492 350 PARS
2525 295 2609 350 Ill.
2649 327 2719 338 —-
2743 296 3111 354 OPUSCULA
3156 297 3383 352 νΑιιιΑ.

3749 302 3857 357 776

2211 413 2254 468 Λ
2285 420 2445 476 gnam
2484 407 2533 462 ei
2568 408 2738 463 vicem
2787 409 2998 479 ingrata
3041 409 3254 465 soboles
3293 427 3398 464 non
3441 413 3701 481 rependit.
3735 416 3872 486 Ejus

2279 497 2475 566 quippe
2505 498 2596 552 lilii
2625 515 2746 553 mox
2781 510 2837 554 ιιι
2869 502 3133 570 incipiunt
3160 517 3428 568 crescere,
3459 514 3747 576 utrumque
3773 525 3874 578 pa-

2271 602 2486 647 rentem
2524 594 2845 648 adoriuntur
2885 596 3211 650 unanimiter
3245 596 3590 666 impugnare,
3635 600 3726 669 qui
3782 616 3871 654 re-

2277 684 2642 752 pereutientes
2670 700 2784 751 eos,
2813 687 2936 754 quia
2965 685 3262 754 disciplinae
3296 689 3513 741 modum
3554 697 3733 744 tenere
3771 708 3870 745 ne-

2276 774 2476 838 sciunt,
2508 777 2902 842 quodammodo
2937 778 3259 834 eruditionis
3299 777 3524 833 ferulam
3559 781 3612 834 in
3657 782 3867 852 gladios

2277 871 2510 926 vertunt,
2525 863 2650 916 dum
2673 864 2851 918 nimiis
2871 865 3185 920 verberibus
3207 867 3342 922 ﬁlios
3365 868 3728 935 interﬁciunt;
3751 883 3832 926 ter
3849 901 3864 912 ο

2271 951 2353 1005 tia
2392 967 2521 1006 vero
2555 951 2643 1008 die
2684 969 2850 1023 super
2888 965 3130 1009 mortuos
3174 965 3346 1011 mater
3389 958 3679 1025 incumbit,
3721 961 3863 1018 latus

2265 1054 2432 1094 suum
2460 1051 2639 1095 rostro
2663 1045 2973 1110 percutiens
2994 1045 3185 1112 aperit,
3212 1046 3353 1100 unde
3377 1063 3541 1116 super
3565 1049 3863 1106 exstinctos

2277 1140 2552 1187 maternus
2581 1149 2742 1186 cruor
2773 1133 3019 1197 instillat,
3048 1136 3140 1203 qui
3184 1137 3431 1206 protinus
3461 1154 3555 1193 eos
3595 1141 3662 1194 ad
3690 1141 3861 1196 vitam

2277 1225 2574 1280 incolumes
2626 1227 2871 1281 suscitat.
2939 1228 3069 1292 Qute
3126 1228 3380 1282 nimirum
3439 1245 3527 1284 res
3588 1245 3692 1284 non
3751 1243 3861 1287 tam

2277 1314 2468 1383 ﬁgura,
2492 1330 2653 1384 quam
2677 1314 2984 1386 evangelica
3013 1315 3226 1370 videtur
3258 1317 3506 1371 historia.
3539 1317 3645 1372 Per
3667 1317 3861 1374 Isaiam

2277 1420 2507 1473 namque
2536 1405 2796 1459 Conditor
2831 1404 3110 1459 hominum
3147 1406 3433 1461 manifeste
3459 1408 3811 1476 conqueritur
3841 1427 3856 1464 :

2282 1514 2300 1547 ι
2331 1497 2516 1560 Filios,
2552 1497 2744 1566 inquit,
2775 1497 2954 1569 genui,
2981 1507 3038 1551 et
3065 1497 3319 1562 exaltavi,
3351 1498 3449 1568 ipsi
3483 1515 3611 1552 vero
3645 1516 3866 1570 spreve-

2276 1597 2402 1640 runt
2430 1602 2514 1640 me
2544 1585 2699 1656 (Isai.
2728 1590 2790 1655 l).
2825 1606 2843 1638 ι
2888 1587 2989 1652 Qui
3019 1587 3184 1640 etiam
3211 1602 3499 1656 percussus
3529 1601 3612 1642 est
3663 1590 3731 1644 ab
3755 1592 3866 1646 eis-

2276 1677 2396 1731 dem
2429 1677 2667 1747 reprobis
2693 1677 2836 1740 ﬁliis,
2859 1677 3000 1731 sicut
3028 1677 3302 1746 pelicanus
3325 1693 3354 1729 a
3379 1677 3538 1746 pullis
3564 1679 3698 1743 suis,
3723 1681 3866 1734 sicut

583 1772 765 1842 specie
793 1772 1076 1840 cotupcrit,
1102 1770 1226 1824 totis
1255 1768 1322 1823 ad
1345 1767 1909 1838 comprehendendum
1935 1769 2168 1836 equitem
2204 1757 2244 1814 Β
2275 1783 2370 1835 per
2395 1767 2554 1820 aliam
2601 1767 2923 1836 scripturam
2966 1767 3099 1820 dicit
3127 1780 3140 1818 :
3179 1785 3197 1816 ι
3239 1766 3652 1820 lnsurrexerunt
3679 1769 3732 1821 in
3773 1781 3867 1823 me

586 1863 795 1916 viribus
823 1862 1000 1915 fundit
1028 1879 1040 1914 :
1075 1860 1169 1914 sed
1201 1860 1325 1913 dum
1363 1857 1594 1912 stimulis
1622 1857 1702 1911 ire
1730 1857 1966 1910 velocior
1996 1857 2169 1911 immi-

585 1963 678 2009 net
715 1953 964 2022 fugienti,
1006 1952 1095 2005 ille
1131 1952 1396 2020 spltmram
1427 1948 1703 2018 sequentis
1733 1948 2010 2002 obtutibus
2037 1949 2171 2004 alte-

585 2059 700 2097 ram
734 2041 921 2110 objieit
949 2060 960 2094 :
989 2056 1088 2095 nec
1118 2049 1298 2093 tamen
1324 2037 1665 2093 sedulitatem
1691 2036 1881 2091 matris
1910 2039 2169 2093 memoria

583 2135 794 2188 fraudis
841 2131 1098 2187 excludit.
1132 2129 1265 2184 Nam
1315 2130 1466 2198 tigris
1491 2127 1645 2198 quasi
1675 2127 1936 2182 laetatura
1965 2127 2169 2197 prolem

583 2240 794 2280 cassam
819 2231 1000 2278 versat
1029 2219 1340 2291 imaginem.
1383 2217 1494 2273 Hoc
1520 2218 1703 2288 itaque
1735 2217 1894 2271 modo
1919 2225 1975 2269 et
2021 2216 2172 2286 tigris

583 2316 830 2380 orbatur,
861 2323 916 2384 et
940 2312 1073 2366 ultio
1100 2311 1166 2365 de
1193 2317 1448 2365 venatore
1474 2322 1579 2364 non
1611 2307 1860 2362 sumitur.
1891 2304 1961 2359 Ut
1988 2314 2167 2359 autem

581 2407 689 2462 hoc
713 2406 780 2460 ad
811 2420 940 2459 usus
987 2403 1383 2458 ecclesiasticos
1409 2416 1514 2454 non
1543 2399 1836 2469 incongrue
1871 2397 2168 2452 transfera-

585 2506 693 2560 tur,
722 2496 851 2565 quid
894 2503 1136 2556 venator,
1177 2491 1281 2546 nisi
1324 2489 1678 2561 prtedicator?
1727 2488 1877 2544 Unde
1914 2505 2012 2558 per
2038 2503 2165 2558 pro-

577 2589 802 2660 phetam
844 2587 1083 2642 dicitur:
1124 2604 1142 2636 ι
1179 2585 1388 2639 Mittam
1419 2583 1498 2638 eis
1538 2581 1735 2636 multos
1770 2589 2078 2646 venatores,
2114 2590 2170 2635 et

581 2679 921 2734 venabuntur
961 2693 1054 2732 eos
1101 2677 1168 2732 de
1212 2675 1357 2730 omni
1409 2684 1590 2729 monte
1630 2681 1685 2726 et
1727 2671 1793 2727 de
1827 2673 1974 2726 omni
2034 2671 2168 2726 colle

583 2770 866 2843 (Jer.xv1).
883 2791 898 2820 ι
917 2769 982 2824 Et
1003 2769 1128 2838 quid
1149 2769 1236 2822 hic
1259 2766 1432 2834 tigris,
1448 2767 1549 2820 nisi
1573 2765 1816 2820 diabolus
1836 2765 1994 2820 debet
2017 2763 2168 2818 intel-

580 2860 670 2931 ligi
689 2861 711 2914 ?
733 2859 939 2932 Tigridi
967 2861 1148 2927 itaque
1170 2856 1408 2911 catulum
1435 2856 1693 2925 rapimus,
1711 2870 1833 2909 cum
1856 2854 1920 2909 de
1943 2853 2162 2916 mundo,

581 2949 672 3022 qui
697 2959 782 3004 est
802 2947 977 3002 cubile
1000 2945 1220 3011 diaboli,
1236 2959 1556 3000 conversum
1579 2943 1870 3012 quemlibet
1893 2942 2163 2996 hominem

581 3041 649 3093 ad
683 3037 990 3094 sanctitatis
1013 3037 1248 3090 habitum
1275 3049 1650 3106 provocamus.
1680 3034 1813 3088 Cum
1843 3049 1973 3103 ergo
1999 3033 2164 3103 spiri-

580 3129 739 3186 talem
789 3136 910 3200 post
960 3142 1056 3181 nos
1101 3124 1351 3196 tigridcm
1396 3140 1616 3180 currere
1660 3138 1756 3194 per
1809 3122 2162 3177 tentationum
2191 3116 2235 3180 C

570 3235 800 3276 suarum
846 3225 1159 3288 argumenta
1204 3217 1488 3284 sentimus,
1521 3217 1750 3268 vitream
1788 3213 1866 3266 illi
1901 3213 2164 3283 sphaeram

577 3309 892 3380 objicimus,
944 3310 1067 3363 dum
1121 3307 1341 3378 fragiles
1389 3308 1489 3361 sibi
1545 3307 1819 3371 homines,
1869 3305 1958 3359 ubi
2013 3319 2165 3359 suam

579 3402 869 3474 imaginem
897 3401 1130 3464 videant,
1159 3401 1610 3454 demonstramus.
1657 3398 1798 3453 Suos
1839 3407 2019 3452 autem
2063 3397 2166 3452 sibi

579 3495 978 3557 demonstrare,
1005 3500 1088 3546 est
1120 3493 1188 3545 ab
1232 3493 1348 3562 ejus
1395 3475 1650 3563 pestifera
1700 3491 1904 3545 visione
1952 3499 2163 3546 nostros

579 3585 930 3640 abscondere.
981 3584 1036 3637 In
1089 3584 1201 3638 suis
1255 3594 1436 3637 autem
1489 3584 1659 3637 hostis
1711 3584 1967 3653 antiquus
2009 3598 2163 3638 suam

578 3678 755 3732 cernit
794 3675 1102 3745 imaginem,
1151 3675 1202 3727 in
1246 3675 1441 3742 quibus
1473 3675 1656 3742 utique
1688 3676 1886 3744 reperit
1933 3675 2165 3744 propria:

580 3768 835 3839 nequitia:
863 3767 1203 3838 pravitatem.
1249 3766 1323 3820 De
1363 3765 1446 3820 his
1489 3781 1678 3836 nempe
1712 3767 1899 3822 vitreis
1935 3767 2165 3822 homini-

579 3859 702 3925 bus,
730 3859 951 3929 ejusque
979 3857 1265 3928 imaginem
1299 3856 1727 3920 refundcntibus,
1757 3859 1811 3912 in
1839 3858 2161 3929 Apocalypsi

579 3950 818 4008 dicitur:
855 3967 872 3999 ι
912 3949 967 4003 Si
996 3949 1119 4018 quis
1150 3947 1453 4003 adoraverit
1486 3948 1715 4002 bestiam
1781 3956 1834 4004 et
1871 3949 2158 4021 imaginem

576 4039 718 4110 ejus,
761 4050 814 4095 et
852 4039 1119 4108 acceperit
1150 4039 1517 4094 characterem
1562 4038 1615 4092 in
1655 4036 1830 4093 fronte
1869 4055 1964 4094 sua
2017 4048 2071 4093 ct
2104 4040 2158 4094 in

572 4146 739 4185 manu
771 4145 865 4184 sua
893 4129 1076 4198 (Apoc.
1102 4127 1234 4199 xw),
1267 4148 1284 4179 ι
1310 4137 1362 4183 et
1394 4127 1619 4196 reliqua.
1649 4127 1969 4183 Studeamus
1999 4129 2160 4199 igitur

580 4238 608 4276 a
640 4220 833 4291 tigride
859 4219 1066 4274 catulos
1087 4221 1380 4283 custodire,
1406 4235 1541 4288 quos
1565 4216 1812 4283 tulimus;
1839 4229 1895 4272 ut
1919 4235 1948 4272 a
1974 4219 2160 4274 ferinis

568 4322 816 4368 «eruenta!
856 4311 1043 4366 bestia:
1079 4310 1333 4364 uberibus
1364 4309 1522 4379 rapti,
1553 4308 1692 4363 lacte
1721 4309 1958 4378 quotidie
1999 4307 2161 4364 cmle-

579 4406 650 4458 tis
709 4402 906 4471 eloquii
937 4418 1041 4455 non
1074 4400 1381 4454 desinamus
1415 4401 1670 4464 recreari,
1703 4415 1790 4463 ne,
1823 4401 1966 4469 quod
1996 4399 2155 4465 absit,

2275 1859 2375 1912 viri
2426 1859 2592 1928 iniqui
2630 1859 2832 1927 absque
2875 1858 3269 1924 misericordia,
3303 1863 3635 1926 quaesierunt
3662 1875 3746 1914 me
3773 1861 3862 1914 in-

2275 1952 2540 2016 terﬁcere,
2567 1960 2620 2006 et
2645 1965 2748 2004 non
2774 1958 3133 2020 pepercerunt
3155 1949 3207 2002 in
3233 1949 3420 2003 faciem
3444 1965 3622 2004 meam
3645 1963 3861 2021 spuere,

2271 2050 2326 2096 et
2355 2042 2556 2095 lanceis
2585 2040 2698 2096 suis
2723 2039 3140 2094 vulneraverunt
3168 2053 3272 2092 me.
3311 2057 3328 2089 ι

2343 2132 2626 2187 Pelicanus
2649 2139 2828 2185 autem
2859 2145 2986 2184 suos
3007 2130 3180 2198 pullos
3207 2129 3579 2200 repereutieus
3609 2130 3859 2198 perimit:

2271 2222 2396 2291 quia
2446 2223 2586 2276 Deus
2626 2233 2940 2290 perversum
2977 2216 3228 2288 populum
3294 2218 3442 2286 gravi
3487 2217 3864 2288 captivitatnm

2270 2325 2432 2384 atque
2462 2314 2722 2368 bellorum
2752 2312 2904 2368 clade
2927 2313 3215 2382 percussit.
3243 2311 3396 2368 Sicut
3422 2312 3471 2366 ei
3503 2327 3599 2382 per
3623 2313 3861 2382 prOpbe-

2273 2415 2382 2461 tam
2409 2405 2606 2460 dicitur
2633 2418 2648 2456 :
2686 2423 2704 2455 ι
2739 2404 3059 2459 Percussisti
3085 2418 3204 2467 eos,
3230 2419 3330 2458 nec
3358 2401 3672 2466 doluerunt;
3704 2401 3862 2456 attri-

2270 2497 2395 2551 visti
2444 2511 2560 2560 eos,
2610 2503 2664 2550 et
2712 2494 2997 2548 uoluerunt
3040 2494 3286 2563 accipere
3330 2491 3666 2562 disciplinam
3718 2488 3854 2562 (Jer.

2267 2586 2346 2656 v).
2379 2605 2396 2638 ι
2447 2585 2555 2640 Sed
2604 2583 2830 2653 ingratis
2861 2583 2984 2637 ﬁliis
3026 2584 3226 2638 bonum
3272 2597 3370 2652 pro
3402 2581 3544 2635 malo
3590 2581 3859 2645 redditur,

2266 2691 2390 2731 eum
2413 2675 2479 2728 ad
2504 2676 2668 2728 vitam
2694 2682 2937 2727 materno
2967 2671 3227 2742 sanguine
3255 2679 3596 2726 revocantur.
3630 2669 3861 2739 Sapien-

2267 2767 2339 2820 tia
2371 2765 2568 2834 quippe
2605 2763 2717 2827 Dei,
2747 2773 2920 2817 mater
2947 2762 3157 2816 scilicet
3186 2763 3426 2815 omnium
3455 2761 3771 2826 viventium,
3803 2760 3860 2816 in

2267 2871 2428 2911 cruce
2456 2853 2694 2925 pendens
2717 2855 2856 2908 latus
2878 2853 3110 2922 aperuit,
3139 2853 3326 2921 sicque
3350 2860 3656 2920 peremptos
3686 2851 3751 2904 ad
3778 2851 3859 2906 vi-

2269 2956 2379 3002 tam
2417 2945 2748 3002 sacrosancti
2801 2944 3078 3014 sanguinis
3124 2943 3205 2998 sui
3253 2941 3512 3012 proﬂuvio
3562 2943 3858 2998 revocavit.

2267 3035 2374 3093 Sed
2403 3035 2542 3091 sicut
2575 3035 2690 3089 avis
2733 3033 2910 3103 hujus,
2942 3048 3106 3102 quam
3145 3032 3394 3097 dicimus,
3428 3032 3568 3085 fetus
3597 3031 3855 3090 duritiam

2265 3133 2577 3203 exprimunt
2603 3130 2824 3200 ingrata:
2856 3127 3085 3192 sobolis;
3117 3126 3196 3181 sic
3221 3142 3250 3181 e
3276 3128 3491 3181 diverso
3522 3139 3698 3194 upupa
3723 3123 3859 3195 ﬁgu-

2267 3238 2382 3276 ram
2418 3221 2634 3276 exhibet
2665 3217 2899 3289 pietatis.
2946 3217 3018 3272 Ut
3053 3216 3194 3270 sicut
3235 3217 3286 3270 in
3318 3231 3427 3270 uno
3470 3215 3672 3285 reperit.
3699 3228 3858 3269 mens

2265 3313 2498 3368 discreta
2527 3310 2670 3379 quod
2709 3316 2960 3378 spernat,
2997 3307 3075 3361 sic
3103 3308 3157 3360 in
3188 3306 3359 3360 altero
3387 3303 3698 3359 Christiana
3737 3302 3857 3372 pie-

2267 3413 2352 3462 tas
2385 3403 2512 3457 cuid
2543 3402 2782 3458 imitetur
2812 3399 3076 3454 addiscat.

2862 3489 3091 3547 CAPUT
3131 3489 3269 3544 XVI.

2656 3586 2728 3640 De
2760 3601 2954 3654 upupa,
2985 3582 3164 3653 aquila
3199 3591 3244 3634 et
3277 3581 3460 3648 fulica.

2336 3678 2430 3734 the
2457 3677 2722 3746 siquidem
2751 3673 2995 3728 volucres
3015 3687 3138 3726 cum
3171 3670 3325 3725 senili
3349 3677 3648 3740 gravantur
3669 3677 3849 3732 astato,

2263 3781 2323 3827 ut
2341 3769 2455 3840 jam
2484 3784 2582 3824 uec
2609 3766 2792 3820 volare
2827 3763 3042 3818 valeant
3097 3777 3196 3818 uec
3226 3762 3409 3816 videre
3428 3799 3443 3825 ,
3491 3759 3588 3814 filii
3616 3759 3854 3829 parenti-

2262 3865 2365 3918 bus
2390 3862 2504 3916 suis
2533 3860 2620 3929 pio
2647 3857 3033 3926 compatientes
3064 3854 3282 3918 affectu,
3320 3862 3560 3908 vetustas
3590 3853 3696 3907 sibi
3719 3867 3853 3923 pen-

2262 3970 2360 4010 nas
2379 3952 2638 4014 evellunt,
2661 3959 2717 4003 et
2737 3963 2923 4002 eorum
2948 3945 3132 4003 oculos
3155 3945 3256 4000 alis
3282 3943 3515 4014 propriis
3541 3945 3847 4004 confoveat».

2261 4061 2327 4101 ac
2366 4054 2531 4100 totum
2567 4056 2761 4111 corpus
2801 4039 3036 4109 undique
3071 4038 3218 4093 velut
3253 4036 3564 4093 obliuieudo
3630 4048 3698 4089 ac
3733 4034 3853 4102 pal-

2261 4141 2442 4210 pando
2472 4136 2808 4200 demulcent;
2838 4135 3010 4189 donec
3037 4140 3152 4186 toto
3176 4145 3404 4200 corpore
3435 4127 3697 4191 renovad,
3728 4126 3852 4196 plu-

2261 4233 2365 4286 mis
2391 4231 2625 4299 undique
2666 4227 3062 4290 rellorentibus,
3092 4224 3423 4279 adolescant.
3471 4219 3563 4276 Sic
3608 4236 3704 4290 per
3745 4220 3851 4288 pitu

2263 4320 2428 4390 prolis
2453 4317 2769 4386 obsequium
2809 4325 3061 4384 tanquam
3088 4314 3262 4382 primo
3305 4312 3663 4381 pubescentes
3686 4305 3846 4370 ﬂore,

2259 4421 2316 4465 et
2349 4411 2521 4463 visum
2554 4407 2816 4476 recipiunt
2842 4413 2899 4458 et
2926 4403 3183 4458 volatum.
3821 4421 3824 4423 λ

574 4495 710 4550 illud
738 4470 890 4547 nobis
918 4492 1092 4547 valeat
1117 4491 1297 4560 objici,
1321 4491 1462 4561 quod
1493 4490 1780 4546 l‘harisaeis
1809 4492 2010 4546 dictum
2036 4501 2152 4546 est:
2187 4470 2236 4530 ί)
2331 4499 2443 4555 sed
2485 4497 2612 4568 quid
2643 4470 2902 4551 miramur
2931 4509 3166 4563 upupam
3211 4491 3597 4548 misericordia:
3637 4489 3847 4544 viscera

583 4607 602 4639 ι
637 4585 727 4641 Vm
757 4586 930 4647 vobis,
957 4586 1046 4652 qui
1075 4583 1314 4637 circuitis
1342 4599 1508 4647 mare,
1537 4593 1590 4638 et
1615 4584 1843 4648 aridam,
1867 4592 1925 4636 ut
1950 4582 2159 4640 faciatis

579 4693 746 4732 unum
782 4675 1144 4746 proselytum;
1179 4683 1378 4730 etcum
1413 4674 1585 4729 factus
1611 4673 1792 4740 fuerit,
1831 4673 2009 4730 facitis
2035 4691 2157 4729 eum

577 4771 749 4825 ﬁlium
780 4769 1036 4840 gehennam
1058 4767 1217 4837 duplo
1237 4782 1400 4836 quam
1429 4782 1522 4821 vos
1547 4765 1762 4838 (Matth.
1790 4767 1980 4844 xxm);
2019 4784 2035 4816 ι
2063 4767 2160 4820 sed

580 4862 632 4917 id
661 4861 861 4930 potius,
883 4859 1025 4929 quod
1051 4862 1115 4913 de
1138 4875 1193 4913 se
1218 4857 1426 4913 Veritas
1451 4857 1593 4912 Patri
1619 4857 1746 4911 dicit
1771 4875 1783 4910 :
1815 4875 1833 4908 ι
1866 4857 2001 4924 Quia
2025 4873 2159 4923 quos

578 4951 774 5007 dedisti
818 4951 970 5015 mihi,
1012 4965 1118 5005 non
1164 4950 1368 5020 perdidi
1409 4964 1475 5002 ex
1518 4948 1597 5003 eis
1625 4963 1948 5018 quemquam
1975 4948 2158 5017 (Joan.

579 5043 756 5108 xvut).
793 5059 810 5093 ι
863 5042 940 5095 De
974 5057 1081 5110 quo
1122 5051 1176 5096 et
1212 5041 1446 5096 Joannes
1485 5039 1612 5094 dicit
1659 5054 1672 5093 :
1727 5057 1744 5090 ι
1780 5039 1881 5106 Qui
1919 5055 2042 5095 cum
2083 5042 2162 5094 di-

580 5133 799 5186 lexisset
827 5119 975 5197 suos,
1005 5132 1056 5185 in
1090 5131 1249 5185 ﬁnem
1281 5131 1466 5185 dilexit
1491 5146 1584 5185 eos
1611 5130 1792 5201 (Joan.
1821 5131 1964 5200 xm).
1993 5149 2010 5181 ι

1084 5223 1248 5294 815
1285 5221 1511 5278 CAPUT
1551 5223 1666 5278 xv.

957 5313 1036 5369 De
1060 5316 1314 5384 pelicano,
1345 5325 1391 5370 et
1421 5315 1545 5386 quid
1571 5315 1782 5385 ﬁguret.

651 5403 864 5471 Quanto
893 5405 1123 5474 denique
1165 5419 1290 5459 suos
1315 5420 1500 5458 amore
1523 5404 1795 5468 dilexerit,
1826 5419 1920 5473 per
1955 5413 2162 5459 natura:

581 5510 692 5548 sua:
721 5496 829 5549 vim
873 5494 1037 5548 etiam
1082 5495 1361 5564 pelicanus
1406 5496 1658 5549 ostendit.
1708 5494 1804 5550 llic
1843 5496 1986 5549 enim
2027 5498 2158 5557 ales,

580 5587 722 5640 sicut
764 5588 983 5641 tradunt
1011 5587 1044 5639 ii
1095 5587 1184 5656 qui
1217 5588 1476 5643 rimandis
1499 5589 1810 5642 animalium
1843 5589 2162 5644 insudavere

583 5679 816 5732 naturis.
855 5689 1008 5732 natos
1045 5693 1170 5731 suos
1204 5679 1695 5733 incomparabiliter
1731 5678 1922 5740 diligit.
1960 5681 2053 5735 sed
2082 5680 2162 5734 di-

2261 4589 2576 4660 parentibus
2599 4586 2964 4647 exhibentem,
2991 4598 3113 4637 eum
3150 4583 3430 4637 videamus
3457 4592 3512 4636 et
3540 4579 3758 4634 fulicam
3789 4579 3844 4631 in

2260 4679 2420 4736 alieni
2466 4691 2683 4748 quoque
2731 4673 2944 4745 generis
2989 4671 3158 4726 fe.um
3207 4681 3508 4727 maternam
3553 4669 3847 4723 extendere

2260 4771 2548 4843 pietatem?
2607 4768 2760 4824 Sicut
2803 4766 2949 4821 enim
2997 4781 3026 4817 a
3083 4769 3398 4818 naturarum
3451 4763 3850 4818 scrutatoribus

2259 4861 2594 4930 perhibetur,
2626 4856 2823 4927 aquila,
2852 4871 2972 4924 qua:
2998 4854 3165 4926 816
3202 4853 3386 4922 regina
3413 4853 3612 4907 dicitur
3638 4853 3846 4913 avium,

2261 4954 2435 5028 pullos
2463 4969 2589 5007 suos
2617 4950 3032 5007 coruscantibus
3077 4948 3208 5002 solis
3237 4947 3405 5002 radiis
3441 4946 3651 5016 objicit,
3683 4954 3849 5014 atque

2264 5047 2316 5100 in
2342 5045 2484 5098 acris
2508 5043 2758 5096 vastitate
2781 5041 3028 5106 libratos,
3056 5040 3144 5110 pio
3175 5048 3394 5094 teneros
3415 5053 3593 5110 ungue
3618 5052 3850 5108 suspen-

2263 5135 2362 5189 dit.
2406 5132 2664 5201 Quisquis
2710 5143 2887 5185 autem
2938 5131 3149 5183 illorum
3200 5129 3520 5198 intrepidam
3565 5127 3850 5182 oculorum

2263 5225 2435 5280 aciem
2471 5222 2732 5278 iuotl'enso
2763 5220 2945 5276 tuendi
2979 5221 3164 5290 vigore
3199 5230 3519 5282 conservat,
3552 5219 3694 5273 hunc
3733 5233 3850 5271 ma-

2262 5327 2346 5372 ter
2383 5316 2450 5371 ad
2492 5313 2894 5385 propagandum
2939 5313 3070 5382 regii
3121 5312 3287 5366 decus
3331 5310 3545 5380 generis
3589 5310 3845 5365 idoneum

2254 5404 2480 5474 iudicat.
2532 5403 2590 5459 Si
2626 5404 2749 5473 quis
2789 5411 2968 5457 autem
3000 5401 3202 5455 lumina
3243 5415 3341 5456 sua
3373 5399 3503 5456 solis
3531 5399 3685 5453 radio
3726 5413 3849 5468 pee-

2257 5495 2480 5550 strictus
2523 5491 2810 5554 inflexerit,
2852 5490 2999 5544 velut
3040 5492 3290 5558 degener,
3339 5498 3395 5542 et
3445 5488 3696 5559 indignus
3735 5495 3846 5541 tam

2259 5585 2545 5641 excellenti
2575 5583 2854 5638 nobilitate
2873 5581 3191 5650 projicitur;
3221 5591 3274 5634 et
3301 5591 3558 5650 tanquam
3599 5578 3846 5634 exhzero-

2257 5676 2417 5734 datus
2461 5692 2528 5734 ac
2577 5675 2794 5739 spurius
2828 5675 2968 5730 inter
3017 5674 3156 5730 ﬁlios
3197 5689 3303 5730 non
3356 5673 3606 5729 habetu'.
3649 5671 3718 5727 Et
3751 5671 3844 5739 cui
