4138 6320
347 389 450 472 777

346 622 558 693 generis
612 621 980 676 hatreditatem
1027 623 1422 692 quodammodo
1467 623 1607 678 inter
1658 624 1918 693 ingenuos

337 712 486 766 'ﬁlios
531 726 636 765 non
683 711 924 765 sortitur.
974 710 1079 765 Sed
1123 711 1420 780 aquilinum
1468 711 1612 766 hunc
1648 714 1849 782 pullum
1887 729 1918 767 a

332 801 589 870 genuina:
617 800 878 870 prosapiae
907 800 1234 855 sublimitate
1260 799 1525 868 deiectum
1550 802 1754 872 plebeia
1781 820 1921 888 (ιιιίηέ

328 880 468 945 ἶόεηη
509 892 642 955 avis,
680 889 841 944 fulica
886 890 1153 955 videlicet,
1183 905 1306 960 qua:
1332 889 1518 945 Graece
1553 892 1748 948 dicitur
1774 886 1915 965 eam,

345 981 491 1036 velut
516 982 821 1051 ad0ptivum
861 983 1120 1051 suscipit,
1153 991 1207 1037 et
1234 993 1488 1052 tanquam
1514 985 1754 1037 naturale
1781 987 1920 1040 inter

344 1073 591 1142 proprios
616 1074 756 1127 fetus
786 1073 1078 1128 clementer
1102 1074 1324 1128 enutrit.
1354 1075 1421 1128 Et
1445 1075 1546 1128 hoc
1576 1076 1734 1129 modo
1757 1092 1917 1146 quem

340 1163 520 1230 aquila
543 1164 834 1218 crudeliter
853 1174 1091 1232 paterna:
1112 1164 1238 1219 fecit
1261 1166 1590 1221 haereditatis
1621 1181 1914 1234 exsortem,

342 1251 442 1304 ista
469 1251 567 1306 sibi
592 1254 743 1321 quasi
786 1266 1044 1309 maternae
1078 1255 1295 1324 pietatis
1329 1255 1524 1310 intuitu
1551 1257 1664 1312 suis
1698 1258 1919 1327 adopta-

340 1343 418 1396 vit
443 1345 565 1401 ﬁliis
591 1346 946 1402 culmi-edem.

400 1448 403 1450 '
914 1438 1138 1494 CAPUT
1177 1441 1336 1496 XVII.

749 1528 827 1583 De
853 1529 1145 1585 vulturibus
1170 1543 1216 1586 et
1250 1524 1536 1588 mustella;

329 1613 336 1620 Δ
408 1619 479 1674 Ut
526 1619 686 1690 igitur
736 1636 885 1676 arma
934 1623 1196 1680 virtutum
1245 1626 1297 1679 in
1346 1627 1574 1696 spiritali
1623 1632 1916 1688 certamine

334 1708 608 1762 constituti
645 1709 804 1763 etiam
836 1726 864 1763 a
895 1711 1206 1768 volucribus
1248 1724 1578 1782 mutuemur,
1632 1719 1770 1774 sicut
1812 1720 1913 1776 bu-

335 1815 570 1866 manam,
621 1799 728 1854 imo
769 1801 1129 1857 Christianam
1177 1806 1608 1876 obstupescimus
1655 1811 1709 1864 in
1753 1810 1914 1866 fulica

1097 431 1105 438 -
1194 418 1434 477 orasc.
1475 420 1583 475 ιιι.
1622 399 1689 463 .4.
1725 424 1814 480 ne
1854 403 2044 481 eoso'
2071 425 2410 483 neumosr
2451 426 2744 486 srx'rus.

346 541 444 600 per
485 527 854 584 inﬁrmitatem
883 527 1102 585 luminis
1130 529 1198 584 ab
1238 530 1567 600 ingenuitate
1593 531 1922 600 destituitur,
1953 543 1998 600 Α
2031 543 2156 599 trat,
2194 548 2291 603 per
2315 549 2500 590 aurem
2531 535 2835 606 egreditur;
2863 537 3010 605 quia,
3041 544 3099 593 ut
3131 537 3205 593 ita
3240 537 3432 606 fatear,
3464 558 3593 598 con-
3681 591 3690 598 .

3484 421 3586 491 ira

2022 632 2208 693 ceptus
2232 637 2369 677 esca:
2390 622 2620 677 fructum
2648 624 2788 694 parit
2807 624 3154 692 obedientiae;
3180 635 3233 683 et
3256 643 3414 698 quem
3441 631 3594 686 cibus

2021 713 2228 767 edendo
2251 711 2398 766 velut
2433 713 2784 782 concipiendo
2824 714 3074 782 delectat,
3104 716 3254 772 labor
3279 719 3595 776 obedientite

2021 801 2172 871 quasi
2204 802 2547 870 parturiendo
2573 802 2778 874 fatigat.

2089 891 2246 960 ASpis
2275 901 2454 946 autem
2484 903 2726 959 econtra,
2750 895 3002 964 quoniam
3025 896 3472 957 incantationibus
3495 918 3593 958 au-

2020 994 2109 1035 res
2130 982 2367 1047 obturat,
2405 982 2688 1038 obstinatae
2721 985 2914 1038 mentis
2943 985 3361 1043 inobedientiam
3387 992 3585 1061 signat.

2020 1067 2155 1144 Nam
2177 1086 2298 1124 cum
2327 1087 2449 1126 eam
2479 1073 2545 1126 ad
2571 1087 2634 1128 os
2662 1073 2930 1144 speluncae
2969 1089 3201 1142 marsus,
3249 1087 3307 1131 ut
3347 1083 3588 1151 egrediav

2020 1141 2126 1224 tur,
2155 1159 2424 1226 incantat,
2481 1161 2569 1215 illa
2596 1141 2843 1232 protinus
2876 1178 3035 1216 unam
3063 1179 3246 1219 aurem
3278 1177 3436 1222 terra:
3463 1170 3591 1224 stri-

2019 1248 2158 1302 ctius
2188 1249 2466 1318 imprimit,
2510 1251 2665 1305 alteri
2718 1251 2947 1307 caudam
2988 1254 3134 1308 velut
3187 1255 3593 1324 impenetrabile

2020 1335 2296 1392 sulllamen
2321 1341 2560 1408 opponit.
2598 1341 2795 1410 Sicque
2818 1343 2942 1397 dum
2977 1359 3079 1398 vox
3117 1346 3345 1401 veneﬁci
3380 1351 3589 1424 aurium

2017 1427 2136 1498 ejus
2165 1428 2424 1483 interiora
2457 1446 2561 1484 non
2588 1441 2856 1500 penetrat,
2888 1433 2976 1486 illa
3015 1433 3070 1488 in
3093 1449 3256 1490 cavea
3288 1452 3382 1491 sua
3405 1439 3593 1494 immo-

2017 1518 2140 1574 bilis
2176 1530 2503 1589 perseverat.
2550 1522 2720 1590 Hujus
2768 1539 2928 1592 porro
2982 1527 3250 1595 serpentis
3299 1528 3587 1585 multorum

2016 1610 2255 1680 pravitas
2279 1612 2556 1666 hominum
2589 1614 2833 1667 imitatur
2861 1615 3183 1686 exemplum,
3218 1617 3329 1685 qui,
3357 1619 3480 1673 dum
3504 1621 3592 1675 hic

2019 1709 2232 1756 terrena
2258 1702 2508 1773 diligunt,
2535 1704 2641 1760 illic
2688 1707 3081 1776 in-posterioris
3109 1709 3230 1763 vitae
3250 1710 3590 1781 longaevitate

2018 1807 2127 1846 non
2179 1793 2474 1859 conﬁdunt,
2527 1797 2680 1866 quasi
2741 1806 2938 1852 terram
2986 1809 3041 1854 et
3105 1803 3330 1856 caudam
3367 1805 3590 1860 auribus

331 1891 584 1960 pietatem
606 1932 621 1957 ,
667 1892 745 1947 sic
779 1893 939 1948 etiam
986 1895 1146 1950 altius
1177 1896 1510 1952 admiremur
1539 1899 1821 1956 fecundam
1855 1905 1906 1958 in

2012 1883 2144 1948 suis,
2181 1899 2248 1938 ne
2275 1901 2374 1947 vox
2403 1888 2800 1955 prtedicationis
2827 1891 3175 1960 ingrediatur,
3217 1903 3512 1964 opponunt.

241 1991 247 1998 '
317 1967 631 2036 ’viilturibu‘s
660 1983 1043 2052 virginitatem.
1088 1985 1450 2042 Perhibentur
1484 1990 1626 2044 enim
1674 1993 1912 2050 vultures

329 2073 647 2128 ‘caaterarum
695 2075 872 2129 avium
937 2091 1090 2132 more
1135 2079 1441 2132 concubitui
1472 2081 1780 2139 nullatenus
1827 2085 1910 2138 in-

330 2160 576 2231 dulgere,
612 2163 704 2216 sed
749 2164 952 2233 absque
996 2165 1099 2219 ulla
1148 2181 1368 2235 prorsus
1418 2171 1699 2226 masculini
1750 2188 1910 2229 sexus

329 2253 648 2308 admistione
676 2257 993 2326 concipere;
1050 2266 1126 2324 ut,
1160 2261 1204 2314 si
1248 2261 1315 2314 ad
1358 2263 1620 2319 castitatis
1650 2265 1911 2322 habendae

329 2345 644 2398 munditiam
693 2347 928 2401 humana
977 2364 1075 2404 nos
1122 2351 1367 2420 exempla
1424 2369 1528 2407 non
1582 2367 1908 2425 provocant,

311 2435 519 2489 saltem
557 2439 621 2490 de
647 2437 953 2507 virginitate
995 2439 1264 2494 vulturum
1306 2445 1558 2511 prodiens
1603 2448 1775 2514 pudor
1801 2448 1906 2504 im.

328 2527 526 2596 pellat;
563 2542 662 2582 nec
693 2537 898 2583 tantum
929 2545 1044 2594 eos,
1073 2532 1162 2601 qui
1190 2548 1257 2587 ex
1284 2534 1384 2590 bac
1413 2533 1614 2591 fuerint
1645 2542 1904 2608 saupenda

325 2617 700 2688 singularitatc
742 2621 1046 2690 progeniti,
1093 2623 1273 2678 brevis
1312 2625 1433 2679 vitae
1465 2625 1582 2680 ﬁnis
1618 2639 1903 2699 angustat,

309 2704 447 2760 'cum
477 2721 644 2777 usque
673 2709 739 2762 ad
772 2718 986 2762 centum
1017 2725 1187 2766 annos
1224 2713 1460 2784 longreva
1493 2730 1550 2770 se
1579 2731 1764 2774 eorum
1795 2720 1902 2774 vita

322 2795 606 2862 producat.

305 2887 310 2892 “
394 2885 536 2954 Apes
560 2886 721 2940 etiam
748 2888 888 2943 sicut
916 2899 1040 2945 sunt
1070 2891 1336 2949 immunes
1377 2909 1406 2948 a
1437 2896 1604 2962 coitu,
1640 2897 1712 2952 ita
1740 2901 1902 2956 etiam

319 2974 633 3033 nullatenus
669 2994 1090 3051 corrumpuntur
1121 2984 1171 3037 in
1207 2993 1394 3054 partu;
1430 2996 1484 3040 et
1518 2987 1660 3043 sicut
1696 2991 1746 3052 in
1774 3007 1904 3047 con-

322 3076 480 3134 reptu
510 3083 672 3123 sexus
697 3072 848 3125 sexui
881 3087 986 3126 non
1017 3075 1294 3140 miscetur,
1324 3077 1403 3131 sic
1444 3079 1494 3132 in
1522 3080 1746 3136 edendis
1783 3083 1903 3138 feti-

321 3157 422 3212 bus
461 3175 800 3231 nequaquam
839 3164 1118 3235 virginalis
1165 3167 1446 3236 integritas
1491 3171 1740 3227 violatur.
1783 3173 1898 3229 Non

2575 1978 2802 2033 CAPUT
2840 1979 3016 2034 XVI".

2470 2069 2547 2124 De
2573 2073 2749 2124 ascida
2773 2082 2818 2126 et
2849 2071 3079 2143 alcyone.

2083 2157 2187 2213 Sed
2211 2159 2352 2214 sicut
2371 2159 2514 2230 aspis
2540 2175 2632 2215 eos
2662 2163 2914 2230 exprimit
2940 2165 3028 2232 qui
3055 2179 3146 2219 cor
3170 2165 3222 2220 in
3256 2171 3487 2224 terrenis
3519 2185 3582 2227 ac

2011 2250 2396 2316 temporalibus
2433 2250 2622 2320 ﬁgunt,
2656 2252 2734 2306 sic
2781 2254 2962 2308 ascida
2996 2254 3191 2329 [asida]
3225 2258 3420 2329 figurat
3464 2276 3580 2328 eos,
3672 2286 3676 2288 ·

2011 2341 2100 2409 qui
2133 2357 2282 2410 spem
2313 2358 2465 2396 suam
2499 2343 2551 2396 in
2583 2343 2891 2400 cmlestibus
2913 2357 3138 2416 ponunt.
3177 2351 3271 2406 Est
3293 2354 3434 2412 enim
3463 2355 3584 2408 auia

2008 2430 2115 2483 mal
2139 2441 2432 2500 pennatam
2454 2432 2694 2502 quidem,
2737 2435 2831 2489 sed
2861 2437 3039 2492 volare
3087 2455 3195 2495 non
3227 2441 3442 2507 valens;
3497 2454 3582 2499 est

2006 2522 2169 2576 etiam
2202 2524 2523 2578 naturaliter
2574 2523 2892 2580 obliviosum
2945 2544 3008 2583 ac
3050 2533 3323 2599 memoriae
3376 2535 3581 2590 viribus

2006 2626 2273 2679 vacuum;
2312 2621 2368 2667 et
2395 2615 2515 2670 ideo
2548 2631 2822 2687 nunquam
2858 2620 3020 2688 parit,
3051 2620 3153 2674 nisi
3186 2637 3307 2677 cum
3347 2623 3400 2677 in
3433 2634 3581 2679 astra

2004 2705 2343 2775 prospiciens
2392 2707 2779 2778 vergiliasjam
2812 2726 3035 2782 surgere
3076 2713 3129 2767 in
3169 2717 3451 2785 superiora
3491 2731 3583 2772 co-
3668 2757 3672 2760 -

2003 2799 2268 2866 gnoverit.
2291 2798 2502 2854 IEstivo
2526 2801 2704 2870 itaque
2740 2811 2997 2873 tempore,
3025 2803 3178 2872 juxta
3221 2807 3438 2862 Junium
3472 2809 3578 2864 sci-

2004 2887 2126 2942 licet
2169 2904 2428 2952 mensem,
2483 2893 2644 2961 parit,
2697 2903 2752 2947 ct
2783 2894 2834 2947 in
2871 2896 3002 2950 solis
3033 2897 3246 2952 fervore
3293 2900 3573 2956 conﬁdens

2001 2991 2100 3032 ova
2128 2994 2222 3032 sua
2259 2979 2444 3035 sabulo
2474 2981 2556 3035 vel
2589 2984 2769 3037 arenis
2805 2985 3106 3051 abscondit,
3133 2999 3212 3053 ut,
3240 2989 3365 3044 dum
3402 2998 3577 3044 mater

2001 3069 2082 3124 sui
2112 3069 2254 3125 fetus
2295 3071 2631 3128 obliviscitur
2659 3085 2714 3130 ct
2741 3075 2917 3131 locum
2967 3080 3222 3149 deposita:
3263 3082 3463 3139 sobolis
3489 3085 3572 3140 iu-

2003 3160 2216 3228 tercipit
2240 3175 2459 3229 prorsus
2479 3163 2701 3231 oblivio,
2734 3168 2885 3222 calor
2911 3167 3040 3224 solis
3087 3181 3140 3224 et
3169 3171 3457 3228 clementia
3488 3177 3565 3229 si-

321 3251 462 3304 εηίη,
491 3253 668 3316 vulva,
711 3255 823 3320 sed,
857 3266 916 3310 ut
945 3258 1018 3312 ita
1047 3256 1253 3328 loquar,
1291 3260 1460 3314 bucca
1495 3263 1734 3319 sobolem
1769 3280 1893 3334 pro-
1926 3240 1970 3301 C
2002 3253 2110 3308 mul
2142 3255 2283 3310 aeris
2311 3271 2410 3311 ova
2442 3256 2792 3323 confovcant,
2838 3275 2899 3315 ac
2938 3260 3084 3316 velut
3111 3263 3175 3318 ad
3203 3274 3460 3321 maternae
3488 3283 3570 3322 sc-

320 3351 531 3406 creant,
559 3352 613 3399 et
644 3343 860 3399 illibatae
913 3361 1131 3415 prorsus
1165 3357 1219 3402 et
1256 3349 1476 3419 integrae
1502 3351 1570 3405 ab
1599 3353 1745 3406 omni
1779 3369 1897 3408 cor-

320 3431 540 3500 ruptela
565 3435 815 3505 contagio
842 3448 1206 3504 perseverant.
1240 3438 1372 3492 Nam
1411 3456 1505 3495 ore
1534 3441 1670 3497 filios
1698 3458 1728 3497 e
1756 3443 1896 3500 foliis

320 3518 521 3589 legunt,
562 3532 616 3576 et
653 3523 730 3577 sic
760 3539 1088 3580 successum:
1119 3529 1449 3596 posteritatis
1477 3547 1703 3587 examen
1731 3534 1894 3589 emit-

322 3617 457 3663 lunt.

390 3697 495 3752 Sed
539 3713 637 3753 cur
679 3715 777 3756 nos
823 3702 1431 3774 virginitatis.fecundae
1477 3709 1794 3767 miraculum
1842 3714 1893 3769 in

318 3787 622 3845 volatilibus
653 3799 861 3847 tantum
888 3796 1264 3865 praedicamus,
1293 3814 1416 3854 cum
1454 3801 1505 3854 in
1534 3802 1730 3858 vilibus
1758 3820 1890 3874 quo-

217 3918 220 3919 ν
316 3895 423 3949 que
447 3881 725 3950 reptilibus
757 3896 1072 3958 conceptum
1092 3931 1105 3953 ,
1153 3891 1312 3945 simul
1352 3901 1408 3947 et
1438 3903 1649 3962 partum
1677 3912 1781 3951 non
1816 3899 1893 3953 le-

315 3969 436 4024 vius
461 3971 828 4027 admiremur?
856 3974 1098 4032 Mnstella
1127 3979 1344 4049 quippe,
1371 3981 1508 4036 sicut
1535 3985 1744 4054 physici
1773 4001 1896 4052 per-

316 4057 523 4124 hibent,
548 4077 644 4129 per
666 4077 729 4118 os
751 4065 970 4133 quidem
995 4070 1249 4138 concipit,
1275 4071 1370 4125 sed
1391 4085 1490 4140 per
1513 4087 1700 4128 aurem
1729 4078 1890 4145 parit.

311 4145 414 4203 Cui
445 4151 710 4219 profecto,
745 4155 790 4208 si
826 4155 1044 4227 dignum
1079 4160 1326 4216 ducimus
1356 4162 1648 4221 immundis
1678 4181 1743 4221 ac
1794 4170 1895 4222 mi-

313 4242 552 4296 nusculis
582 4244 740 4300 rebus
789 4247 1022 4304 humana
1070 4251 1336 4319 conferre,
1385 4269 1622 4325 congrue
1667 4257 1893 4316 forsitan

309 4331 573 4398 quosdam
610 4333 804 4392 fratres
853 4339 1030 4393 minus
1055 4343 1274 4410 quidem
1302 4344 1631 4415 jejunautes,
1664 4351 1758 4406 sed
1789 4352 1895 4405 bu-

312 4417 514 4472 militer
564 4421 906 4491 obedientes,
960 4443 1248 4498 possumus
1298 4445 1572 4504 coeptare.
1628 4436 1736 4493 Per
1781 4441 1894 4496 oris

285 4510 508 4581 quippe
542 4525 857 4586 conceptum
886 4519 1236 4592 intelligimus
1265 4526 1470 4594 cibum,
1511 4530 1651 4585 sicut
1685 4529 1892 4590 Veritas

311 4599 482 4654 dicit:
520 4619 538 4653 ι
577 4603 765 4671 Omne,
793 4609 936 4677 quod
969 4609 1022 4664 in
1048 4627 1111 4665 os
1143 4613 1324 4677 intrat,
1363 4614 1418 4670 in
1451 4629 1693 4674 ventrem
1721 4621 1886 4690 vadit,

309 4697 367 4743 et
408 4689 462 4744 in
507 4706 778 4750 secessum
817 4700 1082 4754 emittitur
1117 4701 1333 4774 (Matth.
1372 4709 1485 4776 xv).
1531 4726 1550 4760 ι
1593 4707 1698 4764 Per
1741 4714 1890 4768 auris

307 4794 441 4836 vero
465 4794 680 4854 partum
705 4788 950 4858 signatur
967 4793 1298 4861 obedientia,
1322 4797 1464 4851 sicut
1487 4800 1746 4870 scriptum
1769 4812 1851 4858 est
1872 4821 1886 4857 :

313 4888 334 4922 ε
375 4871 630 4943 Populus,
655 4893 814 4947 quem
844 4896 949 4935 non
988 4885 1248 4954 cognovi,
1279 4887 1500 4943 servivit
1527 4891 1686 4957 mihi,
1720 4895 1888 4950 obau-

307 4959 420 5012 ditu
451 4963 598 5016 auris
620 4964 856 5022 obedivit
883 4971 1011 5025 mihi
1038 4969 1213 5042 (Psal.
1237 4979 1393 5045 xvii).
1428 4995 1447 5028 ι
1488 4976 1626 5034 Sunt
1653 4996 1888 5054 namque

307 5050 546 5111 nonnulli
573 5053 790 5123 fratres,
817 5060 906 5128 qui
935 5060 1018 5114 vel
1047 5076 1158 5130 prae
1183 5063 1488 5121 valetudine
1514 5071 1778 5139 corporis,
1797 5050 1888 5127 vel

306 5144 504 5198 mentis
531 5144 824 5217 fragilitate
844 5151 1090 5220 jejunare
1115 5156 1202 5209 vix
1227 5158 1392 5228 811
1423 5170 1668 5230 possunt,
1696 5165 1788 5219 sed
1819 5167 1889 5234 ad

305 5234 711 5291 exsecutionem
735 5239 1072 5308 obedientia,
1103 5260 1438 5316 quaecunque
1463 5249 1569 5305 illis
1593 5252 1886 5324 injungun-

307 5331 424 5388 tur,
443 5323 718 5383 ferventer
751 5344 811 5386 se
853 5334 1168 5405 accingunt;
1201 5346 1258 5391 et
1299 5353 1408 5406 quo
1449 5340 1677 5397 validius
1723 5323 1888 5400 robur

303 5424 404 5479 per
432 5413 686 5471 alimenta
718 5419 1044 5490 percipiunt,
1078 5437 1143 5478 eo
1171 5425 1435 5494 gravioris
1457 5428 1780 5486 obedientite
1808 5431 1886 5486 la-

303 5503 466 5557 bores
506 5502 706 5560 ferunt.
754 5508 858 5562 Per
901 5525 964 5566 os
1002 5525 1132 5582 ergo
1166 5514 1345 5569 cibum
1394 5525 1648 5586 tanquam
1697 5535 1882 5577 semen

303 5591 699 5650 delectabiliter
731 5599 938 5654 edendo
960 5603 1286 5671 concipiunt,
1325 5604 1477 5673 cujus
1503 5606 1606 5661 cibi
1649 5606 1882 5664 fructum

303 5698 429 5738 cum
475 5684 659 5741 labore
703 5701 799 5756 per
843 5692 1206 5747 obedientiam
1255 5702 1510 5764 tanquam
1552 5711 1649 5766 per
1697 5712 1881 5754 aurem

282 5775 668 5845 parturientes
695 5779 966 5834 emittunt.
1008 5783 1202 5838 Semen
1233 5799 1362 5856 ergo
1401 5785 1543 5856 quod
1578 5802 1674 5857 per
1700 5804 1761 5846 os
1803 5792 1881 5848 in-

586 5871 854 5938 PATIOL.
902 5877 942 5936 C
958 5875 1150 5943 XLV.

1999 3346 2242 3401 dulitatis
2296 3349 2600 3405 accubitum
2649 3350 2791 3408 fetus
2854 3364 3121 3426 erumpat.
3170 3355 3572 3414 Obstetricante

2000 3439 2165 3508 igitur
2191 3441 2323 3506 sole,
2352 3451 2651 3498 nascuntur
2675 3434 2876 3501 'ascidae
2897 3437 3046 3517 pulli,
3076 3448 3223 3504 velut
3254 3452 3370 3521 ipsa
3400 3462 3573 3506 matre

1997 3531 2226 3600 desuper
2248 3533 2550 3588 accubante
2572 3535 2794 3591 confoti.
2813 3537 2938 3593 llzrc
2961 3539 3142 3610 itaque
3164 3541 3417 3608 volucris,
3444 3543 3571 3597 dum

1996 3621 2281 3677 oblivionis
2301 3625 2533 3692 preprize
2558 3629 2775 3682 conscia
2807 3630 2872 3684 de
2915 3645 2973 3685 se
3003 3632 3244 3701 paritura
3272 3631 3377 3686 diﬁi
3399 3634 3478 3699 lit,
3502 3633 3570 3688 ad

1997 3714 2192 3769 caelum
2219 3716 2369 3785 prius
2399 3717 2583 3773 oculos
2603 3720 2781 3791 erigit,
2817 3729 2874 3775 ut
2918 3721 3117 3780 fetibus
3148 3725 3262 3780 suis
3297 3727 3437 3780 aeris
3466 3725 3576 3781 cle-

1996 3804 2199 3858 mentia
2231 3805 2494 3876 suppleat,
2519 3811 2662 3877 quod
2682 3820 2922 3866 materna
2951 3813 3217 3870 stoliditas
3248 3825 3426 3886 negat.
3459 3816 3569 3873 Nos

1995 3896 2178 3960 etiam,
2207 3907 2266 3951 ut
2299 3913 2367 3951 ex
2393 3901 2550 3955 nobis
2577 3902 2702 3956 boni
2723 3904 2903 3973 operis
2929 3920 3146 3975 germen
3168 3918 3437 3977 erumpat,
3463 3923 3569 3963 non

1996 3984 2304 4041 haesitemus
2332 3988 2572 4046 favorem
2596 3991 2761 4045 divini
2793 3992 3029 4062 Spiritus
3052 3997 3117 4050 de
3141 3997 3454 4052 coalestibus
3475 3997 3568 4052 ﬂa~

1996 4074 2187 4143 gitare,
2219 4078 2559 4139 utcordibus
2579 4081 2800 4146 nostris,
2830 4099 2948 4152 (λικε
2974 4089 3190 4156 prppria
3220 4076 3443 4144 fatuitas
3470 4090 3567 4144 hc~

1993 4163 2161 4232 betat,
2193 4166 2308 4236 ipse
2337 4168 2478 4224 vires
2502 4171 2724 4227 edendae
2765 4174 3057 4233 salutifera:
3099 4179 3266 4248 prolis
3297 4181 3566 4236 infundat.

2063 4257 2194 4313 Avis
2220 4260 2402 4324 etiam,
2434 4275 2555 4330 qua:
2584 4262 2780 4334 alcyon
2805 4264 3028 4334 dicitur,
3047 4269 3101 4323 in
3121 4270 3344 4325 edendis
3370 4271 3569 4327 fetibus

1995 4345 2256 4402 mirabilis
2281 4350 2619 4420 perhibetur.
2650 4353 2717 4409 Et
2754 4354 2896 4410 sicut
2924 4355 3037 4424 illa,
3089 4375 3250 4431 quam
3309 4364 3565 4430 diximus,

1994 4441 2238 4495 aestivum
2259 4443 2453 4511 quaerit
2483 4444 2539 4500 in
2564 4446 2774 4503 edendo
2806 4449 3076 4518 calorem;
3108 4455 3188 4509 sic
3220 4456 3323 4510 ista
3349 4458 3566 4512 brnma-
3612 4519 3614 4521 ,

1996 4528 2098 4584 lem
2128 4531 2278 4602 eligit
2304 4549 2412 4590 non
2440 4536 2558 4592 sine
2582 4539 2806 4595 marinis
2827 4541 3098 4600 littoribus
3129 4546 3382 4603 hiemem.
3430 4550 3562 4606 Bru-

1995 4620 2121 4674 mali
2159 4623 2360 4694 quippe
2401 4633 2645 4698 tempore
2671 4629 2726 4685 in
2757 4645 2922 4687 arena
2965 4636 3162 4691 marini
3216 4637 3412 4695 Litteris
3441 4655 3563 4714 .ova

1994 4710 2235 4779 deponit,
2270 4729 2392 4770 cum
2419 4718 2670 4776 videlicet
2697 4723 3055 4792 procellarum
3083 4729 3312 4800 impetus
3357 4711 3562 4788 ferven-

1993 4800 2100 4854 tius
2139 4801 2192 4855 in
2223 4805 2468 4862 cumulos
2496 4808 2760 4879 elevatur,
2802 4829 2866 4869 ac
2901 4814 3171 4871 littoribus
3209 4819 3438 4875 validior
3466 4819 3563 4877 ﬁu-

1992 4898 2112 4945 ctus
2136 4892 2380 4950 illiditur.
2405 4898 2535 4966 Sed,
2548 4915 2581 4956 o
2596 4917 2843 4972 superna:
2857 4905 3223 4976 dispositionis
3241 4913 3561 4979 sumendum

1991 4982 2148 5039 valde
2201 4987 2559 5046 miraculum!
2595 5008 2719 5049 mox
2771 5003 2828 5049 ut
2863 4996 3051 5066 alcyon
3099 5013 3262 5068 super
3317 5000 3560 5058 littoreas

1992 5085 2186 5129 arenas
2205 5073 2374 5152 818
2404 5094 2505 5134 ova
2528 5081 2861 5152 deposuerit,
2884 5087 3277 5153 quantumlibet
3300 5093 3559 5159 undosus,

1991 5166 2327 5233 quantalibet
2351 5170 2424 5223 sit
2449 5179 2769 5248 tempestate
2791 5190 3108 5244 concussus,
3137 5180 3344 5249 placida
3368 5194 3558 5253 pontus

1989 5255 2376 5323 tranquillitate
2404 5259 2655 5316 mitescit.
2678 5262 2950 5322 Elatioues
2970 5266 3228 5324 fluctuum
3245 5275 3554 5340 concidunt,

1991 5347 2045 5394 et
2091 5357 2280 5398 omnes
2335 5345 2628 5404 furentium
2676 5362 2959 5410 ventorum
3003 5359 3246 5416 turbines
3303 5366 3554 5434 conquie»

1991 5443 2179 5499 scunt;
2209 5445 2263 5490 et
2291 5437 2463 5495 donec
2516 5443 2632 5497 avis
2679 5446 2794 5501 inec
2823 5463 2924 5504 ova
2961 5464 3058 5504 sua
3107 5453 3550 5528 confovet,mar£

1995 5528 2344 5597 tranquillum
2370 5541 2424 5586 et
2449 5535 2689 5602 quietum
2726 5538 2892 5607 jacet.
2923 5543 3140 5614 Septem
3174 5563 3338 5618 porro
3367 5551 3550 5607 diebus

1990 5617 2148 5672 editis
2168 5621 2284 5674 ovis
2311 5621 2604 5692 incumbit;
2640 5641 2844 5698 septem
2871 5649 3102 5704 quoque,
3143 5617 3423 5709 postquam
3449 5650 3547 5694 nat;

1989 5718 2135 5774 sunt,
2190 5712 2362 5780 pullos
2414 5720 2640 5774 enutrit.
2696 5722 2806 5778 line
2833 5727 2977 5781 enim
3028 5727 3331 5786 brevissimi
3383 5734 3548 5801 spatie-

1988 5800 2244 5868 temporis
2267 5803 2599 5879 adolescunt,
2625 5813 2938 5884 alarumque
2964 5819 3201 5888 remigiis
3222 5800 3436 5874 avolare
3459 5833 3543 5893 pu-

2877 5911 2953 5970 ‘25
