4138 6320
324 464 423 522 781

1187 450 1429 511 OPUSC.
1474 451 1579 507 Lll.
1618 481 1684 492 --
1712 449 1799 504 DF.
1840 443 2019 502 BONO
2060 441 2398 500 RELlGlOSl
2441 439 2735 499 STATUS.

3486 420 3587 500 7a

321 594 446 637 nem
472 576 616 633 enim
665 576 864 630 terram
916 571 1085 626 exivit
1134 584 1299 624 sonus
1333 582 1545 631 eorum,
1588 564 1723 619 etin
1756 562 1890 614 lines
1917 560 1968 617 Α
1995 572 2090 625 per
2140 554 2401 610 circulum
2447 554 2813 637 quadraginta
2846 553 3053 609 dierum
3104 551 3439 626 totidemque
3487 573 3590 614 no-

325 672 475 725 orhis
504 678 661 722 terra:
687 666 848 720 verba
885 678 1070 718 eorum
1104 659 1277 731 (ρειιι.
1310 658 1487 728 xvm).
1526 676 1543 707 ι
1575 656 1676 723 Qui
1724 654 1891 708 etiam

321 759 486 815 dicit:
519 778 535 809 ι
560 759 667 812 Deo
697 765 872 810 autem
895 754 1116 824 gratias,
1138 752 1226 821 qui
1256 751 1400 803 dedit
1439 750 1592 803 nobis
1616 746 1896 801 victoriam

330 834 409 904 in.
437 848 653 902 Christo
685 846 812 899 Jesu
839 844 1064 899 Domino
1087 854 1304 905 nostro;
1339 850 1393 894 et
1445 840 1665 896 odorem
1697 838 1901 893 ιιοιιιῑω

321 954 432 995 sua:
456 935 821 991 tuanil‘cstavit
842 950 937 1005 per
967 948 1066 987 nos
1091 934 1143 986 in
1188 934 1333 986 oumi
1368 932 1507 994 loco,
1536 932 1662 998 quia
1692 928 1897 984 Christi

323 1028 500 1083 bonus
527 1028 662 1081 odor
688 1042 873 1079 suazus
898 1026 1005 1078 Deo
1037 1026 1088 1078 in
1123 1024 1185 1077 iis
1218 1024 1305 1091 qui
1339 1023 1469 1077 salvi
1495 1022 1644 1083 (inut,
1671 1031 1725 1075 et
1756 1020 1808 1073 in
1838 1020 1901 1073 iis

321 1119 412 1187 qui
446 1125 707 1187 pereunt;
758 1115 878 1168 aliis
905 1115 1118 1183 quidem
1166 1113 1300 1167 odor
1352 1113 1540 1164 mortis
1566 1112 1616 1164 iu
1650 1122 1898 1173 mortem,

319 1208 441 1262 aliis
468 1209 604 1260 odor
632 1207 756 1259 vitae
782 1207 847 1260 ad
872 1210 1033 1257 vitam
1067 1204 1147 1271 (ΙΙ
1178 1203 1300 1258 Cor.
1336 1203 1418 1271 ιι).
1452 1223 1469 1251 ι
1509 1202 1605 1255 llic
1627 1211 1706 1254 est
1739 1201 1903 1270 igitur

316 1300 455 1352 odor
468 1296 764 1366 Spiritualis
785 1296 988 1365 gratim,
1006 1295 1117 1347 lucc
1137 1293 1428 1363 fragrantia
1448 1291 1637 1346 salutis
1656 1291 1902 1343 humana:

320 1402 479 1455 quam
504 1387 763 1455 panthera
787 1385 1023 1439 cwlcstis
1044 1393 1274 1445 eructat,
1300 1393 1354 1436 ιιι
1382 1383 1447 1435 ad
1476 1398 1534 1435 se
1561 1381 1705 1434 ieras
1736 1380 1903 1431 silva—

321 1493 465 1541 rum,
486 1479 585 1531 hoc
598 1486 703 1540 est,
726 1475 961 1545 gentimu
986 1474 1380 1528 multitudinem
1405 1474 1602 1525 trahat.
1629 1470 1787 1526 Solus
1810 1485 1902 1523 au-

322 1576 427 1619 tem
458 1568 619 1620 draco
648 1566 700 1619 in
731 1566 1096 1619 subterrancte
1135 1563 1342 1617 scrobis
1367 1563 1673 1631 voraginem
1707 1560 1906 1629 mergi-

322 1654 566 1723 tur,quia
593 1662 906 1707 veternosus
930 1653 1099 1707 hostis
1120 1652 1230 1721 qui,
1250 1650 1695 1722 juxtaJoannem,
1711 1650 1905 1703 dicitur

322 1746 561 1801 diabolus
582 1756 633 1799 et
648 1744 897 1810 Satanas,
912 1745 978 1799 de
1001 1744 1135 1799 curio
1153 1742 1438 1813 projectus,
1456 1743 1685 1811 atquein
1710 1741 1904 1811 abysso

320 1848 401 1892 est
427 1852 669 1907 superna:
699 1837 979 1890 sententia:
1003 1844 1196 1889 catena
1229 1835 1420 1903 ligatus
1448 1834 1629 1904 (Apoc.
1656 1834 1787 1901 XXI).

906 1925 1133 1981 CAPUT
1174 1924 1315 1978 XXI.

624 2016 703 2073 De
732 2016 1093 2080 salamandra,
1117 2016 1341 2069 dorcade
1371 2024 1419 2068 et
1452 2014 1617 2085 lynce.

389 2104 746 2163 Salamandra
777 2124 1012 2179 quoque,
1039 2109 1160 2162 licet
1184 2109 1394 2178 exigua,
1418 2107 1715 2161 mirabilem
1733 2109 1903 2161 t'erlnr

320 2197 519 2254 habere
560 2207 826 2260 naturam,
876 2198 1010 2250 adeo
1042 2208 1098 2250 ιιι
1138 2196 1179 2250 si
1208 2212 1334 2249 casn
1367 2196 1654 2264 aliquando
1686 2198 1735 2249 in
1780 2197 1901 2265 igne

320 2289 601 2358 mergitur,
626 2290 801 2342 omnis
828 2289 979 2358 ignea
1016 2288 1094 2341 vis
1128 2297 1379 2356 tauquam
1413 2286 1722 2341 inundautis
1750 2303 1901 2355 aquae

316 2377 579 2450 proﬂuvio
622 2379 867 2448 protinus
892 2379 1285 2448 exstinguatur.
1333 2376 1399 2430 Et
1427 2387 1485 2429 ut
1524 2376 1652 2445 quid
1683 2392 1778 2444 per
1803 2374 1903 2430 hoc

319 2468 605 2539 ﬁguretur,
636 2468 866 2533 eluceat,
890 2470 1167 2523 humilitas
1190 2468 1460 2537 patientia:
1488 2468 1731 2538 reprimit
1754 2466 1901 2519 [latn-

320 2561 613 2615 mivonnnu
641 2561 912 2615 hominem
940 2579 968 2613 a
1000 2560 1213 2615 fervore
1243 2561 1514 2615 vindicta).

388 2652 592 2706 Dorcas
641 2652 801 2705 etiam
831 2692 845 2715 ,
879 2666 998 2720 qum
1051 2651 1240 2705 Latine
1286 2666 1480 2719 caprea
1530 2650 1744 2712 dicitur,
1796 2662 1899 2701 non

317 2740 507 2796 inutile
536 2741 933 2795 conuersationi
970 2751 1168 2797 nostra:
1198 2750 1401 2795 natura:
1440 2742 1669 2811 prepria:
1700 2740 1900 2807 pr;el.et

315 2833 644 2902 exemplum.
688 2832 809 2886 ll;cc
847 2834 1092 2887 habitans
1136 2835 1187 2886 in
1218 2834 1589 2887 cacuminibus
1638 2831 1899 2885 montinnt

319 2926 427 2979 vim
458 2926 621 2979 habet
658 2942 761 2978 non
795 2927 952 2979 modo
981 2926 1251 2981 subtiliter
1276 2926 1510 2988 videndi,
1538 2926 1628 2979 sed
1654 2936 1705 2977 ct
1736 2925 1901 2977 mira-

320 3018 501 3072 biliter
543 3016 914 3082 discernendi;
952 3020 1021 3072 ita
1076 3029 1135 3073 ut
1182 3020 1233 3073 in
1290 3019 1596 3090 longinquis
1626 3036 1687 3073 ac
1715 3022 1900 3087 procul

321 3109 544 3163 remotis
584 3110 898 3178 regionibus
930 3111 1178 3165 homines
1209 3110 1407 3173 videat,
1439 3121 1494 3163 et
1518 3121 1803 3165 venatores
1831 3127 1897 3166 an

319 3199 553 3252 viatores
574 3197 684 3251 sint
711 3200 975 3268 sagaciter
1016 3200 1405 3268 deprehendat.
1453 3199 1558 3255 Nos
1589 3217 1823 3270 quoque,
1855 3203 1899 3256 si

319 3297 534 3342 terrena
562 3289 873 3344 deserentes
907 3292 1119 3343 excelsa
1151 3291 1347 3343 mentis
1384 3304 1509 3345 arce
1550 3291 1900 3358 subnitnnnr,
1929 3263 1973 3323 (ἶ

319 3380 386 3431 ad
410 3378 796 3433 discernendos
818 3381 1121 3448 Spin’tus,si
1147 3396 1212 3436 es
1242 3380 1350 3435 Deo
1376 3382 1505 3445 sint,
1533 3397 1629 3450 per
1647 3383 1901 3438 divinitus

320 3470 617 3541 impensam
662 3469 1004 3525 ιιίδςινριίοιιίη
1033 3474 1259 3543 gratiam
1295 3474 1666 3539 sublevantur;
1723 3485 1903 3530 utrum

321 3565 524 3619 scilicvt
573 3574 825 3633 tanquam
874 3566 1109 3619 viatores
1139 3582 1235 3620 nos
1276 3568 1341 3619 ad
1378 3568 1607 3635 patriam
1645 3568 1900 3639 dirigant,

320 3670 388 3707 an
434 3655 573 3709 sicut
603 3665 889 3711 venatores
921 3658 984 3709 ad
1034 3659 1336 3712 substratus
1387 3659 1741 3713 lcutationunt
1781 3678 1903 3715 sua-

324 3760 439 3798 rum
490 3745 712 3815 laqueos
750 3756 804 3799 et
850 3747 1091 3817 objectos
1137 3748 1452 3803 insidiarum
1485 3766 1670 3806 casses
1709 3753 1901 3823 impel-

320 3832 454 3888 lant.

300 3998 303 4001 _
390 3921 539 3994 Lynx
584 3941 799 3997 quoque
860 3938 966 3982 tam
1015 3928 1436 3998 incomparabile
1480 3931 1625 3989 visus
1676 3951 1901 3993 acumen

322 4013 505 4079 habet,
538 4026 595 4067 ιιι
625 4033 728 4071 non
760 4020 917 4073 modo
960 4020 1234 4088 quodlibet
1285 4038 1481 4092 corpus
1524 4025 1776 4092 solidum,
1808 4030 1900 4083 sed

316 4115 377 4159 ct
424 4104 663 4175 lapideos
718 4111 953 4177 parietes
1004 4124 1269 4183 penetret.
1313 4114 1463 4181 Quod
1514 4116 1767 4172 nimirum
1803 4122 1903 4175 hoc

320 4196 481 4249 modo
509 4198 783 4265 probatur,
813 4202 936 4269 quia
987 4204 1029 4257 si
1082 4203 1205 4273 lynx
1256 4221 1321 4259 ex
1350 4222 1453 4258 una
1491 4209 1714 4277 parietis
1748 4221 1901 4279 parte

318 4286 598 4350 consistit,
631 4303 758 4342 caro
802 4305 931 4345 vero
981 4291 1302 4348 altrinsecus
1350 4297 1592 4362 ponitur,
1646 4307 1899 4369 tanquam

321 4372 453 4426 nihil
481 4374 709 4441 intersit,
751 4376 816 4430 ad
860 4393 979 4431 eam
1011 4381 1258 4450 protinus
1288 4382 1458 4437 inhiat
1500 4396 1680 4455 atque,
1713 4398 1768 4441 ut
1799 4391 1899 4445 sibi

316 4466 644 4534 pnebeatur,
670 4470 907 4523 anhelat.
940 4470 994 4525 Si
1023 4488 1153 4544 ergo
1179 4483 1381 4529 mutum
1412 4491 1578 4546 pecus
1608 4489 1716 4535 tam
1745 4482 1897 4536 vivax

2001 648 2167 702 ctium
2200 647 2344 701 nullo
2374 661 2598 717 prorsus
2638 646 2759 700 cibo
2788 633 3048 711 reﬁcitur,
3096 648 3188 702 sed
3226 646 3371 718 jugis
3402 648 3589 705 inedia:

2001 739 2333 793 continentia
2365 745 2689 791 maceratur.
2734 735 2823 792 Sic
2864 737 3117 791 nimirum
3142 754 3247 808 quo
3274 739 3447 807 magis
3477 756 3590 794 ma-

2003 831 2198 885 cilenta
2224 846 2421 899 corpus
2448 829 2564 897 ejus
2584 830 2835 883 ariditate
2856 832 3262 900 constringitur,
3278 840 3423 885 tanto
3438 832 3592 901 pellis

2002 920 2117 990 ejus
2142 936 2426 991 squamosa
2461 921 2703 985 laxatur;
2752 929 2807 973 et
2834 920 2959 972 dum
3009 935 3138 973 caro
3182 936 3210 973 a
3265 937 3359 975 sua
3398 937 3595 991 corpu-

2004 1011 2168 1064 lentia
2198 1011 2401 1075 deﬁcit,
2434 1011 2587 1080 pellis
2621 1010 2777 1065 elTeta
2812 1010 3041 1065 follcscit
3070 1030 3082 1064 :
3116 1011 3310 1067 deinde
3348 1014 3431 1067 vel
3472 1014 3591 1068 hia-

2006 1111 2117 1156 tum
2146 1104 2294 1157 dur;e
2322 1114 2477 1157 terra:
2526 1104 2607 1158 vel
2636 1104 2925 1156 scissuram
2957 1102 3148 1171 lapidis
3174 1106 3383 1172 qtm:rit,
3411 1119 3473 1158 ac
3498 1120 3594 1174 per

2006 1192 2148 1247 illius
2172 1194 2449 1263 angustias
2482 1208 2538 1248 se
2575 1192 2887 1248 sul‘l‘ulcieus
2932 1193 3141 1258 transit,
3176 1194 3361 1264 sicque
3401 1196 3590 1264 pellem

2005 1287 2220 1355 penitus
2246 1302 2366 1340 cum
2392 1296 2671 1341 senectute
2693 1287 2940 1355 deponit;
2966 1303 3089 1340 mox
3118 1288 3301 1357 itaque
3324 1287 3380 1340 [it
3404 1302 3590 1351 novus,

2006 1379 2090 1431 cui
2123 1379 2278 1432 simul
2310 1388 2365 1433 et
2417 1378 2587 1432 virtus
2631 1388 2913 1447 reparatur
2937 1390 2985 1432 el
3028 1380 3193 1433 visus.
3224 1378 3331 1433 Nos
3361 1382 3519 1433 ctiam
3547 1381 3589 1433 s'i

2006 1467 2295 1537 aliquando
2323 1486 2349 1521 a
2379 1467 2598 1535 juvenili
2631 1469 2800 1523 sancti
2834 1469 3083 1521 desiderii
3118 1470 3326 1523 fcrvore
3360 1470 3590 1541 tepesci-

2008 1574 2143 1621 mus,
2161 1570 2213 1611 et
2236 1560 2507 1613 dissolutae
2526 1561 2645 1611 vit-.e
2667 1559 2818 1613 senio
2840 1558 3155 1629 caligamus,
3186 1575 3283 1628 per
3304 1569 3464 1614 arcta:
3487 1576 3595 1630 pm-

2007 1650 2247 1704 llllCttllLC
2272 1660 2608 1703 transeamus
2624 1651 2919 1720 angustias,
2946 1659 3024 1715 ut,
3045 1652 3170 1707 dtnn
3193 1661 3428 1706 veterem
3447 1662 3592 1708 exte-

2007 1744 2168 1798 rioris
2186 1745 2634 1813 concupiscentim
2650 1745 2971 1812 deponimus
2989 1745 3204 1813 pellem,
3220 1745 3284 1798 ad
3307 1745 3591 1814 priSIiuam

2011 1834 2293 1889 redeamus
2318 1834 2593 1888 interioris
2632 1834 2865 1888 hominis
2905 1835 3216 1913 novitatem.
3247 1835 3342 1889 Est
3386 1846 3439 1889 et
3487 1836 3590 1889 alia

1928 1924 1974 1984 B
2005 1932 2192 1978 natura
2223 1925 2521 1994 serpentis,
2548 1925 2673 1994 quia
2704 1940 2824 1978 cum
2876 1924 3061 1981 bibere
3093 1928 3428 1996 concupiscit
3466 1940 3593 1982 ante

2010 2030 2275 2089 venenum
2322 2017 2539 2081 evomit,
2573 2016 2760 2069 hausta
2804 2029 2930 2069 vero
2968 2016 3294 2072 sutlicieuter
3337 2034 3496 2088 aqua,
3525 2019 3593 2074 ad

2006 2109 2183 2161 locum
2211 2106 2297 2159 ubi
2327 2116 2607 2160 vomuerat
2633 2107 2793 2170 redit,
2818 2107 3185 2176 vomitumque
3220 2110 3462 2162 resumit.

2074 2196 2366 2268 Presbyter
2418 2200 2635 2267 quidam
2687 2198 2869 2251 retulit
2919 2200 3044 2266 quia
3101 2199 3201 2253 sub
3259 2201 3428 2255 oculis
3475 2205 3591 2270 ejus

2005 2304 2227 2356 serpens
2258 2290 2309 2342 in
2342 2288 2515 2357 lapide
2545 2288 2766 2353 vomuit,
2800 2288 2989 2342 deinde
3018 2288 3247 2343 festinus
3284 2291 3349 2344 ad
3386 2290 3589 2345 fontem

2005 2379 2272 2433 bibiturus
2332 2378 2585 2447 irrepsit,
2638 2379 2728 2432 sed
2773 2380 2900 2431 dmn
2959 2378 3045 2434 ille
3104 2391 3312 2449 peteret
3366 2381 3589 2442 inuitem,

2007 2472 2229 2526 revoivit
2255 2472 2535 2540 presbyter
2560 2469 2825 2537 lapidem;
2860 2483 3108 2524 reversus
3147 2482 3324 2525 autem
3350 2486 3588 2541 serpens,

2004 2560 2130 2614 dum
2178 2576 2466 2623 venenum,
2498 2562 2639 2629 qttod
2692 2570 3014 2628 resumeret,
3067 2580 3171 2617 non
3224 2566 3448 2629 invenit,
3487 2566 3593 2619 huc

2005 2650 2239 2720 illucque
2269 2653 2605 2721 perquirens,
2634 2654 2880 2722 protinus
2908 2655 3223 2724 exspiravit.
3255 2656 3363 2710 Nos
3400 2659 3586 2722 etiam,

2004 2758 2126 2797 Ctlltt
2175 2742 2415 2795 cuilestis
2449 2742 2645 2812 eloquii
2686 2742 2883 2797 ﬂuenta
2926 2746 3298 2801 desideramus
3347 2748 3588 2813 haurire,

2006 2848 2100 2900 per
2148 2843 2397 2886 conatum
2446 2849 2593 2903 purre
2620 2833 2973 2890 coulessiouis
3015 2838 3196 2889 omnia
3244 2838 3493 2891 vitiorum
3536 2846 3593 2894 ct

2006 2923 2248 2990 lapsuum
2298 2937 2500 2977 venena
2553 2924 2811 2979 debemus
2867 2941 3134 2981 evomere.
3192 2927 3297 2983 Sed
3342 2930 3484 2983 absit
3533 2939 3593 2984 ut

2006 3021 2344 3066 revertamur
2371 3013 2438 3066 ad
2479 3014 2766 3077 vomitum;
2803 3016 2925 3083 quia
2958 3032 3060 3069 non
3102 3032 3196 3085 per
3227 3027 3423 3072 terram
3464 3034 3587 3075 cum

2005 3102 2343 3171 serpentibus
2398 3117 2605 3173 repere,
2656 3106 2749 3157 sed
2794 3106 2860 3156 ad
2917 3121 2979 3158 ea
3035 3121 3151 3175 qua:
3210 3123 3420 3162 sursum
3465 3120 3591 3166 sunt

2006 3192 2225 3259 (Coloss.
2258 3196 2342 3263 tu)
2376 3194 2721 3262 praecipimur
2763 3195 3035 3251 festinare.
3064 3198 3193 3251 illud
3222 3210 3302 3252 est
3326 3212 3586 3268 prmterea

2006 3281 2294 3349 ingenuum
2340 3300 2404 3336 ac
2451 3286 2601 3336 valde
2632 3285 2863 3338 nobilius
2893 3286 2946 3339 in
2988 3297 3259 3357 serpente,
3288 3292 3430 3358 quod
3460 3292 3591 3347 dici-

2008 3381 2092 3424 tur
2119 3374 2244 3440 quia
2271 3372 2404 3443 l'ugit
2438 3375 2710 3429 hominem
2739 3377 3311 3449 nndmu,-aggreditur
3342 3391 3589 3437 mordere

2005 3464 2276 3516 vestitum.
2302 3466 2377 3517 Ac
2404 3467 2448 3519 si
2482 3467 2635 3519 fortis
2662 3467 2890 3537 quisque
2918 3469 3146 3523 bellator
3174 3472 3390 3526 invadat
3410 3490 3591 3527 arma-

2006 3562 2140 3617 ttun,
2174 3566 2424 3609 vereatur
2452 3558 2734 3613 inermem.
2769 3558 2883 3613 Non
2919 3561 2997 3614 vis
3022 3578 3152 3632 ergo
3181 3564 3371 3619 timere
3405 3565 3590 3623 diabo-

2003 3642 2147 3697 lum“!
2181 3655 2517 3700 terrenarum
2552 3663 2731 3701 rerum
2778 3658 2829 3702 te
2876 3652 3115 3706 vestibus
3150 3670 3303 3709 cxuc.
3354 3656 3589 3713 Vestitus

2002 3734 2093 3788 cs?
2121 3735 2423 3805 cingentem
2465 3737 2742 3791 eolubrmn
2790 3741 3162 3807 perhorresco.
3214 3741 3308 3797 Vis
3357 3746 3424 3798 ad
3471 3736 3592 3801 ser:

2001 3824 2176 3896 pentis
2212 3829 2518 3899 exemplum
2565 3846 2733 3884 novus
2776 3834 2916 3899 ﬁeri,
2944 3843 2999 3889 et
3045 3836 3350 3907 languentis
3393 3840 3588 3894 anima:

2003 3927 2338 3973 senectutem
2390 3922 2440 3974 in
2491 3921 2835 3988 pubescentis
2896 3925 3273 3981 adolescentia:
3336 3927 3591 3985 reﬂorere

2002 4009 2289 4064 decorem?
2330 4010 2515 4080 jejuna
2563 4027 2686 4066 cum
2735 4025 2987 4081 serpente
3025 4032 3123 4086 per
3170 4019 3588 4089 quadragenarii

2005 4104 2261 4172 temporis
2302 4106 2586 4168 circulum,
2619 4107 2718 4163 hoc
2754 4119 2857 4172 est,
2899 4129 2927 4161 a
2969 4112 3277 4168 carnalibus
3307 4113 3588 4172 desideriis

2004 4198 2241 4259 tempera
2289 4208 2385 4261 per
2427 4208 2641 4248 onmem
2673 4196 2830 4265 hujus
2860 4198 2981 4251 vita:
3011 4200 3316 4254 decursum.
3348 4202 3479 4257 Nam
3533 4214 3590 4261 et

2002 4280 2141 4334 idem
2171 4296 2394 4350 serpens
2419 4294 2617 4353 quanta
2662 4286 2729 4339 sit
2750 4285 2937 4354 jejunii
2973 4289 3141 4343 virtus
3171 4294 3428 4356 ostendit,
3459 4296 3585 4362 quia

2002 4389 2125 4427 uno:
2162 4388 2217 4427 ιιι
2247 4384 2463 4444 sputum
2495 4374 2662 4446 jejuni
2698 4379 2931 4438 hominis
2978 4392 3179 4451 gustat,
3221 4387 3466 4454 protinus
3506 4387 3585 4440 in-

2002 4476 2298 4537 teremptus
2326 4470 2587 4540 exspirat.
2626 4470 2739 4525 Non
2774 4487 2920 4542 ergo,
2952 4487 3107 4529 serve
3147 4475 3260 4542 Dei,
3307 4485 3357 4533 te
3405 4478 3587 4547 pigeat

319 4556 547 4613 intuitus
598 4576 826 4617 acumen
877 4564 1070 4632 habet,
1138 4568 1385 4623 lnuuana:
1452 4574 1650 4627 mentis
1708 4574 1893 4629 intima

2003 4557 2261 4625 iejtltlttt‘t‘,
2292 4569 2351 4613 ut
2378 4561 2639 4615 moriatur
2668 4562 2752 4618 ille
2779 4566 2869 4635 qui
2915 4574 2967 4620 te
3006 4566 3127 4622 cibo
3164 4570 3428 4637 turgidum
3462 4569 3585 4625 uiti-

320 4650 462 4704 Dens
486 4652 829 4722 omnipotens
867 4668 1068 4726 quanto
1104 4660 1420 4728 profundius
1467 4665 1648 4720 videt?
1678 4688 1694 4719 ι
1734 4670 1897 4725 Vivus

314 4743 401 4791 est
422 4741 564 4792 enim
588 4756 767 4795 sermo
796 4743 911 4808 Dei,
941 4756 994 4800 et
1017 4748 1224 4811 etlicax,
1257 4762 1309 4803 et
1337 4756 1723 4821 peneirabilior
1751 4761 1896 4814 omni

317 4830 495 4901 gladio
518 4833 769 4902 ancipizi;
794 4836 1105 4908 pertingens
1148 4856 1317 4910 usque
1345 4844 1412 4896 ad
1442 4845 1761 4903 divisionem
1786 4851 1899 4906 ani-

318 4936 419 4973 mae
462 4936 527 4974 ac
559 4922 802 4991 spiritus,
829 4942 1147 4998 compagem
1184 4945 1399 5002 quoque
1436 4943 1481 4987 et
1522 4937 1895 5006 medullarum,

315 5020 371 5063 et
417 5011 683 5065 discretur
733 5016 1120 5085 cogitationum
1183 5032 1237 5076 et
1284 5024 1643 5082 intentionnm
1693 5033 1893 5095 cordis,

315 5106 380 5152 eL
399 5099 542 5154 nulla
569 5111 816 5158 creatura
865 5115 948 5161 cst
990 5109 1151 5181 821
1190 5111 1471 5168 invisibilis
1517 5117 1569 5171 in
1607 5131 1897 5191 conspectu

321 5188 413 5332 0;;3
442 5190 459 5239 ε’
479 5190 659 5245 omnia
708 5205 892 5275 autem
929 5199 1070 5253 nuda
1101 5210 1157 5255 et
1187 5212 1370 5271 aperta
1398 5215 1525 5259 sunt
1564 5188 1755 5263 oculis
1780 5210 1899 5280 ejus

321 5277 342 5332 ί
402 5279 507 5332 ebr.
538 5280 636 5332 ιιι.

320 5277 507 5348 (Ilebr.
538 5280 636 5347 tv).

893 5374 1119 5435 CAPUT
1157 5378 1318 5435 XXII.

782 5463 861 5520 De
902 5478 1025 5520 nam
1036 5486 1092 5522 ra
1125 5479 1437 5538 serpentum.

394 5540 501 5603 Sed
529 5558 584 5604 et
627 5551 679 5605 in
715 5557 1055 5623 serpentibus
1089 5575 1303 5630 quoque
1332 5565 1585 5620 nonnulla
1642 5571 1904 5625 naturalis

322 5641 534 5695 aStntiae
573 5645 918 5712 reperiuntur
962 5650 1181 5715 indicia,
1212 5668 1331 5721 quae
1368 5670 1473 5710 non
1524 5658 1788 5714 inutiliter
1834 5663 1901 5718 ad

322 5740 523 5786 nostra:
565 5737 989 5794 conversationis
1038 5741 1325 5796 trahuntur
1362 5746 1627 5816 exempla.
1667 5746 1903 5816 Serpens

494 5834 616 5874 cum
653 5827 917 5892 senuerit,
946 5838 995 5883 et
1031 5830 1172 5887 oeuli
1196 5831 1311 5898 ejus
1342 5835 1604 5903 coeperint
1644 5838 1898 5909 caligare,

2003 4666 2090 4707 tur
2132 4654 2433 4725 deglutieus
2480 4655 2790 4713 absorbere.
2825 4657 3058 4729 Serpens
3105 4673 3360 4731 prteterca
3410 4674 3579 4720 totum

1998 4761 2195 4815 corpus
2226 4746 2420 4800 ictibus
2450 4747 2787 4803 verberantis
2814 4751 3053 4819 exponit,
3083 4752 3252 4806 solum
3277 4765 3435 4823 caput
3457 4757 3583 4809 abs—

1999 4838 2201 4892 condit.
2246 4837 2323 4891 Tu
2363 4854 2577 4908 quoque
2630 4842 2683 4894 in
2737 4842 3200 4907 persecutimtibus
3253 4845 3582 4901 constitutus

1999 4932 2275 4987 Christum
2308 4930 2447 4985 intra
2478 4932 2673 4987 mentis
2705 4948 2901 4986 arcana
2938 4935 3194 5000 reconde;
3230 4950 3423 5005 corpus
3454 4952 3583 4993 vero

2001 5010 2183 5087 tuum,
2226 5024 2269 5077 si
2304 5038 2390 5079 res
2419 5024 2603 5094 exigit,
2652 5026 3086 5094 persequentium
3118 5016 3366 5081 manibus
3408 5029 3581 5085 trade.

2072 5115 2238 5186 822
2290 5114 2421 5169 Esse
2469 5131 2683 5184 quoque
2743 5116 3050 5186 viperarum
3098 5132 3269 5189 genus
3320 5122 3579 5187 credi:ur,

2003 5206 2146 5277 quod
2175 5206 2221 5259 si
2254 5205 2526 5259 hominem
2556 5206 2820 5270 mordeat,
2848 5214 3016 5259 totum
3048 5222 3242 5277 corpus
3268 5211 3384 5280 ejus
3422 5211 3475 5267 in
3508 5211 3585 5265 vi-

2006 5310 2099 5350 rus
2125 5302 2321 5349 vertat.
2350 5294 2641 5365 Propterea
2666 5295 2933 5365 quoddam
2959 5297 3103 5353 aliud
3128 5314 3248 5355 esse
3276 5302 3579 5370 viperinum

2006 5403 2179 5458 genus
2214 5387 2477 5441 asscritur
2522 5396 2627 5440 tam
2673 5388 2815 5443 aeris
2859 5391 3075 5455 veneni,
3117 5400 3175 5446 ut
3220 5394 3263 5448 si
3313 5410 3419 5463 qua
3466 5394 3585 5449 avis

2013 5492 2177 5547 super
2207 5478 2333 5531 illud
2364 5476 2548 5531 volare
2578 5479 2894 5548 contigerit,
2923 5482 3228 5538 exhalantis
3272 5485 3471 5541 virtute
3507 5485 3583 5539 fe.

2011 5567 2141 5620 toris
2185 5566 2456 5635 extemplo
2504 5565 2741 5623 moriens
2770 5578 3010 5625 corruat.
3044 5570 3174 5637 Qua:
3204 5572 3454 5629 videlicet
3484 5576 3583 5628 hac

2008 5658 2268 5721 coeundi,
2312 5657 2394 5710 vel
2448 5660 2691 5728 pariendi
2744 5664 3136 5717 consuetudine
3203 5665 3431 5719 naturali
3485 5678 3582 5733 po-

2008 5734 2215 5803 tiuntur
2246 5750 2493 5819 imperio,
2518 5759 2577 5805 ut
2603 5751 2871 5808 masculus
2899 5754 2949 5807 in
2978 5768 3040 5807 os
3072 5754 3283 5808 femina:
3304 5763 3461 5823 caput
3488 5754 3585 5807 im.

2003 5840 2212 5913 pingat,
2236 5840 2379 5909 quod
2404 5840 2491 5895 illa
2517 5850 2626 5913 pra:
2662 5843 2812 5900 nimii
2844 5845 3047 5908 amoris
3077 5845 3410 5917 impatientia
3439 5858 3586 5900 mor-
