4138 6320
512 369 521 373 ’
576 367 747 450 ῗῖεδυ

1021 377 1078 435 S.
1107 378 1311 434 PETRI
1341 372 1623 453 DAMIANI
1648 380 1799 458 OPP.
1845 382 2083 440 TOMUS
2119 384 2250 443 SEU
2281 385 2460 443 PARS
2497 386 2585 447 III.
2730 389 3098 459 OPU§CULA
3137 394 3370 452 VABIA.

3726 398 3840 465 783

579 492 762 586 dendo
784 490 1046 586 praecidat
1064 490 1358 586 a'c'prmsto
1380 489 1661 586 deglutiat.
1687 491 1765 547 Ex
1794 492 1946 562 cujus
1975 494 2170 565 capitis
2197 508 2241 561 Α
2271 512 2377 556 non
2424 497 2680 566 sufﬁciat,
2726 502 2913 557 eadem
2959 520 3054 561 ore
3110 509 3330 579 proprio
3371 524 3535 580 grana
3584 515 3861 586 praecidit,

578 581 764 653 foculis
797 581 904 635 duo
935 578 1098 643 catuli
1140 588 1514 648 procreantur,
1560 581 1653 650 qui
1702 591 1890 651 partus
1932 591 2172 654 tempore

594 679 843 729 materna
888 668 1057 723 latera
1111 668 1370 738 utrinque
1414 670 1732 736 eorrodunt,
1770 679 1825 725 et
1864 671 1943 726 sic
1984 671 2173 726 altrin-

589 772 750 818 secus
782 758 940 814 simul
994 757 1305 814 occidentes
1331 756 1400 813 et'
1413 768 1700 814 nascentes
1727 769 2033 830 erumpunt.
2067 760 2170 827 Qui

569 853 848 915 ,nimirum
889 861 1014 906 ante
1061 859 1188 906 sunt
1226 851 1515 922 parricidae
1557 867 1719 923 quam
1767 855 1895 920 filii;
1951 865 2007 910 et
2049 856 2172 911 ideo

562 958 864 1013 nunquam
896 953 1095 1012 praeter
1121 944 1256 997 duos
1302 942 1450 998 valet
1473 944 1635 1014 hujus
1657 946 1872 1018 generis
1899 946 2171 1004 excedens

570 1035 789 1104 aliquid
818 1033 1071 1089 inveniri.

576 1194 582 1200 _
661 1124 963 1187 Estetiam,
1006 1121 1147 1177 sicut
1174 1120 1369 1189 fertur,
1397 1124 1541 1180 aliud
1586 1141 1753 1197 genus
1800 1128 1941 1197 quod
1972 1127 2170 1185 dicitur

575 1215 841 1293 iaculum,
884 1213 1027 1283 quod
1054 1211 1285 1269 volando
1327 1224 1551 1284 repente
1591 1217 1865 1272 hominem
1894 1226 2166 1288 penetrat,

574 1312 642 1384 _et
673 1305 745 1359 ita
776 1304 1095 1375 pertransit,
1127 1312 1383 1374 tanquam
1413 1304 1489 1358 nil
1514 1306 1615 1361 sibi
1655 1321 1875 1377 prorsus
1914 1308 2165 1364 obsistat.

586 1394 671 1451 Ad
726 1395 1100 1450 instruendam
1154 1395 1358 1465 quippe
1407 1395 1700 1450 humanam
1751 1406 2001 1452 naturam
2048 1398 2171 1470 pius

579 1486 845 1541 Conditor
886 1487 1130 1543 diversas
1176 1487 1352 1542 brutis
1379 1487 1705 1544 animalibus
1730 1489 1897 1555 vires,
1932 1498 1988 1545 et
2017 1499 2169 1546 astu-

581 1577 711 1635 tiam
752 1576 998 1643 contulit,
1026 1586 1087 1632 ut
1119 1592 1188 1632 ex
1216 1576 1467 1632 belluinae
1506 1592 1721 1647 quoque
1745 1581 2063 1649 sagacitatis
2091 1581 2171 1637 in-

570 1666 774 1736 dagine
797 1682 903 1721 non
933 1668 1331 1725 contemnenda
1373 1667 1428 1723 in
1470 1677 1689 1726 nostros
1711 1678 1865 1727 actus
1889 1670 2168 1728 valeamus

572 1758 828 1828 exempla
858 1757 1171 1816 transferre.

1142 1849 1375 1908 CAPUT
1414 1851 1603 1908 XXIII.

591 1939 690 1995 —De
717 1958 938 2012 onagro,
966 1941 1258 2010 elephante,
1290 1943 1557 2011 uuicorni,
1592 1943 1771 2016 aquila
1805 1954 1854 2000 et
1879 1945 2124 2015 formica.

564 2020 570 2026 ’
651 2032 786 2100 Quis
835 2034 978 2088 enim
1017 2034 1206 2089 docuit
1250 2049 1536 2104 onagrum,
1578 2043 1638 2090 ut
1671 2035 1727 2090 in
1772 2037 2164 2107 mquinoctialis

577 2125 783 2178 mensis
832 2124 1009 2178 Martii
1066 2125 1452 2196 perpendiculo
1505 2141 1610 2196 per
1658 2126 1937 2182 duodenas
1997 2128 2162 2184 horas

581 2216 721 2281 diei,
775 2216 936 2285 simul
979 2224 1035 2271 et
1074 2216 1251 2271 noctis
1293 2216 1517 2271 totidem
1568 2216 1781 2284 rugitus
1826 2216 2082 2271 emittat?
2108 2226 2165 2272 et

578 2308 729 2363 velut
772 2323 873 2377 per
926 2307 1191 2371 naturalis
1237 2307 1501 2377 horologii
1553 2322 1857 2377 organum,
1901 2309 2157 2363 horarum
2212 2360 2215 2365 .

578 2411 852 2461 momenta
889 2401 1216 2472 distinguat?
1239 2400 1341 2456 Per
1376 2400 1616 2471 singulas
1653 2401 1797 2455 enim
1830 2402 1991 2457 horas
2046 2402 2160 2456 sive

573 2490 684 2546 diei
735 2491 848 2545 sive
900 2489 1077 2545 noctis
1125 2489 1291 2545 semel
1347 2490 1524 2560 rugit,
1587 2504 1650 2545 ac
1701 2503 1798 2559 per
1844 2491 1949 2546 hoc
1987 2491 2158 2562 aequi-

566 2584 826 2666 noctialis
854 2586 1003 2640 librae
1023 2585 1210 2641 adesse
1241 2596 1452 2655 tempus
1475 2585 1734 2640 ostendit.

644 2676 777 2744 Quis
808 2678 990 2733 docuit
1020 2678 1356 2748 elephantem
1387 2685 1701 2748 perpetuam
1740 2676 1964 2749 diligere
1996 2676 2158 2733 casti-

563 2770 781 2827 tatem?
803 2770 904 2838 Qui
936 2779 1115 2825 tamen
1142 2785 1267 2826 cum
1297 2780 1504 2824 natura:
1526 2779 1750 2825 coactus
1779 2769 2006 2839 imperio
2037 2783 2156 2823 ver-

563 2870 697 2928 tens
746 2869 907 2931 caput
954 2869 1078 2930 post
1135 2874 1214 2925 se,
1268 2859 1426 2930 quasi
1453 2858 1683 2915 nolendo
1716 2866 1771 2915 et
1817 2858 2153 2924 nauseando,

561 2952 785 3027 coierit,
831 2962 886 3007 et
919 2951 1229 3021 concipiens
1255 2950 1424 3007 semel
1459 2949 1660 3005 femina
1709 2949 1779 3005 ad
1808 2948 2154 3005 concubitum

568 3058 675 3097 non
722 3043 1030 3098 revertitur.
1073 3043 1165 3096 llla
1204 3057 1334 3097 vero
1374 3045 1499 3097 dum
1556 3041 1870 3107 draconem,
1910 3041 2002 3111 qui
2049 3041 2152 3097 sibi

567 3133 812 3196 feraliter
839 3135 1141 3199 insidiatur,
1183 3133 1497 3189 tremefacta
1533 3131 1819 3199 formidat,
1860 3148 1967 3188 non
1998 3132 2148 3200 alibi,

2277 602 2346 643 ne
2374 590 2629 646 videlicet
2666 607 2770 662 per
2800 593 3048 651 hiemalis
3088 596 3488 655 inclementiam
3519 601 3708 660 imbris
3747 606 3858 661 ite-

2275 693 2393 733 rum
2426 688 2697 752 turgeant,
2724 691 2779 737 et
2821 693 3013 755 negata
3046 700 3142 757 spe
3168 688 3347 744 vietus
3370 691 3422 744 in
3455 690 3651 749 herbas
3674 709 3863 750 erum--

2270 776 2421 835 panL

2836 865 3063 923 CAPUT
3104 868 3294 928 XXIV.

2499 950 2578 1007 De
2609 954 2812 1026 vipera,
2839 958 3102 1027 accipitre,
3135 972 3368 1032 serpente
3401 972 3449 1018 et
3475 980 3619 1022 ursa.

2343 1039 2477 1108 Quis
2526 1045 2691 1099 etiam
2732 1047 2970 1116 viperam
3022 1050 3207 1107 docuit
3255 1061 3347 1118 ut,
3401 1064 3525 1110 cum
3581 1054 3856 1128 cupiditas

2271 1131 2448 1187 coitus
2493 1134 2718 1201 incitat,
2758 1137 2824 1191 ad
2889 1136 3043 1194 littus
3077 1139 3219 1196 illico
3270 1155 3569 1213 properans
3612 1162 3856 1206 murena

2239 1225 2559 1288 ,m'aritima:
2596 1227 2841 1298 copulam
2881 1230 3074 1298 petat?
3120 1230 3233 1288 Hac
3274 1235 3439 1305 igitur
3477 1238 3650 1295 sibilis
3692 1256 3850 1296 suam

2274 1312 2607 1369 testificante
2668 1317 3046 1386 praesentiam,
3108 1322 3366 1377 continuo
3427 1341 3649 1383 murena
3720 1345 3853 1400 prob

2269 1402 2529 1472 greditur,
2558 1412 2614 1458 et
2653 1413 2933 1462 venenata:
2960 1406 3148 1464 bestiae.
3178 1409 3403 1467 alterius
3431 1414 3684 1470 elementi
3724 1417 3858 1472 mis-

2269 1500 2446 1548 cetur.
2666 1550 2675 1557 ,
2762 1541 2768 1547 .

2344 1579 2477 1648 Quis
2506 1581 2856 1653 accipitribus
2902 1584 3209 1654 hujusmodi
3248 1588 3383 1660 legis
3412 1588 3536 1660 jura
3580 1594 3840 1664 praeﬁxit,

2269 1681 2330 1724 ut
2362 1671 2451 1726 ubi
2483 1672 2784 1739 nidificant,
2821 1690 2918 1745 per
2963 1677 3201 1747 amplum
3244 1680 3371 1736 hinc
3402 1681 3527 1738 inde
3565 1684 3856 1759 circuitum

2263 1760 2432 1816 nullis
2463 1763 2685 1818 omnino
2712 1765 2919 1833 rapinis
2947 1765 3223 1833 insistant,
3254 1777 3311 1824 et
3340 1785 3462 1825 cum
3509 1771 3579 1845 ab
3618 1774 3700 1829 eis
3733 1774 3858 1831 ubi-

2126 1912 2129 1917 .
2195 1848 2243 1908 B
2271 1866 2377 1920 que
2406 1852 2650 1908 locorum
2682 1853 2786 1908 nisi
2818 1854 2960 1910 bello
2982 1872 3089 1911 non
3114 1858 3335 1927 vivitur,
3362 1860 3472 1916 illic
3499 1862 3587 1916 ubi
3617 1863 3857 1920 victores

2271 1941 2511 1997 hostium
2558 1944 2845 2000 manubias
2884 1946 3192 2014 conferunt,
3235 1963 3344 2018 pax
3397 1952 3691 2021 tranquilla
3738 1968 3858 2011 ser-

2266 2033 2462 2086 vetur?
2489 2034 2560 2087 At
2592 2034 2682 2089 ubi
2714 2033 2859 2090 fetus
2887 2050 3016 2090 suos
3039 2037 3149 2105 jam
3186 2038 3587 2108 plumescentes
3627 2043 3851 2103 avolare

2271 2137 2430 2192 posse
2477 2123 2908 2194 deprehendunt,
2943 2127 3170 2196 pedibus
3213 2143 3307 2184 eos
3357 2144 3421 2184 ac
3471 2140 3652 2186 rostro
3707 2133 3853 2188 nidis

2267 2212 2582 2279 eliminant;
2637 2226 2693 2269 et
2732 2223 2990 2286 tanquam
3030 2219 3399 2289 emancipatos
3433 2219 3641 2290 legibus
3682 2238 3715 2278 a
3744 2239 3845 2279 sua

2251 2303 2450 2372 procul
2475 2305 2875 2362 cohabitatione
2896 2308 3245 2378 propulsant;
3279 2321 3337 2366 ut
3361 2311 3442 2368 sic
3461 2328 3492 2365 a
3526 2304 3714 2371 tenero
3734 2314 3853 2385 jam

2264 2396 2616 2450 instituantur
2643 2396 2710 2450 ad
2742 2399 3013 2466 .prmdam,
3055 2415 3157 2456 nec
3206 2402 3258 2456 in
3301 2403 3584 2474 segnitiem
3616 2418 3697 2471 se,
3730 2422 3857 2477 spe-

2262 2496 2449 2543 rantes
2470 2504 2497 2542 a
2531 2489 2849 2563 parentibus
2874 2489 3151 2556 alimenta,
3190 2495 3476 2561 resolvant,
3508 2498 3603 2553 sed
3634 2498 3705 2553 ab
3736 2500 3856 2569 ipso

2261 2579 2427 2649 printi
2471 2580 2682 2636 volatus
2723 2582 2948 2637 exordio
2994 2580 3203 2639 e'rebris
3244 2587 3551 2657 rapinarum
3583 2582 3856 2646 violentis

2260 2679 2594 2728 assuescant.

2334 2763 2434 2820 Ubi
2462 2772 2724 2834 praeterea
2757 2780 2885 2820 ursa
2913 2766 3123 2834 didicit,
3152 2782 3276 2824 cum
3314 2777 3501 2840 partus
3526 2771 3651 2827 edat
3681 2772 3857 2828 infor-

2259 2871 2396 2923 mes,
2423 2867 2581 2911 natos
2622 2872 2748 2914 suos
2782 2856 3019 2929 lingeute
3045 2859 3225 2933 lingua
3267 2864 3535 2932 perrvaria
3576 2866 3854 2922 membro-

2258 2964 2377 3004 rum
2410 2948 2737 3004 lineamenta
2766 2947 3120 3020 distinguere,
3149 2966 3215 3006 ac
3244 2966 3392 3006 more
3417 2952 3565 3024 figuli
3600 2954 3654 3008 in
3682 2963 3851 3009 natu-

2256 3036 2387 3092 ralis
2425 3037 2653 3108 etligiem
2685 3039 2936 3108 generis,
2986 3040 3383 3113 imaginemque
3424 3042 3696 3098 formare?
3736 3045 3854 3100 lmo

2255 3129 2379 3198 quis
2405 3129 2743 3185 medicinalis
2769 3131 2904 3186 artis
2933 3131 3295 3188 instrumenta
3319 3135 3621 3205 perdocuit,
3648 3135 3773 3205 quis
3794 3137 3851 3191 ei

569 3228 663 3281 sed
701 3227 755 3280 in
784 3241 921 3296 aqua
945 3225 1121 3295 ,parit,
1152 3240 1272 3299 qua:
1294 3225 1362 3280 ad
1400 3225 1568 3280 ubera
1597 3224 1713 3294 ejus
1730 3214 1914 3294 "usque
1946 3226 2150 3294 pertin-
2180 3196 2223 3257 Ο
2257 3221 2400 3276 vires
2449 3221 2742 3277 herbarum
2808 3231 2864 3278 et
2925 3225 3224 3280 curationis
3289 3226 3524 3282 fomenta
3586 3227 3855 3285 dictavit?

554 3325 680 3386 .gat.
716 3315 852 3370 Nam
895 3316 939 3369 si
992 3323 1146 3369 extra
1190 3330 1384 3383 aquam
1430 3314 1662 3385 peperit,
1699 3314 1865 3369 draco
1908 3314 2146 3370 catulum

566 3409 685 3479 ejus
714 3415 935 3477 repente
961 3406 1318 3480 devoraturus
1345 3405 1569 3459 invadit.

637 3500 770 3570 Quis
794 3500 933 3553 hanc
973 3497 1363 3568 ingenuitatem
1409 3496 1656 3552 uuicorni
1687 3496 1931 3562 contulit,
1963 3504 2020 3551 ut
2058 3496 2148 3552 de-

565 3593 816 3661 dignctur
864 3589 1068 3643 viribus
1098 3588 1259 3654 vinei,
1298 3588 1622 3644 humilitatis
1659 3597 1777 3644 arte
1825 3590 2059 3660 patiatur
2088 3605 2148 3645 se

554 3687 723 3742 facile
751 3686 1031 3756 superari?
1065 3682 1349 3754 Nunquam
1388 3683 1593 3739 Scilicet
1620 3699 1650 3737 a
1681 3684 2030 3738 venatoribus
2057 3697 2145 3737 ca-

559 3777 730 3848 pitur,
758 3775 859 3828 nisi
887 3774 1034 3844 prius
1061 3773 1112 3826 in
1137 3772 1361 3843 virginis
1386 3772 1593 3843 gremio
1621 3771 1929 3826 reclinetur.

628 3866 771 3934 Quis
824 3864 928 3919 hoc
971 3861 1251 3917 medicinae.
1298 3875 1468 3930 genus
1515 3860 1707 3930 aquilae
1757 3859 1994 3925 tradidit,
2026 3874 2147 3929 qua:

552 3972 691 4025 cum
725 3952 986 4029 senuerit,
1030 3965 1085 4008 et
1123 3951 1335 4023 gravari
1368 3952 1633 4022 cmperint
1673 3950 1771 4005 ala:
1805 3949 1941 4019 ejus,
1981 3960 2145 4021 atque

552 4047 707 4121 poculi
767 4045 1025 4116 caligare,
1072 4055 1201 4101 tunc
1229 4043 1432 4113 quaerit
1476 4041 1680 4099 fontem
1728 4057 1906 4114 aqme,
1955 4052 2143 4097 centra

564 4154 726 4210 quem
757 4137 931 4208 posita
960 4136 1108 4191 volat
1138 4150 1308 4204 usque
1344 4134 1411 4188 ad
1443 4133 1707 4193 circulum
1738 4135 1887 4198 solis,
1925 4134 2144 4203 illicque

550 4231 615 4302 in
653 4229 857 4299 puriori
909 4228 1126 4283 :ctbcris
1173 4226 1433 4281 vastitate
1489 4224 1707 4289 librata,
1767 4223 1835 4278 ad
1889 4239 2143 4294 vaporem

558 4320 695 4380 salis
719 4327 774 4374 et
796 4317 914 4373 alas
941 4316 1195 4380 incendit,
1214 4322 1278 4369 et
1302 4313 1587 4384 caliginem
1613 4313 1893 4369 oculorum
1920 4327 2143 4384 prorsus

560 4409 774 4474 exurit,
823 4420 1058 4477 moxque
1110 4404 1444 4460 descendens
1482 4404 1666 4459 tribus
1717 4404 1770 4458 in
1807 4402 2010 4458 fontem
2058 4404 2140 4459 vi—

557 4479 713 4555 cibus
758 4498 1041 4567 mergitur,
1085 4504 1141 4551 et
1172 4496 1252 4551 sic
1302 4494 1509 4549 alarum
1568 4495 1722 4565 vigor
1758 4502 1814 4549 et
1860 4494 2137 4549 oculorum

555 4593 703 4649 acies
735 4590 902 4646 multo
942 4586 1133 4644 melius
1171 4601 1334 4658 quam
1366 4585 1622 4657 juventus
1653 4586 1930 4653 attulerat,
1976 4599 2136 4643 reno-

549 4668 789 4745 _vantur?

629 4773 782 4842 Quis,
811 4785 1015 4842 qmeso,
1056 4767 1334 4825 formicam
1375 4766 1441 4822 ad
1491 4767 1594 4825 hoc
1636 4766 1923 4823 trilurandi
1967 4780 2138 4838 genus

550 4863 813 4927 instituit,
842 4870 900 4916 ut
935 4851 1176 4929 segetum
1205 4873 1371 4930 grana
1401 4858 1695 4923 discernat,
1721 4865 1777 4927 et
1798 4853 1961 4927 823
1989 4857 2137 4926 igno-

551 4940 678 5013 bilia
727 4969 1008 5027 respuens,
1052 4943 1401 5023 elegantioris
1422 4951 1633 5020 frugem
1685 4949 1897 5019 generis
1937 4939 2138 5018 eligat?

548 5032 819 5104 Acervum
846 5046 1046 5118 quippe
1096 5042 1292 5114 segetis
1318 5041 1602 5113 diligenter
1631 5040 1899 5110 explorat,
1925 5049 1980 5095 et
2007 5041 2134 5094 hor-

552 5124 712 5195 deum
742 5140 957 5207 quidem
976 5145 1248 5207 tanquam
1277 5133 1645 5203 jumentorum
1672 5134 1865 5203 pabula
1897 5134 2129 5202 quodam

547 5232 711 5299 modo
760 5229 1073 5294 fastidiens,
1114 5234 1480 5299 aspernatur;
1530 5224 1618 5279 ubi
1669 5238 1798 5279 vero
1855 5224 2130 5280 triticeum

542 5302 753 5389 reperit
807 5332 1055 5389 granum,
1107 5316 1339 5379 libenter
1385 5315 1747 5386 amplectitur.
1807 5314 1932 5371 llzec
1962 5317 2127 5371 etiam

543 5420 791 5480 ventura:
822 5409 1130 5466 serenitatis
1160 5418 1369 5477 tempus
1406 5407 1726 5477 quibusdam
1777 5398 2131 5479 deprehendit

542 5501 789 5565 iudiciis,
828 5511 884 5556 et
917 5515 1037 5554 cum
1076 5499 1294 5553 cellaria
1337 5513 1433 5553 sua
1482 5498 1633 5553 aerio
1673 5498 1849 5555 cernit
1899 5498 2129 5555 humore

548 5593 896 5657 madescere,
943 5589 1175 5660 propriis
1220 5588 1463 5643 humeris
1503 5587 1772 5658 repositas
1818 5588 1984 5645 victui
2030 5604 2128 5645 suo

2251 3309 2387 3365 Nam
2421 3312 2466 3366 si
2499 3313 2714 3381 quando
2753 3312 2951 3369 ictibus
3003 3315 3338 3386 gravissimae
3387 3318 3553 3373 caedis
3591 3317 3847 3382 adicitur,

2250 3400 2335 3455 vel
2386 3402 2549 3456 etiam
2596 3402 2794 3473 jaculis
2847 3403 3089 3473 perfossa
3143 3407 3440 3474 sauciatur,
3496 3409 3698 3475 herbae,
3754 3407 3853 3465 ccl

2240 3490 2436 3547 ‘Grzece
2464 3491 2653 3566 φλόμσς
2676 3508 2871 3549 nomen
2903 3502 3010 3560 est,
3038 3495 3225 3550 uluera
3249 3496 3486 3566 sulajicit,
3517 3509 3574 3553 et
3615 3498 3696 3553 sic
3727 3498 3851 3553 solo

2242 3591 2399 3647 ,tactu
2425 3599 2618 3638 omnes
2645 3584 2883 3639 ulcerum
2912 3584 3123 3641 dolores
3156 3586 3416 3652 excludit,
3446 3597 3501 3643 et
3542 3591 3609 3642 ad
3636 3588 3854 3643 incolu-

2258 3676 2502 3729 mitatem
2552 3675 2837 3745 pristinam
2886 3679 3233 3737 convalescit.
3290 3679 3529 3750 Serpens
3584 3696 3848 3753 quoque,

2247 3764 2390 3833 quod
2442 3780 2541 3819 nos
2592 3767 2839 3835 superius
2888 3766 3118 3838 fugerat,
3164 3770 3217 3824 si
3279 3769 3574 3825 caecitatem
3611 3772 3847 3840 patitur,

2246 3873 2344 3913 esu
2396 3856 2618 3913 feniculi
2654 3858 2760 3914 luci
2807 3860 3052 3930 pristinae
3100 3860 3450 3915 reformatur.
3489 3862 3610 3916 Mox
3649 3860 3845 3932 igitur,

2248 3947 2339 4003 ubi
2368 3949 2557 4004 oculos
2596 3949 2702 4004 sibi
2740 3950 2907 4005 sentit
2954 3951 3174 4018 obduci,
3227 3961 3413 4007 notum
3446 3937 3597 4027 petit
3642 3962 3847 4023 praesto

2247 4042 2568 4109 remedium,
2599 4056 2702 4097 nec
2725 4042 2837 4113 spei
2879 4058 2989 4096 sure
3014 4043 3309 4099 frustratur
3338 4042 3552 4100 effectu.

2831 4133 3060 4191 CAPUT
3103 4134 3270 4191 XXV.

2376 4224 2825 4282 'Detesludineael
2856 4226 3018 4281 variis
3055 4225 3363 4299 animalium
3395 4227 3691 4283 medicinis.

2307 4314 2552 4372 Testudo
2578 4318 2892 4378 visceribus
2900 4328 3059 4387 pasta
3090 4319 3380 4389 serpentis,
3411 4335 3533 4375 cum
3564 4334 3838 4375 venenum

2245 4406 2359 4461 suis
2381 4421 2596 4476 quoque
2634 4406 2802 4462 sentit
2828 4407 3124 4463 visceribus
3151 4422 3395 4478 serpere,
3415 4409 3703 4479 origanum
3731 4409 3836 4466 sibi

2248 4496 2594 4563 protinus'ad
2618 4496 2918 4552 remedium
2950 4512 3057 4553 non
3085 4497 3612 4569 negligitadhibere.
3647 4497 3838 4571 volpis

2242 4587 2407 4642 etiam
2450 4586 2635 4642 dolosa
2666 4603 2788 4642 cum
2839 4598 3067 4644 mortem
3096 4589 3197 4644 sibi
3243 4589 3479 4644 senserit
3521 4589 3829 4666 imminere.

2236 4689 2306 4732 cx
2341 4678 2569 4733 sudante
2594 4679 2753 4749 pinus
2779 4677 2948 4750 824.
2980 4678 3085 4734 sibi
3109 4678 3303 4734 resina
3333 4680 3599 4744 medetur,
3631 4680 3832 4749 talique

2240 4768 2479 4823 remedio
2517 4768 2571 4823 in
2610 4766 2869 4839 longioris
2899 4769 3020 4823 vita:
3050 4769 3226 4845 spatia
3254 4768 3580 4838 protelatur;
3609 4756 3748 4823 Nam
3777 4778 3835 4825 et

2240 4858 2356 4928 ipsa
2387 4859 2663 4924 animalia,
2711 4874 2832 4930 qua:
2871 4860 3089 4916 sibimet
3119 4860 3374 4916 adhibent
3414 4875 3447 4914 a
3489 4861 3653 4915 rebus
3682 4870 3832 4916 cxte-

2239 4949 2477 5004 riorihus
2519 4948 2869 5015 medicinam,
2900 4950 2952 5003 in
2980 4949 3095 5004 suis
3123 4964 3339 5019 quoque
3375 4948 3677 5005 visceribus
3716 4964 3829 5004 me-

2241 5039 2400 5095 dendi
2427 5039 2727 5108 probantur
2753 5039 2956 5095 habere
2987 5040 3293 5095 materiam.
3336 5040 3413 5094 De
3450 5039 3711 5095 carnibus
3748 5039 3830 5093 vi-

2238 5145 2405 5201 perae,
2456 5145 2577 5199 qua:
2607 5140 2759 5202 tyrus
2795 5132 3013 5198 dicitur,
3043 5146 3150 5187 non
3179 5131 3341 5186 modo
3392 5129 3634 5186 theriaca
3660 5130 3830 5187 confi-

2238 5222 2401 5291 citur,
2431 5222 2524 5278 sed
2543 5206 2847 5278 'et'diversa
2892 5207 3141 5279 medendi
3186 5222 3425 5281 remedia
3455 5223 3824 5291 providentur.

2239 5310 2526 5384 Segmenta
2551 5312 2730 5368 eboris
2761 5312 2817 5368 in
2855 5313 3297 5370 medelas‘varias
3335 5304 3707 5368 assumuntur.
3732 5310 3825 5367 Fel

2241 5402 2431 5475 hyenae
2468 5405 2706 5461 restituit
2731 5404 2905 5462 oculis
2952 5406 3275 5482 claritatem,
3308 5403 3463 5473 cujus
3509 5414 3722 5460 stercus
3754 5403 3828 5460 si-

2233 5495 2438 5550 militer
2478 5504 2533 5551 et
2568 5496 2766 5549 canum
2811 5495 3033 5551 vulnera
3085 5509 3277 5550 curare
3325 5493 3590 5549 noscitur.
3638 5491 3828 5548 Omnis

2231 5588 2396 5641 etiam
2417 5603 2559 5659 aegra
2585 5586 2723 5653 fera,
2747 5586 2793 5642 si
2814 5587 2966 5643 cauis
2985 5587 3154 5644 ebibit
3179 5586 3521 5661 sanguinem,
3543 5591 3827 5653 recuperat

538 5654 735 5756 fruges
779 5654 1063 5753 exportat,
1107 5688 1164 5734 et
1200 5681 1396 5734 damna
1444 5654 1742 5735 domestica
1790 5695 2125 5751 praecavens,
2227 5654 2538 5735 sanitatem.
2566 5676 2701 5754 Nam
2730 5686 2785 5733 et
2807 5676 2969 5733 fimus
2999 5676 3235 5735 hominis
3255 5654 3323 5733 ad
3353 5684 3556 5748 quanta
3585 5673 3822 5731 ωηιξοα

546 5775 883 5857 torrentibus
921 5788 1014 5833 eas
1069 5772 1234 5831 radiis
1272 5770 1402 5827 solis
1453 5770 1720 5839 cxsiccat;
1764 5782 1819 5827 et
1865 5780 2123 5847 tauquam

2228 5788 2357 5832 num
2395 5767 2786 5831 medicamenta
2816 5771 3083 5842 proficiat,
3125 5771 3361 5829 Galenus
3388 5776 3633 5824 enarrat.
3680 5842 3687 5846 ν
