4138 6320
364 285 470 413 πέδ

1212 320 1454 391 opusc.
1485 322 1602 385 'Lu.
1643 362 1714 373 -
1749 333 1837 389 DE
1871 331 2056 391 ΒοΝο
2094 331 2442 390 R‘ELlGlOSl-
2471 325 2762 389 suros.

3504 293 3624 390 iss-

351 451 657 517 firStrntio,
685 429 946 511 catnelus,
979 461 1142 513 ranae,
1170 447 1548 509 cameleontes,
1578 460 1758 514 grues,
1790 444 1934 498 cico—
1961 447 2005 503 A
2035 441 2550 512 scorpionem;'qui,
2573 437 2820 498 videlicet
2876 439 2977 506 leo,
3009 449 3061 496 et
3087 455 3289 497 veneno
3341 425 3616 513 serpentis

360 539 486 614 nite,
518 546 589 602 fel
614 543 828 615 aquilae,
859 538 1078 612 sanguis
1104 539 1395 609 accipitris,
1428 548 1638 593 stercus
1663 544 1715 592 et
1745 551 1938 592 carnes

362 636 686 698 hirundinis,
717 631 912 702 quibus
948 630 1150 686 morbis
1197 630 1425 684 aﬂerant
1469 627 1813 690 medicinam,
1852 625 1938 680 ille

361 736 539 800 potest
583 726 761 781 dicere
803 721 889 778 cui
952 721 1282 792 propositum
1328 729 1413 775 est
1459 719 1526 774 de
1572 716 1939 773 curationibus

362 830 648 888 corporum
698 813 991 881 disputare.
1023 808 1316 864 Perhibent
1359 806 1564 878 physici
1617 806 1740 875 quia
1788 803 1940 873 pellis

361 903 589 967 colubri,
619 915 781 970 quam
823 895 1060 967 deponit,
1091 896 1136 951 si
1175 895 1294 950 oleo
1325 895 1562 951 fervente
1603 894 1936 962 decoquitur,

362 997 500 1050 mire
529 1009 626 1064 per
651 1006 770 1046 eam
819 988 970 1045 dolor
993 987 1203 1042 aurium
1241 987 1537 1056 mitigatur.
1589 985 1819 1040 Cimices
1846 999 1941 1039 ne-

361 1083 658 1140 scientibus
693 1080 892 1136 nullius
922 1079 1177 1133 'videntur
1208 1077 1484 1142 utilitatis,
1524 1076 1616 1130 sed
1647 1075 1692 1130 si
1722 1075 1939 1145 sangui-

361 1191 493 1245 suga
526 1173 772 1228 faucibus
807 1170 1046 1233 haeserit,
1097 1167 1244 1222 fumo
1300 1167 1440 1221 illius
1482 1173 1726 1234 excepto,
1759 1165 1940 1219 statim

362 1262 658 1326 evomitur;
690 1261 930 1328 insuper,
960 1267 1012 1313 et
1043 1255 1324 1312 diﬂicultas
1349 1256 1516 1310 urina:
1545 1255 1752 1309 cimicis
1779 1269 1942 1323 appo-

362 1353 556 1407 sitione
586 1350 818 1404 laxatur.
850 1349 1113 1403 Prteterea
1142 1361 1448 1416 porcorum,
1490 1358 1760 1406 anserum,
1791 1343 1942 1414 galli-

361 1456 550 1495 narum
583 1439 1017 1506 fasianorumque
1041 1438 1415 1507 pinguedines,
1444 1445 1574 1506 quot
1614 1435 1665 1488 in
1689 1451 1748 1489 se
1774 1434 1943 1489 inedi-

361 1539 606 1587 camenta
656 1531 992 1595 contineant,
1023 1529 1214 1584 medici
1257 1545 1364 1584 non
1403 1530 1672 1598 ignorant.
1711 1527 1941 1582 Pavonis

360 1621 519 1676 ﬁmus
563 1621 813 1692 podagrae
860 1611 1391 1689 noscitur'mitigare
1437 1617 1727 1673 fervorem.
1772 1615 1942 1687 Eger

360 1715 446 1770 leo
472 1715 518 1769 si
549 1715 758 1769 simiam
806 1711 1176 1777 devoraverit,
1197 1727 1319 1764 mox
1363 1711 1429 1764 de
1469 1707 1776 1764 valetudine
1813 1723 1942 1763 con-

2038 540 2095 588 et
2117 531 2304 587 aculeo
2325 533 2608 600 perimitur
2631 532 2948 602 scorpionis.
2980 532 3044 586 Et
3073 533 3193 602 quis
3223 548 3327 588 non
3384 535 3609 590 miretur

2006 618 2008 621 ’
2039 622 2182 692 quod
2209 621 2309 686 leo,
2339 622 2736 691 qul'eomantes
2783 624 2992 678 cervice
3031 632 3211 678 tauros
3237 625 3463 691 excutit,
3519 629 3609 694 qui

2040 711 2248 768 sublato
2277 722 2491 782 pectore
2520 712 2780 766 terribilia
2809 711 2937 767 feris
2965 727 3059 767 ora
3091 713 3352 782 superbus
3393 714 3608 776 attollit,

2039 801 2310 872 perexigui
2332 799 2628 870 scorpionis
2652 800 2893 854 aculeum
2908 801 3273 870 pertimescit?
3295 801 3425 868 Quis
3447 804 3608 857 etiam

2041 891 2398 947 admiratione
2426 891 2588 946 ducat
2613 891 2887 961 indignum
2921 891 3062 960 quod
3110 891 3347 961 elephas,
3375 893 3463 962 qui
3497 901 3608 946 tur-

2040 982 2141 1035 rita
2167 988 2343 1035 castra
2392 987 2466 1033 tot
2493 978 2731 1034 loricatis
2761 979 2914 1048 plena
2942 979 3198 1034 militibus
3227 988 3421 1049 portat,
3455 981 3614 1035 unius

2042 1071 2251 1126 arboris
2281 1069 2389 1124 ictu
2439 1072 2724 1140 depressus
2751 1070 3067 1125 occumbat?
3093 1069 3223 1124 Nam
3255 1070 3341 1139 qui
3392 1071 3610 1141 triginta

2042 1165 2175 1221 duos
2211 1173 2470 1228 armatos,
2500 1162 2581 1218 vel
2614 1162 2813 1232 plures,
2842 1171 2897 1217 et
2924 1177 3045 1216 cum
3077 1163 3312 1217 turribus
3342 1163 3406 1217 ad
3444 1164 3614 1218 instar

2041 1255 2252 1310 urbium
2284 1255 2512 1322 desuper
2557 1254 2916 1308 eminentibus
2969 1254 3283 1308 sustinendo
3313 1270 3418 1308 non
3450 1255 3612 1317 cedit,

2042 1344 2108 1398 ad
2137 1353 2322 1398 casam
2352 1343 2512 1397 unius
2544 1341 2754 1396 arboris
2783 1342 3004 1396 corruit.
3044 1341 3141 1397 Cui
3166 1342 3410 1397 videlicet
3433 1344 3615 1398 arbori

2041 1433 2352 1504 frequenter
2371 1433 2585 1488 innixus
2606 1433 2690 1489 vel
2719 1441 2972 1488 constans
2993 1433 3141 1504 ﬁgat,
3167 1434 3248 1488 vel
3289 1435 3340 1488 in
3366 1450 3614 1504 soporem

2042 1538 2100 1580 se
2116 1523 2440 1593 quiescendo
2462 1523 2689 1578 relaxat.
2717 1523 2964 1579 Nonnulli
2987 1540 3200 1595 quoque
3223 1525 3319 1580 has
3346 1526 3618 1581 instruunt

2041 1601 2260 1688 propter
2286 1617 2420 1671 ebur
2444 1615 2669 1670 insidias
2706 1622 2766 1669 ut
2793 1617 3063 1681 arborem,
3093 1631 3250 1685 quam
3276 1617 3491 1686 elephas
3539 1618 3619 1672 iu-

2043 1709 2262 1764 nitendo
2287 1707 2611 1778 frequentat,
2646 1721 2708 1760 ex
2741 1706 2906 1762 altera
2938 1715 3088 1775 parte
3111 1723 3279 1776 usque
3295 1707 3360 1760 ad
3387 1709 3618 1762 medium

360 1804 605 1865 valescit.
646 1802 978 1871 Leopardus,
1000 1867 1010 1878 ι
1031 1801 1076 1856 si
1121 1801 1352 1872 agrestis
1377 1814 1582 1870 capreae
1629 1800 1942 1870 sanguinem
1975 1797 2018 1856 Β
2050 1798 2160 1854 fere
2182 1799 2486 1863 concidant,
2530 1805 2585 1853 et
2611 1798 2689 1853 sic
2717 1797 2881 1852 arbor
2908 1798 2974 1852 ad
3005 1806 3110 1852 tam
3141 1799 3380 1854 enormis
3425 1799 3620 1854 molem

360 1895 599 1958 hauriat,
624 1894 745 1948 vim.
762 1891 1036 1963 languoris
1064 1891 1250 1945 evitat.
1302 1889 1470 1945 Ursus
1508 1904 1650 1958 (Png
1688 1889 1944 1944 formicas

361 1997 534 2040 vorat.
569 1983 774 2039 Cervus
801 1982 1083 2052 languidus
1127 1980 1258 2036 oleae
1298 1980 1650 2045 ratnusculos,
1683 1988 1742 2033 ut
1789 1993 1948 2034 sane-

327 2063 332 2066 ‘
363 2073 782 2143 tur,_eﬂlagitat.
822 2072 931 2127 Cur
969 2079 1146 2125 autem
1187 2071 1300 2124 haec
1345 2069 1523 2148 (punio
1551 2077 1738 2136 potens
1765 2082 1942 2121 rerum

359 2163 619 2220 Conditor
640 2163 847 2218 naturis
871 2160 1180 2216 animalium
1203 2160 1417 2224 indidit,
1444 2159 1546 2213 nisi
1569 2159 1692 2228 quia
1727 2159 1939 2213 diversa

359 2269 456 2323 per
501 2254 615 2307 haec
665 2251 864 2306 homini
905 2251 1025 2306 vitae
1070 2249 1228 2320 hujus
1279 2250 1640 2306 emolumenta
1676 2249 1944 2318 providit?

362 2343 434 2399 Ut
461 2344 586 2398 dum
617 2351 897 2407 creaturae,
929 2357 1048 2411 qute
1091 2341 1345 2411 subjecta:
1389 2349 1512 2395 sunt
1562 2338 1787 2404 homini,
1821 2353 1943 2393 sese

361 2434 594 2490 invicem
621 2433 868 2497 fulciunt,
898 2430 962 2485 ad
991 2431 1276 2486 utilitatem
1319 2431 1436 2501 ejus
1471 2429 1560 2500 qui
1588 2428 1838 2498 praelatus
1862 2435 1945 2482 est

359 2525 609 2578 omnibus
636 2521 819 2576 omnia
858 2519 1177 2575 referantur.
1210 2519 1275 2574 Et
1305 2519 1430 2576 dum
1463 2520 1515 2572 iu
1545 2517 1800 2586 operibus
1831 2516 1945 2570 suis

261 2637 264 2639 ·
360 2615 655 2669 bonitatem
681 2614 908 2666 miratur
944 2610 1176 2680 opiﬁcis,
1218 2610 1332 2679 ipse
1367 2626 1472 2664 non
1517 2609 1720 2663 haereat
1763 2605 1946 2662 condi-

363 2707 463 2771 tis,
487 2705 582 2760 sed
604 2712 878 2775 aspectum
907 2702 1176 2756 desideret
1197 2701 1525 2756 Conditoris.
1557 2697 1758 2754 Omnes
1787 2698 1945 2769 plane

363 2806 584 2851 naturas
633 2792 967 2857 animalium,
1015 2807 1147 2861 quas
1195 2806 1356 2860 supra
1400 2788 1845 2860 perstrinximus,
1898 2787 1942 2842 si

362 2885 483 2958 quis
542 2884 779 2939 elaboret
844 2871 1069 2936 solerter
1125 2882 1426 2950 inspicere,
1495 2878 1700 2932 utiliter
1749 2877 1944 2947 poterit

364 2986 418 3032 tu
478 2979 726 3031 humana:
774 2973 1140 3030 conversionis
1194 2972 1440 3041 exempla
1501 2967 1830 3033 transferre,
1887 2977 1946 3022 ut

364 3068 598 3138 qualiter
626 3068 787 3121 homo
815 3067 978 3131 vivat,
1017 3065 1086 3120 ab
1111 3064 1227 3135 ipsa
1251 3076 1464 3133 quoque
1498 3060 1725 3115 rationis
1757 3055 1942 3128 ignara

2044 1889 2287 1960 corporis
2317 1898 2556 1942 corruat.
2585 1887 2711 1950 Sed,
2743 1888 2869 1942 dum
2897 1888 3153 1956 quasdam
3186 1888 3494 1942 animalium
3520 1905 3618 1942 na-

2046 1995 2193 2040 turas
2225 1982 2291 2035 ad
2329 1979 2740 2046 aedificationem
2790 1988 3044 2045 vestram,
3095 1978 3292 2034 fratres
3344 1981 3472 2044 mei,
3503 1981 3622 2038 dili-

2043 2073 2254 2145 gentius
2279 2072 2645 2127 enumerando
2686 2071 3079 2141 prosequimur,
3118 2085 3452 2141 nequaquam
3487 2071 3624 2126 obli.

2042 2163 2355 2220 viscendum
2380 2164 2607 2233 estquia
2639 2177 2744 2216 non
2769 2162 2984 2228 librum,
3014 2162 3107 2216 sed
3138 2161 3418 2230 epistolam
3447 2162 3623 2217 adorti

2043 2267 2228 2308 smnus
2260 2271 2272 2304 :
2305 2251 2654 2321 quamobrem
2691 2250 2956 2306 currentis
2988 2249 3198 2314 articuli
3228 2250 3525 2305 cohibenda
3558 2250 3617 2303 li-

2042 2343 2249 2406 bertas,
2281 2340 2539 2395 frenanda
2576 2340 2823 2395 voluntas
2854 2349 2964 2404 est;
2995 2350 3261 2413 quatenus
3287 2341 3363 2395 sic
3389 2341 3623 2395 :edilica-

2046 2433 2176 2487 tioni
2207 2432 2444 2486 charitas
2473 2434 2692 2497 serviat,
2723 2440 2780 2485 ttt
2801 2440 2978 2486 tamen
3005 2431 3219 2485 modum
3247 2447 3398 2485 suum
3423 2432 3624 2500 episto-

2046 2521 2173 2576 laris
2195 2520 2496 2591 compendii
2525 2521 2790 2575 sobrietas
2814 2536 2918 2575 non
2959 2520 3204 2575 excedat.
3239 2520 3624 2579 Mouasterium

2046 2612 2228 2680 itaque
2251 2621 2513 2676 vestrum,
2544 2610 2904 2675 dilectissimi,
2941 2611 3159 2680 quidam
3206 2611 3489 2681 paradisus
3523 2623 3622 2673 est,

2046 2701 2098 2755 in
2125 2715 2232 2770 quo
2259 2699 2506 2754 videlicet
2541 2699 2880 2770 omnipotens
2919 2700 3201 2765 Conditor,
3234 2701 3358 2754 dum
3386 2702 3626 2756 diversos

2046 2793 2319 2848 hominum
2343 2805 2520 2845 mores
2544 2791 2744 2860 posuit,
2765 2791 2914 2861 quasi
2944 2793 3040 2846 ttia
3063 2792 3374 2846 animalium
3407 2809 3624 2864 genera,

2047 2890 2346 2943 terrenum,
2378 2879 2596 2934 natatile
2625 2895 2689 2934 ac
2721 2881 2936 2935 volatile
2987 2881 3211 2936 creavit.
3262 2880 3387 2938 llwc
3425 2891 3508 2935 est
3538 2882 3626 2936 illa

2044 2981 2200 3027 vetus
2225 2971 2464 3042 mysticae
2490 2971 2903 3040 significationis”
2927 2988 3071 3032 arca,
3104 2973 3152 3024 iu
3183 2989 3285 3041 qua
3309 2985 3626 3026 cunctorum

2047 3059 2358 3115 animalium
2397 3061 2604 3128 species
2636 3061 3002 3116 includuntur.
3029 3061 3138 3116 "0C
3170 3071 3251 3116 est
3274 3062 3503 3130 denique
3535 3078 3628 3116 tas

364 3135 622 3230 pecorum
658 3167 847 3210 natura
896 3156 1191 3210 condiscat.
1223 3153 1378 3218 Nam,
1421 3160 1479 3205 ut
1502 3149 1790 3220 Apostolus
1829 3149 1940 3203 ait:
1973 3141 2016 3202 C
2049 3149 2199 3214 illud,
2232 3149 2372 3219 quod
2429 3158 2661 3219 quatuor
2686 3152 2914 3206 manicis
2950 3152 3190 3206 submitti
3235 3153 3300 3206 de
3331 3153 3466 3205 coelo
3498 3135 3628 3206 vidit

368 3267 388 3300 ι
431 3247 546 3302 Νοη
573 3257 654 3302 est
682 3247 788 3302 Deo
816 3263 942 3302 cura
970 3247 1035 3302 de
1059 3247 1229 3301 bobus
1254 3244 1305 3315 (I
1352 3243 1476 3298 Cor.
1504 3245 1614 3312 ta);
1647 3262 1665 3295 ι
1695 3243 1789 3296 sed
1816 3242 1941 3295 dum

365 3339 421 3394 in
471 3340 646 3394 brutis
695 3337 1016 3392 animalibus
1070 3337 1268 3405 aliqntd
1319 3335 1526 3404 insigne
1574 3332 1940 3402 conspicitur,

364 3429 526 3482 homo
554 3429 821 3497 protinus,
855 3436 912 3481 ut
939 3425 1193 3495 quidquid
1220 3425 1344 3480 illud
1371 3433 1460 3479 est
1499 3423 1563 3477 ad
1586 3423 1667 3478 sui
1702 3423 1942 3476 conside-

367 3518 632 3573 ‘ationetn
660 3526 990 3586 retorqueat,
1013 3517 1352 3569 admonetur.

930 3607 1156 3665 CAPUT
1195 3607 1384 3662 XXVI.

935 3703 1012 3758 De
1038 3705 1158 3774 lupo
1181 3713 1227 3759 et
1257 3720 1366 3758 ove.

350 3823 354 3830 ι
434 3797 576 3864 Quid
603 3806 685 3853 est
705 3797 847 3852 enim
879 3796 1019 3866 quod
1051 3796 1226 3864 lupus,
1257 3797 1300 3850 si
1335 3805 1422 3851 tuo
1451 3795 1612 3852 fuerit
1640 3801 1945 3866 praaventns

366 3899 609 3959 aspectu,
653 3903 761 3943 non
800 3886 942 3941 valet
988 3885 1249 3956 eﬂ'ugcre;
1299 3887 1344 3940 si
1389 3895 1439 3940 te
1483 3886 1570 3940 ille
1601 3885 1942 3955 praevenerit,

365 3992 550 4033 vocem
604 3977 696 4032 tibi
754 3976 1012 4046 probatur
1063 3974 1321 4029 auferre?
1381 3975 1445 4029 Et
1487 3983 1545 4029 ut
1598 3975 1768 4043 magis
1824 3983 1945 4028 stu-

362 4082 514 4138 peas,
567 4067 610 4121 si
659 4065 1014 4130 obmutueris,
1063 4074 1208 4119 tuum
1251 4064 1415 4120 solvis
1457 4065 1736 4129 amictum,
1787 4075 1843 4118 et
1885 4064 1947 4118 il-

363 4156 467 4211 lico
526 4170 811 4224 recuperas
850 4155 1094 4209 verbum.
1131 4153 1284 4222 Quod
1325 4154 1370 4209 si
1414 4153 1568 4222 lupus
1606 4153 1658 4208 in
1712 4163 1763 4207 te
1808 4152 1946 4208 forte

363 4245 675 4314 repentinus
697 4243 944 4314 inSurgit,
975 4243 1154 4312 arripe
1179 4252 1404 4313 petram,
1433 4253 1485 4297 et
1521 4243 1765 4313 protinus
1789 4241 1941 4313 fugit.

363 4335 493 4402 Quae
545 4345 724 4390 autem
771 4343 854 4389 est
908 4346 1091 4403 petra,
1141 4333 1242 4386 nisi
1282 4331 1564 4387 Christus?
1612 4329 1662 4402 (I
1709 4330 1829 4385 Cor.
1889 4330 1943 4403 x)

364 4438 522 4493 quem
549 4424 807 4492 profecto,
841 4423 908 4486 si,
932 4422 1070 4477 sicut
1108 4421 1325 4492 dignum
1369 4429 1471 4486 est,
1516 4421 1732 4489 arripis,
1761 4419 1941 4489 lttpum

364 4512 619 4581 spiritalis
643 4513 918 4582 nequitize,
934 4513 1025 4582 qui
1053 4523 1103 4566 te
1124 4509 1760 4582 persequitur,ell'ugabis
1777 4529 1790 4576 ;
1810 4521 1863 4566 et
1885 4521 1944 4566 ut

361 4602 524 4673 825
572 4603 697 4658 hinc
736 4603 1110 4657 incunctanter
1151 4602 1406 4670 expediar
1431 4641 1445 4667 ,
1491 4601 1637 4655 solve
1686 4601 1940 4656 amictum

364 4703 512 4747 tuum
545 4707 640 4764 per
668 4683 1085 4756 confessionem,
1115 4701 1173 4746 ut
1201 4707 1305 4746 non
1336 4701 1535 4754 mutus,
1568 4692 1661 4745 sed
1687 4691 1943 4761 eloquens

363 4790 606 4845 serendae
627 4789 1026 4860 praedicationis
1065 4789 1264 4843 habeas
1299 4788 1622 4849 libertatem,
1663 4785 1940 4855 Scriptura

364 4889 639 4936 testante:
701 4901 718 4932 ι
757 4881 854 4936 Dic
894 4891 948 4934 tu
996 4879 1305 4948 iniquitates
1353 4887 1494 4938 tuas,
1525 4885 1583 4930 ut
1627 4876 1942 4945 justiﬂceris

363 4967 499 5039 (Ian.
539 4970 709 5040 xuu).
752 4987 769 5019 i
803 4967 955 5034 Quis,
993 4981 1196 5036 (ιυςυδο,
1230 4966 1412 5020 docuit
1454 4979 1630 5026 ovem,
1660 4973 1718 5019 ttt
1747 4964 1941 5020 hiemis

364 5058 598 5127 inopiam
631 5060 832 5123 timeat,
864 5067 1028 5127 atque
1055 5058 1176 5111 ideo
1206 5057 1352 5112 velut
1378 5057 1700 5112 insatiabilis
1729 5065 1941 5111 autum-

361 5138 469 5203 nali
503 5157 743 5220 tetupore
793 5151 992 5205 herbas
1017 5147 1416 5218 inexplebiliter
1443 5149 1676 5219 carpat?
1719 5149 1940 5210 Avidius

361 5239 504 5292 enim
529 5238 686 5293 solito
709 5248 834 5293 tunc
860 5237 1112 5308 pabulum
1149 5237 1314 5305 rapit,
1341 5237 1680 5307 herbamque
1702 5253 1808 5292 non
1839 5253 1932 5291 ne-

363 5329 542 5384 sciens
571 5315 897 5393 defuturam,
925 5344 1063 5393 sese,
1096 5329 1221 5382 dum
1248 5328 1395 5394 licet,
1427 5329 1650 5383 uberius
1673 5328 1857 5394 farcit,
1882 5338 1941 5382 ut

359 5425 518 5492 quasi
545 5422 740 5478 futura:
771 5431 1102 5494 prreparetur
1131 5422 1322 5492 inopim
1345 5429 1400 5477 et
1434 5419 1608 5474 victus
1655 5420 1739 5473 sui
1793 5419 1938 5474 lucra

362 5521 607 5582 reponat,
650 5523 938 5584 antequam
968 5515 1151 5568 virens
1205 5514 1372 5567 herba
1413 5511 1648 5566 deficiat.
1705 5510 1810 5567 Sed
1842 5527 1944 5567 nec

362 5600 491 5657 illud
519 5612 604 5658 est
628 5604 745 5659 sine
764 5619 926 5660 causa
956 5605 1098 5673 quod
1126 5604 1345 5677 elephas
1385 5601 1941 5657 formidabilis'tauris

343 5695 805 5771 'murem-tirpeat.
842 5695 970 5761 Leo,
1004 5711 1092 5748 res
1126 5694 1384 5759 ferarum,
1424 5689 1660 5763 pavescit
1693 5692 1939 5762 exiguum

2044 3239 2234 3296 Petrus
2276 3240 2329 3294 in
2382 3248 2606 3308 terram,
2641 3243 2694 3297 in
2731 3257 2835 3312 quo
2859 3253 3012 3301 erant
3045 3245 3223 3297 omnia
3261 3243 3627 3313 quadruped‘a

2043 3340 2097 3386 et
2147 3331 2419 3402 serpentia
2454 3341 2611 3388 terrre
2665 3342 2716 3388 et
2749 3334 2984 3389 volatilia
3015 3335 3156 3389 eteli.
3191 3333 3295 3389 Sed
3343 3352 3465 3388 eum
3519 3335 3628 3389 illis

2043 3426 2283 3481 dicitur:
2327 3445 2345 3477 ε
2396 3425 2587 3497 Surge,
2621 3426 2797 3493 Petre,
2850 3437 3024 3482 macta
3070 3436 3125 3482 et
3169 3428 3432 3482 manduca
3486 3428 3624 3502 (εδει.

2045 3519 2141 3590 x);
2183 3539 2200 3571 ι
2235 3520 2507 3574 credimus
2537 3535 2634 3588 per
2675 3521 3104 3575 miscricordiam
3137 3520 3336 3574 Christi
3375 3522 3627 3589 quoniam

2045 3610 2160 3666 hare
2215 3609 2493 3672 animalia,
2542 3625 2661 3677 qua:
2726 3625 2820 3666 vos
2869 3612 3020 3676 estis,
3069 3620 3124 3666 et
3171 3611 3239 3666 ab
3287 3611 3388 3665 hoc
3422 3610 3628 3666 saeculo

2044 3711 2171 3756 sunt
2198 3701 2361 3755 divini
2387 3701 2535 3755 verbi
2562 3717 2819 3757 mucrone
2848 3704 3060 3758 concisa
3088 3713 3142 3758 et
3171 3704 3223 3756 in
3253 3703 3628 3772 Redemptoris

2045 3794 2126 3848 sui
2148 3809 2341 3863 corpus
2366 3792 2614 3864 perfecta:
2645 3795 2927 3849 charitatis
2961 3796 3156 3851 ardore
3181 3795 3428 3873 conﬂata.
3461 3856 3464 3858 γ

2599 3885 2825 3941 CAPUT
2867 3887 3073 3941 XXV”.

2328 3973 2405 4028 De
2430 3975 2712 4046 vaniloquii
2739 3978 3021 4030 temeritate
3043 3978 3324 4050 frenanda.

2117 4067 2222 4122 Sed
2250 4066 2403 4122 valde
2445 4068 2742 4122 cavendum
2775 4078 2876 4133 est,
2907 4069 3032 4143 qpia
3078 4069 3308 4123 necdum
3330 4068 3382 4122 in
3414 4067 3624 4126 littorea

2046 4159 2277 4213 statione
2303 4159 2607 4228 quiescitis,
2638 4160 2732 4214 sed
2771 4160 3209 4229 inproceUarum
3253 4162 3427 4216 adlmc
3457 4163 3627 4220 turbi-

2048 4249 2203 4303 nibus
2232 4248 2510 4313 laboratis,
2537 4265 2604 4304 ne
2633 4247 2856 4308 ﬂabrum
2885 4250 2953 4304 ab
2979 4265 3076 4306 ore
3111 4260 3290 4304 vestro
3324 4252 3445 4304 vani
3473 4253 3628 4321 spiri-

2050 4350 2133 4395 tus
2157 4339 2355 4406 eﬂluat,
2380 4341 2470 4408 qui
2495 4338 2652 4412 hujus
2674 4341 2812 4410 ignis
2832 4341 3075 4397 ﬂammas
3092 4350 3418 4412 exstinguat.
3444 4341 3650 4397 Flatus'

2048 4431 2190 4486 enim
2219 4441 2273 4484 et
2308 4431 2593 4501 aliquando
2619 4431 2860 4486 ﬂaunnas
2888 4432 3033 4486 elicit
3061 4442 3116 4487 et
3143 4433 3429 4503 aliquando
3469 4433 3625 4488 ﬂatu-

2048 4537 2162 4576 mas
2185 4521 2478 4592 exstinguit
2499 4521 2666 4594 826
2695 4533 2876 4592 atque,
2905 4533 2962 4576 ut
2984 4523 3058 4576 ita
3084 4523 3331 4588 dixerim,
3351 4521 3627 4593 quasisnf-

2045 4613 2156 4666 ﬂat.
2193 4612 2384 4678 llomo,
2423 4629 2543 4668 cutn
2577 4629 2748 4669 sacrae
2774 4616 3032 4670 doctrinae
3057 4618 3313 4687 mysteria
3345 4619 3622 4687 praedicat,

2046 4704 2250 4768 sulllat,
2281 4712 2338 4758 et
2377 4720 2497 4757 cum
2521 4704 2710 4759 otiosis
2741 4705 2932 4760 fabulis
2962 4716 3152 4771 vacat;
3186 4708 3297 4768 sed,
3333 4709 3471 4761 sicut
3520 4723 3616 4775 per

2044 4793 2415 4848 mdilieationis
2465 4793 2625 4847 verba
2656 4794 2722 4849 ad
2748 4811 2987 4852 antorem
3017 4795 3110 4851 Dei
3135 4811 3231 4850 cor
3250 4797 3514 4850 audientis
3549 4797 3624 4850 in-

2045 4879 2304 4944 ﬂammat,
2331 4881 2409 4934 sic
2435 4882 2544 4950 agit
2573 4891 2630 4935 ut
2655 4898 2690 4936 a
2719 4883 2968 4951 superuis
3017 4883 3303 4938 desideriis.
3329 4898 3422 4952 per
3450 4885 3622 4938 otiosa
3655 4930 3657 4932 .

2046 4973 2209 5026 verba
2261 4971 2539 5048 frigescat.
2581 4971 2686 5028 Sed
2747 4973 2905 5029 ﬂatus
2960 4975 3098 5041 iste,
3137 4991 3296 5046 quem
3358 4976 3620 5041 diximus,

2045 5061 2184 5116 forte
2232 5063 2490 5118 ridiculus
2551 5065 2911 5135 deputabitur,
2964 5066 3064 5120 nisi
3114 5082 3284 5120 sacra:
3331 5059 3623 5138 Scriptum:

2047 5151 2369 5207 testimoniis
2398 5155 2740 5222 approbetur.
2769 5157 2902 5209 Audi
2946 5156 3126 5224 itaque
3158 5157 3222 5210 de
3253 5157 3455 5211 salubri
3493 5157 3618 5212 ﬂatu

2043 5242 2180 5310 quid
2209 5257 2304 5310 per
2337 5243 2527 5297 Isaiam
2561 5244 2818 5300 Dominus
2847 5246 2978 5301 dicit
3008 5263 3021 5300 :
3061 5266 3078 5296 ε
3110 5245 3225 5300 Non
3259 5247 3311 5300 in
3360 5257 3619 5302 aeternum

2044 5333 2285 5401 litigabo,
2318 5349 2493 5403 neque
2521 5350 2689 5405 usque
2715 5337 2782 5391 ad
2808 5340 2968 5392 tinem
2993 5340 3225 5405 irascar;
3249 5341 3372 5409 quia
3399 5341 3622 5410 spiritus

2045 5437 2076 5474 a
2105 5419 2243 5475 facie
2271 5437 2388 5476 mea
2420 5427 2749 5491 egredietur,
2786 5437 2842 5480 et
2868 5426 3051 5483 ﬂatum
3100 5444 3200 5500 ego
3246 5427 3438 5483 faciam
3473 5428 3616 5499 (Isa.
3653 5443 3656 5446 '

2046 5513 2196 5581 μνη).
2239 5531 2256 5565 ι
2292 5513 2430 5567 Audi
2461 5515 2561 5569 sub
2587 5515 2707 5570 aliis
2744 5517 2964 5588 syllabis
2988 5521 3054 5574 de
3085 5519 3228 5574 malo
3255 5519 3447 5589 spiritu
3490 5520 3619 5588 quid

2019 5603 2242 5659 ~l’aulus
2266 5604 2443 5660 dicat:
2477 5625 2494 5656 ι
2530 5605 2758 5662 Profana
2807 5619 2862 5664 et
2909 5610 3194 5680 vaniloqua
3223 5610 3382 5666 verba
3407 5607 3615 5670 devita;
3654 5657 3659 5662 .

2047 5695 2271 5754 multum
2330 5697 2469 5751 enim
2503 5699 2784 5768 proliciqu
2829 5700 2906 5760 ad,
2929 5699 3277 5772 impietatem,
3333 5711 3385 5754 et
3431 5709 3650 5755 sermo.
