4138 6320
387 303 492 363 783

1228 304 1470 362 oruse.
1509 305 1616 360 ιιι.
1649 335 1718 346 -
1755 306 1844 361 nr:
1886 304 2068 362 BONO’
2106 301 2446 360 RELIGIOSI
2485 301 2776 360 suros.
2840 290 2842 292 ’

3519 292 3626 359 796

385 411 539 470 ribus
578 404 860 468 vacuatur.
909 414 1048 480 Quid
1097 416 1240 470 enim
1285 417 1530 486 designat
1577 417 1833 481 calculus,
1863 417 1953 486 qui
1985 426 2032 478 Α
2060 416 2330 477 misceret,
2373 417 2572 470 maimo
2621 415 2886 484 protinus,
2921 422 3175 484 tanquam
3221 413 3467 485 zelotypo
3497 431 3625 469 con-

385 511 603 565 ostrear,
636 518 703 558 ne
752 503 1079 572 reeludatur,
1110 505 1367 574 injicitur,
1401 507 1502 560 nisi
1534 507 1789 562 duritiam
1834 523 1956 562 con-

386 593 707 657 suetudinis,
738 609 846 663 qua
898 596 1129 664 quisque
1184 611 1252 652 ne
1317 611 1437 652 sese
1488 599 1554 652 ad
1587 599 1956 668 pwnitentiam

388 680 626 735 emolliat
647 681 968 736 induratur?
997 683 1126 736 Nam
1157 686 1306 751 quasi
1341 686 1556 754 quidem
1583 686 1793 754 lapiilas
1832 702 1958 754 pra-

386 784 467 824 va:
497 773 901 828 consuetudinis
927 773 1123 836 obstat,
1156 788 1222 826 ne
1259 773 1324 836 is,
1349 777 1440 843 qui
1468 775 1770 828 fabularum
1805 785 1962 830 vacat

387 860 626 931 ineptiis,
653 878 680 917 a
733 879 828 918 sua
856 881 914 918 se
945 865 1182 918 vanitate
1221 865 1476 920 recludat.
1510 866 1647 932 Quid
1671 875 1852 920 autem
1879 875 1962 921 est

385 964 484 1019 per
511 948 737 1020 figuram
761 968 976 1012 cancer.
1004 954 1094 1024 qui
1120 964 1238 1022 post
1267 968 1327 1009 se
1354 955 1673 1010 naturaliter
1695 956 1958 1022 graditur,

386 1037 501 1092 nisi.
528 1050 773 1108 apostata
804 1043 1044 1112 spiritus,
1066 1044 1184 1112 qui,
1210 1053 1490 1112 postquam
1519 1046 1685 1098 semel
1711 1062 1739 1096 a
1766 1044 1962 1098 Condi-

388 1137 506 1184 tore
533 1133 776 1194 recessit,
811 1133 877 1186 in‘
903 1135 1203 1201 posteriora
1236 1135 1403 1188 relabi
1441 1151 1712 1204 nunquam
1750 1137 1909 1190 desiit
1937 1136 1962 1190 Ἰ

391 1217 541 1274 Unde
568 1231 624 1275 et
650 1223 892 1278 diabolus
921 1225 1305 1294 interpretatur
1334 1227 1576 1280 deorsum’
1604 1230 1793 1297 ﬂuens,
1818 1227 1958 1296 quod

386 1311 522 1365 sicut
551 1313 616 1367 de
657 1315 861 1370 sanctis
901 1316 1224 1371 animalibus
1251 1319 1482 1383 dicitur,
1521 1322 1777 1386 quoniam
1807 1325 1962 1370 erant

386 1399 548 1468 pedes
594 1416 781 1457 eorum
828 1403 958 1458 recti
1011 1402 1226 1473 (Ezeclt.
1276 1405 1348 1475 1);
1388 1406 1460 1458 ita
1503 1406 1697 1460 diaboli
1739 1405 1961 1476 ejusque

386 1489 708 1556 sequacibus
733 1493 900 1560 pedes
926 1492 977 1547 in
1004 1494 1303 1562 posteriora
1336 1502 1466 1548 sunt.
1491 1509 1704 1563 semper
1732 1494 1958 1563 obliqui.

943 1622 1170 1679 CAPUT
1204 1623 1396 1680 XXiX.

583 1729 660 1786 De
681 1732 855 1798 simia,
883 1743 930 1786 et
956 1750 1057 1803 quo
1085 1745 1239 1805 pacto
1267 1737 1420 1789 simia
1452 1737 1570 1807 capi
1589 1739 1772 1806 possit.

456 1841 524 1896 Et
553 1844 678 1913 quia
712 1860 770 1899 se
796 1861 974 1900 sermo
1003 1845 1068 1900 de
1093 1848 1317 1916 pedibus
1344 1847 1542 1912 intulit,
1576 1849 1715 1906 sicut
1739 1858 1962 1903 venator

387 1932 624 1996 simiam,
657 1936 734 1990 sic
760 1936 1075 2004 plerumque
1103 1947 1356 1992 versutus
1384 1938 1667 1993 insidiator
1705 1939 1961 2006 illaqueat

387 2023 642 2076 animam.
675 2023 972 2093 thuideut
1006 2042 1112 2079 non
1141 2027 1399 2096 scriptum
1431 2030 1626 2098 reperi,
1655 2030 1746 2083 sed
1773 2041 1836 2082 ex
1867 2043 1972 2082 ore-

385 2113 719 2182 perhibeutis
746 2113 944 2179 audivi,
971 2117 1220 2185 qlmniam
1274 2119 1624 2187 qul‘simiam
1649 2118 1840 2188 quterit
1867 2133 1962 2172 ca-

385 2219 514 2276 pere
528 2207 700 2258 vivam
734 2207 882 2276 prius
904 2209 1118 2262 sibimet
1143 2211 1357 2276 punicei
1382 2211 1576 2266 coloris
1608 2211 1817 2267 calceos
1838 2225 1987 2264 eoa»

388 2295 728 2364 suit,quibus
752 2298 998 2352 etsolcas
1021 2300 1085 2352 de
1115 2300 1331 2369 plumbo
1362 2302 1660 2366 subnectit;
1689 2317 1810 2357 cum
1836 2316 1967 2355 vero

387 2386 599 2442 simiam
615 2389 824 2442 eminus
851 2391 1062 2460 aspicit,
1081 2406 1145 2444 ea
1171 2403 1447 2454 cernente,
1474 2393 1696 2461 pedibus
1722 2393 1833 2446 suis
1855 2393 1965 2446 eal-

387 2492 514 2532 cc05
543 2480 715 2533 rubris
737 2496 888 2550 teque
913 2482 1162 2552 corrigiis
1191 2482 1380 2552 illigat,
1405 2463 1633 2550 eamque
1669 2485 1771 2539 huc
1809 2483 1964 2536 modo

386 2566 512 2635 quid
532 2571 868 2635 postmodum
893 2570 1078 2632 faciat,
1102 2573 1251 2640 quasi
1269 2575 1457 2627 doctor
1481 2574 1752 2639 informat;
1777 2574 1966 2628 deinfc

388 2653 620 2738 latenter
641 2660 854 2716 solvens
881 2663 1078 2717 ibidem
1104 2665 1314 2719 calceos
1335 2667 1530 2719 deserit
1553 2681 1779 2735 seseque
1803 2682 1966 2736 prope

387 2742 562 2803 locum
586 2750 809 2806 callidus
835 2753 1144 2822 explorator
1172 2754 1471 2809 abscondit.
1506 2755 1675 2810 Simia
1707 2769 1832 2808 vero
1848 2765 1969 2824 post

388 2838 680 2902 venatoris,
716 2835 773 2894 ut
829 2843 1102 2912 opinatur,
1142 2846 1478 2909 abscessum,
1539 2845 1757 2899 humani
1813 2855 1966 2898 actus

387 2927 576 2981 mnmla
612 2931 827 2988 relictos
854 2934 1066 2988 calceos
1116 2937 1228 2988 suis
1272 2951 1485 3005 quoque
1539 2937 1763 3005 pedibus
1800 2935 1969 3004 injicit

392 3033 455 3072 ac
487 3019 662 3088 ligulis
695 3021 907 3078 fortiter
943 3027 1186 3096 stringit;
1225 3029 1316 3080 sed
1356 3042 1483 3081 ecce
1518 3035 1737 3080 venator
1769 3026 1835 3079 de
1870 3041 1968 3078 suo

2057 504 2256 558 citatus
2279 505 2492 573 spiritu,
2517 519 2680 572 super
2702 513 2986 571 utrmnque
3013 502 3274 574 prosiliitf;
3307 504 3481 558 virum
3513 502 3624 557 vel-

2058 600 2118 649 ut
2155 594 2377 648 rivalem
2427 595 2661 648 brachiis
2694 604 2748 649 et
2795 595 2966 650 acutis
3007 595 3270 664 unguibus
3324 593 3626 662 arpaxavit,

2059 684 2330 739 mordicus
2361 684 2716 754 apprehendit
2755 692 2808 738 et
2836 683 3326 753 irreruperabiliter
3353 681 3630 736 laceravit.

2061 776 2150 831 Sic
2180 777 2362 846 itaque
2387 791 2568 830 annos
2594 776 2890 830 exstinctus
2916 782 3017 828 est.
3050 776 3311 829 lnnocens
3340 775 3499 844 igitur
3537 773 3634 827 ho-

2062 880 2151 923 mo
2195 868 2322 922 dmn
2379 868 2535 924 fidem
2592 867 2813 921 thalami
2857 877 3037 921 servat
3065 867 3237 930 uxori,
3271 868 3396 921 dum
3432 864 3633 919 animal

2063 973 2218 1011 suum
2247 957 2575 1027 quotidianis
2600 957 2691 1010 alit
2724 957 3028 1026 impendiis,
3065 957 3141 1010 nil
3171 957 3237 1010 ab
3267 967 3496 1025 utroque
3543 969 3634 1009 su-

2062 1045 2300 1115 Spicatur
2321 1046 2549 1108 adversi,
2596 1047 2847 1099 nimirum
2870 1047 2960 1114 qui
3003 1047 3340 1101 clementiam
3366 1044 3635 1115 praebebat

2059 1135 2240 1190 oﬂicii.
2278 1133 2402 1202 Sed,
2432 1134 2500 1188 alt
2533 1135 2740 1190 scelus!
2774 1144 2828 1189 et
2862 1135 3056 1188 femina
3085 1135 3416 1203 turpiterjus
3439 1131 3629 1198 conju«

2060 1226 2131 1294 gii
2160 1224 2344 1290 violat,
2385 1232 2438 1279 et
2464 1225 2630 1279 bestia
2660 1225 2711 1278 in
2739 1224 3210 1295 jugulumdmnini
3276 1223 3509 1294 gladium
3543 1222 3622 1275 vi-

2064 1316 2205 1366 brat.

2130 1404 2417 1459 Enitnvero
2465 1419 2634 1474 nuper
2659 1404 2849 1459 allatus
2891 1413 2972 1458 est
3001 1404 3222 1474 prtcfalo
3244 1417 3413 1472 papar,
3453 1408 3508 1456 et
3558 1400 3651 1454 sit

2062 1495 2172 1548 mut
2203 1504 2257 1547 et
2290 1496 2448 1548 nobis
2483 1494 2890 1561 grandiusculus
2913 1495 3128 1562 quidam
3158 1508 3328 1563 puer;
3359 1501 3406 1543 et
3436 1489 3630 1560 sijam,

2061 1593 2122 1638 ut
2173 1586 2393 1649 dicitur,
2431 1584 2744 1649 viccnnalis,
2813 1593 2990 1639 tamen
3043 1599 3263 1652 prorsus
3309 1581 3641 1653 elinguis'et

2065 1677 2317 1732 maimoni
2370 1677 2543 1731 forma
2587 1676 2902 1738 consimilis,
2942 1677 3013 1729 ita
3043 1685 3100 1729 ut
3145 1675 3332 1728 eodem
3372 1669 3634 1726 vocabulo

1989 1769 2033 1826 Β
2062 1776 2416 1836 nuncupetur.
2456 1766 2604 1822 Unde
2653 1767 2868 1820 sinistra
2906 1777 3084 1836 posset
3111 1765 3239 1819 oriri
3286 1762 3540 1832 suspicio,
3589 1761 3637 1815 si

2066 1856 2388 1923 ltujusmodi,
2429 1872 2532 1908 non
2559 1854 2665 1923 jam
2695 1857 2866 1909 dicam
2902 1855 3126 1920 ferinus,
3175 1854 3270 1909 sed
3301 1852 3468 1908 ferale
3511 1865 3635 1920 por-

2068 1955 2274 2001 tentum
2305 1956 2530 2016 paterna
2568 1955 2694 2001 tunc
2725 1947 2961 2002 aleretur
2987 1947 3037 2000 in
3071 1947 3282 2006 domo.-

2635 2037 2864 2093 CAPUT
2903 2038 3094 2092 ΧΧΧ..
3284 2025 3287 2029 ’

2731 2129 2975 2186 Πεκειο.

2140 2221 2246 2276 Sed
2287 2220 2413 2274 dmn
2442 2220 2506 2274 dc
2532 2218 3028 2294 turpifinlidelitate
3049 2218 3287 2274 mulieris
3308 2217 3630 2288 eloquimur.

2067 2321 2219 2368 cetus
2244 2312 2405 2366 etiam
2434 2310 2519 2364 ille
2546 2311 2786 2365 marinus
2814 2310 2966 2365 nobis
2995 2310 3046 2363 in
3073 2310 3384 2364 memoriam
3417 2325 3635 2365 revoca-

2068 2414 2156 2475 tur
2199 2405 2292 2474 qui
2342 2403 2594 2458 nimirum
2648 2417 2808 2471 super
2871 2416 3090 2456 enorme
3147 2415 3341 2470 corpus
3391 2399 3638 2458 sabulum

2065 2506 2266 2566 portat.
2300 2511 2362 2549 ac
2392 2503 2539 2564 terga
2571 2509 2665 2547 sua
2696 2507 2856 2562 super
2878 2491 3047 2545 undas
3072 2490 3266 2548 elevat.
3295 2499 3352 2544 ut
3382 2499 3640 2558 tanquam

2068 2586 2241 2640 insula
2281 2584 2472 2637 “Elt‘lllS
2512 2583 2750 2636 marinos
2777 2581 3024 2634 excedat.
3077 2578 3224 2633 llanc
3257 2578 3420 2648 igitur
3450 2579 3638 2630 incun-

2067 2675 2560 2732 ctaneterinsulam
2609 2686 2728 2727 esse
2755 2672 3035 2726 credentes
3084 2670 3313 2739 remiges
3342 2668 3633 2738 applicant,

2065 2767 2292 2838 paxillus
2329 2766 2521 2836 figunt,
2553 2764 2730 2834 navim
2785 2763 3004 2825 sistunt,
3037 2760 3181 2816 focos
3233 2760 3522 2822 instruunt,
3551 2760 3644 2814 sed

2067 2857 2240 2912 bellua
2271 2872 2390 2909 mox
2428 2864 2485 2908 ut
2523 2855 2660 2924 ignis
2711 2853 2874 2907 sentit
2901 2853 3169 2916 ardorem,
3204 2850 3346 2905 illico
3379 2850 3640 2917 mergitur

2070 2948 2120 3005 in
2151 2947 2475 3016 profundum
2508 2955 2564 2998 ct
2594 2958 2780 2998 navem
2807 2942 2965 2996 simul
2989 2956 3052 2996 ac
3080 2949 3272 2995 nautas
3293 2947 3447 2992 vorat
3476 2937 3640 2991 ferale

2069 3036 2424 3105 naufragium.
2460 3034 2592 3088 Nam
2637 3044 2691 3088 et
2729 3032 3025 3094 Gerardus,
3051 3040 3232 3085 noster
3256 3029 3500 3084 videlicet
3530 3041 3644 3082 mo-

389 3110 638 3181 proziatzs
676 3112 897 3170 latibulo
943 3119 1168 3185 prosilit,
1205 3117 1628 3187 discipulumque
1657 3133 1806 3171 suam
1844 3133 1967 3188 pro-
1999 3113 2040 3172 C
2076 3128 2300 3190 uncinis,
2337 3123 2520 3178 retulit
2568 3123 2621 3177 in
2669 3122 3004 3176 Normandite
3045 3121 3314 3176 littoribus
3338 3128 3549 3190 captam
3579 3133 3638 3173 se

391 3204 524 3274 priis
575 3206 839 3261 irretitum
887 3209 1116 3264 \iucuiis
1173 3211 1338 3279 capit.
1390 3210 1479 3264 Sic
1525 3225 1662 3277 sa~pc
1708 3208 1971 3277 malignus

393 3295 616 3364 Spiritus
643 3314 738 3367 per
783 3288 1059 3354 vasculum
1091 3315 1246 3354 suum
1279 3301 1572 3370 quemlibet
1599 3300 1843 3356 videlicet
1875 3300 1973 3352 im-

392 3387 620 3456 probum
682 3405 744 3443 ac
789 3401 1097 3460 protervum
1154 3392 1310 3446 docet
1359 3393 1672 3446 innocentes
1727 3391 1973 3445 homines

392 3489 740 3548 peccatorum
767 3483 995 3538 vinculis
1026 3475 1247 3545 irreliri,
1283 3494 1340 3538 ut
1365 3485 1430 3536 ad
1465 3483 1621 3541 mala,
1649 3499 1765 3552 qum
1791 3497 1972 3536 coram

396 3568 733 3624 intuentibus
789 3573 1031 3636 exhibet,
1061 3589 1156 3627 eos
1186 3573 1297 3641 ipse
1328 3573 1479 3641 quasi
1506 3573 1611 3625 dux
1643 3583 1693 3625 et
1721 3571 1977 3640 magister

397 3658 608 3725 invitet,
639 3673 694 3716 ct
729 3661 857 3715 dum
913 3679 1138 3733 pravum
1165 3663 1388 3720 :crnclus
1425 3665 1684 3735 sequitur,
1722 3665 1833 3718 siris
1865 3664 1976 3732 ipse

398 3748 606 3819 laqueis
652 3753 916 3823 capiatur.

468 3847 574 3902 Sed
599 3858 652 3903 et
674 3849 800 3903 illud
825 3867 964 3904 nime
989 3851 1376 3922 subscqucnter
1401 3856 1660 3918 occurrit,
1682 3853 1822 3923 quod
1847 3853 1974 3907 mihi

397 3939 628 3996 domnus
678 3943 980 3998 Alevauder
1039 3959 1171 4014 papa
1231 3946 1456 3999 necdum
1509 3961 1749 4008 emenso,
1800 3955 1859 3998 ut
1907 3947 1976 4000 ita

399 4032 614 4102 loquar,
648 4050 832 4091 mense
855 4038 1112 4092 narravit.
1148 4038 1402 4092 Aitenim
1451 4039 1575 4107 quia
1606 4055 1775 4107 nuper
1797 4054 1979 4094 comes

399 4125 696 4182 Gulielmus
733 4129 784 4182 in
813 4128 1040 4199 Liguria:
1078 4128 1320 4198 partilms
1363 4129 1616 4182 habitans
1653 4145 1854 4182 marem
1884 4129 1978 4182 ha-

401 4219 564 4275 bebat
611 4219 803 4283 simizc,
836 4221 926 4290 qui
960 4220 1114 4290 vulgo
1149 4220 1344 4276 maimo
1373 4220 1589 4283 dicitur,
1637 4237 1758 4274 cum
1792 4236 1898 4290 quo
1925 4231 1980 4276 et

400 4325 539 4364 uxor
562 4311 697 4382 ejus,
723 4320 778 4364 ut
813 4321 930 4365 erat
964 4313 1225 4381 impudica
1251 4328 1472 4383 prorsus
1501 4329 1564 4367 ac
1593 4313 1860 4381 petulans,
1893 4313 1972 4365 la-

403 4403 606 4458 scivius
665 4405 972 4473 joCal;atur.
1028 4405 1158 4458 [\‘am
1215 4415 1267 4460 et
1339 4421 1438 4476 ego
1490 4406 1624 4460 duos
1667 4405 1785 4475 ejus
1842 4405 1977 4458 lilios

402 4495 552 4557 vidi,
606 4512 740 4565 quos
794 4499 860 4552 de
908 4497 1160 4566 episcopo
1222 4498 1456 4566 quodam
1518 4498 1804 4566 plcetibilis
1861 4496 1979 4568 lupa

405 4597 734 4659 pepererat;
785 4587 938 4657 cujus
989 4589 1227 4659 episcopi
1280 4604 1376 4643 nos
1432 4591 1738 4660 exprimere
1788 4606 1980 4652 nomen

404 4678 745 4744 omittimus,
803 4681 930 4747 quia
1003 4688 1192 4732 notare
1262 4680 1558 4748 quemlibet
1609 4679 1827 4732 infamia
1876 4696 1982 4733 nun

405 4768 724 4838 gaudemus.
798 4768 932 4822 Cum
1013 4769 1176 4840 igitur
1255 4769 1516 4841 petulanti
1587 4771 1714 4824 fera:
1795 4769 1984 4824 mulier

406 4873 547 4929 sarpc
606 4860 903 4916 eolluderet
942 4905 958 4928 ,
1017 4862 1160 4917 ulnis
1212 4846 1586 4932 astringeret,
1648 4861 1984 4931 amplexibus

407 4944 736 5005 denitdccret
767 4991 783 5014 ,
840 4951 932 5006 sed
986 4961 1038 5007 et
1084 4952 1174 5006 ille
1227 4951 1577 5007 nihilominus
1631 4952 1872 5020 qua-dam
1924 4949 1989 5003 li-

407 5039 607 5095 bidinis
633 5042 800 5113 829
829 5042 981 5108 signa
1022 5044 1378 5112 pr.ctenderct
1408 5052 1568 5112 atque
1599 5044 1662 5095 ad
1701 5043 1894 5096 nudam
1927 5039 1985 5093 il-

409 5129 512 5187 lius
525 5147 738 5186 carnem
756 5135 1058 5202 pertingere
1083 5132 1402 5202 quibusdam
1417 5133 1658 5200 gestibus
1673 5131 1949 5186 anhelare!
1969 5171 1984 5196 ,

411 5222 550 5280 dixit
571 5226 619 5280 ei
649 5225 980 5280 cubicularia
1017 5241 1110 5276 sua
1152 5243 1164 5277 :
1204 5223 1482 5288 Permitte,
1513 5223 1554 5277 si
1605 5220 1985 5292 placet,quid—

399 5314 538 5391 [quid
566 5314 678 5368 vult
705 5329 886 5386 agere,
920 5326 975 5369 ut
1005 5314 1203 5383 liquido
1234 5320 1415 5382 pateat
1439 5312 1567 5380 quid
1600 5312 1786 5364 nititur
1812 5320 1985 5364 atten-

416 5414 546 5460 tare.
579 5405 716 5472 Quid
747 5406 932 5475 plura?
973 5405 1240 5476 permisit,
1271 5414 1324 5459 et
1348 5405 1489 5473 quod
1520 5412 1671 5470 turpe
1701 5403 1843 5456 dictu
1876 5410 1983 5465 est,

413 5509 536 5550 cum
581 5494 779 5548 femina
816 5495 925 5549 fera
957 5495 1246 5550 concubuit
1274 5510 1288 5559 ;
1324 5493 1514 5548 deinde
1542 5492 1876 5546 consuetudo
1910 5499 1988 5544 tc-

417 5584 550 5649 nuit,
582 5594 636 5638 et
661 5587 1043 5640 commercium
1065 5584 1286 5641 inauditi
1316 5583 1536 5638 sceleris
1577 5581 1815 5636 inolevit.
1840 5580 1984 5647 Qua-

417 5677 538 5731 dam
571 5692 699 5730 vero
734 5678 817 5730 die
845 5678 968 5732 dum
1021 5692 1078 5733 se
1124 5692 1304 5732 comes
1353 5675 1506 5731 uxori
1546 5672 1808 5742 conjugali
1842 5687 1989 5728 more

2073 3218 2270 3271 vidisse
2297 3216 2578 3280 balrenam,
2608 3217 2672 3270 de
2701 3216 2853 3284 cujus
2880 3214 3073 3284 lingua:
3115 3213 3367 3267 carnilms
3395 3220 3648 3281 quatuor.-

2077 3307 2249 3363 dccim
2284 3305 2533 3374 sagmarii
2562 3313 2687 3358 sunt
2728 3319 2833 3356 non
2877 3301 3066 3355 leviter
3090 3302 3316 3354 onerati.
3351 3299 3456 3354 Sed
3487 3307 3545 3353 ut
3581 3295 3648 3352 ad

2076 3398 2218 3452 aliud
2265 3397 2475 3450 redeam
2506 3395 2644 3448 unde
2691 3394 2961 3461 digressus
3000 3406 3139 3453 sum,
3180 3390 3306 3457 quid
3355 3389 3569 3450 mirum,
3601 3387 3652 3439 si

2077 3486 2234 3540 fidem
2267 3485 2319 3538 in
2347 3483 2518 3538 bellua
2552 3495 2711 3536 nauta
2739 3497 2842 3536 non
2867 3480 3084 3549 reperit,
3115 3494 3272 3548 quam
3302 3476 3460 3536 etvir
3485 3474 3650 3546 830

2078 3575 2130 3630 ia
2162 3589 2331 3628 uxore
2375 3572 2589 3642 propria
2619 3586 2721 3624 non
2760 3569 2965 3622 invenit
2989 3569 3012 3621 ’ἰ
3054 3567 3192 3634 Quid
3223 3565 3439 3628 mirum,
3475 3563 3518 3617 si
3564 3564 3651 3617 bc-

2077 3665 2180 3722 stia
2207 3649 2348 3718 muta
2375 3663 2601 3716 insulam
2630 3661 2850 3716 mentita
2880 3659 3130 3730 procellis
3152 3656 3500 3726 immergitur,
3529 3669 3649 3708 cum

2084 3769 2139 3814 et
2179 3757 2372 3812 mulier
2402 3756 2597 3810 violata
2653 3755 2754 3808 fide
2803 3751 3036 3821 conjugii
3067 3761 3122 3805 et
3153 3749 3337 3802 ferinis
3398 3745 3655 3814 amplexi-

2079 3851 2179 3905 bus
2227 3847 2576 3918 expoliatur?
2619 3844 2754 3910 Quid
2783 3843 2926 3896 enim
2976 3851 3084 3895 tam
3133 3847 3395 3896 nostrum.
3443 3844 3497 3888 et
3541 3843 3649 3887 tam

2080 3941 2282 4010 proprii
2326 3939 2465 4008 juris
2497 3937 2548 3990 in
2581 3937 2682 3991 hoc
2715 3934 2932 3995 mundo,
2961 3930 3048 3986 cui
3101 3929 3229 3982 varii
3275 3940 3433 3980 casus
3486 3923 3653 3995 possit

2081 4031 2266 4084 deesse
2294 4026 2526 4096 suspicio
2547 4025 2570 4080 ἲ

2152 4119 2362 4174 Nostris
2396 4119 2592 4188 quippe
2627 4113 2956 4184 temporibus
2991 4111 3166 4165 audivi
3198 4107 3487 4178 contigisse
3509 4105 3656 4175 quod

2081 4224 2266 4263 narro.
2293 4207 2534 4261 Piscator
2557 4204 2775 4274 quidam
2806 4201 3085 4272 parvulum
3118 4200 3168 4253 in
3197 4197 3356 4251 lembi
3390 4195 3467 4248 sui
3495 4209 3651 4264 prora

2080 4299 2248 4352 filium
2293 4313 2446 4351 suum
2484 4293 2683 4364 posuit,
2717 4308 2780 4346 ac
2827 4292 2878 4344 in
2911 4290 3104 4344 ﬂuenta
3140 4285 3483 4358 progrediens
3530 4297 3657 4336 con-

2081 4407 2233 4463 grum
2266 4388 2485 4460 prolixa:
2507 4384 2888 4455 magnitudinis
2921 4381 3081 4450 cepit.
3113 4379 3287 4433 laetus
3317 4376 3496 4443 itaque
3520 4387 3656 4441 pra:-

2017 4469 2057 4525 υ
2085 4483 2206 4537 dam
2235 4479 2459 4550 proiecit
2488 4481 2539 4532 in
2565 4477 2765 4538 navim,
2796 4475 2867 4527 ita
2895 4485 2951 4527 ut
2984 4481 3145 4542 caput
3172 4469 3287 4540 ejus
3313 4476 3499 4520 contra
3529 4477 3656 4534 pue-

2090 4589 2208 4628 rum
2237 4578 2490 4635 verteret,
2513 4583 2651 4639 puer
2693 4575 2870 4620 autem
2915 4580 2944 4619 e
3002 4564 3217 4634 regione
3263 4560 3496 4614 sederet.
3549 4552 3655 4609 Sed

2089 4679 2208 4718 cum
2241 4663 2476 4732 piscator
2527 4660 2763 4713 intentus
2794 4656 3016 4724 remigio
3059 4654 3232 4708 redire
3287 4647 3656 4709 contenderet,

2088 4763 2140 4809 ct
2171 4753 2364 4807 alacris
2396 4754 2458 4803 dc
2483 4765 2751 4820 prospera:
2791 4747 3019 4800 fortuna!
3054 4757 3305 4799 successu
3335 4733 3652 4792 sollicitudi-

2090 4859 2210 4896 nem
2253 4857 2355 4894 non
2382 4841 2630 4904 haberet,
2663 4836 2968 4908 pavefactus
2997 4825 3124 4905 puer
3150 4835 3200 4886 in
3244 4830 3405 4900 piscis
3435 4833 3656 4896 aspectu

2090 4931 2328 5001 lugubris
2365 4929 2722 4983 exclamavit:
2753 4926 2827 4979 lta
2863 4940 2947 4978 me
2975 4922 3206 4992 respicit,
3233 4918 3342 4986 jam
3373 4931 3457 4970 tne
3485 4913 3656 4969 bestia

2052 5006 2384 5078 .dcvorabit.
2414 5021 2509 5075 Cui
2559 5029 2708 5089 pater
2746 5016 3021 5069 alludens:
3051 5011 3153 5074 Tu,
3185 5009 3376 5078 inquit,
3410 5020 3532 5058 eum
3569 5004 3660 5057 de-

2087 5113 2324 5177 vorabis,
2354 5125 2458 5165 non
2492 5110 2602 5177 ipse
2633 5117 2702 5161 te.
2737 5103 2976 5172 Cumque
3003 5115 3134 5170 puer
3165 5097 3392 5168 idipsum
3425 5092 3660 5148 secundo

2086 5213 2373 5274 repeteret,
2411 5202 2504 5256 sed
2537 5199 2652 5269 ejus
2684 5198 2843 5250 verba
2899 5203 3051 5263 pater
3085 5190 3311 5259 ineptias
3359 5188 3660 5255 deputarct,

2091 5297 2307 5350 tandem
2353 5293 2518 5365 piscis
2565 5290 2807 5346 sublatus
2840 5289 2890 5342 in
2924 5301 3104 5339 acrem
3139 5298 3359 5353 puerum
3400 5278 3664 5333 violenter

2092 5387 2339 5456 impetiit,
2367 5398 2596 5452 eumque
2641 5387 2862 5450 repente
2891 5377 3190 5446 corripiens
3235 5371 3390 5442 aquis
3436 5384 3494 5424 se
3541 5383 3660 5422 cum

2094 5479 2277 5547 rapina
2313 5492 2407 5531 sua
2434 5481 2620 5544 raptor
2649 5471 2912 5527 immersit
2953 5483 3016 5524 ac
3055 5475 3245 5522 neuter
3274 5463 3412 5518 ultra
3442 5475 3658 5538 compa:

2097 5577 2221 5620 ruit.
