4138 6320
928 235 1013 307 s._
1028 226 1233 292 PETRI
1271 226 1563 288 mnum
1595 224 1755 286 ore.
1787 224 2025 284 renus
2063 180 2425 289 seua-rans
2446 220 2540 284 tn.
2575 250 2645 269 --ρ
2672 215 3047 277 causam
3085 213 3317 275 VARlA.
3640 209 3755 285 τις
3788 240 3795 243 -

1028 340 1268 398 CAPUT
1305 337 1501 397 XXXI.
1568 396 1571 401 ,
1632 380 1638 385 -
1726 380 1732 385 .
1778 350 1819 356 "
2090 340 2139 399 Α
2169 341 2373 393 terram
2416 348 2611 402 suam,
2638 333 2780 390 unde
2829 342 2946 387 erat
2987 328 3180 401 (Erebi.
3224 330 3341 400 xv).
3372 346 3401 383 ι
3443 323 3760 387 Careamus

876 433 1057 488 Brevis
1098 429 1663 503 apusculi.conclusio.
2124 466 2135 469 ν
2170 424 2332 494 igitur
2358 424 2414 479 in
2444 422 2683 494 qualibet
2704 419 2940 477 instabili
2965 417 3637 490 possessionemniidere,
3662 415 3758 470 vel

494 237 598 300 791

553 523 716 590 Ecce,
750 522 949 578 fratres
972 522 1097 586 mei,
1127 535 1245 591 quae
1262 527 1347 576 est
1372 520 1424 574 in
1460 520 1565 574 hoc
1588 519 1787 573 mundo
1823 526 1928 572 tam
1972 530 2059 571 se-

484 632 613 673 cura
639 615 927 686 possessio,
956 616 1006 669 in
1034 629 1197 685 quam
1222 628 1320 668 nos
1345 620 1458 667 tuto
1479 612 1770 683 projicere;
1804 609 2068 680 quidnam

476 706 617 776 juris
642 714 725 761 est
748 707 939 772 nostri,
964 705 1106 776 quod
1138 719 1250 764 non,
1266 703 1556 758 debeamus
1596 710 1848 771 tanquam
1888 707 2066 754 rotam

483 795 773 854 volubilem
793 797 1072 867 deputare.
1105 795 1254 850 Hanc
1287 802 1461 849 rotam
1488 792 1741 849 Salomon
1767 792 1922 847 docet
1939 804 2063 846 esse

485 886 800 952 cavendam,
830 893 886 941 et
921 883 1195 941 Creatoris
1238 898 1452 954 semper
1496 881 1688 938 adesse
1714 880 1913 937 debere
1951 895 2064 936 me-

483 976 734 1033 moriam.
769 975 872 1043 Qui
897 990 1020 1031 cum
1051 974 1258 1030 diceret
1288 991 1302 1028 :
1341 990 1361 1025 ‹
1391 972 1658 1029 Memento
1685 970 1955 1027 Creatoris
1988 969 2065 1025 tui

484 1063 538 1117 in
569 1063 758 1119 diebus
780 1062 1083 1133 iuventutis
1132 1071 1255 1127 tuae,
1295 1069 1584 1131 antequam
1624 1060 1805 1115 veniat
1853 1066 2066 1128 tempus

485 1151 789 1210 alllictionis
824 1161 930 1209 tuae
946 1170 970 1222 ;Δ
1007 1172 1027 1207 ι
1076 1151 1237 1224 paulo
1265 1160 1389 1221 post
1413 1150 1658 1206 addidit:
1693 1169 1714 1202 ι
1745 1157 1802 1206 et
1826 1148 2066 1206 confrin-

486 1251 644 1314 gatur
688 1253 806 1299 rota
850 1256 1014 1314 super
1049 1243 1359 1309 cisternam,
1389 1250 1445 1300 et
1478 1250 1783 1298 revertatur
1806 1239 1981 1315 pulvis
2007 1238 2064 1295 in

2167 513 2375 570 fallacis
2423 510 2611 568 insulae
2667 507 2855 567 sabulo
2906 517 3161 580 tanquam
3223 507 3459 578 imperiti
3518 506 3758 578 remiges

2169 602 2459 674 applicare.
2510 601 2783 658 Adeamus
2831 599 3015 669 igitur
3046 598 3361 664 Christum,
3420 598 3755 669 tutissimum

2168 695 2416 751 videlicet
2443 692 2820 765 navigantibus
2858 699 3095 762 portum,
3120 699 3176 746 et
3210 690 3278 745 de
3313 690 3526 745 marino
3558 689 3761 745 discri—

2128 840 2131 841 ν
2168 785 2313 842 mine
2339 785 2574 850 liberati,
2612 784 2716 840 fide
2752 797 2980 855 prorsus.
3008 797 3073 836 ac
3109 790 3280 846 certa:
3350 780 3550 850 quietis
3588 778 3763 834 aufu-

2168 878 2312 949 gium
2338 877 2487 932 illum
2515 877 2883 933 tantummodo
2906 883 3161 947 personet
3185 874 3365 946 iingua
3386 874 3751 944 loquentium,

2166 969 2260 1038 qui
2285 967 2520 1037 disponit
2547 976 2603 1024 et
2628 967 2845 1023 ordinat
2870 966 3135 1023 naturalia
3157 964 3282 1034 jura
3325 974 3595 1021 mutorum
3625 1003 3651 1031 ν
3688 973 3760 1019 ut

2168 1058 2223 1112 in
2252 1058 2511 1113 omnibus
2533 1058 2798 1114 creaturis
2820 1056 2936 1112 sola
2975 1055 3298 1127 praedicetur
3329 1057 3500 1112 virtus
3547 1071 3611 1111 ae
3650 1070 3758 1126 po-

2174 1146 2341 1204 tentia
2375 1146 2670 1203 Creatoris.

2511 1236 2590 1296 Sit
2618 1253 2805 1294 nomen
2838 1238 3048 1295 Domini
3073 1240 3415 1296 benedictum.

494 1395 3743 1427 mw

657 1496 901 1644 i-saa
935 1514 1713 1652 QPUSCULUM
1765 1464 2959 1640 QUINQUAGESIMUM
3028 1452 3608 1675 TERTIUM

1175 1723 1281 1783 Dii
1324 1720 1756 1783 PATIENTIA
1796 1721 1876 1782 IN
1913 1716 2501 1782 INSECTATIONE
2544 1719 3100 1783 lMPROBOI’tUM.

1887 1849 2244 1864 _

487 1958 882 2013 Aneunssrnu.
934 1987 1002 1998 -
1054 1956 1391 2013 Dominicnm
1442 1957 1750 2014 Loricatum
1805 1957 2049 2027 corporis
2106 1952 2528 2027 mortiﬁcatione
2568 1950 2954 2027 admirabilem
3005 1960 3225 2027 monet,
3280 1965 3346 2006 ne
3385 1951 3763 2021 improborum

557 2028 841 2083 hominum
868 2027 1031 2097 illatis
1064 2028 1325 2097 molestiis
1356 2029 1463 2083 alio
1488 2044 1610 2084 cum
1637 2029 1750 2083 suis
1775 2022 2125 2097 demigraret,
2146 2026 2254 2079 sed.
2270 2022 2765 2097 sacrtescripturte
2784 2022 3069 2097 praeceptis
3086 2022 3309 2097 edoctus
3335 2032 3764 2097 sanctorumque

558 2097 823 2168 exemplis
858 2094 1232 2168 conﬁrmatus,
1270 2092 1359 2153 rés
1389 2100 1665 2162 adversas,
1709 2099 1761 2154 in
1790 2091 2099 2168 qttas‘Deus
2134 2108 2322 2168 servos
2359 2093 2598 2168 incidere
2642 2092 2932 2160 permittit,
2971 2107 3127 2164 (equo
3174 2091 3356 2147 animo
3399 2091 3567 2159 (erat,
3609 2103 3671 2146 ut
3699 2108 3765 2147 se

554 2163 987 2238 bonis'operibus
1006 2181 1266 2224 exercens
1292 2178 1347 2223 et
1367 2168 1508 2223 mala
1536 2168 1772 2225 tolerans
1799 2163 1988 2223 verum
2018 2165 2221 2223 Christi
2248 2163 2548 2217 membrum
2579 2170 2925 2232 agnoscatur.
3086 2174 3089 2177 '
3762 2167 3767 2170 ’

556 2276 764 2336 Domno
795 2266 1067 2334 Βοιιιδιεοτ
1087 2287 1142 2334 et
1172 2279 1387 2336 caeteris
1417 2278 1678 2335 fratribus
1719 2278 1812 2349 qui
1859 2279 1916 2334 in
1965 2291 2062 2333 sua
2100 2278 2141 2337 Β
2174 2282 2259 2328 tus
2302 2281 2508 2335 autem,
2559 2270 2686 2325 dum
2740 2270 2921 2340 perdit
2964 2271 3309 2341 sanguinem,
3337 2280 3625 2343 recupera:
3670 2287 3765 2327 sa-

484 2370 649 2425 vicini
690 2370 891 2424 montis
924 2384 1107 2425 eremo
1133 2379 1559 2435 commorantur,
1584 2369 2065 2439 I‘srnuspecczitor

482 2458 784 2535 monachus
812 2456 1057 2512 ultimam
1088 2459 1403 2513 servitutem
1434 2459 1486 2513 in
1520 2458 1787 2514 Domino.

994 2548 1222 2606 CAPUT
1265 2549 1557 2606 PRIMUM.

752 2640 906 2707 Quod
928 2642 1177 2712 patientia
1211 2641 1275 2694 sit
1308 2641 1482 2711 regina
1513 2641 1779 2696 virtutum.

559 2728 873 2804 Scripsistis
907 2730 1063 2797 mihi,
1088 2730 1446 2797 dilectissimi,
1469 2730 1594 2801 quia
1624 2740 1805 2787 tantus
1843 2744 2064 2801 perver-

486 2836 670 2875 sorum
700 2835 764 2876 ac
804 2818 1161 2876 violenlorum
1209 2819 1486 2875 hominum
1515 2835 1610 2875 vos
1650 2819 1789 2875 livor
1827 2819 2065 2885 infestat,

487 2914 630 2979 quod
663 2911 766 2966 nisi
799 2911 953 2966 vobis
976 2926 1076 2981 ego
1106 2910 1301 2980 raptim
1331 2910 1686 2982 celeriterque
1723 2926 2065 2977 succurram,

486 3019 582 3055 vos
607 3002 722 3057 loco
747 3001 938 3058 ceditis
968 3001 1238 3072 aliumque
1264 3001 1433 3067 vobis,
1458 3002 1548 3071 qui
1567 3001 1770 3072 rapinis
1799 3001 1884 3056 his
1906 3010 2075 3070 atque

490 3091 752 3146 molestiis
797 3107 901 3147 non
930 3091 1002 3146 sit
1035 3090 1324 3155 obnoxius,
1370 3090 1745 3160 providebitis.
1800 3090 1930 3158 Qum
1957 3104 2065 3153 me.

484 3185 682 3252 fateor,
723 3185 903 3241 audita
932 3185 1130 3256 legatio
1156 3185 1396 3254 graviter
1436 3184 1684 3255 perculit,
1724 3193 1778 3238 et
1824 3183 1945 3252 plus
1983 3197 2070 3236 me

486 3282 665 3330 vestra
735 3274 1150 3344 pusillanimitas
1224 3289 1386 3344 quam
1454 3273 1666 3329 hostilis
1724 3271 2072 3327 contristavit

489 3366 809 3423 adversitas.
874 3364 1007 3420 Nam
1061 3380 1183 3421 cum
1242 3364 1458 3421 assidue
1521 3363 1811 3418 videamini
1874 3362 2070 3419 divinis

486 3460 740 3515 insistere
780 3458 1014 3530 paginis,
1066 3458 1261 3512 mirum
1303 3466 1384 3512 est
1409 3457 1678 3527 quomodo
1710 3457 1863 3512 vobis
1893 3457 2071 3513 adhuc

488 3552 670 3621 ignota
708 3548 779 3606 sit
822 3550 1084 3619 patientia
1129 3550 1309 3619 regina
1344 3549 1641 3615 virtutum,
1686 3551 1771 3605 cui
1811 3550 2068 3605 nimirum

2167 2363 2419 2419 nitatem.
2450 2360 2542 2415 illa
2572 2360 2804 2430 denique
2843 2375 2938 2415 sua
2986 2375 3046 2416 se
3092 2369 3266 2416 morte
3311 2362 3473 2416 satiat
3500 2371 3556 2417 et
3578 2361 3766 2417 exsul-

2172 2465 2287 2523 tat;
2354 2463 2588 2525 tegrotus
2654 2461 2875 2520 autem,
2931 2454 3056 2525 dum
3119 2454 3467 2519 vulneratur,
3523 2454 3589 2510 ad
3647 2465 3765 2509 sta-

2172 2557 2285 2603 tum
2332 2546 2525 2602 salutis
2566 2544 2818 2616 erigitur.
2851 2543 2991 2611 Quid
3037 2545 3202 2616 igitur
3244 2545 3467 2613 mirum,
3514 2545 3561 2601 si
3616 2543 3763 2609 Deus
3810 2588 3815 2589 ν

2171 2638 2535 2709 omnipotens,
2585 2636 2677 2706 qui
2727 2647 2812 2692 est
2860 2636 3101 2693 medicus
3146 2636 3470 2702 animarum,
3521 2636 3601 2692 sic
3658 2651 3762 2691 nos

2130 2786 2131 2791 η
2169 2728 2382 2784 occulta
2410 2727 2495 2782 sui
2523 2726 2912 2784 moderaminis
2932 2736 3051 2781 arte
3077 2726 3330 2808 disponit,
3374 2736 3435 2782 ut
3473 2741 3537 2781 ex
3565 2710 3761 2805 alienis

2169 2818 2480 2874 vulneribus
2521 2817 2680 2872 nobis
2726 2817 3119 2872 medicamenta
3164 2816 3438 2884 conliciat,
3487 2827 3762 2888 quatenus

2171 2912 2297 2968 dum
2327 2909 2482 2966 nobis
2522 2909 2719 2965 hostile
2758 2910 2954 2964 vulnus
2994 2908 3273 2979 inﬂigitur,
3310 2925 3376 2965 ex
3427 2924 3494 2966 eo
3543 2909 3765 2981 pOEISSi-r
3808 2954 3817 2960 .

2169 3018 2318 3057 mum
2359 3001 2550 3057 salutis
2604 3000 2903 3055 antidotum
2957 3010 3297 3071 procuretur.
3349 3001 3524 3072 Tyrus
3584 3001 3758 3069 .plane

2171 3109 2342 3166 genus
2381 3087 2649 3163 serpentis
2696 3102 2798 3157 est,
2841 3107 2906 3145 ex
2959 3092 3114 3160 cujus
3157 3107 3350 3147 cruore
3398 3092 3635 3147 theriaca
3670 3090 3757 3154 lit,

2171 3199 2292 3254 quae
2315 3182 2563 3237 videlicet
2600 3190 2937 3251 grassantem
2981 3190 3190 3251 pestem
3234 3181 3288 3235 in
3338 3182 3425 3237 his
3455 3181 3550 3252 qui
3595 3193 3758 3244 vcnes

2177 3280 2380 3327 nantur
2405 3271 2720 3342 exstinguit.

2794 3358 3021 3417 CAPUT
3058 3361 3125 3419 II.
3496 3426 3497 3433 χ

2201 3457 2356 3525 Quod
2382 3475 2447 3513 ea:
2468 3457 2894 3513 tribulationibus
2917 3458 3061 3509 nobis
3092 3456 3349 3510 medicina
3374 3466 3729 3526 purpuratus.

2245 3547 2301 3607 Si
2346 3568 2476 3623 ergo
2508 3566 2776 3607 venenum
2806 3565 3015 3606 veneno
3061 3552 3210 3606 novit
3254 3550 3418 3606 homo
3467 3551 3761 3620 depellere,

486 3650 683 3696 cuncta
711 3639 1024 3695 deServiuut
1061 3638 1328 3693 volumina
1362 3638 1767 3711 Scripturarum
1804 3660 1817 3695 :
1863 3660 1881 3693 ι
1908 3640 2067 3708 Qute-
2099 3631 2143 3693 C
2174 3655 2380 3715 quanto
2429 3645 2600 3715 magis
2646 3638 2909 3698 mirabilis
2953 3643 3208 3713 praevalet
3259 3643 3399 3698 Deus
3450 3658 3517 3698 ex
3567 3642 3762 3699 alienis

489 3747 705 3805 cunque
762 3730 927 3801 enim,
976 3741 1036 3785 ut
1069 3732 1358 3802 Apostolus
1408 3733 1506 3798 ait,
1552 3734 1750 3803 scripta
1802 3743 1950 3799 sunt,
2001 3733 2068 3787 ad

492 3834 734 3895 nostram
763 3824 1064 3879 doctrinam
1097 3824 1296 3894 scripta
1324 3834 1448 3881 sunt
1479 3824 1655 3896 (Rom.
1683 3824 1798 3895 xv).
1835 3845 1855 3878 ι
1892 3825 2071 3893 Quare

491 3917 558 3973 ad
591 3926 832 3973 nostram
882 3916 1220 3971 doctrinam?
1250 3915 1499 3987 Nunquid
1541 3926 1599 3972 nt
1639 3917 2070 3989 syllogismorum

491 4007 785 4063 calleatnus
819 4006 1117 4063 tendiculas
1168 4015 1403 4072 struere,
1450 4016 1507 4060 ut
1548 4008 1787 4062 tonantia
1818 4016 1872 4062 et
1912 4022 2072 4062 accn-

493 4105 613 4175 rata
644 4098 804 4153 vet-ha
856 4098 1139 4159 rhetorica:
1170 4099 1336 4177 copia:
1379 4098 1648 4154 coloribus
1680 4107 1971 4155 venustare
2018 4106 2073 4152 et

491 4191 820 4247 harmonicae
859 4192 1137 4247 suavitatis
1186 4206 1385 4262 organa
1415 4191 1687 4262 melosqne
1715 4191 2069 4261 distinguere.

494 4293 554 4347 ul
583 4293 851 4339 astrorum
876 4283 1380 4341 mathematicorum
1404 4283 1578 4350 signa,
1597 4264 1653 4337 ut
1678 4282 1848 4346 aiunt,
1881 4297 2071 4336 nosca-

494 4388 616 4428 mus
645 4372 796 4428 radio
815 4366 1131 4440 designare?
1169 4370 1283 4425 Non
1314 4371 1471 4440 plane
1512 4372 1579 4426 ad
1630 4373 1743 4427 lucc
1772 4371 2072 4442 indaganda

494 4461 667 4518 sacris
696 4459 990 4531 Scripturis
1017 4462 1356 4525 instruimur,
1388 4462 1480 4517 sed
1515 4478 1610 4531 per
1644 4477 1739 4517 eas
1789 4462 1967 4531 potius
2007 4459 2073 4513 ad

491 4551 738 4623 exempla
762 4552 1034 4622 patientia:
1057 4567 1434 4622 provocamur.
1462 4552 1614 4608 Unde
1638 4569 1762 4608 mox
1790 4553 2032 4623 sequitur
2059 4569 2071 4604 :

495 4663 514 4695 ι
546 4643 615 4702 Ut
651 4659 747 4714 per
774 4643 1090 4712 patientiam
1131 4652 1181 4697 et
1210 4643 1630 4698 consolationem
1672 4643 2075 4713 Scripturarum

491 4748 645 4805 spem
680 4734 973 4790 habeamus
995 4732 1202 4806 (Ibid.).
1246 4753 1263 4786 ι
1292 4732 1491 4794 Eadem
1516 4749 1749 4803 namque
1770 4732 2077 4803 Scriptura.

494 4841 617 4896 quze
659 4840 759 4885 nos
803 4824 869 4881 ad
901 4825 1186 4887 tenendam
1217 4826 1530 4905 patientiam
1560 4826 1760 4892 erudit,
1798 4840 1894 4901 spe
1916 4825 2075 4879 etiam

495 4916 882 4984 consolationis
919 4918 1147 4984 attollit,
1190 4919 1349 4988 quia,
1391 4934 1514 4973 cum
1561 4926 1748 4973 narrat
1790 4916 1948 4973 electi
1983 4915 2109 4971 Dei.

2176 3737 2594 3803 contritionibus
2615 3736 2769 3791 nobis
2796 3736 2946 3790 utilia
2975 3722 3293 3805 providere?
3321 3734 3514 3791 Omnia
3560 3735 3763 3805 quippe

2177 3842 2489 3889 sanctorum
2518 3841 2667 3903 gesta
2712 3831 2839 3900 quid
2879 3831 3022 3885 aliud
3059 3838 3306 3894 narrant,
3346 3829 3448 3884 nisi
3476 3844 3762 3899 pressurus
3802 3882 3807 3887 ,

2177 3935 2340 3995 atque
2369 3925 2689 3989 certamina,
2721 3939 2842 3994 qua:
2881 3924 2947 3978 de
2984 3938 3365 3992 perversornm
3395 3904 3762 3991 quorumlibet

2177 4017 2455 4071 hominum
2491 4013 2837 4071 infestatione
2865 4012 3241 4081 pertulerunt?
3275 4011 3394 4079 Ipse
3421 4026 3634 4081 quoque
3660 4009 3759 4063 Re-

2176 4107 2423 4176 demptor
2462 4115 2643 4160 noster
2670 4104 2922 4160 servilem
2965 4104 3216 4166 formam,
3243 4117 3406 4171 quam
3439 4116 3504 4155 ex
3536 4101 3759 4155 inteme—

2179 4206 2293 4250 rata
2328 4194 2551 4265 Virgine
2602 4193 2859 4263 suscepit,
2913 4208 3016 4246 non
3065 4202 3191 4247 ante
3223 4192 3402 4263 regnis
3452 4190 3807 4251 cmicstihus,

2179 4286 2358 4341 intulit
2388 4302 2548 4353 quam
2581 4284 2783 4347 omnia,
2810 4299 2930 4354 qua:
2952 4283 3236 4352 Scriptura
3266 4291 3512 4347 testatur,
3550 4277 3769 4335 irrisio?

2178 4393 2306 4432 num
2335 4387 2496 4447 atque
2518 4391 2800 4446 poenarum
2837 4384 3104 4430 tormenta
3135 4378 3426 4445 percurrit.
3467 4375 3605 4443 Quid
3632 4373 3760 4445 ergo
3798 4359 3809 4375 ³

2179 4484 2398 4531 novum,
2423 4468 2466 4523 si
2496 4475 2749 4536 peccator
2777 4466 2939 4520 homo
2974 4481 3173 4526 rerum.
3203 4481 3322 4535 qum
3350 4473 3501 4519 extra
3529 4480 3588 4519 se
3616 4472 3761 4528 sunt,
3784 4526 3787 4527 ν

2179 4558 2443 4612 sustineat
2476 4556 2846 4618 amissionem,
2899 4570 3023 4608 cum
3072 4552 3178 4618 ille,
3207 4555 3298 4623 qui
3344 4569 3572 4624 peccare
3628 4569 3753 4607 mm

2182 4662 2341 4717 quam
2372 4647 2565 4717 potuit,
2598 4646 2651 4700 in
2700 4660 2801 4700 suo
2828 4660 3056 4714 corpore
3102 4642 3264 4716 833
3312 4643 3594 4715 pertulerit
3643 4657 3758 4697 cru.
3796 4646 3801 4649 ’

2180 4736 2337 4797 ξριτιξ
2390 4741 2441 4814 (1
2471 4738 2617 4794 Petr.
2645 4745 2728 4807 tt.)
2769 4737 3006 4794 Necdum
3046 4754 3195 4801 sane,
3223 4735 3377 4806 juxta
3426 4734 3762 4808 Apostoium,

2184 4848 2354 4902 usque
2385 4832 2449 4886 ad
2478 4832 2793 4903 sanguinem
2824 4829 3102 4885 restitistis
3133 4828 3319 4899 (Hebr.
3365 4831 3486 4898 xu).
3550 4825 3683 4892 Sed,
3733 4831 3764 4881 ο

2185 4922 2392 4976 utinam
2436 4920 2541 4976 hoc
2585 4920 2774 4976 saltem
2804 4920 2871 4975 de
2909 4917 3062 4974 vobis
3092 4928 3273 4989 posset
3302 4918 3433 4982 dici,
3487 4916 3630 4989 quod
3681 4915 3771 4971 ille

494 5018 628 5080 quot
680 5008 790 5065 sint
819 5008 1079 5078 supplicia
1122 5022 1513 5078 pressurasquc
1561 5007 1823 5077 perpessi,
1873 5007 2077 5062 indicat
2111 4988 2158 5047 ο
2184 5009 2506 5080 quibusdam
2529 5008 3019 5079 beneipatientihus
3038 5006 3173 5063 dixit
3209 5026 3223 5061 :
3260 5025 3280 5058 ι
3308 4988 3575 5078 Rapinam
3599 5008 3762 5061 bono-
3813 5011 3827 5025 ‘

492 5098 656 5150 etiam
685 5112 805 5165 qua:
834 5113 929 5166 per
954 5097 1069 5153 hzec
1111 5097 1220 5153 sint
1248 5097 1468 5168 praemia
1505 5097 1801 5153 consecuti.
1838 5096 2075 5153 Medicus

493 5188 656 5257 plane
681 5189 1035 5261 sanguisugas
1065 5188 1395 5244 tumentibus
1420 5188 1604 5259 aegroti
1628 5187 1884 5245 membris
1912 5203 2076 5265 appo-

489 5277 577 5333 nit
603 5276 859 5359 virusque
890 5278 1048 5333 simul
1072 5294 1194 5334 cum
1225 5279 1491 5350 sanguine
1515 5278 1584 5335 ab
1623 5276 1829 5349 intimis
1859 5278 2081 5339 visceri-

489 5371 601 5437 bus
627 5368 846 5423 sorbere
870 5369 1168 5447 permittit;
1202 5371 1430 5450 diversa:
1453 5379 1631 5426 tamen
1656 5371 1976 5429 intentionis
1995 5378 2079 5425 est

491 5459 744 5517 medicus
792 5469 847 5516 et
891 5461 1106 5525 hirudo.
1165 5460 1256 5519 Illa
1308 5464 1574 5536 siquidem
1603 5452 1675 5519 nil
1712 5462 1855 5519 aliud
1898 5463 2079 5535 gestit,

491 5548 601 5608 nisi
640 5560 699 5606 ut
726 5554 1042 5624 sanguinem
1071 5554 1250 5621 bibat;
1286 5554 1388 5611 iste
1431 5555 1498 5611 ad
1529 5555 1633 5611 hoc
1656 5555 1850 5621 tendit,
1884 5563 1942 5609 ut
1964 5552 2079 5607 Ian-

494 5643 691 5715 widus
719 5645 1078 5705 convalescat.
1110 5646 1200 5703 Illa
1231 5647 1458 5703 satiatur
1488 5656 1544 5703 ct
1595 5646 1862 5711 moritur;
1913 5661 2080 5719 :egro-
2117 5686 2121 5690 -

2185 5115 2306 5154 rum
2330 5107 2631 5154 vestrorum
2661 5115 2783 5154 cum
2811 5100 3008 5170 gaudio
3050 5098 3364 5169 suscepistis
3395 5095 3582 5165 (Hebr.
3622 5095 3699 5165 x).
3744 5112 3762 5147 ›

2184 5189 2323 5247 Hinc
2354 5199 2457 5257 est,
2509 5190 2653 5261 quod
2682 5200 2738 5245 et
2782 5191 2920 5246 alius
2967 5190 3100 5247 dicit
3150 5189 3471 5260 apostolus:
3535 5205 3555 5239 ‹
3600 5185 3799 5241 Omne

2185 5281 2440 5352 gaudium
2495 5279 2853 5357 existimate,
2890 5280 3113 5346 fratres,
3167 5295 3290 5336 cum
3341 5278 3396 5344 in
3444 5276 3775 5333 tentationes

2184 5372 2364 5427 varias
2389 5369 2689 5427 incideritis
2726 5371 2865 5443 (Jac.
2893 5372 2955 5444 ι).
3004 5391 3023 5425 ι
3743 5366 3747 5383 ‘

2259 5464 2380 5520 Duo
2407 5464 2617 5521 scilicet
2651 5473 2800 5531 sunt,
2823 5480 2945 5534 quae
2988 5464 3033 5519 si
3085 5461 3373 5534 vigilanter
3418 5450 3766 5519 attendimus.

2189 5554 2348 5635 facile
2375 5554 2737 5611 violentorum
2767 5552 3134 5626 quorumlibet
3162 5552 3479 5609 insolentias
3537 5548 3766 5619 injuria:

2189 5662 2418 5718 rumque
2487 5646 2767 5705 molestias
2814 5646 3172 5717 superamus:
3206 5655 3472 5717 praecepta
3521 5638 3767 5698 vidclioc‘t
