4138 6320
315 301 424 364 793

1233 320 1235 323 ’
1314 322 1317 326 ’
1360 315 1664 376 ’ίορυεα
1699 315 1828 374 ιιιι.
1856 347 1926 358 -
1963 317 2055 373 DE
2095 315 2511 375 PATIENTM."
2571 326 2573 328 ’

3477 329 3583 393 Ἰθι

311 433 373 486 οι
403 402 683 520 exempla}
715 425 840 498 quia
867 437 921 484 et
952 428 1246 520 Scriptura:
1269 441 1471 487 sanetae
1495 447 1592 488 nos
1625 435 1692 486 ad
1721 432 1892 503 pmni-
1915 438 1965 494 ,Λ
1997 431 2175 502 pando
2203 434 2559 502 prztwcniens,
2584 440 2896 494 omneribus
2920 451 3229 511 occuparet.
3255 442 3368 498 llos
3381 447 3580 520 quippe

314 517 541 587 tentiam
588 516 970 581 cohortantur,
1003 527 1058 572 et
1099 519 1254 574 electi
1304 521 1523 590 quique,
1571 521 1828 590 quidquid
1858 537 1889 575 a

313 605 537 663 furiosis
559 607 752 662 diaboli
777 609 1035 664 membris
1063 609 1245 664 inferri
1273 613 1467 680 potuit,
1519 613 1894 680 atquanimiter

313 698 667 768 pertulerunt.
703 699 860 764 Nam,
897 701 1038 769 quod
1083 702 1279 757 divinis
1322 704 1802 768 admonitionibus,
1840 713 1896 759 et

315 787 731 855 praecedentium
767 788 1028 858 exemplis
1060 790 1248 858 adiuti,
1297 793 1362 847 de
1414 793 1684 861 profundo
1735 794 1893 850 nobis

314 874 478 930 illata:
509 877 871 932 tribulationis
899 880 1179 949 eripimur,
1242 891 1388 936 recte
1418 883 1469 936 in
1496 881 1732 936 Jeremia
1769 899 1896 954 pro-

313 965 477 1034 pheta
513 966 582 1021 de
631 976 796 1035 puteo
846 971 1172 1038 prodeunte,
1228 972 1490 1042 signatur.
1544 971 1896 1041 Projecerant

313 1057 508 1126 quippe
535 1072 688 1122 eum,
717 1059 855 1113 sicut
887 1059 1165 1131 Scriptura
1197 1071 1429 1118 testatur
1457 1064 1592 1134 (Jer.
1639 1065 1891 1135 xxxvnt),

311 1147 366 1202 in
391 1149 586 1213 lacum,
616 1151 670 1204 in
694 1165 800 1220 quo
821 1167 926 1206 non
948 1165 1065 1207 erat
1088 1169 1246 1224 aqua,
1274 1160 1368 1211 sed
1395 1156 1561 1210 lutum
1589 1175 1600 1210 :
1633 1157 1722 1226 qui
1742 1166 1892 1226 post-

312 1243 554 1308 modum,
592 1252 650 1296 ut
678 1243 902 1309 levetur,
937 1245 1093 1301 funes
1116 1248 1180 1302 ad
1207 1263 1328 1302 eum
1381 1257 1436 1302 et
1484 1250 1646 1318 panni
1683 1259 1894 1305 veteres

309 1331 670 1401 deponuntur.
709 1333 848 1401 Quid
879 1337 1022 1390 enim
1055 1335 1295 1401 funibus,
1348 1338 1452 1392 nisi
1485 1347 1754 1408 praecepta
1794 1339 1895 1393 Do-

320 1425 506 1480 ‘ninica
532 1425 868 1497 figurantur?
887 1444 1008 1498 qua:
1036 1430 1160 1498 quia
1192 1445 1288 1484 nos
1310 1429 1365 1484 in
1389 1431 1525 1484 mala
1556 1431 1889 1500 operatione

307 1516 531 1584 positos,
560 1527 614 1571 et
645 1519 994 1583 convincunt,
1025 1528 1080 1572 et
1103 1521 1360 1590 eripiunt,
1406 1523 1563 1592 quasi
1620 1521 1792 1588 ligant
1838 1532 1894 1578 et

308 1609 554 1672 trahunt,
585 1618 942 1664 coarctantet
973 1610 1174 1666 levant.
1222 1611 1328 1668 Sed
1361 1628 1429 1667 ne
1456 1613 1648 1683 ligatus
1692 1614 1776 1670 his
1816 1614 1894 1668 fu-

306 1701 485 1766 nibus,
525 1701 651 1756 dum
688 1702 944 1766 trahitur,
989 1703 1280 1769 incidatur,
1317 1706 1477 1760 simul
1520 1707 1685 1761 etiam
1723 1707 1886 1777 panni

1994 533 2079 579 est
2113 525 2252 594 apud
2284 539 2402 591 nos,
2432 527 2712 583 ministros
2758 531 3012 587 videlicet
3058 535 3366 604 apostolicae
3412 539 3575 603 sedis,

1994 615 2192 678 abhis,
2216 631 2444 684 quorum
2477 618 2653 674 adhuc
2679 622 2950 690 negotium
2979 623 3194 692 pendet,
3239 626 3369 679 nihil
3429 645 3583 697 pror-

1993 721 2086 761 sus
2109 706 2384 774 accipere;
2411 708 2479 762 ab
2506 708 2592 763 his
2611 717 2814 775 autem,
2843 713 2933 780 qui
2969 714 3191 768 omnino
3237 716 3404 784 quieti
3432 728 3576 781 sunt,

1993 796 2037 850 si
2069 795 2199 850 dare
2223 797 2509 860 voluerint,
2537 814 2645 852 non
2676 800 2938 868 abjicere;
2995 813 3050 857 et
3071 805 3194 859 lucc
3248 807 3433 877 regula
3479 825 3577 864 no—

1992 893 2162 941 strum
2187 887 2446 951 omnium,
2475 887 2570 942 sed
2597 888 2809 945 illorum
2838 891 3100 946 duntaxat
3124 903 3228 958 est,
3250 897 3339 965 qui
3377 897 3570 952 meliu-

1993 979 2142 1033 scule
2165 993 2224 1034 se
2249 977 2318 1033 ab
2363 980 2618 1035 aviditate
2657 982 2986 1037 custodiunt.
3029 983 3166 1051 Quid
3207 986 3396 1057 plura?
3435 988 3576 1044 Con-

1993 1069 2204 1124 venitur
2231 1070 2298 1124 ad
2320 1085 2606 1126 commune
2636 1073 2983 1142 colloquium,
3011 1091 3111 1129 cur
3140 1077 3338 1131 donum
3369 1081 3439 1133 sit
3471 1080 3578 1134 lar-

1993 1159 2156 1228 gitus,
2187 1160 2507 1230 inquiritur;
2533 1172 2712 1217 utrum
2737 1180 2957 1220 causam
2988 1167 3206 1230 habeat,
3240 1169 3572 1226 sciscitatur.

1994 1252 2245 1322 Undique
2285 1254 2502 1325 quietus
2531 1271 2597 1310 ex
2629 1257 2772 1311 omni
2825 1260 3094 1328 reperitur
3137 1270 3293 1329 parte
3334 1277 3578 1327 securus,

1993 1346 2067 1399 ita
2092 1353 2150 1398 ut
2173 1360 2231 1397 re
2266 1345 2382 1414 ipsa
2407 1347 2739 1417 respondere
2761 1348 3038 1403 videretur
3071 1365 3085 1403 :
3111 1349 3166 1404 In
3197 1351 3374 1406 medio
3400 1353 3578 1422 populi

1992 1437 2098 1490 mei
2127 1437 2546 1500 habito;adhuc
2576 1449 2752 1495 tamen
2807 1441 3030 1509 quaesivi
3077 1451 3278 1508 utrtnn,
3335 1445 3459 1497 dum
3509 1445 3578 1499 ad
3621 1453 3623 1455 ’

1993 1527 2389 1583 ecclesiasticos
2407 1529 2603 1600 gradus
2619 1532 2960 1596 ascenderet,
2986 1533 3100 1586 sive
3120 1548 3242 1587 eum
3267 1535 3582 1589 monasterii

1993 1621 2232 1692 regimen
2263 1623 2944 1692 suscepisset.venalitatis
2995 1625 3134 1681 forte
3189 1629 3579 1682 commercium

1994 1708 2276 1780 irrepsisse
2307 1722 2678 1782 cognosceret.
2715 1715 2958 1785 Cumque
2982 1718 3097 1771 haec
3121 1719 3301 1772 ninnia
3332 1719 3421 1773 ille
3452 1719 3578 1774 futt-

305 1802 514 1848 veteres
543 1795 908 1865 deponuntur,
939 1796 1062 1866 quia
1117 1812 1184 1851 ne
1227 1797 1409 1852 divina
1461 1807 1729 1869 praecepta
1793 1816 1890 1854 nos
1925 1788 1965 1844 Β
1995 1801 2138 1857 ditus
2169 1803 2510 1872 abnegasset,
2539 1815 2594 1859 et
2620 1822 2724 1858 non
2759 1821 2857 1874 pro
2885 1807 3083 1862 talibus
3131 1824 3189 1863 se
3223 1809 3436 1863 dedisse
3467 1826 3584 1862 mu-

306 1893 570 1946 terrcant.
603 1887 951 1956 antiquorum
984 1888 1202 1942 Patrum
1231 1904 1329 1944 nos
1357 1889 1604 1958 exempla
1656 1890 1878 1945 confor-

305 1984 443 2041 tant,
466 1987 525 2032 ut
546 1992 610 2031 ex
635 1994 820 2033 eorum
848 1995 945 2034 nos
970 1982 1372 2050 comparatione
1397 1981 1576 2036 facere
1599 1997 1894 2051 praesuma-

303 2083 442 2136 mus,
481 2070 623 2139 quod
658 2085 722 2126 ex
752 2079 936 2126 nostra
963 2071 1336 2127 imbecillitate
1362 2071 1741 2126 formidamus.

917 2182 1143 2239 CAPUT
1178 2183 1258 2238 Ill.

305 2275 458 2341 Quod
487 2277 819 2346 gaudendum
847 2276 912 2330 sit
951 2277 1004 2329 in
1048 2276 1301 2358 aduersis,
1352 2275 1637 2330 timendum
1677 2276 1728 2328 in
1774 2292 1892 2344 pro-

296 2371 300 2374 -
1005 2364 1189 2416 aperta.

369 2437 426 2491 Si
466 2452 595 2508 ergo
640 2452 737 2492 nos
776 2436 844 2491 de
871 2435 973 2491 hoc
997 2419 1263 2506 profundo
1293 2435 1602 2491 tribulantis
1635 2435 1757 2488 vitae
1816 2434 1891 2488 le-

299 2544 428 2583 vare
455 2528 790 2592 festinamus,
821 2528 1047 2597 ligemur
1078 2527 1318 2592 funibus,
1371 2529 1424 2582 id
1479 2537 1561 2582 est
1608 2525 1890 2597 prmccptis

300 2618 593 2673 Dominicis
650 2620 1030 2688 astringamur.
1085 2617 1343 2673 intersint
1393 2619 1558 2671 etiam
1593 2617 1757 2687 panni
1799 2632 1892 2671 ve-

302 2721 466 2776 teres,
503 2729 624 2767 cmn
653 2714 847 2783 quibus
883 2713 1076 2767 melius
1111 2720 1397 2766 teneantur
1442 2710 1619 2775 funes,
1674 2709 1725 2765 id
1780 2718 1883 2774 est,

299 2787 711 2872 praecedentium
757 2803 1125 2858 confortemur
1174 2803 1436 2872 exemplis
1467 2845 1480 2868 ,
1526 2818 1593 2856 ne
1643 2799 1890 2857 inﬁrmos

298 2911 398 2950 nos
437 2912 500 2950 ac
555 2895 770 2949 timidos
827 2903 1094 2964 przecepta
1135 2894 1354 2949 subtilia
1408 2893 1711 2957 vulnerent,
1759 2892 1887 2946 dum

297 2985 496 3041 levant.
539 2988 704 3054 Quasi
730 2989 990 3058 quosdam
1019 3003 1225 3058 pannos
1254 2997 1464 3042 veteres
1513 2986 1714 3041 Paulus
1757 3001 1888 3056 apo-

298 3078 472 3135 stolus
500 3077 873 3148 subiungebat,
919 3095 1041 3133 cum
1083 3079 1149 3132 ad
1183 3078 1539 3133 sublevandos
1592 3078 1886 3147 discipulos

1993 1909 2094 1946 nus
2120 1901 2409 1958 astrueret,
2434 1894 2526 1950 sed
2556 1896 2625 1950 ob
2657 1897 2759 1951 hoc
2785 1897 2978 1962 solum,
3014 1907 3071 1951 ut
3101 1898 3153 1951 in
3180 1907 3417 1952 nostram
3439 1900 3573 1953 ami-

1991 1982 2174 2036 citiam
2198 1983 2401 2036 aditum
2430 1983 2531 2037 sibi
2562 1987 2855 2058 reperiret;
2890 1988 3138 2057 respondi
3169 1989 3406 2058 ut,quod
3425 1989 3582 2044 stium

1992 2081 2108 2124 erat
2135 2071 2345 2137 tollens,
2395 2055 2691 2127 amicitiam
2739 2084 2978 2130 nostram
3029 2093 3134 2130 non
3167 2092 3319 2132 more
3363 2077 3584 2132 saecula-

1994 2161 2132 2214 rium
2159 2160 2409 2216 mercede
2435 2163 2735 2229 redimere;
2763 2166 2878 2229 sed,
2905 2165 3048 2236 quod
3091 2168 3230 2220 inter
3259 2167 3453 2222 fratres
3498 2178 3584 2224 est

1991 2250 2291 2319 legitimum
2346 2255 2584 2321 gratuito
2614 2255 2932 2323 possideret.
2979 2257 3121 2310 Inter
3148 2258 3261 2311 haec
3287 2266 3487 2320 tamen,
3518 2267 3579 2312 ut

1991 2341 2144 2396 vobis
2176 2343 2228 2395 in
2253 2357 2383 2396 aure
2405 2343 2618 2412 loquar,
2647 2361 2800 2400 meus
2828 2362 2944 2400 mea
2993 2348 3114 2402 talis
3169 2357 3307 2413 erat,
3369 2357 3424 2402 ut
3464 2357 3585 2418 post

1990 2433 2153 2487 etiam
2189 2433 2433 2488 districte
2464 2435 2767 2503 requirens,
2799 2437 2932 2490 nihil
2953 2436 3004 2490 in
3033 2453 3098 2491 eo
3125 2442 3343 2491 noxium
3370 2440 3572 2508 reperi,

1990 2523 2036 2578 si
2070 2523 2157 2577 ille
2188 2524 2325 2580 mihi
2353 2525 2418 2577 ad
2445 2526 2796 2594 ingerendum
2827 2543 3023 2581 munus
3077 2529 3416 2597 importunus
3464 2531 3583 2583 exi-

1992 2622 2184 2678 steret,
2238 2615 2356 2685 ejus
2400 2615 2533 2670 mihi
2587 2616 2841 2670 violentia
2892 2617 3198 2672 nullatenus
3255 2619 3580 2688 displiceret.

1993 2704 2248 2760 Volebam
2280 2705 2546 2774 siquidem
2577 2695 2682 2758 vim
2737 2707 2869 2760 mihi
2908 2708 3047 2770 fieri,
3094 2715 3148 2761 et
3200 2708 3342 2761 velut
3376 2708 3576 2760 invitus

1991 2799 2058 2855 ad
2085 2808 2209 2852 veta
2240 2798 2506 2868 compelli.
2534 2797 2776 2867 Cumque
2809 2799 2896 2853 ille
2924 2801 2989 2854 ad
3019 2801 3409 2870 recipiendum,
3438 2802 3578 2868 quod

1991 2888 2156 2945 semel
2184 2890 2422 2950 dederat,
2459 2904 2516 2943 se
2551 2905 2772 2958 prorsus
2831 2901 3122 2954 averteret,
3175 2901 3227 2944 et
3273 2907 3342 2946 ne
3393 2907 3577 2964 aurem

1993 2982 2208 3052 quidem
2236 2982 2581 3050 petitionibus
2619 2981 2922 3045 inclinaret,
2971 2997 3070 3050 ego
3095 2983 3204 3051 jam
3238 2997 3462 3036 securus
3524 2990 3580 3036 et

1992 3072 2256 3125 audacior
2283 3070 2478 3134 factus,
2506 3071 2715 3134 durius,
2744 3080 2912 3124 utsua
2937 3072 3219 3140 reciperet.
3246 3071 3578 3141 ingerebant.

299 3171 583 3240 ιιι-(θερμῆς
619 3172 732 3224 suis
754 3171 1125 3240 spiritualilms
1154 3171 1400 3239 exempla
1445 3180 1689 3225 veterum
1736 3186 1883 3225 com-
1912 3141 1956 3204 α
1988 3163 2196 3216 Interea
2231 3162 2348 3216 dies
2369 3161 2624 3215 elabitur.
2651 3162 2894 3231 Cumque
2941 3161 3304 3247 peculiqribus
3356 3159 3580 3229 psalmis

305 3261 606 3325 mendaret,
666 3261 888 3314 dicens:
921 3281 938 3312 ι
969 3261 1106 3315 Justi
1147 3261 1376 3315 ludibria
1425 3271 1479 3316 et
1529 3263 1754 3317 verbera
1791 3279 1886 3316 ex-

297 3353 462 3420 perti;
508 3352 726 3422 insuper
747 3362 798 3407 et
827 3353 1036 3408 vincula
1087 3363 1141 3408 et
1169 3370 1446 3420 carceres;
1480 3355 1702 3424 lapidati
1732 3365 1879 3420 sum,

298 3441 432 3494 secti
460 3451 604 3506 sunt,
644 3443 832 3497 tentati
862 3453 1018 3507 sunt,
1071 3443 1121 3497 in
1155 3445 1428 3500 occisione
1470 3446 1631 3515 gladii
1687 3447 1884 3500 mortui

299 3544 425 3586 sunt
469 3533 657 3603 (Hebr.
682 3535 778 3606 ιι).
820 3555 838 3586 ι
875 3535 939 3590 Et
967 3536 1123 3606 paulo
1144 3546 1264 3606 post
1295 3555 1306 3590 :
1344 3537 1654 3592 «Habentes
1705 3539 1887 3608 itaque

301 3633 506 3678 tantam
538 3626 842 3694 impositam
872 3608 1067 3681 nubem
1098 3629 1338 3695 testium,
1365 3631 1692 3698 deponentes
1729 3646 1888 3686 omne

301 3719 530 3784 pondus,
569 3725 623 3770 et
651 3717 1011 3772 circumstans
1040 3733 1138 3773 nos
1183 3728 1487 3789 peccatum,
1543 3735 1640 3789 per
1679 3722 1887 3789 p*tien-

302 3808 429 3858 tiam
468 3823 748 3863 curramus
777 3809 842 3862 ad
874 3811 1206 3879 propositum
1231 3813 1386 3866 nobis
1408 3821 1680 3865 certamen
1699 3811 1883 3879 (Hebr.

301 3900 423 3968 xu).
465 3920 484 3950 ι
530 3901 596 3953 Et
639 3901 873 3955 iterum:
907 3919 926 3953 ‹
967 3901 1295 3957 Mementote
1339 3903 1750 3972 pra-positorum
1799 3919 1890 3956 ve-

301 3998 538 4044 strorum
585 3991 675 4061 qui
708 3991 862 4045 vobis
891 3991 1057 4046 locuti
1095 4002 1222 4046 sunt
1247 3992 1471 4047 verbum
1504 3992 1622 4050 Dei.
1657 4007 1886 4060 quorum

302 4081 572 4137 intuentes
614 4083 820 4138 exitum
886 4085 1321 4139 conversationis
1383 4083 1666 4138 imitamini
1731 4085 1888 4138 fidem

303 4171 488 4242 (Hebr.
523 4175 583 4241 ι).
615 4195 629 4224 ι
667 4174 927 4244 Superius
954 4176 1220 4241 videlicet,
1254 4177 1377 4229 dum
1418 4176 1720 4244 spiritualia
1755 4191 1892 4242 pra:-

299 4273 458 4332 cepta
473 4264 802 4333 loqueretur,
817 4265 971 4340 quasi
991 4265 1142 4320 funes
1161 4265 1747 4334 miserat,postmodum
1765 4281 1892 4320 vero

299 4369 607 4409 memorans
629 4355 871 4424 exempla
905 4354 1168 4423 majorum
1203 4395 1217 4418 ,
1269 4355 1422 4424 quasi
1452 4365 1664 4409 veteres
1686 4369 1893 4423 pannos

299 4443 600 4499 adhibebat.
655 4445 943 4499 Enimvero
971 4460 1157 4499 servus
1184 4445 1276 4500 Dei
1313 4457 1438 4500 tunc
1476 4445 1636 4499 debet
1680 4446 1890 4520 timere.

299 4549 421 4587 cum
446 4534 888 4604 temporaletquid
911 4536 1170 4604 percipit;
1201 4545 1326 4590 tunc
1350 4535 1606 4604 gaudere,
1631 4551 1752 4590 cum
1779 4550 1892 4603 per-

301 4624 408 4683 dit;
435 4625 580 4693 quia,
597 4625 682 4678 cui
705 4625 1034 4693 propositum
1056 4633 1139 4680 est
1165 4625 1404 4680 cwlestia
1429 4625 1706 4690 scandere,
1731 4641 1891 4694 expe-

301 4714 465 4768 ditius
489 4713 671 4783 procul
702 4714 864 4768 dubio
901 4729 1101 4770 vacuus
1142 4730 1301 4784 quam
1344 4713 1622 4784 gradiatur
1642 4721 1884 4768 onustus.

839 4824 1003 4896 334
1027 4823 1253 4880 CAPUT
1283 4821 1367 4878 IV.

304 4916 456 4981 Quod
483 4917 619 4971 inter
648 4917 914 4988 religiosos
954 4917 1088 4969 viros
1133 4917 1364 4988 amicitia
1410 4916 1522 4970 sine
1577 4915 1878 4969 muneribus

856 4986 1210 5055 comparanda
1239 4996 1334 5040 est.

352 5077 504 5133 ‘Dieo
535 5078 688 5134 vobis
732 5077 874 5148 quod
906 5077 1037 5130 mihi
1087 5092 1261 5146 nuper
1303 5077 1561 5134 acciderit
1592 5094 1606 5130 :
1637 5075 1890 5131 Mediola-

303 5185 527 5226 nensem
556 5172 746 5224 urbem
779 5169 977 5224 domini
1013 5168 1215 5224 Nieolai
1243 5185 1392 5239 papae
1437 5169 1708 5240 legatione
1765 5168 1888 5222 fun-

302 5272 425 5327 ctus
450 5261 620 5326 adivi;
646 5261 716 5314 ibi
747 5260 873 5314 dum
900 5275 1100 5324 essem,
1126 5261 1294 5315 abbas
1336 5260 1510 5314 sancti
1543 5259 1878 5329 Simpliciani

305 5349 579 5404 vasculum
602 5350 731 5404 mihi
754 5359 1068 5420 argenteum
1107 5349 1224 5404 loco
1254 5349 1493 5404 muneris
1523 5348 1688 5413 misit,
1742 5349 1885 5418 quod

305 5441 428 5498 dum
456 5442 694 5497 oblatum
723 5451 945 5512 repente
968 5442 1242 5507 vidissem,
1263 5441 1439 5511 primo
1459 5440 1674 5508 quidem
1701 5453 1886 5508 asper-

293 5541 463 5595 oatus
496 5533 776 5599 abborrui,
821 5543 877 5589 et
917 5550 1016 5590 cur
1067 5533 1156 5588 ille
1201 5533 1332 5588 mihi
1388 5548 1583 5588 munus
1640 5529 1883 5595 offerret,

294 5622 578 5690 subtiliter
605 5623 881 5694 inquisivi.
909 5622 1230 5694 Suspicatus
1276 5623 1474 5693 quippe
1508 5636 1649 5686 sum,
1691 5635 1760 5676 ne
1798 5620 1887 5676 ille

297 5714 574 5786 negotium
606 5713 850 5770 fortassis
896 5713 1122 5772 haberet
1155 5731 1166 5766 :
1199 5723 1358 5784 atque
1406 5713 1524 5768 ideo
1577 5727 1661 5768 me
1697 5711 1886 5766 antici-

1987 3261 2285 3309 nocturnus
2311 3253 2600 3307 meditator
2622 3253 2950 3315 insisterem,
2990 3252 3154 3322 cmpit
3177 3265 3262 3304 me
3289 3251 3575 3304 conscien-

1988 3346 2063 3398 tia
2088 3345 2266 3399 acrius
2295 3344 2622 3401 remordere.
2653 3353 2707 3397 et
2733 3343 2886 3412 quasi
2912 3344 3009 3396 sub
3030 3342 3260 3412 quodam
3291 3339 3574 3394 ratiocinio

1989 3436 2302 3491 convenire.
2330 3435 2384 3488 Si
2413 3435 2524 3497 ille.
2553 3444 2611 3488 ut
2647 3435 2881 3496 videtur,
2905 3434 3078 3488 bonus
3104 3441 3186 3487 est
3217 3433 3322 3494 vir,
3382 3441 3449 3484 tu-
3489 3431 3578 3489 in,-
3606 3448 3610 3452 ’

1989 3528 2203 3583 nocenti
2235 3527 2437 3581 homini
2461 3529 2610 3580 suam
2642 3525 2860 3579 voluisti
2892 3524 3176 3593 pecuniam
3207 3522 3415 3584 tollere,
3447 3536 3572 3574 cum

1990 3622 2062 3676 illi
2092 3621 2385 3689 capitulum
2411 3635 2514 3672 non
2545 3619 2788 3679 obsistat,
2831 3617 2883 3671 in
2927 3631 3034 3687 quo
3067 3625 3213 3670 tuum
3244 3630 3464 3670 necesse
3491 3615 3581 3667 'sit

1991 3714 2248 3768 attxilium
2282 3721 2621 3781 exspectare.
2655 3712 2825 3766 Porro
2851 3711 2893 3765 si
2931 3712 3204 3782 negotium
3257 3710 3439 3774 habet,
3493 3709 3578 3762 iu-

1991 3805 2211 3874 dignum
2243 3812 2345 3868 est,
2389 3811 2442 3857 te
2473 3811 2664 3856 sancto
2691 3802 2845 3856 fratri
2886 3801 3121 3872 linguam
3150 3808 3295 3855 tuam
3332 3800 3576 3855 venalem

1991 3894 2195 3955 facere,
2226 3909 2346 3963 qute
2383 3902 2636 3961 tanquam
2675 3893 2957 3961 utriusque
2989 3891 3290 3945 communis
3321 3890 3423 3943 sibi
3446 3903 3580 3957 quo-

1991 4001 2096 4055 que
2145 3985 2346 4048 debet,
2396 3993 2455 4036 ut
2496 3983 2613 4045 tibi,
2662 3983 2900 4051 gratuito
2953 3983 3280 4036 ministrare.
3337 3979 3579 4047 Cumque

1995 4079 2108 4130 htec
2135 4075 2420 4127 adversum
2459 4088 2546 4127 me
2589 4089 2765 4142 pugna
2818 4080 3230 4140 perseveranter
3283 4071 3576 4134 ingrueret,

1987 4162 2207 4231 jamque
2230 4178 2332 4228 ego
2365 4162 2658 4215 clamorem
2709 4161 3099 4230 cogitationum
3157 4157 3575 4212 retnordcntimn

1996 4273 2100 4311 non
2134 4258 2464 4325 perferrem;
2491 4256 2826 4311 decendente
2855 4251 3192 4320 crepusculo,
3230 4266 3350 4304 mox
3381 4250 3446 4303 ad
3479 4250 3576 4303 lm-

1996 4349 2195 4401 minem
2227 4360 2545 4416 pr0perans,
2575 4345 2865 4408 manicavi,
2893 4345 3051 4412 eique
3081 4340 3421 4396 tabescentis
3448 4355 3580 4392 con-.-

1999 4441 2238 4494 scientia:
2268 4437 2459 4491 vulnus
2506 4437 2714 4505 aperui.
2760 4436 3002 4504 Cumque
3047 4443 3276 4504 uterque
3332 4442 3576 4488 nostrum

2001 4533 2126 4586 Iune
2153 4535 2278 4585 Inde
2303 4530 2532 4586 invicem
2565 4528 2932 4598 confligerent,
2956 4537 3010 4583 et
3042 4528 3131 4582 ille
3178 4543 3252 4588 se,
3308 4525 3449 4594 quod
3489 4539 3575 4579 se,
3614 4557 3618 4560 ~

1999 4620 2104 4673 mel
2131 4620 2377 4681 dederat,
2411 4634 2516 4673 non
2550 4619 2826 4687 recipere;
2871 4633 2970 4686 ego
3001 4631 3088 4671 me
3131 4630 3430 4669 assererem
3471 4629 3577 4667 non

2000 4719 2218 4774 tenere;
2248 4708 2412 4778 835
2438 4707 2652 4762 tandem
2686 4708 2877 4762 amicte
2899 4705 3230 4760 contentioni
3282 4704 3425 4758 hunc
3477 4716 3577 4770 ego

1997 4805 2285 4858 terminum
2318 4802 2471 4871 posui
2514 4801 2678 4864 :duo,
2709 4802 2946 4870 inquam,
2976 4799 3104 4852 mihi
3129 4812 3264 4850 nova
3307 4803 3433 4850 sunt
3462 4810 3578 4849 mo-

1995 4893 2253 4956 nasteria,
2293 4908 2456 4947 unum
2490 4893 2554 4945 ad
2576 4893 2778 4946 calcem
2811 4891 2948 4960 jam,
2976 4889 3087 4942 Deo
3104 4885 3417 4950 auxiliante,
3444 4899 3572 4953 ρει-δ

1993 4985 2245 5046 ductum;
2280 4982 2514 5037 alterum
2548 4997 2695 5045 vero,
2753 4980 2982 5035 necdum
3013 4974 3302 5047 episcopali
3358 4972 3578 5027 dedica-
3608 4994 3610 4997 ·

1991 5073 2136 5126 tione
2166 5072 2438 5126 firmatum
2465 5090 2479 5125 :
2513 5080 2822 5125 sanctorum
2853 5067 3036 5136 itaque
3069 5067 3307 5118 locormn
3327 5103 3340 5127 ,
3371 5063 3415 5117 si
3455 5063 3568 5130 pla.-

1993 5173 2098 5228 cet,
2133 5163 2477 5232 participium
2509 5161 2741 5231 suscipe,
2771 5170 2952 5229 atque,
2992 5166 3052 5212 ut
3077 5156 3169 5210 tibi
3218 5154 3366 5216 libet,
3428 5151 3576 5223 quod

1991 5253 2186 5308 aninne
2219 5262 2323 5308 tu:e
2369 5251 2633 5322 prolicere
2684 5252 2898 5314 debeat,
2953 5249 3150 5305 donum
3196 5262 3295 5316 pro
3349 5243 3572 5298 benedi-

1991 5347 2170 5400 ctione
2213 5343 2533 5398 transmitte.
2571 5342 2683 5396 Hoc
2707 5343 2868 5411 igitur
2897 5348 3218 5409 argumento
3262 5333 3573 5405 cupiditatis

1993 5452 2126 5491 mete
2159 5435 2538 5505 turpitudinem
2576 5432 2813 5501 palliavi,
2856 5441 2911 5486 et
2961 5441 3216 5500 tanquam
3266 5444 3371 5484 non
3424 5426 3569 5485 acci-

1993 5529 2144 5598 piens
2197 5537 2408 5582 astutus
2435 5525 2617 5593 accepi
2648 5542 2660 5578 :
2690 5525 3031 5593 postmodum
3076 5537 3203 5577 vero
3233 5521 3298 5574 ad
3329 5531 3569 5574 eremum

1993 5616 2223 5679 rediens,
2244 5615 2490 5670 cellulam
2521 5614 2738 5685 quidem
2779 5613 3006 5670 festinus
3060 5613 3276 5674 intravi,
3331 5610 3424 5664 sed
3473 5621 3570 5677 per

1992 5710 2366 5778 memetipsum
2410 5709 2609 5764 intrare
2636 5709 2721 5762 vix
2754 5708 2935 5777 potui;
2969 5715 3023 5761 et
3053 5705 3143 5776 qui
3170 5712 3322 5759 extra
3365 5715 3451 5756 me
3488 5699 3568 5752 irr-
