4138 6320
575 304 679 362 7⁸35

1031 302 1094 358 S.
1128 297 1330 356 PETRI
1373 296 1654 353 D.\Ml.-\Nl
1685 295 1839 352 OPP.
1881 293 2118 351 TOMUS
2155 293 2172 347 ξ

2275 293 2286 346 l
2327 290 2507 347 PARS
2544 289 2628 346 Ill.
2652 290 3112 349 -οορυεευιΑ
3149 290 3378 346 VARIA.

3749 289 3859 346 796

577 419 827 476 ordinate
855 415 1181 480 sum-fusus,
1210 414 1356 482 justo
1382 414 1585 481 judicio
1614 415 1666 466 in
1703 426 1798 466 me
1844 426 1961 466 sum
2006 419 2155 480 post-
2190 412 2234 469 Α
2267 407 2372 461 tius
2391 405 2644 477 vigilabo.
2672 407 2832 471 Ecce,
2855 406 2999 476 quod
3027 409 3275 478 superius
3295 399 3424 474 dixi,
3475 411 3600 480 quia
3657 417 3858 467 servus

578 509 818 565 modum.
851 518 906 561 ιιι
930 507 1001 561 ita
1033 506 1241 576 loquar,
1268 506 1401 559 satis
1431 503 1714 559 dilliculter
1755 505 2050 572 ingressus.
2077 500 2161 554 ln-

582 610 664 655 ter
681 609 870 654 cetera
905 612 1048 659 vero,
1085 605 1231 651 tanta
1261 597 1499 650 animum
1525 610 1704 650 meum
1735 594 1974 648 muneris
2021 593 2162 648 illius

578 692 753 762 caligo
779 689 1041 751 confudit,
1069 698 1125 742 et
1150 697 1405 755 tanquam
1430 686 1630 740 vermis
1659 694 1877 740 scatens
1909 701 2025 738 mea
2043 699 2164 737 cor-

583 783 779 836 rodere
813 781 1016 833 viscera
1065 793 1169 832 non
1207 778 1468 842 cessavit,
1501 786 1578 841 ut,
1623 785 1760 830 teste
1809 776 2159 838 conscientia,

581 870 795 926 mallem
830 884 915 922 me
943 869 1088 939 lepra
1122 884 1436 937 percussum
1469 884 1628 936 quam
1676 867 1765 920 illo
1794 882 2016 920 munere
2040 881 2163 920 sau-

578 963 802 1018 ciatum.
840 960 1201 1016 Attendebam
1243 959 1586 1028 porro'illinc
1635 968 1841 1012 tantam
1878 957 2060 1011 fratris
2097 958 2162 1010 li-

578 1051 915 1108 beralitatem
941 1065 1061 1118 qua:
1084 1049 1212 1103 tuihi
1239 1049 1369 1103 nihil
1393 1049 1641 1109 debebat,
1691 1057 1746 1103 et
1781 1047 2002 1113 obtulit;
2037 1047 2165 1102 hinc

579 1158 755 1200 meam
780 1140 1084 1203 avaritiam,
1113 1155 1252 1207 quae,
1285 1139 1422 1208 quod
1441 1138 1778 1208 perotlieium
1798 1154 1900 1191 non
1919 1139 2164 1191 mereba-

578 1240 687 1298 tur,
705 1231 930 1300 accepit.
951 1228 1201 1284 thdehat
1221 1246 1306 1284 nte
1321 1240 1445 1285 tunc
1457 1230 1704 1292 ohlitmn,
1720 1231 1861 1299 quo.l
1886 1246 1980 1300 per
1992 1230 2163 1284 virum

579 1319 889 1390 Sapientem
925 1321 1128 1376 dicitur
1160 1339 1173 1374 :
1209 1340 1227 1372 ι
1259 1319 1372 1374 Non
1399 1321 1468 1374 sit
1490 1330 1740 1389 porrecta
1777 1337 1967 1374 manus
1991 1331 2074 1374 tua
2099 1319 2165 1374 ad

577 1410 973 1476 accipiendum,
999 1419 1050 1464 et
1102 1411 1167 1462 ad
1217 1410 1453 1463 dandtttu
1507 1411 1733 1464 collecta
1779 1409 1965 1478 (Eccli.
2009 1413 2105 1480 Iv).
2141 1429 2160 1461 ι

581 1498 648 1552 Et
671 1498 994 1568 eun-,juxta
1052 1499 1392 1565 Apostolum,
1449 1500 1659 1553 beatius
1708 1500 1781 1552 sit
1819 1500 1989 1568 magis
2038 1498 2167 1554 dare

576 1604 740 1658 quant
781 1588 1026 1657 accipere
1068 1588 1205 1658 (Act.
1252 1590 1378 1656 xx);
1435 1587 1583 1641 illum
1625 1587 1752 1657 jure
1796 1589 2038 1653 beatum,
2082 1604 2167 1643 me

577 1679 835 1733 miserunt
861 1678 1206 1746 deputalnnn.
1248 1677 1358 1731 Ileu
1387 1693 1494 1740 me,
1529 1677 1768 1745 inquam,
1801 1693 1921 1730 cmn
1946 1696 1974 1730 a
2004 1677 2168 1730 susci-

2264 495 2358 550 Dei
2386 503 2514 550 tunc
2542 494 2701 550 debet
2728 495 2936 558 timere,
2960 510 3081 550 cum
3116 496 3411 565 temporale
3434 499 3558 566 quid
3585 501 3851 571 percipit;

2263 595 2390 640 tunc
2415 587 2673 656 gaudere,
2704 601 2827 639 cmn
2859 585 3055 654 perdit.
3089 585 3294 640 Amodo
3326 587 3508 657 itaque
3536 605 3714 659 neque
3752 608 3855 661 pro

2261 677 2442 746 specie
2470 676 2786 730 monasterii
2811 674 3178 739 construendi,
3209 693 3384 747 neque
3412 695 3509 748 pro
3527 682 3857 738 necessitate

2262 766 2680 831 servorttchi,
2711 768 2905 821 tenebo
2929 767 3080 836 quasi
3107 769 3384 820 materiam
3412 769 3732 834 honestatis,
3761 771 3854 824 ubi

2257 858 2470 912 valeam
2504 858 2646 911 vires
2692 872 2946 912 exercere
2968 857 3265 926 cupidinis.
3315 857 3591 927 Tanquam
3639 861 3730 928 qui
3762 875 3860 914 ca-

2262 947 2466 1001 stitatis
2493 947 2713 1000 anhelat
2733 947 2944 1001 solvere
2971 948 3268 1017 cingulum.
3293 957 3347 1001 ut
3373 950 3525 1018 quasi
3548 950 3649 1004 sibi
3680 951 3858 1006 licere-

2264 1038 2359 1092 des
2383 1037 2682 1106 provideat,
2719 1038 2816 1090 init
2841 1037 3064 1106 copulas
3088 1038 3414 1107 nuptiarum,
3434 1047 3488 1092 et
3510 1039 3609 1092 sub
3632 1040 3859 1096 nomine

2265 1128 2595 1198 propagandi
2624 1127 2886 1197 germinis
2914 1127 3207 1180 famulatur
3227 1127 3495 1183 illecebris
3527 1129 3856 1198 voluptatis;

2265 1221 2338 1276 ita
2374 1220 2640 1282 ttonuulli,
2664 1222 2788 1274 dum
2813 1236 2934 1275 esse
2962 1229 3237 1289 nequeunt
3265 1217 3490 1284 Christi,
3523 1221 3605 1275 vel
3637 1233 3858 1291 aposto-

2265 1313 2438 1365 lorum
2465 1312 2706 1366 mulitatc
2739 1311 3262 1381 contenti,‘gandent
3285 1311 3398 1364 sive
3427 1313 3719 1381 regimine,
3744 1312 3863 1366 sive

2265 1402 2597 1472 quibuslibet
2619 1401 2893 1455 exercitiis
2923 1401 3222 1469 implicari;
3257 1409 3315 1454 ut
3344 1400 3472 1454 dum
3501 1401 3736 1470 propriae
3771 1416 3868 1454 sa-

2265 1492 2545 1547 tisfaciunt
2582 1491 2846 1554 avaritizc,
2889 1492 3201 1546 necessitati
3237 1490 3525 1544 videantur
3575 1491 3646 1560 pii
3676 1492 3865 1559 operis

2266 1583 2562 1638 deservire.
2592 1579 2698 1635 Nos
2719 1591 2925 1646 autem,
2948 1580 3306 1638 dilectissimi.
3345 1580 3678 1648 gaudeamus
3715 1595 3866 1635 scm-

2267 1693 2365 1748 per
2392 1687 2446 1732 ct
2475 1677 2652 1730 illatas
2679 1677 2836 1730 nobis
2886 1677 3110 1745 injurias
3157 1673 3538 1743 mquanimiter
3585 1672 3750 1735 ferre.
3803 1683 3867 1727 et

579 1769 792 1839 picndis
818 1769 1134 1822 uulneribus
1177 1768 1558 1822 excutiendam
1608 1783 1826 1820 manum
1877 1765 2159 1835 Scriptura
2199 1766 2234 1823 Β
2267 1768 2587 1822 nocentibus
2610 1767 2829 1834 insuper
2851 1764 3004 1818 utilia
3037 1763 3373 1817 ministrare.
3413 1762 3498 1816 Sit
3534 1776 3728 1815 manus
3756 1775 3858 1814 no-

577 1859 856 1928 praccipiat
879 1857 1012 1928 (Im.
1041 1860 1269 1928 XXXIII);
1301 1860 1574 1928 quomodo
1603 1867 1657 1912 ιιι
1693 1874 1908 1912 manum
1931 1857 2164 1921 excutis,

575 1961 634 2004 ut
663 1949 916 2016 abjicias;
948 1951 1311 2019 quampotius
1349 1949 1562 2009 iucutis.
1595 1960 1648 2002 ut
1674 1949 1945 2017 accipias;
1993 1948 2162 2001 strin-

577 2040 678 2111 gis,
703 2051 762 2093 ut
796 2020 1012 2108 rapias;
1047 2041 1299 2102 retrahis,
1326 2052 1383 2094 ιιι
1407 2040 1656 2109 possiden
1683 2043 1726 2091 ia
1757 2039 2044 2094 recondas.
2097 2038 2163 2091 Et

579 2123 767 2198 rﬂra
804 2132 1026 2186 avaritia
1076 2133 1244 2205 836
1280 2135 1330 2187 in
1379 2149 1540 2187 manu
1593 2132 1938 2202 suscipientis
1988 2131 2166 2186 viscus

577 2223 1098 2291 cst,qu:cquidquid
1126 2225 1431 2294 apponitur,
1479 2223 1656 2276 excuti
1713 2239 1817 2275 non
1861 2222 2162 2291 permittit;

578 2313 672 2367 sed
703 2327 853 2366 more
884 2313 1049 2382 piscis
1073 2316 1278 2368 luet-ere
1308 2314 1601 2382 compellit.
1643 2312 1783 2379 Quid
1833 2313 2030 2384 igitur?
2071 2313 2163 2366 [tiv-

579 2417 702 2474 ttatn
731 2405 924 2457 mentis
952 2421 1084 2458 mete
1115 2405 1252 2457 ultra
1307 2420 1412 2458 tton
1443 2403 1744 2473 perferens,
1794 2411 1982 2456 sancto
2014 2401 2167 2455 fratri

581 2505 777 2552 munus
827 2507 983 2546 suum
1029 2495 1307 2547 t't‘lttitlcre
1335 2492 1538 2546 studui.
1598 2492 1822 2556 Deinde,
1866 2493 1976 2546 Dco
2021 2492 2178 2544 auxi-

584 2580 765 2649 hante,
799 2584 1133 2639 dum.vixcro
1155 2595 1344 2639 contra
1374 2584 1569 2638 sordes
1597 2597 1880 2638 munerum
1899 2583 2011 2652 jant
2035 2599 2160 2636 cau-

2268 1867 2382 1911 stra
2408 1857 2473 1910 ad
2501 1855 2900 1923 suscipienthun
2927 1862 3082 1907 cauta
3113 1861 3276 1919 atque
3327 1858 3610 1919 suspecta;
3643 1848 3709 1902 ad
3734 1863 3862 1902 ero-

2266 1947 2499 2017 gamlum
2529 1961 2657 1999 vero
2694 1961 2790 2014 pro
2821 1943 3176 2012 possibilitate
3205 1940 3454 2010 benigna.
3491 1939 3578 1994 Sit
3617 1953 3774 1993 mens
3806 1938 3862 1991 in

2269 2040 2543 2109 prosperis
2580 2025 2790 2098 timida,
2818 2037 2888 2090 sit
2918 2037 2971 2089 in
3003 2033 3338 2088 adversitatc
3363 2046 3578 2093 secura,
3625 2043 3865 2096 cumquo

2268 2131 2405 2184 bona
2437 2129 2566 2182 facit
2586 2143 2638 2182 et
2661 2128 2877 2189 tulerat,
2905 2136 3031 2180 tunc
3059 2139 3118 2178 se
3149 2121 3336 2193 procul
3387 2121 3549 2176 dubio
3577 2121 3860 2175 numerari

2268 2223 2411 2276 inter
2439 2219 2637 2275 Christi
2673 2219 2912 2273 membra
2939 2217 3199 2272 confidat.
3243 2216 3508 2284 Quisquis
3533 2213 3678 2270 enim
3710 2222 3864 2266 recte

2269 2312 2453 2364 vivens
2483 2310 2709 2377 ﬂagellis
2747 2308 3036 2372 atteritur,
3067 2307 3206 2361 sicut
3231 2304 3432 2360 Christi
3462 2321 3604 2358 nunc
3629 2304 3680 2357 itt
3710 2313 3867 2355 utro-

2269 2416 2376 2469 que
2404 2401 2623 2469 vesugia
2657 2399 2924 2469 sequitur,
2955 2399 3029 2452 ita
3056 2397 3397 2467 postmodum
3425 2393 3542 2464 ejus
3583 2391 3866 2448 consortio

2269 2509 2376 2548 non
2405 2493 2669 2562 privatur.

2609 2581 2689 2637 Sit
2717 2598 2902 2636 nomen
2933 2581 3141 2634 Domini
3181 2576 3522 2632 benedictum.

596 2745 3830 2767 mm

587 2883 956 3027 837-838
1016 2905 1803 3014 OPUSCULUM
1887 2907 3088 3034 QUINQUAGESIMUM
3168 2841 3860 3032 QUARTUM.

1782 3117 1890 3177 ΒΕ
1925 3117 2245 3178 JEJUNIO
2281 3117 2644 3178 SABBATI.

589 3416 986 3475 Διιοωιιεκτιῖιι.
1015 3447 1082 3457 -
1107 3417 1399 3472 Monachus
1425 3419 1490 3472 ad
1525 3417 1879 3486 jcjunaudnm
1923 3420 2162 3476 Sabhato
2185 3463 2199 3484 ,
2237 3420 2289 3473 in
2347 3421 2639 3488 sepultura!
2675 3421 2875 3476 Christi
2927 3425 3225 3485 honorem,
3261 3425 3510 3479 hilariter
3536 3433 3592 3478 et
3637 3424 3868 3485 devote.

658 3489 798 3540 sicut
831 3491 1000 3566 tribus
1025 3488 1145 3540 aliis
1178 3505 1273 3557 per
1302 3490 1696 3544 hebdomadam
1731 3492 1922 3546 diebus
1951 3493 2196 3547 solebant
2224 3532 2237 3556 ,
2271 3492 2634 3558 cohortatur;
2673 3495 2935 3549 utilitates
2965 3496 3206 3564 ejusdem
3252 3495 3442 3566 jcjunii
3472 3537 3488 3562 ,
3527 3505 3584 3552 et
3611 3500 3874 3551 meritum

660 3568 784 3610 ante
814 3560 999 3612 oculos
1031 3575 1358 3628 preponens.

590 3724 594 3727 -
662 3690 877 3744 Sanctis
907 3690 1166 3748 fratribus
1216 3693 1266 3746 in
1308 3692 1572 3764 Catuugai
1607 3707 1790 3747 eri-mo
1820 3695 2164 3756 constitutis,
2198 3697 2239 3758 ι]
2273 3693 2411 3748 Iihus
2445 3694 2603 3747 terris
2648 3708 2767 3763 qum
2816 3695 3170 3764 suscipiendis
3211 3703 3337 3749 sunt
3377 3695 3617 3752 caelestis
3665 3697 3872 3766 eloquii

591 3778 808 3840 Parnus
829 3791 1082 3851 peccator
1109 3787 1408 3839 monachus
1439 3785 1588 3853 pacis
1609 3787 1852 3838 osculum
1884 3785 1936 3839 itt
1970 3785 2173 3856 Spiritu

593 3883 808 3930 8311010.

1103 3964 1331 4020 CAPUT
1373 3965 1658 4021 Pill‘ilUM.

593 4058 747 4123 Quod
778 4057 953 4111 omnia
975 4059 1199 4112 servium
1226 4059 1276 4111 in
1305 4059 1402 4112 hoc
1430 4061 1624 4112 mundo
1653 4059 1722 4112 ad
1752 4076 1902 4114 usum
1927 4060 2172 4113 heminis.

665 4145 1011 4202 Pensnalium
1035 4151 1395 4203 conductores
1417 4152 1610 4204 aedium
1640 4192 1654 4213 ,
1684 4151 1765 4202 vel
1801 4163 2178 4218 procuratores

594 4250 868 4304 agrorum,
926 4237 1052 4289 dum
1114 4238 1348 4291 dominis
1408 4240 1520 4293 suis
1573 4240 1784 4307 placere
1847 4236 2180 4293 chidcrabi-

594 4322 716 4377 liter
744 4324 1010 4387 ambiunt,
1038 4328 1380 4380 exactionum
1420 4343 1654 4380 canones
1693 4329 1880 4388 minui,
1916 4329 2181 4383 villicatus

593 4415 676 4471 sui
715 4426 978 4484 tempore,
1012 4433 1115 4470 non
1149 4419 1497 4486 permittunt;
1529 4435 1626 4472 nos
1649 4421 1833 4484 etiam,
1858 4421 2052 4489 quibus
2077 4436 2179 4474 non

595 4507 958 4577 quarumlibet
1003 4523 1185 4560 rerum
1213 4549 1225 4567 ,
1261 4509 1352 4561 sud
1412 4510 1714 4562 animarum
1752 4520 2052 4563 vestrarum
2100 4519 2185 4564 cst

594 4597 884 4678 commissa
915 4598 1179 4662 custodia,
1213 4597 1365 4651 valde
1393 4601 1845 4668 pertimescimus,
1881 4601 1922 4652 si
1969 4600 2181 4666 frugum

594 4696 901 4741 vestrarum
937 4687 1180 4740 redditus
1204 4728 1218 4750 ,
1259 4689 1348 4756 qui
1384 4690 1670 4744 dmninicis
1705 4689 2038 4745 infert-batur
2060 4691 2184 4744 hur-

597 4779 739 4842 reis,
772 4781 870 4834 sub
899 4791 1084 4835 nostra
1119 4799 1247 4837 cura
1282 4784 1574 4847 minuitur,
1605 4787 1647 4839 si
1679 4796 1880 4840 sancta:
1908 4787 2186 4842 servitutis

599 4883 677 4922 ve-
699 4878 794 4923 tra:
835 4886 1058 4938 pensum
1087 4888 1182 4941 per
1213 4885 1472 4935 nostram,
1511 4879 1652 4944 quod
1699 4879 1862 4939 absit,
1894 4880 2186 4935 conniven-

601 4959 731 5010 tiant
782 4975 886 5012 non
923 4961 1193 5031 impletur.
1225 4953 1492 5035 Quidquid
1537 4967 1680 5020 enim
1733 4967 1782 5020 in
1839 4968 1941 5023 hoc
1991 4971 2186 5024 mundo

2277 3786 2574 3840 semiuilms
2614 3786 2941 3839 excolendas.
2975 3786 3129 3841 Sicut
3178 3801 3307 3858 ergo
3363 3789 3517 3844 nobis
3570 3789 3870 3845 timendum

2275 3891 2380 3944 cst,
2403 3878 2493 3946 qui
2517 3878 2662 3931 circa
2690 3888 2922 3932 vestram
2944 3879 3201 3948 jubemur
3223 3879 3509 3949 invigilare
3531 3881 3836 3933 custodiam
3853 3923 3868 3944 ,

2279 3969 2350 4022 ita
2378 3978 2431 4022 et
2460 3985 2556 4022 vos
2581 3985 2703 4021 cum
2753 3986 2946 4040 magna
2991 3969 3174 4023 laetitia
3202 3971 3402 4031 cordis,
3435 3973 3502 4023 ad
3539 3971 3870 4040 propositam

2278 4059 2482 4112 sanctis
2515 4057 2784 4112 laboribus
2815 4059 3012 4112 vestris
3052 4059 3260 4113 delictis
3287 4058 3544 4112 anhelare
3588 4075 3867 4123 coronam,

2281 4163 2380 4202 uec
2412 4150 2655 4202 minuere
2695 4149 2836 4216 quod
2881 4149 3160 4216 ett-pistis;
3208 4148 3300 4201 sed
3333 4145 3542 4217 pondus
3589 4149 3829 4212 lmigztrc
3855 4191 3869 4213 ,

2280 4241 2657 4310 prospiciendo
2683 4255 2789 4309 quo
2826 4240 3066 4292 tenditis.
3091 4239 3236 4293 Inter
3257 4252 3482 4293 creteros
3504 4250 3685 4294 autem
3712 4237 3873 4293 ﬂores

2281 4342 2482 4386 sanctae
2513 4337 2704 4383 vestra-2
2736 4329 3170 4384 conversationis
3197 4338 3252 4383 et
3299 4330 3474 4383 studia
3507 4329 3724 4398 pietatis
3753 4342 3872 4398 sng-

2282 4438 2408 4491 gero
2436 4422 2684 4475 charitati
2716 4432 2908 4474 vestrae
2967 4430 3026 4473 ut
3071 4431 3303 4489 quatuor
3341 4436 3438 4489 per
3475 4419 3869 4473 hebdomadam

2283 4514 2470 4566 dielms
2501 4521 2755 4566 consueta
2778 4509 2966 4579 jejunii
2998 4511 3178 4582 rcguia
3212 4520 3488 4573 teneatur,
3519 4519 3573 4563 ct
3605 4509 3872 4579 pra-cipue

2285 4603 2602 4665 Sabbatum,
2647 4604 2788 4672 quod
2839 4604 2890 4656 in
2941 4602 3298 4671 quorumdam
3327 4601 3750 4671 n'teulcjamjam
3783 4616 3872 4653 va-

2284 4695 2430 4750 cillat
2457 4737 2469 4759 ,
2502 4695 2602 4748 nisi
2647 4712 2676 4749 a
2725 4694 3014 4759 debilibus,
3066 4709 3172 4749 nou
3225 4693 3486 4746 solvatur.
3533 4691 3662 4746 Novi
3693 4692 3870 4762 plane,

2285 4788 2426 4857 quod
2472 4787 2632 4841 trittm
2681 4788 2890 4840 dierttnt
2947 4786 3062 4839 sine
3112 4798 3322 4854 pugna,
3369 4793 3426 4836 ct
3472 4784 3871 4852 discrepationc

2281 4877 2484 4947 jcjunia
2517 4878 2923 4948 transiguntur;
2971 4876 3207 4929 Sabbato
3261 4885 3442 4928 autent
3473 4890 3627 4929 tuens
3656 4875 3868 4928 iulirtna

2289 4980 2341 5024 et
2374 4969 2549 5038 lepida
2581 4969 2840 5037 paulatim
2871 4967 3060 5038 incipit
3090 4967 3140 5019 in
3170 4965 3402 5035 quodam
3437 4963 3768 5027 abstinendi,
3793 4962 3872 5016 vei

600 5045 901 5115 Ῑὲιιηνῖιιηνν
932 5053 982 5106 iu
1013 5070 1140 5109 usus
1167 5059 1377 5124 proficit
1403 5060 1659 5122 hominis,
1686 5059 1834 5114 solus
1863 5073 2041 5114 autem
2073 5064 2190 5116 aui-
2225 5058 2270 5115 D
2295 5062 2482 5117 edendi
2515 5061 2811 5115 meditullio
2841 5069 3034 5114 nutare.
3060 5100 3076 5122 ,
3109 5069 3165 5114 ct
3194 5067 3449 5129 tanquam
3482 5059 3533 5112 in
3567 5058 3713 5112 bivio
3744 5072 3876 5111 coa-

601 5156 812 5196 maram
852 5144 1057 5201 funt-Is
1102 5149 1286 5203 usibus
1333 5151 1567 5206 deservit
1624 5152 1882 5206 auctoris.
1939 5154 2013 5207 Eo
2060 5169 2187 5222 ergo

603 5228 986 5289 formidulosus
1014 5237 1256 5293 divinum
1289 5243 1537 5311 cogimur
1564 5253 1880 5312 exspectare
1903 5245 2183 5314 judicium,

601 5338 638 5392 q
664 5337 713 5379 ro
747 5327 1007 5384 tatiotzczn
1057 5331 1332 5398 debemus,
1380 5351 1483 5388 non
1515 5335 1582 5389 de
1621 5335 1894 5400 tegetibus
1926 5336 1977 5389 in
2012 5350 2184 5390 seces-

603 5429 760 5471 sunm
801 5433 921 5472 mox
951 5422 1228 5477 cuniculos
1271 5425 1606 5495 digerendis;
1639 5428 1733 5503 sel
1785 5427 1850 5480 de
1903 5427 2184 5481 animabus

606 5505 810 5576 potius,
844 5524 962 5578 qua:
1003 5515 1083 5566 sui
1117 5525 1512 5582 repraesentant
1542 5517 1830 5586 imaginem
1859 5515 2186 5572 Conditoris.

607 5591 725 5649 N0"
754 5596 909 5658 blane
932 5599 997 5655 ad
1026 5603 1364 5658 ratiocinium
1387 5607 1636 5661 ducimur
1657 5608 1722 5662 de
1748 5606 2048 5670 novalibus,
2070 5622 2189 5675 qua:

611 5689 920 5745 vomeribus
949 5702 1096 5757 sunt,
1128 5703 1180 5749 ct
1208 5695 1393 5750 cultris
1427 5698 1706 5764 obnoxias;
1738 5700 1830 5753 sed
1859 5700 1924 5752 de
1955 5700 2186 5753 rationa-

2296 5155 2481 5208 stituta
2511 5197 2525 5218 ,
2558 5169 2666 5222 quo
2704 5154 2984 5222 potissime
3012 5166 3290 5223 egressum
3320 5158 3496 5204 vertat
3523 5190 3538 5213 ,
3579 5149 3876 5218 ambigere,

2297 5261 2527 5314 moxque
2576 5262 2606 5300 a
2653 5260 2752 5298 suo
2799 5246 2976 5316 rigore
3025 5243 3334 5305 resolvitur,
3364 5257 3597 5304 mensas,
3629 5243 3879 5310 patinas,

2296 5336 2495 5391 calices
2515 5345 2566 5390 et
2598 5336 2857 5405 quidquid
2883 5335 3075 5390 eduliis
3101 5334 3376 5405 competit,
3407 5333 3726 5388 meditatur.
3751 5332 3881 5386 Cor-

2296 5442 2424 5497 pore
2464 5440 2524 5478 sc
2559 5426 2790 5479 debilem
2840 5425 3096 5488 simulat,
3125 5441 3245 5494 (pro
3300 5425 3367 5477 sit
3415 5423 3607 5478 edendi
3641 5424 3883 5478 suavitas

2291 5517 2499 5573 crebris
2527 5517 2579 5571 in
2608 5517 3024 5586 cogitationibus
3051 5524 3230 5568 versat
3257 5532 3268 5567 :
3304 5529 3530 5583 seseque
3551 5513 3883 5584 peragendis

2294 5620 2696 5680 superventura:
2724 5608 2896 5664 noctis
2922 5606 3165 5663 suilicere
3188 5620 3346 5676 posse
3373 5607 3646 5676 desperat.
3673 5606 3880 5661 interea

2297 5712 2611 5756 veternosus
2660 5700 2746 5753 ille
2790 5700 2926 5770 gulae
2977 5697 3272 5769 pruricutis
3324 5697 3568 5752 incentor
3611 5695 3882 5756 accendit,
