4138 6320
325 299 440 355 .797

1339 301 1584 359 OPUSC.
1625 301 1860 358 Ll\’.—
1896 301 1983 357 DE
2019 299 2292 386 JEJUNIO
2334 301 2641 358 SABBATI.

3492 302 3594 361 798

333 411 610 469 reﬁciendi
643 412 919 468 libidinem
942 414 1174 494 ingerit,
1217 428 1483 474 venenum
1529 415 1793 484 pestiferze
1822 414 1916 469 de-
1943 424 1990 477 Α
2019 414 2155 483 ejus,
2187 414 2276 484 qui
2313 414 2378 469 de
2418 424 2589 469 morte
2627 417 2920 470 resurrexit
2946 457 2959 480 ,
2987 416 3213 486 gloriam
3246 427 3452 472 cernat.
3487 417 3592 472 Lu-

334 503 640 566 lectationis
687 503 941 569 infundit,
973 519 1194 560 auream
1232 505 1576 559 discretionis
1610 507 1796 560 edocet
1830 521 1913 560 se-

335 594 544 656 mitam,
573 594 975 650 indiscretionis
1017 595 1211 650 astruit
1240 610 1582 664 summopere
1609 596 1908 650 cavendam

327 689 455 737 ‘esse
483 680 722 745 ruinam;
758 683 946 736 melius
972 698 1095 738 esse
1123 699 1247 738 cum
1280 685 1572 738 sobrietate
1602 684 1908 747 comedere,

328 785 496 840 quam
528 771 720 825 edendi
752 772 955 826 rabiem
1001 772 1270 842 duplicata
1304 772 1446 827 fante
1476 776 1703 829 nutrire.
1744 775 1916 828 Accu-

335 874 454 920 rate
483 857 717 932 namque
745 864 888 918 hunc
930 880 1040 918 sum
1068 865 1382 920 calliditatis
1413 866 1630 920 hamum
1663 867 1917 920 seductor

325 957 591 1025 antiquus
621 957 674 1010 in
705 957 842 1010 filios
873 956 1073 1024 injicit.
1106 957 1197 1026 qui
1239 957 1365 1011 olim
1409 957 1798 1027 ad'eapieudos'
1818 973 1916 1026 pa-

325 1053 518 1101 rentes
545 1045 766 1100 lnnuani
805 1049 1020 1116 generis
1059 1047 1321 1102 inescavit
1359 1045 1522 1115 (Gen.
1566 1046 1679 1115 ιιι).
1717 1047 1917 1100 Aculeo

335 1138 475 1206 gulae
513 1138 803 1192 transfixus
846 1149 1096 1208 parentes
1149 1149 1365 1194 nostros
1419 1148 1748 1199 attraxerat.
1782 1137 1918 1207 gula:

335 1227 512 1284 adhuc
537 1229 743 1283 aditum
789 1229 856 1283 ad
903 1230 1199 1298 capiemlos
1230 1245 1326 1282 nos
1355 1229 1584 1284 callidus
1612 1229 1920 1298 explorator

334 1320 606 1373 observat.
638 1319 1073 1375 Adbiheta-lbnc
1125 1330 1181 1374 et
1235 1322 1506 1390 quoslibet
1555 1330 1920 1375 assentatores

336 1423 400 1463 ac
437 1409 796 1478 placentarios
846 1410 1068 1476 incitat;
1110 1422 1165 1465 ut
1201 1412 1300 1466 hoc
1330 1413 1670 1467 extrinsecus
1698 1413 1918 1475 dicant,

334 1498 478 1568 quod
535 1499 622 1554 ille
672 1500 902 1555 interius
948 1501 1219 1566 seminat,
1254 1511 1523 1570 quatenus
1572 1503 1735 1556 miser
1761 1502 1922 1556 homo

336 1589 482 1644 inter
515 1599 590 1643 tot
617 1591 839 1645 balislas
867 1600 916 1645 et
947 1593 1245 1655 tttacltinas,
1278 1593 1418 1647 inter
1447 1601 1523 1646 tot
1552 1593 1780 1646 telorum
1811 1603 1924 1646 tur-

336 1679 493 1735 biues
521 1691 574 1734 et
598 1682 881 1736 missilium
903 1691 1246 1751 tempesratcs
1275 1683 1432 1736 facile
1453 1693 1706 1747 corruat;
1734 1676 1926 1736 adver-

337 1783 455 1825 sum
479 1786 637 1840 quem
681 1771 934 1826 videlicet
987 1783 1039 1828 et
1066 1773 1366 1843 linguarum
1398 1775 1515 1828 obsi
1543 1776 1610 1828 lio
1635 1784 1687 1829 et
1711 1775 1916 1844 cogita-
1951 1764 1994 1824 B

337 1858 545 1912 tionum
607 1861 803 1915 seditio
849 1862 1231 1930 conspirantes
1278 1863 1608 1918 unanimiter
1657 1872 1915 1933 pugnant.

337 1949 452 2003 Prae.
479 1964 602 2004 erca
656 1966 754 2005 nec
798 1953 1153 2005 omittcmlum
1201 1954 1342 2022 quod
1389 1954 1579 2007 eadem
1641 1969 1816 2024 pugna
1851 1953 1916 2008 de

338 2041 494 2093 tertia
523 2039 589 2093 fe:
608 2041 656 2094 ia
688 2041 918 2096 inlirmis
947 2043 1218 2096 mentibus
1243 2043 1416 2095 oritur
1439 2054 1670 2112 utroque
1692 2042 1919 2112 quadra-

336 2129 578 2198 gcsltnali
616 2139 852 2200 tempore
879 2171 893 2194 ,
938 2148 1059 2185 cum
1089 2134 1326 2201 quinque
1359 2135 1547 2188 diebus
1588 2151 1684 2203 per
1722 2135 1920 2188 hebdo-

335 2220 547 2273 matiam
574 2221 882 2290 jejunatur,
910 2237 1031 2290 quae
1067 2225 1124 2274 lit
1155 2223 1220 2276 de
1255 2224 1529 2286 Sabbatis,
1555 2225 1766 2278 ca-teris
1793 2223 1919 2276 anni

339 2311 690 2378 temporibus,
719 2311 936 2380 quando
969 2312 1212 2367 videlicet
1249 2314 1386 2367 intra
1431 2324 1664 2383 quatuor
1708 2314 1823 2367 dies
1853 2312 1922 2377 je-

332 2403 470 2473 junii
501 2419 710 2458 summa
757 2404 1119 2459 cont-luditur.
1173 2405 1435 2475 Malignus
1487 2407 1683 2475 quippe
1729 2406 1919 2468 hostis,

338 2495 462 2564 quia
509 2495 976 2565 quadragesimale
1042 2495 1339 2550 Sabbatum
1387 2496 1527 2565 apud
1587 2511 1774 2550 servos
1825 2495 1920 2550 Dei

339 2598 606 2643 temerare
634 2606 738 2642 non
771 2588 987 2653 sullicit,
1022 2590 1235 2642 tertium
1269 2589 1472 2643 saltem
1493 2588 1682 2642 feriam
1715 2589 1920 2642 violare

341 2680 660 2742 coxitcndit;
711 2696 834 2733 cum
889 2690 1066 2733 autem
1115 2681 1272 2750 lmjus
1321 2681 1427 2735 diei
1463 2681 1605 2745 rigor
1634 2681 1920 2743 amittitur,

342 2769 408 2824 ad
426 2771 840 2840 expugnandum
868 2769 1162 2824 Subhatum
1190 2770 1433 2839 protinus
1453 2770 1620 2840 839
1642 2770 1729 2824 ille
1751 2779 1926 2824 trans-

342 2859 540 2925 fertur;
573 2871 630 2913 ιιι
655 2870 711 2914 et
735 2862 988 2930 antiquus
1019 2861 1364 2915 adversarius
1404 2863 1470 2912 ab
1502 2861 1783 2914 inferendo
1805 2876 1925 2914 cer-

346 2953 544 3006 tamine
573 2968 842 3020 Itttttqttatll
868 2952 1098 3014 desinat,
1127 2961 1181 3006 ct
1210 2953 1300 3006 Dei
1326 2951 1560 3006 famulus
1585 2953 1923 3007 occasionem

345 3045 582 3100 victoria:
613 3060 884 3114 nunquam
913 3046 1117 3114 perdat.

964 3157 1190 3212 CAPUT
1229 3157 1291 3211 11.

347 3249 455 3304 Cur
481 3259 584 3303 tres
615 3249 724 3303 dies
761 3249 1161 3329 inhabitatum!“
1202 3248 1343 3327 apud
1379 3249 1659 3302 monachos
1680 3249 1927 3318 jejunare

931 3329 1228 3371 tttsltttttttm
1265 3329 1351 3370 ut.

418 3409 526 3465 Vos
554 3419 756 3472 autem.
797 3410 1155 3471 dilectissimi,
1202 3409 1436 3480 regulam
1467 3424 1497 3463 a
1525 3408 1775 3462 Patrihus
1814 3418 1926 3462 tra-

345 3503 537 3566 ditam,
567 3519 596 3556 a
632 3504 782 3558 vobis
812 3502 976 3556 etiam
1007 3517 1102 3570 per
1130 3503 1285 3569 longa
1306 3501 1418 3568 jam
1454 3511 1693 3570 tempora
1742 3508 1926 3554 custo-

346 3594 534 3656 ditam,
563 3592 680 3646 sine
703 3608 862 3646 causa
892 3591 1055 3645 nolite
1097 3592 1400 3655 dimittere;
1439 3591 1794 3645 saluberrimo
1817 3589 1929 3642 cul-

347 3683 421 3737 ttti
480 3683 702 3736 vivil‘tca:
759 3684 922 3736 etiam
976 3682 1265 3751 sepultura:
1325 3680 1616 3735 Dominica:
1662 3679 1927 3748 jejunium

344 3773 614 3842 copulate.
649 3773 935 3826 Enimvero
987 3781 1096 3825 tres
1144 3772 1230 3826 isti
1266 3771 1379 3824 dics
1403 3811 1417 3832 ,
1453 3781 1562 3823 trcs
1594 3785 1691 3836 per
1725 3779 1927 3839 myste-

347 3862 483 3916 riunt
511 3863 791 3916 continent
825 3872 1126 3930 temporum
1164 3861 1505 3914 diversitates
1530 3899 1543 3922 ,
1573 3868 1723 3912 sexta
1753 3859 1882 3912 feria
1908 3898 1924 3921 ,

347 3951 638 4008 Sabbatum
667 3967 724 4008 et
755 3955 1029 4009 Dominica
1062 3953 1195 4015 dies,
1227 3954 1451 4021 ideoque
1487 3951 1618 4003 istos
1650 3951 1790 4003 inter
1820 3965 1926 4004 eae-

346 4053 491 4099 teros
543 4047 655 4098 dies
706 4045 973 4116 prteciptte
1019 4045 1310 4096 observare
1353 4042 1654 4094 debemus:
1692 4041 1828 4093 duos
1874 4039 1926 4091 in

344 4135 526 4190 carnis
570 4135 926 4206 castigatione
956 4176 968 4198 ,
1010 4135 1226 4189 tertium
1279 4133 1331 4185 in
1385 4131 1680 4200 spiritualis
1733 4130 1928 4182 laetitia:

340 4223 695 4294 iucunditate.
747 4225 912 4280 Sexta
961 4226 1157 4294 quippe
1207 4223 1340 4277 feria
1399 4223 1657 4276 Dominus
1689 4223 1738 4273 in
1770 4234 1931 4273 cruce

343 4317 630 4390 pependit,
685 4315 920 4370 Sabbato
960 4317 1011 4370 in
1068 4315 1316 4386 sepulcro
1364 4315 1564 4384 quievit
1595 4354 1608 4376 ,
1667 4313 1752 4365 die
1801 4325 1929 4363 vero

346 4405 623 4464 Deminica
659 4406 972 4474 resurrexit.
1007 4406 1172 4472 Quasi
1201 4405 1346 4459 enim
1368 4414 1517 4458 sexta
1547 4402 1681 4457 feria
1710 4411 1791 4456 est
1820 4409 1927 4453 tota

347 4499 464 4553 haec
494 4498 601 4550 vita
628 4539 641 4560 ,
685 4498 737 4550 in
765 4514 870 4568 qua
905 4512 1046 4551 ntmc
1074 4507 1329 4566 tanquam
1364 4497 1655 4549 morientes
1680 4494 1925 4556 vivimus,

346 4586 402 4642 in
447 4603 548 4655 qua
587 4603 804 4642 crucem
851 4589 1090 4655 quotidie
1140 4595 1260 4655 post
1305 4585 1486 4640 Jcsum
1525 4595 1742 4654 portare
1781 4584 1934 4653 jube-

348 4694 501 4742 tnur;
531 4678 826 4733 Sabbatum
874 4691 1052 4732 autem
1081 4719 1094 4741 ,
1124 4677 1264 4747 quod
1297 4679 1478 4746 utique
1519 4677 1719 4746 requies
1764 4675 1934 4728 inter-

348 4779 590 4840 pretatur
615 4811 628 4834 ,
663 4771 790 4825 illud
843 4771 1111 4836 signiﬁcat
1175 4769 1405 4838 spatium
1455 4769 1595 4837 quod
1629 4775 1710 4819 est
1757 4781 1786 4818 a
1821 4766 1928 4830 dic,

348 4875 458 4930 qua
518 4859 801 4927 morimur,
858 4878 1026 4931 usque
1073 4861 1138 4914 ad
1188 4860 1600 4915 resurrectionis
1642 4859 1781 4912 diem
1824 4872 1932 4926 quo

349 4949 600 5004 videlicet
631 4952 697 5004 ad
724 4952 958 5005 tribunal
986 4953 1170 5006 aeterni
1195 4949 1399 5005 Judicis
1429 4950 1716 5019 resumptis
1743 4963 1932 5014 corpo-

349 5041 502 5096 ribus
546 5053 966 5112 prmsentamur;
1019 5044 1132 5098 dies
1183 5059 1312 5098 vero
1345 5043 1654 5096 Dominicus
1684 5041 1769 5094 illa
1815 5047 1937 5111 post

343 5133 606 5210 judicium
629 5138 900 5192 :eternitas
923 5137 1049 5200 erit,
1072 5152 1190 5205 quze
1213 5136 1347 5190 lucis
1364 5144 1414 5191 et
1438 5135 1619 5204 glorite
1648 5134 1935 5189 terminum

353 5239 461 5298 non
495 5226 728 5280 habebit.
755 5226 811 5280 ln
857 5226 1017 5297 hujus
1043 5242 1173 5296 ergo
1203 5223 1487 5279 detinentis
1519 5223 1773 5291 temporis
1803 5220 1938 5276 Sab-

353 5315 480 5370 bato
530 5319 897 5388 unusquisque
942 5328 1185 5373 nostrmn
1211 5331 1366 5370 suum
1401 5330 1599 5384 corpus
1625 5312 1848 5384 afﬂigat,
1879 5321 1939 5366 ut

354 5405 408 5461 in
442 5407 531 5462 illo
567 5412 909 5479 postmodum
954 5409 1196 5462 suaviter
1235 5406 1559 5476 requiescat.
1598 5404 1654 5458 ln
1688 5406 1788 5458 hoc
1829 5403 1939 5459 fer-

356 5513 489 5554 vens
523 5501 744 5572 sp'ritus
769 5502 948 5555 carnis
974 5517 1084 5554 suae
1122 5500 1485 5554 blandimenta
1528 5495 1814 5550 mortiflcet
1837 5535 1852 5560 ,
1884 5503 1942 5550 ιιι

357 5589 410 5645 in
455 5591 544 5645 illo
589 5593 813 5648 felic'ter
842 5594 1154 5663 epu'aturns
1201 5591 1454 5646 exsultet.
1488 5590 1587 5644 llic
1632 5588 1698 5644 ad
1731 5587 1938 5642 Domini

361 5684 694 5759 sepulturam
727 5702 849 5740 cum
883 5686 1086 5740 sanctis
1119 5682 1435 5738 mulieribus
1469 5681 1684 5750 lugeat,
1735 5688 1792 5730 ut
1833 5677 1938 5729 illic

1961 4453 2007 4511 D

2012 509 2211 576 gubres
2256 505 2393 558 oculi
2421 546 2436 569 ,
2468 506 2661 574 pallida
2692 522 2786 560 ora
2814 548 2829 572 ,
2859 507 3077 560 demissi
3126 505 3302 560 vultus
3331 547 3345 570 ,
3393 506 3592 561 inculta

2013 593 2280 656 czesarics.
2313 595 2464 660 signa
2503 594 2609 646 sint
2657 610 2755 648 nos
2802 610 2921 648 esse
2967 594 3258 664 discipulos
3308 595 3592 658 crucifixi”,

2015 683 2096 736 vel
2131 685 2182 736 in
2238 684 2484 754 sepulcro
2530 685 2792 753 jacentis,
2832 696 2890 739 ut
2921 689 3009 756 qtti
3043 702 3184 741 nunc
3222 702 3343 740 cum
3382 696 3573 757 aposto

2014 773 2079 827 lis
2126 773 2371 843 lugentes
2399 785 2451 829 ct
2477 775 2782 843 jejunantes
2811 774 3117 842 allligimur,
3151 778 3230 830 eis
3255 776 3594 844 postmodum

2016 863 2084 917 in»
2121 865 2293 918 mellis
2353 875 2409 919 et
2467 866 2630 935 piscis
2675 865 2781 919 assi
2835 867 3082 919 convivio
3127 868 3397 921 sociemur
3445 865 3591 935 (Luc.

2017 959 2187 1024 xxiv).
2225 955 2293 1009 Ut
2329 965 2508 1010 autem
2539 957 2628 1025 qtti
2661 956 2898 1020 fructus,
2929 973 3113 1025 qmevc
3149 960 3220 1012 sit
3261 958 3466 1011 utilitas
3509 973 3595 1012 se-

2017 1046 2183 1114 ptima
2218 1046 2347 1100 feria
2371 1045 2673 1115 jejunandi,
2723 1063 2826 1100 non
2872 1057 2978 1101 tam
3013 1049 3190 1102 verbis
3231 1064 3389 1117 quam
3438 1049 3600 1104 rebus

2018 1137 2258 1199 eluceat;
2293 1154 2398 1192 non
2449 1140 2546 1192 abs
2592 1153 2648 1193 re
2678 1139 2951 1192 credimus
2974 1179 2987 1198 .
3019 1139 3063 1191 si
3095 1138 3258 1194 etiam
3307 1139 3372 1192 de
3404 1138 3602 1192 nostris

2018 1227 2292 1294 opusculis
2339 1227 2406 1280 ad
2457 1227 2869 1283 aedificationem
2922 1237 3160 1282 vestram
3210 1227 3370 1282 breve
3401 1227 3603 1297 aliquid

2021 1327 2348 1376 mutuemur.

2635 1405 2862 1461 CAPUT
2904 1406 2986 1460 Ill.

2062 1517 2380 1572 Miraculum
2411 1535 2511 1589 quo
2543 1519 2809 1588 jejunium
2841 1518 3056 1573 Subbati
3095 1520 3442 1589 approbatum
3472 1531 3568 1575 est.

2097 1630 2229 1684 Nam
2257 1631 2398 1700 quod
2438 1631 2682 1686 dicturus
2723 1646 2839 1684 sum
2867 1671 2882 1693 ,
2940 1631 3006 1684 ibi
3034 1629 3146 1698 jam
3196 1633 3476 1700 scripsisse
3522 1646 3606 1686 me

2029 1723 2269 1786 memini,
2301 1723 2388 1776 ubi
2437 1723 2503 1776 de
2546 1733 2670 1776 octo
2712 1724 2982 1791 quondam
3023 1722 3242 1792 jejuniis
3289 1721 3602 1790 disputavi:

2025 1829 2169 1876 mox,
2197 1814 2439 1883 inquam,
2472 1823 2528 1867 Ill
2557 1815 2655 1867 ista
2685 1814 3136 1883 conscripserant,
3163 1815 3291 1884 quid
3323 1815 3450 1868 mihi
3478 1829 3606 1868 casu

2021 1903 2103 1956 vel
2138 1905 2316 1973 potius
2349 1904 2529 1960 divino
2562 1915 2692 1958 nutu
2727 1920 2883 1958 nosse
2911 1905 3219 1972 contigerit,
3251 1921 3357 1959 non
3393 1904 3602 1958 celabo.

2023 1994 2216 2047 Senior
2245 1994 2463 2060 quidatn
2497 1993 2667 2048 frater
2693 2035 2704 2056 ,
2735 1995 2824 2061 qui
2861 1993 2974 2062 jam
3021 1997 3242 2065 triginta
3291 1996 3405 2051 fere
3451 1997 3608 2050 annis

2019 2085 2299 2138 ercmitica
2327 2085 2515 2138 cellula
2567 2081 2696 2139 usus
2739 2086 2943 2150 fuerat,
2978 2089 3043 2141 ad
3075 2104 3160 2141 me
3195 2070 3380 2152 venit,
3424 2092 3478 2143 et
3508 2089 3606 2142 soli

2020 2176 2322 2238 visionem,
2357 2192 2476 2245 quze
2506 2175 2606 2230 sibi
2641 2177 2911 2232 acciderat
2939 2218 2952 2240 ,
2999 2179 3272 2248 patefecit.
3307 2178 3460 2248 Smpe
3484 2221 3497 2238 ,
3529 2177 3611 2230 itt-

2021 2268 2135 2335 quit
2162 2308 2174 2328 .
2230 2268 2525 2337 magister,
2584 2269 2638 2321 in
2695 2278 2746 2321 te
2782 2269 3074 2323 simultatis
3114 2281 3168 2323 et
3205 2269 3296 2324 seu
3335 2269 3607 2323 stimulum

2023 2358 2247 2426 pertuli,
2299 2358 2426 2427 quia
2475 2359 2615 2413 dietn
2653 2358 2873 2413 Sabbati
2925 2370 3202 2429 tantopere
3236 2370 3292 2414 ut
3335 2359 3612 2430 jejunare-

2025 2458 2114 2502 tttr
2151 2450 2424 2513 instabas;
2465 2449 2671 2503 interea
2716 2451 2998 2520 concupivi
3029 2450 3454 2522 Hierosolymam
3488 2465 3608 2518 per-

2023 2553 2185 2608 gere;
2246 2554 2476 2608 cumque
2522 2541 2626 2594 hoc
2691 2540 2743 2594 in
2813 2541 2927 2594 dies
2988 2541 3258 2595 desiderio
3313 2539 3612 2596 ferventius

2023 2639 2307 2684 mstuarem
2336 2673 2350 2694 ,
2406 2632 2694 2685 dormienti
2744 2632 2873 2686 mihi
2921 2631 3198 2687 Dominica
3249 2633 3414 2704 85.0
3455 2643 3613 2686 nocte

2027 2724 2198 2776 astitit
2221 2725 2271 2776 in
2299 2725 2504 2778 visione
2523 2724 2835 2792 splendidus
2856 2725 3071 2792 quidam
3096 2723 3344 2784 clericus,
3362 2733 3414 2776 et
3442 2724 3605 2776 dixit:

2028 2813 2221 2866 Frater
2247 2813 2506 2877 Joannes,
2540 2816 2618 2868 sic
2645 2815 2788 2868 enim
2822 2817 3133 2878 vocabatur,
3164 2817 3244 2869 vis
3276 2817 3458 2870 venire
3483 2815 3608 2870 llie-

2028 2903 2352 2973 rosulymam
2377 2906 2398 2956 ?
2426 2906 2520 2959 Cui
2551 2921 2672 2958 cum
2704 2904 2839 2958 velle
2869 2920 2953 2958 me
2997 2905 3411 2974 respondissem,
3443 2906 3616 2972 proti-

2028 3009 2130 3047 nus
2163 3009 2248 3047 me
2279 2995 2403 3049 illnc
2434 3011 2529 3064 per
2560 3000 2827 3048 somnium
2875 2996 3026 3048 duxit
3054 3036 3068 3057 ,
3095 2996 3368 3064 multaque
3399 3005 3614 3052 sancto-

2029 3102 2147 3138 rum
2180 3086 2422 3154 sepulcra
2453 3087 2775 3139 circumiens
2801 3127 2814 3149 ,
2842 3087 3091 3156 quodque
3132 3089 3285 3155 cujus
3330 3098 3471 3142 esset
3495 3102 3613 3156 spe-

2028 3176 2240 3230 cialiter
2291 3178 2620 3244 designavit;
2661 3179 2872 3230 tandem
2921 3179 2984 3230 ad
3047 3178 3352 3248 sepulcrum
3401 3179 3608 3232 Domini

2027 3267 2215 3320 eodem
2247 3268 2382 3320 duce
2409 3267 2626 3336 perveni
2658 3308 2672 3330 ,
2699 3277 2750 3321 et
2775 3283 2901 3321 ecce
2945 3277 3062 3337 post
3094 3269 3398 3334 sepulcrum
3433 3270 3615 3323 stabat

2029 3356 2246 3424 quidam
2285 3355 2513 3410 clericus
2543 3371 2735 3409 serena
2787 3356 2946 3418 faeie,
2995 3365 3050 3410 et
3097 3357 3322 3425 pulcher
3371 3370 3612 3427 aspccut,

2028 3446 2403 3499 cervicetcnus
2451 3445 2584 3498 stola
2638 3446 2864 3499 camlida
2925 3448 3176 3499 decenter
3228 3457 3488 3508 ornatus,
3523 3447 3613 3516 qui

2030 3537 2170 3590 dixit
2222 3536 2352 3590 mihi
2388 3551 2402 3588 :
2435 3535 2513 3590 Tu
2552 3537 2746 3590 nudius
2797 3536 2989 3589 tertius
3034 3535 3300 3589 vivilicatn
3353 3551 3566 3590 crucem
3596 3575 3611 3599 ,

2030 3631 2282 3684 hesterno
2329 3644 2540 3698 quoque
2591 3630 2674 3682 die
2705 3628 3032 3698 sepulturam
3082 3631 3412 3683 Dominicam
3440 3671 3454 3693 ,
3487 3629 3614 3683 dum

2023 3719 2275 3789 jejuna:in
2304 3759 2318 3782 ,
2352 3719 2618 3772 veraciter
2647 3719 2905 3772 adorasti.
2939 3719 3013 3772 I‘Zx
3049 3720 3148 3773 hoc
3173 3759 3187 3782 ,
3228 3731 3434 3774 remoto
3464 3720 3608 3773 o'nni

2029 3809 2279 3878 scrupulo
2328 3807 2618 3861 dubietatis
2645 3847 2657 3869 ,
2718 3823 2948 3878 agnosce
2980 3847 2994 3869 ,
3048 3809 3170 3877 quia
3207 3817 3259 3862 et
3297 3819 3447 3861 sexta
3483 3807 3612 3861 feria

2029 3914 2262 3957 crucem.
2295 3907 2346 3950 cl
2374 3897 2411 3950 S
2434 3897 2614 3949 '.bhato
2641 3899 2946 3964 sepulcrum
2975 3898 3170 3952 Christi
3217 3897 3495 3950 verissime
3521 3913 3610 3951 ce-

2029 3989 2204 4042 labras
2229 3999 2278 4039 et
2310 3989 2502 4041 adoras
2525 4027 2537 4047 ,
2579 3987 2620 4040 si
2654 3987 2934 4054 pta-dictos
2961 3989 3076 4040 dies
3121 3988 3325 4040 orando
3381 3997 3433 4040 et
3463 3987 3610 4055 psal-

2029 4076 2187 4130 lendo
2232 4075 2464 4144 jejunus.
2500 4075 2616 4142 Quo
2648 4074 2894 4128 videlicet
2935 4074 3227 4128 instructus
3277 4077 3528 4140 oraculo,
3558 4086 3614 4131 et

2031 4168 2342 4220 scandalum
2373 4207 2386 4230 ,
2433 4167 2574 4234 quod
2627 4167 2910 4218 adversum
2942 4175 2992 4220 te
3019 4207 3033 4230 ,
3065 4166 3223 4220 l’atcr
3246 4208 3260 4231 ,
3297 4167 3610 4235 habueram,

2031 4259 2255 4327 perdidi,
2282 4269 2335 4312 et
2357 4259 2608 4326 deinceps
2634 4257 2925 4312 Sabhatum
2955 4275 3059 4313 non
3085 4261 3274 4314 minori
3300 4262 3603 4326 devotione.

2031 4367 2192 4420 quam
2229 4361 2438 4405 sextam
2472 4351 2684 4414 feriam,
2720 4351 2764 4403 si
2794 4348 3020 4404 facultas
3071 4363 3340 4422 suppetat,
3367 4351 3608 4422 jcjunavi

2033 4442 2350 4517 [jejunabo].
2376 4442 2500 4497 Hum
2526 4443 2654 4496 mihi
2687 4452 2907 4496 sanctus
2933 4443 3099 4498 frater
3124 4445 3324 4509 retulit,
3348 4461 3468 4500 cum
3496 4445 3611 4502 lure

2036 4550 2154 4602 qua!
2190 4534 2474 4587 scribimus
2519 4541 2573 4587 ct
2607 4544 2733 4587 tunc
2781 4535 3001 4588 omnino
3034 4537 3305 4600 nesciret,
3343 4545 3396 4590 ct
3437 4537 3612 4592 adhuc

2038 4641 2261 4695 prorsus
2309 4625 2537 4693 ignoret.
2584 4623 2692 4678 lloc
2725 4633 2902 4679 autem
2959 4627 3255 4682 rescribere
3292 4643 3394 4680 non
3425 4627 3613 4697 piguit,

2036 4725 2096 4770 ιιι
2124 4717 2169 4770 si
2197 4715 2510 4783 opusculum
2541 4714 2667 4769 illml
2693 4717 2841 4771 vobis
2869 4730 3157 4770 occurrere
3189 4729 3291 4768 nun
3316 4717 3611 4784 contingat,

2038 4809 2136 4862 hoc
2163 4808 2350 4861 saltem
2389 4807 2738 4861 fraternitatis
2766 4818 2960 4863 vestra:
2987 4809 3232 4863 notitiam
3262 4825 3366 4863 non
3397 4808 3612 4864 evadat.

2640 4917 2872 4974 CAPUT
2921 4917 3006 4972 ιν.

2071 5034 2338 5098 Majorum
2369 5034 2675 5105 negligentia
2708 5033 2938 5102 exemplo
2970 5034 3124 5086 etiam
3161 5033 3379 5102 posteris
3411 5043 3578 5089 nocet.

2107 5126 2415 5182 Cavendum
2443 5136 2524 5180 est
2555 5127 2756 5194 itaque,
2781 5124 3136 5185 dilectissimi,
3170 5141 3235 5180 ne
3267 5135 3450 5180 nostro
3481 5136 3613 5181 tem-

2038 5234 2168 5290 pore
2196 5227 2380 5273 saneta
2414 5219 2518 5271 vita
2553 5219 2652 5271 ista
2692 5225 2928 5285 tepescat
2955 5257 2968 5282 ρ
3011 5218 3319 5285 sensimque
3355 5234 3412 5276 se
3442 5219 3616 5272 itumi-

2041 5313 2273 5373 nuemlo,
2306 5309 2448 5380 quod
2477 5311 2638 5373 absit,
2666 5311 2888 5364 omnino
2927 5308 3161 5364 deficiat.
3194 5309 3452 5366 Novimus
3475 5311 3616 5368 enim

2041 5402 2105 5456 de
2139 5417 2331 5470 magna
2361 5399 2487 5453 olim
2526 5408 2574 5453 et
2627 5399 2790 5453 ardua
2841 5399 2927 5453 vix
2963 5399 3074 5469 jam
3117 5409 3301 5454 tenues
3335 5412 3616 5468 superesse

2044 5493 2329 5563 reliquias;
2363 5500 2417 5544 ct
2453 5491 2620 5551 sicut,
2659 5492 2799 5558 quod
2830 5507 2858 5544 a
2891 5490 3186 5559 majoribus
3212 5499 3295 5545 est
3319 5490 3576 5544 omissum
3597 5528 3612 5554 ,

2033 5599 2150 5638 non
2183 5589 2464 5652 reparatur
2502 5594 2532 5633 a
2581 5580 2765 5645 nobis;
2819 5582 2888 5635 ita
2938 5582 3080 5650 quod
3113 5581 3251 5650 apud
3282 5596 3379 5635 nos
3409 5596 3502 5652 per
3529 5594 3616 5634 ne-

2046 5676 2352 5746 gligentiam
2384 5673 2585 5742 deperit
2611 5715 2623 5736 ,
2650 5689 2986 5742 nequaquam
3019 5688 3390 5730 successorum
3420 5681 3606 5727 nostro
