4138 6320
573 316 676 392 799
729 308 733 311 ⁷

572 530 715 621 (Lib.
746 551 805 590 ιιι
847 533 1050 601 Ca"m.,
1080 534 1167 588 od.
1198 532 1295 602 6.).

752 648 891 710 ditas
914 654 1194 710 parentum,
1222 646 1361 710 pejor
1381 628 1503 706 avis,
1540 644 1650 694 tulit

748 709 852 760 Nos
873 709 1157 765 nequiores,
1181 722 1289 755 mox
1316 709 1515 756 daturos

761 773 1067 833 Progeniem
1089 772 1414 819 vitiosiorem.

568 877 663 932 Sic
691 876 877 947 utique
913 875 987 929 rei
1018 874 1223 930 erimus
1254 888 1358 927 non
1382 873 1544 927 modo
1567 879 1765 926 nostra!
1788 869 2151 941 negligentiae,

567 983 595 1022 s
630 966 663 1021 d
683 977 739 1021 et
759 966 948 1020 aliena:
973 965 1127 1029 vitae;
1159 962 1285 1018 dum
1306 972 1358 1017 et
1387 962 1487 1031 ipsi
1516 959 1828 1016 lacessendo
1849 958 2147 1022 deﬁcimus,

566 1064 620 1109 et
646 1055 889 1111 defectus
942 1067 1163 1107 causam
1213 1050 1444 1120 posteris
1490 1063 1832 1119 gener-alnus.
1864 1045 1999 1100 Nam
2027 1062 2150 1100 eum

566 1160 755 1200 eorum
790 1143 949 1198 deses
975 1143 1084 1197 vita
1126 1142 1441 1205 notabitur,
1482 1140 1549 1194 ad
1596 1154 1697 1194 nos
1725 1148 1925 1209 praesto
1968 1151 2151 1192 recur-

564 1245 705 1293 rent.
736 1252 836 1290 nos
864 1234 966 1290 sibi
994 1234 1241 1304 clypeum
1272 1230 1602 1309 defensionis
1645 1238 1938 1301 opponent;
1972 1237 2030 1283 ut
2058 1227 2149 1298 qui

565 1323 644 1378 fui
671 1339 770 1378 ..us
799 1338 1157 1395 praecessores
1184 1323 1236 1376 in
1265 1323 1396 1385 vita,
1435 1322 1605 1377 simus
1634 1330 2031 1390 consequenter
2057 1335 2152 1373 au-

562 1423 745 1470 ctores
776 1414 828 1468 iu
864 1411 1038 1483 culpa.
1071 1412 1255 1480 Nerua
1296 1413 1441 1467 enim
1487 1411 1738 1466 meliores
1789 1402 2014 1476 sumus,
2068 1409 2150 1463 in-

564 1504 752 1573 quient
772 1543 787 1567 ,
816 1519 976 1573 quam
1025 1511 1207 1571 patres
1234 1502 1439 1567 nostri;
1467 1501 1610 1569 quod
1641 1500 1945 1555 invenimus
1964 1539 1982 1563 ,
2011 1498 2159 1567 arri-A

561 1597 806 1667 puimus;
860 1595 1001 1665 quod
1043 1593 1334 1648 didicimus
1359 1633 1373 1656 ,
1405 1593 1505 1648 hoc
1546 1599 1602 1647 et
1633 1601 1897 1647 tenemus.
1949 1589 2147 1658 Sicque

561 1707 609 1742 ei
626 1688 767 1743 iuius
793 1685 845 1739 al
865 1686 952 1759 eui
995 1684 1228 1753 torporis
1254 1683 1504 1763 aposmli,
1530 1693 1584 1737 et
1615 1699 1719 1736 non
1747 1679 2027 1745 doctrinm,
2049 1680 2144 1734 sed

559 1778 848 1836 oblivionis
883 1776 1164 1847 magistri;
1217 1792 1322 1830 non
1375 1775 1541 1830 duces
1588 1774 1655 1828 ad
1707 1772 2016 1835 victoriam,
2050 1771 2143 1825 sed
2178 1794 2222 1854 η

552 1883 908 1939 praecessores
929 1868 994 1923 ad
1018 1865 1220 1938 fugam.
1235 1866 1562 1921 Mementote
1576 1862 1719 1933 quod
1744 1862 2004 1947 sgriptum
2018 1868 2128 1914 est:

560 1980 579 2011 ι
614 1958 703 2016 Va:
730 1960 814 2015 his
842 1959 934 2030 qui
982 1959 1338 2030 perdiderunt
1366 1957 1745 2013 sustinentium
1778 1954 1965 2026 (Eccli.
1996 1955 2076 2023 ιι).
2110 1971 2129 2004 ι

554 2052 624 2107 Et
653 2070 667 2106 :
698 2072 716 2103 ι
755 2052 885 2122 Ego.
936 2052 1134 2121 inquit,
1183 2050 1411 2119 dispono
1462 2049 1638 2111 vobis,
1681 2048 1822 2102 sicut
1869 2045 2136 2114 disposuit

556 2143 687 2197 mihi
711 2143 871 2196 Pater
907 2157 1057 2196 meus
1089 2156 1310 2212 regnum
1352 2138 1504 2211 (Luc.
1532 2140 1685 2206 xxn).
1718 2157 1735 2188 ι
1768 2136 1990 2204 Quare?
2017 2134 2136 2189 Non

556 2232 745 2303 utique
781 2236 911 2302 quia
964 2232 1201 2302 cmpisti,
1223 2233 1317 2286 sed
1348 2249 1360 2284 :
1398 2249 1417 2281 ι
1458 2230 1564 2284 Vos
1589 2229 1741 2289 estis,
1765 2229 1879 2290 ait,
1900 2227 1991 2296 qui
2016 2240 2138 2296 per-

558 2325 835 2381 mansistis
880 2341 1087 2380 mecum
1140 2327 1193 2378 in
1227 2322 1614 2377 teutatiouihns
1661 2320 1795 2375 meis
1846 2317 2057 2388 (Ibid).
2111 2337 2129 2371 ι

559 2420 945 2485 Quamobrem,
974 2416 1334 2480 dilectissimi,
1382 2414 1486 2470 hoc
1514 2414 1583 2470 ab
1608 2422 1763 2468 aetate
1788 2421 1968 2468 nostra
2004 2425 2138 2481 pia:-

557 2513 803 2566 eidamus
841 2510 1226 2582 opprobrium;
1269 2518 1325 2563 ct
1376 2507 1595 2561 virtutis
1637 2506 1888 2575 insigne,
1947 2503 2137 2574 quoda

557 2606 807 2676 patribus
854 2605 1052 2660 nostris
1100 2604 1423 2672 accepimus,
1480 2600 1746 2655 illibatum
1778 2609 1832 2653 et
1869 2598 2138 2671 integrum

560 2699 794 2754 fideliter
848 2700 899 2753 in
948 2697 1089 2754 filios
1119 2694 1582 2751 transfundamus.
1621 2693 1678 2749 Si
1725 2694 1832 2747 vita
1862 2690 2139 2747 ereiuitica

561 2791 851 2849 minuenda
892 2800 995 2856 est,
1026 2806 1120 2847 oer
1142 2787 1276 2843 alios
1301 2787 1524 2857 incipiat
1557 2784 1723 2838 minui
1756 2801 1771 2849 ;
1798 2798 1898 2837 nec
1934 2796 2032 2837 nos
2060 2780 2140 2835 iu-

544 2881 844 2938 .vcniamur
888 2882 938 2935 in
990 2881 1147 2951 hujus
1175 2878 1337 2951 851
1373 2877 1578 2931 fraudis
1605 2874 1890 2943 sacrilegio
1931 2872 2089 2942 primi
2123 2887 2137 2935 ;

561 2989 627 3029 ne
653 2987 774 3027 eum
824 2982 1006 3042 patres
1034 2972 1225 3036 nostri,
1257 2968 1417 3038 hujus
1458 2968 1708 3023 videlicet
1733 2964 1996 3036 propositi
2026 2963 2140 3018 fun-

557 3065 799 3129 datores,
828 3062 1144 3135 pervenient
1167 3061 1232 3115 ad
1261 3076 1546 3124 coronam,
1575 3073 1694 3122 nos,
1728 3057 1859 3127 ipsis
1882 3071 2143 3111 accusan-

562 3157 706 3212 tibus
731 3164 786 3211 ct
813 3156 1016 3210 acriter
1058 3152 1455 3216 insistentibus,
1498 3150 1890 3221 compellantur
1923 3146 2143 3201 ultionis
2166 3153 2207 3212 ι]

559 3244 741 3301 subire
789 3245 1131 3300 sententiam.
1184 3241 1320 3296 Nam
1353 3241 1573 3298 cutuilli
1618 3240 1900 3295 beatorum
1934 3245 2140 3307 marty-

560 3351 682 3391 rum
711 3335 822 3391 sint
852 3335 1043 3389 imitati
1076 3350 1198 3388 cum
1252 3333 1420 3388 umlto
1451 3333 1648 3389 sudore
1691 3330 2012 3392 certamina,
2043 3342 2143 3381 nos

561 3427 628 3495 de
671 3423 803 3479 solis
846 3432 1145 3495 martyrum
1185 3422 1462 3476 solemniis
1512 3420 1893 3489 disputamus;
1937 3426 1992 3471 et
2046 3416 2139 3486 qui

562 3530 670 3570 non
698 3512 1042 3569 interfuimus
1076 3513 1293 3583 pucliis,
1335 3512 1403 3567 de
1432 3510 1667 3581 peractis
1687 3510 1979 3581 gliscimus
2006 3521 2142 3578 gau—

562 3606 690 3659 dere
716 3605 1023 3673 triumphis.

1034 330 1093 387 s.
1131 328 1336 386 PETRI
1377 326 1657 383 unum
1697 286 1846 383 οιιιῖ.
1925 322 2164 381 ron-us
2199 321 2337 381 εει]
2366 321 2545 378 PARS
2582 321 2667 377 ιιι.
2701 342 2779 363 ι-
2813 310 3176 379 OPUSCULA
3217 317 3448 377 vanu.

571 460 694 503 rum
716 442 1002 515 posteritas
1034 441 1379 507 instaurabit,
1402 450 1461 495 ut
1487 455 1674 495 verum
1697 439 1768 495 sit
1791 438 1917 493 illud
1944 437 2152 492 lloratii
2184 439 2233 498 Α
2267 438 2270 442 λ
2458 436 2461 437 ⁷
2527 463 2530 467 ~
2882 431 3114 490 CAPUT
3151 434 3217 490 Υ.
3353 437 3357 443 '
3422 438 3425 441 “
3482 404 3485 407 ¹
3568 404 3574 409 θ

3733 314 3858 375 εσα

2882 431 3114 490 CAPUT
3151 434 3217 490 Υ.
3353 437 3357 443 ’
3422 438 3425 441 “
3806 422 3821 431 ’

2259 545 2412 614 Quod
2442 548 2543 602 vita
2569 556 2744 601 nostra
2772 530 3065 613 Sabbatumr
3089 554 3164 600 est
3196 528 3393 600 ultima:
3422 532 3865 601 resurrectionis-

2326 657 2462 715 Tota
2500 658 2662 728 plane
2690 658 2798 713 vita
2838 656 2942 712 ista
2979 657 3376 727 quodammodo
3407 655 3704 713 Sabbatum
3752 667 3845 714 est
3882 710 3889 713 .

2254 750 2399 807 illius
2456 750 2657 807 ultimae
2713 749 3159 813 resurrectionis.
3211 758 3268 804 et
3319 749 3474 819 quasi
3539 749 3844 820 profestum

2254 858 2419 908 nunc,
2455 852 2618 913 atque
2645 841 2860 914 vigilias
2889 841 3149 904 colimus,
3189 844 3258 896 ad
3287 857 3449 912 quam
3476 842 3842 912 suspiramus,

2252 932 2613 991 solemnitatis
2650 941 2887 987 aeterna.
2933 931 3041 987 Sed
3069 931 3162 1001 qui
3193 930 3259 986 ad
3302 931 3518 1000 nuptias
3559 942 3840 1001 properat.

2253 1023 2337 1078 vel
2373 1023 2559 1095 epulas
2588 1022 2879 1091 cujuslibet
2927 1037 3138 1093 magum
3184 1021 3502 1077 festivitatis
3529 1030 3859 1091 exspectat,

2251 1116 2320 1171 ad
2347 1116 2753 1195 auticipandum
2793 1114 3152 1184 pracedentis
3183 1114 3331 1169 horae
3365 1113 3699 1185 jentaculum
3731 1130 3844 1169 non

2250 1207 2490 1262 anhelat.
2539 1205 2649 1262 Nos
2696 1207 2764 1262 ad
2811 1205 2941 1261 illud
2987 1205 3303 1261 refectionis
3341 1216 3559 1260 interna:
3598 1205 3846 1276 nuptiale

2250 1298 2553 1353 convivium
2577 1297 2813 1361 invitati,
2842 1296 3101 1352 festinare
3117 1293 3235 1364 jam
3257 1294 3554 1365 carpimus;
3585 1303 3642 1351 et
3661 1296 3845 1351 adhuc

2249 1389 2483 1446 molliter
2514 1404 2581 1446 ac
2615 1388 2871 1445 deliciose
2913 1389 3187 1452 viventes,
3227 1387 3381 1442 velut
3413 1387 3604 1443 horam
3642 1386 3867 1444 edendi.

2247 1477 2410 1550 ΒΜ
2436 1478 2728 1547 legitimam
2750 1475 3269 1547 praevenimusﬂuid
3295 1476 3579 1544 prandenti
3602 1491 3725 1531 cum
3747 1487 3851 1531 ω-

2249 1568 2426 1623 mulo?
2458 1567 2597 1634 Quid
2635 1565 2809 1637 epulis
2831 1580 2953 1620 cum
2983 1564 3270 1635 sepulcro?
3293 1564 3349 1620 Si
3378 1565 3714 1635 sepulturam
3738 1564 3849 1620 bo-

2245 1658 2379 1714 mini
2409 1674 2533 1713 eum
2556 1656 2852 1726 discipulis,
2887 1670 2993 1709 non
3035 1670 3158 1709 cum
3183 1654 3443 1710 militibus
3481 1654 3845 1721 custodimus,

2250 1748 2542 1803 all'eramus
2603 1746 2887 1801 misturam
2933 1746 3166 1818 myrrhae
3206 1752 3270 1801 et
3294 1744 3459 1801 aloes.
3484 1743 3670 1814 (Joan.
3697 1746 3846 1815 mi).

2250 1841 2626 1905 noucacabos
2657 1848 2713 1895 et
2743 1839 2965 1894 lebetes.
3010 1838 3066 1893 lu
3101 1837 3206 1892 illis
3233 1836 3505 1907 siquidem
3531 1836 3849 1891 amaritudo

2246 1933 2530 1996 mentium,
2564 1931 2617 1986 in
2651 1930 2770 1986 istis
2805 1938 2986 1984 autem
3016 1937 3146 1983 sunt
3188 1927 3447 1983 illicebra:
3472 1924 3844 1995 voluptatum.

2243 2022 2326 2077 Ad
2353 2021 2688 2092 sepulturam
2716 2034 2851 2075 sane
2877 2017 3141 2074 debemus
3163 2025 3383 2086 pectora
3424 2015 3689 2080 tundere,
3730 2029 3847 2078 non

2245 2113 2471 2184 dapibus
2514 2120 2732 2166 ventres
2777 2110 3003 2175 inﬂare;
3041 2107 3302 2163 debemus
3346 2115 3537 2163 intesta
3585 2106 3851 2177 lacryuiis

2244 2220 2341 2259 ora
2368 2202 2719 2273 perfundere,
2749 2216 2856 2255 non
2885 2199 3172 2271 cputaudis
3200 2198 3463 2254 calicibus
3514 2197 3845 2266 indulgere;
3888 2201 3893 2205 ’

2246 2310 2352 2350 ιιοιι
2389 2293 2708 2365 iugurgitari
2738 2307 2907 2357 inero,
2940 2289 3035 2346 sed
3065 2299 3250 2360 potum
3282 2304 3405 2347 cum
3436 2289 3654 2343 lletibus
3700 2300 3847 2342 tem-

2245 2400 2436 2457 perare
2457 2384 2629 2457 (Ρδαι.
2654 2385 2750 2455 cr).
2780 2382 2891 2437 Nec
2921 2393 3102 2440 tamen
3130 2380 3246 2436 haec
3275 2379 3650 2443 inconsultius,
3680 2389 3732 2434 et
3760 2379 3847 2435 sic

2244 2478 2453 2547 absque
2482 2475 2814 2531 discretione
2857 2471 3148 2527 statuimus
3168 2511 3184 2535 ,
3226 2481 3285 2525 ut
3312 2469 3707 2528 humanitatem
3738 2467 3847 2524 dc.-

2245 2568 2489 2631 bilibus,
2539 2578 2595 2621 ct
2641 2565 3004 2620 valetudinem
3057 2562 3432 2617 laborantibus
3485 2564 3845 2631 denegemus.

2246 2657 2632 2714 Verumtamen
2661 2656 2740 2711 sic
2767 2655 2868 2711 sibi
2897 2654 3281 2708 discretionem
3313 2653 3359 2708 is
3384 2653 3477 2722 qui
3508 2652 3855 2716 infirmatus,

2245 2748 2542 2818 indulgeat,
2572 2756 2629 2802 ut
2659 2744 2932 2801 Salubrem
2971 2742 3381 2798 consuetudinis
3419 2740 3681 2811 regulam,
3708 2756 3839 2805 cum

2242 2839 2605 2904 convaluerit,
2651 2853 2755 2893 non
2786 2837 3022 2892 omittat.
3057 2835 3149 2890 Sic
3197 2835 3312 2905 ipse
3356 2834 3639 2888 remissius
3666 2832 3837 2895 vivat,

2244 2942 2301 2985 ut
2332 2932 2378 2986 is
2404 2932 2500 3001 qui
2525 2928 2812 2984 incolmuis
2837 2935 2939 2991 est,
2972 2926 3024 2979 iu
3052 2924 3398 2980 continentia:
3426 2938 3540 2977 suae
3566 2921 3840 2976 nihilomi-

2246 3039 2344 3077 nus
2375 3023 2551 3093 rigore
2587 3027 2923 3090 permaneat.
2952 3014 3067 3069 Non
3098 3015 3284 3085 igitur,
3312 3010 3673 3076 dilectissimi,
3707 3027 3839 3082 gra-

2246 3130 2433 3170 vemur
2463 3112 2689 3168 Sabbati
2728 3124 2949 3165 servare
2973 3106 3269 3179 jejunium;
3305 3113 3364 3159 ut
3399 3105 3526 3159 dum
3554 3118 3697 3157 nunc
3732 3101 3838 3155 sub

2238 3207 2593 3277 castigatione
2667 3216 2954 3277 corporum
3030 3196 3380 3267 Redemptori
3450 3203 3637 3249 nostro
3706 3207 3838 3246 con-

2238 3294 2528 3364 sepelimur
2579 3293 2634 3347 in
2686 3276 2880 3355 inerte,
2924 3297 2978 3342 et
3008 3286 3108 3357 ipsi
3146 3294 3493 3357 resurgentes
3549 3297 3671 3337 cum
3713 3281 3833 3351 ipso

2239 3385 2580 3456 postmodum
2639 3381 2919 3451 epulemur
2975 3379 3030 3434 in
3083 3376 3321 3433 cmlestis
3370 3374 3555 3446 gloriae
3588 3372 3839 3429 claritate

2242 3473 2420 3541 (llam.
2446 3473 2544 3545 vi).

2571 3586 2654 3644 Sit
2695 3601 2884 3640 nomen
2920 3582 3134 3638 Domini
3167 3582 3535 3637 benedictum-

605 3869 964 3953 ⁸4³⁸44
1016 3892 1798 4001 OPUSCULUM
1862 3887 3064 4017 QUINQUAGESIMUM
3127 3879 3781 4036 QUINTUMs
3870 4010 3871 4013 χ

1597 4106 1703 4167 DE
1743 4104 2287 4168 CELEBRANDIS
2318 4099 2668 4165 VIGILIIS.

3042 4354 3067 4369 κ

544 4433 1025 4489 Anuuusiku.——
1046 4430 1337 4485 Mouaehos
1365 4445 1493 4485 suos
1517 4430 1583 4484 ad
1610 4427 1965 4484 celebrandas
1987 4435 2109 4481 octo
2128 4425 2485 4488 ,l‘estivitatum
2513 4423 2749 4495 vigilias,
2778 4435 2916 4491 quas
2944 4434 3044 4489 per
3071 4419 3473 4495 indevotiouem
3520 4426 3575 4489 et
3600 4417 3839 4495 abusum

619 4487 649 4557 τί
682 4487 952 4571 plerisque.
986 4516 1213 4571 suorum
1239 4511 1538 4568 temporum
1573 4500 1768 4571 negligi
1805 4499 2180 4571 conqueritur,
2215 4498 2317 4571 hac
2347 4487 2959 4571 epistolatadhortatur;
2999 4505 3124 4545 cum
3156 4490 3413 4552 rationes,
3450 4487 3571 4557 quae
3606 4487 3659 4543 in
3695 4502 3835 4542 eon-

617 4562 1055 4627 trarium’facere
1082 4562 1419 4638 videbantur,
1449 4572 1518 4625 ab
1549 4562 1856 4624 hominibus
1889 4562 2079 4638 parum
2107 4566 2211 4638 piis
2237 4562 2454 4631 allatas,
2494 4564 2652 4619 facile
2682 4562 2947 4619 diluisset.

611 4708 831 4766 Sanctis
888 4707 1149 4765 fratribus
1207 4707 1262 4763 in
1312 4721 1496 4764 eremo
1546 4705 1883 4773 constitutis,
1911 4702 2130 4759 PETBUS
2158 4708 2207 4768 Ι)
2225 4704 2379 4785 juuia
2402 4745 2416 4769 ,
2442 4719 2567 4774 quae
2590 4702 2840 4757 videlicet
2866 4700 3129 4755 hactenus
3162 4699 3215 4752 iu
3243 4696 3465 4767 antiqua
3512 4694 3833 4765 progenito—

535 4810 791 4873 peccator
818 4800 1114 4857 monachus
1138 4799 1389 4857 salutem.

607 4892 945 4950 Naturaliter
967 4903 1149 4966 autem
1177 4895 1283 4950 hoc
1309 4894 1500 4949 morbo
1527 4892 1761 4948 humana
1797 4890 2012 4947 laborat
2041 4890 2127 4944 iu-

539 4985 799 5052 .I'lrmitas,
827 4995 887 5041 ut
913 5003 981 5041 ex
1009 4986 1357 5043 continentiae
1387 4986 1567 5057 rigore
1595 4984 1750 5041 facile
1778 4994 2032 5049 corruat;
2058 4983 2125 5038 ad

533 5077 799 5132 virtutum
835 5092 963 5133 vero
991 5086 1192 5132 statum
1242 5076 1692 5148 disciplinamque
1744 5073 1961 5129 vivendi
1989 5070 2127 5127 diﬂi-

536 5166 713 5221 culter
741 5178 1011 5240 assurgat.
1037 5167 1194 5224 Unde
1220 5168 1281 5223 fit
1305 5177 1364 5223 ut
1392 5183 1515 5223 cum
1536 5166 1841 5221 districtum
1873 5162 2000 5233 quid
2026 5178 2124 5233 pro

536 5256 651 5312 Deo
677 5257 921 5327 arripere
944 5259 1191 5325 nitimur,
1218 5256 1317 5313 soli
1354 5258 1492 5312 viam
1519 5255 1723 5313 laboris
1752 5268 1975 5311 necesse
2000 5262 2083 5310 est
2104 5294 2119 5318 ,

533 5346 626 5401 vix
660 5345 841 5416 aliquo
870 5348 1192 5412 comitante,
1221 5363 1544 5419 carpamus;
1571 5347 1716 5418 quod
1741 5346 1786 5402 si
1817 5362 1916 5401 nos
1945 5360 2123 5417 quan-

534 5435 786 5493 tumlibet
813 5436 879 5491 ad
908 5438 1201 5513 voluptatis
1245 5438 1388 5495 ﬂuxa
1441 5438 1807 5500 remittimus.
1849 5436 2128 5493 ultroucos

532 5535 734 5599 praesto
763 5526 830 5581 ad
857 5526 1179 5585 imitandum
1205 5545 1304 5586 nos
1331 5514 1679 5600 quamplures
1708 5528 1885 5584 socios
1915 5528 2122 5593 inveni-

535 5632 659 5697 mus
710 5615 845 5686 Hoc,
867 5618 1206 5677 dilectissimi
1237 5621 1454 5688 fratres,
1482 5620 1686 5678 idcirco
1715 5620 2120 5690 conquerimur,

536 5705 670 5780 quia,
701 5706 958 5781 pleraque
983 5723 1081 5782 per
1126 5710 1375 5768 annalem
1422 5709 1683 5767 circulum
1719 5708 2029 5765 veneranda
2053 5707 2126 5779 je-

2237 4810 2357 4850 rum
2380 4804 2689 4850 nostrorum
2712 4791 3002 4846 traditione
3015 4788 3305 4852 coluimus,
3324 4802 3466 4842 nunc
3479 4784 3831 4856 quibusdam,

2236 4901 2409 4941 novas
2433 4884 2577 4939 velut
2606 4892 2787 4939 sectas
2814 4878 3316 4941 iutroducentibus,
3347 4890 3551 4947 passnu
3594 4874 3837 4945 negligi,

2235 4985 2290 5032 et
2322 4977 2374 5031 in
2403 4975 2751 5047 prandiorum
2779 4973 2966 5044 epulas
2995 4980 3202 5026 mutata
3251 4970 3516 5024 dolemus.
3565 4966 3699 5034 Quae
3744 4956 3833 5022 ni-

2234 5068 2432 5122 mirum
2461 5065 2553 5121 hic
2580 5062 2905 5121 enumerare
2942 5062 3178 5118 otiosum
3218 5075 3341 5115 esse
3390 5073 3497 5114 non
3540 5057 3829 5120 ducinms;

2230 5159 2304 5214 ita
2353 5165 2413 5212 ut
2457 5158 2624 5212 etiam
2670 5155 2913 5210 rationes
2960 5152 3331 5223 singulorum,
3379 5164 3478 5204 cur
3505 5148 3683 5203 omitti
3720 5162 3835 5203 non

2231 5249 2486 5314 debeant,
2533 5255 2695 5320 prout
2723 5244 2964 5316 epistolae
3005 5242 3384 5313 compendium
3413 5241 3643 5311 patitur,
3693 5239 3834 5295 alfe~

2237 5355 2442 5397 ramus.

2704 5436 2707 5437 ⁷
2748 5426 2976 5483 CAPUT
3015 5423 3306 5481 PRlMUM.

2233 5544 2341 5600 Cur
2387 5544 2443 5598 in
2489 5542 2683 5613 uigiliis
2724 5536 3109 5613 .dssuntptionis
3177 5535 3344 5613 neque
3397 5533 3631 5604 Virginis
3677 5544 3728 5588 et
3756 5532 3827 5589 Π.

2486 5605 2712 5669 Joannis
2744 5605 3000 5674 Baptista:
3039 5606 3209 5662 natali
3224 5628 3229 5629 ν
3239 5605 3570 5674 jejunamus.
3826 5658 3831 5663 ,
3854 5660 3861 5665 ,

2306 5706 2422 5776 Age
2442 5704 2625 5777 igitur,
2651 5707 2750 5757 cur
2777 5695 3178 5767 Assumptiouis
3196 5695 3369 5751 beatce
3395 5692 3580 5749 Maria:
3609 5707 3834 5763 semper
