4138 6320
395 318 493 412 εοι
1210 322 1236 340 ”
1296 322 1560 417 ettusc;
1584 361 1693 417 LV.
1724 334 1792 404 4—
1824 363 1913 420 οε
1945 337 2433 420 cctanaanms
2475 345 2778 420 wc’mns.’
3499 375 3506 384 -
3543 357 3660 414 eos

337 457 340 460 ’
386 463 632 534 ’νὶτεὶιιῖς
647 463 870 534 jejztniis
903 479 1007 518 non
1036 473 1160 522 sunt
1190 467 1526 524 celebrandae
1562 471 1790 542 vigiliae?
1820 489 1958 543 quan

2085 475 2306 528 omnino
2339 472 2616 539 nescierit,
2672 475 2849 544 partui
2903 483 3080 531 tamen
3135 476 3287 532 dolor
3327 474 3665 532 familiariter

386 553 642 608 videlicet
681 553 1128 609 consuetudinem
1176 571 1346 625 usque
1390 559 1458 611 ad
1506 574 1635 623 nos,
1667 561 1775 615 imo
1813 579 1984 632 usque
2065 571 2165 621 'est
2197 566 2534 636 conjunctus,
2575 576 2809 622 testante
2834 567 3072 623 Veritate
3125 583 3244 638 quae
3273 569 3380 622 ait:
3413 587 3432 618 ι
3475 567 3666 622 Mulier

383 641 536 698 nunc
567 643 751 714 procul
799 643 962 698 dubio
1009 648 1259 700 novimus
1294 656 1348 702 et
1378 649 1680 718 antiquitus
1712 655 1984 707 tenuisse?
2022 691 2030 701 ο
2085 671 2207 711 cum
2260 658 2405 726 parit
2441 657 2716 712 tristitiam
2747 659 2932 720 habet,
2979 661 3103 728 quia
3154 659 3302 714 venit
3333 659 3464 713 hora
3512 659 3659 727 ejus;

390 732 472 787 An
501 735 623 802 quia
653 733 747 787 Dei
779 732 1024 788 Genitrix
1048 750 1112 789 ex
1138 737 1241 790 hac
1267 738 1375 791 vita
1402 753 1498 807 per
1527 743 1846 811 martyrium
1874 759 1977 798 non

391 826 675 907 transivit?
701 825 806 881 Sed
837 827 881 881 si
918 829 1030 883 haec
1064 837 1148 882 est
1179 830 1319 884 ratio
1355 847 1454 886 cur
1478 833 1724 908 jejunari
1747 852 1852 890 non
1888 839 1981 894 de-

322 907 324 909 ’
389 915 543 982 beat;
593 931 726 985 ergo
752 917 1013 972 nativitas
1041 920 1186 974 beati
1219 925 1572 991 praecursoris
1617 925 1818 980 Christi
1863 929 1980 983 sine

362 1023 546 1068 causa
573 1008 780 1077 jejunio
811 1011 1158 1079 praevenitur,
1205 1015 1423 1082 quando
1467 1017 1672 1071 scilicet
1703 1035 1808 1074 non
1855 1022 1979 1077 hinc

387 1114 522 1167 puer
546 1101 806 1170 propheta
842 1103 1104 1171 migrasse
1135 1118 1234 1171 per
1262 1104 1632 1174 gladium,sed
1659 1109 1763 1164 huc
1795 1112 1978 1179 potius

387 1193 704 1262 agnoscitur
747 1193 961 1247 venisse
1007 1209 1104 1263 per
1135 1203 1369 1250 uterum.
1419 1198 1491 1252 At
1524 1198 1566 1252 si
1608 1199 1684 1254 rei
1745 1201 1979 1272 dignitas

387 1283 674 1353 vigilanter
704 1284 1012 1353 inspicitur,
1042 1285 1245 1340 idcirco
1275 1297 1506 1356 utraque
1543 1288 1658 1343 haec
1705 1290 1976 1347 festivitas

387 1374 548 1442 digne
576 1373 874 1444 prtemissis
903 1383 985 1430 est
1010 1376 1330 1446 excipienda
1373 1376 1629 1446 jejuniis;
1679 1383 1801 1449 quia
1831 1392 1881 1436 et
1913 1382 1974 1437 Β.

375 1465 552 1535 Virgo
575 1465 878 1520 molestiam
902 1467 1084 1523 carnis
1107 1469 1345 1524 moriens
1371 1470 1617 1540 pertulit,
1640 1471 1781 1525 etB.
1812 1471 1975 1528 Joan-

383 1571 482 1610 nes
514 1571 611 1624 per
640 1557 1004 1612 conditionem
1036 1559 1290 1613 nascendi
1341 1575 1408 1614 ex
1458 1563 1720 1618 maternis
1750 1565 1975 1620 visceri-

280 1638 282 1640 ’
368 1647 483 1703 bus
509 1649 772 1718 vagiendo
805 1663 868 1703 ac
897 1648 1158 1718 plorando
1187 1650 1474 1720 processit.
1521 1651 1714 1707 Merito
1748 1654 1854 1709 illis
1880 1670 1977 1725 per

375 1736 580 1811 jejunia
612 1740 859 1809 pridiana
906 1741 1287 1810 compatimur,
1317 1751 1375 1796 ut
1413 1742 1856 1814 illucescentibus
1885 1762 1974 1802 eo-

2085 765 2206 804 cum
2261 758 2441 802 autem
2487 749 2757 818 pepererit
2802 764 3051 818 puerum,
3095 749 3207 818 jam
3257 765 3362 803 non
3415 750 3664 803 meminit

2083 855 2348 910 pressurae
2379 850 2599 909 propter
2620 841 2899 911 gaudium,
2949 841 3073 910 quia
3117 852 3276 895 natus
3302 851 3386 896 est
3417 843 3577 897 homo
3606 843 3661 896 in

2079 930 2336 982 mundum
2370 930 2548 997 (Jomt.
2575 934 2706 999 xvi).
2740 947 2756 980 ι
2785 928 2940 983 Unde
2962 943 3066 984 non
3105 930 3370 984 immerito
3397 939 3506 984 tota
3539 945 3662 984 san-

2077 1023 2160 1068 cta
2186 1013 2444 1082 Ecclesia,
2473 1014 2612 1068 sicut
2635 1013 2883 1068 morienti
2901 1013 3117 1068 Christo
3137 1016 3512 1079 comtnoritur,
3536 1030 3658 1068 cum

2080 1114 2398 1174 resurgente
2453 1105 2751 1173 consurgit,
2789 1119 2912 1158 cum
2947 1105 3117 1159 cmlos
3149 1106 3477 1159 ascendente
3529 1121 3658 1160 con-

2077 1195 2282 1249 scendit
2310 1211 2323 1258 ;
2359 1195 2429 1248 ita
2459 1195 2854 1262 quodammodo
2883 1209 3005 1249 cum
3037 1195 3194 1247 heata
3228 1193 3344 1262 ejus
3386 1193 3660 1248 Genitrire

2077 1286 2318 1354 patiente
2349 1285 2702 1353 compartnrit
2725 1325 2738 1348 ,
2777 1285 3045 1352 simulque
3074 1284 3227 1352 quasi
3268 1284 3575 1352 parturiens
3607 1283 3658 1336 in

2076 1376 2276 1446 vigiliis
2321 1384 2550 1438 maeret,
2585 1383 2643 1428 ut
2689 1375 2976 1443 puerperio
3016 1373 3207 1428 salutis
3242 1373 3416 1429 elfnso
3445 1388 3566 1426 cum
3597 1387 3658 1425 ea

2078 1467 2237 1520 simul
2269 1467 2320 1520 in
2351 1476 2544 1520 sancta
2582 1465 2876 1519 Nativitate
2929 1464 3242 1534 conjnbilet,
3297 1472 3562 1534 quatenus
3591 1465 3656 1517 ad

2078 1567 2238 1612 tanta:
2295 1558 2656 1613 solemnitatis
2721 1557 2949 1627 gloriam
3011 1572 3117 1610 non
3179 1555 3338 1610 modo
3391 1555 3659 1625 spirituali

2077 1649 2311 1718 tripudio
2356 1664 2510 1703 mens
2541 1649 2754 1719 gliscat,
2789 1649 2880 1702 sed
2912 1657 2965 1700 et
2995 1648 3106 1715 ipsa
3156 1661 3282 1700 caro
3324 1661 3442 1713 quae
3481 1647 3656 1700 allicta

2080 1737 2256 1792 fuerat
2295 1737 2634 1809 refrigerium
2675 1753 2898 1792 sensura
2950 1737 3300 1804 congaudent.
3330 1735 3482 1804 juxta
3529 1733 3658 1788 illud

381 1846 499 1884 rum
525 1830 821 1895 solemniis,
847 1831 1118 1886 communi
1143 1847 1263 1884 cum
1287 1833 1366 1887 eis
1388 1833 1574 1887 ltetitia
1596 1834 1962 1903 perfruamur;
2002 1823 2041 1878 Β
2071 1828 2355 1898 Propheta:
2381 1848 2392 1883 ε
2423 1847 2441 1880 ι
2500 1829 2682 1884 δίιίνῖι
2706 1830 2756 1881 in
2783 1839 2853 1893 le.
2885 1829 3080 1899 inquit.
3114 1828 3294 1880 anima
3329 1841 3469 1892 mea:
3493 1841 3655 1896 quam

380 1927 437 1973 ut
468 1935 700 1977 mcerore
729 1919 887 1974 simul
922 1937 1044 1976 cum
1093 1919 1199 1975 illis
1225 1920 1411 1976 afﬂicti
1433 1964 1447 1989 ,
1476 1924 1632 1977 simul
1665 1925 1966 1994 epulemur,

376 2009 540 2064 etiam
589 2010 786 2080 gaudio
837 2009 1035 2065 feriati.
1082 2010 1152 2065 At
1198 2010 1426 2068 fortasse
1458 2000 1673 2078 dicitur,
1728 2017 1852 2085 quia
1902 2015 1964 2069 Β.

376 2099 572 2171 Virgo,
606 2116 725 2169 qua:
765 2100 880 2154 sine
910 2101 1096 2158 dolore
1126 2101 1249 2156 vita:
1276 2113 1555 2160 auctorem
1586 2105 1779 2169 edidit,
1817 2106 1969 2162 dolo-

363 2206 490 2246 rem
521 2193 801 2247 moriendo
831 2209 937 2246 non
967 2194 1177 2248 sensit?
1207 2193 1313 2248 Sed
1356 2210 1459 2264 qua
1491 2197 1812 2252 auctoritate
1839 2213 1958 2253 eam

361 2283 496 2351 "quis
532 2282 805 2338 divinetur
836 2282 886 2336 in
921 2298 1146 2355 corpore
1179 2300 1284 2340 non
1333 2285 1571 2340 doluisse
1605 2287 1927 2343 morientent
1949 2330 1964 2355 ,

374 2367 529 2444 cujus
559 2377 797 2431 animam
829 2378 1208 2447 pertransierit
1237 2378 1446 2448 gladius
1491 2380 1669 2435 adhuc
1697 2382 1862 2437 etiam
1912 2383 1964 2436 in

363 2467 537 2522 "carne
565 2467 910 2521 manentem?
956 2466 1108 2538 (an.
1143 2469 1227 2540 ιι.)
1256 2467 1562 2523 Ρτπιεεετιίιη
1595 2487 1715 2524 cum
1761 2480 1816 2524 et
1853 2471 1967 2542 ipse

374 2556 639 2611 mediator
666 2554 758 2611 Dei
789 2564 842 2610 et
870 2556 1147 2612 hominum
1172 2560 1468 2613 moriturus
1490 2558 1634 2614 dicat
1664 2576 1676 2612 :
1714 2579 1731 2611 ε
1765 2559 1966 2616 Tristis

371 2655 452 2703 cst
479 2649 655 2702 anima
684 2662 801 2702 mea
832 2663 1005 2719 usque
1035 2649 1102 2702 ad
1135 2657 1368 2704 mortem
1400 2647 1616 2709 (Manli.
1645 2651 1820 2721 tum).
1844 2671 1861 2702 ι
1891 2652 1966 2706 De

369 2753 478 2808 quo
512 2748 564 2793 et
601 2737 794 2793 Petrus
824 2757 837 2792 :
873 2757 891 2790 ι
923 2738 1092 2804 Quem
1123 2741 1295 2803 Deus,
1345 2739 1547 2808 inquit,
1599 2741 1883 2794 suscitavit
1929 2759 1960 2797 a

371 2829 627 2892 mortuis,
656 2827 848 2882 solutis
892 2829 1170 2882 doloribus
1210 2829 1406 2882 inferni
1455 2827 1647 2899 (Marc.
1690 2844 1806 2895 xuv;
1843 2830 1959 2884 Act.

373 2931 412 2971 tt
439 2917 478 2988 ).
521 2936 540 2970 ι
603 2917 709 2972 Sed
741 2917 854 2972 sive
881 2918 1384 2972 m'oriens‘dolorem
1414 2934 1518 2972 non
1545 2920 1793 2983 senserit,
1821 2921 1962 2990 quod

361 3006 511 3061 Deus
542 3007 726 3077 utique
756 3008 957 3077 potuit;
1009 3008 1123 3063 sive
1174 3009 1439 3072 senserit,
1484 3012 1628 3079 quod
1675 3013 1956 3080 permisit:

360 3097 535 3161 unde,
568 3111 772 3166 quasso,
812 3098 910 3152 iste
937 3108 1020 3152 est
1047 3099 1374 3168 przedicator
1401 3101 1703 3170 epularum,
1734 3112 1788 3158 et
1817 3103 1960 3158 salu-

358 3188 503 3242 taris
527 3189 867 3243 abstinentiae
900 3189 1180 3256 inimicus,
1219 3191 1321 3246 nisi
1350 3206 1416 3246 ex
1463 3207 1650 3247 eorum
1696 3209 1954 3259 numero,
1985 3169 2030 3231 Ο

265 3353 272 3355 ἓ
364 3279 435 3334 de
480 3279 676 3348 quibus
718 3279 1007 3348 Apostolus
1059 3283 1434 3352 conqueritur,
1485 3283 1717 3338 dicens:
1753 3303 1771 3335 ι
1810 3285 1954 3340 Μιιηί

364 3371 511 3426 enim
539 3372 836 3438 ambulant,
865 3389 1002 3443 quos
1033 3389 1175 3444 smpe
1201 3375 1447 3430 dicebam
1479 3375 1655 3441 vobis,
1690 3393 1832 3431 nunc
1858 3392 1953 3431 att-

367 3469 474 3515 tem
500 3471 552 3518 et
582 3461 716 3517 ﬂens
759 3463 915 3528 dico,
968 3464 1218 3519 inimicos
1247 3465 1426 3520 crucis
1469 3465 1697 3532 Christi,
1726 3482 1956 3537 quorum

367 3553 490 3609 finis
520 3555 801 3619 interitus,
831 3564 886 3611 et
909 3573 1140 3626 quorum
1177 3557 1319 3613 Deus
1343 3568 1532 3613 venter
1560 3569 1676 3622 est,
1705 3569 1757 3614 et
1784 3559 1954 3631 gloria

366 3645 418 3699 in
456 3645 772 3701 confusione
798 3647 1060 3717 ipsorum,
1087 3649 1176 3717 qui
1203 3650 1658 3719 tert'cna'sapiunt
1690 3648 1947 3721 (Philipp.

363 3739 467 3809 tu).
509 3757 528 3790 ›
560 3737 772 3808 Moyses
815 3749 868 3794 et
897 3739 1077 3792 Aaron
1128 3741 1318 3795 mortis
1349 3741 1525 3796 debita
1552 3744 1952 3811 persolventes,

368 3845 658 3884 mensurno
709 3829 787 3902 [Ι.
839 3830 1151 3902 menstruo]
1201 3831 1410 3885 dierum
1457 3833 1631 3900 Spatio
1679 3833 1951 3904 sigillatim

363 3919 589 3988 quisque
621 3919 688 3973 ab
722 3919 1009 3973 Israelitica
1046 3920 1200 3989 plebe
1232 3921 1576 3991 deplangitur
1622 3921 1810 3992 (Num.
1847 3938 1946 3986 xx;

365 4007 522 4063 Deut.
549 4011 757 4081 XXXIV).
785 4011 1107 4067 Defunctum
1135 4028 1349 4083 quoque
1374 4011 1540 4068 Jacob
1563 4011 1950 4086 totaAEgyptus

364 4095 572 4169 lugubri
595 4102 934 4172 septuaginta
955 4102 1165 4156 dierum
1192 4102 1581 4158 lamentatione
1602 4107 1950 4173 prosequitur

367 4185 522 4257 (Gen.
555 4188 628 4260 L).
660 4187 740 4244 Tu
768 4190 992 4244 obeunti
1027 4189 1291 4246 Genitriei
1328 4192 1442 4256 Dei,
1473 4206 1581 4246 uno
1611 4192 1807 4247 saltem
1836 4194 1944 4260 die,

364 4278 565 4346 refugis
589 4279 846 4347 compati,
872 4289 930 4334 ut
949 4281 1092 4334 inter
1111 4281 1227 4350 ejus
1249 4281 1510 4336 solemnia
1532 4281 1729 4336 merito
1751 4283 1946 4339 debeas

361 4371 619 4442 gloriari?
1035 4387 1040 4390 ·

434 4460 602 4515 Porro
633 4463 698 4516 de
722 4461 1013 4518 Nativitate
1041 4461 1340 4520 Salvatoris
1366 4481 1478 4521 non
1509 4466 1689 4532 minus
1717 4468 1941 4523 inhone-

362 4563 504 4609 stum
546 4554 678 4622 quid
720 4563 774 4607 et
815 4555 1076 4610 indecens
1122 4557 1323 4625 agitur,
1356 4573 1478 4612 cum
1522 4559 1575 4612 in
1604 4558 1720 4629 ejus
1749 4561 1944 4631 vigiliis

363 4658 392 4696 a
418 4644 695 4699 nonnullis
723 4645 826 4698 etsi
864 4655 1072 4699 tantum
1098 4655 1372 4712 canetur,
1402 4647 1528 4701 vino
1558 4656 1736 4703 tamen
1781 4660 1835 4705 et
1861 4653 1941 4704 di-

359 4735 534 4790 versis
564 4735 871 4790 coctionum
917 4737 1267 4806 apparatibus
1301 4737 1626 4808 indulgetur.
1657 4739 1824 4795 Plane
1850 4757 1946 4794 au-

358 4835 466 4879 tem
493 4825 652 4895 panis
679 4824 766 4879 ille
794 4825 860 4880 ad
890 4826 993 4880 hoc
1022 4826 1087 4880 de
1113 4826 1248 4881 ctelo
1267 4825 1431 4899 845
1454 4828 1738 4884 descendit
1761 4828 1943 4900 (Jonn.

355 4915 459 4986 vt),
490 4924 550 4969 ut
569 4915 682 4984 jam
717 4915 1022 4971 communis
1051 4916 1206 4972 cibus
1228 4918 1300 4971 sit
1323 4919 1487 4972 etiam
1516 4919 1818 4983 hominum,
1848 4921 1943 4989 qui

353 5013 582 5060 eatenus
630 5004 882 5075 specialis
936 5015 1146 5061 tantum
1191 5005 1368 5061 fuerat
1412 5007 1755 5078 angelorum;
1807 5009 1942 5063 satis

337 5097 648 5176 :absurdttm
665 5104 768 5160 est,
787 5097 831 5152 si
855 5093 1150 5152 refectione
1164 5097 1380 5152 ccelitus
1399 5109 1718 5166 erumpente
1734 5101 1911 5154 divina
1923 5140 1937 5164 ,

352 5188 532 5242 locum
559 5197 761 5260 prmsto
805 5201 912 5242 non
946 5189 1226 5258 praebeant
1271 5189 1528 5243 alimenta
1582 5199 1816 5245 terrena.
1873 5193 1940 5246 Et

359 5288 487 5334 tunc
509 5281 621 5334 vini
661 5279 935 5335 faeculenti
968 5280 1328 5351 ingurgitatio
1365 5281 1625 5334 mentium
1660 5297 1817 5336 nares
1843 5283 1940 5337 ob-

358 5369 553 5432 tundit,
589 5385 709 5422 cum
734 5369 848 5437 jam
876 5370 1010 5424 odor
1056 5369 1296 5424 cmlestis
1321 5371 1507 5439 gratia:
1535 5370 1786 5424 mellillua
1814 5387 1938 5425 sua-

329 5455 334 5462 ’
357 5459 524 5514 vitate
553 5460 801 5530 respirat.
825 5459 959 5514 Nam
988 5471 1042 5514 et
1066 5461 1297 5514 amicum
1320 5477 1474 5514 suum
1499 5461 1752 5530 quisque,
1775 5478 1936 5532 quem

329 5621 335 5628 ι
359 5551 424 5603 de
459 5549 752 5621 longinquo
781 5552 1083 5605 venientem
1112 5551 1268 5606 unice
1296 5551 1479 5606 videre
1505 5548 1800 5617 desiderat,
1829 5567 1935 5607 non

357 5642 532 5712 epulis
551 5658 774 5707 vacans,
793 5644 885 5697 sed
912 5643 1166 5697 alacriter
1174 5642 1391 5712 jejunus
1417 5649 1719 5712 exspectat.
1752 5643 1936 5709 Quan~

329 5723 522 5796 ‘quam
574 5732 718 5805 enim
767 5740 965 5800 partus”
1011 5731 1099 5786 ille
1151 5731 1444 5803 singularis
1475 5731 1678 5786 doloris
1719 5731 1936 5786 taedium

2074 1920 2446 1990 multipliciter
2473 1931 2525 1976 et
2549 1936 2680 1975 caro
2709 1923 2864 1974 mea?
2891 1940 2908 1972 ι
2941 1918 3113 1990 (Psal.
3149 1919 3306 1991 uti.)

2707 2032 2934 2088 CAPUT
2959 2032 3018 2086 ll.

2070 2101 2374 2172 Aliquorum
2397 2103 2590 2157 abusus
2612 2103 2663 2156 in
2687 2103 2963 2156 mulcenda
2987 2119 3124 2166 voce,
3146 2112 3198 2154 ut
3221 2101 3406 2155 melius
3431 2112 3648 2156 canant.

2139 2193 2392 2249 Nonnulli
2423 2195 2578 2264 plane
2599 2237 2613 2259 ,
2641 2195 2782 2264 quod
2815 2195 3247 2264 praetereundum
3279 2209 3385 2248 non
3412 2203 3513 2258 est,
3545 2192 3654 2262 spi-

2070 2285 2279 2339 ritualis
2307 2286 2510 2340 militia:
2539 2286 2734 2341 fratres
2763 2287 2863 2341 sub
2907 2288 3007 2340 hac
3039 2287 3326 2340 occasione
3358 2287 3409 2340 in
3455 2286 3650 2354 praedi-

2068 2375 2170 2429 ctis
2193 2375 2386 2444 vigiliis
2417 2375 2680 2439 victitant,
2712 2383 2769 2428 ut
2796 2377 2862 2428 ad
2890 2373 3262 2444 personandas
3289 2373 3649 2428 ecclesiastici

2070 2466 2333 2521 melodias
2370 2467 2530 2522 olIicii
2566 2468 2838 2522 robustius
2890 2466 3292 2522 convalescant.
3328 2467 3433 2521 Sed
3463 2468 3506 2521 si
3542 2482 3649 2521 non

2068 2565 2175 2610 tam
2201 2558 2464 2613 humanas
2499 2574 2660 2628 quam
2683 2559 2891 2613 divinas
2911 2574 3072 2614 aures
3094 2559 3342 2628 cupimus
3365 2574 3427 2614 ex
3451 2574 3640 2613 vocum

2067 2658 2372 2702 nostrarum
2397 2649 2792 2718 quantumlibet
2813 2658 3063 2704 accurata
3087 2649 3354 2704 suavitate
3384 2650 3642 2714 mulcere,

2065 2738 2314 2808 corporis
2345 2737 2516 2791 nostri
2550 2747 2863 2809 tympanum
2893 2738 3089 2792 celsius
3120 2737 3388 2792 intonabit
3418 2737 3642 2801 siccum,

2065 2841 2225 2896 quam
2268 2827 2477 2896 liquore
2525 2828 2634 2880 vini
2678 2827 2760 2881 vel
2793 2827 2896 2882 olei
2950 2827 3273 2897 pinguedine
3319 2827 3640 2882 delibutum.

2065 2917 2362 2988 Meliusque
2393 2927 2476 2972 est
2524 2927 2583 2972 ut
2625 2933 2722 2987 pro
2771 2917 2955 2972 labore
2992 2916 3183 2986 jejunii
3216 2917 3482 2970 cantilena
3533 2916 3634 2970 sui;

2065 3010 2249 3066 sobrio
2305 3009 2648 3064 discretionis
2680 3008 3051 3063 moderamine
3083 3015 3434 3077 temperetur,
3477 3023 3641 3077 qnam

2061 3111 2122 3156 ut
2150 3117 2247 3172 pro
2274 3102 2658 3170 superstitione
2674 3101 2923 3162 canendi,
2955 3100 3302 3154 saecularibus
3327 3115 3356 3153 a
3375 3100 3640 3170 spirituali

2060 3195 2250 3250 ordine
2303 3193 2682 3249 dissolutionis
2735 3194 3041 3262 praebeatur
3075 3191 3403 3261 exemplum.
3455 3191 3640 3246 Plane.

2060 3302 2180 3341 cum
2221 3293 2327 3340 tam
2365 3285 2582 3354 longum
2633 3283 3072 3352 Qnadragesimte
3111 3283 3364 3351 spatium,
3419 3281 3562 3350 quod
3608 3298 3639 3335 a

2058 3376 2314 3431 Patrihus
2342 3385 2424 3430 est
2454 3374 2755 3445 praefixum,
2809 3373 3088 3426 Nativitati
3146 3372 3357 3426 Domini
3409 3373 3642 3426 militare

2059 3469 2437 3540 cognoscitur.
2497 3468 2693 3520 mirum
2742 3475 2826 3520 est
2873 3464 3142 3535 quomodo
3198 3473 3306 3518 tam
3381 3464 3637 3534 praeclara

2060 3561 2326 3616 festivitas
2365 3560 2477 3614 solo
2508 3559 2813 3630 vigiliarum
2848 3573 3066 3612 suarum
3115 3557 3324 3611 honore
3375 3558 3640 3626 privetur.

2058 3649 2225 3704 Porro
2256 3658 2438 3708 autem
2468 3648 2738 3718 quomodo
2785 3663 2891 3701 non
2947 3646 3340 3711 erubescimus,
3385 3646 3528 3715 quia,
3582 3655 3644 3699 ttt

2049 3740 2163 3808 jam
2216 3737 2420 3795 dictum
2467 3747 2569 3806 est,
2611 3739 2948 3792 nativitatem
3002 3736 3166 3802 servi,
3197 3735 3353 3790 beati—
3389 3733 3644 3790 videlicet

2053 3831 2278 3886 Joannis
2314 3831 2591 3900 Baptistae,
2625 3846 2822 3900 aquam
2857 3829 3092 3884 bibendo
3124 3827 3546 3898 praecurrimus;
3582 3828 3635 3881 in

2053 3921 2248 3992 vigiliis
2275 3937 2406 3975 vero
2435 3920 2728 3974 Dominica:
2752 3919 3059 3973 Nativitatis
3080 3921 3202 3971 vina
3235 3918 3638 3972 incontinenter

2051 4013 2296 4066 olemus?
2321 4011 2628 4065 Praesertim
2667 4025 2788 4064 cum
2819 4009 2933 4063 dies
2983 4007 3070 4062 ille
3097 4021 3206 4076 [ιι-ω
3234 4007 3445 4062 cunctis
3481 4007 3638 4062 annis

2051 4103 2260 4167 diebus,
2307 4111 2362 4156 et
2411 4101 2602 4156 aestivo
2647 4108 2898 4155 caumate
2941 4097 3180 4153 fervidus
3245 4106 3300 4153 et
3355 4100 3528 4168 spatio
3567 4099 3640 4153 sit

2050 4193 2320 4264 prolixus;
2369 4192 2471 4246 iste
2524 4205 2653 4246 vero
2690 4199 2745 4244 et
2784 4189 2966 4244 brevis
3017 4189 3087 4243 sit
3134 4201 3191 4242 et
3231 4188 3536 4243 humectus.
3568 4189 3637 4244 Et

2049 4275 2198 4340 certe
2219 4284 2264 4338 si
2290 4283 2592 4353 vigiliarum
2629 4281 2805 4351 placet
2830 4279 3112 4344 instantia,
3171 4279 3396 4334 liberius
3437 4278 3633 4350 vigila-

2049 4393 2169 4433 mus
2218 4374 2493 4442 abstemii,
2525 4389 2688 4445 quant
2715 4373 2827 4428 vini
2857 4373 3165 4444 soporantis
3214 4372 3479 4426 ebrietate
3506 4387 3631 4444 gra-

2048 4469 2176 4524 vati.
3041 4467 3044 4471 ’

2123 4558 2542 4630 Epiphaniarum
2582 4573 2797 4628 queque
2835 4556 3044 4628 vigilias
3081 4557 3153 4612 ob
3205 4555 3631 4626 magnitudinem

2049 4650 2427 4715 solenmitatis,
2461 4649 2512 4702 itt
2571 4665 2674 4717 qua
2717 4647 2967 4703 videlicet
3017 4655 3096 4700 tot
3142 4649 3196 4700 in
3241 4660 3405 4698 unum
3447 4659 3632 4699 sacra-

2051 4748 2227 4793 menta
2259 4748 2609 4802 concurrunt,
2638 4737 2856 4807 dignum
2892 4733 3269 4805 estjejunarc:
3307 4731 3474 4803 846
3509 4731 3632 4786 licet

2050 4829 2106 4890 ii,
2134 4827 2332 4897 quibus
2365 4827 2525 4881 aliter
2569 4825 2788 4880 suaderi
2836 4832 3036 4893 potest,
3088 4837 3193 4877 non
3242 4821 3632 4890 prohibeantur

2047 4931 2169 4971 cum
2202 4914 2584 4984 liquaminibus
2607 4923 2660 4968 et
2691 4914 2813 4967 vina
2841 4912 3139 4981 percipere.
3161 4909 3279 4972 Hic,
3301 4909 3628 4972 utarhitror,

2041 5005 2470 5061 stomachabitur
2523 5005 2648 5058 vita:
2708 5003 2970 5057 mollioris
3009 5008 3274 5063 assertor,
3330 4998 3419 5052 hic
3468 5013 3630 5070 rugas

2043 5097 2327 5150 contrahet
2349 5094 2606 5148 fumantis
2632 5093 2794 5146 edulii
2842 5093 3168 5160 disputator,
3219 5088 3506 5142 clamitans
3539 5102 3628 5144 me

2042 5188 2323 5260 peregrina
2357 5184 2551 5256 jejunia
2579 5186 2787 5238 noviler
2809 5182 3175 5247 introducere,
3207 5196 3330 5251 qua
3353 5180 3494 5235 nulla
3526 5178 3628 5234 Pa-

2021 5289 2188 5334 trum
2224 5277 2430 5331 valeam
2483 5275 2808 5330 auctoritate
2841 5273 3078 5328 firmare.
3109 5271 3217 5328 Sed
3251 5281 3309 5326 ιιι
3345 5286 3479 5325 non;
3500 5286 3625 5326 cum

2043 5385 2109 5423 eo
2145 5369 2312 5421 lntmn
2356 5367 2561 5420 diutius
2590 5373 2783 5427 teram,
2813 5364 2906 5419 sed
2940 5365 3067 5418 hinc
3113 5379 3201 5417 me
3249 5364 3626 5417 incunctanter

2044 5460 2347 5529 expediam,
2379 5458 2524 5512 dicat
2552 5456 2683 5510 mihi
2714 5471 2810 5510 cur
2840 5457 3029 5511 beatus
3061 5455 3354 5525 Gregorius
3377 5452 3431 5506 in
3473 5452 3622 5506 ordi-

2043 5551 2261 5605 natione
2287 5549 2576 5602 missarum
2608 5546 2896 5616 specialem
2938 5546 3101 5614 hujus
3127 5544 3231 5600 diei
3270 5543 3492 5597 missam
3522 5555 3622 5612 po-

2044 5641 2172 5705 suit,
2202 5649 2255 5693 et
2287 5639 2592 5709 vigiliarum
2617 5637 2934 5709 Epiphaniae
2985 5636 3202 5692 nomine
3228 5632 3491 5689 titulavit?
3514 5631 3624 5686 Cur

2040 5732 2228 5800 itaque
2259 5729 2470 5800 vigilias
2500 5730 2764 5796 nominat,
2793 5730 2846 5784 in
2877 5729 3072 5799 quibus
3104 5726 3347 5783 ciborum
3395 5723 3618 5778 liberta-
