4136 5308
527 279 636 337 ειη

991 276 1280 335 δωετιιι
1325 270 1608 332 nautam
1657 271 1814 333 ore.
1851 270 2090 331 renus
2121 269 2251 328 sse
2286 270 2466 328 rans
2494 270 3054 341 tib—OPUSCULA
3094 246 3324 330 VARIA.

3680 274 3791 339 8οι

527 406 636 451 tem
664 366 893 448 censura
911 389 1101 459 jejunii
1126 406 1232 445 non
1257 389 1531 461 castigat?
1559 387 1772 443 Etcum
1796 386 2101 457 vigiliarum
2137 398 2182 457 Α
2212 385 2319 440 tius
2340 385 2544 450 vivere,
2586 385 2954 455 spiritualibus
2976 388 3078 447 hoc
3116 387 3394 444 ferendum
3424 397 3527 456 est,
3559 404 3667 448 non
3695 407 3789 451 η-

526 486 708 542 missa:
730 498 945 553 semper
966 484 1098 537 hora
1146 496 1288 539 nona
1315 495 1381 536 ex
1416 479 1783 536 ecclesiastica
1823 488 2111 534 consuetu-

524 576 651 632 dine
681 574 1043 637 celebrentur,
1094 583 1156 628 ut
1188 573 1444 629 nimirum
1487 572 1553 627 ad
1583 570 1966 640 subsequentis
2001 570 2107 626 diei

529 667 818 723 videantur
841 666 1103 721 solemnia
1141 667 1444 736 pertinere;
1488 679 1589 719 cur
1642 665 1755 718 [nec
1798 663 2105 733 vigiliarum

506 759 691 814 imissa
713 758 948 820 dicatur,
972 774 1093 827 qua:
1123 761 1254 813 hora
1276 758 1428 812 tertia
1447 757 1656 812 scilicet
1672 764 1797 811 ante
1819 756 2106 824 prandium

520 848 819 912 celebrata,
852 863 1190 917 nequaquam
1214 848 1457 918 sequenti
1489 847 1593 905 diei
1633 846 1867 900 militare
1892 846 2107 915 conspi-

522 940 697 994 citur?
736 940 1060 1011 Perqniraut
1089 940 1255 1010 igitur
1305 939 1673 993 manduconcs
1708 938 1880 1003 nostri
1939 940 2105 992 totius

508 1030 734 1085 annalis
762 1030 948 1085 circuli
981 1029 1221 1099 singulos
1247 1029 1385 1096 dies,
1408 1037 1464 1084 et
1498 1044 1620 1083 cum
1655 1044 1921 1098 nusquam
1955 1043 2106 1099 repe-

520 1120 693 1174 rerint
716 1121 928 1191 vigilias
957 1120 1087 1185 dici,
1125 1121 1177 1175 in
1205 1119 1400 1190 quibus
1436 1121 1614 1175 missa:
1640 1121 1874 1175 debeant
1901 1121 2105 1189 absque

516 1207 724 1281 jejunio
774 1212 1060 1277 celebrari,
1112 1211 1421 1267 necessario
1470 1209 1768 1276 fateantur,
1821 1212 1873 1266 in
1906 1213 2104 1285 vigiliis

521 1299 834 1369 Epiphania:
862 1316 983 1355 cum
1002 1300 1366 1356 celebratione
1383 1301 1690 1362 missarum,
1708 1300 2096 1357 celebrandum

519 1400 761 1460 quoque,
784 1398 992 1449 remota
1017 1390 1161 1445 enini
1185 1391 1482 1456 dubietate,
1506 1391 1796 1463 jejunium.

1138 1501 1366 1557 CAPUT
1398 1502 1480 1555 Ill.

518 1567 693 1625 Curin
718 1569 947 1626 Sabbata
959 1587 1024 1627 ea:
1043 1571 1179 1625 beati
1200 1571 1436 1633 Silvestri
1451 1573 1705 1627 sententia
1716 1573 2095 1644 jejnnnndum.

586 1656 852 1717 Pneterea
873 1702 888 1725 ,
931 1662 997 1716 de
1043 1661 1280 1730 paschali
1304 1675 1517 1731 quoque
1544 1660 1780 1717 Sabbato
1808 1663 1948 1732 quod
1996 1663 2100 1718 Do-

2210 477 2521 548 quendum;
2551 491 2618 532 ne
2641 477 2686 532 si
2716 487 2843 534 tunc
2875 479 2963 535 isti
3005 481 3281 536 sumendis
3306 481 3534 551 dapibus
3571 493 3791 551 vacant,

2208 583 2330 624 cum
2368 569 2548 625 adhuc
2602 569 2827 639 apostoli
2881 586 3071 628 omnes
3114 572 3347 641 plorant,
3397 572 3466 628 ab
3493 588 3682 630 eorum
3726 589 3791 631 se

2208 671 2376 728 ccetu,
2399 661 2558 732 .quod
2587 661 2747 727 absit,
2785 672 3030 717 exsortes
3060 664 3368 719 ostendant.
3647 681 3651 685 ν

2819 771 3048 828 CAPUT
3083 769 3178 826 IV.

2207 857 2317 914 Cur
2344 858 2402 914 in
2439 859 2617 922 viqilia
2660 861 3057 915 resurrectionis
3103 843 3311 915 Domini
3356 860 3539 918 Gloria
3586 864 3640 920 in
3690 880 3788 923 exs

2723 932 2882 986 celsis
2914 932 3022 985 Deo
3047 941 3291 984 calcatur.

2276 1018 2387 1076 Nec
2421 1021 2573 1076 nobis
2613 1022 2902 1093 objiciatur
2940 1022 3083 1092 quod
3119 1031 3246 1077 tunc
3280 1024 3334 1078 in
3379 1023 3668 1081 missarum
3698 1042 3789 1083 so-

2205 1114 2419 1170 lemniis
2459 1114 2643 1169 Gloria
2676 1116 2730 1169 in
2760 1116 2976 1170 excelsis
3006 1115 3115 1170 Deo
3140 1117 3392 1171 canitur:
3443 1117 3547 1173 huc
3587 1122 3785 1190 quippe

2207 1220 2306 1276 pro
2333 1204 2675 1283 baptizandis
2700 1192 2897 1276 agitur,
2927 1215 2984 1259 ut
3017 1206 3273 1275 nimirum
3304 1205 3649 1265 illucescente
3668 1209 3783 1279 jam

2207 1296 2631 1349 resurrectionis
2657 1296 2850 1364 gloria,
2879 1297 2931 1351 in
2962 1307 3136 1353 morte
3172 1296 3381 1352 Domini
3415 1299 3676 1369 baptizari
3706 1302 3787 1358 vi-

2204 1381 2433 1436 deantur
2461 1382 2638 1454 (Rern.
2667 1386 2779 1455 vr);
2813 1386 3037 1454 ideoque
3076 1386 3259 1451 missa,
3289 1402 3409 1457 qua:
3444 1388 3583 1442 intra
3612 1389 3782 1458 ipsum

2204 1473 2345 1528 diem
2369 1476 2706 1545 prohibetur,
2740 1487 2896 1533 nocte
2917 1478 3179 1533 celebrari
3222 1480 3555 1549 prgecipitur.
3584 1478 3655 1536 Ut
3695 1481 3781 1536 ni-

2207 1563 2400 1617 mirum
2434 1564 2486 1618 in
2512 1566 2745 1635 quodam
2797 1565 3114 1629 meditullio,
3158 1566 3285 1621 hinc
3327 1566 3516 1622 mortis
3560 1567 3780 1634 Christi,

2207 1652 2331 1709 inde
2358 1656 2795 1720 resurrectionis,
2831 1656 3102 1728 generalis
3128 1655 3381 1725 baptismi
3418 1662 3784 1713 constituatur

520 1751 736 1808 minime
766 1750 1186 1806 resurrectionis
1232 1751 1458 1821 gloriam
1490 1752 1786 1817 antecedit,
1817 1754 2099 1821 perspicua
2133 1747 2176 1807 B
2205 1744 2443 1801 salutare
2482 1747 2823 1817 mysterium.
2873 1747 2930 1801 In
2977 1748 3231 1816 baptismi
3289 1748 3553 1818 siquidem
3602 1764 3783 1803 sacra-

517 1844 657 1897 ratio
686 1851 787 1906 est,
839 1842 967 1912 quia
1019 1841 1265 1897 districte
1312 1842 1505 1897 debeat
1548 1841 1807 1913 jejunari.
1868 1841 2003 1897 Nam
2049 1843 2095 1900 si

516 1932 723 1985 auctori
754 1931 876 1984 vita:
911 1940 1122 1985 mortuo
1146 1946 1210 1985 ac
1236 1930 1445 2000 sepulto
1474 1936 1547 2000 ιιιξ
1563 1947 1750 1985 revera
1781 1933 1899 2003 ejus
1929 1949 2096 1988 mem-

514 2021 611 2078 bra
643 2023 1025 2093 compatimur,
1049 2023 1095 2077 si
1131 2024 1182 2077 in
1212 2024 1597 2092 disripulOrnm
1625 2024 1854 2095 collegio
1888 2028 2097 2089 consti-

493 2112 618 2166 tuti
648 2128 751 2166 una
779 2128 901 2167 cum
934 2113 1194 2182 apostolis
1214 2114 1599 2181 lamentamur,
1635 2124 1790 2184 turpe
1819 2118 1967 2175 estsi
2001 2133 2096 2173 nos

498 2202 675 2273 pleno
719 2212 992 2259 ructemus
1022 2204 1224 2263 ferculo
1281 2222 1402 2260 cum
1450 2206 1561 2271 ille,
1617 2221 1776 2275 quem
1828 2206 2094 2273 llevimus,

515 2294 692 2349 adhuc
715 2293 896 2365 jaceat
921 2296 972 2349 in
1002 2296 1269 2366 sepulcro.
1318 2297 1564 2367 Apostoli
1607 2298 1894 2367 siquidem,
1950 2298 2098 2355 Scri-

513 2393 670 2456 ptura
704 2394 959 2449 testante,
992 2386 1177 2440 tandin
1211 2397 1429 2440 mortuo
1489 2386 1717 2441 Domino
1747 2387 2092 2457 compatiun-

516 2485 605 2530 tur
627 2477 678 2531 in
710 2476 877 2542 luctu,
910 2493 1192 2548 quousque
1216 2493 1504 2549 resurgens
1529 2487 1651 2548 post
1671 2478 1925 2543 triduum,
1956 2494 2096 2533 novo

513 2563 922 2622 hctilicarentur
973 2578 1192 2639 aspectu
1244 2567 1461 2634 (Matth.
1495 2584 1699 2630 XXVIII;
1749 2567 1919 2623 Marc.
1970 2585 2093 2635 xvi;

513 2654 647 2711 Luc.
686 2673 845 2724 mv;
873 2658 1033 2714 Jarm.
1068 2662 1182 2728 xx).
1208 2658 1314 2714 Sed
1348 2675 1468 2722 nos,
1500 2669 1562 2715 ut
1590 2661 1657 2715 ab
1684 2661 1843 2730 hujus
1876 2670 2096 2717 contro-

510 2748 704 2803 versiae
746 2749 990 2804 molestia
1014 2748 1292 2813 ferientur,
1323 2751 1642 2808 advocatum
1678 2750 1883 2804 ventris
1931 2752 1998 2817 ad
2031 2751 2092 2805 Β.

514 2837 760 2894 Silvestri
796 2839 1106 2894 testimonia
1139 2840 1414 2896 definitiva
1448 2840 1898 2894 transmittimus:
1938 2840 2095 2909 cujus

514 2928 701 2999 utique
729 2928 967 2983 verbissi
984 2929 1120 2983 ﬁdes
1137 2929 1447 2991 adhlbetur,
1472 2938 1666 2984 cuncta
1698 2929 1943 2999 protinus
1957 2930 2097 2988 inter

512 3034 611 3074 nos
633 3018 811 3090 jurgia
856 3021 1267 3090 conquiescunt.
1324 3020 1571 3076 Silvestri
1620 3020 1887 3090 siquidem
1933 3022 2094 3078 verba

511 3122 668 3166 sunt:
701 3110 756 3166 Si
786 3112 980 3174 onmis,
1016 3113 1209 3181 inquit,
1237 3112 1352 3166 dies
1383 3111 1696 3166 Dominieus
1721 3126 1883 3165 causa
1915 3127 2095 3168 resur-
2122 3098 2164 3155 (ἶ

515 3200 778 3269 rectionis
807 3205 1015 3259 Domini
1075 3216 1289 3261 tenetur
1316 3215 1371 3260 et
1401 3207 1620 3271 colitur,
1662 3205 1870 3273 justum
1902 3216 1983 3263 cst
2032 3218 2091 3263 nt

513 3295 703 3369 omnis
746 3296 1109 3349 Sabbatorum
1169 3298 1287 3351 dies
1343 3312 1504 3351 causa
1567 3297 1856 3365 sepultura:
1897 3299 2091 3367 jejunii

508 3385 844 3453 suscipiatur
894 3384 1180 3449 instantia;
1240 3393 1298 3438 ut
1336 3382 1527 3438 ﬂentes
1559 3400 1682 3438 cum
1730 3388 1990 3455 apostolis
2025 3389 2092 3453 de

484 3481 688 3526 Διιοιοιιι
722 3473 951 3534 Domini,
975 3472 1213 3541 gaudere
1262 3487 1383 3526 cum
1441 3473 1522 3537 eis
1577 3472 1643 3528 de
1697 3475 2093 3530 resurrectione

509 3574 836 3616 mereamur.
868 3560 935 3613 Et
965 3574 1184 3615 rursus:
1218 3561 1275 3615 Si
1312 3561 1490 3614 omnis
1514 3561 1828 3616 Dominicns
1854 3564 1971 3618 dies
2002 3578 2089 3618 rc-

512 3649 869 3706 surrectionis
914 3650 1157 3704 creditur
1184 3650 1351 3717 gloria
1410 3652 1719 3716 decoratus,
1771 3653 1947 3708 omnis
1998 3654 2090 3724 qui

511 3737 784 3795 antecedit
808 3753 956 3803 eunt,
983 3739 1100 3794 dies
1132 3739 1352 3795 Sabbati
1381 3740 1674 3810 sepultura:
1697 3741 1905 3811 jejunio
1935 3761 2087 3799 num-

510 3828 775 3898 cipandus
799 3836 905 3891 est,
938 3829 1205 3884 utmerito
1221 3831 1533 3899 gaudeatde
1549 3833 1970 3896 resurrectione.
1997 3837 2086 3904 qui

506 3920 576 3975 de
589 3930 761 3975 inerte
777 3918 1088 3988 ploraverit.
1108 3920 1312 3987 Quibus
1330 3921 1570 3990 profecto
1584 3924 1897 3988 verbis,t-.un
1916 3926 2090 3996 planis

508 4025 575 4064 ac
602 4019 829 4080 propter
845 4009 1029 4064 tardos
1052 4009 1418 4080 multipliciter
1448 4011 1753 4076 inculcatis,
1785 4014 1916 4068 nihil
1947 4033 1973 4068 a
2005 4032 2090 4073 me

508 4097 867 4168 adjiciendum
897 4097 1044 4153 aliud
1072 4098 1248 4164 video,
1282 4098 1388 4154 nisi
1439 4099 1542 4154 hoc
1592 4109 1840 4156 tantum:
1887 4104 2015 4174 quia
2043 4106 2088 4160 si

508 4199 729 4245 sanctus
755 4189 844 4244 ille
866 4190 1195 4261 vir'propter
1238 4190 1365 4245 illml
1394 4209 1557 4247 unum
1591 4192 1887 4249 Dominica:
1910 4196 2091 4267 sepul'

511 4289 646 4334 tura:
669 4279 1210 4347 Sabbatntn,,omnia
1241 4284 1561 4355 totius'anni
1618 4284 1854 4341 Sabbata
1883 4286 2088 4356 jejunio

508 4370 734 4425 dicanda
757 4380 1076 4438 percenset;
1106 4371 1232 4426 dum
1263 4372 1388 4427 illud
1404 4389 1593 4438 uumn,
1627 4376 1768 4443 quod
1790 4376 2087 4447 principale

2200 1847 2399 1901 mento,
2417 1839 2483 1892 ad
2510 1838 2863 1895 imitationem
2887 1839 3086 1894 Christi
3107 1848 3162 1895 et
3185 1844 3448 1895 morimur
3467 1852 3520 1898 et
3545 1842 3782 1914 resurgio

2197 1943 2338 1987 mus.
2356 1927 2635 1993 Moriatur,
2651 1930 2777 1985 dum
2798 1931 2849 1983 in
2871 1946 3063 1999 aquam
3083 1932 3406 2001 mergimur;
3432 1935 3776 2002 resurgimus,

2200 2017 2325 2071 dum
2355 2018 2618 2072 lavamur.
2638 2019 2789 2075 Unde
2804 2020 2927 2074 dicit
2946 2021 3265 2092 Apostolus:
3289 2042 3305 2071 ι
3327 2022 3643 2092 Quicunque
3656 2023 3779 2088 bap-

2200 2105 2348 2159 tizati
2377 2107 2627 2161 snumsin
2656 2107 3033 2173 ChristoJesu,
3062 2102 3116 2163 in
3144 2120 3316 2164 morte
3334 2110 3500 2180 ipsius
3526 2110 3775 2182 baptizati

2197 2210 2401 2252 sumus.
2418 2199 2725 2271 Consepnlti
2739 2202 2880 2254 enim
2896 2216 3084 2255 sumus
3100 2216 3222 2255 cum
3240 2200 3328 2255 illo
3345 2217 3441 2271 per
3453 2202 3776 2273 baptisnunn

2199 2292 2252 2346 in
2275 2303 2469 2357 morte,
2491 2303 2549 2346 nt
2587 2291 2855 2364 quomodo
2893 2295 3394 2351 surrexitChrislus
3431 2312 3528 2366 per
3554 2296 3776 2369 gloriam

2197 2385 2398 2450 Patris,
2420 2385 2489 2438 ita
2526 2395 2580 2440 ct
2609 2402 2707 2440 nos
2735 2387 2787 2441 in
2814 2389 3049 2441 novitate
3071 2388 3194 2442 vita:
3231 2388 3566 2443 antbulemns
3599 2388 3773 2458 (Rom.

2196 2478 2294 2548 vl).
2322 2498 2341 2530 ι
2376 2479 2454 2531 Ad
2490 2480 2590 2533 hoc
2617 2478 2772 2548 plane
2801 2480 2854 2534 in
2885 2480 3119 2535 salutare
3142 2479 3412 2535 lavacrum
3461 2480 3775 2551 mergimur,

2195 2577 2250 2621 ut
2281 2567 2517 2637 peccatis
2546 2569 2797 2640 euntibus
2827 2570 3160 2633 moriamur;
3189 2571 3254 2622 ad
3289 2570 3394 2624 hoc
3416 2569 3691 2639 erigimur,
3715 2582 3777 2625 ut

2195 2666 2585 2728 consurgentes
2620 2658 2855 2721 Christo,
2904 2659 3002 2714 soli
3047 2658 3278 2728 jnstitia:
3322 2661 3389 2715 de
3439 2673 3634 2715 cauere
3663 2660 3773 2729 jam

2194 2748 2380 2804 vivere
2419 2749 2736 2813 debeamus,
2766 2760 2908 2804 sxcut
2929 2750 3072 2805 idem
3094 2750 3226 2805 dicit
3263 2750 3586 2819 Apostolus:
3624 2768 3642 2804 ι
3681 2747 3773 2805 Je-

2195 2854 2291 2895 sus
2318 2840 2571 2896 Christus
2604 2851 2848 2895 mortuus
2877 2851 2959 2897 est
2992 2851 3213 2912 propter
3256 2842 3451 2896 delicta
3482 2852 3687 2914 nostra,
3718 2850 3774 2898 et

2197 2932 2498 2986 resurrexit
2523 2943 2747 3003 propter
2758 2930 3206 2998 justilieationem
3229 2930 3706 3002 nostram(lb.’d.j.
3745 2949 3765 2983 ι

2200 3026 2351 3082 Unde
2366 3026 2621 3083 eteadem
2647 3025 2809 3081 missa
2834 3025 2994 3081 simul
3011 3026 3224 3080 videtur
3239 3040 3358 3080 esse
3378 3024 3773 3095 quodammodo

2196 3118 2682 3188 quadragesimalis
2718 3127 2892 3191 atque
2945 3117 3248 3188 paschalis;
3302 3117 3429 3172 dum
3491 3126 3771 3188 postquam

2195 3207 2409 3261 ailelniu
2446 3210 2690 3273 canitur,
2720 3224 2842 3263 mox
2873 3209 3036 3262 etiam
3062 3218 3290 3273 tractus,
3325 3207 3415 3276 qui
3465 3209 3775 3277 Quadrage-

2194 3296 2345 3350 sima:
2373 3295 2625 3364 proprius
2652 3306 2758 3360 est,
2787 3297 3099 3352 adlnbetur.
3134 3297 3287 3364 Quod
3316 3297 3363 3352 si
3411 3296 3619 3353 Pascha
3650 3312 3770 3351 om-

2194 3386 2321 3439 nino
2341 3386 2664 3455 completum
2692 3400 2815 3442 esse
2841 3395 2962 3456 post
2987 3387 3233 3447 missam,
3257 3387 3572 3441 adversario
3593 3387 3776 3457 pervio

2192 3481 2395 3535 caciter
2422 3481 2722 3543 adnitente,
2774 3478 3088 3548 persistitnr
3133 3493 3277 3544 ;nos
3324 3480 3376 3531 in
3427 3478 3626 3532 luctam
3664 3494 3771 3535 non

2192 3570 2329 3626 ultra
2356 3569 2763 3638 protrahimur;
2795 3570 3097 3623 lioclamen
3149 3576 3329 3639 part0,
3378 3576 3435 3620 ut
3478 3583 3604 3623 esus
3647 3583 3771 3623 car-

2190 3662 2337 3716 nium
2371 3661 2522 3715 laieis
2549 3660 2796 3731 protinus
2828 3660 3129 3714 invadatur.
3178 3657 3290 3714 Nec
3317 3657 3461 3713 enim
3491 3673 3656 3714 causa
3686 3668 3773 3715 est

2189 3768 2288 3807 cur
2326 3751 2549 3806 libertas
2585 3751 2859 3821 paschalis
2894 3749 3001 3805 cibi
3050 3748 3330 3804 diﬂ'eratur
3372 3747 3425 3802 in
3471 3757 3768 3818 posterum,

2189 3856 2311 3897 cum
2341 3842 2570 3905 Pascha,
2600 3842 2742 3897 sicut
2772 3841 2991 3904 dicitur,
3039 3841 3105 3895 sit
3146 3841 3372 3896 omnino
3417 3840 3763 3911 completum.

2191 3933 2421 4001 Quodsi
2468 3932 2854 3989 ecclesiastica:
2905 3933 3205 4002 disciplina:
3248 3932 3529 4003 perspicue
3561 3932 3769 3986 videtur

2191 4016 2505 4088 adversum,
2535 4022 2771 4078 fateatur
2800 4038 3023 4079 necesse
3066 4031 3151 4083 est
3201 4022 3564 4082 adversarius.
3616 4022 3766 4093 illum

2189 4116 2480 4187 sepulturae
2512 4116 2805 4171 Dominica:
2830 4116 2993 4181 diem,
3020 4130 3127 4170 non
3155 4114 3385 4178 Pascha,
3423 4114 3516 4191 sed
3549 4111 3767 4167 Pascha:

2189 4205 2368 4274 potius
2391 4221 2511 4261 esse
2537 4205 2767 4277 vigilias,
2798 4220 2861 4259 ac
2894 4220 2992 4275 per
3021 4204 3126 4260 hoc
3153 4220 3222 4261 ex
3246 4192 3547 4275 vigiliarum
3572 4200 3762 4256 saltem

2190 4296 2372 4367 regula
2396 4295 2603 4366 jejunio
2635 4295 3076 4363 mancipandam.

2717 4406 2889 4480 848
2906 4405 3249 4480 CAPUT‘Y.

482 4466 592 4515 .-est
636 4465 822 4528 atqne'
857 4460 1213 4529 prmcipuum,
1243 4461 1297 4515 in
1329 4462 1515 4532 epulas
1559 4441 1808 4531 solvitur,
1852 4441 2087 4536 qualiter

2718 4441 2889 4480 οικ,
2907 4441 3020 4462 νη.
3048 4441 3085 4463 υ
3103 4441 3127 4462 .
3187 4441 3204 4459 ς
3221 4444 3249 4460 .ι

2197 4477 2347 4543 Quod
2371 4474 2585 4533 Sabbati
2599 4477 2865 4548 jejunium
2891 4478 3080 4532 (celaui
3110 4477 3307 4531 visione
3330 4474 3644 4529 celebratum
3664 4482 3762 4527 est.

506 4549 578 4604 ab
605 4562 672 4604 eo
704 4548 755 4607 in
784 4546 1014 4616 reliqua,
1050 4547 1246 4615 forma,
1274 4549 1360 4603 vel
1411 4551 1688 4621 exetuplar
1743 4555 2084 4613 abstinentiae

478 4626 1088 4712 ‘transl’ereturisﬁ'l
1139 4639 1468 4697 Constanter
1518 4642 1687 4714 igitur
1730 4647 2082 4702 asseremium

505 4741 612 4797 est,
635 4731 762 4802 quia
796 4731 939 4785 sicut
966 4731 1082 4801 dies
1106 4730 1402 4788 Parasceve
1427 4742 1612 4788 sextas
1661 4734 1824 4791 totius
1850 4736 1979 4791 anni
2008 4737 2079 4793 le-

508 4823 620 4877 rias
645 4820 1005 4876 districtionis
1035 4835 1264 4877 censura
1309 4812 1588 4893 praecedit,
1628 4824 1769 4880 sicut
1795 4826 2082 4885 ,Resurre-

506 4912 707 4968 ctionis
717 4911 835 4966 dies
856 4912 1218 4966 solemnitatis
1234 4911 1406 4968 uloria
1439 4914 1674 4968 relinuos
1693 4915 1811 4968 dies
1833 4915 2080 4968 Domini-

2262 4569 2384 4624 Mox
2411 4580 2469 4624 ut
2505 4570 2605 4624 ista
2631 4570 3082 4639 conscripseram,
3133 4568 3263 4639 quid
3292 4567 3423 4623 mihi
3475 4581 3628 4629 casu,
3681 4564 3763 4620 vel

2188 4661 2370 4732 potius
2401 4661 2583 4715 divino
2609 4672 2740 4716 nutu
2768 4677 2929 4717 nosse
2966 4662 3276 4732 contigerit,
3301 4676 3406 4715 non
3433 4658 3640 4714 celabo.
3673 4658 3763 4713 Se~

2188 4754 2311 4809 nior
2332 4753 2552 4824 quidam
2598 4751 2787 4818 frater,
2817 4756 2913 4823 qui
2951 4754 3066 4823 jam
3112 4770 3142 4807 a
3181 4754 3399 4826 triginta
3449 4750 3561 4807 fere
3610 4748 3764 4805 annis

2186 4845 2463 4900 eremitica
2498 4844 2688 4900 cellula
2716 4860 2846 4900 usus
2876 4845 3068 4905 fuerat.
3116 4845 3187 4918 ad
3215 4859 3302 4899 me
3342 4842 3512 4906 venit,
3556 4851 3612 4896 et
3662 4838 3760 4909 soli

2186 4935 2447 4968 uicina-nm
2471 4950 2590 4968 num
2613 4936 2714 4968 οἶΙιῖ
2747 4936 3014 4968 ηηΛῖιΙΛιισιΙ
3062 4934 3311 4968 ηιιοιιΐηηῖο
3369 4933 3525 4968 cinna
3566 4933 3733 4968 ἷηιιηῖΙ
