4138 6320
324 351 431 415 803

1217 349 1464 407 OPUSC.
1503 350 1618 406 LV.
1658 379 1729 391 —
1758 351 1848 409 DE
1885 348 2369 406 CELEBRANDIS
2413 352 2706 406 VlGlLllS.

3495 351 3600 408 806

327 465 504 530 duxit,
558 461 842 532 multaque
892 469 1208 518 sanctorum
1265 459 1513 531 sepulcra
1559 461 1904 524 circumiens,
1941 467 1982 522 Α
2012 470 2216 530 potest,
2249 469 2303 516 et
2333 463 2472 530 apud
2512 463 2866 532 quorumdam
2898 477 3126 517 examen
3157 462 3256 518 sub
3293 463 3604 521 festivitatis

328 556 582 628 quodque
631 553 786 624 cujus
811 562 956 608 esset
985 552 1294 623 specialiter
1325 552 1659 622 designavit;
1697 552 1912 608 tandem

330 646 398 702 ad
425 645 735 714 sepulcrum
777 643 986 699 Domini
1016 643 1204 696 eodem
1239 642 1373 697 duce
1399 643 1652 711 perveni,
1685 652 1739 698 ct
1785 657 1914 697 ecce

331 747 451 810 past
474 736 787 805 seprrlerum
818 735 998 789 stabat
1027 734 1246 803 quidam
1276 734 1506 789 clericus
1531 749 1721 789 serena
1755 734 1912 799 facie,

329 834 384 884 et
413 826 636 894 pulcher
681 835 924 893 aspectu,
979 824 1356 878 cervicctenus
1388 824 1524 877 stola
1555 824 1780 878 candida
1823 824 1914 876 de,

328 902 791 979 cetiteroruatus,
821 915 914 982 qui
945 913 1083 967 dixit
1128 913 1295 967 mihi:
1351 912 1431 967 Tu
1478 914 1674 968 nudius
1725 914 1916 970 tertius

336 1007 610 1061 viviﬁcam
648 1021 888 1068 crucem,
939 1005 1194 1058 hesterno
1231 1019 1446 1074 quoque
1479 1005 1565 1058 die
1586 1006 1913 1075 sepulturam

331 1099 688 1162 Dominicarn,
713 1098 839 1152 dum
866 1096 1150 1166 jejunasti,
1211 1096 1483 1152 veraciter
1523 1091 1786 1150 adorasti.
1835 1095 1911 1150 Ex

331 1191 453 1254 hoc,
483 1199 691 1245 remoto
714 1189 862 1244 orrrni
892 1188 1143 1257 scrupulo
1169 1188 1478 1249 dubietatis,
1508 1189 1764 1257 agnosce,
1789 1188 1915 1256 quia

337 1291 395 1338 et
424 1293 575 1337 sexta
603 1279 737 1335 feria
755 1293 1001 1340 erucem,
1034 1287 1086 1332 ct
1116 1277 1352 1332 Sabbato
1381 1279 1686 1347 sepulcrum
1713 1278 1916 1332 Christi

331 1373 614 1426 verissime
656 1370 902 1426 celebras
947 1379 1004 1425 ct
1075 1370 1292 1434 adoras,
1358 1370 1402 1423 si
1461 1370 1752 1438 pranlictos
1800 1369 1914 1424 dies

331 1463 536 1517 orando
563 1471 618 1516 et
643 1461 922 1532 psallendo
938 1459 1170 1530 jejurras.
1206 1460 1322 1526 Quo
1346 1461 1596 1516 videlcet
1621 1463 1914 1515 instructus

329 1551 571 1618 oraculo,
594 1561 649 1606 et
672 1551 986 1606 scandalum
1010 1551 1154 1620 quod
1182 1552 1467 1604 adversum
1496 1559 1571 1614 te,
1598 1551 1780 1616 Pater,
1812 1552 1912 1605 lia-

330 1642 581 1710 buerarn,
607 1642 850 1711 perdidi;
884 1651 940 1695 ct
975 1642 1230 1710 deinceps
1257 1640 1554 1695 Sabbatnm
1585 1659 1690 1696 non
1719 1641 1911 1696 minori

332 1733 616 1788 devotione
643 1749 806 1802 quam
837 1732 1280 1796 sextamferiam,
1308 1735 1352 1786 si
1383 1732 1610 1788 facultas
1641 1743 1910 1805 suppetat,

2017 551 2302 620 praesentia
2337 550 2599 619 jejunium
2651 553 2792 605 vires
2841 567 2944 606 non
3001 552 3190 610 habet.
3249 553 3340 608 sed
3390 570 3603 624 semper

2017 641 2283 695 festivitas
2330 641 2600 710 praevalet,
2653 641 2970 695 auferantur
3016 643 3176 711 igitur
3203 642 3270 696 de
3305 648 3512 699 octavis
3537 643 3596 698 Β.

2013 731 2236 788 Joannis
2265 732 2517 802 Baptista:
2549 732 2742 800 vigilhe
2766 731 3132 800 apostolorum
3163 732 3306 788 Petri
3334 743 3390 787 ct
3413 734 3596 797 Pauli;

2017 821 2082 874 de
2130 822 2339 875 octavis
2387 835 2600 890 quoque
2650 820 2924 873 Laurentii
2980 821 3232 889 martyris
3283 822 3479 890 vigilia:
3537 821 3600 876 Β.

2016 914 2202 968 Maria:
2231 915 2450 985 virginis
2496 915 2820 976 eradantur;
2875 913 2926 966 itr
2971 913 3408 980 Quadragesiune
3438 915 3604 969 etiam

2018 1005 2314 1075 majoribus
2359 1006 2662 1074 quibusque
2700 1003 3085 1058 festivitatibus
3114 1004 3334 1065 rtfeetio
3367 1007 3605 1075 gemine-

2019 1107 2125 1151 trtr.
2155 1099 2305 1164 Quod
2332 1098 2375 1152 si
2402 1099 2503 1151 hoc
2527 1096 2908 1151 ceitlesiastica:
2935 1095 3129 1166 regula:
3157 1111 3260 1149 non
3288 1099 3602 1160 admittunt,

2015 1199 2071 1245 et
2098 1191 2348 1252 mundus,
2379 1191 2470 1258 qui
2519 1192 2618 1243 sub
2660 1189 2970 1258 apostolica:
3027 1188 3332 1243 traditionis
3385 1188 3627 1257 irstitu-l

2021 1280 2163 1333 tione
2193 1279 2304 1346 jam
2337 1281 2532 1338 senuit,
2570 1281 2858 1332 neotericis
2889 1294 3230 1349 nequaquam
3263 1279 3605 1348 dogmatibus

2016 1371 2304 1439 acquievit,
2355 1369 2629 1424 fatcrrdnru
2669 1379 2752 1424 cst
2789 1369 3145 1435 festivitates,
3186 1371 3288 1426 nisi
3322 1371 3605 1439 praecipua:

2015 1460 2143 1521 sint,
2191 1476 2294 1512 non
2326 1459 2677 1528 prarjudicarc
2716 1458 2957 1526 jejuniis,
2988 1469 3076 1522 ιιι,
3124 1475 3222 1514 suo
3262 1462 3457 1529 cuique
3482 1461 3606 1530 jure

2016 1558 2252 1612 servato,
2284 1558 2339 1603 ct
2363 1548 2791 1603 ecclesiasticum
2823 1565 2917 1618 pro
2949 1550 3288 1604 solemnitate
3315 1558 3606 1619 peragatur

2015 1639 2249 1695 cilicium
2281 1650 2336 1696 et
2384 1642 2664 1712 castigatio
2710 1641 3007 1711 corporalis
3051 1657 3206 1694 suum
3255 1656 3358 1694 non
3390 1641 3607 1694 deserat

2020 1732 2348 1787 institutum.
2383 1731 2537 1789 Unde
2560 1743 2768 1788 constat
2803 1734 2926 1803 quia
2975 1734 3218 1801 quisquis
3243 1731 3470 1786 duorum
3495 1741 3603 1785 tam

331 1821 566 1894 jejunavi
597 1823 916 1897 [jejunabo].
948 1825 1070 1880 lla‘c
1106 1826 1236 1880 mihi
1264 1837 1482 1880 sanctus
1516 1825 1684 1880 frater
1709 1828 1910 1893 retulit,
1947 1815 1988 1873 Β
2017 1825 2406 1879 venerabiliurn
2456 1826 2822 1894 apostolorum
2843 1865 2855 1885 ,
2887 1823 3072 1877 Jacobi
3123 1822 3373 1878 videlicet
3401 1831 3454 1876 et
3480 1821 3600 1875 l’hi-

332 1918 456 1970 crrrir
501 1915 612 1968 lrzec
647 1929 768 1982 quin
805 1915 1094 1970 scribimus
1136 1925 1191 1968 et
1229 1925 1354 1970 tunc
1394 1915 1616 1974 omnino
1657 1916 1911 1981 nesciret,

336 2015 392 2060 et
413 2003 587 2059 adhuc
615 2019 835 2073 prorsus
869 2005 1097 2075 ignoret.

405 2095 695 2150 Enimvero
717 2095 783 2149 de
808 2095 993 2149 litarria
1025 2094 1230 2165 majore
1259 2097 1494 2166 trrrpitcr
1540 2113 1569 2151 a
1621 2097 1913 2165 nonnullis,

335 2197 389 2245 et
418 2187 853 2242 manifestissime
873 2200 1058 2242 contra
1083 2203 1348 2245 canonum
1379 2190 1681 2242 sententias
1703 2189 1911 2258 agitur;

332 2277 459 2348 quia
486 2277 538 2330 in
565 2292 626 2330 ea
658 2291 753 2346 per
777 2278 1117 2332 occasionem
1142 2279 1284 2333 beati
1317 2277 1504 2343 Mar-ei,
1530 2277 1684 2347 cujus
1713 2281 1908 2332 eodem

333 2369 420 2425 die
447 2368 711 2423 festivitas
732 2378 834 2432 est,
869 2385 976 2424 non
1021 2378 1254 2424 tenetur.
1288 2358 1548 2437 Sedvqu'ia
1581 2370 1917 2439 conspirata-

337 2459 486 2515 ribus
518 2459 721 2513 ventris
746 2468 929 2514 nostra
959 2453 1182 2528 prorsus
1212 2459 1444 2512 assertio
1473 2458 1762 2513 ludibrium
1787 2460 1919 2514 dici-

342 2559 448 2613 tttr,
475 2559 532 2604 ιιι
562 2547 957 2620 subterfugiunr
987 2550 1145 2612 desit,
1179 2551 1292 2618 ipsa
1321 2551 1582 2604 canonica
1621 2553 1920 2605 auctoritas

339 2640 658 2710 simpliciter
684 2641 966 2696 iuferatrrr.
999 2642 1088 2694 Ait
1123 2641 1267 2695 enim
1313 2641 1686 2710 Magunt‘ense
1733 2644 1918 2696 conci-

338 2729 467 2785 liturr
498 2732 642 2803 (cap.
693 2733 767 2801 5)
799 2750 811 2786 :
842 2732 1050 2787 Placuit
1081 2732 1256 2797 nobis,
1293 2742 1349 2786 ut
1388 2734 1574 2787 litarria
1609 2735 1780 2803 major
1826 2737 1921 2790 0b-

339 2824 605 2877 servanda
634 2823 699 2876 sit
733 2839 762 2876 ιι
794 2823 1005 2878 cunctis
1049 2823 1378 2878 Christianis
1408 2840 1517 2895 uno
1544 2824 1651 2890 die,
1686 2827 1920 2896 septimo

335 2911 604 2970 Kalendas
635 2913 781 2978 Maii,
820 2915 961 2968 sicut
996 2914 1047 2969 in
1079 2913 1323 2967 Romana
1369 2913 1606 2969 Ecclesia
1659 2917 1920 2970 constitu-

338 3013 449 3059 tum
485 3005 807 3074 reperimus,
835 3013 890 3058 et
919 3003 1062 3058 sicut
1090 3004 1263 3058 sancti
1293 3003 1480 3058 Patres
1515 3006 1682 3057 nostri
1707 3007 1914 3058 consti-

338 3097 554 3151 tuerunt
571 3113 584 3147 :
604 3111 709 3148 non
727 3094 1039 3165 eqrritando,
1062 3109 1164 3146 non
1189 3093 1438 3162 pretiosis
1449 3095 1692 3147 vestibus
1709 3094 1880 3147 induti
1899 3111 1912 3158 ;

342 3189 438 3240 sed
471 3185 652 3239 cinere
682 3183 886 3252 aspersi
935 3192 989 3236 et
1030 3181 1207 3236 cilicio
1257 3181 1424 3235 induti
1451 3179 1777 3250 jejunemus,
1809 3183 1910 3236 nisi
1943 3165 1986 3223 Ο

341 3275 630 3332 infirmitas
654 3273 981 3344 impedierit.
1011 3271 1078 3325 At
1106 3273 1150 3327 si
1175 3273 1258 3326 cui
1283 3273 1459 3326 adhuc
1480 3273 1580 3327 ista
1620 3273 1917 3328 auctoritas

337 3365 477 3421 forte
504 3382 608 3420 non
641 3365 858 3428 suﬂieit,
891 3363 1124 3418 snil‘rciat
1149 3362 1304 3419 sedes
1347 3363 1662 3432 apostolica,
1689 3364 1920 3420 sullieiat

338 3468 393 3513 et
421 3459 594 3529 anrpla
632 3457 821 3521 Roma,
845 3473 966 3527 qua:
991 3458 1091 3512 hoc
1110 3457 1374 3527 jejurritnrr
1409 3473 1514 3510 non
1542 3457 1700 3511 rrrodo
1724 3458 1914 3512 decre-

341 3550 464 3604 talis
492 3549 700 3620 pagina:
727 3547 1157 3617 prormrlgatione
1203 3550 1538 3609 corroborat,
1580 3549 1671 3604 sed
1707 3561 1762 3605 ct
1795 3551 1914 3604 viva

337 3641 615 3710 annuatim
638 3641 984 3695 veneratione
1000 3650 1304 3694 conservat.
1332 3639 1431 3695 Ubi
1470 3640 1765 3694 notandum
1791 3642 1916 3711 quia

345 3732 573 3802 gemina:
631 3729 934 3794 festivitati,
989 3730 1160 3784 sancti
1212 3730 1462 3785 videlicet
1521 3729 1707 3794 Marci,
1759 3740 1922 3800 atque

338 3821 711 3887 I’entecostes,
748 3823 884 3876 intra
937 3820 1088 3888 cujus
1141 3822 1373 3888 spatium
1425 3823 1623 3890 sa-pins
1667 3823 1782 3874 dies
1818 3822 1919 3876 ista

339 3913 700 3977 corn-luditur,
734 3911 998 3984 jejunium
1034 3914 1204 3967 satrcti
1236 3913 1426 3968 Patres
1455 3915 1748 3982 prtevalere
1793 3931 1917 3968 sarr-

340 4015 570 4071 xcrttnl;
621 4007 694 4059 ita
752 4016 929 4060 taruen
981 4016 1037 4059 ιιι
1091 4006 1517 4061 ecclesiasticum
1574 4008 1928 4063 nihilominus

347 4095 579 4162 cilicium
604 4095 918 4150 solemnitcr
942 4097 1247 4166 impleatur.
1546 4115 1550 4118 ν

414 4184 567 4241 Unde
611 4195 668 4240 et
712 4186 837 4240 illttd
895 4188 1134 4256 graviter
1187 4187 1445 4252 ferimus,
1501 4191 1623 4258 quia
1680 4189 1923 4260 plerique

340 4274 510 4348 849
532 4275 752 4341 fratres,
784 4277 909 4331 dum
938 4278 1184 4347 jcjunare
1235 4280 1287 4334 in
1330 4281 1608 4335 beatorum
1656 4283 1925 4352 apostolo-

343 4380 462 4420 rum
489 4365 719 4435 Philippi
751 4375 805 4421 ct
825 4365 1009 4422 Jacobi
1037 4369 1234 4438 vigiliis
1263 4370 1700 4439 perhorrescunt,
1732 4374 1927 4428 solertr-

344 4462 570 4516 nitatcrn
608 4459 956 4517 Pentecostcs
1005 4463 1057 4516 iu
1097 4465 1502 4518 excusationem
1547 4479 1659 4518 sua:
1697 4465 1928 4519 dissolu-

345 4552 506 4608 tionis
529 4563 828 4623 opponunt,
853 4554 1094 4610 dicentes
1119 4571 1223 4610 non
1251 4556 1446 4610 debere
1473 4571 1797 4625 querrrquanr
1827 4557 1927 4611 sub

339 4644 666 4716 jejuniorum
720 4656 846 4702 tunc.
891 4662 1117 4701 censura
1176 4649 1465 4719 corrstrigi,
1529 4665 1652 4704 cum
1717 4661 1928 4720 tempus

346 4737 513 4792 dictet
559 4737 906 4808 paschalibus
957 4739 1134 4808 potius
1181 4739 1390 4808 gaudiis
1439 4739 1670 4808 epulari.
1723 4741 1931 4808 Quibus

345 4829 618 4883 succincte
648 4842 711 4882 ac
741 4827 976 4882 breviter
1001 4843 1103 4899 ego
1130 4829 1429 4898 respondeo
1460 4829 1740 4897 quoniam,
1778 4829 1930 4894 sisic

347 4918 561 4975 inimica
596 4931 722 4974 sunt
763 4920 994 4974 invicem
1023 4929 1078 4974 et
1116 4918 1438 4976 festivitates
1476 4920 1730 4976 Ecclesia:
1757 4932 1811 4975 et
1836 4936 1917 4977 ec-

344 5009 659 5067 clesiastica:
678 5010 882 5081 jejunia
905 5012 1220 5082 disciplima,
1254 5023 1311 5067 ut
1340 5014 1497 5068 simul
1529 5015 1928 5070 cclcbrarinon

345 5104 586 5170 possint,
635 5115 766 5173 ergo
811 5117 909 5158 nec
959 5103 1162 5159 litauia:
1195 5104 1447 5172 majores.
1489 5122 1716 5175 quarum
1770 5123 1930 5176 supra

338 5191 716 5257 meminimus,
755 5207 932 5261 neque
978 5201 1088 5248 tres
1125 5193 1197 5246 illi
1246 5193 1604 5263 [legationum
1651 5195 1767 5249 dies
1805 5205 1932 5251 ante

349 5280 724 5335 ascensionem
770 5281 1002 5343 Domini,
1035 5297 1132 5334 nec
1168 5281 1366 5352 vigilite
1395 5280 1742 5338 Pentecostes
1780 5293 1935 5352 pote-

350 5378 475 5422 runt
501 5368 706 5440 jejunio
748 5369 1061 5437 mancipari.
1091 5369 1154 5424 Et
1197 5385 1264 5426 ne
1312 5370 1412 5424 hoc
1443 5385 1632 5439 parum
1659 5373 1928 5437 videatur,

347 5457 514 5512 etiam
555 5458 830 5528 jejunium
864 5457 992 5510 illud
1049 5459 1254 5513 tollitur
1299 5460 1441 5529 quod
1490 5470 1611 5527 post
1639 5461 1932 5514 adventum

351 5550 534 5603 sancti:
551 5549 787 5618 Spiritus
833 5549 885 5602 in
928 5548 1117 5603 eadem
1146 5549 1476 5604 hebdornada
1509 5549 1624 5603 fieri
1657 5566 1688 5604 a
1731 5552 1937 5606 sanctis

351 5638 604 5695 Patribus
653 5637 994 5692 concorditer
1026 5647 1108 5693 est
1155 5639 1482 5693 iiistitutunr.
1516 5639 1577 5694 lit
1613 5641 1761 5708 quia,
1798 5643 1940 5696 sicut

358 5731 577 5800 dicitur,
623 5749 743 5789 cum
793 5733 1134 5791 solemnitate
1177 5734 1442 5806 jejunium
1499 5737 1784 5803 convenire
1829 5753 1936 5795 non

2015 1917 2167 1990 lippi,
2215 1921 2425 1989 vigilias
2463 1920 2712 1990 jejunare
2748 1922 3027 1977 detrectat,
3064 1934 3168 1971 non
3197 1919 3262 1970 ad
3295 1918 3396 1971 lroe
3424 1930 3608 1969 alnum

2015 2009 2324 2064 festivitatis
2373 2011 2664 2073 inducitur,
2701 2010 2791 2064 scd
2837 2011 2990 2078 juxta
3041 2007 3423 2062 rlretoricarrtis
3469 2005 3607 2070 gulae

2016 2111 2128 2154 sua:
2171 2101 2458 2155 consilium
2502 2101 2738 2153 molliter
2769 2098 2980 2152 vivendi
3013 2097 3279 2151 suavitate
3317 2096 3606 2148 mulcetur.

2639 2205 2868 2262 CAPL'T
2912 2207 2994 2259 Vl.

2163 2279 2436 2345 Quomodo
2467 2279 2526 2332 Β.
2559 2277 2790 2331 Jacolms
2822 2275 3085 2345 apostolus
3114 2285 3350 2328 mortuus
3375 2274 3461 2327 sit.

2091 2370 2360 2426 Praeterea
2411 2381 2464 2424 ct
2505 2371 2643 2424 beati
2677 2369 2883 2433 Jacobi,
2915 2370 3003 2439 qui
3041 2370 3207 2422 frater
3249 2378 3334 2423 est
3377 2380 3609 2436 evange-

2021 2462 2155 2516 llSlil‘
2184 2462 2432 2525 Joannis,
2470 2463 2712 2531 plerique.
2760 2461 2968 2532 vigilias
2999 2461 3411 2530 parvipenduot,
3442 2469 3497 2513 et
3537 2461 3610 2514 ir-

2022 2565 2338 2608 reverenter
2368 2570 2429 2607 ae
2460 2553 2857 2606 inconsiderate
2890 2552 3216 2604 transiliunt.
3238 2550 3312 2604 Et
3354 2552 3456 2603 hoc
3485 2549 3607 2603 ideo

2021 2645 2251 2698 fortasse
2299 2645 2662 2713 praesumitur,
2692 2644 2816 2711 quia
2849 2659 2955 2696 non
2993 2657 3092 2695 suo
3133 2651 3374 2709 tempore
3417 2639 3609 2693 eadem

2022 2737 2288 2791 festivitas
2317 2737 2644 2791 celebratur.
2690 2736 2844 2789 Sicut
2887 2734 3028 2788 enim
3063 2734 3115 2786 in
3142 2733 3367 2785 Actibus
3395 2739 3610 2800 aposto-

2021 2829 2226 2892 lornrrr,
2280 2829 2418 2881 Luca
2479 2837 2746 2889 testante,
2799 2827 3114 2889 didicimus,
3169 2825 3312 2878 circa
3359 2821 3608 2892 paschale

2024 2929 2238 2988 tempus
2268 2917 2325 2970 B.
2355 2917 2588 2972 Jacobns
2616 2918 2680 2971 ad
2728 2916 2936 2970 llerode
2961 2925 3042 2970 est
3069 2916 3444 2984 interemptus.
3475 2911 3607 2966 Nam

2022 3024 2143 3064 cum
2190 3010 2537 3079 prmrnisisset
2572 3027 2585 3062 :
2622 3028 2637 3059 ι
2674 3008 2810 3074 Quia
2856 3008 3053 3062 oeci-iit
3102 3006 3344 3060 Herodes
3384 3004 3607 3057 fratrem

2021 3099 2245 3156 Joannis
2287 3100 2493 3169 gladio;
2543 3120 2562 3152 ι
2611 3098 2768 3168 paulo
2812 3108 2932 3168 post
2973 3097 3196 3151 intulit:
3228 3116 3245 3147 ι
3275 3096 3403 3150 Erat
3429 3106 3606 3149 autem

2017 3191 2132 3245 dies
2161 3193 2487 3260 Azyurorum
2519 3189 2656 3261 (Act.
2695 3189 2812 3259 xii).
2848 3207 2866 3238 ι
2897 3186 3051 3242 Circa
3082 3188 3222 3242 idem
3245 3202 3371 3241 vero
3401 3197 3612 3256 tempus

2017 3279 2076 3334 Β.
2108 3280 2301 3334 Petrus
2329 3291 2410 3334 est
2453 3297 2480 3333 a
2525 3280 2752 3334 vinculis
2792 3281 3088 3342 absolutus,
3119 3294 3225 3347 quo
3252 3278 3350 3332 iste
3377 3275 3610 3331 Jacobus

2017 3371 2176 3440 paulo
2221 3383 2347 3424 ante
2393 3370 2697 3425 llerodiano
2728 3369 2902 3424 fuerat
2937 3369 3117 3438 gladio
3143 3370 3513 3422 detruncatus.
3545 3365 3610 3422 Et

2019 3463 2145 3532 quia
2170 3463 2310 3516 intra
2341 3461 2476 3516 festa
2506 3463 2776 3532 paschalia
2808 3471 3035 3532 utraque
3066 3461 3331 3514 festivitas
3360 3459 3610 3514 absolute

2020 3571 2081 3610 ac
2108 3555 2273 3609 libere
2302 3554 2564 3609 celebrari
2597 3571 2700 3607 non
2747 3563 2982 3621 poterat,
3031 3552 3082 3606 in
3128 3551 3270 3605 aliud
3303 3550 3610 3606 necessario

2023 3655 2233 3714 tunpus
2258 3667 2270 3697 ι
2291 3661 2321 3697 x
2357 3645 2704 3714 antiquorum
2733 3642 2950 3696 l’atrunr
2974 3652 3057 3696 est
3083 3641 3408 3696 discretione
3435 3651 3613 3694 trans-

2020 3739 2148 3793 lata.
2183 3738 2334 3806 Quod
2373 3738 2415 3792 si
2464 3749 2686 3808 propter
2722 3738 2819 3792 hoc
2863 3737 3120 3791 solemnis
3149 3736 3235 3792 ille
3262 3737 3378 3791 dies
3405 3737 3613 3807 vigilia-

2023 3845 2142 3882 rum
2186 3844 2405 3882 suarurn
2439 3827 2596 3881 debet
2650 3827 2853 3881 honore
2897 3827 3130 3894 privari,
3178 3842 3308 3896 ergo
3352 3841 3452 3879 nec
3502 3826 3614 3895 ipsa

2024 3919 2289 3974 festivitas
2333 3920 2489 3973 debet
2532 3918 2653 3972 coli.
2681 3918 2750 3972 At
2787 3919 2829 3971 si
2876 3920 3146 3974 feStivitas
3185 3919 3299 3972 lucc
3321 3917 3611 3987 apostolica

2026 4026 2123 4079 pro
2145 4010 2470 4062 necessitate
2499 4010 2736 4078 paschali
2766 4009 2814 4061 iri
2842 4017 3051 4078 tempus
3086 4007 3229 4061 aliud
3255 4009 3412 4076 digne
3439 4019 3620 4062 trans-

2028 4098 2266 4167 ponitur,
2301 4097 2468 4169 850
2517 4098 2734 4168 dignum
2765 4098 2961 4166 quippe.
2988 4108 3070 4151 est
3116 4108 3172 4150 ut
3201 4113 3308 4152 sua:
3343 4100 3508 4152 etiam
3541 4097 3618 4151 vi-

2025 4190 2164 4260 gilia:
2197 4189 2626 4257 inseparabiliter
2664 4189 3008 4242 comitentur.
3045 4188 3312 4241 Absoluta
3348 4179 3614 4260 siquidem

2025 4291 2108 4336 est
2155 4280 2447 4334 auctoritas
2498 4294 2790 4338 canonum,
2841 4295 2961 4348 qua:
3011 4279 3332 4349 generaliter
3376 4279 3621 4350 praecipit

2027 4386 2215 4426 omnes
2264 4369 2628 4437 apostolorum
2681 4368 2891 4439 vigilias
2931 4368 3212 4424 celebrari.
3251 4368 3402 4435 Quod
3445 4369 3488 4424 si
3519 4369 3617 4426 atl-

2029 4461 2303 4516 vcrsar-ins
2334 4461 2509 4514 adhuc
2541 4460 2593 4513 in
2626 4474 2737 4513 sua:
2768 4459 3105 4530 allegatiorris
3149 4459 3402 4513 instantia
3441 4458 3620 4530 pervi-

2031 4569 2129 4608 cax
2164 4552 2456 4620 invenitur,
2487 4553 2613 4607 illud
2637 4552 2802 4608 etiarn
2825 4552 3053 4606 inferam
3084 4553 3232 4623 quia,
3265 4555 3307 4608 si
3333 4563 3616 4623 pmptcrea

2032 4641 2300 4697 festivitas
2336 4642 2457 4708 illa,
2506 4642 2760 4712 quoniam
2811 4653 3054 4696 nutriatur
3084 4641 3619 4712 tempore,jure"suo

2031 4733 2278 4801 privatur
2308 4733 2528 4797 lrouore,
2563 4749 2691 4802 ergo
2723 4749 2823 4787 nec
2861 4731 3133 4801 paschalis
3179 4748 3374 4801 magna
3424 4731 3619 4786 solem-

2033 4823 2173 4877 nitas
2209 4823 2521 4877 honoranda
2561 4822 2674 4890 jam
2716 4823 2840 4886 erit,
2871 4838 2992 4892 qua:
3025 4822 3273 4876 videlicet
3319 4837 3424 4874 non
3455 4823 3618 4875 lixam

2033 4913 2291 4982 temporis
2314 4915 2716 4978 certitndinem,
2741 4914 2834 4969 scd
2867 4912 3141 4982 plcrrilrrrrii
3167 4912 3346 4980 potius
3375 4913 3620 4980 sequitur

2038 5004 2320 5057 rationcrrr.
2358 5003 2735 5060 Ecclesiastica
2784 5003 3047 5072 siquidem
3095 5000 3229 5055 fides
3277 5001 3455 5062 habet,
3492 5001 3619 5070 quia

2035 5104 2246 5150 octavo‘
2271 5094 2540 5150 Kalendas
2581 5095 2780 5164 Aprilis
2815 5094 3139 5160 Redemptor
3169 5101 3352 5146 noster
3387 5101 3471 5148 est
3497 5107 3622 5148 cru-

2036 5185 2250 5248 cifixus,
2279 5202 2387 5257 quo
2417 5187 2666 5241 videlicet
2691 5185 2778 5239 die
2807 5195 2860 5239 et
2886 5185 2940 5237 ὅτι
2971 5182 3214 5252 virginali
3249 5191 3403 5237 utero
3446 5181 3624 5239 fuerat

2036 5289 2166 5334 ante
2215 5289 2527 5346 conceptus.
2577 5276 2730 5342 Quod
2777 5275 2823 5329 si
2866 5274 3004 5328 hanc
3051 5274 3310 5344 temporis
3356 5274 3622 5333 rationem

2039 5369 2192 5437 sequi
2230 5368 2497 5430 volurrrtrs,
2533 5377 2688 5422 sexto
2725 5365 2994 5419 Kalendas
3023 5365 3264 5434 ejusdem
3299 5364 3500 5418 mensis
3528 5377 3627 5432 per

2041 5459 2288 5530 singulos
2320 5472 2494 5516 annos
2533 5456 2982 5512 resurrectionem
3028 5454 3360 5509 Dontinicam
3403 5466 3629 5508 necesse

2043 5560 2127 5606 est
2153 5549 2506 5605 celebremus.
2546 5546 2699 5612 Quod
2743 5546 2985 5616 profecto
3015 5545 3216 5599 idcirco
3243 5559 3348 5598 non
3383 5542 3462 5603 lit,
3499 5540 3627 5608 quia

2046 5643 2264 5711 dignum
2293 5649 2369 5694 est
2403 5647 2650 5708 quartaru
2689 5637 2953 5704 decirnanr
2987 5635 3174 5689 lunam,
3198 5649 3318 5692 cum
3345 5630 3624 5701 Azyurita-

2025 5749 2167 5802 .rum
2196 5733 2346 5803 prius
2373 5730 2576 5785 Pascha
2609 5729 2997 5791 transmittere,
3026 5735 3084 5782 ut
3106 5725 3175 5780 ad
3203 5739 3400 5780 novum
3419 5720 3628 5778 Pascha
