4138 6320
487 347 496 390 μ’
528 348 532 350 ⁷
558 343 676 406 ’807

1030 350 1088 404 5.
1118 350 1321 406 PETRI
1359 347 1659 405 ΒἈῙΙΙΧΝΓ
1679 351 1831 408 (ΠΨ.
1866 346 2102 406 TOMUS

2234 351 2271 407 υ
2311 352 2494 419 rans
2528 353 2615 411 ut.
2656 354 3127 435 -έπλοιιυεαυω
3173 356 3402 414 vanu.

3722 360 3837 423 808

556 438 853 523 valeamus
880 465 1017 520 sicut
1046 476 1111 519 ex
1144 465 1332 519 umbra
1359 464 1501 537 legis
1538 447 1617 545 ad
1649 464 1895 521 veritatis
1918 464 2146 535 gratiam
2174 470 2225 532 Α
2254 464 2421 530 misit,
2456 481 2553 537 per
2597 472 2763 522 totam
2814 467 2957 523 diem
2993 466 3140 523 illam
3183 481 3254 523 ne
3291 467 3400 522 vini
3427 467 3639 539 quidem
3670 463 3839 525 vesti‘

555 557 873 631 pervenire.

1161 642 1389 701 CAPUT
1439 642 1548 698 VII.

567 759 676 815 (εἰη-
719 756 784 812 Β.
830 748 1054 812 Joannis
1110 755 1363 827 Baptista:
1414 754 1696 809 Decollatio
1754 756 1984 827 vigiliam
2039 772 2146 813 non

1058 834 1067 847 ‘
1257 826 1461 879 habeat.

628 919 779 972 Eant
816 933 946 989 ergo
989 925 1298 970 sanctarum
1330 914 1630 984 vigiliarum
1680 916 1866 972 hostes
1913 924 1967 972 et
2006 916 2147 989 jeju-

550 1008 778 1063 ‘niernm
828 1004 1215 1060 venerabilium
1256 1003 1642 1069 destructores,
1692 1018 1754 1060 ac
1782 1003 2144 1076 dogmatizent

564 1096 805 1170 paschali
854 1093 1177 1150 solemnitati
1227 1093 1585 1149 reverentiam
1631 1109 1737 1148 non
1785 1095 2140 1160 servandam,

558 1196 648 1251 ut,
681 1187 936 1257 quoniam
978 1184 1224 1239 variatur
1270 1192 1550 1252 tempore,
1581 1183 1865 1239 devotione
1905 1184 2141 1239 ﬁdelium

561 1287 620 1330 et
656 1274 854 1330 assueti
881 1272 1057 1328 cultus
1084 1281 1267 1327 careat
1293 1271 1571 1340 dignitate,
1597 1272 1813 1342 etquod
1846 1272 1913 1327 de
1936 1272 2142 1328 Pascha

470 1404 475 1409 -
565 1364 706 1422 male
748 1365 1036 1430 senserint,
1068 1372 1459 1433 consequenter
1499 1373 1553 1418 et
1601 1363 1667 1418 de
1696 1363 2048 1430 Ascensione,
2077 1380 2142 1421 ac

470 1482 473 1483 ν
563 1452 882 1510 Pentecoste
939 1455 1249 1509 necessario
1317 1453 1605 1508 fateantur.
1667 1453 1821 1519 Quod
1884 1456 1928 1509 si
1989 1455 2142 1511 nobis

562 1544 873 1612 objecerint,
902 1543 1321 1600 Decollationem
1346 1544 1518 1599 sancti
1549 1543 1774 1600 Joannis
1800 1545 2001 1601 idcirco
2031 1561 2139 1601 non

563 1638 763 1691 habere
792 1636 1018 1705 vigilias,
1065 1636 1189 1705 quia
1217 1636 1284 1691 de
1324 1644 1563 1706 tempore
1610 1637 1876 1706 passionis
1905 1638 2138 1705 Domini,

558 1742 669 1797 quo
714 1728 963 1782 videlicet
993 1728 1063 1787 S.
1101 1726 1342 1798 Baptista
1385 1738 1694 1799 peremptus
1742 1738 1846 1794 est,
1879 1730 1930 1785 in
1963 1731 2139 1801 Augu-

2244 554 2397 635 gium
2441 557 2617 626 potuit
2660 557 2933 635 invenire,
2975 557 3162 627 sicque
3207 556 3387 612 divina
3430 556 3837 626 dispensatione

2233 631 2469 707 .coactus
2492 656 2578 702 est
2599 631 2789 716 jejuuii
2814 648 3053 703 debitum
3081 649 3136 703 in
3164 649 3277 718 ipsa
3303 646 3597 703 festivitate
3624 648 3837 718 persol-

2245 754 2395 805 vere,
2424 741 2579 811 cnjus
2614 756 2727 796 non
2772 741 2953 795 timuit
2978 740 3188 810 vigilias
3214 748 3402 795 contra
3446 738 3836 797 ecclesiastitm

2246 829 2599 886 institutionis
2646 830 2888 902 regulam
2927 838 3243 894 temerare;
3269 838 3344 896 et,
3390 838 3451 884 ut
3482 829 3559 885 ita
3607 830 3828 901 loquar,

2243 919 2343 977 luit
2367 922 2419 976 in
2452 921 2590 977 festo
2610 923 2753 992 quod
2781 921 3082 992 deliquerat
3107 922 3159 976 in
3188 920 3448 991 profesto.
3731 988 3741 992 δ

2318 1010 2441 1066 llazc
2473 1013 2653 1083 igitur,
2685 1012 3056 1076 dilectissimi,
3088 1012 3155 1067 de
3183 1023 3307 1067 octo
3351 1012 3549 1083 vigiliis
3573 1026 3836 1068 examus-

2244 1102 2346 1158 sim
2393 1118 2492 1158 suo
2540 1112 2782 1173 tempore
2815 1102 3152 1158 celebrandis
3195 1102 3469 1157 sanctitati
3496 1112 3687 1173 vestra:
3724 1101 3835 1175 illi-

2243 1202 2390 1249 mato
2418 1194 2556 1265 style
2582 1193 2887 1263 conscripta
2916 1193 3235 1258 direximus,
3260 1200 3315 1247 et
3342 1192 3502 1263 851
3533 1200 3591 1245 ut
3629 1207 3728 1245 vos
3757 1192 3832 1246 ad

2242 1300 2306 1339 ea
2355 1285 2672 1355 corrigenda
2716 1299 2837 1354 quae
2867 1300 3009 1339 nunc
3041 1283 3335 1338 insolenter
3379 1291 3665 1352 emergunt
3695 1282 3834 1336 viri-

2242 1373 2366 1429 liter
2397 1373 2778 1444 accingamini,
2816 1382 2877 1428 ut
2905 1386 3091 1428 revera
3121 1371 3322 1428 Christi
3371 1371 3590 1435 milites,
3618 1371 3833 1425 adhor-

2245 1470 2440 1516 tamur.
2471 1461 2744 1516 Tencatur
2766 1462 2947 1531 itaque
2968 1477 3065 1531 per
3087 1476 3180 1515 vos
3207 1459 3584 1516 ecclesiastica:
3603 1460 3832 1530 genium

2242 1551 2558 1621 disciplina;
2612 1558 2853 1621 paterna:
2902 1549 3205 1604 traditionis
3249 1564 3438 1604 norma
3484 1558 3830 1619 permaneat,
3922 1566 3931 1571 ’

2244 1642 2521 1712 religionis
2569 1651 2743 1697 status
2770 1656 2799 1695 a
2830 1657 2927 1696 sua
2961 1641 3218 1715 dignitate
3259 1656 3365 1695 non
3403 1648 3643 1704 corruat,
3672 1640 3832 1709 vigor

2242 1730 2642 1785 ecclesiasticus
2669 1745 2775 1784 non
2806 1729 3102 1787 mollescat.
3127 1729 3416 1783 Enimvero
3457 1744 3562 1782 non
3606 1728 3830 1807 ambigo

559 1829 700 1874 stum
748 1826 985 1874 mensem
1028 1834 1095 1874 ex
1148 1834 1299 1875 more
1354 1818 1707 1884 transfertur,
1751 1822 2138 1893 respondemus
2174 1817 2215 1878 Β
2245 1819 2565 1891 scripturam
2594 1818 2754 1885 hanc,
2786 1819 2829 1874 si
2862 1819 2913 1873 in
2939 1834 3125 1874 eorum
3154 1833 3343 1873 manus
3374 1816 3669 1881 devenerit,
3701 1820 3833 1887 qni-

481 1946 484 1950 .
560 1924 666 1965 non
717 1918 935 1980 propter
978 1909 1331 1965 mutationem
1381 1909 1690 1968 festivitatis
1734 1914 1836 1969 hoc
1870 1914 2015 1978 ﬁeri,
2047 1916 2140 1971 sed

460 2014 467 2043 ῖ
559 2003 812 2071 quoniam
852 2016 974 2055 cum
1014 2001 1208 2071 vigiliis
1242 2011 1487 2057 sanctam
1533 2004 1868 2059 nativitatem
1897 2003 2012 2072 ejus
2040 2021 2138 2060 ex-

557 2089 819 2158 cepimus,
847 2103 914 2141 ne
942 2088 1217 2158 popularis
1260 2100 1514 2159 gravetur
1562 2090 1863 2154 inﬁrmitas.
1908 2093 1961 2146 in
1999 2091 2142 2161 ejus-

560 2177 681 2231 dem
705 2174 1056 2230 decollatione
1084 2176 1196 2232 sola
1228 2178 1386 2233 unius
1408 2178 1515 2233 diei
1538 2179 1877 2235 solemnitate
1901 2183 2137 2236 contenti

559 2280 767 2321 sumus.
1480 2282 1483 2285 λ

550 2386 555 2391 -
629 2357 910 2413 Postremo
956 2358 1022 2412 de
1052 2358 1192 2412 beati
1241 2372 1455 2428 quoque
1483 2358 1862 2413 Barthnlomaei
1911 2360 2145 2431 vigiliis,

558 2460 695 2526 quas
736 2447 972 2501 nonnulli
1014 2448 1127 2516 jam
1160 2447 1359 2502 violare
1405 2448 1660 2516 paulatim
1695 2449 1988 2518 incipiunt,
2030 2466 2135 2506 non

556 2534 767 2593 diversa
798 2538 1062 2595 sententia
1107 2548 1208 2593 est.
1260 2539 1378 2604 Quo
1425 2539 1679 2594 nimirum
1727 2539 1813 2595 die
1849 2539 2137 2609 aliquando

546 2627 723 2684 rabbas
767 2629 1016 2698 quidam,
1068 2644 1173 2683 non
1223 2629 1422 2684 inlimis
1464 2630 1844 2687 comitantibus
1890 2631 2043 2697 viris,
2071 2632 2136 2687 de

546 2718 864 2789 longinquis
907 2718 1102 2774 ﬁnibus
1139 2720 1205 2774 ad
1253 2735 1352 2775 nos
1395 2721 1447 2774 in
1475 2735 1660 2775 eremo
1693 2721 1948 2792 degentes
1976 2737 2138 2791 pran-

556 2823 649 2864 sus
694 2818 749 2862 et
779 2816 1094 2864 cmuaturus
1121 2810 1366 2875 advenit;
1401 2810 1509 2865 alia
1538 2826 1665 2865 vero
1690 2811 1796 2875 die,
1828 2811 2135 2867 festivitatis

555 2899 764 2955 scilicet
790 2900 1119 2970 apostolicae,
1152 2912 1393 2973 rogatus,
1424 2911 1487 2958 ut
1513 2902 1856 2973 digressurus
1890 2904 2135 2973 jeutacu-

542 2989 664 3046 lum
712 2999 963 3060 caperet,
1002 2993 1183 3046 renuit
1227 2992 1494 3063 nullisque
1546 2994 1797 3064 precibus
1845 2993 2131 3064 acquievit.

542 3080 694 3144 .Sed,
724 3097 758 3136 0
795 3083 955 3153 digna
1000 3083 1288 3138 restituens
1336 3085 1515 3139 divina
1567 3086 1865 3141 sententia!
1911 3086 2025 3141 sive
2078 3087 2128 3140 in

2240 1911 2340 1966 bus
2382 1921 2507 1977 sunt
2546 1926 2737 1981 perosa
2775 1909 3001 1979 jejuuia,
3032 1909 3261 1978 turpiter
3289 1908 3709 1976 conspuendam.
3740 1909 3831 1963 Ab

2240 2000 2325 2054 his
2353 2001 2580 2063 scilicet,
2608 1999 2804 2069 quibus
2833 2006 3001 2053 tumet
3030 2006 3190 2052 uncta
3217 1997 3356 2052 cutis
3379 2006 3540 2067 atque
3570 1995 3829 2060 nitidula.

2240 2090 2330 2159 qui
2378 2089 2654 2144 sobrietati
2705 2089 2831 2142 dum
2883 2086 3282 2142 iul’tederabiles
3322 2102 3527 2157 pugnas
3559 2078 3826 2151 inferunt,

2240 2180 2485 2234 rubentia
2515 2181 2739 2250 pingues
2760 2194 2853 2234 ora
2874 2179 3037 2250 852
3058 2179 3452 2235 ﬂammescunt.
3484 2178 3607 2233 Mihi
3637 2188 3827 2235 autem

2240 2270 2443 2324 nullius
2467 2286 2673 2335 arnore,
2706 2271 2788 2326 vel
2812 2272 2935 2326 odio
2968 2281 3175 2327 rectum
3204 2272 3331 2327 licet
3363 2271 3635 2327 occultare
3664 2260 3828 2340 Quod

2236 2360 2442 2425 sentio;
2493 2367 2545 2414 et
2595 2361 2684 2429 qui
2727 2359 2996 2415 .lulianum
3053 2359 3320 2416 Caesarem
3386 2369 3507 2416 octo
3557 2360 3827 2415 adversus

2237 2449 2580 2519 Evangelium
2612 2451 2813 2504 Christi
2843 2450 3123 2521 scripsisse
3164 2450 3435 2506 volumina
3464 2465 3569 2505 non
3601 2450 3819 2521 ignoro,

2237 2540 2306 2594 ab
2337 2541 2420 2596 his
2445 2543 2607 2596 etiam
2643 2542 2734 2611 qui
2763 2543 3087 2613 evangelica:
3113 2551 3239 2597 sunt
3270 2541 3565 2612 disciplinae
3592 2550 3817 2595 contra-

2239 2631 2325 2697 rii,
2349 2633 2784 2702 scriptiunculam
2810 2648 2985 2688 meam
3010 2636 3188 2689 verbis
3216 2635 3556 2689 mordacibus
3587 2630 3818 2687 lacerari

2236 2724 2542 2779 nullatenus
2582 2727 2863 2797 erubesco.
2910 2726 3099 2781 Dieant
3126 2726 3266 2780 enim
3298 2725 3371 2779 illi
3402 2739 3522 2779 cum
3568 2720 3811 2792 antiquis

2235 2814 2652 2872 obsonatoribus
2727 2816 2839 2871 suis
2889 2834 2903 2870 :
2955 2835 2974 2867 ι
3020 2815 3401 2871 Manducemus
3440 2823 3495 2868 et
3543 2813 3812 2877 bibamus,

2232 2919 2354 2960 cras
2379 2904 2522 2958 enim
2554 2905 2844 2958 moriemur
2869 2903 3005 2975 (Ita.
3042 2904 3208 2967 xxu);
3240 2922 3258 2953 ι
3285 2912 3339 2957 et
3368 2918 3466 2957 nos
3492 2917 3613 2956 cum
3641 2900 3816 2955 servis

2234 2993 2434 3049 Christi
2484 2993 2897 3063 respondeamus
2927 3012 2940 3046 :
2974 3013 2991 3044 ι
3027 2991 3338 3063 Jejuuemus
3365 3002 3420 3047 et
3448 3006 3633 3047 sacras
3672 2990 3815 3059 vigi-

2235 3085 2337 3138 lias
2381 3084 2740 3144 celebremus,
2773 3094 2830 3136 ut
2870 3082 2920 3136 in
2967 3082 3257 3137 festivitate
3301 3080 3508 3136 caelesti
3554 3076 3670 3132 sine
3706 3076 3815 3132 line

536 3172 858 3227 ctenobium
909 3174 1429 3240 sanctimonialium,
1473 3177 1616 3245 quod
1684 3187 1811 3233 tunc
1869 3178 2130 3242 visitavit,
2160 3157 2202 3217 (ἶ
2237 3174 2429 3229 victuri
2476 3173 2701 3228 feliciter
2729 3172 3005 3242 epulantur
3034 3171 3084 3243 (1
3117 3171 3235 3226 Cor.
3263 3172 3372 3241 xv).
3409 3190 3427 3224 ο

551 3259 667 3316 sive
692 3262 834 3331 apud
859 3248 1460 3331 aliquem'szneularium
1489 3265 1555 3319 ad
1584 3281 1933 3337 quoscunque
1965 3275 2131 3321 trans-

2577 3264 2658 3321 Sit
2686 3280 2868 3318 nautea
2903 3262 3112 3317 Domini
3132 3262 3453 3316 benedictum

3686 3442 3800 3464 .-

604 3601 960 3678 εεειθπ
1014 3625 1787 3739 OPUSCULUM
1860 3568 3056 3753 QUINQUAG’ESIMUM
3157 3587 3730 3725 SEXTUM.

1111 3873 1218 3934 DE
1243 3874 1513 3936 FLUXA
1554 3875 1808 3937 MUNDI
1845 3877 2147 3938 GLORIA
2183 3877 2287 3936 ET
2323 3873 2624 3937 SIECULI
2682 3871 3245 3935 DESPECTIONE.

1938 4040 2306 4060 ψ

552 4160 1326 4234 Ακαωιωτωμ-έ-Αεηθιεῐη
1358 4164 1757 4233 imperatrieem
1800 4164 2028 4219 Romam
2072 4179 2180 4218 non
2213 4164 2446 4234 superbo
2484 4171 2769 4233 apparatu,
2802 4162 2894 4218 sed
2922 4162 3089 4234 cultu
3127 4161 3273 4234 infra
3323 4160 3546 4232 privatae
3589 4159 3810 4216 feminae

619 4246 908 4304 persotmm
931 4231 1138 4301 dejecto
1177 4231 1565 4304 ingredientem
1584 4275 1598 4296 ,
1639 4236 1705 4289 ad
1735 4249 1974 4304 pra-sepe
2005 4234 2204 4289 Christi
2239 4231 2450 4288 Domini
2480 4231 2787 4296 visendum,
2822 4233 3020 4303 regium
3046 4231 3540 4304 iSabtecomparat,
3568 4245 3695 4304 qu_:e_
3713 4248 3807 4304 re-

617 4300 759 4368 giam
794 4299 1096 4375 Salomonis
1126 4299 1657 4375 magniﬁcentissime
1695 4299 1936 4375 ingressa
1985 4311 2087 4359 est.
2121 4304 2377 4358 Eamdem
2418 4315 2677 4375 praeterea
2710 4299 3058 4370 laudat’quod
3096 4301 3301 4375 regales
3324 4299 3550 4375 pompas
3574 4299 3807 4375 mirifice

610 4368 1251 4443 contempserit..Deinde
1281 4374 1528 4441 exemplo
1552 4368 1916 4429 Romanorum
1945 4389 2126 4443 regum
2155 4389 2217 4429 ac
2246 4368 2591 4428 externorum
2619 4373 2796 4443 ﬂuxas
2817 4368 3481 4443 esse:_mttndi'dignitates
3517 4378 3577 4443 _et
3601 4368 3806 4443 ‘tnultis

520 4482 525 4487 .
613 4438 1016 4513 calamitatibus
1056 4442 1318 4513 obnoxias
1344 4438 1527 4513 aperte
1571 4443 1927 4513 demonstrat.
1958 4438 2172 4497 Acriter
2212 4444 2555 4513 reprehendit
2583 4459 2677 4498 cos
2710 4441 2801 4512 qui
2838 4440 3115 4495 nobilitate
3156 4449 3210 4496 et
3242 4438 3442 4495 divitiis
3480 4438 3802 4509 gloriantur,

614 4525 736 4563 cum
768 4510 1075 4564 mortalium
1105 4511 1342 4564 omnium
1374 4510 1514 4567 idem
1542 4512 1613 4567 sit
1648 4526 1802 4568 ortus
1829 4525 1992 4583 atque
2016 4528 2261 4569 occasus.

617 4644 785 4701 Scuto
819 4645 971 4701 bona:
1015 4645 1303 4702 voluntatis
1330 4649 1422 4703 Dei
1472 4659 1743 4704 coronata:
1773 4648 1976 4705 AGNB'I'I
2020 4649 2123 4704 im-
2153 4648 2199 4709 D
2231 4646 2435 4710 tiosas;
2469 4647 2569 4702 ista
2601 4660 2730 4703 vero
2756 4661 2878 4702 cum
2909 4643 3249 4700 llermisinde
3272 4650 3498 4715 cognata
3522 4658 3645 4707 sua,
3692 4658 3803 4700 non

543 4736 822 4806 peratrici,
852 4736 1065 4791 PETRUS
1092 4746 1344 4805 peccator
1383 4740 1678 4794 monachus
1707 4740 2041 4795 servitutem.

616 4830 623 4835 ’
1050 4829 1276 4886 CAPUT
1323 4831 1611 4889 PRIMUM.

599 4921 812 4990 Agnetis
833 4921 1176 4990 imperatricis
1208 4940 1323 4977 cum
1348 4926 1525 4994 regina
1557 4921 1699 4981 Saba
1724 4927 2064 4996 comparatio.

615 5008 818 5078 Regina
848 5006 986 5063 Saba
1004 5010 1218 5065 venitin
1240 5010 1574 5068 Hierusalem
1599 5014 1785 5068 audire
1799 5015 2117 5084 sapientiam

528 5097 851 5153 'Salomonis
886 5097 1005 5170 (ΙΙΙ
1038 5098 1166 5170 Reg.
1205 5115 1278 5165 x;
1321 5101 1385 5155 11
1418 5099 1604 5156 Paral.
1649 5102 1759 5173 Ix);
1804 5103 2117 5172 imperatrix

541 5186 724 5255 Agnes
754 5185 978 5241 Romam
1001 5187 1146 5258 adiit!
1167 5189 1445 5246 addiscere
1473 5191 1754 5247 stultitiam
1802 5191 2109 5247 Piscatoris.

542 5274 675 5329 Nam
705 5275 848 5329 sicut
875 5275 1073 5333 Paulus
1095 5279 1171 5335 ait
1198 5297 1211 5334 :
1247 5299 1266 5331 ι
1298 5280 1431 5348 Quia
1460 5297 1565 5337 non
1592 5282 1844 5354 cognovit
1885 5284 2115 5340 mundus

540 5377 639 5432 per
658 5363 974 5434 sapientiam
1000 5367 1187 5435 Deum,
1211 5368 1409 5439 placuit
1432 5372 1540 5427 Deo
1561 5387 1658 5440 per
1677 5374 1957 5430 stultitiam
1981 5391 2116 5444 prat-

539 5451 827 5510 dieationis
866 5455 1044 5513 salvos
1073 5457 1251 5515 facere
1272 5462 1552 5518 credentes
1591 5464 1644 5536 (I
1672 5462 1795 5519 Cor.
1842 5464 1905 5537 ι).
1947 5485 1966 5518 ι
1998 5467 2112 5533 Illa,

540 5543 680 5599 sicut
706 5561 859 5603 sacra
886 5557 1111 5605 testatur
1133 5550 1392 5619 Historia,
1421 5555 1661 5628 ingressa
1681 5568 1766 5614 est
1793 5573 1916 5614 eum
1945 5558 2114 5615 multo

538 5634 796 5693 comitatu
840 5647 896 5692 et
951 5640 1191 5699 divitiis.
1237 5644 1457 5699 camelis
1507 5661 1721 5717 quoque
1772 5647 2114 5720 portantibus

506 5735 798 5794 taremata,
830 5740 885 5785 et
931 5746 1118 5786 aurum
1147 5732 1411 5789 intlnitntu
1442 5736 1601 5792 nimis
1635 5747 1689 5793 ct
1719 5753 1956 5810 gemmas
1993 5753 2115 5810 pre-

2232 4738 2433 4807 dispari
2479 4739 2651 4793 sancti
2684 4736 2917 4807 Spiritus
2963 4735 3177 4792 fervore
3222 4751 3503 4801 succensa,
3547 4728 3801 4805 tanquam

2233 4828 2394 4884 Maria
2433 4827 2742 4899 Magdalena
2771 4843 2892 4882 cum
2916 4827 3086 4883 altera
3108 4826 3276 4882 Maria
3299 4828 3600 4883 veniuntad
3624 4828 3802 4898 scpqu

2228 4933 2378 4972 crum
2402 4917 2614 4988 (Matth.
2643 4933 2832 4982 xxvttt;
2857 4916 3025 4972 Marc.
3051 4934 3162 4983 xvi;
3183 4916 3311 4971 Luc.
3334 4933 3484 4982 xxiv;
3503 4904 3798 4988 10mph),

2228 5022 2332 5062 non
2368 5016 2428 5061 ut
2465 5021 2660 5077 corpus
2683 5005 2808 5061 Jesu
2849 5016 3150 5078 pertingant
3187 5006 3445 5083 fomentis
3471 5016 3802 5073 aromatum,

2224 5096 2320 5166 sed
2356 5105 2415 5151 ut
2444 5099 2617 5171 pedes,
2635 5096 2753 5166 ejus
2777 5095 2994 5152 ﬂuentis
3018 5097 3242 5168 irrigcut
3274 5095 3655 5173 lacrymarum.
3681 5094 3801 5150 Non

2223 5186 2364 5242 enim
2386 5187 2497 5258 jam
2525 5194 2771 5255 quaerunt
2814 5186 3077 5242 viventem
3107 5201 3229 5243 cum
3259 5185 3504 5249 mortuis,
3547 5184 3642 5240 sed
3671 5185 3804 5240 ado-

2223 5285 2405 5331 rantes
2434 5284 2618 5331 tenent
2661 5276 2886 5347 vestigia
2944 5276 3294 5348 resurgentis.
3338 5274 3583 5331 Carnalis
3642 5274 3803 5344 plane

2222 5363 2474 5422 Salomon
2504 5366 2703 5438 regina:
2727 5365 2882 5422 Saba:
2901 5368 3257 5438 quaestionum
3278 5366 3450 5422 nodos
3465 5375 3521 5420 et
3540 5354 3799 5437 mysteria

2220 5464 2480 5518 reseravit
2511 5464 2896 5534 aenigmatum;
2943 5474 3127 5520 nostra
3181 5478 3310 5519 vero
3358 5463 3545 5535 regina
3591 5462 3665 5516 nil
3696 5463 3799 5517 sibi

2218 5554 2352 5609 solvi
2393 5556 2710 5627 proposuit,
2755 5556 2856 5610 nisi
2901 5570 3122 5610 suormn
3171 5554 3383 5610 vincula
3426 5562 3796 5624 peccatorum.

2221 5647 2478 5704 Salomon
2507 5663 2761 5719 namque,
2789 5649 2879 5717 qui
2912 5647 3010 5701 fuit
3036 5648 3202 5719 ﬁgura
3228 5644 3802 5716 Christi’ettqntedam

2222 5737 2370 5793 velut
2394 5738 2588 5811 imago,
2621 5739 2732 5795 sive
2760 5738 3065 5811 prophetia,
3093 5751 3377 5808 personam
3402 5735 3574 5790 nostri
3603 5731 3797 5790 Salva.
