4138 6320
299 315 409 375 809

1183 314 1426 370 OPUSC.
1466 312 1598 366 LVI.
1638 312 1817 365 --llE
1867 310 2100 366 FLl7XA
2149 313 2381 372 MUNDT
2403 317 2654 372 GLORH

3455 328 3561 381 8Ξο

297 427 437 486 toris
461 427 748 500 expressit.
780 426 855 482 De
899 425 987 481 illo
1023 427 1220 498 quippe
1266 428 1462 484 dicitur
1499 447 1517 480 ι
1566 427 1690 498 quia
1729 426 1880 482 locu-
1913 426 1954 486 Α
1989 425 2226 481 nitentiae
2255 431 2509 483 resecari.
2543 430 2784 502 Hyssopo
2817 433 3070 487 nimirum
3107 435 3461 504 puriﬁcautm-
3488 439 3570 491 iu-

301 530 392 576 tus
446 518 533 574 est
593 519 696 572 tria
747 518 911 572 millia
946 519 1351 590 parabolarum,
1401 532 1457 576 et
1506 521 1724 576 fuerunt
1761 537 1885 578 car-

297 611 444 666 mina
463 609 602 663 illius
620 610 858 678 quinque
879 611 1079 677 millia;
1105 631 1122 663 ι
1146 612 1235 666 ubi
1272 623 1471 682 praesto
1500 615 1882 687 sulijungitur:

294 701 423 768 quia
441 718 462 748 ‹
495 699 792 769 disputavit
818 701 980 754 etiam
1011 703 1364 773 super-lignis,
1391 721 1420 758 a
1447 708 1630 771 cedro,
1657 721 1775 775 quin
1804 715 1887 762 est

294 788 351 843 in
399 788 605 842 Libano
646 805 817 857 usque
858 791 926 844 ad
973 792 1266 862 hyssopum
1291 834 1306 858 ,
1353 809 1474 863 qua:
1515 798 1792 866 egreditur
1820 797 1886 852 de

292 877 524 949 pariete,
553 889 608 933 et
633 880 887 934 disseruit
909 882 973 935 de
1009 882 1286 950 jumentis,
1333 894 1388 939 et
1435 885 1502 941 de
1555 887 1884 952 volucribus,

289 978 351 1031 et
379 970 662 1045 reptilibus
690 980 744 1023 et
781 972 1018 1040 piscibus
1035 972 1158 1042 (Ill
1183 973 1308 1044 Reg.
1335 975 1430 1044 tv).
1467 995 1486 1025 ι
1520 977 1649 1042 Qua:
1679 977 1887 1032 scilicet

291 1064 644 1138 Redemptori
675 1073 864 1123 nostro
900 1078 1005 1116 non
1057 1065 1280 1134 ambigit
1325 1077 1517 1120 cuncta
1563 1081 1882 1138 congruere,

287 1160 380 1215 cui
412 1169 569 1213 vacat
603 1160 720 1214 haec
747 1158 990 1231 diligenti
1019 1157 1448 1216 consideratione
1485 1167 1738 1213 tractare.
1769 1159 1889 1230 Ipse

288 1251 549 1304 nimirum
581 1251 680 1303 tria
707 1251 873 1306 millia
905 1253 1284 1321 parabolarum
1312 1260 1394 1310 est
1434 1249 1665 1316 loculus.
1714 1251 1802 1319 (11ιί
1831 1261 1886 1306 ει

290 1343 519 1412 mystica
578 1341 796 1396 Patrum
835 1345 1250 1413 prmeedentium
1289 1345 1450 1412 facta,
1484 1357 1536 1402 et
1560 1361 1657 1418 per
1687 1344 1886 1420 θυρεο-

293 1434 405 1486 rica
437 1434 823 1503 prophetarum
853 1437 1095 1500 oracula,
1122 1437 1202 1491 vel
1230 1439 1391 1493 etiam
1420 1456 1518 1510 per
1545 1445 1883 1499 coruscantis

291 1521 568 1591 Evangelii
596 1523 941 1587 documenta,
963 1526 1086 1579 dum
1108 1526 1211 1581 sub
1237 1528 1502 1583 velamine
1525 1546 1661 1598 pene
1687 1542 1879 1586 cuncta

287 1611 569 1675 disseruit,
599 1615 755 1683 quasi
790 1616 888 1668 tria
924 1617 1087 1670 millia
1135 1617 1190 1670 in
1239 1618 1416 1672 verbis
1444 1621 1556 1674 suis
1598 1623 1884 1690 parabola-

289 1718 412 1756 rum
443 1705 764 1759 numeravit.
790 1705 942 1761 Umle
974 1718 1027 1761 et
1058 1708 1109 1761 in
1137 1708 1426 1780 Evangelia
1455 1710 1736 1767 .‘llatthteus
1761 1714 1836 1767 ait
1862 1734 1875 1768 :

1992 517 2122 570 tima
2157 518 2426 573 viscerum
2445 563 2458 584 ,
2490 537 2588 591 per
2613 539 2772 593 quam
2804 540 2909 578 non
2939 526 3231 596 incongrue
3258 526 3570 599 designatur

1989 607 2257 664 confessio
2290 622 2656 680 peccatorum.

2619 705 2846 761 CAPUT
2873 707 2932 762 ll.

2149 794 2345 848 Christi
2365 805 2412 849 et
2445 795 2744 850 Salomonis
2767 799 3020 866 sapientia
3045 811 3397 870 comparatur.

2057 887 2359 956 Disputavit
2390 888 2554 957 igitur
2579 899 2762 944 noster
2782 889 3037 944 Salomon
3070 907 3231 961 super
3263 893 3440 963 lignis,
3472 895 3570 950 ho-

1986 979 2222 1030 minibus
2250 979 2499 1033 videlicet
2523 980 2661 1034 intra
2692 982 3046 1052 germinantis
3074 983 3323 1038 Ecclesia!
3347 1001 3567 1042 nemora

1987 1069 2240 1123 radiculis
2266 1087 2294 1122 a
2321 1073 2506 1134 cedro,
2537 1088 2656 1141 quze
2683 1081 2787 1137 est,
2812 1075 2861 1126 in
2894 1073 3119 1140 Libano,
3148 1091 3314 1144 usque
3353 1079 3419 1132 ad
3447 1078 3573 1150 bys-

1984 1173 2208 1228 sopum,
2238 1175 2358 1228 quae
2392 1161 2668 1231 egreditur
2717 1163 2782 1216 de
2827 1164 3052 1232 pariete,
3102 1166 3155 1220 id
3207 1176 3290 1222 est
3331 1169 3399 1223 ab
3445 1170 3576 1239 ipsis

1982 1253 2352 1308 eminentibus
2379 1255 2581 1309 sanctis
2613 1255 2788 1309 nitore
2824 1254 3048 1324 justitire
3074 1258 3373 1315 candidatis
3404 1277 3576 1330 usque

1985 1345 2051 1396 ad
2091 1355 2402 1414 peccatores
2474 1357 2526 1400 ct
2570 1348 2748 1418 lapsos
2786 1359 2946 1418 atque
2988 1352 3054 1404 ad
3107 1353 3436 1417 pmnilentim
3481 1353 3577 1408 de-

1985 1450 2130 1493 mum
2168 1434 2402 1491 lamenta
2451 1453 2758 1492 conversos.
2815 1439 2950 1494 lliuc
2994 1443 3246 1511 estquod
3285 1444 3573 1514 sequitur:

1990 1549 2010 1581 ι
2049 1530 2314 1586 Disseruit
2341 1539 2394 1586 et
2423 1529 2820 1600 (lojumentisu
2847 1541 3156 1586 sanctormn
3189 1533 3396 1589 scilicet
3426 1534 3577 1604 adju-

1985 1620 2218 1685 toribns,
2248 1623 2531 1676 catholicis
2573 1623 2703 1677 viris
2731 1665 2744 1688 ,
2789 1645 2804 1675 ι
2853 1634 2906 1680 et
2946 1624 3012 1680 de
3046 1622 3378 1690 volucribus,
3426 1642 3448 1679 ι
3480 1624 3577 1681 1ιο-

1983 1711 2218 1765 minihus
2247 1713 2500 1766 nimirum
2549 1729 2646 1782 per
2674 1725 2859 1768 sancta
2911 1717 3176 1772 desideria
3227 1719 3290 1771 ad
3339 1733 3574 1789 superna

291 1810 316 1842 ι
361 1792 485 1848 Haec
509 1795 691 1849 omnia
740 1796 948 1851 locutus
978 1809 1063 1853 est
1102 1798 1258 1854 Iesus
1290 1801 1345 1853 in
1372 1802 1644 1870 parabolis
1673 1804 1737 1857 ad
1773 1814 1884 1859 tur-
1915 1792 1958 1851 Β
1986 1802 2290 1871 suspensis;
2364 1822 2382 1852 ε
2441 1811 2491 1855 et
2536 1803 2601 1856 de
2664 1805 2944 1872 rrptiiibus
2989 1817 3042 1862 ct
3085 1808 3361 1877 piscibus,
3405 1829 3421 1858 ο
3474 1810 3578 1864 hoc

293 1884 412 1948 bas,
462 1893 517 1940 et
563 1886 680 1940 sine
730 1887 1000 1957 parabolis
1035 1906 1138 1942 non
1193 1889 1512 1959 loquebatur
1558 1893 1878 1963 eis(Matt/z.

287 1977 401 2046 xv).
463 1994 482 2027 ι
527 1976 693 2044 Cujus
734 1979 900 2032 etiam
945 1983 1188 2034 carmina
1237 1982 1474 2051 quinque
1511 1984 1679 2039 millia
1734 1998 1879 2051 sunt,

285 2067 416 2136 quia
451 2069 654 2123 chorus
709 2071 1003 2140 virginum,
1053 2089 1174 2143 quae
1223 2077 1322 2130 sub
1365 2077 1618 2146 quinario
1658 2090 1884 2135 lllllllCl‘O

285 2158 693 2226 describuntur,
719 2171 845 2216 ante
883 2164 1132 2218 thronum
1169 2164 1306 2232 ejus,
1359 2167 1500 2223 sicut
1542 2169 1777 2226 Joannes
1827 2173 1880 2226 in

286 2249 611 2322 Apocalypsi
646 2254 776 2309 dicit
808 2256 990 2324 (Apoc.
1028 2258 1128 2327 ιιι),
1154 2261 1429 2314 canticum
1462 2277 1656 2316 novum
1678 2262 1883 2336 jugiter

286 2343 632 2410 modulatur;
666 2345 748 2399 vel
789 2348 910 2416 quia
939 2351 1175 2419 quinque
1203 2362 1332 2406 sunt
1358 2354 1578 2409 vulnera
1613 2354 1879 2410 Dominici

284 2437 553 2506 corporis,
590 2439 786 2507 quibus
825 2455 925 2508 per
951 2442 1263 2499 universum
1312 2447 1497 2501 orbem
1542 2449 1882 2519 triumphalis

283 2523 404 2593 ejus
423 2527 647 2582 victoria
675 2521 1020 2599 prtedicatur,
1046 2534 1145 2588 sub
1169 2535 1356 2590 eodem
1386 2553 1612 2592 numero
1633 2540 1876 2594 carmina

285 2627 669 2688 Supputanlur,
701 2622 802 2676 sub
828 2638 934 2692 quo
959 2633 1214 2680 tenentur
1248 2636 1302 2680 et
1345 2629 1586 2692 vulnera,
1620 2647 1718 2700 per
1760 2648 1880 2701 quae

288 2707 516 2763 victoria
546 2711 838 2781 singularis
871 2713 1043 2769 laudis
1084 2725 1303 2772 ceterum
1332 2719 1557 2788 gloriam
1607 2737 1879 2790 promere-

288 2804 396 2853 tur.
423 2797 573 2853 Unde
613 2817 735 2854 cum
768 2803 817 2856 in
851 2803 1092 2860 Canticis
1135 2807 1329 2860 dicitur
1360 2825 1374 2862 :
1406 2827 1425 2860 ‹
1464 2810 1654 2882 Surge,
1705 2813 1879 2868 amica

285 2902 432 2952 mea,
458 2905 654 2959 sponsa
684 2907 823 2958 mea,
853 2902 906 2947 et
935 2894 1082 2959 veni,
1123 2897 1371 2952 cohnnba
1406 2916 1546 2966 mea,
1573 2902 1624 2955 in
1662 2902 1900 2970 forami-V

285 2978 446 3034 nibus
473 2989 662 3050 petrzc,
686 2992 740 3037 et
764 2983 815 3036 in
847 2999 1074 3039 caverna
1099 2989 1346 3042 maceria:
1372 3007 1386 3053 ;
1425 3011 1441 3040 ι
1462 2993 1708 3059 protinus
1730 2995 1880 3048 addi-

288 3080 416 3123 tur:
447 3090 464 3120 ι
496 3070 730 3126 Ostende
778 3074 907 3127 mihi
933 3073 1123 3129 faciem
1146 3086 1495 3141 tuam,sonet
1543 3097 1640 3136 vox
1692 3092 1778 3137 tua
1822 3085 1877 3139 in

283 3158 507 3212 auribus
547 3161 700 3226 meis,
748 3163 872 3228 quia
915 3180 1015 3218 vox
1041 3173 1131 3219 tua
1165 3165 1268 3219 dull
1291 3168 1332 3222 is
1363 3169 1535 3238 (Cant.
1563 3174 1641 3240 ιι).
1680 3192 1698 3224 ι
1734 3173 1876 3230 Sane
1907 3141 1952 3200 Ο

281 3246 413 3316 quia
448 3262 551 3302 non
582 3248 695 3304 lucc
723 3260 912 3306 exacte
943 3261 1262 3321 tractamus,
1298 3259 1390 3311 sed
1431 3260 1705 3316 succincte
1729 3263 1872 3318 cele-

284 3339 527 3409 riterque
573 3343 1025 3409 transcurrimus,
1073 3348 1304 3408 suﬁiciat
1353 3351 1533 3406 dicere
1585 3329 1711 3423 qiuia
1751 3372 1873 3411 cum

281 3441 440 3503 petra
467 3434 536 3487 sit
555 3433 828 3501 Christus,
854 3436 1121 3493 foramina
1145 3450 1310 3510 pelrzc
1331 3443 1690 3517 procul855
1712 3447 1875 3503 dubio

285 3533 414 3579 sunt
441 3524 707 3580 Dominici
743 3530 985 3599 corporis
1012 3531 1314 3588 cicatrices.
1350 3533 1455 3589 Sed
1483 3550 1604 3590 cum
1634 3548 1755 3608 post
1782 3540 1877 3592 hu-

280 3613 372 3686 jus
412 3625 581 3684 petrae
609 3615 872 3672 foramina
901 3620 1074 3675 dulcis
1116 3637 1214 3677 vox
1245 3638 1455 3691 sponsae
1484 3625 1535 3678 in
1567 3628 1747 3697 sponsi
1779 3643 1872 3682 au-

287 3706 446 3761 ribus
487 3722 683 3762 sonare
712 3710 1062 3780 prtecipilur;
1093 3714 1219 3782 quid
1258 3714 1402 3770 aliud
1435 3731 1596 3786 quam
1637 3719 1874 3788 quinque

280 3794 603 3851 vulneribus
646 3798 747 3852 sub
794 3801 982 3854 eodem
1040 3803 1291 3872 quinario
1345 3821 1570 3862 numero
1628 3811 1873 3866 carmina

284 3885 503 3940 laudum
543 3887 772 3945 reddere
809 3891 894 3960 pia
917 3892 1168 3961 quaslibet
1195 3895 1395 3962 anima,
1428 3897 1508 3951 vel
1534 3909 1724 3955 sancta
1747 3901 1872 3956 uni-

279 3977 517 4032 versalis
551 3978 790 4035 Ecclesia
836 3993 1230 4051 commouetur,
1257 3995 1315 4040 ut
1343 3985 1582 4055 ejusdem
1611 3993 1873 4060 quodam-

278 4069 446 4122 modo
476 4071 684 4124 numeri
713 4073 957 4127 carmina
993 4071 1214 4140 referat,
1245 4087 1380 4145 quot
1406 4093 1506 4149 pro
1537 4095 1594 4134 se
1620 4094 1872 4154 suscepta

278 4157 502 4212 vulnera
525 4175 629 4215 non
652 4161 862 4231 ignorat
889 4179 904 4229 ;
935 4163 1116 4234 illique
1137 4175 1361 4222 cunctos
1383 4170 1465 4224 sui
1488 4173 1733 4241 corporis
1750 4189 1873 4228 seu-

277 4261 379 4305 sus
389 4249 620 4315 dedicet,
639 4266 798 4322 quem
815 4255 1032 4309 totidem
1048 4272 1146 4327 pro
1167 4272 1225 4313 se
1244 4261 1546 4316 sauciatum
1564 4263 1872 4320 vulneribus

280 4340 462 4394 videt?
485 4340 732 4413 Quinque
749 4345 1003 4400 nimirum
1024 4355 1332 4404 nostrorum
1356 4365 1609 4410 sensuum
1625 4353 1868 4418 vulnera,

277 4427 392 4486 illis
418 4431 657 4502 quinque
697 4434 964 4490 Dominici
991 4441 1234 4509 corporis
1260 4443 1605 4500 cicatricibus
1634 4457 1759 4500 sunt
1786 4462 1872 4502 sa-

1985 1901 2068 1946 est
2122 1895 2187 1946 de
2235 1894 2318 1947 his
2359 1893 2448 1962 qni
2499 1902 2684 1962 pectus
2745 1898 3192 1967 concupiscentia:
3238 1914 3331 1970 per
3372 1909 3573 1954 terram

1986 1983 2228 2045 tralmnt,
2269 1991 2323 2035 et
2368 1982 2457 2050 qui
2490 1999 2586 2052 per
2615 1984 2953 2040 saecularium
2986 1988 3320 2058 negotiorum
3373 1988 3576 2044 ﬂuenta

1983 2084 2263 2141 vagantur.
2301 2074 2505 2128 Dicitur
2548 2077 2712 2130 etiam
2753 2079 2897 2147 quod
2930 2080 3270 2148 przeccdchat
3309 2082 3577 2150 sapientia

1984 2161 2290 2217 Salomonis
2311 2165 2631 2233 sapientiam
2657 2170 2898 2223 omnium
2933 2169 3288 2226 Orientalium
3319 2182 3374 2228 et
3402 2173 3572 2246 Egy-

1983 2256 2216 2325 ptiorum
2242 2299 2258 2322 ,
2309 2259 2432 2327 quia
2479 2259 2731 2315 nimirum
2768 2263 3095 2334 Redemptor
3133 2275 3319 2319 noster
3353 2276 3576 2336 superat

1981 2347 2313 2402 intellectum
2341 2359 2395 2402 et
2427 2351 2738 2418 angelorum
2779 2362 2834 2406 et
2869 2353 3169 2408 hominum.
3214 2354 3458 2410 Habebat
3486 2355 3577 2410 ille

1981 2437 2337 2506 quadraginta
2387 2439 2550 2494 millia
2590 2442 2850 2512 praesepia
2895 2458 3159 2513 equorum
3210 2445 3490 2500 euri-ilium
3521 2455 3579 2501 et

1982 2527 2262 2583 duodecim
2289 2529 2454 2584 millia
2488 2533 2842 2601 equestrium.
2869 2532 3006 2599 Quid
3039 2549 3135 2604 per
3162 2537 3576 2606 quateruarium

1981 2636 2294 2686 numerum,
2318 2621 2422 2677 nisi
2446 2624 2703 2694 quadriga
2726 2626 3068 2695 praestruitnr
3083 2627 3579 2698 evangelistarum?

1984 2711 2049 2765 Et
2083 2702 2213 2780 quid
2254 2728 2351 2783 per
2389 2713 2800 2783 duodenarium,
2844 2716 2946 2786 pisi
2987 2729 3208 2772 senatus
3254 2719 3579 2787 exprimitur

1981 2802 2392 2872 apostolorum?
2421 2803 2524 2859 Per
2561 2806 2861 2861 doctrinam
2893 2808 3090 2878 quippe
3128 2797 3577 2879 evangelicam'et

1982 2894 2331 2960 apostolicam
2360 2904 2606 2950 vectatur
2641 2895 2899 2953 Dominus
2938 2915 3031 2967 per
3059 2900 3363 2954 universam
3388 2899 3574 2957 latitu-

1982 2982 2164 3038 dinem
2214 2985 2363 3040 orbis
2415 2994 2701 3041 terrarum.
2756 3006 2772 3038 ι
2808 2988 3010 3043 Curras
3057 2990 3199 3044 enim
3253 2991 3342 3044 Dei
3388 2991 3574 3046 decem

1985 3074 2218 3129 millibus
2272 3075 2572 3147 multiplex,
2614 3079 2779 3133 millia
2832 3080 3158 3145 laztantium,
3214 3080 3473 3138 Dominus
3518 3084 3574 3138 in

1984 3165 2083 3229 eis,
2115 3165 2168 3220 in
2200 3165 2328 3221 Sina
2362 3168 2412 3221 in
2446 3179 2633 3224 sancto
2663 3168 2836 3240 (l’sal.
2869 3173 3058 3241 vau).
3095 3191 3112 3222 ι
3149 3171 3283 3226 Nam
3327 3175 3455 3244 quia
3485 3174 3572 3229 Si-

1985 3272 2052 3310 na
2080 3257 2386 3312 ntandatum
2423 3259 2829 3330 interpretatur,
2892 3271 3102 3318 constat
3130 3263 3182 3317 in
3212 3264 3293 3319 eis
3339 3273 3575 3320 tantum-

1982 3348 2145 3404 modo
2174 3350 2376 3404 vectari
2428 3350 2734 3417 Dominum,
2771 3353 2857 3408 ubi
2891 3354 2948 3408 fit
2978 3354 3278 3410 caelestium
3313 3357 3570 3415 observa-

1984 3441 2058 3496 tio
2083 3443 2480 3498 mandatorum.

2051 3531 2357 3587 Notandum
2382 3547 2562 3589 autem
2617 3537 2742 3606 quia
2773 3539 2913 3593 sicut
2941 3555 3164 3610 regnum
3189 3539 3380 3606 David,
3405 3541 3573 3614 856

1981 3624 2072 3695 qui
2096 3632 2172 3679 tot
2203 3627 2471 3695 pressaris
2496 3630 2736 3686 attritus.
2766 3631 3049 3687 Dominum
3081 3633 3396 3704 designatio
3422 3652 3573 3690 mor--

1981 3715 2106 3769 talis
2133 3715 2308 3770 adhuc
2335 3717 2458 3770 vitae
2493 3719 2668 3772 stadio
2715 3719 3083 3786 laborantem,
3138 3723 3216 3778 sic
3265 3723 3572 3779 Salomonis

1983 3805 2138 3860 istius
2163 3806 2600 3875 incomparabilis
2629 3810 2794 3876 gloria
2833 3814 3142 3883 przeligurat
3181 3815 3431 3870 eumdem
3463 3814 3573 3870 Do-

1980 3896 2184 3950 minum
2213 3907 2334 3964 post
2371 3898 2553 3953 mundi
2587 3900 2743 3954 linem
2772 3901 2822 3954 in
2852 3903 3062 3970 paterni
3100 3902 3350 3957 culminis
3399 3902 3568 3970 maje—

1978 3995 2119 4041 state
2149 3995 2480 4056 regnantem.
2539 3987 2689 4043 lI-nde
2737 3990 2842 4045 illic
2883 3993 3083 4045 dicitur
3124 3993 3248 4060 quia
3296 4008 3402 4049 non
3452 4001 3572 4047 erat

1977 4087 2280 4147 argentum,
2313 4093 2416 4133 nec
2450 4079 2609 4134 ullius
2635 4081 2793 4150 pretii
2822 4083 3111 4152 putabatur
3143 4084 3194 4137 in
3234 4084 3425 4140 diebus
3467 4085 3568 4140 Sa-

1979 4169 2228 4224 lomonis.
2253 4169 2406 4236 Quod
2437 4171 2689 4226 nimirum
2718 4175 2986 4241 quomodo
3010 4174 3163 4242 juxta
3191 4175 3424 4230 litteram
3455 4185 3565 4231 sta»

1978 4261 2078 4325 bit,
2107 4271 2166 4314 ut
2188 4262 2333 4315 credi
2364 4261 2540 4315 valeat
2570 4272 2808 4332 tempore
2836 4263 3140 4320 Salomonis
3166 4279 3449 4336 argenturm
3478 4268 3566 4321 vel

1979 4352 2195 4421 penitus
2223 4367 2326 4405 non
2356 4350 2545 4418 fuisse,
2571 4368 2634 4409 ac
2663 4370 2760 4424 per
2788 4355 2892 4411 hoc
2916 4359 3138 4412 omnino
3173 4359 3239 4414 de
3288 4368 3430 4413 terra
3475 4347 3568 4416 de—

1977 4443 2166 4509 letum,
2192 4443 2274 4498 vel
2297 4444 2493 4500 nullius
2517 4447 2773 4515 perexilis
2820 4449 3010 4504 saltem
3037 4450 3192 4519 pretii
3216 4452 3570 4508 constiti-se?

279 4529 435 4576 nata.
477 4521 630 4589 Quod
671 4531 854 4579 autem
897 4508 1154 4583 Salomon
1203 4546 1365 4601 super
1395 4533 1553 4605 lignis
1601 4551 1631 4590 a
1676 4539 1870 4602 cedro,
1905 4508 1951 4568 ί)
1978 4532 2112 4588 Nam
2141 4508 2186 4589 si
2224 4533 2423 4590 nullius
2451 4508 2570 4590 erat
2605 4537 2796 4607 pretii,
2829 4537 2970 4593 sicut
2997 4508 3194 4595 dicitur
3215 4582 3230 4606 ,
3261 4555 3391 4612 ergo
3420 4541 3568 4597 mille

283 4628 410 4682 qua:
440 4622 521 4668 est
555 4614 607 4668 in
636 4613 867 4680 Libano,
890 4633 1061 4688 usque
1089 4621 1154 4673 ad
1181 4621 1496 4693 hyssopum,
1519 4641 1638 4695 quae
1659 4628 1872 4698 egredi-

283 4710 378 4755 tur
403 4702 469 4757 de
498 4704 725 4773 pariete,
757 4706 1059 4776 disputasse
1089 4709 1306 4777 dicitur,
1345 4715 1430 4769 hic
1475 4719 1781 4772 necessario
1805 4720 1873 4775 ad

279 4791 618 4862 spiritualem
668 4795 964 4852 remittitur
1006 4799 1370 4869 intellectum,
1399 4820 1520 4860 cum
1567 4807 1873 4865 nullatenus

279 4894 428 4937 stare
455 4883 630 4939 valeat
671 4887 988 4955 superficies
1034 4889 1356 4946 litterarum.
1405 4893 1680 4966 Hyssorius
1728 4900 1873 4954 enim

283 4989 625 5044 nequaquam
654 4978 1046 5050 tle-parietibus
1068 4985 1268 5051 egredi,
1298 4986 1392 5041 sed
1418 4989 1486 5042 de
1517 4992 1724 5048 saxosis
1751 5009 1870 5050 cer-

280 5067 432 5121 nitur
455 5069 725 5124 montibus
753 5072 1078 5156 germinare.
1113 5074 1298 5131 Paries
1327 5079 1508 5150 itaque
1538 5092 1724 5138 noster
1752 5085 1867 5156 ipsa

277 5158 629 5214 mortalitatis
675 5149 1161 5219 nostrteconditio
1203 5176 1306 5234 est,
1354 5149 1474 5239 qua:
1516 5188 1616 5228 nos
1667 5190 1696 5229 a
1741 5149 1871 5232 con-

277 5249 629 5318 templatione
664 5253 980 5319 conditoris,
1027 5255 1173 5310 velut
1221 5259 1416 5314 abditae
1457 5263 1646 5318 domus
1680 5266 1862 5321 obsta-

275 5339 458 5396 culum
493 5341 721 5406 dividit,
758 5355 812 5399 et
871 5344 922 5398 in
976 5348 1079 5400 ima
1132 5350 1385 5418 proclivis
1415 5353 1688 5412 declinare
1719 5374 1868 5415 com-

277 5429 450 5498 pellit.
487 5448 504 5478 α
537 5429 745 5499 Corpus
786 5432 929 5486 enim
977 5436 1121 5504 quod
1173 5443 1558 5511 corrmnpitur,
1613 5458 1874 5517 aggravat

275 5519 558 5584 animam,
605 5529 661 5575 et
707 5522 961 5590 deprimit
1010 5535 1223 5583 terrena
1283 5531 1601 5589 inhabitatio
1649 5552 1870 5594 sensum

277 5610 450 5662 multa
489 5611 813 5679 cogitantem
847 5611 1000 5683 (Sap.
1027 5614 1124 5685 ix).
1171 5636 1188 5668 ι
1242 5617 1316 5674 Ex
1352 5621 1451 5675 hoc
1485 5636 1616 5692 ergo
1662 5628 1871 5694 pariete

279 5697 546 5766 hyssopus
571 5698 865 5764 egreditur,
911 5699 1037 5766 quia
1066 5703 1131 5757 de
1168 5703 1452 5774 fragilitate
1486 5719 1684 5767 nostra:
1727 5731 1870 5769 mor-

279 5786 506 5840 talitatis
531 5788 783 5855 ernmpit,
812 5790 953 5857 quod
981 5803 1196 5861 semper
1230 5811 1452 5854 necesse
1478 5808 1561 5855 est
1581 5800 1726 5858 ferro
1749 5819 1864 5874 pa:-

693 5877 967 5938 Ριιτιιοι..
1003 5898 1243 5957 υχην,

1978 4623 2177 4680 talenta
2199 4625 2408 4695 argenti
2437 4642 2502 4682 ne
2535 4627 2693 4683 unius
2721 4629 2938 4698 quidem
2970 4640 3226 4700 poterunt
3247 4633 3332 4687 ovi
3365 4648 3565 4704 appen-

1977 4716 2069 4772 dio
2104 4718 2404 4788 Supputari.
2453 4720 2604 4786 Quod
2651 4736 2781 4777 sane
2822 4723 3010 4789 credi,
3057 4741 3216 4795 quam
3267 4725 3518 4782 frivolum
3547 4766 3562 4791 ,

1979 4822 2144 4877 quam
2175 4807 2420 4862 videatur
2449 4809 2711 4881 ineptum,
2741 4812 2856 4882 ipse
2880 4815 3108 4869 revincit
3128 4823 3325 4878 textus,
3351 4826 3405 4870 et
3424 4817 3560 4870 ordo

1977 4897 2290 4962 verborum,
2321 4899 2409 4967 qui
2453 4909 2738 4970 postquam
2768 4902 3086 4972 prmmittit:
3125 4924 3142 4954 ι
3176 4905 3296 4984 plen
3327 4915 3446 4960 erat
3474 4922 3567 4960 ar-

1979 4999 2219 5057 gentum,
2253 5004 2350 5042 nec
2382 4989 2542 5044 ullius
2570 4992 2728 5063 pretii
2775 4993 3069 5063 putabatur
3097 4996 3147 5049 in
3180 4997 3369 5051 diebus
3412 4997 3566 5054 Salo-

1979 5077 2190 5142 monis;
2224 5097 2242 5130 ι
2270 5089 2468 5148 praesto
2498 5081 2774 5154 subjungit
2799 5097 2813 5136 :
2840 5101 2857 5134 ‹
2884 5085 3011 5155 quia
3055 5085 3244 5140 classis
3296 5087 3438 5157 regis
3467 5105 3563 5158 per

1977 5184 2125 5223 mare
2154 5185 2274 5224 cum
2305 5170 2482 5225 classe
2511 5171 2691 5226 [liram
2725 5174 2888 5229 semel
2920 5192 3016 5244 per
3057 5186 3168 5232 tres
3214 5194 3382 5233 annos
3415 5180 3565 5235 ibant

1973 5261 2220 5326 Tharsis,
2253 5261 2502 5318 deferens
2525 5265 2648 5321 inde
2674 5282 2863 5321 aurum
2892 5279 2948 5323 et
2978 5281 3259 5340 argentum
3289 5272 3413 5344 (ΙΙΙ
3437 5274 3561 5344 Reg.

1975 5351 2052 5418 ιι).
2096 5373 2113 5404 ι
2149 5352 2259 5407 Cur
2285 5355 2428 5408 enim
2469 5371 2564 5426 per
2594 5365 2672 5412 tot
2702 5359 2906 5414 marina
2947 5361 3257 5418 discrimina
3283 5366 3560 5420 metallum

1974 5444 2077 5499 hoc
2105 5440 2294 5500 classis
2326 5445 2414 5500 illa
2451 5446 2704 5514 deferret,
2742 5452 2884 5519 quod
2929 5454 3161 5522 pretium
3205 5456 3422 5526 penitus
3454 5474 3560 5512 non

1974 5535 2242 5590 haberet?
2267 5536 2331 5589 Et
2363 5537 2520 5606 paulo
2562 5548 2681 5609 post
2729 5542 2927 5597 dicitur
2962 5545 3086 5614 quia
3124 5565 3141 5598 ι
3199 5544 3562 5602 offerebantur

1972 5629 2021 5683 ei
2062 5643 2192 5684 vasa
2221 5643 2384 5683 aurea
2409 5639 2463 5685 et
2495 5643 2746 5702 argentea
2773 5633 2980 5706 (Ibid).
3014 5657 3033 5690 ι
3070 5639 3271 5693 Deinde
3295 5640 3560 5694 subinfer-

1974 5730 2060 5775 tur
2116 5721 2240 5790 quia
2293 5739 2310 5773 ι
2354 5715 2731 5794 egrediebatur
2769 5730 3026 5801 quadriga
3054 5747 3121 5785 ex
3150 5730 3387 5804 {Egypto
3434 5747 3557 5785 sex-

1975 5812 2150 5868 centis
2180 5812 2327 5868 siclis
2371 5817 2605 5886 argenti,
2645 5827 2697 5874 et
2735 5820 2888 5890 equis
2923 5831 3137 5877 centum
3169 5823 3556 5895 quinquaginta

3160 5916 3240 5976 26
