4138 6320
636 388 732 443 8H

1106 390 1165 447 S.
1202 391 1403 449 PETRI
1438 392 1721 448 DAMlANl
1745 392 1896 448 OPP.
1935 390 2170 448 TOMUS
2207 389 2339 447 SEU
2381 390 2560 447 PARS
2596 390 2684 447 III.
2706 392 3154 450 —OPUSCULA
3202 394 3425 450 VARlA.

3762 352 3908 456 ⁸8ίέ

558 540 563 547 .
637 498 755 567 (III
781 497 903 570 Reg.
944 500 1021 570 ιι).
1056 521 1077 553 ο
1108 500 1225 556 Non
1260 518 1390 573 ergo
1431 504 1605 574 pretio
1648 504 1866 559 carebat
1900 514 2206 575 argentum,
2237 508 2285 568 Α
2315 518 2502 573 puram
2532 517 2689 558 sacco
2708 511 2759 559 et
2785 520 2978 560 manus
3001 522 3122 576 quas
3148 507 3200 561 in
3223 507 3438 563 modum
3479 509 3747 567 columba:
3780 511 3911 584 [co-

635 605 743 658 quo
765 591 1005 646 vehicula
1028 593 1432 647 redimebantur
1451 610 1728 664 equorum.
1749 595 1855 650 Sed
1874 603 2098 663 argento
2117 594 2212 649 de-

634 680 885 748 signatur
912 682 1131 736 claritas
1162 683 1546 739 ecelesiasticte
1574 686 1988 755 praedicationis,
2013 686 2079 741 de
2105 702 2210 756 qua

632 768 830 822 dicitur
858 787 871 822 :
900 790 918 821 ι
952 770 1177 840 Eloquia
1204 773 1437 837 Domini,
1475 774 1686 844 eloquia
1734 784 1881 830 casta
1928 787 2210 846 argentum

632 848 806 920 (Paul.
841 854 954 925 XI).
997 875 1016 906 ι
1071 856 1224 921 Quod
1276 858 1522 913 videlicet
1568 868 1769 914 sanctae
1816 862 2213 928 praedicationis

631 953 935 1011 argentum,
967 946 1184 1012 nullius,
1212 955 1271 1000 ut
1298 948 1369 1001 ita
1391 948 1601 1017 loquar,
1634 950 1792 1018 pretii
1824 952 2208 1018 rcputabimus,

628 1047 732 1087 nec
780 1034 1122 1105 aliquatenus
1168 1038 1369 1093 erimus
1412 1038 1528 1107 ejus
1578 1039 1777 1108 indigi,
1826 1049 2109 1109 postquam
2141 1042 2210 1095 ad

635 1122 751 1175 veri
779 1121 1088 1178 Salomonis
1131 1141 1351 1195 regnum
1390 1140 1456 1180 ex
1487 1127 1589 1181 ltac
1620 1126 1881 1182 fuerimus
1908 1128 2212 1183 calamitate

632 1211 899 1265 translati.
948 1212 1065 1268 Non
1111 1216 1254 1269 enim
1308 1226 1436 1271 tunc
1482 1218 1882 1286 praedicationis
1911 1219 2211 1289 indigemus

521 1296 540 1315 ’
581 1372 586 1376 η
628 1299 866 1369 eloquio,
891 1302 982 1356 ubi
1008 1303 1168 1357 datur
1190 1305 1245 1358 iu
1273 1307 1465 1361 decore
1494 1322 1593 1361 suo
1638 1322 1819 1377 regem
1850 1308 2033 1379 gloriae
2076 1310 2212 1365 l'acie

628 1394 698 1446 ad
727 1393 920 1451 {aciem
941 1412 1186 1462 eernere.
1218 1416 1379 1470 quem
1407 1401 1592 1472 utique
1614 1405 1995 1460 consuevimus
2019 1420 2085 1460 ex
2115 1421 2211 1461 ore

580 1554 589 1562 .
631 1484 1004 1551 przedicatoris
1028 1489 1232 1543 audire.
1263 1490 1418 1545 Sicut
1440 1507 1534 1561 per
1558 1494 1875 1563 prophetam
1924 1495 2209 1563 pollicetur

626 1574 909 1644 Dominus,
931 1580 1117 1636 dicens
1149 1596 1165 1634 :
1193 1600 1211 1633 ι
1245 1582 1413 1638 Nemo
1435 1584 1578 1639 dicet
1602 1603 1616 1637 :
1637 1586 1883 1657 Aguosce
1903 1587 2208 1652 Dominum,

624 1679 815 1721 omnes
836 1667 980 1722 enim
1006 1680 1334 1739 cognoscent
1359 1686 1465 1737 me,
1497 1687 1526 1726 a
1557 1674 1796 1729 maximo
1818 1690 1988 1745 usque
2018 1675 2085 1731 ad
2114 1677 2211 1731 mi-

623 1751 854 1821 nimum,
888 1756 1020 1812 dicit
1048 1758 1310 1815 Dominus
1336 1760 1472 1830 (Jer.
1509 1761 1614 1830 XI).
1653 1782 1673 1815 ι

1242 1852 1325 1908 CA
1338 1852 1469 1908 PUT
1520 1853 1605 1908 Ill.

1116 1943 1328 1996 Amovet
1355 1942 1713 2011 objectionem.

691 2019 801 2077 Sed
850 2024 989 2082 forte
1036 2029 1158 2097 quis
1197 2040 1404 2087 asserat
1447 2032 1741 2102 Scriptura:
1785 2036 1948 2090 verba
1990 2052 2089 2093 nos
2139 2041 2207 2094 ad

579 2110 585 2115 ’
625 2121 873 2168 nostrum
926 2117 1255 2174 intellectum
1297 2120 1564 2177 violenter
1600 2122 1909 2191 inﬂectere;
1962 2136 2017 2182 et
2065 2130 2209 2201 quod

623 2200 879 2258 Salomon
909 2206 974 2260 de
1002 2222 1063 2262 se
1088 2208 1302 2264 videtur
1325 2226 1595 2277 asserere,
1621 2214 1687 2266 ad
1725 2214 2058 2270 Salvatorem
2086 2200 2212 2288 per-

619 2295 1141 2367 hibeatspecialiter
1179 2319 1277 2374 per
1301 2307 1481 2361 omnia
1514 2309 1807 2376 pertinere.
1844 2310 1998 2367 Dicat
2028 2313 2210 2384 itaque

619 2384 778 2454 hujus
804 2388 1124 2457 objectionis
1163 2407 1403 2450 assertor
1447 2413 1553 2469 qua
1601 2398 1875 2454 Salomoni
1919 2402 2098 2459 valeat
2122 2421 2211 2459 ra-

618 2477 766 2533 tione
790 2491 1099 2550 competere
1123 2487 1265 2554 quod
1288 2489 1440 2556 quasi
1470 2491 1536 2545 de
1564 2505 1624 2546 se
1646 2490 1813 2546 dicit:
1845 2511 1865 2543 ι
1903 2493 2044 2566 Deus
2065 2496 2207 2552 enim

624 2567 775 2622 dedit
823 2572 953 2625 mihi
1010 2573 1201 2629 horum
1249 2593 1369 2647 quae
1418 2588 1542 2635 sunt
1589 2583 1872 2638 scientiam
1924 2600 2107 2641 veram
2152 2598 2212 2643 ut

619 2655 790 2710 sciam
823 2658 1230 2728 dispositionem
1275 2665 1424 2721 orbis
1453 2676 1716 2724 terrarum
1753 2680 1809 2727 et;
1844 2673 2077 2730 virtutes
2103 2675 2211 2732 ele-

618 2756 946 2818 mentorum,
974 2753 1182 2810 initium
1213 2766 1267 2813 et
1288 2764 1806 2820 consummationem
1848 2776 1903 2822 et
1944 2769 2206 2826 medieta-

619 2841 727 2888 tem
795 2834 1143 2910 temporum,
1196 2846 1627 2905 vicissitudinum
1675 2858 2096 2922 permutationes
2153 2868 2211 2915 et

617 2931 1069 2988 commutationes
1096 2936 1397 3006 hominum,
1432 2942 1558 2996 anni
1603 2958 1795 3000 cursus
1837 2954 1893 3001 et
1931 2949 2208 3006 stellarum

614 3015 1019 3089 dispositiones,
1052 3036 1273 3083 naturas
1313 3030 1627 3086 animalium
1655 3043 1710 3089 et
1739 3035 1850 3092 iras
1876 3037 2202 3108 bestiarum,

584 3096 587 3101 ’
619 3105 725 3160 vim
757 3118 1039 3166 ventorum
1066 3124 1121 3169 et
1157 3117 1516 3188 cogitationes
1546 3120 1848 3189 hominum,
1874 3134 1929 3181 et
1955 3096 2211 3197 quaecun;

2317 593 2532 665 lumnm]
2564 603 2777 664 gestare
2820 607 3177 652 consueverat
3230 609 3523 669 sceptrum.
3555 604 3748 659 attrita
3784 606 3910 675 jam

2312 688 2432 734 erat
2460 691 2673 750 portare
2702 682 3034 751 psalterium.
3071 684 3298 751 Revera,
3329 689 3478 756 quia,
3525 708 3545 740 ι
3573 694 3754 747 omnis
3778 694 3909 762 glo-

2315 770 2393 822 ria
2424 770 2545 822 tilizc
2576 786 2759 841 regum
2796 773 2864 825 ab
2897 774 3042 841 intus
3069 774 3243 840 (Paul.
3275 779 3423 847 xuv)
3450 797 3463 832 :
3501 799 3521 831 ι
3549 784 3907 839 vernantium

2312 857 2477 912 decor
2505 859 2594 912 illc
2625 875 2980 928 gemmarum,
3004 873 3059 918 et
3082 868 3481 922 coruscantium
3510 886 3644 926 auro
3666 876 3911 929 vestium

2311 948 2512 1012 cultus,
2538 950 2648 1019 jam
2678 951 2747 1004 ad
2792 952 3052 1007 interiora
3096 956 3477 1024 migraverant,
3504 971 3562 1016 et
3598 963 3652 1015 in
3695 965 3910 1019 occulti

2312 1040 2669 1108 speculatoris
2711 1043 2991 1098 obtutibus
3033 1045 3261 1100 interior
3284 1058 3496 1116 sponsae
3523 1053 3735 1120 species
3757 1054 3915 1110 relu-

2264 1192 2277 1203 ο
2312 1130 2491 1184 cebat.
2548 1130 2646 1186 Cui
2692 1148 2971 1203 sponsus:
3017 1154 3036 1186 ι
3085 1135 3240 1202 Tota,
3292 1140 3488 1209 inquit,
3537 1143 3764 1211 pulchra
3815 1161 3907 1209 es,

2312 1222 2489 1277 antica
2521 1240 2660 1287 mea,
2691 1236 2747 1279 et
2771 1227 2984 1283 macula
3011 1246 3116 1284 non
3140 1241 3224 1287 est
3248 1233 3301 1287 in
3333 1243 3386 1289 te
3413 1235 3586 1305 (Cant.
3615 1238 3712 1307 tv).
3753 1258 3773 1291 ι
3832 1241 3912 1295 Et

2312 1311 2507 1366 iterum
2544 1331 2558 1366 :
2598 1332 2616 1363 ι
2654 1313 2883 1370 Pulchra
2910 1333 2989 1383 es,
3019 1321 3194 1375 antica
3236 1338 3375 1388 mea,
3401 1328 3582 1381 suavis
3619 1337 3675 1382 et
3699 1330 3909 1386 decora

2312 1398 2599 1474 (Canlnt).
2640 1422 2658 1454 ι
2692 1404 2986 1461 Delicatam
3016 1424 3180 1478 porro
3212 1413 3480 1468 cervicem
3506 1415 3672 1483 illam,
3692 1434 3763 1473 ex
3790 1436 3911 1490 qua

2314 1505 2438 1545 cum
2468 1493 2760 1549 bracteolis
2790 1499 2971 1552 aureis
2999 1508 3054 1552 et
3091 1500 3440 1559 rutilantibus
3466 1508 3778 1573 margaritis
3798 1510 3911 1563 dn-

2314 1579 2442 1633 dum
2474 1596 2699 1637 murena
2751 1586 3041 1653 pendebat,
3074 1605 3220 1644 nunc
3274 1607 3462 1663 margo
3519 1594 3685 1652 lance
3732 1602 3911 1658 vestis

2279 1680 2621 1738 exasperat.
2680 1672 2830 1728 Unde
2885 1676 3119 1732 ministri
3198 1680 3441 1737 cmlestis
3503 1684 3645 1741 illitts
3709 1692 3907 1758 sponsi

2317 1758 2414 1811 tibi
2461 1760 2811 1817 blandiuntur
2856 1775 2913 1819 et
2956 1766 3142 1821 dicunt
3167 1787 3181 1822 :
3211 1789 3229 1821 ι
3263 1769 3571 1828 Murenulas
3599 1790 3796 1833 aureas
3823 1779 3909 1833 fa-

2237 1842 2284 1903 B
2315 1848 2521 1904 ciemus
2576 1853 2668 1906 tibi
2724 1856 3106 1914 vermiculatas
3166 1871 3390 1931 argento
3441 1866 3615 1935 (Cant.
3644 1870 3710 1939 t).
3757 1890 3778 1923 ι
3832 1874 3902 1927 Et

2309 1955 2543 2009 sponsus
2583 1943 2799 2001 adhuc:
2834 1965 2853 1997 ι
2908 1948 3307 2018 Coronaberis.
3366 1955 3569 2026 inquit,
3620 1961 3690 2014 de
3722 1966 3906 2033 capite

2309 2032 2540 2099 Amana,
2579 2036 2645 2092 de
2691 2038 2893 2094 vertice
2939 2039 3101 2096 Sanir
3143 2052 3199 2098 et
3244 2044 3503 2111 Hermon,
3529 2050 3595 2104 de
3632 2032 3907 2112 cubilibus

2312 2120 2554 2190 leonum,
2585 2126 2652 2182 de
2672 2130 2945 2186 montibus
2966 2134 3259 2202 pardorum
3290 2134 3468 2206 (Cant.
3503 2139 3602 2212 tv).
3641 2161 3660 2193 ι
3689 2144 3906 2203 Aman:

2310 2215 2578 2284 siquidem
2608 2236 2764 2275 mons
2787 2222 2990 2279 Ciliciae
3016 2227 3238 2293 dicitur,
3266 2230 3435 2299 quiet
3461 2230 3672 2288 Taurus
3698 2249 3730 2289 a
3749 2252 3905 2293 com-

2308 2309 2553 2379 pluribus
2581 2314 2904 2383 appellatur.
2931 2318 3095 2373 Sanir
3127 2330 3181 2375 et
3204 2320 3441 2377 Hermon
3469 2332 3631 2380 terra:
3656 2325 3906 2386 Iudaica

2310 2408 2523 2453 montes
2551 2412 2694 2467 sunt,
2726 2403 2778 2458 in
2811 2406 3007 2475 quibus
3031 2407 3211 2464 leones
3233 2419 3289 2465 et
3316 2413 3469 2481 pardi
3497 2414 3753 2470 habitare
3776 2432 3905 2474 cre-

2314 2487 2531 2543 duntur.

2913 2587 3145 2644 CAPUT
3185 2590 3273 2644 ιν.

2312 2686 2465 2753 Quod
2495 2707 2588 2761 per
2624 2692 2757 2747 bona
2787 2696 3033 2817 πονηρίαι
3057 2714 3252 2819 qorona
3289 2699 3471 2769 gloria:
3505 2704 3654 2758 nobis
3701 2722 3903 2764 cum-

3036 2784 3066 2819 a
3094 2784 3177 2819 ur.

3036 2784 3177 2822 amr.

2383 2846 2486 2902 Per
2516 2849 2615 2904 bos
2634 2863 2769 2922 ergo
2793 2862 3023 2919 montes,
3053 2871 3209 2928 reges
3260 2868 3316 2914 et
3346 2860 3617 2933 principes
3637 2865 3904 2924 diversa:-

2274 2930 2279 2935 ’
2310 2953 2415 3009 que
2457 2942 2639 2995 mundi
2679 2944 2835 3013 hujus
2858 2945 3225 3017 intelligenda:
3266 2961 3395 3006 sunt
3423 2930 3744 3023 potestates,
3776 2977 3904 3030 quae

2308 3031 2456 3085 velut
2483 3046 2694 3090 montes
2737 3052 2857 3092 sese
2895 3039 2947 3092 in
2991 3042 3259 3110 superbiae
3283 3044 3499 3101 culmen
3531 3049 3811 3114 attollunt,
3843 3061 3900 3108 et

2310 3121 2561 3189 malignis
2615 3126 2896 3193 spiritibus
2922 3138 3176 3200 tanquam
3208 3133 3389 3201 pardis
3445 3144 3608 3206 atque
3645 3138 3901 3195 leonibus

582 3194 585 3199 '
616 3216 724 3270 que
771 3213 899 3260 ειιηι
943 3207 1207 3265 absconsa
1252 3222 1307 3266 ει
1348 3213 1638 3284 improvisa
1688 3216 1849 3272 didici
1878 3194 2033 3289 (διίρ,
2064 3222 2124 3292 ι),
2176 3241 2196 3274 ,
2228 3207 2273 3268 C
2305 3208 2669 3267 habitaculum
2686 3213 2881 3270 lerunt.
2904 3217 2978 3272 De
3007 3194 3090 3274 his
3122 3231 3177 3274 tu
3200 3194 3339 3293 ergo
3361 3194 3638 3282 montibus
3662 3194 3899 3284 coma;

617 3289 751 3345 Nam
787 3304 846 3347 ut
874 3296 939 3349 de
954 3299 1167 3352 caeteris
1194 3300 1409 3356 interim
1441 3305 1721 3373 sileamus,
1748 3312 2018 3378 quomodo
2042 3328 2201 3369 nosse

582 3377 586 3381 ’
612 3382 796 3449 potuit
820 3383 1098 3441 hominum
1126 3392 1503 3460 cogitationes,
1527 3411 1649 3450 cum
1682 3377 1796 3468 ipse
1826 3399 1938 3456 Deo
1970 3404 2097 3459 alibi
2124 3406 2205 3460 di-

615 3482 741 3527 cat;
773 3494 793 3527 ι
826 3474 904 3530 Τιι
935 3479 1084 3533 solus
1123 3482 1260 3535 nosti
1293 3486 1455 3539 corda
1491 3489 1731 3543 omnium
1764 3491 1992 3547 ﬁliorum
2022 3495 2201 3549 homi-

577 3572 585 3585 ι
617 3563 792 3617 num?
822 3582 841 3615 ι
869 3564 991 3635 (ΙΙΙ
1020 3567 1143 3638 Reg.
1172 3571 1257 3642 ιι.)
1290 3571 1395 3628 Sed
1427 3575 1549 3645 quis
1575 3586 1627 3650 et
1653 3580 1916 3635 absconsa
1941 3584 2119 3639 omnia
2148 3595 2204 3641 et

616 3653 1096 3733 857improvisa
1143 3661 1351 3727 didicit,
1399 3666 1499 3720 nisi
1550 3667 1875 3740 Redemptor
1903 3685 2117 3744 noster,
2149 3678 2203 3733 in

580 3750 583 3755 ‘
617 3743 772 3812 cujus
791 3754 1009 3813 pectore
1030 3758 1154 3804 sunt
1178 3766 1365 3808 omnes
1392 3755 1625 3811 thesauri
1655 3761 1930 3830 sapientia:
1953 3774 2007 3819 et
2030 3743 2205 3821 scien-

618 3832 710 3888 tiae
737 3834 1079 3893 absconditi?
1103 3838 1239 3912 (Col.
1261 3846 1345 3911 ιι.)
1374 3844 1473 3911 Qui
1504 3846 1747 3916 profecto
1774 3866 1870 3920 per
1896 3854 2199 3911 humanita-

618 3932 726 3980 tem
753 3926 941 3983 didicit
965 3932 1106 4000 quod
1149 3948 1247 4003 per
1286 3935 1618 3993 divinitatem
1668 3942 1990 4000 naturaliter
2033 3949 2199 4003 novit.

685 4017 770 4071 Ad
802 4018 945 4076 hunc
968 4036 1098 4094 ergo
1135 4022 1477 4082 Salomonem
1510 4038 1564 4083 tu
1604 4022 1794 4102 nuper,
1824 4050 1857 4089 ο
1884 4036 2087 4106 regina,
2113 4054 2205 4095 ve-

615 4111 770 4180 nisti,
792 4130 899 4169 non
929 4124 989 4170 ut
1033 4117 1122 4173 illa
1174 4119 1518 4187 Sabaeorum,
1552 4124 1604 4178 in
1633 4127 1901 4187 curribus.
1930 4131 2202 4200 equitibus

586 4198 672 4256 ~et
696 4201 1017 4274 elephantis,
1046 4208 1138 4261 sed
1175 4208 1227 4262 in
1278 4210 1533 4283 lacrymis
1577 4215 1780 4284 putius,
1826 4198 2115 4287 gemitibus
2149 4231 2204 4277 et

615 4290 891 4347 lamentis.
942 4292 1021 4349 Tu
1054 4311 1203 4375 ergo‘
1220 4302 1485 4356 veraciter
1513 4318 1573 4357 cs
1623 4305 1806 4375 regina
1855 4305 2017 4361 Saba.
2060 4306 2203 4365 Saba

617 4380 886 4450 siquidem
935 4364 1326 4456 interpretatur
1378 4391 1615 4457 humilis,
1639 4364 1724 4448 νεῖι
1768 4398 2093 4465 campestria.
2138 4400 2204 4455 Et

616 4476 757 4532 bene
782 4482 1120 4549 campestris.
1158 4482 1213 4537 lu
1240 4499 1493 4553 campum
1524 4486 1723 4556 quippe
1756 4489 2073 4546 certaminis
2107 4492 2197 4549 de-

2309 3302 2635 3374 beris,gquia
2681 3318 2946 3377 quotquot
2997 3311 3185 3365 mundi
3232 3314 3504 3385 principes
3536 3332 3602 3372 ac
3644 3330 3901 3387 potentes

2308 3392 2375 3445 ad
2412 3391 2581 3448 Deum
2631 3408 2727 3462 per
2774 3404 2923 3450 tuum
2982 3408 3380 3456 convertuntur
3433 3407 3764 3475 exemplum,
3799 3424 3900 3478 pro

2309 3481 2394 3536 his
2423 3483 2676 3538 omnibus
2712 3496 2931 3541 acterna:
2975 3487 3161 3558 gloria:
3218 3492 3314 3548 tibi
3361 3496 3729 3551 cutuulabitur
3750 3515 3897 3568 pra:-

2308 3576 2511 3642 mium;
2542 3577 2652 3632 eris
2676 3594 2890 3649 quoque
2926 3598 3035 3636 tton
3067 3583 3227 3637 modo
3256 3593 3535 3647 coronata,
3567 3590 3662 3641 sed
3695 3597 3749 3642 et
3781 3589 3901 3658 ipsa

2306 3680 2527 3732 corona,
2551 3668 2812 3737 propheta
2842 3672 3444 3743 attestante,qni358
3475 3674 3588 3727 ait;
3628 3695 3647 3725 ε
3683 3675 3752 3729 Et
3781 3677 3897 3732 eris

2305 3772 2505 3812 corona
2531 3757 2717 3827 gloria:
2750 3761 2799 3813 in
2833 3777 2993 3815 manu
3023 3762 3257 3829 Domini,
3281 3773 3337 3819 et
3365 3766 3614 3820 diadema
3652 3769 3808 3839 regni
3838 3768 3900 3825 in

2306 3866 2467 3905 manu
2500 3848 2595 3905 Dei
2631 3852 2705 3904 ttti
2731 3850 2865 3921 (lsa.
2895 3852 3028 3925 ut).
3063 3873 3082 3906 ι

2375 3939 2644 4006 Amisisti,
2701 3942 2909 4012 regina,
2944 3943 3118 3997 virum
3158 3952 3279 4013 post
3307 3961 3467 4015 quem
3507 3947 3800 4019 dedignata
3834 3965 3900 4005 es

2282 4018 2572 4087 thalamos
2620 4033 2838 4098 iterare,
2869 4034 2954 4089 vel
2980 4037 3129 4103 proci
3169 4037 3456 4107 cujuslibet
3484 4018 3662 4094 fmdus
3691 4042 3895 4097 admit-

2306 4131 2440 4189 tere,
2461 4124 2564 4177 nisi
2598 4125 2687 4193 qui
2714 4126 2947 4193 priorem
2970 4125 3145 4179 virum
3178 4128 3577 4184 excellentioris
3602 4130 3790 4199 gloria:
3815 4133 3901 4187 di-

2303 4216 2511 4286 gnitate
2543 4218 2974 4273 transcenderet.
3012 4216 3150 4284 Quid
3187 4218 3352 4290 igitur
3382 4219 3624 4275 faceres?
3659 4220 3756 4275 Vir
3804 4223 3899 4279 ille

2304 4315 2428 4360 tuus
2453 4306 2747 4376 imperator
2775 4307 3005 4372 exstitit,
3036 4307 3196 4379 regite
3249 4309 3527 4380 dignitatis
3566 4312 3777 4380 apicem
3813 4323 3895 4368 te-

2303 4394 2441 4460 nuit,
2464 4404 2520 4449 et
2544 4397 2686 4463 quod
2735 4396 2789 4451 in
2838 4398 3150 4453 hominibus
3201 4399 3476 4470 singulare
3507 4410 3624 4466 est,
3655 4402 3897 4460 Romani

2303 4485 2513 4555 imperii
2542 4487 2913 4542 monarchiam
2944 4489 3296 4560 dispensavit.
3328 4491 3463 4557 Quia
3491 4492 3657 4563 igitur
3681 4494 3735 4548 in
3772 4505 3897 4551 tan-

580 4572 583 4575 ‘
617 4565 896 4628 scendisti,
918 4576 975 4622 ut
998 4585 1187 4625 manus
1215 4573 1463 4629 manibus
1485 4555 1772 4643 conseras;
1799 4586 1854 4632 et
1875 4593 1974 4648 pro
2002 4582 2198 4638 castris

2303 4582 2372 4628 tae
2423 4574 2757 4631 celsitudinis
2801 4593 2928 4632 arce
2958 4579 3332 4648 praaeutinuit,
3362 4597 3428 4636 eo
3454 4583 3705 4653 superior
3739 4585 3898 4657 quis-

616 4653 819 4711 Christi
860 4667 1011 4715 stans
1035 4701 1049 4725 ,
1091 4676 1196 4716 non
1232 4665 1507 4719 enerviter
1545 4682 1669 4721 cum
1724 4668 1879 4724 hoste
1920 4670 2197 4744 conﬂigas.

619 4745 847 4811 Venisti,
883 4749 1119 4819 inquam,
1163 4768 1268 4807 non
1318 4763 1377 4807 ut
1422 4756 1765 4826 aenigmatum
1808 4758 1901 4813 tihi
1942 4764 2200 4832 mysteria

617 4839 931 4909 scrupulosa
962 4840 1306 4910 dissolveret;
1352 4846 1444 4899 sed
1474 4855 1531 4899 ut
1556 4862 1651 4916 per
1673 4848 1933 4917 simplicis
1963 4849 2203 4907 clavicu-

616 4927 736 4983 larii
764 4931 844 4986 sui
862 4931 1217 4989 ministerium
1249 4936 1397 5005 regni
1422 4937 1660 4992 caelestis
1678 4939 1884 4994 aditum
1909 4954 2195 4999 reseraret.

616 5016 825 5075 Venisti
876 5020 1094 5078 humilis
1144 5025 1211 5078 ad
1242 5025 1519 5090 humilem,
1548 5042 1751 5096 pauper
1777 5029 1842 5082 ad
1870 5044 2192 5100 pauperem;

614 5118 673 5163 et
697 5112 849 5180 quasi
903 5127 1024 5169 cum
1055 5118 1358 5184 perornatis
1386 5127 1441 5172 et
1480 5118 1696 5173 incultis
1720 5136 1940 5190 gregum
1970 5125 2198 5192 pastori-

618 5201 720 5253 bus
766 5203 990 5259 adorare
1018 5206 1211 5261 venisti
1239 5222 1462 5276 puerum
1494 5208 1545 5261 in
1599 5210 1858 5278 praesepio
1889 5212 2193 5280 vagientem

584 5288 772 5358 '(Luc.
805 5291 889 5365 ιι).
916 5292 1125 5351 Vidisse
1177 5311 1368 5367 nempe
1419 5306 1546 5352 tunc
1589 5306 1660 5363 te,
1691 5308 1746 5352 et
1793 5315 1913 5369 quae
1951 5302 2093 5356 circa
2124 5312 2197 5368 te,

623 5380 923 5438 mirandum
945 5384 1101 5441 valde
1127 5386 1511 5456 spectaculum,
1536 5396 1591 5443 et
1609 5388 1929 5444 imitandum
1955 5389 2202 5446 Salvato-

586 5472 590 5477 ’
622 5470 699 5525 ris
735 5482 853 5527 erat
895 5474 1268 5533 tediiicatlonis
1306 5479 1633 5551 exemplum.
1665 5480 1844 5536 Vestis
1876 5481 2021 5536 enim
2053 5481 2197 5552 pulla

621 5569 678 5614 et
706 5559 957 5618 laneanls
980 5566 1069 5621 cui
1101 5568 1394 5633 insidebas,
1422 5588 1527 5626 non
1556 5572 1731 5626 dicam
1752 5587 1946 5642 equus,
1976 5574 2068 5628 sed
2099 5588 2194 5643 po-

624 5649 732 5704 tius
772 5650 964 5718 burno,
995 5655 1080 5710 vel
1104 5656 1377 5725 burricus,
1413 5661 1503 5715 vix
1531 5677 1840 5717 mensuram
1874 5663 2073 5718 desidis
2112 5680 2202 5720 ex-

616 5738 843 5796 cedebat
871 5741 1044 5799 asclli.
1073 5743 1376 5804 Mutaveras
1417 5750 1559 5804 enim
1605 5766 1859 5807 coronam
1890 5751 2031 5817 velo,
2068 5769 2197 5823 pur-

2303 4663 2447 4734 piam
2496 4664 2547 4718 in
2582 4665 2817 4720 humano
2855 4683 3055 4738 genere
3102 4671 3329 4739 reperiri
3387 4686 3492 4725 non
3539 4674 3732 4741 potuit.
3761 4675 3892 4742 Qua

2302 4771 2435 4827 ergo
2472 4756 2526 4810 in
2573 4757 2734 4811 terris
2765 4758 3021 4819 idoneum
3069 4769 3125 4815 et
3176 4762 3267 4830 qui
3312 4763 3417 4818 tuis
3448 4762 3689 4832 placeret
3715 4768 3891 4821 oculis

2273 4844 2278 4852 ’
2302 4849 2546 4905 invenire
2575 4867 2678 4904 non
2709 4861 2924 4921 poteras
2952 4852 3124 4906 virum
3151 4893 3166 4915 ,
3205 4856 3256 4906 in
3287 4854 3527 4925 cmlestis
3554 4857 3743 4924 sponsi
3770 4873 3893 4925 pro-

2304 4938 2494 4992 volasti
2522 4938 2786 4993 violenter
2811 4940 3109 5010 amplexus.
3142 4942 3416 5025 Violenter
3444 4944 3666 5012 inquatn
3694 4962 3706 4996 :
3739 4964 3758 4995 α
3788 4945 3891 4999 Re-

2303 5044 2464 5097 gnum
2509 5031 2707 5099 quippe
2732 5031 2990 5086 culorum
3024 5034 3130 5086 vim
3174 5035 3396 5104 patitur,
3427 5044 3481 5088 et
3504 5035 3725 5089 violenti
3756 5036 3889 5088 diri-

2303 5119 2458 5187 piunt
2487 5119 2615 5173 illud
2635 5120 2851 5189 (Matth.
2871 5123 2968 5190 χι).
2985 5142 3004 5176 ι
3024 5122 3068 5178 Ο
3085 5123 3239 5178 beata
3261 5125 3358 5178 ista
3384 5126 3708 5195 superbia.o
3733 5128 3889 5182 beata

2278 5202 2506 5262 ‘mcntis
2530 5208 2711 5271 elatio,
2743 5219 2797 5266 et
2823 5213 3256 5286 omnibusdigna
3286 5216 3733 5287 prteconiis,qua:
3762 5218 3887 5272 dum

2286 5286 2538 5354 'carn‘alis
2572 5300 2788 5355 thalami
2816 5302 2939 5372 jura
2970 5306 3317 5374 contempsit,
3354 5307 3405 5360 itt
3450 5286 3714 5361 dotaliqu
3747 5310 3890 5379 regis

2304 5390 2494 5444 aeterni
2533 5390 2764 5461 gloriosa
2794 5394 3060 5450 transivit.
3092 5395 3338 5452 Carnalis
3364 5399 3521 5468 plane
3550 5400 3636 5452 vir
3663 5401 3888 5470 virgini-

2308 5482 2435 5536 tatis
2460 5496 2655 5536 arcana
2697 5485 3019 5555 corrumpit,
3047 5502 3277 5560 Sponsus
3319 5500 3499 5544 autem
3534 5490 3621 5543 ille
3650 5490 3888 5545 ccclestis

2302 5585 2400 5625 eas
2447 5572 2607 5624 etiam
2641 5587 2775 5641 quas
2802 5572 2903 5628 sibi
2945 5575 3173 5631 violatas
3221 5579 3489 5642 associat,
3527 5578 3580 5632 in
3623 5577 3890 5649 virginale

2304 5662 2470 5716 decus
2506 5661 2647 5716 illico
2696 5664 2815 5718 sine
2859 5664 3174 5722 dillicultate
3216 5668 3498 5734 reformat,
3524 5679 3584 5724 ut
3630 5670 3886 5723 nimirum

2305 5752 2566 5807 contracti
2590 5752 2858 5824 squaloris
2901 5756 3305 5825 inquinamenta
3335 5759 3630 5829 deponant,
3658 5767 3713 5813 et
3740 5756 3891 5815 velut
