4138 6320
310 387 431 474 vus

1236 392 1477 458 OPUSC.
1520 391 1648 444 LVI.
1681 418 1747 427 -
1787 390 1870 441 DE
1909 389 2137 442 FLUXX
2182 392 2392 446 MU“)!
2436 396 2711 446 (.t.()lll.-\.

3458 405 3564 452 8H

322 511 492 566 arida:
539 508 692 578 prius
739 508 1037 561 arbusculm
1081 507 1258 562 denuo
1290 517 1565 562 comantes
1605 506 1654 558 in
1685 505 1896 572 pristini
1927 513 1972 566 Α
2005 503 2107 556 rito
2125 501 2388 568 jejunium
2415 511 2774 574 nuncupatur,
2816 507 3011 574 quibus
3035 509 3220 578 utique
3249 526 3400 566 mens
3427 531 3570 581 quar-

323 600 536 656 decoris
561 601 788 669 gratiam
822 600 1174 653 revirescunt.
1212 599 1382 653 Porro
1411 607 1589 650 autem
1622 612 1744 649 cum
1775 611 1895 649 car-

319 688 429 742 nali
459 689 577 742 viro
606 697 838 757 nuptura
866 695 1192 749 exornatur,
1248 702 1371 740 mox
1417 685 1560 756 apud
1607 684 1792 738 affines
1839 695 1894 738 et

319 787 478 833 notes
507 778 743 846 undique
771 779 997 846 pecunia
1027 777 1251 848 quaesita
1288 777 1618 845 congeritur,
1652 783 1707 828 et
1736 773 1893 842 quid-

316 868 446 937 quid
491 867 634 920 valet
671 867 908 936 acquiri,
957 867 1187 920 sacculis
1226 867 1390 930 illico,
1429 865 1508 920 vel
1546 864 1892 934 obsignandis

312 959 666 1030 capsidilibus
727 959 1046 1024 infarcitur,
1105 970 1162 1013 ut
1222 974 1330 1028 quo
1389 959 1561 1027 magis
1613 958 1677 1010 ad
1718 957 1890 1009 virum

315 1049 512 1105 mulier
529 1057 756 1104 onerata
788 1049 1112 1118 deproperat
1138 1059 1193 1103 et
1211 1065 1276 1103 eo
1299 1049 1588 1119 gloriosior
1615 1055 1885 1118 appareat,

311 1148 370 1194 et
397 1138 486 1193 ille
512 1139 833 1208 propensius
855 1138 908 1192 in
945 1138 1062 1205 ejus
1091 1153 1275 1192 amore
1307 1138 1520 1193 sedulus
1545 1138 1887 1191 infervescat.

315 1227 393 1283 Tu
425 1239 634 1294 contra,
661 1236 720 1282 ut
767 1228 1024 1297 nuptialia
1056 1244 1177 1282 cum
1205 1228 1412 1284 cmlesti
1461 1243 1659 1296 sponso
1685 1226 1888 1280 foedera

308 1320 624 1384 contrahas,
679 1319 878 1389 regalis
923 1319 1099 1373 mrarii
1139 1319 1445 1387 congeriem
1490 1317 1746 1386 prodigis,
1797 1330 1888 1369 ra-

311 1411 515 1466 diantia
566 1425 792 1480 quzeque
842 1424 967 1462 cum
1017 1425 1149 1463 auro
1200 1408 1281 1464 vel
1327 1416 1551 1477 argento
1597 1405 1885 1475 margarita

311 1503 608 1572 dispergis;
656 1501 826 1556 aulaea
865 1509 952 1553 tua
983 1500 1232 1562 blattina,
1262 1499 1346 1553 vel
1379 1499 1555 1568 potius
1603 1497 1885 1559 deaurata,

279 1579 632 1664 templorum
703 1593 1046 1663 laquearibus
1117 1595 1521 1664 appenduutur,
1567 1603 1885 1646 ornamenta

278 1684 514 1754 ,regalia
570 1683 744 1738 sacris
796 1683 1124 1738 famulantur
1168 1685 1448 1738 altaribus.
1501 1683 1689 1742 Nullis,
1727 1689 1786 1733 ut
1813 1681 1886 1733 ita

309 1771 506 1838 fatear,
550 1773 792 1842 parcitur
839 1774 1020 1836 rebus,
1059 1782 1112 1826 et
1150 1775 1251 1828 hoc
1277 1774 1447 1827 solum
1498 1772 1883 1842 indigentibus,

1994 609 2100 662 que
2126 593 2364 648 carnalis
2395 593 2783 648 delectabiliter
2813 598 3071 664 pascitur.
3102 598 3232 652 Nam
3261 601 3305 654 si
3338 601 3564 672 simplex

1993 698 2131 752 aqua
2166 699 2195 736 a
2227 682 2424 736 Davide
2452 685 2690 753 projecta
2714 725 2727 748 ,
2760 685 3038 754 Scriptura
3073 697 3244 753 teste,
3275 691 3330 744 in
3356 683 3564 747 διιονίῆῖ

1991 773 2134 826 cium
2159 772 2384 826 vertitur
2405 771 2488 841 (II
2521 772 2647 842 Reg.
2678 781 2824 842 xxi);
2877 784 2951 828 tot
2982 792 3160 830 rerum
3193 779 3566 850 bonorumque

1992 870 2330 930 contemptus
2363 870 2614 930 quantam
2659 865 2796 932 apud
2825 864 2990 918 Deum
3030 867 3254 936 gloriam
3286 885 3564 938 promerc-

1992 955 2111 1007 tur?
2137 953 2362 1022 Oquam
2403 955 2581 1024 gravis
2622 963 2736 1017 est,
2767 971 3036 1026 quamque
3077 958 3353 1016 laudabilis
3399 963 3566 1016 absti-

1991 1047 2196 1110 nentia,
2235 1056 2506 1100 assuetam
2541 1047 2883 1117 juvenculam
2915 1064 2944 1100 a
2973 1051 3109 1103 virili
3147 1051 3390 1118 jejunare
3417 1069 3564 1109 com-

1990 1137 2178 1204 plexu!
2214 1139 2454 1206 nunquid
2506 1150 2561 1194 et
2604 1142 2703 1194 hoc
2742 1156 2908 1210 grave
2932 1140 3194 1210 jejunium
3247 1161 3349 1199 non
3380 1157 3481 1211 est,
3507 1157 3566 1201 ttt

1988 1243 2108 1296 quzc
2130 1244 2486 1284 consueveras
2518 1232 2647 1285 istos
2676 1232 2727 1285 in
2757 1233 3020 1286 bonorqu
3046 1234 3262 1289 culmen
3295 1235 3560 1302 attollere,

1988 1317 2106 1371 illos
2164 1319 2457 1374 insolenter
2520 1337 2616 1376 usa
2679 1323 2939 1392 dignitate
2990 1326 3239 1393 privare,
3282 1341 3424 1382 nunc
3469 1343 3560 1382 rc-

1985 1409 2122 1462 culis
2151 1419 2403 1463 contenta
2469 1411 2796 1473 domesticis,
2848 1423 3097 1481 aspectus
3157 1416 3564 1470 homiuum‘fu-

1985 1499 2136 1566 gi-as,
2191 1508 2246 1551 et
2314 1501 2366 1552 in
2429 1501 2694 1555 orationis
2745 1519 2808 1556 ac
2851 1505 3158 1571 psalmodim
3205 1506 3388 1560 sedula
3439 1523 3556 1562 mo-

1986 1587 2260 1641 dulatione
2303 1589 2600 1658 persistas?
2625 1590 2754 1644 Nam
2785 1594 2909 1660 quia
2939 1592 3118 1647 fueras
3141 1595 3270 1648 olim
3313 1597 3562 1652 Susanna

1983 1693 2106 1732 eum
2159 1681 2276 1732 viro
2331 1680 2490 1749 (Dan.
2528 1685 2667 1750 xm),
2697 1685 2889 1736 merito
2938 1701 3079 1739 nunc
3129 1686 3266 1741 facta
3308 1703 3368 1742 es
3404 1688 3561 1744 Anna

1985 1777 2104 1836 post
2125 1770 2298 1822 virum
2333 1770 2381 1837 (1
2413 1771 2533 1839 Reg.
2558 1774 2631 1841 1);
2665 1783 2717 1826 et
2738 1775 2859 1842 quia
2899 1785 3023 1830 tunc
3055 1777 3385 1847 conjugalem
3410 1782 3564 1848 pudi-

310 1863 393 1916 vel
443 1861 701 1917 Ecclesiis
729 1878 835 1916 non
865 1860 1141 1916 confertur
1169 1865 1310 1930 quod
1334 1870 1487 1916 extra
1519 1862 1590 1914 tui
1623 1861 1764 1930 juris
1791 1876 1882 1929 pe-
1913 1861 1955 1919 B
1982 1858 2164 1910 eiliam
2212 1858 2552 1913 immaculato
2583 1877 2917 1929 servaveras,
2949 1879 3090 1919 nunc
3135 1882 3254 1918 cum
3288 1867 3393 1920 lilia
3417 1866 3559 1921 Plia-

304 1953 506 2008 culium
547 1954 844 2022 reperitur;
868 1963 1062 2007 cuncta
1099 1954 1337 2023 projieis,
1373 1962 1566 2007 cuncta
1595 1951 1876 2020 dilapidas,

281 2053 366 2114 _ut
407 2045 472 2098 ad
521 2045 702 2112 sponsi
744 2043 982 2099 caelestis
1027 2044 1606 2114 atnplcxnscxonerata
1636 2056 1878 2110 prorsus,

281 2135 415 2206 ‘imo
451 2135 591 2190 nuda
621 2135 928 2204 pervenias.

931 2246 1160 2301 CAPUT
1199 2211 1261 2300 ν’.

287 2332 455 2388 .Bona
485 2351 794 2405 magnorum
827 2337 1055 2390 virorum
1074 2345 1130 2455 ιιι
1143 2334 1418 2387 mulierum
1447 2331 1680 2400 exempta
1709 2347 1880 2401 quan-

899 2416 1011 2455 tum
1051 2423 1108 2455 va
1133 2414 1271 2455 eant.

899 2416 1011 2458 tum
1051 2414 1271 2458 valeant.

375 2497 498 2550 llarc
521 2507 702 2550 autem
733 2511 836 2549 non
867 2504 1085 2564 propter
1110 2503 1179 2559 te,
1193 2491 1517 2548 venerabilis
1543 2490 1878 2560 imperatrix,

298 2587 561 2648 edissere,
577 2601 737 2654 quam
761 2595 818 2638 et
841 2585 924 2638 bis
945 2585 1123 2639 verbis
1145 2584 1319 2654 potius
1341 2583 1610 2638 offendere
1631 2581 1882 2650 pertime-

301 2692 414 2741 sco,
428 2678 519 2731 sed
531 2677 600 2732 ob
625 2677 673 2730 id
690 2677 886 2746 potius,
901 2686 956 2728 ιιι
970 2678 1092 2728 dum
1110 2686 1212 2730 tua:
1225 2675 1438 2730 virtutis
1460 2675 1668 2743 insigne
1691 2684 1883 2730 utrun-

283 2780 406 2834 _que
428 2765 782 2834 depromitur,
805 2779 906 2817 non
935 2779 1100 2832 parva
1132 2763 1428 2833 legentibus
1450 2764 1732 2816 aediﬁcatio
1755 2777 1881 2830 pro-

300 2865 539 2910 curetur.
561 2855 658 2911 Ubi
685 2857 828 2918 cnim
855 2866 1001 2909 tanta
1030 2855 1331 2910 sublimitas
1353 2872 1451 2924 pro
1471 2856 1552 2909 sui
1587 2854 1878 2909 conditoris

299 2959 518 3006 amore,
550 2945 617 2998 ad
656 2945 1024 3013 pavimentum
1057 2961 1228 3014 usque
1253 2945 1524 3014 dejicitur,
1551 2960 1670 3013 quae
1693 2945 1878 2999 cervix

283 3035 565 3109 superbia:
593 3035 840 3104 protinus
861 3051 893 3090 a
923 3035 1005 3090 sui
1031 3035 1223 3106 rigoris
1253 3044 1431 3089 erecta
1462 3033 1721 3103 tentigine
1769 3050 1876 3088 non

299 3123 579 3177 ﬂectatur?
620 3124 749 3191 Qua:
803 3126 1022 3180 tumida:
1075 3125 1361 3194 cujuslibet
1414 3127 1612 3179 ruentis
1671 3123 1875 3179 inflatio

1985 1947 2126 2009 nnel,
2157 1949 2297 2016 quod
2330 1951 2571 2015 templum
2618 1950 2713 2004 Dei
2743 1953 2959 2017 dicitur,
2992 1955 3043 2007 in
3092 1956 3316 2009 ceclesia
3360 1957 3562 2026 jngiter

1983 2052 2298 2106 perseveras
2343 2039 2492 2108 (Luc.
2519 2047 2603 2110 u).
2633 2041 2767 2096 Hinc
2814 2054 2896 2098 est
2929 2045 3068 2112 quod
3099 2061 3128 2098 a
3160 2061 3244 2098 me
3277 2063 3372 2115 per
3401 2063 3562 2102 vene-

1982 2128 2210 2183 rabilem
2241 2129 2560 2184 Rainaldum
2608 2131 2907 2187 Cumanum
2939 2135 3247 2205 episcopum
3286 2139 3560 2206 requisisti

1981 2227 2164 2271 utrum
2199 2218 2390 2274 liceret
2425 2221 2626 2276 homini
2677 2223 2821 2277 inter
2869 2224 3040 2293 ipsum
3079 2227 3240 2280 debiti
3296 2229 3559 2283 naturalis

1982 2307 2220 2372 cgerium
2251 2305 2447 2378 {ipsam
2475 2310 2755 2382 egeriem],
2781 2313 2983 2380 aliquid
3020 2315 3294 2369 ruminare
3321 2315 3557 2385 psalmo-

1983 2409 2122 2446 rum.
2149 2397 2228 2448 Ad
2253 2400 2390 2464 quod
2418 2400 2692 2468 ego,quod
2715 2404 2782 2454 ad
2808 2413 3013 2472 tempus
3032 2407 3368 2470 occurrebat,
3395 2422 3561 2476 expo-

1981 2487 2089 2546 sui,
2118 2488 2370 2554 quoniam
2395 2499 2448 2542 et
2486 2500 2728 2544 sanctum
2762 2492 2862 2546 Job
2899 2495 3038 2548 Deus
3093 2497 3433 2566 omnipotens
3474 2499 3558 2551 vi-

1981 2577 2163 2631 sitavit
2195 2579 2245 2630 in
2268 2580 2605 2648 sterquilinio
2632 2585 2980 2636 constitutum
3009 2582 3130 2653 (70b
3160 2601 3314 2651 xvut,
3338 2598 3384 2641 et
3415 2589 3560 2642 dein-

1980 2670 2149 2736 ceps),
2186 2683 2240 2722 et
2265 2671 2421 2724 beata
2454 2682 2662 2742 martyr
2685 2674 2886 2744 Agnes,
2914 2677 3066 2746 cujus
3093 2687 3149 2732 et
3191 2687 3244 2731 ιιι
3282 2679 3557 2748 :equivoca

1979 2771 2060 2819 es,
2091 2758 2142 2809 in
2163 2758 2421 2813 obsoletis
2450 2770 2502 2814 et
2525 2763 2756 2816 sordidis
2789 2763 3123 2832 lupanarium
3147 2765 3282 2819 locis
3309 2767 3554 2838 angelum

1979 2847 2138 2900 simul
2177 2860 2233 2902 et
2279 2851 2578 2920 angelicum
2632 2855 2828 2923 reperit
2884 2855 3273 2910 indumentum.
3323 2857 3454 2912 Nam
3501 2868 3558 2912 et

1977 2937 2266 3008 Apostolus
2297 2943 2496 3010 ubique
2547 2959 2645 2996 nos
2691 2946 2935 3014 pnecipit
2986 2962 3176 3009 orare,
3209 2963 3330 3002 cum
3375 2950 3552 3002 dicit:

1983 3048 2002 3080 ‹
2039 3031 2168 3085 Volo
2196 3047 2321 3101 ergo
2342 3035 2485 3088 viros
2511 3050 2669 3089 orare
2700 3037 2751 3089 in
2781 3039 2925 3091 muni
2959 3039 3094 3102 loco,
3129 3038 3368 3092 levantes
3394 3054 3557 3108 puras

1979 3135 2171 3173 manus
2215 3123 2331 3175 sine
2363 3123 2440 3175 ira
2465 3131 2521 3177 et
2547 3125 2936 3193 disceptatione
2959 3125 3008 3192 (1
3049 3125 3182 3179 Tim.
3213 3127 3298 3198 ιι),
3337 3146 3356 3178 ι
3387 3143 3558 3195 quan-

295 3224 490 3284 przesto
512 3231 614 3270 non
639 3215 838 3280 folleat,
865 3233 986 3271 cum
1014 3226 1174 3272 tanta:
1199 3217 1382 3288 gloriae
1417 3218 1712 3288 principem
1741 3233 1881 3271 nunc
1908 3215 1952 3277 C
1983 3225 2142 3279 quam
2177 3211 2293 3266 hac
2343 3215 2513 3283 magis
2542 3229 2606 3269 eo
2657 3214 2758 3270 loci
2807 3216 3071 3270 versanda
3127 3227 3253 3272 sunt
3301 3218 3354 3272 in
3393 3219 3556 3274 corde

299 3305 443 3360 velut
471 3306 794 3374 despicabile
827 3308 1150 3376 mancipium
1189 3308 1410 3362 cernat?
1438 3309 1567 3373 Quis
1612 3318 1873 3378 praeterea

297 3410 479 3450 rerum
504 3399 892 3450 transeuntium
916 3399 1264 3468 pertimescat
1287 3399 1545 3468 inepiam,
1567 3414 1688 3454 cum
1713 3414 1873 3468 spon-

297 3495 518 3540 taneum
545 3488 726 3541 videat
772 3487 827 3541 in
877 3502 940 3540 ea
973 3488 1198 3543 muliere
1241 3490 1573 3559 pauperiem,
1603 3505 1765 3559 quam
1795 3498 1874 3543 tot

278 3575 484 3653 .utique
529 3577 709 3647 regnis
741 3577 902 3646 paulo
934 3587 1060 3633 ante
1089 3590 1444 3648 conspexerat
1483 3580 1872 3650 imperantem?

297 3667 408 3720 Aut
455 3667 576 3737 quis
627 3668 813 3722 inculti
862 3669 1076 3724 habitus
1123 3671 1372 3740 injuriant
1433 3671 1600 3741 859
1647 3672 1872 3740 perbor-

302 3768 501 3826 rescat,
537 3775 657 3814 cum
707 3776 872 3814 aureo
898 3763 1239 3832 subtegmini,
1269 3774 1322 3818 et
1361 3764 1629 3832 regalibus
1664 3763 1872 3832 pompis

294 3866 325 3902 a
355 3856 500 3920 regia
535 3851 814 3920 majestate
845 3852 944 3906 vile
985 3863 1194 3907 stai‘nen
1221 3853 1497 3922 pradatum
1525 3869 1644 3908 esse
1693 3853 1872 3907 consi-

285 3939 449 4004 derat
470 3944 493 3996 ’ἶ

366 4033 587 4090 Veniam
606 4036 672 4090 ad
691 4053 929 4092 mensam
957 4046 1014 4092 ct
1036 4037 1101 4093 ad
1125 4035 1448 4101 famelicam,
1476 4045 1530 4089 ut
1560 4037 1628 4089 ita
1658 4035 1866 4106 loquar,

285 4124 574 4194 epularum
618 4126 946 4182 aflluentium
1000 4129 1322 4183 ubertatem.
1375 4127 1573 4193 Quale,
1609 4143 1756 4196 rogo,
1787 4137 1871 4180 est

278 4229 600 4290 _cougestam
648 4232 772 4277 ante
806 4232 856 4278 te
899 4232 1102 4278 struem
1153 4222 1385 4275 lancium
1424 4229 1479 4275 et
1509 4221 1868 4274 renidentium

291 4313 538 4366 carnium
571 4313 757 4381 epulas
783 4329 879 4383 per
910 4329 1129 4369 mensas
1147 4313 1571 4382 circumquaque
1594 4313 1870 4365 transmit-

293 4415 432 4469 tere,
461 4414 516 4458 et
545 4407 790 4459 carnium
823 4421 890 4460 ne
921 4407 1090 4475 ipsam
1115 4407 1331 4475 quidem
1357 4403 1739 4476 pinguedinem
1771 4403 1870 4457 ali-

281 4505 561 4568 quatenus
603 4497 924 4567 degustare?
949 4507 1288 4552 contrectare
1318 4498 1568 4551 manibus
1602 4495 1785 4564 dapes,
1814 4507 1867 4552 et

286 4601 385 4640 cas
410 4587 459 4640 in
487 4602 580 4641 ore
625 4603 727 4641 nou
760 4589 982 4658 sapere?
1013 4589 1122 4644 imo
1150 4589 1321 4658 ipsum
1370 4606 1583 4659 panem,
1612 4589 1694 4642 vel
1723 4605 1867 4658 quae-
1894 4562 1944 4621 υ

276 4678 423 4739 ,ιιιιυι
472 4679 773 4734 incultioris
803 4690 1094 4749 apparatus
1132 4680 1306 4734 edulia
1349 4695 1469 4733 cum
1501 4680 1693 4733 timore
1717 4697 1863 4733 sum-

289 4776 540 4822 motenus
567 4768 820 4837 ligurire?
851 4769 999 4833 Unde
1028 4769 1158 4822 mihi
1181 4784 1320 4838 saepe
1345 4778 1637 4837 conquesta
1669 4784 1751 4832 es,
1774 4784 1868 4822 ea-

285 4870 450 4914 tenus
503 4861 691 4914 edendi
745 4871 796 4915 te
826 4877 931 4914 non
956 4877 1114 4930 posse
1141 4862 1395 4915 cohibere
1423 4861 1773 4930 pruriginem,
1807 4870 1865 4913 ut

285 4966 356 5004 ex
391 4950 476 5003 bis
504 4965 622 5018 qua:
650 4950 893 5018 apposita
919 4965 1192 5015 cerneres,
1218 4966 1321 5004 non
1343 4950 1544 5020 aliquid
1572 4949 1664 5003 tibi
1695 4965 1864 5018 quau-

289 5041 492 5096 dolibet
521 5041 927 5095 immoderatius
952 5040 1278 5110 indulgeres.
1311 5041 1445 5094 llinc
1468 5043 1661 5109 srepius
1689 5041 1863 5108 lacry-

285 5147 413 5193 mae,
431 5132 554 5185 hinc
577 5133 970 5200 gemitus,hinc
996 5143 1048 5185 et
1074 5133 1335 5201 profunda
1360 5134 1609 5201 suspiria.
1627 5131 1867 5201 Lugebas

283 5221 435 5273 enim
487 5221 610 5288 quia
639 5221 921 5288 quantavis
975 5221 1271 5290 disciplinm
1316 5222 1545 5284 cautela,
1585 5220 1868 5286 cujuslibet

281 5309 643 5362 districtionis
693 5309 946 5364 instantia
1008 5321 1254 5374 naturam
1313 5312 1551 5364 funditus
1608 5327 1866 5379 superare

284 5413 395 5450 non
430 5413 632 5468 posses.
667 5399 792 5463 Sed,
819 5401 956 5452 sicut
981 5409 1034 5454 et
1065 5409 1195 5454 tunc
1221 5401 1359 5454 forte
1388 5417 1492 5453 non
1525 5401 1689 5464 tacui,
1727 5401 1864 5470 jeju-

285 5488 440 5542 nium
475 5499 644 5552 tuum,
677 5490 899 5559 regina,
930 5490 1207 5558 multiplex
1259 5499 1360 5545 est.
1419 5491 1522 5544 Nos
1569 5490 1713 5543 enim
1767 5489 1865 5542 ali-

282 5579 506 5647 quando
533 5577 838 5646 jejuuantus
862 5599 892 5634 a
924 5581 1078 5645 cibis,
1104 5583 1196 5636 sed
1228 5593 1280 5636 tu
1307 5581 1522 5652 jejuuas
1546 5596 1574 5632 a
1604 5596 1861 5650 purpura,

277 5668 498 5737 jealous
525 5683 555 5721 τι
583 5684 778 5722 corona
808 5680 968 5738 atque
997 5688 1025 5724 a
1051 5680 1127 5724 tot
1146 5680 1200 5726 et
1227 5681 1330 5726 tam
1358 5672 1656 5741 magnificis
1690 5671 1861 5740 impc-

283 5756 443 5812 rialis
468 5758 652 5829 gloria:
679 5761 905 5828 pompis.
939 5760 1031 5814 llis
1057 5761 1197 5816 enim
1224 5761 1514 5826 abstinere,
1545 5777 1648 5816 non
1676 5762 1863 5816 imme-

1977 3317 2138 3370 quam
2167 3303 2273 3357 sint
2298 3303 2615 3373 explicanda
2657 3321 2925 3361 sermone.
2965 3306 3079 3362 Hoc
3100 3322 3219 3378 ego,
3241 3325 3551 3380 quanquam

1976 3393 2194 3446 silentio
2219 3395 2436 3462 dignum
2478 3395 2640 3450 fuerit
2676 3405 2731 3450 et
2769 3412 3106 3466 nequaquam
3136 3414 3232 3468 per
3260 3400 3552 3455 multorum

1975 3499 2069 3537 ora
2099 3486 2444 3554 vulgandam,
2476 3489 2674 3543 idcirco
2719 3489 2967 3555 dixerim,
2998 3499 3053 3543 ut
3093 3491 3294 3561 liquido
3322 3494 3544 3563 legenti-

1975 3574 2074 3629 bus
2124 3577 2426 3632 innotescat
2473 3591 2707 3646 quautus
2753 3592 2942 3636 sancto
2992 3583 3194 3652 pectori
3245 3595 3335 3637 tuo
3382 3585 3550 3638 divini

1974 3667 2176 3720 amoris
2227 3670 2390 3722 ardor
2428 3670 2793 3731 incandescat.
2825 3681 2882 3725 ut
2929 3687 2996 3726 ne
3037 3673 3102 3726 ad
3144 3674 3304 3728 breve
3331 3673 3548 3742 quidem

1972 3767 2231 3826 punctum
2279 3776 2308 3813 a
2363 3760 2560 3815 divinis
2619 3761 2858 3816 obticere
2915 3763 3164 3818 laudibus
3217 3769 3546 3832 acquiescat.

1970 3849 2110 3917 Quid
2151 3852 2219 3906 ad
2264 3854 2378 3907 haec
2416 3854 2595 3908 dicent
2631 3855 2720 3922 qui
2751 3856 2816 3909 de
2862 3857 3089 3911 ecclesia
3120 3873 3222 3911 non
3251 3859 3549 3912 oratorium

1972 3945 2066 3998 sed
2096 3945 2432 4009 locutorium,
2463 3957 2517 4000 et
2549 3964 2652 4000 non
2685 3950 2987 4013 oraculum,
3015 3953 3106 4004 sed
3134 3954 3546 4026 concilialmlmu

1970 4035 2210 4098 faciunt,
2257 4052 2319 4091 ac
2363 4051 2456 4105 per
2496 4039 2596 4093 hoc
2648 4041 2700 4092 in
2750 4056 2810 4094 ea
2866 4041 3022 4096 domo
3069 4045 3342 4100 saeuiaria
3388 4051 3546 4102 verba

1970 4129 2328 4195 permiscent,
2360 4130 2526 4200 860
2566 4148 2685 4200 qua-
2723 4133 2983 4187 duntaxat
3007 4135 3077 4188 ob
3105 4137 3205 4190 hoc
3231 4151 3542 4196 constructa

1971 4219 2323 4287 dignoscitur,
2377 4230 2434 4273 ut
2480 4223 2531 4274 in
2580 4238 2642 4275 ea
2693 4238 2913 4292 prorsus
2951 4241 2980 4278 a
3032 4229 3228 4297 negotii
3271 4233 3545 4286 saecularis

1970 4309 2184 4364 actione
2212 4315 2463 4364 vacetur?

2043 4399 2150 4453 Sed
2180 4410 2236 4455 ut
2267 4402 2320 4456 bi
2350 4405 2437 4470 qui
2490 4406 2556 4458 ad
2607 4405 2968 4474 apostolorum
3027 4407 3206 4463 limina
3246 4412 3539 4479 conﬂuunt,

1971 4502 2168 4546 sancta:
2216 4494 2516 4549 devotionis
2573 4505 2674 4550 tuae
2721 4497 3007 4553 salubriter
3046 4501 3322 4556 imitentur
3363 4519 3542 4558 excin-

1968 4585 2136 4654 plum,
2169 4587 2268 4640 sub
2293 4601 2490 4640 arcana
2519 4604 2733 4658 quoque
2769 4588 2830 4642 B.
2861 4588 3009 4644 Petri
3041 4593 3380 4647 confessione
3417 4609 3543 4649 anze

1969 4693 2181 4731 sacrum
2209 4678 2380 4733 altare
2409 4695 2494 4732 me
2518 4681 2704 4734 sedere
2743 4681 2940 4747 fecisti,
2962 4699 3026 4738 ac
3045 4700 3141 4753 per
3168 4685 3419 4754 lugubres
3452 4703 3546 4756 ge-

1968 4771 2132 4824 mitus
2161 4781 2215 4824 et
2243 4787 2425 4825 amara
2445 4773 2674 4841 suspiria
2697 4775 2764 4828 ab
2786 4775 2898 4843 ipsa
2918 4777 3280 4845 quinquennis
3305 4777 3543 4832 infantiae

1967 4869 2152 4914 tenera
2178 4862 2374 4925 adhuc,
2401 4872 2453 4917 et
2485 4879 2655 4933 nuper
2686 4863 2946 4918 ablactata
2979 4865 3192 4919 levitate
3221 4867 3462 4934 cmpisti;
3489 4876 3544 4921 et

1971 4959 2226 5018 tanquam
2259 4951 2367 5004 illic
2400 4953 2515 5020 ipse
2544 4952 2604 5005 B.
2639 4953 2926 5021 Apostolus
2973 4954 3328 5022 corporaliter
3357 4955 3542 5024 praesi-

1970 5041 2138 5101 deret,
2165 5042 2420 5110 quidquid
2461 5043 2656 5096 subtile
2686 5044 2766 5097 vel
2801 5045 3060 5097 minutmn
3111 5045 3162 5098 in"
3193 5045 3543 5101 humanitatis

1971 5140 2072 5185 tua:
2098 5134 2270 5201 potuit
2301 5135 2515 5188 titillare
2538 5136 2849 5196 visceribus,
2885 5137 3141 5205 quidquid
3175 5137 3226 5191 in
3258 5139 3540 5209 cogitatio.

1969 5223 2128 5276 nibus
2154 5239 2374 5287 vanum,
2404 5225 2661 5293 quidquid
2693 5236 2948 5293 praeterea
2981 5228 3273 5296 subrepere
3294 5227 3467 5298 potuit
3488 5229 3539 5282 in

1967 5329 2217 5368 sermone
2233 5315 2582 5384 superfluum,
2601 5317 2845 5369 fidelibus
2871 5326 2953 5369 est
2980 5317 3331 5373 relationibus
3349 5319 3504 5374 evolu
3522 5348 3538 5360 -

1969 5415 2103 5460 tum.
2147 5407 2227 5459 Ad
2269 5409 2410 5474 quod
2449 5407 2576 5460 mihi
2607 5408 2776 5460 visum
2823 5417 2927 5470 est,
2958 5417 3015 5461 ut
3060 5409 3132 5461 nil
3172 5410 3314 5463 aliud
3365 5411 3537 5464 confi-

1967 5496 2097 5548 tenti
2145 5497 2474 5565 pcenitentia:
2515 5497 2726 5565 pondus
2775 5498 3104 5568 injnngercm
3131 5539 3144 5562 ,
3189 5500 3289 5553 nisi
3323 5511 3376 5552 ut
3409 5501 3536 5554 illud

1963 5587 2158 5640 divinae
2185 5587 2468 5656 legationis
2497 5588 2727 5658 elogium
2753 5590 3003 5644 iterarem
3036 5609 3048 5642 :
3081 5595 3192 5662 Age
3223 5593 3362 5660 quod
3389 5592 3531 5659 agis;

1964 5693 2189 5744 Operare
2211 5679 2350 5746 quod
2373 5680 2636 5748 operaris.
2671 5678 2764 5735 Vel
2801 5682 2927 5735 illud
2956 5685 3097 5753 quod
3125 5684 3208 5737 liis
3250 5684 3338 5752 qui
3369 5681 3533 5735 Thia-

1968 5778 2100 5839 tyrte
2151 5778 2305 5824 erant
2351 5787 2445 5841 per
2507 5773 2754 5840 angelum
2805 5773 3074 5828 mittitur:
3120 5795 3136 5825 ‹
3173 5774 3284 5827 Non
3327 5775 3528 5826 mittam
