4136 5308
599 221 632 273 8
649 217 704 270 :5

1094 210 1152 266 S.
1186 210 1396 266 PETRI
1431 203 1712 264 DAMIANI
1747 199 2142 260 OPP.TOMUS
2163 201 2294 256 εει]
2363 196 2542 252 PARS
2569 193 2656 248 ιιι.
2689 222 2756 234 --
2777 189 3136 248 OPUSCULA
3180 185 3408 241 VARIA.

3728 181 3843 238 818

597 342 772 396 super
816 340 911 379 vos
962 321 1106 376 aliud
1153 320 1405 392 pondus;
1459 326 1666 372 tantum
1697 315 1749 370 id
1779 313 1919 383 quod
1965 310 2196 386 habetis,
2227 319 2271 372 Α
2304 305 2517 376 Aigypti
2542 301 2829 374 percellere
2858 315 2920 352 ac
2943 299 3178 352 lacerare
3200 295 3530 366 permittitur
3555 291 3752 361 (Exod.
3783 291 3875 365 v).

595 428 775 476 tenete
819 418 1004 488 (Apoc.
1037 414 1121 485 ιι).
1157 433 1175 464 ι
1216 412 1387 476 Nam,
1417 411 1523 464 Deo
1569 417 1728 469 teste,
1759 420 1826 458 ne
1857 419 2022 457 unum
2070 401 2188 468 qui-

594 511 718 562 dem
748 507 891 586 diem
937 502 1164 575 jejunii,
1193 500 1277 553 vel
1308 498 1595 568 cujuslibet
1645 493 1949 548 alllictionis
1997 489 2185 551 indidi,

597 599 693 654 sed
739 606 799 651 ut
830 583 882 650 in
936 593 1129 662 emptis
1177 587 1516 644 solummodo
1560 583 1763 641 sanctis
1812 592 2188 652 perseverares

597 689 854 760 operibus
882 682 1162 754 imperavi.

1213 767 1439 823 CAPUT
1490 765 1576 820 Vl.

599 869 718 935 Qua
756 863 921 920 animi
967 863 1195 933 puritate
1238 870 1539 913 sanctorum
1583 852 1816 923 reliquiae
1852 845 2184 903 renerandw.

667 961 734 1018 Et
760 962 966 1012 utinam
990 971 1018 1008 a
1047 953 1368 1023 quibusdam
1402 945 1710 1005 lmmicidis,
1744 943 1826 996 vel
1853 942 2186 994 diversorum

584 1051 892 1115 criminum
927 1047 1060 1109 reis,
1090 1044 1164 1097 illi
1196 1041 1450 1113 gemitus,
1480 1037 1554 1090 illi
1583 1035 1740 1088 fletus
1768 1034 1819 1085 in
1849 1028 2189 1084 confessione

595 1147 1041 1215 prorumperent,
1095 1135 1174 1188 sic
1219 1129 1546 1186 tabcscentis
1594 1135 1647 1180 et
1700 1122 1966 1177 acerrimo
2003 1119 2188 1174 dolore

597 1231 875 1286 transfixa:
935 1226 1136 1281 mentis
1180 1224 1406 1293 spiritus
1452 1218 1730 1278 fremeret,
1780 1214 1858 1268 sic
1910 1211 2048 1264 male
2083 1208 2186 1261 sibi

593 1324 810 1378 conscia
842 1327 1063 1390 pectora
1103 1311 1480 1381 singultirent,
1517 1310 1655 1361 sicut
1701 1304 1808 1357 illic
1856 1301 2186 1372 plangeban-

592 1428 684 1471 tur
707 1415 790 1469 vel
820 1412 1059 1467 inanium
1091 1408 1468 1478 phantasmata
1506 1399 1914 1470 cogitationum,
1948 1393 2030 1447 vel
2057 1407 2186 1460 qua-

588 1506 851 1562 rumlibet
897 1499 1183 1572 puerilium
1238 1495 1454 1564 ineptia:
1513 1491 1813 1546 levitatum.
1857 1486 1968 1539 Hoc
1992 1498 2186 1554 provo-

587 1607 787 1654 centur
831 1591 1112 1662 exemplo,
1141 1587 1233 1658 qui
1272 1588 1338 1640 ad
1365 1585 1672 1639 veneranda
1708 1588 2019 1634 sanctorum
2065 1589 2185 1630 cor-

584 1707 722 1762 pora
771 1689 858 1759 pia
915 1661 1201 1740 devotione
1264 1678 1543 1734 festinant.
1594 1674 1707 1728 lllic
1762 1673 1942 1740 itaque
1981 1667 2182 1737 proprii
2215 1661 2260 1718 B

586 1794 778 1840 reatus
807 1780 1052 1843 morbos,
1085 1773 1239 1845 quasi
1267 1771 1459 1826 noxios
1486 1771 1740 1823 humores
1764 1773 1818 1817 et
1839 1760 2188 1832 atgritudiues

589 1884 868 1938 evomant,
900 1874 954 1928 hi
979 1871 1069 1942 qui
1103 1884 1199 1940 per
1225 1874 1450 1921 conatus
1494 1876 1644 1932 pura:
1672 1853 2027 1913 confessionis
2065 1867 2189 1920 cge-

581 1967 730 2026 .5tius
760 1939 1394 2034 pmnitentizesalutaris
1435 1948 1738 2002 antidotum
1789 1949 2024 1998 sumant.
2077 1939 2188 1992 Illic

589 2027 920 2126 baptismum
967 2045 1302 2119 pmnitentizc
1330 2049 1612 2102 statuant,
1647 2037 1699 2088 in
1727 2047 1888 2103 quem
1920 2045 2017 2099 per
2045 2027 2188 2097 judi-

590 2147 733 2200 cium
783 2124 939 2198 omcii
999 2134 1356 2193 sacerdotalis
1402 2127 1664 2191 immersi,
1700 2122 1894 2179 vetusti
1947 2117 2186 2176 hominis

589 2236 906 2292 indumenta
932 2224 1438 2300 deponanljamqne
1469 2219 1591 2273 novi
1618 2219 1682 2271 de
1696 2212 1968 2269 veteribus
1981 2209 2184 2263 vivant.

591 2327 670 2382 Tu
706 2335 908 2388 autem,
935 2299 1154 2376 domina
1201 2330 1345 2378 mea,
1388 2327 1510 2366 nam
1558 2307 1681 2378 quia
1717 2317 1768 2360 te
1811 2299 2188 2369 Redemptoris

589 2417 698 2474 mei
721 2428 976 2486 sponsam
1010 2423 1132 2465 esse
1162 2422 1267 2462 non
1319 2400 1556 2471 ambigo,
1589 2412 1762 2452 meam
1796 2404 1847 2447 te
1877 2404 2071 2445 vocare
2096 2389 2187 2441 do-

590 2508 796 2566 minam
821 2504 1126 2560 nullatenus
1156 2496 1440 2557 erubesco,
1490 2488 1731 2550 domina,
1757 2486 2001 2554 inquam,
2044 2496 2185 2544 mea,

585 2605 696 2676 ﬁge
725 2601 916 2673 pedem
966 2597 1016 2650 in
1045 2593 1225 2648 radice
1275 2583 1709 2661 perscrerantim,
1741 2590 1796 2634 et
1851 2578 1901 2631 iu
1947 2587 2186 2629 amorem

591 2693 770 2754 illius,
804 2689 870 2744 ad
899 2701 1059 2758 quem
1089 2698 1183 2754 per
1206 2695 1398 2735 manus
1430 2676 1771 2731 sacerdotum
1802 2676 1856 2724 et
1891 2680 2186 2736 pauperum

584 2783 838 2857 quotidie
867 2756 1058 2834 cuncta
1097 2769 1440 2831 transmittis,
1483 2762 1790 2820 medullitus
1826 2756 2185 2815 inflammare,

591 2849 656 2934 ut
686 2875 815 2932 illud
850 2871 944 2927 tibi
965 2868 1091 2938 jure
1119 2865 1397 2932 contingat
1433 2858 1576 2928 quod
1609 2857 1661 2910 in
1693 2854 1810 2924 lege
1853 2849 2182 2920 proacipitur,

584 2968 849 3025 uidelicet
873 2973 929 3018 ut
961 2960 1051 3032 qui
1094 2967 1306 3027 captam
1337 2955 1390 3007 in
1422 2949 1561 3007 bello
1599 2947 1876 3001 mulierem
1903 2941 2040 2996 forte
2070 2938 2184 2992 dili-

593 3064 746 3131 geret
767 3066 994 3121 eamque
1021 3047 1297 3116 suscipere
1323 3041 1583 3097 voluisset
1614 3048 1859 3096 uxorem,
1890 3030 2038 3100 prius
2065 3027 2184 3095 ejus

589 3124 872 3206 cesariem
902 3141 1119 3195 raderet
1152 3145 1465 3204 unguesque
1501 3124 1844 3197 prmcidcret,
1869 3135 1934 3175 ac
1955 3128 2184 3178 vestem,

593 3240 651 3295 in
681 3251 787 3308 qua
840 3240 999 3300 capta
1049 3235 1191 3290 erat,
1244 3221 1484 3278 auferret
1513 3217 1693 3289 (Deut.
1718 3212 1868 3283 ut);
1902 3211 2086 3280 sicque
2121 3207 2187 3261 ad

593 3296 983 3397 ingenuitatem
1014 3312 1334 3371 lsraelitidis
1377 3325 1444 3364 ex
1474 3322 1624 3362 more
1655 3304 2023 3375 prosilientem
2064 3296 2187 3366 jure

594 3388 700 3475 sibi
757 3409 1086 3469 matrimonii
1144 3403 1440 3474 copularet.
1491 3398 1611 3453 .Iatn
1655 3395 1821 3467 igitur
1862 3406 2065 3462 ungues
2106 3388 2184 3441 tui

595 3523 720 3566 eum
764 3502 991 3560 caesarie
1039 3510 1256 3567 capere
1291 3491 1550 3563 prmcidi;
1577 3486 1689 3556 jam
1724 3483 1890 3539 vestis
1911 3497 2014 3550 qua
2044 3489 2183 3548 tege-

601 3599 774 3664 haris,
803 3592 1003 3650 auferri
1033 3607 1047 3644 :
1075 3589 1201 3659 quia
1252 3580 1512 3655 quidquid
1576 3581 1628 3632 in
1675 3575 1749 3630 tui
1802 3573 1981 3628 cultus
2027 3586 2187 3624 orna-

603 3691 746 3747 tibus
769 3684 1074 3757 pulchrum,
1109 3675 1365 3749 quidquid
1396 3673 1448 3726 in
1490 3667 1838 3726 facultatibus
1867 3663 2184 3734 pretiosum,

599 3793 654 3837 te
685 3777 836 3835 velut
879 3773 1109 3836 ambire,
1138 3766 1225 3824 vel
1250 3777 1469 3821 comere
1506 3762 1559 3815 in
1591 3755 1954 3814 exterioribus
2005 3751 2184 3806 cerui-

601 3882 710 3937 tur,
736 3866 898 3940 86],
926 3864 980 3919 in
1017 3858 1232 3933 pietatis
1256 3868 1417 3925 opera
1440 3849 1679 3920 quotidie
1713 3845 2046 3918 proﬂigatur.
2083 3840 2187 3894 lle-

601 3971 711 4021 stat
739 3930 978 4032 a'govad
1013 3930 1254 4030 intimam
1283 3943 1464 4016 sponsi
1509 3941 1582 3996 tui
1611 3939 1723 4010 jam
1769 3933 2054 4007 pervenire
2077 3930 2200 3983 dul-'

602 4021 886 4117 cedinem,
919 4057 974 4104 et
1019 4023 1395 4100 suavissimam
1446 4034 1592 4088 illam
1633 4024 1989 4085 confuederati
2028 4021 2187 4091 spiri-

605 4156 690 4200 tus
717 4141 1022 4198 unitatem:
1055 4153 1072 4185 ι
1110 4132 1216 4199 Qui
1265 4128 1409 4183 enim
1459 4124 1695 4178 adltmret
1745 4117 1990 4180 Domino,
2051 4127 2188 4166 unus

608 4253 730 4292 cum
757 4249 824 4290 eo
855 4229 1076 4300 spiritus
1107 4234 1188 4280 est
1219 4222 1268 4292 (l
1307 4220 1430 4275 Cor.
1472 4218 1572 4287 vt),
1619 4236 1636 4268 ι
1677 4213 1949 4274 videlicet,
1996 4218 2054 4263 ut
2098 4208 2188 4262 ille

604 4327 773 4386 divini
791 4325 994 4380 amoris
1019 4315 1307 4387 sapor.tuis
1337 4310 1633 4365 visceribus
1662 4305 1867 4365 influat,
1889 4302 1976 4355 illa
2008 4299 2188 4354 suavi-

604 4421 731 4477 tatis
756 4418 959 4474 intima:
995 4413 1208 4465 ﬂamma
1252 4407 1326 4459 tui
1351 4402 1584 4474 pectoris
1615 4413 1815 4452 arcana
1857 4393 2147 4450 succendat
2170 4432 2183 4452 ,

604 4527 770 4584 quam
817 4518 874 4564 et
929 4506 1092 4560 miser
1127 4499 1364 4557 mundus
1400 4503 1454 4549 et
1501 4507 1653 4548 mens
1696 4500 1924 4559 qumque
1956 4485 2190 4541 carnalis

605 4607 841 4677 ignorat,
885 4607 943 4652 ut
992 4595 1121 4650 illud
1171 4587 1523 4646 Canticorum
1573 4583 1828 4636 ardenter
1873 4578 2187 4634 exclames:

614 4669 870 4750 thuttur
909 4686 1087 4743 dilecti
1114 4681 1219 4737 mei
1237 4677 1642 4738 suavissimum,
1675 4679 1730 4727 et
1753 4677 1896 4726 totus
1919 4669 2196 4725 desidera-

608 4787 738 4841 bilis
765 4782 943 4853 (Cant.
974 4778 1054 4846 v),
1084 4795 1102 4826 ι
1128 4781 1182 4829 et
1207 4771 1300 4826 ille
1325 4767 1418 4821 tibi
1475 4763 1844 4820 vicissitudine
1885 4768 2036 4831 grata
2112 4770 2196 4810 re-

612 4846 874 4947 spondeat
907 4889 920 4923 :
958 4889 974 4921 ι
1015 4868 1192 4921 Favus
1227 4859 1492 4916 distillans
1524 4857 1787 4918 labiatua,
1830 4865 2058 4921 sponsa;
2087 4846 2188 4900 mel

616 4971 673 5015 et
702 4961 785 5013 lac
811 4960 911 5012 sub
941 4947 2187 5026 linguatua,etodorvestimentorumtuormn,

618 5052 760 5105 sicut
779 5049 911 5101 odor
938 5046 1113 5099 thuris
1138 5041 1314 5111 (Cant.
1347 5037 1443 5106 tv).
1482 5057 1500 5088 ι
1531 5037 1641 5092 Nec
1677 5034 1911 5090 turberis
1934 5032 1978 5084 si
2011 5044 2114 5098 qua
2140 5039 2192 5082 te

615 5136 870 5194 fortassis
898 5136 1193 5189 adversitas
1223 5125 1406 5190 feriat.
1453 5133 1522 5186 ob
1553 5131 1605 5185 id
1645 5129 1788 5184 enim
1821 5125 1900 5188 fit,
1933 5133 1992 5176 ut
2020 5123 2189 5196 inter-

629 5242 730 5283 nus
756 5224 843 5278 ille
870 5223 1159 5290 dispositor
1200 5228 1265 5280 ad
1311 5229 1451 5282 hanc
1498 5235 1549 5279 te
1602 5217 1937 5276 dulcedinem
1989 5211 2190 5264 trahat.

2292 405 2347 450 ut
2392 398 2457 448 ad
2501 391 2932 462 repromissionis
2977 405 3103 442 arva
3143 388 3469 440 contendere
3513 385 3864 440 festinantius

2287 493 2629 556 provocetur.

2871 547 3097 606 CAPUT
3138 546 3243 600 VII.

2293 665 2542 736 Exempla
2573 679 2749 736 regum
2779 679 2852 736 ac
2873 663 3086 736 ducunt,
3113 661 3199 728 qui
3225 656 3404 736 ntupdi
3434 654 3736 723 felicitatem
3774 667 3866 706 nt-

2640 727 2940 803 )‘elicissimo
2975 734 3113 783 exitu
3139 727 3492 794 perdiderunt.

2357 846 2528 903 Porro
2556 854 2615 899 ut
2637 846 2701 899 de
2731 855 2782 897 te
2809 842 3016 904 sileam,
3048 854 3166 906 quae
3192 836 3389 890 talione
3415 833 3612 888 vicaria
3625 840 3678 886 et
3703 829 3868 887 odisti

2288 937 2544 992 mundum
2573 943 2625 989 et
2649 948 2838 1004 perosa
2860 931 2970 999 jam
3003 926 3307 998 cxploderis
3341 925 3563 987 mundo,
3618 921 3867 992 nunquid

2290 1036 2344 1081 et
2371 1026 2503 1096 ipsis
2533 1025 2769 1094 regibus,
2798 1037 2826 1075 a
2869 1019 3063 1089 quibus
3103 1017 3332 1071 mundus
3373 1016 3474 1069 iste
3515 1013 3756 1082 diligitur
3809 1023 3867 1065 et

2289 1117 2484 1186 quibus
2513 1114 2750 1182 captiosa
2813 1110 3001 1164 fraude
3046 1108 3340 1170 blanditur,
3389 1120 3494 1157 non
3543 1107 3866 1172 quantocius

2290 1207 2341 1259 in
2373 1203 2786 1259 amaritudinem
2810 1199 3037 1254 vertitur
3063 1205 3120 1250 ut
3175 1195 3428 1248 nimirum
3454 1191 3642 1255 hodie,
3669 1191 3757 1260 qui
3795 1205 3866 1244 ex

2287 1295 2534 1350 hostibus
2562 1292 2803 1347 victoriae
2851 1289 3001 1359 signa
3051 1293 3305 1355 reportet,
3351 1281 3689 1350 triumphalis
3739 1295 3866 1333 cum

2287 1387 2470 1457 gloria!
2493 1400 2687 1454 pompa
2717 1381 3000 1454 praecedat,
3034 1389 3088 1432 et
3109 1392 3231 1431 cras
3253 1374 3398 1428 illum
3422 1371 3728 1443 ignobiliter
3751 1380 3864 1424 ter-

2285 1494 2350 1547 ga
2383 1485 2702 1539 vertentem,
2734 1472 2944 1528 hostilis
2975 1483 3166 1523 mucro
3201 1465 3562 1520 transfodiat?
3590 1464 3870 1518 Baltassar

2288 1583 2480 1636 nempe
2511 1567 2626 1635 ipso
2656 1565 2742 1619 die
2799 1578 2905 1632 quo
2937 1576 3063 1613 vasa
3094 1557 3277 1616 templi
3304 1555 3514 1611 Domini
3544 1553 3653 1622 jam
3687 1562 3867 1606 temu-

2290 1658 2468 1712 lentos
2493 1655 2914 1710 concubinarum
2945 1651 3102 1705 labiis
3124 1649 3330 1702 fiedare
3359 1643 3723 1715 praesumpsit,
3751 1641 3864 1696 Me-

2299 1750 2489 1804 dorum
2527 1746 2738 1817 gladiis,
2781 1744 2942 1797 Dario
2978 1743 3256 1794 victoriam
3276 1738 3575 1799 obtinente,
3598 1732 3867 1801 subjacuit

2291 1838 2453 1909 (Dan.
2473 1837 2548 1906 v).
2577 1834 2744 1889 Galba
2763 1833 3043 1886 Romanus
3071 1831 3366 1896 imperator
3382 1833 3611 1895 quatuor
3631 1832 3868 1876 tantum-

2290 1928 2449 1981 modo
2477 1925 2750 1980 mensibus
2783 1921 3086 1992 imperavit,
3129 1927 3182 1972 et
3219 1917 3270 1971 in
3303 1915 3485 1970 Roma:
3527 1913 3642 1968 foro
3684 1913 3867 1982 gladio

2290 2031 2580 2086 percussus
2608 2013 2882 2068 oceubnit.
2913 2011 3092 2064 Taceo
3140 2007 3429 2070 Neronem,
3471 2011 3735 2072 praetereo
3771 2000 3870 2057 0t-

2291 2115 2492 2168 tonem,
2522 2118 2658 2172 quos
2680 2117 2710 2155 a
2738 2099 3041 2168 semetipsis
3096 2095 3406 2150 interfectos
3454 2092 3711 2146 Romanae
3753 2093 3864 2144 rei-

2289 2194 2514 2265 publica:
2539 2201 2806 2247 testantur
2831 2190 3088 2244 historiae.
3118 2186 3304 2240 Nonne
3348 2183 3589 2237 Vitellius
3613 2184 3869 2236 intereru-

2287 2299 2411 2358 plus
2457 2295 2542 2341 est
2575 2301 2605 2338 a
2634 2283 2859 2339 ducibus
2913 2277 3266 2349 Vespasiani?
3307 2275 3493 2329 Nonne
3527 2284 3582 2327 et
3609 2271 3869 2327 Pertinax

2288 2379 2498 2434 Occisus
2524 2385 2608 2431 est
2633 2392 2663 2429 a
2697 2374 2956 2428 militibus
2977 2365 3348 2440 praetorianis?
3408 2365 3698 2426 Macrinus,
3748 2362 3865 2416 An-

2290 2466 2866 2532 toninus,Alexander,
2886 2462 3177 2531 Philippus,
3208 2457 3502 2520 Gallienus,
3537 2468 3710 2508 nonne
3742 2466 3864 2506 om-

2289 2577 2383 2616 nes
2405 2561 2457 2614 hi
2483 2561 2833 2628 imperatores
2859 2554 3108 2608 militaris
3140 2552 3370 2619 impetus
3398 2547 3601 2618 gladios
3631 2543 3869 2613 pertule-

2291 2656 2451 2709 runt?
2495 2651 2833 2707 Domitianus
2877 2655 3142 2716 pra-terea
3219 2653 3438 2696 suorum
3495 2635 3866 2705 coniuratione

2289 2747 2575 2802 confossus
2608 2754 2711 2798 est.
2748 2739 2956 2794 Probus
3002 2733 3288 2808 [Charus],
3329 2732 3453 2786 dum
3483 2737 3657 2782 castra
3701 2739 3863 2792 supra

2290 2837 2560 2907 Tigridem
2590 2835 2835 2896 haberet,
2862 2829 3068 2885 cwlesti
3115 2825 3334 2879 fulmine
3379 2830 3598 2891 repente
3623 2829 3865 2887 percup-

2293 2939 2379 2984 tns
2409 2937 2512 2981 est.
2547 2927 2652 2981 Sed
2679 2925 2769 2994 qui
2799 2923 2912 2975 Vult
2942 2919 3154 2989 plenius
3197 2929 3372 2980 nosse,
3398 2912 3640 2968 seriatim
3669 2909 3867 2962 Roma-

2291 3041 2372 3078 nze
2401 3020 2736 3091 antiquitatis
2790 3022 3076 3087 percurrat
3115 3012 3391 3073 historias,
3447 3007 3626 3077 ibique
3657 3002 3866 3073 liquido

2293 3115 2495 3170 videbit
2535 3128 2696 3182 quam
2747 3110 2899 3180 pauci
2934 3104 3242 3176 reipublica:
3292 3101 3563 3170 principes
3593 3091 3866 3150 communi

2291 3213 2464 3260 morte
2506 3201 2823 3257 defecerint.
2850 3196 2981 3250 Nam
3010 3203 3064 3247 et
3091 3190 3415 3250 Gordianus,
3455 3195 3509 3240 et
3554 3183 3864 3251 Philippus,

2293 3297 2511 3357 Decius,
2559 3291 2765 3353 Gallus,
2799 3286 3141 3343 Volusianus,
3188 3279 3496 3339 Gallienus,
3521 3272 3864 3340 Quinctilius,

2294 3382 2633 3442 Aurelianus,
2659 3375 3040 3437 Nmncrianus,
3071 3367 3328 3429 Licinius,
3370 3363 3667 3424 Consulis,
3727 3360 3870 3414 Cou-

2289 3475 2560 3530 stantinus
2589 3467 2796 3530 Junior,
2819 3463 3064 3518 Julianus
3090 3460 3373 3526 Apostata,
3399 3451 3616 3514 Valens,
3653 3447 3866 3504 Gratia-

2289 3579 2412 3630 nus,
2445 3559 2854 3617 Valentinianus
2884 3551 3095 3617 Junior,
3144 3549 3398 3610 Joannes,
3455 3540 3868 3596 Valentinianus

2289 3627 2502 3720 tertius,
2514 3649 2862 3719 Majorianus,
2877 3641 3218 3703 Anthemius,
3230 3636 3428 3705 Nepos,
3451 3646 3640 3689 omnes
3659 3629 3744 3683 isti
3758 3627 3863 3681 Ro-

2288 3749 2433 3805 mani
2447 3743 2658 3816 imperii
2673 3748 2928 3799 rectores,
2947 3748 3122 3788 nonne
3140 3729 3221 3784 vel
3242 3730 3292 3782 in
3304 3728 3414 3781 otio
3426 3723 3591 3795 362
3611 3717 3863 3775 seditiosa

2288 3851 2509 3895 suorum
2543 3841 2670 3889 sunt
2695 3828 2884 3883 fraude
2914 3821 3114 3888 necati,
3146 3818 3229 3874 vel
3268 3817 3322 3872 in
3354 3817 3633 3885 procinctu
3665 3806 3865 3863 hostili-

2289 3985 2428 4092 quid.
2456 4015 2662 4088 profuit
2707 3985 2850 4081 quod
2903 4020 3090 4061 eorum
3148 4002 3200 4055 in
3238 3999 3340 4052 hoc
3387 3993 3579 4049 smeulo
3607 3985 3863 4059 prolixius

2289 4086 2494 4168 annosa
2545 4107 2656 4160 vita
2703 4097 2948 4155 duravit?
2999 4094 3156 4157 Nam,
3188 4099 3245 4144 ut
3275 4086 3481 4142 infinita
3524 4088 3857 4153 praeteream,

2289 4204 2608 4263 Valerianus
2639 4199 2933 4265 imperator
2968 4188 3022 4241 in
3057 4176 3440 4250 Mesopotamia
3468 4187 3589 4229 cum
3621 4168 3820 4237 Sapore
3843 4203 3856 4224 ,

2288 4299 2576 4353 Persarum
2602 4263 2749 4359 rege,
2773 4281 3014 4355 puellum
3035 4272 3308 4332 commisit
3329 4278 3384 4324 et
3409 4263 3670 4338 perdidit;
3703 4269 3860 4330 quem

2291 4388 2381 4444 ille
2410 4383 2657 4456 protinus
2687 4384 2903 4446 captum
2944 4362 3312 4424 irrevocabilis
3349 4355 3605 4413 custodia:
3639 4348 3862 4404 vinculis

2283 4474 2639 4550 ,mancipavit;
2661 4465 3046 4541 quinimirum,
3072 4457 3212 4513 sicut
3246 4450 3412 4508 tradit
3439 4444 3686 4506 historia,
3718 4442 3860 4510 igno-

3469 4537 3501 4550 ⁸-
3614 4542 3625 4550 ·
3699 4547 3720 4550 —
3748 4549 3753 4550 γ
3782 4543 3821 4550 ν-
3846 4528 3858 4550 I

2292 4569 2386 4625 bili
2438 4528 2579 4636 apud
2629 4528 2860 4613 Parthos
2906 4550 3170 4608 servitute
3224 4537 3533 4601 consenuit;
3578 4542 3632 4588 et
3691 4528 3860 4600 quoad

2296 4659 2450 4722 vixit,
2474 4623 2599 4710 huic
2628 4651 2903 4721 probrosae
2933 4640 3178 4698 addictus
3206 4644 3289 4690 est
3309 4644 3503 4704 paenae,
3538 4636 3596 4680 ut
3624 4623 3860 4695 ejusdem

2293 4749 2589 4822 provincia:
2614 4758 2724 4803 rex,
2759 4740 3041 4793 incurvato
3080 4747 3170 4796 eo,
3199 4729 3391 4798 pedem
3420 4719 3725 4778 cervicibus
3753 4713 3864 4780 ejus

2283 4843 2631 4916 imprimeret
2660 4845 2712 4890 et
2745 4834 2821 4887 sic
2863 4829 2916 4884 in
2962 4839 3158 4895 equum
3187 4816 3496 4889 arrogantia
3528 4809 3762 4866 tumidus
3783 4819 3863 4857 as-

2286 4898 2490 4991 siliret.
2523 4929 2657 4997 Quis
2682 4934 2764 4979 est
2801 4922 2966 4984 enim,
2994 4915 3080 4972 cui
3114 4929 3171 4969 se
3193 4911 3403 4966 fortuna
3425 4921 3532 4960 non
3559 4898 3865 4958 transferat,

2298 5037 2354 5082 et
2387 5023 2545 5078 modo
2576 5020 2642 5074 de
2679 5013 2920 5070 adversis
2945 5010 2998 5064 in
3028 5018 3306 5078 prospera,
3331 4997 3490 5053 modo
3515 4993 3581 5047 de
3599 4984 3870 5060 prosperis

2300 5117 2353 5171 in
2387 5113 2613 5167 adversa
2642 5106 2857 5163 scenica
2901 5115 2959 5156 se
2997 5097 3259 5151 varietate
3307 5083 3620 5144 convertat?
3663 5080 3868 5146 Quanta

2305 5206 2464 5278 plane
2489 5201 2686 5273 gloria,
2713 5203 2949 5267 quantus
2974 5202 3191 5244 suorum
3227 5181 3379 5236 favor
3397 5175 3580 5232 arrisit
3603 5165 3868 5231 Annibali,

2583 5292 2594 5308 ι
2626 5259 2834 5308 σί-’---
2870 5280 3090 5308 n....l..m
3130 5273 3391 5308 Emilinm
3425 5283 3544 5308 num
3576 5271 3654 5308 tnl
3680 5259 3872 5308 Roma-

2626 5290 2661 5308 Π
2677 5306 2688 5308 -
2705 5305 2713 5308 -
2743 5300 2834 5308 ..-ρ
2870 5280 3090 5308 ῃιιιιιιιιιὶ
