4136 5308
376 233 436 288 81
447 230 478 284 7

1246 230 1470 290 OPUSC
1530 232 1662 288 LVI.
1698 263 1766 274 —
1809 232 1899 289 DE
1946 233 2175 288 FLUXA
2218 231 2439 288 MUNDI
2479 228 2726 286 GLORIA

379 348 500 413 lvus,
524 345 909 418 Carthaginem
937 345 1258 400 destinavit?
1283 345 1552 401 Plurimus
1591 346 1761 402 etiam
1792 347 1956 401 ludite
1984 352 2031 407 Α
2061 345 2180 398 dem
2207 359 2350 398 anno
2377 352 2604 412 uterque
2644 341 2928 398 defunctus
2960 352 3062 397 est.
3105 346 3256 410 Quod
3287 355 3467 398 autem
3495 356 3638 414 post-

379 435 485 496 δὶδί
523 436 771 491 civitates
814 435 1076 496 subdidit,
1113 435 1249 488 adeo
1285 445 1341 488 ut
1375 435 1488 504 jam
1527 435 1759 488 Romani
1813 437 1958 489 cives

383 526 591 581 Italiam
626 526 930 595 relinquere
969 525 1360 586 decrevissent,
1397 534 1452 578 et
1495 533 1697 576 statum
1729 523 1962 578 labentis

384 615 594 684 imperii
624 613 1265 682 funditus-desperarent.
1316 612 1422 667 Sed
1467 614 1713 682 quamin
1744 621 1959 668 contra-

382 708 523 761 rium
552 720 838 761 successus
869 706 970 760 iste
994 719 1290 759 conversus
1313 716 1415 766 est,
1446 719 1569 758 cum
1601 703 1759 772 Mago
1796 703 1962 757 frater

379 795 498 863 ejus
522 811 551 848 a
575 794 826 865 Scipione
854 795 993 864 apud
1023 793 1402 864 Carthaginem
1431 791 1704 862 Hispania:
1727 793 1958 862 capitur,

380 884 700 939 Asdrubalis
730 884 958 940 alterius
983 884 1172 938 fratris
1201 891 1364 953 caput
1395 897 1657 937 mucrone
1685 883 1961 937 desectum

379 985 510 1033 ante
535 977 703 1047 ipsius
739 977 1026 1032 Annibalis
1069 987 1250 1032 castra
1290 975 1593 1046 projicitur,
1652 975 1768 1044 ipse
1818 974 1966 1030 dein-

377 1082 509 1137 ceps
531 1076 654 1138 post
679 1067 996 1123 inevasibile
1023 1067 1162 1137 fuga:
1189 1065 1508 1135 periculum,
1553 1078 1613 1119 ut
1660 1080 1870 1120 veneno
1906 1079 1966 1118 se

376 1161 614 1227 perimat
643 1160 960 1213 imminente
994 1157 1323 1214 necessitate
1366 1154 1745 1226 compellitur?
1789 1156 1965 1222 Quam

375 1251 435 1304 in
469 1252 800 1306 contrarium
824 1265 978 1305 versa
1000 1259 1086 1304 est
1105 1258 1160 1304 et
1185 1249 1327 1303 illius
1347 1249 1532 1303 eximii
1560 1247 1778 1302 fortuna
1805 1247 1964 1302 Pom-

374 1341 513 1410 peii,
561 1342 654 1410 qui
699 1349 822 1411 post
862 1350 936 1395 tot
985 1341 1287 1410 triumphos
1337 1340 1628 1410 clarasque
1685 1340 1963 1404 victorias,

372 1448 517 1502 quas
541 1433 756 1487 diverso
797 1441 1064 1486 terrarum
1103 1432 1234 1486 orbe
1273 1432 1534 1496 confecit,
1566 1439 1852 1502 postquam
1889 1433 1968 1485 vi-

373 1527 518 1595 ginti
548 1525 684 1579 duos
707 1541 861 1595 reges
890 1527 941 1578 in
973 1526 1089 1580 solo
1115 1525 1362 1580 orientali
1398 1527 1620 1582 climate
1657 1527 1964 1595 superavit,

372 1616 506 1670 vilis
554 1614 778 1670 Achilla:
822 1616 1001 1686 gladio
1043 1617 1401 1671 detruncatus
1442 1617 1733 1672 occubuit?
1784 1615 1968 1670 Caesar

368 1707 564 1771 etiam,
593 1722 752 1776 quem
779 1707 1020 1761 victoria:
1053 1707 1309 1777 cupidum
1342 1716 1488 1762 totus
1526 1708 1786 1762 occiduus
1815 1707 1963 1761 orbis
1993 1717 2040 1776 Β

367 1799 583 1852 satiare
607 1813 712 1852 non
744 1807 982 1868 poterat,
1024 1798 1111 1852 cui
1156 1798 1305 1853 velut
1332 1800 1550 1870 quidam
1582 1798 1969 1854 contradictio-

365 1889 468 1944 tris
515 1889 672 1953 obex,
713 1892 868 1944 ut-ita
928 1890 1138 1960 loquar,
1197 1892 1537 1960 importunus
1586 1900 1642 1944 et
1698 1905 1961 1958 arrogans

362 1985 630 2039 Oceanus
659 1983 984 2048 obsistebat,
1031 1984 1186 2054 cujus
1229 1999 1323 2038 ora
1351 1982 1682 2037 flammantia
1715 1982 1969 2036 innume-

370 2072 632 2128 rabilium
665 2082 876 2143 strages
922 2075 1161 2145 gentium
1194 2091 1300 2127 non
1333 2073 1706 2143 complebant,
1757 2079 1971 2126 senato-

375 2167 494 2220 rios
535 2165 677 2218 intra
724 2163 936 2218 curiam
966 2164 1174 2235 gladios
1209 2164 1452 2233 pertulit,
1476 2179 1508 2216 a
1537 2162 1736 2232 quibus
1789 2161 1971 2230 utique

373 2256 572 2328 \iginli
600 2256 812 2311 duabus
840 2256 1012 2326 plagis
1037 2254 1321 2311 confossus
1351 2253 1590 2309 interiit..

977 2345 1206 2402 CAPUT
1237 2345 1370 2399 Vlll.

382 2437 647 2508 Exempla
679 2442 983 2508 mulierum,
1007 2455 1232 2510 quarunt
1273 2439 1472 2510 gaudia
1507 2454 1648 2491 mors
1679 2436 1968 2506 occupat-it.

382 2540 404 2579 ξ
451 2531 705 2602 Nunquid
754 2545 816 2587 et.
841 2533 1097 2588 mulieres
1139 2533 1206 2586 ab
1253 2532 1412 2601 hujus
1452 2531 1737 2585 mundana:
1779 2531 1974 2598 decep-

378 2620 550 2674 tionis
587 2621 742 2675 rotali
771 2623 1034 2691 vertigine
1086 2621 1433 2691 reperiuntur
1469 2619 1774 2674 immunes?
1818 2618 1972 2672 Cleo-

379 2718 537 2778 palm
572 2725 764 2778 nempe
795 2710 1080 2781 magnifice
1131 2709 1225 2763 toti
1288 2708 1667 2764 dominabatur
1705 2707 1971 2778 Egypto,

382 2800 535 2868 quod
566 2800 816 2853 videlicet
844 2816 1066 2869 regnum
1114 2809 1332 2854 centum
1388 2799 1555 2852 millia
1604 2799 1851 2852 villarum
1890 2799 1976 2851 in-

381 2890 606 2944 cludere
635 2891 969 2960 pethibetur.
999 2891 1115 2946 llue
1143 2891 1370 2946 accessit
1396 2891 1538 2960 quod
1564 2890 1852 2954 Antonius,
1883 2890 1972 2958 qui

381 2981 594 3037 Orienti
630 2983 785 3037 simul
818 2983 1113 3052 imperabat
1142 2992 1195 3037 et
1218 2983 1381 3048 Asia},
1423 2982 1705 3037 Octaviani
1745 2983 1970 3052 Augusti

2063 437 2302 499 modum,
2331 445 2454 487 ante
2485 434 2585 486 hoc
2636 432 2805 488 ferme
2834 433 3130 498 biennium,
3173 434 3295 488 luna
3333 435 3386 488 in
3413 437 3633 502 sangui-

2065 543 2186 582 nem
2216 542 2365 582 versa
2394 537 2496 591 est,
2529 527 2651 596 quia
2688 529 2904 597 sanguis
2925 538 3140 598 peccata
3164 529 3432 600 significat
3461 550 3471 582 :
3505 551 3521 580 ι
3552 530 3641 583 Li-

2065 621 2194 675 bera
2229 634 2335 682 me,
2371 619 2545 688 inquit
2567 618 2757 684 David,
2787 620 2852 674 de
2882 621 3254 691 sanguinibus,
3287 622 3428 677 D'eus
3462 623 3636 687 (Psal.

2067 713 2147 779 ι),
2184 730 2201 762 ι
2239 711 2291 764 in
2316 720 2576 780 quantum
2611 709 2737 764 mihi
2766 711 2994 774 videtur,
3036 713 3110 766 nil
3167 713 3312 766 aliud
3360 713 3458 767 nisi
3513 729 3639 768 san-

2065 811 2208 857 etam
2247 801 2568 872 significavit
2592 800 2913 865 Eeelesiam,
2959 801 3229 857 Cadaloici
3255 803 3476 857 sceleris
3508 819 3639 858 san-

2065 891 2229 959 guine
2254 891 2665 946 cruentandam.
2696 891 2962 946 Cadalous
2991 892 3135 946 enim
3175 893 3369 948 millies
3419 893 3642 950 anathe-

2068 984 2376 1042 matizatus.
2424 983 2551 1036 dum
2601 998 2696 1052 pro
2736 983 3002 1036 venaliter
3030 983 3353 1052 acquirenda
3400 985 3640 1039 Romana

2067 1071 2308 1126 Ecclesia
2337 1072 2576 1126 infinitas
2608 1089 2703 1142 per
2729 1073 2953 1141 populos
2979 1075 3236 1144 pecunias
3267 1076 3490 1146 spargit,
3521 1091 3644 1132 eor~

2069 1164 2134 1218 da
2156 1163 2435 1217 hominum
2461 1178 2558 1232 per
2607 1164 2894 1217 avaritiam
2922 1164 2973 1216 in
2999 1164 3127 1218 a:ris
3152 1165 3383 1234 speciem
3416 1167 3560 1220 velut
3586 1166 3642 1221 in

2069 1256 2384 1326 sanguinem
2430 1256 2612 1310 vertit.
2643 1254 2842 1325 Sicque
2869 1257 2995 1309 dum
3041 1255 3353 1325 pestilentes
3405 1257 3651 1313 homines

2069 1346 2267 1400 metalli
2284 1344 2443 1413 hujus
2459 1361 2564 1402 non
2584 1345 2834 1401 desinunt
2868 1343 3068 1400 habere
3107 1346 3445 1410 rubediuem,
3472 1345 3650 1416 splen-

2069 1437 2168 1491 dor
2193 1435 2450 1490 Eeelesia:
2470 1435 2870 1505 quodammodo
2900 1435 3130 1490 vertitur
3155 1436 3208 1489 in
3237 1451 3508 1490 cruorem.
3543 1435 3651 1490 Cor

2067 1526 2212 1579 enim
2251 1527 2393 1594 quod
2421 1525 2566 1594 cupit
2593 1523 2710 1593 ejus
2742 1534 2870 1579 ante
2910 1524 3005 1580 Dei
3044 1525 3232 1580 oculos
3277 1527 3510 1594 speciem
3566 1525 3651 1580 in-

2069 1616 2203 1670 duit.
2229 1615 2334 1670 Sed
2373 1616 2485 1670 hate
2509 1615 2661 1670 alias.

2681 1705 2910 1762 CAPUT
2949 1705 3038 1761 IX.

2145 1818 2304 1884 Quod
2350 1819 2486 1871 idem
2525 1819 2605 1870 sit
2635 1817 2888 1955 omnitknr
2919 1817 3222 1872 mortalium
3269 1818 3478 1872 initium
3521 1835 3586 1874 ac

2835 1904 2934 1941 ms.

2835 1904 2934 1941 ms.

2149 1979 2214 2034 lit
2240 1979 2404 2050 igitur
2443 1978 2509 2033 ad
2563 1979 2613 2032 id
2654 1975 2794 2032 unde
2821 1977 3096 2048 digressus
3117 1991 3235 2032 sum
3281 1976 3656 2040 redeam,om-

2069 2083 2168 2123 nes
2199 2069 2466 2132 homines,
2496 2068 2610 2121 sive
2659 2075 2925 2138 potentes,
2969 2068 3084 2121 sive
3123 2067 3232 2120 sint
3271 2065 3478 2134 inopes,
3513 2079 3656 2119 eam-

2072 2158 2195 2213 dem
2228 2158 2532 2212 sortiuntur
2571 2156 2859 2226 originem,
2909 2170 3008 2210 nee
3062 2154 3378 2209 dissimilem
3426 2153 3647 2208 habitur

2073 2260 2203 2305 sunt
2232 2249 2418 2303 finem.
2457 2249 2603 2303 Inter
2634 2249 2732 2303 hos
2763 2257 2940 2302 autem
2971 2249 3105 2303 duos
3151 2247 3352 2302 limites
3389 2255 3473 2300 est
3513 2259 3660 2316 quae-

2074 2341 2195 2395 dam
2227 2341 2351 2394 vitae
2375 2340 2684 2404 diversitas,
2721 2348 2780 2393 ut
2819 2337 2907 2392 alii
2937 2353 2996 2392 se
3025 2338 3325 2408 glorientur
3362 2350 3483 2391 esse
3531 2352 3659 2406 spe-

2073 2435 2320 2495 ctabiles,
2353 2432 2518 2488 aliise
2549 2432 2764 2487 doleant
2795 2432 3114 2501 indigentes.
3145 2431 3250 2486 Sed
3283 2430 3663 2484 hazcltumana:

2076 2525 2201 2578 vita:
2253 2523 2531 2588 varietas,
2599 2531 2975 2576 momentanea
3027 2530 3329 2589 temporum
3384 2519 3658 2573 brevitate

2077 2615 2446 2678 concluditur,
2472 2622 2531 2667 ut
2559 2621 2613 2666 et
2635 2612 2762 2666 elati
2791 2612 2990 2684 quique
3025 2610 3230 2664 diutius
3270 2611 3333 2664 de
3377 2624 3474 2663 sua
3524 2622 3650 2677 pro-

2079 2706 2340 2775 speritate
2366 2721 2473 2761 non
2511 2705 2803 2773 gaudeant,
2836 2714 2892 2759 et
2939 2703 3152 2771 inglorii
3183 2717 3292 2756 suae
3332 2700 3656 2771 dejectionis

2081 2796 2481 2850 incommodum
2539 2793 2858 2848 festinanter
2911 2793 3160 2847 evadant.
3192 2792 3344 2856 Quod
3400 2800 3485 2844 est
3533 2805 3665 2860 ergo

2081 2888 2403 2960 principium
2429 2895 2670 2942 nostrum
2701 2895 2757 2940 et
2791 2885 2881 2955 qui
2923 2884 3063 2949 finis,
3092 2899 3231 2953 qua),
3274 2883 3415 2937 sicut
3461 2882 3664 2936 dictum

2083 2990 2182 3043 est,
2219 2979 2428 3031 variare
2456 2991 2561 3031 non
2593 2992 2908 3047 possumus;
2948 2975 3040 3031 sed
3074 2989 3262 3030 omnes
3294 2974 3345 3027 in
3375 2987 3667 3028 commune

379 3087 627 3127 sororem
656 3075 877 3142 repudio
907 3075 1128 3144 sprevit,
1162 3084 1216 3128 et
1245 3075 1382 3129 hanc
1422 3074 1520 3128 sibi
1556 3072 1808 3127 infaustis
1878 3088 1974 3126 au-
2003 3060 2048 3122 C
2081 3070 2334 3124 mortales
2388 3071 2500 3125 hate
2545 3068 2917 3124 indifferenter
2972 3067 3344 3138 possidemus?
3385 3065 3492 3121 Sed
3540 3065 3667 3119 audi

381 3162 574 3232 spiciis
617 3163 669 3216 in
705 3164 1107 3218 matrimonium
1136 3164 1426 3234 copulavit.
1476 3164 1674 3217 Verum
1710 3164 1776 3218 ad
1811 3179 1970 3234 quem

381 3256 550 3310 finem
583 3265 692 3310 tam
724 3257 948 3328 gloriosi
1007 3267 1224 3325 tamque
1257 3257 1526 3326 magnifici
1567 3257 1826 3327 conjuges
1853 3271 1975 3324 per-

382 3348 687 3400 venerunt?
711 3347 974 3401 Antonius
1015 3348 1282 3416 siquidem
1329 3348 1396 3401 ab
1431 3347 1672 3417 Augusto
1703 3347 1840 3416 apud
1872 3347 1974 3400 Ac-

384 3438 525 3491 tium
555 3437 732 3490 ttavali
768 3437 954 3506 pratlio
979 3446 1266 3508 superatus
1293 3438 1346 3491 in
1370 3437 1663 3509 {Egyptum
1692 3438 1846 3508 fugit,
1875 3437 1974 3491 ibi—

380 3543 491 3596 que
519 3527 816 3597 desperatis
847 3529 1006 3582 rebus
1035 3529 1148 3598 ipse
1185 3530 1284 3584 sibi
1323 3539 1547 3584 mortem
1581 3531 1796 3598 propria
1841 3528 1976 3583 deli-

381 3617 671 3671 beratione
702 3619 983 3674 conscivit.
1021 3619 1127 3674 Sed
1177 3628 1230 3673 et
1268 3619 1554 3689 CleOpatra
1610 3619 1972 3688 postmodum,

383 3722 493 3759 non
526 3705 1134 3762 dissimilinecessitate
1155 3709 1324 3779 863
1346 3717 1556 3772 coacta,
1591 3709 1642 3761 in
1677 3717 1974 3778 pretiosum

384 3797 490 3850 viri
524 3797 606 3850 sui
645 3799 947 3865 sepulcrum
996 3815 1056 3853 se
1084 3810 1275 3867 sponte
1326 3798 1571 3869 projecit,
1628 3802 1976 3869 aspidemque

385 3888 624 3957 propriis
660 3889 915 3942 uberibus
941 3890 1225 3952 adhibens,
1253 3891 1379 3943 dum
1412 3901 1468 3942 et
1509 3889 1598 3943 illa
1655 3891 1976 3959 sanguinem

386 3989 629 4048 sugcret,
661 3991 713 4033 et
743 3981 856 4034 hate
882 3981 933 4033 in
963 3997 1020 4035 se
1060 3995 1263 4035 venena
1308 3982 1677 4045 contraheret,
1728 3983 1975 4051 exspira-

387 4074 488 4126 vit.
523 4073 840 4128 Semiramis
899 4077 1062 4128 etiam
1114 4082 1237 4144 post
1287 4074 1492 4130 obitum
1545 4074 1646 4127 viri
1687 4076 1795 4140 sui,
1847 4085 1978 4143 quot

386 4179 603 4237 strages
632 4168 856 4230 dederit,
881 4176 1014 4237 quot
1041 4167 1140 4222 sibi
1181 4183 1344 4238 regna
1373 4166 1692 4230 subdiderit,
1733 4181 1842 4234 quo
1885 4167 1978 4219 de-

389 4273 540 4309 mum
569 4256 674 4310 fine
706 4256 963 4311 defecerit
996 4257 1199 4326 liquido
1236 4269 1476 4312 veterum
1521 4266 1787 4311 testantur
1812 4273 1978 4310 anna-

389 4345 488 4398 les.
519 4343 654 4399 Cum
679 4362 806 4415 ergo
829 4347 992 4401 fallax
1026 4346 1182 4416 hujus
1214 4351 1394 4404 mundi
1429 4348 1656 4403 felicitas
1686 4358 1764 4404 tot
1792 4349 1974 4403 mundi

2077 3160 2376 3227 sapientem
2404 3159 2580 3213 virum
2610 3159 2659 3212 in
2687 3157 2824 3212 libro
2853 3157 3021 3231 864
3053 3157 3348 3226 Sapientiae
3375 3155 3668 3226 perhiben-

2079 3259 2188 3305 tem
2225 3268 2236 3304 :
2273 3269 2290 3302 ι
2331 3249 2488 3315 Sum,
2520 3250 2719 3320 inquit,
2743 3259 2797 3305 et
2839 3266 2939 3320 ego
2969 3249 3215 3304 mortalis
3252 3249 3438 3313 homo,
3475 3245 3671 3301 similis

2078 3342 2409 3408 hominibus,
2433 3351 2486 3397 et
2512 3356 2578 3396 ex
2608 3357 2805 3413 genere
2836 3350 3051 3396 terreno
3074 3341 3216 3395 illius
3266 3340 3358 3410 qui
3397 3339 3548 3410 prior
3586 3336 3666 3391 fa-

2077 3445 2198 3490 ctus
2221 3445 2324 3500 est,
2352 3444 2406 3489 et
2428 3435 2480 3488 in
2501 3444 2690 3488 ventre
2721 3433 2910 3487 matris
2936 3433 3194 3504 figuratus
3220 3448 3337 3486 sum
3363 3445 3513 3495 caro,
3557 3429 3656 3483 de-

2078 3542 2194 3582 cem
2225 3527 2494 3582 mensium
2534 3535 2777 3596 tempore
2807 3525 3124 3596 eoagulatus
3151 3540 3270 3579 sum
3310 3524 3364 3578 in
3397 3523 3663 3594 sanguine

2077 3636 2142 3674 ex
2174 3620 2380 3675 semine
2408 3619 2664 3683 hominis,
2695 3627 2750 3674 et
2781 3619 3177 3674 delectamento
3227 3617 3422 3672 somnii
3471 3630 3674 3672 conve-

2080 3711 2301 3774 nientis,
2359 3719 2414 3764 et
2455 3723 2555 3781 ego
2601 3718 2760 3763 natus
2789 3711 2971 3779 accepi
3000 3723 3345 3764 communem
3369 3722 3574 3767 aerem,
3609 3713 3668 3760 et.

2081 3804 2132 3857 in
2165 3803 2414 3857 similiter
2437 3802 2634 3856 factam
2666 3801 2839 3856 decidi
2874 3811 3098 3864 terram,
3129 3809 3183 3854 et
3210 3801 3437 3869 primam
3478 3813 3670 3852 vocem

2081 3895 2314 3950 similem
2369 3894 2622 3947 omnibus
2675 3894 2830 3947 emisi
2885 3893 3122 3962 plorans,
3183 3893 3234 3945 in
3285 3889 3672 3945 involumentis

2079 3983 2313 4037 nutritus
2339 3998 2454 4035 sum
2479 3993 2535 4035 et
2563 3982 2708 4036 curis
2732 3982 2941 4047 magnis
2971 3978 3122 4050 (Sap.
3147 3979 3264 4050 vn).
3289 4000 3306 4030 ι
3337 3977 3505 4033 Nemo
3527 3980 3675 4034 enim

2081 4091 2144 4130 ex
2185 4075 2400 4143 regibus
2435 4074 2584 4128 aliud
2616 4073 2806 4128 habuit
2847 4072 3143 4126 nativitatis
3191 4071 3426 4124 initium.
3465 4070 3566 4126 Ubi
3618 4079 3672 4126 et

2082 4167 2330 4238 protinus
2368 4167 2586 4220 additur
2622 4184 2633 4218 :
2675 4185 2691 4216 ι
2731 4165 2882 4220 Unus
2905 4179 3033 4234 ergo
3077 4164 3329 4218 introitus
3372 4172 3456 4218 est
3495 4164 3674 4217 omni-

2081 4259 2180 4313 bus
2218 4259 2282 4312 ad
2312 4258 2498 4322 vitam,
2541 4266 2594 4311 et
2633 4255 2824 4310 similis
2865 4255 3038 4310 exitus
3091 4252 3303 4326 (lbid.).
3364 4273 3382 4305 ι
3435 4252 3493 4308 Si
3542 4269 3673 4324 ergo

2081 4367 2241 4413 unus,
2296 4350 2440 4419 quod
2491 4349 2717 4414 dicitur,
2761 4348 2828 4402 ad
2869 4348 3038 4402 vitam
3087 4347 3343 4400 introitus
3383 4354 3438 4399 et
3478 4345 3672 4400 similis

391 4436 792 4491 calamitatibus
819 4440 888 4492 sit
917 4440 1174 4506 obnoxia,
1200 4457 1323 4494 cum
1377 4441 1618 4511 potentia
1667 4441 1978 4510 temporalis
2008 4408 2058 4468 Γ)
2086 4443 2265 4498 exitus
2294 4440 2580 4512 diligenter
2600 4439 2923 4505 attenditur,
2959 4438 3197 4493 varietas
3223 4437 3310 4492 illa
3340 4453 3460 4508 quae
3485 4451 3674 4492 versa-

389 4518 469 4576 tot
510 4525 729 4580 casibus
761 4527 1018 4580 varianda
1054 4530 1355 4598 suhjaceat,
1401 4537 1456 4582 et
1488 4544 1668 4582 rerum
1698 4529 1832 4584 ordo
1860 4544 1980 4584 sese

388 4611 539 4666 velut
568 4616 797 4669 scenicae
844 4617 1122 4685 vertiginis
1173 4618 1485 4672 alternitate
1514 4617 1834 4682 confundat,
1860 4620 1981 4687 quis

392 4720 540 4758 sana:
571 4706 765 4759 mentis
796 4722 824 4759 a
859 4706 1022 4761 rebus
1048 4717 1154 4761 tam
1195 4708 1404 4763 frivolis
1434 4718 1652 4778 tamque
1698 4709 1981 4780 fugacibus

398 4796 636 4850 animum
668 4813 772 4852 non
797 4799 1044 4852 avertat?
1075 4799 1208 4854 Nam
1235 4810 1293 4852 ut
1321 4808 1377 4854 et
1404 4799 1539 4870 ipsa,
1570 4815 1689 4868 qua:
1710 4781 1817 4855 'tibi
1855 4808 1984 4854 sunt

400 4886 704 4953 notissima,
730 4906 835 4944 non
882 4899 1227 4958 prasteream,
1256 4907 1376 4944 eum
1423 4897 1620 4960 quanta
1651 4890 1820 4960 gloria
1844 4905 1981 4960 papa

403 4972 606 5042 Victor,
633 4990 687 5032 et
714 4982 793 5035 vir
825 4992 952 5037 tuus
983 4981 1283 5054 imperator
1316 4981 1580 5039 llenrieus
1601 5024 1614 5051 ,
1648 4993 1874 5055 uterque
1902 4985 1984 5039 vir

404 5079 601 5123 sancta:
629 5076 932 5141 memoriae,
955 5085 1078 5134 tunc
1108 5089 1267 5134 erant
1290 5087 1343 5132 et
1365 5087 1522 5133 wtate
1549 5079 1786 5134 virentes
1814 5088 1867 5132 et
1904 5079 1988 5134 di~

404 5161 608 5230 gnitate
631 5162 901 5231 florentes,
936 5182 1054 5222 cum
1085 5171 1208 5228 luna
1252 5170 1602 5226 serenissima
1645 5179 1848 5226 terram
1883 5169 1987 5226 ful-

2092 4546 2180 4590 tur
2207 4534 2260 4588 iu
2303 4534 2502 4594 medio,
2544 4546 2766 4587 necesse
2804 4542 2887 4587 est
2927 4539 2986 4585 ut
3035 4541 3289 4603 tanquam
3327 4530 3480 4584 volax
3519 4529 3674 4600 fuga-

2090 4626 2170 4680 cis
2221 4623 2417 4677 somnii
2475 4623 2686 4676 vanitas
2745 4631 3145 4676 contemnatur.
3191 4622 3303 4675 Hoe
3333 4621 3494 4673 etiam
3533 4619 3674 4686 quod

2088 4715 2428 4787 pranuissum
2467 4722 2553 4767 est
2586 4733 2597 4767 :
2630 4731 2647 4764 ι
2696 4713 2890 4766 Decem
2917 4713 3185 4766 mensium
3213 4721 3452 4779 tempore
3483 4725 3680 4779 coagu-

2091 4808 2234 4862 latus
2260 4822 2377 4860 sum
2403 4806 2456 4858 in
2486 4807 2770 4876 sanguine,
2797 4821 2862 4859 ex
2891 4803 3100 4858 semine
3136 4802 3391 4864 hominis,
3440 4813 3496 4858 et
3536 4802 3680 4856 dele-

2091 4907 2362 4954 ctamento
2384 4898 2578 4951 somnii
2597 4894 2995 4954 convenientis;
3027 4914 3045 4945 ι
3069 4897 3112 4949 si
3141 4912 3244 4950 non
3268 4891 3685 4964 pigeatvigilan-

2094 5001 2178 5048 ter
2206 4990 2506 5051 advertere,
2537 5007 2657 5058 qua:
2689 5003 2838 5041 mens
2863 4989 2978 5040 haec
3003 4989 3260 5051 audiens,
3307 4986 3473 5056 typho
3514 4986 3690 5041 valeat

2093 5080 2416 5152 arrogantiae
2451 5080 2769 5151 superbire?
2804 5078 2870 5132 Et
2905 5079 3030 5146 quis
3075 5083 3332 5137 continuo
3380 5095 3488 5134 non
3539 5095 3690 5134 eom-

2093 5176 2328 5247 pellatnr
2383 5187 2501 5227 sese
2552 5189 2709 5229 nosse
2748 5169 3125 5241 putredinem,
3163 5177 3293 5230 dum
3335 5178 3441 5224 tam
3486 5174 3698 5228 obscm-
