4136 5308
577 310 684 368 829

1041 315 1094 369 S.
1122 316 1320 370 PETRI
1355 315 1633 371 DAMIANI
1670 317 1817 372 OPP.
1849 318 2082 374 TOMUS
2122 319 2249 372 SEli
2277 317 2450 371 PARS
2489 316 2573 372 ill.
2611 345 2682 358 -
2712 317 3068 376 OPUSCULA
3111 315 3337 372 V'ARIA.

3701 312 3816 366 820

575 427 844 483 communi
874 443 992 480 cum
1025 429 1234 483 cancris
1269 438 1476 482 natura:
1515 430 1628 499 lege
1664 431 1976 500 constringi,
2009 431 2149 483 desi-
2178 439 2224 495 Α
2251 431 2530 486 charitatis
2568 431 2746 495 unire,
2794 441 2853 485 ut
2895 446 3015 484 cum
3059 432 3283 502 mystica
3316 428 3404 482 illa
3435 442 3632 498 sponsa
3676 443 3806 481 con-

572 522 672 574 nat
695 516 763 572 de
783 517 1104 572 sublitnioris
1130 520 1309 587 gloria:
1337 520 1652 589 singularite
1675 519 1811 588 iacta
1823 521 1886 574 ri.

1199 608 1425 662 CAPUT
1467 609 1531 662 Χ.

796 695 877 747 Ad
904 698 1336 764 perseverantiam
1365 699 1684 751 exhortando
1706 709 1933 767 perorat.

644 779 725 838 Tu
755 793 956 848 autem,
998 787 1320 839 venerabilis
1365 787 1599 850 domina,
1645 803 1762 856 qua:
1790 803 1821 840 e
1849 804 2003 844 emno
2035 798 2145 845 ter-

577 881 718 922 renae
755 872 1019 939 superbia:
1065 873 1132 926 ad
1175 873 1403 928 sublime
1458 890 1599 928 verae
1631 875 1948 931 humilitatis
1999 876 2146 932 fasti-

569 956 718 1027 gium
743 961 1127 1026 conscendisti,
1171 963 1242 1016 ita
1271 973 1584 1018 constanter
1610 965 1662 1017 in
1701 962 1820 1034 ejus
1858 981 1985 1020 arce
2020 981 2142 1036 per-

571 1045 730 1109 siste;
772 1049 848 1102 sic
881 1049 932 1104 in
970 1067 1054 1116 ea,
1081 1068 1242 1120 quam
1279 1069 1376 1123 per
1398 1069 1545 1122 spem
1579 1055 1742 1109 semel
1787 1056 2031 1126 ingressa
2049 1073 2144 1124 es,

574 1143 714 1189 terra
746 1138 1063 1206 viventium,
1116 1145 1532 1210 perseverantia:
1576 1146 1764 1213 pedem
1804 1147 2147 1202 inmobiliter

573 1227 698 1295 tige,
729 1237 786 1282 ut
815 1230 868 1284 in
895 1233 1171 1287 saecularis
1217 1234 1316 1288 via:
1353 1235 1616 1291 lubricmn
1664 1253 1770 1292 non
1809 1237 1974 1294 libeat
2004 1239 2141 1294 ulte-

567 1317 684 1373 rius
709 1318 998 1377 declinare.
1033 1323 1166 1378 Nam
1197 1341 1316 1396 quae
1338 1327 1536 1380 dudum
1577 1329 1772 1382 terreni
1803 1329 1983 1385 fueras
2013 1345 2149 1386 uxor

569 1405 938 1478 imperatoris,
979 1431 1124 1469 nunc
1177 1431 1272 1486 per
1327 1427 1527 1472 sanctae
1569 1419 1920 1487 professionis
1966 1421 2143 1476 dotem

570 1510 768 1568 sponsa
796 1501 940 1556 facta
967 1517 1028 1558 es
1054 1504 1450 1576 Redemptoris.
1477 1507 1567 1562 Sic
1603 1509 1763 1578 igitur
1789 1510 1840 1563 ei
1865 1518 1916 1562 te
1939 1509 1994 1564 in
2018 1524 2142 1564 vera

567 1588 750 1644 cordis
775 1591 1077 1650 humilitate
1103 1597 1409 1662 substerne,
1441 1601 1520 1654 sic
1560 1600 1632 1654 illi
1679 1601 1884 1666 glutino
1923 1601 2144 1657 fervida

869 1783 1057 1802 Μ

585 1778 730 1799 ννι·“
778 1780 794 1786 “’

571 1878 938 1952 865'866

1059 1785 3201 1811 WW-

2250 524 2461 592 gruenti
2501 522 2684 577 valeas
2726 538 2854 576 voce
2881 533 3136 576 cantare:
3178 541 3196 574 ο
3228 521 3408 576 Inveni
3447 533 3608 589 quem
3633 519 3814 588 diligit

2250 613 2425 667 anima
2461 629 2600 678 mea,
2633 613 2774 666 tenui
2819 627 2965 676 eum,
3005 626 3105 665 nec
3152 611 3416 664 dimittam
3465 607 3639 679 (Cum.
3664 609 3748 676 t);
3781 627 3806 659 ι

2251 711 2307 756 et
2347 702 2474 756 illud
2508 721 2518 754 :
2557 721 2575 752 ι
2617 701 2851 755 Dilectus
2877 715 3026 754 meus
3055 701 3194 753 inter
3221 700 3384 752 ubera
3416 713 3532 752 mea
3570 711 3799 751 comma.

2250 792 2458 846 rabitur
2479 791 2686 858 (Ibid).
2718 807 2736 842 ι
2765 790 2835 845 Ut
2855 791 3105 860 quoniam
3133 805 3228 844 cor
3255 788 3487 844 hominis
3514 788 3653 840 inter
3678 787 3814 838 ube‘

2249 900 2307 937 ra
2333 886 2494 938 situm
2529 883 2720 946 latitat,
2761 882 3047 936 continuus
3079 879 3260 947 sponsi
3291 878 3363 932 tui
3394 893 3546 932 amor
3575 894 3606 929 τι
3629 875 3814 929 cordis

2247 975 2324 1030 tui
2351 975 2648 1029 visceribus
2671 989 2776 1027 non
2801 972 3048 1035 recedat;
3075 981 3130 1024 et
3167 970 3251 1024 cui
3284 984 3424 1023 nunc
3465 975 3646 1022 sancta
3693 966 3813 1018 ani-

2245 1082 2333 1121 ma
2363 1076 2454 1121 tuo
2478 1067 2532 1120 in
2559 1081 2742 1120 amore
2755 1062 3120 1134 conjungitur,
3152 1074 3488 1129 nequaquam
3519 1059 3583 1110 de
3611 1065 3813 1110 αξιοι-ο

2247 1172 2279 1211 a
2305 1155 2603 1210 dulcedinis
2648 1155 2764 1224 ejus
2812 1153 3179 1221 complexibus
3211 1150 3488 1213 cvellatur,
3544 1157 3814 1215 quatenus

2244 1247 2372 1302 illud
2403 1247 2456 1302 in
2492 1255 2548 1303 te
2590 1247 2740 1302 Isaia;
2779 1245 3089 1299 vaticinium
3123 1243 3440 1298 solemuiter
3477 1239 3755 1308 impleatur
3795 1279 3798 1282 .

2253 1355 2273 1389 ι
2301 1337 2564 1394 Gaudebit
2606 1351 2836 1408 sponsus
2866 1350 3026 1406 super
3049 1349 3325 1404 sponsam,
3351 1343 3406 1386 et
3432 1329 3678 1402 gaudebit
3711 1343 3811 1382 su-

2245 1441 2344 1496 per
2373 1436 2425 1480 te
2454 1425 2595 1482 Deus
2616 1437 2738 1481 tuus
2759 1425 2892 1494 (Ira.
2938 1425 3094 1493 tht).
3143 1443 3162 1475 ι

2584 1555 2661 1610 Sit
2693 1571 2875 1609 nomen
2902 1553 3107 1608 Domini
3129 1553 3474 1606 benedictmn.

3206 1790 3492 1810 ...ο-...Ἥ
3499 1789 3676 1805 -“η-
3685 1775 3772 1806 .‘J

995 1902 1766 2010 OPUSCULUM
1845 1904 3030 2034 QUINQUAGESIMUM
3093 1903 3798 2013 SEPTIMUM.

575 2110 682 2170 DE
737 2108 1120 2171 PRINCIPIS
1161 2110 1263 2172 OF
1271 2112 1314 2171 F
1323 2111 1482 2172 lClO
1525 2112 1606 2172 ΙΝ
1649 2111 2187 2174 COERCITIONE
2230 2113 2759 2174 IMPROBORUM
2793 2159 2809 2189 ,
2856 2117 3392 2180 ADDi'l‘AoALlA
3438 2118 3790 2180 EIUSDEM

1618 2213 1664 2272 A
1677 2213 1775 2273 BG
1788 2213 2089 2274 UMENTI
2131 2213 2785 2276 DlSSERTATlONE.

1968 2410 2360 2426 -ᾙ

566 2481 1336 2562 Διουηιῖιίτωιη-τεῇυεᾴρφ
1383 2483 1679 2562 Gothifredi
1731 2485 2190 2562 ducislenitatem
2243 2489 2296 2542 in
2322 2489 2626 2562 puniendis
2655 2491 2969 2562 criminibus
3020 2493 3396 2560 reprehendit,
3450 2493 3796 2562 ostenditque

640 2563 900 2633 quantum
927 2555 1090 2633 nimia
1116 2555 1441 2633 benignitate
1483 2555 1784 2625 principum
1821 2556 1873 2609 in
1907 2558 2127 2633 populos
2155 2555 2642 2633 damni'redundet.
2675 2555 3186 2633 Augeriprofecto,
3219 2577 3324 2617 non
3355 2555 3571 2630 reprimi
3607 2555 3806 2633 impro-

634 2627 822 2678 borum
852 2625 1162 2689 audaciam;
1198 2639 1390 2694 resque
1410 2625 1642 2679 humana
1671 2641 1873 2695 susque
1904 2626 2076 2695 deque
2107 2627 2355 2696 misceri,
2383 2627 2485 2683 nisi
2522 2639 2742 2698 peccata
2762 2625 2987 2700 paribus
3013 2633 3190 2701 poenis
3214 2625 3583 2687 coerceantur.

640 2762 989 2817 Gorutrneno
1027 2759 1478 2815 excellentissimo
1507 2759 1674 2824 duci,
1710 2757 1922 2814 Ps'rtws
1947 2773 2136 2828 pecca-
2166 2765 2212 2824 B
2239 2773 2380 2814 nunc
2423 2772 2520 2828 per
2565 2758 2842 2828 epistolam
2873 2758 3093 2830 replico.
3141 2759 3339 2814 Fateor
3377 2775 3540 2826 sane,
3579 2761 3804 2816 multum

572 2865 658 2909 tor
685 2854 977 2907 monachus
1011 2853 1238 2906 salutem
1276 2852 1328 2906 in
1354 2851 1598 2906 Domino.

639 2945 739 3010 Qui
774 2946 1100 3014 p‘ginentata
1132 2941 1369 3011 quotidie
1397 2940 1567 3005 bibit,
1598 2955 1662 2996 ac
1693 2937 1849 2993 melle
1889 2937 2103 2993 condita
2123 2977 2140 3002 ,

567 3036 852 3106 alititrmdo
869 3034 1022 3104 longa
1045 3033 1320 3087 dulcedine
1341 3042 1526 3102 gustus
1545 3029 1661 3099 ejus
1682 3030 1992 3092 oﬂ'enditur.
2010 3038 2064 3083 et
2085 3030 2140 3082 in

565 3129 879 3183 austeritate
901 3127 1021 3180 vilis
1049 3123 1532 3195 vappejncundins
1555 3120 1870 3174 delectatur.
1893 3119 1960 3173 Et
1989 3129 2139 3172 certe

563 3235 663 3290 per
675 3218 1011 3273 Salomonem
1025 3217 1239 3277 dicitur,
1257 3214 1412 3282 quia:
1434 3231 1452 3263 ι
1477 3212 1576 3278 Qui
1596 3211 1698 3265 mel
1723 3211 1945 3264 multum
1965 3225 2145 3264 come-

567 3310 666 3373 dit,
705 3325 810 3362 non
837 3318 920 3361 est
945 3307 993 3360 ei
1025 3306 1239 3359 bonum.
1275 3323 1294 3356 ι
1346 3303 1490 3358 Inter
1518 3301 1735 3372 adipati.
1755 3316 1971 3371 quoque
1999 3299 2141 3370 juris

570 3397 746 3452 edulia
775 3397 1009 3451 virentes
1035 3396 1214 3448 herbae
1251 3393 1521 3447 fastidium
1563 3392 1892 3460 reprimunt,
1924 3400 1978 3446 et
2004 3407 2140 3444 nan-

555 3489 773 3545 seantis
800 3488 868 3542 ad
908 3488 1164 3540 vomitum
1202 3483 1500 3553 peccatoris
1545 3498 1744 3540 arcana
1791 3493 2138 3551 componunt.

579 3578 657 3632 Tu
682 3593 832 3640 sane,
857 3577 938 3635 vir
958 3575 1400 3638 eminentissime,
1423 3574 1813 3642 quodammodo
1834 3573 1997 3626 multa
2015 3587 2146 3640 quo-

581 3669 712 3722 tidie
733 3667 982 3736 percipis,
1007 3673 1058 3718 et
1081 3675 1328 3719 nectarco
1350 3679 1540 3733 sapore
1565 3678 1872 3733 conspersa,
1897 3663 2020 3716 dum
2048 3661 2143 3718 tibi

580 3757 945 3824 umtsqnisque
986 3757 1051 3809 ad
1075 3765 1253 3810 votum
1276 3756 1531 3824 loquitur,
1560 3771 1658 3810 nec
1684 3756 1824 3808 aliud
1850 3755 2141 3824 quidquam

577 3861 864 3917 suggerere
885 3846 1073 3900 nititur
1096 3887 1110 3907 ,
1140 3847 1240 3900 nisi
1269 3847 1408 3914 quod
1437 3847 1542 3900 tuis
1571 3845 1791 3901 auribus
1815 3847 2139 3900 blandiatur.

573 3939 838 4008 Quidquid
865 3938 955 3992 tibi
1007 3938 1165 4007 plane
1214 3938 1496 3991 dicendum
1541 3947 1659 4001 est,
1695 3939 1843 4007 prius
1887 3948 2142 3992 accurate

571 4030 926 4098 componitur,
951 4038 1004 4083 et
1020 4029 1172 4098 quasi
1202 4026 1402 4082 fabrilis
1425 4029 1760 4084 instrumenti
1787 4029 1964 4083 studio
1991 4028 2141 4082 cndi-

2242 2849 2372 2902 mihi
2406 2848 2678 2918 displicet,
2708 2851 2833 2919 quia
2861 2852 3228 2906 monarchiam
3259 2852 3417 2914 banc,
3453 2853 3504 2906 in
3537 2869 3638 2922 qua
3670 2870 3811 2921 pene

2240 2950 2458 2996 centum
2489 2941 2654 2996 millia
2685 2943 2885 3013 degunt
2911 2944 3192 2998 hominum
3218 2985 3234 3009 ,
3261 2954 3513 3014 tanquam
3549 2945 3804 2998 rusticum

2241 3033 2526 3102 quemdam
2547 3033 2776 3088 viculum
2803 3034 3061 3104 negligis;
3094 3050 3321 3104 eamque
3349 3036 3466 3091 (luci
3490 3076 3504 3099 ,
3530 3051 3624 3102 per
3647 3051 3804 3102 quem

2243 3121 2354 3192 regi
2375 3131 2429 3176 et
2457 3121 2822 3176 administrari
2857 3123 3089 3188 debeat,
3121 3139 3225 3178 non
3259 3126 3566 3180 committis.
3597 3125 3666 3178 Ex
3691 3141 3808 3177 om-

2243 3213 2402 3267 nibus
2443 3213 2639 3282 quippe
2663 3252 2678 3278 ,
2723 3212 2920 3280 quibus
2959 3229 3101 3268 nunc
3138 3230 3236 3282 per
3268 3215 3541 3285 rcgiminis
3577 3213 3806 3269 ollicium

2243 3303 2585 3374 praemines,
2630 3303 2874 3358 districto
2916 3303 3083 3374 judici
3134 3305 3476 3360 ratiocinium
3513 3306 3707 3369 debes;
3753 3311 3808 3358 et

2243 3403 2446 3464 quanto
2497 3409 2638 3446 nunc
2687 3393 2970 3462 gloriosius
3003 3403 3087 3447 est
3128 3395 3179 3448 in
3219 3395 3504 3448 obtinenda
3551 3395 3809 3466 dignitate

2244 3482 2536 3554 fastigium.
2565 3492 2708 3540 tanto
2731 3485 2914 3538 durius
2933 3485 3036 3537 erit
3067 3486 3118 3537 in
3147 3485 3411 3538 reddenda
3442 3485 3646 3538 ratione
3669 3485 3808 3552 judi-

2243 3575 2407 3630 cium.
2459 3573 2714 3629 Transfcr
2762 3590 2890 3644 ergo
2930 3575 3135 3642 pondus
3178 3574 3232 3626 in
3284 3573 3537 3633 alterum,
3581 3576 3811 3641 utquod

2244 3663 2476 3734 propriis
2501 3679 2604 3717 non
2625 3674 2780 3732 potes
2803 3664 3101 3717 cervicibus
3121 3661 3285 3728 ferre,
3309 3677 3404 3733 per
3423 3663 3583 3715 alium
3607 3662 3809 3730 valeas,

2244 3753 2638 3808 communicato
2667 3752 2880 3816 labore,
2912 3762 3144 3820 portare.

2313 3844 2443 3898 Illud
2472 3845 2634 3899 etiam
2660 3845 2791 3898 mihi
2815 3859 2919 3898 non
2946 3845 3291 3898 mediocriter
3313 3843 3576 3914 displicet,
3602 3844 3724 3915 quia
3754 3845 3806 3898 in

2245 3934 2538 4004 plectendis
2563 3934 2780 4005 flagitiis
2835 3944 2890 3989 et
2931 3936 3230 3990 temerariis
3282 3937 3582 4006 iniquorum
3637 3937 3806 3990 homi-

2245 4040 2372 4078 num
2421 4025 2641 4080 ausibus
2691 4026 3028 4089 coercendis,
3087 4009 3648 4080 retr.issior'cerneris
3689 4040 3808 4078 esse

571 4128 676 4184 tur,
703 4135 762 4172 ac
784 4119 976 4188 politur
1000 4137 1013 4172 :
1037 4118 1285 4173 videlicet
1309 4118 1564 4188 quidquid
1592 4119 1716 4173 illud
1735 4129 1835 4185 est,
1867 4121 2138 4174 substrata
2167 4107 2211 4170 C
2242 4127 2402 4183 quam
2449 4110 2673 4179 debeas;
2709 4123 2764 4167 et
2791 4115 2915 4167 dum
2961 4115 3332 4183 peccatoribus
3371 4115 3574 4183 parcis,
3616 4129 3807 4184 augere

571 4208 751 4280 potius
779 4207 1051 4262 humilitas
1075 4216 1348 4277 suggerat,
1372 4221 1530 4276 quam
1555 4207 1722 4261 libera
1754 4207 2025 4278 loquentis
2049 4225 2142 4262 au-

571 4301 794 4355 ctoritas
823 4301 984 4353 dicat.
1020 4299 1081 4351 lit
1103 4314 1134 4352 ο
1160 4299 1370 4362 infelix,
1396 4309 1449 4352 et
1477 4299 1778 4367 deceptioni
1811 4313 2022 4367 semper
2047 4298 2142 4352 ob-

575 4390 792 4443 noxium
834 4391 1115 4442 mundana:
1155 4389 1426 4458 fastigium
1476 4388 1792 4458 dignitatis!
1845 4390 1969 4458 quia
2018 4405 2139 4442 cum

576 4477 785 4531 ueteris
807 4477 983 4529 dicant
1011 4477 1254 4530 homines
1277 4477 1363 4529 illa
1393 4493 1510 4544 qum
1536 4477 1808 4542 sentiunt;
1839 4478 2142 4546 potentibus

573 4565 754 4620 saeculi
808 4564 970 4618 fucati
1017 4566 1282 4618 sermonis
1323 4575 1635 4634 argumenta
1685 4580 2040 4636 componunt;
2089 4578 2144 4621 et

571 4673 667 4715 eos
689 4658 777 4728 qui
802 4671 859 4712 se
881 4657 1000 4710 aliis
1025 4657 1284 4711 exhibent
1311 4673 1503 4726 puros,
1529 4657 1722 4712 divites
1749 4660 2144 4728 compelluntur

572 4765 785 4818 semper
811 4734 1015 4802 habere.
1033 4757 1328 4817 suspectos.
1375 4747 1506 4801 Dum
1542 4763 1670 4816 ergo
1705 4751 1956 4804 mundani
1987 4750 2142 4818 quili-

573 4843 664 4896 bet
720 4840 967 4895 homines
1022 4840 1352 4894 excellentia:
1391 4848 1492 4893 tua:
1537 4839 1725 4908 pocula
1776 4843 2142 4895 tantummodo

577 4933 778 4988 tnellita
817 4933 1124 5002 propinant,
1183 4931 1234 4985 id
1263 4931 1404 4985 enim
1456 4932 1792 4987 solmnmodo
1820 4943 2138 5001 suggerunt,

581 5023 724 5091 quod
780 5023 872 5075 tibi
913 5022 1165 5090 placitum
1222 5036 1340 5076 esse
1399 5023 1750 5092 pet-pendunt,
1803 5024 1941 5078 inter
1964 5025 2144 5080 dulces

583 5112 902 5136 κιαηιζιΙΖι-..ηκ
930 5112 1304 5138 διεκδηιι-ιζλμζι.
1326 5113 1598 5138 ΞΙΙιιρ..ιΙι..ι.Α
1619 5129 1719 5138 κη--
1742 5115 1887 5138 ἁλι-,ιι
1921 5115 2141 5140 κςΑ.Αν-ΙΑ

2242 4218 2461 4273 peccata
2483 4205 2834 4258 convinceris.
2869 4204 3132 4259 Enervato
3153 4207 3346 4274 quippe
3370 4205 3542 4274 rigore
3557 4203 3772 4271 justitiae
3789 4245 3804 4268 ,

2243 4306 2417 4350 status
2460 4297 2719 4350 evertitur
2758 4294 3088 4365 disciplinze;
3123 4306 3176 4349 et
3205 4295 3330 4348 dum
3361 4295 3569 4348 ultoritc
3611 4292 3806 4348 severi-

2245 4392 2371 4445 tatis
2400 4405 2623 4446 censura
2658 4389 2974 4460 reprimitur
2995 4429 3009 4454 ,
3043 4387 3328 4443 temeraria
3359 4387 3695 4456 delinquendi
3745 4385 3807 4437 lio

2245 4480 2422 4534 centia
2447 4479 2738 4533 relaxatur.
2763 4477 3067 4532 lnordinata
3091 4493 3219 4531 sane
3243 4481 3413 4546 pietas
3433 4475 3598 4530 nutrit
3625 4472 3806 4543 impie-

2246 4577 2440 4634 tatem;
2466 4577 2520 4622 et
2551 4568 2733 4622 timida
2759 4583 2950 4622 manus
2971 4567 3180 4630 medici,
3205 4566 3395 4620 vulnus
3419 4574 3578 4636 auget
3603 4563 3802 4634 zegroti.

2243 4659 2395 4713 Facit
2436 4659 2580 4715 enim
2627 4659 2925 4712 exuberare
2971 4657 3344 4727 putredinem,
3395 4657 3517 4710 dum
3566 4669 3674 4708 non
3719 4666 3805 4707 se-

2244 4751 2444 4812 cando,
2484 4751 2578 4804 sed
2600 4749 2861 4820 palpando
2890 4749 3130 4819 quotidie
3164 4747 3474 4818 superducit
3497 4743 3808 4800 vulnuscnlo

2243 4841 2572 4896 cicatricem.
2619 4839 3040 4908 Pharmacopola
3099 4839 3366 4908 denique,
3421 4837 3511 4908 qui
3565 4834 3808 4890 mollibus

2243 4933 2528 5004 unguentis
2549 4948 2652 4986 non
2674 4933 2961 5001 permiscet
2978 4932 3308 4995 acrcdinem,
3329 4929 3628 4984 tumoribus
3643 4926 3807 4981 exsic-

2244 5023 2429 5078 caudis
2458 5021 2654 5074 nullam
2688 5031 2862 5090 potest
2891 5021 3147 5076 adhibere
3173 5020 3447 5072 virtutem.
3483 5017 3596 5070 Non
3625 5014 3803 5070 omnia

2815 5127 2879 5140 ..Α
2903 5111 3194 5140 1⁵...υυηησ-η.
3213 5109 3384 5140 Aman.
3439 5109 3463 5140 Α
3481 5109 3587 5140 lim!
3612 5121 3806 5140 nam“.

2245 5112 2481 5140 I‘1ADI1'\-ﬂ
2777 5129 2805 5140 II
