4138 6320
325 319 420 376 821

957 315 1200 372 OPUSC.
1243 318 1398 373 LVII.
1435 348 1504 358 -——
1538 320 1624 373 DE
1667 319 1949 374 PlllNClP.
1992 317 2209 373 OFFIC.
2252 319 2316 372 IN
2353 319 2595 392 COERC.
2636 318 2909 374 IMPROB.

3440 315 3544 382 sea

329 439 528 494 teneat,
555 436 611 482 et
639 443 668 481 a
695 429 811 483 zelo
833 427 1168 482 sanctionum
1200 428 1446 498 legalium
1470 445 1574 483 non
1601 437 1836 499 tepescat
1864 446 1879 495 ;
1908 433 1956 492 Α
1988 437 2098 482 tum
2141 429 2332 482 divina:
2363 428 2742 497 indignationis
2771 429 3068 483 incurrunt.
3099 428 3193 485 Vir
3228 443 3459 497 namque
3481 428 3548 482 de

329 532 386 575 ιιι
411 522 485 575 ab‘
497 519 768 588 aequitatis
789 519 926 572 linea
956 534 1059 572 non
1083 520 1342 584 declinet;
1368 529 1423 572 ut
1448 519 1665 590 legitimi
1692 520 1887 588 vigoris

328 610 540 678 genium
572 623 678 660 non
699 616 936 660 enervet.
968 606 1273 660 Meminerit
1301 609 1462 661 etiam
1512 623 1723 675 semper
1749 608 1888 676 quod

327 715 425 767 per
444 697 758 767 Apostolum
780 697 976 750 dicitur
1000 713 1014 750 :
1044 716 1062 747 ι
1085 696 1179 751 Vis
1201 713 1304 750 non
1331 699 1519 750 timere
1540 697 1891 765 potestatem?

329 788 415 841 fac
461 788 659 840 bonum
689 828 702 852 ,
763 794 820 839 et
856 787 1077 841 habebis
1117 787 1328 841 laudem
1367 801 1432 840 ex
1459 787 1565 842 illa.
1613 786 1702 840 Dei
1749 787 1890 841 enim

328 879 577 932 minis-ter
595 887 678 932 est
706 878 799 931 tibi
830 893 883 932 m
917 877 1137 932 bonum.
1162 879 1218 933 Si
1244 894 1422 933 autem
1450 881 1647 934 malum
1674 880 1890 944 feceris,

329 970 456 1023 time
480 1009 494 1033 ,
531 983 636 1022 non
686 969 830 1022 enim
875 969 993 1024 sine
1037 985 1198 1024 causa
1241 971 1474 1041 gladium
1507 981 1684 1040 portat
1713 971 1890 1029 (Rom.

328 1058 424 1127 XI).
465 1079 483 1110 ι
524 1058 580 1112 In
627 1059 824 1127 quibus
861 1059 1045 1127 utique
1097 1061 1278 1115 verbis
1315 1061 1527 1132 [datur,
1570 1061 1648 1116 vel
1695 1062 1895 1130 aliquid

323 1149 518 1221 simile}
568 1150 788 1219 intelligi
820 1191 834 1214 ,
865 1152 1008 1205 aliud
1039 1167 1159 1206 esse
1184 1153 1414 1221 gladium
1442 1155 1728 1223 principis,
1755 1153 1893 1208 aliud

329 1243 552 1297 infulom
585 1243 904 1298 sacerdotis.
958 1242 1075 1298 Non
1107 1245 1250 1298 enim
1300 1246 1365 1298 ad
1404 1245 1506 1299 hoc
1555 1245 1898 1314 prtecingeris

323 1332 501 1400 gladio
523 1372 538 1396 ,
568 1341 627 1385 ut
650 1332 1011 1388 violentorum
1040 1333 1179 1387 mala
1211 1335 1408 1388 debeas
1431 1335 1669 1403 palpare,
1693 1335 1777 1388 vel
1805 1352 1899 1389 un-

323 1437 483 1492 gere;
527 1421 618 1476 sed
660 1431 719 1475 ut
770 1438 834 1476 ea
882 1424 1104 1478 studeas
1141 1425 1341 1478 vibrati
1380 1427 1654 1478 mucronis
1703 1425 1898 1482 ictibus

333 1512 680 1567 obtruncare.
734 1512 868 1568 l-linc
919 1522 1002 1570 est
1049 1516 1190 1584 quod
1245 1517 1527 1584 sequitur:
1564 1535 1582 1567 ι
1615 1516 1707 1572 Dei
1753 1517 1897 1573 enim

325 1602 572 1656 minister
623 1613 708 1659 est
758 1606 951 1662 vindex
1001 1607 1052 1661 in
1103 1608 1236 1661 iram
1302 1607 1350 1662 ei
1382 1648 1395 1670 ,
1453 1609 1543 1676 qui
1597 1609 1733 1661 male
1785 1610 1894 1679 agit

325 1691 485 1762 (Ibid.
498 1701 566 1758 )..

940 1807 1165 1863 CAPUT
1204 1807 1268 1861 11.

361 1904 695 1976 ΩιιοάἼαιΙεπ
717 1954 732 1979 ,
773 1915 861 1984 qui
900 1915 1269 1997 maieftgentes
1305 1933 1408 1970 non
1444 1917 1590 1988 punit
1617 1958 1631 1981 ,
1663 1917 1860 1971 diaboli

923 2001 1161 2038 ηιιηιδιει·
1188 1997 1284 2039 est.

394 2068 450 2122 Si
499 2085 628 2139 ergo
670 2071 763 2125 Dei
805 2072 1048 2126 minister
1073 2082 1193 2136 est,
1229 2076 1318 2142 qui
1360 2075 1494 2129 mala
1535 2075 1796 2130 facientes
1835 2076 1888 2130 in

326 2155 459 2208 iram
485 2158 748 2224 vindicat;
774 2159 971 2214 diaboli
995 2162 1181 2230 procul
1207 2161 1374 2217 dubio
1400 2165 1644 2219 minister
1664 2175 1766 2227 est,
1794 2165 1887 2234 qui

323 2243 640 2300 criminosas
666 2261 728 2302 ac
753 2250 1011 2318 reprobos
1034 2251 1269 2305 suaviter
1293 2252 1492 2323 palpat.
1524 2255 1586 2306 Et
1614 2255 1752 2308 sicut
1779 2255 1888 2310 Deo

323 2335 520 2402 praebet
548 2337 861 2403 obsequium
893 2341 983 2409 qui
1016 2357 1298 2410 perversos
1327 2342 1636 2409 ulciscitur;
1673 2346 1752 2399 sic
1780 2345 1883 2398 mi-

324 2423 492 2478 nister
513 2434 594 2479 est
620 2427 932 2492 adversarii,
957 2431 1047 2498 qui
1075 2433 1504 2499 perpetrantibus
1528 2433 1709 2501 iniqua
1731 2433 1886 2487 blan-

324 2513 487 2568 ditur.
521 2515 752 2572 Necesse
779 2527 885 2584 est,
923 2529 980 2573 ut
1015 2523 1299 2574 contrahat
1331 2539 1517 2577 mucro
1547 2523 1844 2593 rubiginem
1867 2564 1883 2588 ,

325 2605 412 2674 qui
457 2621 670 2679 semper
713 2609 765 2664 in
801 2610 951 2666 theca
983 2613 1290 2669 reconditus
1315 2653 1330 2680 ,
1363 2631 1637 2686 nunquam
1671 2624 1887 2671 exercet

324 2698 596 2754 ultionem.
638 2701 843 2756 Scaber
867 2705 1015 2758 ensis
1044 2705 1302 2769 ellicitur,
1336 2708 1425 2776 qui
1454 2709 1580 2762 dum
1606 2709 1887 2763 cohibetur

324 2801 536 2858 semper
573 2806 601 2843 a
631 2791 852 2847 vulnere
877 2833 892 2858 ,
941 2810 1045 2848 non
1095 2797 1337 2851 limatur.
1385 2799 1502 2865 Quo
1544 2810 1761 2862 contra,
1793 2815 1888 2868 per

323 2877 655 2935 Ezechielem
683 2882 880 2938 dicitur
903 2899 918 2937 :
945 2903 962 2935 ι
993 2885 1215 2941 Gladius
1243 2899 1505 2944 exacutus
1530 2899 1612 2944 est
1649 2899 1702 2944 et
1733 2890 1886 2943 lima-

327 2980 448 3035 tus;
480 2981 537 3026 ut
567 2974 735 3028 caedat
761 2976 1032 3043 victimas,
1055 2988 1313 3035 exacutus
1340 2991 1449 3044 est;
1482 2991 1540 3035 ut
1563 2982 1836 3050 splendeat
1866 3022 1881 3044 ,

325 3061 538 3117 limatus
590 3075 674 3119 est
715 3066 930 3136 (Ezeclt.
963 3069 1121 3139 χχιι).
1156 3090 1174 3121 ι
1227 3069 1400 3124 Distat
1447 3072 1604 3141 plane
1647 3071 1881 3125 tribunal

321 3151 520 3219 judicis
557 3172 585 3209 a
618 3159 875 3213 cathedra
920 3164 1239 3218 sacerdotis.
1278 3163 1374 3219 ille
1404 3165 1658 3220 nimirum
1691 3167 1758 3220 ad
1789 3166 1891 3219 hoc

325 3241 558 3310 gladium
591 3256 788 3315 portat,
823 3259 880 3304 ut
907 3265 1028 3304 eum
1062 3245 1112 3306 in
1135 3254 1338 3309 ultione
1370 3253 1568 3323 injuste
1596 3256 1894 3311 viventium

325 3342 511 3387 exerat
534 3351 546 3387 :
567 3336 667 3390 iste
687 3338 877 3393 baculo
902 3349 1108 3396 tantum
1131 3351 1420 3400 contentus
1442 3357 1523 3400 est
1549 3347 1887 3411 innocentiae,

329 3429 384 3474 ut
408 3423 621 3491 quietus
677 3435 731 3480 et
755 3428 994 3497 placidus
1017 3439 1221 3497 teneat,
1255 3435 1551 3489 custodiam
1583 3435 1893 3503 disciplinas.

327 3511 643 3584 Quanquam
691 3526 744 3571 et
772 3520 1023 3574 sacerdos
1063 3521 1108 3574 si
1144 3521 1494 3578 immoderata
1540 3521 1680 3578 circa
1722 3523 1896 3592 subje-

327 3613 445 3658 Ctos
471 3605 668 3673 pietate
691 3609 1006 3675 resolvitur,
1033 3619 1086 3665 et
1118 3612 1230 3682 ipse
1258 3615 1522 3668 sententia
1557 3615 1723 3669 divini
1755 3614 1900 3669 furo-

330 3691 404 3744 ris
438 3709 542 3748 non
569 3696 837 3752 immerito
881 3700 1286 3757 condemnatur.
1321 3702 1455 3758 Nam
1507 3707 1756 3760 sacerdos
1781 3715 1899 3761 erat

330 3780 488 3866 Heli,
535 3785 599 3839 de
629 3803 734 3854 quo
764 3789 966 3843 dictum
1007 3801 1090 3846 est
1130 3794 1196 3847 ad
1231 3792 1533 3850 Samuelem
1560 3813 1574 3849 :
1604 3815 1622 3847 ι
1655 3797 1730 3850 Eo
1757 3797 1899 3866 quod

331 3863 552 3930 no'verat
581 3878 798 3947 indigne
823 3897 982 3950 agere
1007 3881 1142 3937 filios
1162 3899 1288 3939 suos
1307 3926 1320 3948 ,
1359 3893 1414 3940 et
1444 3902 1548 3940 non
1580 3888 1901 3958 corripuerit

331 3979 446 4030 eos,
478 3966 679 4023 idcirco
719 3969 896 4039 juravi
929 3973 1109 4046 domui
1151 3972 1269 4028 Heli
1315 3977 1458 4044 quod
1504 3991 1610 4030 non
1655 3979 1901 4048 expietur

331 4056 586 4125 iniquitas
615 4059 806 4115 domus
837 4060 954 4127 ejus
984 4063 1216 4118 victimis
1251 4073 1307 4119 et
1348 4066 1684 4130 muneribus,
1733 4083 1902 4137 usque

331 4145 387 4199 in
411 4155 668 4202 aeternum
701 4150 752 4222 (I
785 4150 910 4222 Reg.
939 4152 996 4224 ι).
1037 4172 1055 4205 ι
1093 4155 1220 4210 Erat
1245 4156 1580 4228 ergojudex,
1605 4174 1796 4214 causas
1821 4169 1901 4214 at-

330 4247 436 4303 que
458 4239 668 4308 negotia
695 4241 1026 4311 jurgantium
1049 4244 1304 4301 dirimere
1325 4247 1581 4318 negligat;
1609 4249 1899 4304 maximam

330 4325 434 4379 diei
467 4337 673 4397 partem
708 4333 993 4388 missarum
1038 4337 1311 4393 solemniis
1332 4380 1344 4402 ,
1377 4349 1428 4394 et
1459 4342 1796 4396 orationibus
1822 4344 1901 4396 in—

331 4416 568 4516 sistendo
613 4432 913 4478 consumat.
953 4425 1059 4479 Sed
1079 4441 1206 4482 ecce
1244 4428 1349 4482 illic
1385 4429 1612 4495 dicitur,
1646 4431 1770 4501 quia
1801 4448 1902 4488 nec
1926 4459 1978 4518 ι)

331 4501 500 4573 ipsius
541 4509 756 4576 quidem
801 4514 1099 4569 sacerdotis
1149 4516 1405 4585 iniquitas
1450 4519 1653 4589 expiari
1703 4523 1900 4590 poterit

333 4595 563 4652 victimis
599 4609 654 4654 et
691 4604 1000 4658 muneribus
1037 4619 1204 4673 usque
1232 4607 1286 4660 in
1341 4617 1634 4676 mtcrnum,
1666 4625 1731 4665 eo
1759 4612 1900 4680 quod

335 4682 452 4740 ΠεΙί
483 4687 608 4742 vitia
639 4705 742 4744 non
779 4695 1078 4747 coercuerit
1113 4696 1362 4750 ﬁliorum.

949 4802 1175 4860 CAPUT
1223 4805 1308 4860 Ill.

475 4909 628 4976 Quod
657 4911 859 4982 iniquos
886 4916 1142 4982 castigare
1173 4926 1246 4970 est
1287 4917 1392 4971 Deo
1419 4918 1757 4987 sacriﬁcium.

406 5023 471 5076 lit
515 5026 786 5093 perpende
819 5027 980 5095 quale
1007 5036 1130 5092 est,
1179 5032 1323 5098 quod
1367 5032 1599 5087 victima:
1637 5034 1794 5088 simul
1839 5049 1903 5090 ac

335 5128 584 5179 munera,
609 5131 730 5184 qua:
752 5128 971 5185 peccata
994 5119 1362 5190 principaliter
1383 5123 1628 5188 abluunt,
1663 5125 1900 5178 habitam

331 5210 764 5279 ergasubjectos
806 5211 1187 5281 negligentiam
1222 5217 1440 5284 expiare
1483 5229 1590 5272 non
1636 5227 1892 5287 possunt.

338 5297 486 5352 Multi
537 5316 727 5369 nempe
773 5302 920 5357 falsa}
962 5303 1176 5372 pietatis
1212 5307 1380 5376 868
1423 5321 1609 5361 errore
1645 5309 1898 5379 decepti,

339 5389 483 5444 unde
504 5407 563 5444 se
593 5393 698 5446 Deo
737 5393 946 5463 placere
977 5396 1290 5466 insipienter
1317 5407 1630 5462 autumant,
1656 5399 1778 5452 inde
1804 5400 1902 5453 ad-

335 5492 530 5538 versus
568 5498 690 5536 eum
730 5487 1018 5542 crudeliter
1046 5497 1316 5557 pugnant;
1361 5499 1414 5542 et
1439 5505 1505 5542 ex
1533 5503 1598 5542 eo
1632 5498 1910 5545 merentur

338 5567 511 5632 iram,
558 5572 698 5626 unde
733 5589 794 5629 se
822 5580 1110 5644 adepturos
1139 5578 1346 5647 opinati
1390 5588 1515 5632 sunt
1557 5579 1824 5648 gratiam;
1854 5589 1910 5634 et

340 5658 467 5713 dum
495 5660 614 5715 aliis
639 5664 844 5719 veniam
871 5665 1019 5721 falsre
1049 5667 1265 5736 pietatis
1291 5668 1633 5739 impcrtiunt,
1670 5669 1767 5739 ipsi
1797 5687 1908 5726 mu-

1989 515 2111 582 tiliis
2134 516 2513 584 prophetarum
2539 517 2672 569 dixit
2698 517 2762 570 ad
2792 518 3022 580 socium,
3046 525 3103 570 ut
3121 533 3178 572 se
3203 527 3544 587 percuteret:

1988 621 2145 674 quem
2191 606 2444 674 quoniam
2491 605 2575 657 ille
2623 606 2780 659 ferire
2833 609 3184 676 contempsit,
3227 591 3474 677 protinus
3517 625 3547 660 a

1991 695 2141 748 leone
2170 709 2454 764 percussus
2495 695 2699 748 interiit
2729 695 2845 764 (III
2873 695 3001 766 Reg.
3029 697 3219 762 xxvn).
3251 697 3469 751 Placere
3493 711 3551 750 se

1993 783 2100 836 Deo
2132 784 2196 836 de
2223 783 2423 850 pietate
2451 801 2543 836 sua
2575 784 2871 838 arbitratus
2899 795 2982 838 est
3003 785 3208 850 Achab,
3239 803 3360 840 cum
3385 786 3555 839 Bena-

1991 873 2094 926 dab
2128 888 2304 943 regem
2330 871 2499 943 Syria:
2528 889 2631 928 non
2675 874 2832 927 modo
2857 875 3066 927 vocavit
3094 875 3313 929 fratrem
3333 915 3348 939 ,
3381 874 3472 929 sed
3499 885 3556 932 et

1993 965 2047 1018 in
2073 980 2234 1019 curru
2264 967 2480 1034 proprio
2523 965 2622 1019 sibi
2664 964 2914 1035 dignatus
2948 974 3030 1018 est
3069 980 3415 1020 assessorem.
3448 964 3558 1019 Sed

1994 1053 2115 1106 audi
2149 1053 2275 1122 quid
2306 1054 2596 1107 indiscreta
2620 1055 2790 1122 pietas
2820 1064 3092 1108 mereatur
3113 1055 3298 1108 audire
3328 1073 3340 1108 :
3373 1073 3388 1105 ι
3419 1053 3556 1120 Quia

1995 1144 2266 1207 dimisisti,
2308 1145 2479 1212 inquit
2508 1147 2760 1200 Dominus
2783 1187 2796 1209 ,
2821 1147 2993 1200 virum
3042 1147 3258 1214 dignum
3288 1156 3462 1201 morte
3492 1149 3558 1200 de

1999 1250 2157 1286 manu
2188 1244 2298 1298 tua,
2327 1238 2430 1288 erit
2455 1237 2630 1289 anima
2663 1245 2750 1288 tua
2775 1253 2868 1304 pro
2893 1237 3071 1290 anima
3093 1238 3230 1306 ejus,
3255 1249 3307 1290 et
3333 1237 3558 1306 populus

1999 1331 2119 1377 tuus
2157 1339 2253 1392 pro
2299 1325 2491 1394 populo
2537 1325 2652 1394 ejus
2687 1324 2896 1396 (Ibid).
2929 1345 2948 1378 ι
3007 1325 3134 1380 Saul
3181 1327 3329 1397 Agag
3377 1341 3556 1397 regem

1995 1413 2248 1468 Amalech
2297 1430 2399 1468 non
2439 1415 2652 1481 occidit,
2705 1417 2797 1470 sed
2839 1425 3051 1485 captum
3092 1427 3307 1486 peracta
3336 1417 3559 1469 victoria

1997 1503 2369 1566 conservavit,
2401 1511 2454 1557 et
2477 1519 2573 1573 pro
2607 1504 2709 1559 hac
2735 1505 3102 1559 misericordia
3136 1506 3294 1575 digne
3317 1519 3562 1581 remuneo

2000 1601 2150 1647 ratus
2189 1594 2432 1648 audivit:
2476 1614 2493 1644 ι
2524 1593 2628 1648 Pro
2676 1611 2740 1649 eo
2782 1596 2923 1666 quod
2971 1595 3212 1663 abjecisti
3258 1611 3559 1650 sermonem

2000 1683 2232 1748 Domini,
2254 1685 2448 1754 abjecit
2473 1694 2525 1740 te
2548 1686 2824 1750 Dominus,
2854 1703 2920 1741 ne
2941 1686 3017 1740 sis
3043 1702 3133 1740 rex
3162 1685 3210 1756 (1
3239 1685 3362 1755 Reg.
3380 1686 3555 1752 xm)»

1925 1767 1968 1826 Β
1999 1775 2127 1829 Pius
2159 1777 2370 1829 exstitit
2398 1777 2620 1850 populus
2660 1793 2784 1846 erga
2831 1777 3080 1832 mulieres
3123 1777 3552 1838 Madianitarum.

1995 1867 2088 1920 sed
2116 1867 2190 1920 ait
2212 1866 2315 1920 illis
2338 1866 2549 1939 Moyses
2576 1886 2588 1921 :
2623 1887 2640 1918 ι
2663 1868 2770 1922 Cur
2791 1867 3018 1921 feminas
3041 1867 3394 1922 rcscrvastis?
3422 1865 3563 1936 Ergo

1992 1963 2215 2009 cunctos
2243 1954 2528 2009 interficite
2552 1996 2565 2021 ,
2596 1956 2851 2025 quidquid
2880 1956 3093 2024 generis
3120 1963 3204 2010 est
3238 1956 3516 2009 masculini
3543 1995 3557 2018 ,

1991 2047 2156 2099 etiam
2183 2046 2473 2118 parvulos;
2506 2056 2561 2100 et
2587 2046 2866 2111 mulieres,
2901 2063 3020 2116 qua:
3041 2055 3308 2101 noverunt
3335 2047 3475 2101 viros
3508 2048 3559 2100 in

1990 2139 2156 2204 coitu,
2177 2138 2425 2208 jugula’te
2448 2135 2634 2208 (Num.
2664 2141 2836 2207 xxxi).
2867 2157 2885 2190 ι
2918 2138 3061 2194 idem
3085 2154 3299 2208 quoque
3325 2138 3557 2208 Moyses.

1987 2239 2272 2301 postquam
2303 2230 2591 2284 fabricatus
2618 2240 2761 2285 esset
2791 2231 2988 2285 vitulus
3018 2232 3068 2286 in
3101 2231 3276 2294 Oreb,
3314 2232 3390 2287 ait
3433 2231 3560 2286 filiis

1988 2319 2120 2374 Levi
2146 2335 2159 2372 :
2192 2339 2208 2369 ι
2231 2319 2450 2375 Occidat
2481 2320 2844 2388 unusquisque
2867 2319 3110 2385 fratrem,
3141 2330 3195 2375 et
3217 2321 3470 2382 amicum,
3503 2329 3561 2374 et

1987 2411 2287 2482 proximum
2306 2427 2457 2463 suum
2481 2408 2674 2482 (Exod.
2701 2411 2892 2478 xxxtt).
2930 2429 2948 2461 ι
2976 2409 3040 2463 Et
3061 2419 3342 2480 postquam
3368 2409 3557 2479 viginti

1991 2502 2091 2557 tria
2126 2501 2293 2554 millia
2324 2502 2597 2554 hominum
2633 2516 2770 2555 cmsa
2801 2510 2952 2562 sunt,
2980 2501 3054 2554 ait
3086 2520 3099 2554 :
3133 2521 3150 2552 ι
3182 2501 3552 2555 Consecrastis

1987 2595 2352 2650 hodietnanus
2373 2604 2576 2648 vestras
2598 2594 2848 2660 Domino,
2875 2595 3240 2664 unusquisque
3265 2595 3314 2648 in
3344 2594 3453 2647 filio
3509 2603 3566 2648 et

1987 2685 2156 2740 fratre
2185 2704 2305 2749 suo,
2337 2696 2396 2739 ut
2425 2686 2583 2740 detur
2608 2686 2758 2740 vobis
2778 2686 3080 2740 benedictio
3107 2687 3317 2754 (Ibid.).
3347 2705 3365 2737 ›
3397 2685 3557 2739 Ama-

1986 2775 2172 2830 leeites
2201 2777 2323 2841 ille,
2349 2777 2438 2846 qui
2467 2777 2724 2848 gloriatur
2753 2791 2810 2831 se
2837 2778 3130 2846 peremisse
3155 2777 3281 2832 Saul
3303 2820 3316 2843 ,
3341 2777 3467 2832 dum
3502 2792 3562 2832 se

1987 2882 2093 2920 non
2123 2867 2329 2937 galeam
2356 2907 2371 2930 ,
2397 2869 2488 2921 sed
2524 2868 2767 2922 diadema
2804 2868 2870 2920 de
2898 2870 3074 2938 capite
3102 2868 3351 2922 lwllantis
3383 2869 3569 2921 abstu-

1986 2957 2112 3011 lisse
2160 2958 2448 3028 conlingit,
2502 2957 2677 3027 gladio
2726 2957 2892 3012 David
2944 2973 3267 3027 percussus,
3316 2958 3570 3012 occubuit

1992 3045 2076 3112 (11
2112 3045 2233 3116 Reg.
2259 3047 2321 3114 ι).
2372 3047 2745 3101 Interfectores
2771 3049 2933 3100 etiam
2963 3048 3224 3110 lsboseth,
3250 3047 3374 3101 dum
3407 3057 3570 3115 caput

1997 3135 2138 3189 illius
2165 3136 2315 3203 quasi
2340 3134 2456 3188 loco
2484 3135 2723 3189 muneris
2740 3134 2973 3189 offerunt
2992 3137 3178 3200 David,
3204 3135 3438 3206 gladium
3463 3151 3566 3188 non

1996 3226 2230 3281 evadunt
2266 3224 2346 3297 (Il
2381 3225 2509 3296 Reg.
2542 3225 2650 3297 tv);
2679 3235 2734 3281 et
2772 3241 2930 3294 quem
2960 3234 3312 3294 speraverant
3358 3226 3569 3279 muneri

1998 3316 2200 3384 gratias
2231 3315 2599 3370 redhibentem
2619 3355 2635 3380 ,
2661 3317 2932 3371 commissi
2966 3317 3143 3386 potius
3173 3316 3445 3371 homicidii
3474 3334 3570 3372 ex-

1998 3407 2278 3476 periuntur
2306 3407 2554 3461 ultorem.
2584 3407 2777 3462 l’etrns
2812 3409 2975 3463 etiam
3031 3410 3254 3464 Ananiae
3283 3423 3337 3467 et
3379 3413 3572 3483 Saphi-

2000 3511 2074 3550 rte
2104 3496 2441 3550 mendacium
2473 3513 2577 3551 non
2607 3498 2834 3552 inultum
2863 3500 3005 3553 abire
3035 3502 3281 3568 permisit
3312 3502 3448 3570 (Act.
3481 3506 3566 3571 v);

2000 3587 2093 3641 sed
2120 3602 2214 3643 eos
2257 3589 2370 3643 oris
2413 3589 2588 3660 gladio
2618 3589 2838 3655 feriens,
2873 3591 3098 3646 aliorqu
3147 3610 3212 3648 ne
3244 3595 3416 3650 simile
3445 3595 3572 3665 quid

2000 3675 2137 3732 forte
2161 3687 2564 3747 pra-sumerent,
2589 3680 2750 3734 corda
2773 3681 3082 3750 perterruit.
3118 3682 3314 3736 Paulus
3339 3699 3570 3754 quoque,

1999 3767 2125 3820 dum
2180 3767 2490 3822 excessibus
2531 3782 2783 3822 coercere
2829 3769 3119 3840 discipulos
3171 3771 3380 3837 nititur,
3423 3773 3573 3843 virga

2003 3857 2438 3926 delinquentibus
2489 3859 2848 3912 comminatur
2894 3858 2942 3930 (Ι
2998 3859 3120 3914 Cor.
3175 3863 3270 3932 tv).
3326 3861 3576 3917 Salvator

2002 3948 2163 4001 etiam
2200 3956 2403 4013 noster,
2441 3947 2533 4015 qui
2587 3955 2840 4016 tanquam
2890 3949 3035 4003 mitis
3085 3966 3254 4019 agnus
3304 3953 3572 4020 apparuit,

2006 4053 2130 4091 mox
2178 4044 2238 4090 ut
2277 4035 2439 4091 Petro
2478 4037 2600 4091 ρωιί
2659 4047 2921 4108 terraque
2957 4039 3079 4109 jura
3127 4041 3416 4107 commisit,
3447 4058 3573 4111 pro-

2003 4128 2146 4182 tinus
2201 4143 2324 4183 eum
2366 4128 2496 4184 dura
2545 4129 2920 4201 redargutione
2980 4132 3277 4202 corripuit:
3328 4155 3346 4185 ι
3401 4134 3568 4198 Vade,

2003 4217 2196 4286 inquit,
2246 4225 2367 4286 post
2424 4231 2527 4278 me,
2575 4217 2798 4283 Satana,
2827 4220 3133 4274 scandalum
3163 4237 3222 4278 es
3253 4223 3413 4285 mihi;
3445 4226 3572 4292 quia

2003 4322 2108 4359 non
2157 4307 2302 4376 sapis
2361 4322 2478 4376 qua:
2532 4307 2621 4361 Dei
2659 4317 2810 4362 sunt:
2865 4311 2956 4364 sed
2998 4327 3084 4375 ea,
3132 4327 3251 4381 qua:
3299 4314 3572 4368 hominum

2007 4394 2220 4465 (Matth.
2255 4412 2380 4462 xvi;
2411 4397 2578 4451 Marc.
2601 4398 2740 4468 vnt).
2766 4419 2782 4452 ι
2816 4399 3048 4467 Quidest
3075 4417 3202 4472 ergo
3232 4402 3371 4472 quod
3403 4406 3574 4459 sancti
3662 4455 3666 4482 τ

2003 4486 2107 4541 viri
2151 4487 2308 4542 toties
2360 4489 2413 4542 in
2444 4489 2811 4560 delinquentes
2854 4493 3196 4562 reperiuntur
3235 4494 3448 4560 invecti,
3492 4495 3575 4551 vel
3658 4527 3663 4541 ι

2006 4578 2344 4648 correptione
2380 4580 2688 4648 verborum,
2725 4582 2808 4637 vel
2837 4583 3128 4640 ultionibus
3164 4601 3408 4654 operum,
3449 4587 3571 4646 nisi.

2008 4675 2067 4719 ιιι
2095 4667 2380 4723 manifeste
2407 4669 2690 4736 clarescat,
2712 4675 2834 4742 quia
2861 4674 2911 4727 in
2937 4675 3034 4729 hac
3058 4675 3381 4729 mortalitate
3427 4684 3573 4730 recte

2009 4773 2114 4811 non
2140 4760 2357 4824 vivitur,
2381 4761 2424 4815 si
2448 4760 2656 4816 blandis
2705 4779 2767 4818 ac
2790 4765 3318 4835 mollibus'asperitas
3348 4780 3450 4818 non
3477 4767 3576 4819 mi-

2012 4853 2234 4907 scetur?
2259 4853 2390 4908 Nam
2420 4856 2506 4912 ubi
2545 4857 2758 4924 penitus
2781 4858 3058 4927 disciplina
3092 4859 3447 4929 postponitur,
3481 4859 3572 4913 ubi

2011 4942 2253 4998 districta
2277 4945 2495 5015 legitimi
2525 4949 2722 5018 vigoris
2742 4965 2966 5004 censura
2998 4949 3330 5018 reprimitur,
3354 4964 3574 5004 necesse

2009 5044 2093 5088 est
2120 5045 2180 5089 ut
2214 5052 2379 5106 prona
2424 5055 2635 5108 semper
2664 5041 2728 5094 ad
2755 5039 2951 5093 malum
2993 5039 3298 5107 fragilitatis
3328 5041 3575 5097 humana:

2008 5131 2242 5184 conditio
2264 5131 2328 5182 ad
2359 5129 2540 5184 illicita
2570 5131 2858 5184 relaxetur.
2887 5129 2952 5182 Et
2986 5130 3038 5183 in
3065 5145 3185 5184 eum
3210 5131 3393 5198 procul
3416 5131 3574 5188 dubio

2011 5227 2120 5272 tota
2144 5217 2504 5286 subjectornm
2532 5219 2685 5288 culpa
2719 5219 2997 5281 redundat,
3025 5219 3112 5286 qui
3139 5233 3250 5282 eos,
3282 5234 3349 5272 nc
3383 5223 3575 5289 praeci-

2009 5311 2243 5380 pitanter
2264 5313 2607 5375 excederent,
2631 5311 2729 5366 sub
2751 5309 3041 5380 disciplina:
3067 5310 3180 5363 loro
3217 5310 3468 5364 cohibere
3488 5312 3580 5365 de-

2007 5400 2212 5454 buerat.
2250 5399 2555 5454 lnordinata
2588 5414 2780 5468 nempe
2816 5399 2983 5467 pictas
3008 5398 3285 5468 principis,
3334 5399 3460 5468 quid
3495 5409 3579 5453 est

2008 5489 2170 5551 aliud,
2199 5505 2359 5558 quam
2390 5489 2632 5543 confusio
2657 5489 2864 5558 plebis?
2900 5489 3031 5542 Nam
3063 5490 3186 5543 dmn
3218 5489 3304 5544 ille
3328 5505 3356 5541 a
3393 5490 3576 5542 mode-

2007 5581 2174 5633 randa
2196 5580 2471 5648 regiminis
2504 5581 2709 5635 habena
2733 5579 3060 5649 reprimitur,
3103 5579 3324 5649 subjecti
3359 5579 3576 5647 quique,

2009 5670 2391 5726 velat'cﬂrcues
2414 5672 2552 5741 equi,
2572 5686 2666 5741 per
2687 5672 2907 5740 abrupta
2928 5681 3222 5742 raptantur.
3238 5673 3272 5725 Α
3284 5685 3406 5744 gere
3431 5669 3577 5724 nitui-
