  <div class='ocr_page' id='page_1' title='image "/cluster/home/n/w/nwhite01/storage/ocr_20150623/145/hvd.32044015471824/419.png"; bbox 0 0 4136 5308; ppageno 0'>
   <div class='ocr_carea' id='block_1_1' title="bbox 990 182 3302 248">
    <p class='ocr_par' dir='ltr' id='par_1_1' title="bbox 990 182 3302 248">
     <span class='ocr_line' id='line_1_1' title="bbox 990 182 3302 248; baseline 0.003 -8"><span class='ocrx_word' id='word_1_1' title='bbox 990 184 1048 240; x_wconf 86' lang='lat' dir='ltr'><strong>S.</strong></span> <span class='ocrx_word' id='word_1_2' title='bbox 1089 183 1286 239; x_wconf 79' lang='lat' dir='ltr'><strong>PETRI</strong></span> <span class='ocrx_word' id='word_1_3' title='bbox 1331 182 1609 237; x_wconf 76' lang='lat' dir='ltr'><strong>D.\.\ll.-\.\&#39;l</strong></span> <span class='ocrx_word' id='word_1_4' title='bbox 1647 182 1796 238; x_wconf 85' lang='lat' dir='ltr'><strong>OPP.</strong></span> <span class='ocrx_word' id='word_1_5' title='bbox 1829 182 2062 241; x_wconf 74' lang='lat' dir='ltr'><strong>TOMUS</strong></span> <span class='ocrx_word' id='word_1_6' title='bbox 2098 184 2229 241; x_wconf 84' lang='lat' dir='ltr'><strong>SEU</strong></span> <span class='ocrx_word' id='word_1_7' title='bbox 2268 184 2444 243; x_wconf 73' lang='lat' dir='ltr'><strong>PARS</strong></span> <span class='ocrx_word' id='word_1_8' title='bbox 2483 185 3034 248; x_wconf 72' lang='lat' dir='ltr'><strong>lll.-OPL&#39;SCL&#39;LA</strong></span> <span class='ocrx_word' id='word_1_9' title='bbox 3081 188 3302 246; x_wconf 68' lang='lat' dir='ltr'><strong>VAlllA.</strong></span> 
     </span>
    </p>
   </div>
   <div class='ocr_carea' id='block_1_2' title="bbox 3666 177 3778 240">
    <p class='ocr_par' dir='ltr' id='par_1_2' title="bbox 3666 177 3778 240">
     <span class='ocr_line' id='line_1_2' title="bbox 3666 177 3778 240; baseline -0.071 1"><span class='ocrx_word' id='word_1_10' title='bbox 3666 177 3778 240; x_wconf 58' lang='lat' dir='ltr'><strong>8-H</strong></span> 
     </span>
    </p>
   </div>
   <div class='ocr_carea' id='block_1_3' title="bbox 522 301 2131 397">
    <p class='ocr_par' dir='ltr' id='par_1_3' title="bbox 522 301 2099 373">
     <span class='ocr_line' id='line_1_3' title="bbox 522 301 2099 373; baseline 0.003 -22"><span class='ocrx_word' id='word_1_11' title='bbox 522 315 642 354; x_wconf 90' lang='lat' dir='ltr'><strong>rum</strong></span> <span class='ocrx_word' id='word_1_12' title='bbox 676 301 800 356; x_wconf 91' lang='lat' dir='ltr'><strong>licet</strong></span> <span class='ocrx_word' id='word_1_13' title='bbox 822 315 978 356; x_wconf 90' lang='lat' dir='ltr'><strong>omne</strong></span> <span class='ocrx_word' id='word_1_14' title='bbox 1015 302 1183 373; x_wconf 74' lang='lat'><strong>869</strong></span> <span class='ocrx_word' id='word_1_15' title='bbox 1200 303 1497 372; x_wconf 72' lang='lat' dir='ltr'><strong>quodlibet,</strong></span> <span class='ocrx_word' id='word_1_16' title='bbox 1521 311 1575 357; x_wconf 92' lang='lat' dir='ltr'><strong>et</strong></span> <span class='ocrx_word' id='word_1_17' title='bbox 1599 319 1738 358; x_wconf 91' lang='lat' dir='ltr'><strong>nunc</strong></span> <span class='ocrx_word' id='word_1_18' title='bbox 1760 303 1962 373; x_wconf 88' lang='lat' dir='ltr'><strong>liquido</strong></span> <span class='ocrx_word' id='word_1_19' title='bbox 1986 318 2099 357; x_wconf 89' lang='lat' dir='ltr'><strong>cer-</strong></span> 
     </span>
    </p>
   </div>
   <div class='ocr_carea' id='block_1_4' title="bbox 2232 301 3782 397">
    <p class='ocr_par' dir='ltr' id='par_1_4' title="bbox 2232 325 3782 397">
     <span class='ocr_line' id='line_1_4' title="bbox 2232 325 3782 397; baseline -0.001 -19"><span class='ocrx_word' id='word_1_20' title='bbox 2232 325 2500 392; x_wconf 86' lang='lat' dir='ltr'><strong>arculum,</strong></span> <span class='ocrx_word' id='word_1_21' title='bbox 2534 327 2831 397; x_wconf 78' lang='lat' dir='ltr'><strong>ingreditur</strong></span> <span class='ocrx_word' id='word_1_22' title='bbox 2869 329 3172 392; x_wconf 73' lang='lat' dir='ltr'><strong>hortulum,</strong></span> <span class='ocrx_word' id='word_1_23' title='bbox 3218 343 3444 396; x_wconf 64' lang='lat' dir='ltr'><strong>qumque</strong></span> <span class='ocrx_word' id='word_1_24' title='bbox 3492 331 3650 383; x_wconf 65' lang='lat' dir='ltr'><strong>noxia</strong></span> <span class='ocrx_word' id='word_1_25' title='bbox 3688 333 3782 380; x_wconf 80' lang='lat' dir='ltr'><strong>dc-</strong></span> 
     </span>
    </p>
   </div>
   <div class='ocr_carea' id='block_1_5' title="bbox 522 391 2098 462">
    <p class='ocr_par' dir='ltr' id='par_1_5' title="bbox 522 391 2098 462">
     <span class='ocr_line' id='line_1_5' title="bbox 522 391 2098 462; baseline 0.001 -19"><span class='ocrx_word' id='word_1_26' title='bbox 522 391 671 449; x_wconf 83' lang='lat' dir='ltr'><strong>nitur</strong></span> <span class='ocrx_word' id='word_1_27' title='bbox 698 393 837 459; x_wconf 89' lang='lat' dir='ltr'><strong>quod</strong></span> <span class='ocrx_word' id='word_1_28' title='bbox 865 404 1003 459; x_wconf 65' lang='lat' dir='ltr'><strong>sarpe</strong></span> <span class='ocrx_word' id='word_1_29' title='bbox 1033 392 1234 446; x_wconf 87' lang='lat' dir='ltr'><strong>dictum</strong></span> <span class='ocrx_word' id='word_1_30' title='bbox 1265 393 1319 447; x_wconf 92' lang='lat' dir='ltr'><strong>in</strong></span> <span class='ocrx_word' id='word_1_31' title='bbox 1349 392 1486 446; x_wconf 91' lang='lat' dir='ltr'><strong>libro</strong></span> <span class='ocrx_word' id='word_1_32' title='bbox 1513 393 1759 448; x_wconf 71' lang='lat' dir='ltr'><strong>Iudicum</strong></span> <span class='ocrx_word' id='word_1_33' title='bbox 1798 394 2098 462; x_wconf 89' lang='lat' dir='ltr'><strong>reperitur:</strong></span> 
     </span>
    </p>
   </div>
   <div class='ocr_carea' id='block_1_6' title="bbox 525 479 2102 552">
    <p class='ocr_par' dir='ltr' id='par_1_6' title="bbox 525 479 2102 552">
     <span class='ocr_line' id='line_1_6' title="bbox 525 479 2102 552; baseline 0.004 -22"><span class='ocrx_word' id='word_1_34' title='bbox 525 497 546 529; x_wconf 87' lang='grc'><em>‹</em></span> <span class='ocrx_word' id='word_1_35' title='bbox 575 479 630 532; x_wconf 91' lang='lat' dir='ltr'><strong>In</strong></span> <span class='ocrx_word' id='word_1_36' title='bbox 661 480 848 533; x_wconf 89' lang='lat' dir='ltr'><strong>diebus</strong></span> <span class='ocrx_word' id='word_1_37' title='bbox 877 479 978 534; x_wconf 83' lang='lat' dir='ltr'><strong>illis</strong></span> <span class='ocrx_word' id='word_1_38' title='bbox 1001 496 1107 534; x_wconf 90' lang='lat' dir='ltr'><strong>non</strong></span> <span class='ocrx_word' id='word_1_39' title='bbox 1139 491 1255 534; x_wconf 87' lang='lat' dir='ltr'><strong>erat</strong></span> <span class='ocrx_word' id='word_1_40' title='bbox 1281 497 1371 536; x_wconf 90' lang='lat' dir='ltr'><strong>rex</strong></span> <span class='ocrx_word' id='word_1_41' title='bbox 1409 485 1462 537; x_wconf 87' lang='lat' dir='ltr'><strong>in</strong></span> <span class='ocrx_word' id='word_1_42' title='bbox 1489 484 1664 543; x_wconf 87' lang='lat' dir='ltr'><strong>Israel.</strong></span> <span class='ocrx_word' id='word_1_43' title='bbox 1696 485 1788 538; x_wconf 81' lang='lat' dir='ltr'><strong>sed</strong></span> <span class='ocrx_word' id='word_1_44' title='bbox 1812 484 2102 552; x_wconf 87' lang='lat' dir='ltr'><strong>unusquis-</strong></span> 
     </span>
    </p>
   </div>
   <div class='ocr_carea' id='block_1_7' title="bbox 519 566 2098 643">
    <p class='ocr_par' dir='ltr' id='par_1_7' title="bbox 519 566 2098 643">
     <span class='ocr_line' id='line_1_7' title="bbox 519 566 2098 643; baseline 0.004 -25"><span class='ocrx_word' id='word_1_45' title='bbox 519 581 628 634; x_wconf 85' lang='lat' dir='ltr'><strong>que</strong></span> <span class='ocrx_word' id='word_1_46' title='bbox 654 566 794 635; x_wconf 87' lang='lat' dir='ltr'><strong>quod</strong></span> <span class='ocrx_word' id='word_1_47' title='bbox 816 569 918 630; x_wconf 89' lang='lat' dir='ltr'><strong>sibi</strong></span> <span class='ocrx_word' id='word_1_48' title='bbox 940 578 1144 624; x_wconf 89' lang='lat' dir='ltr'><strong>rectum</strong></span> <span class='ocrx_word' id='word_1_49' title='bbox 1163 571 1444 626; x_wconf 76' lang='lat' dir='ltr'><strong>videbatur</strong></span> <span class='ocrx_word' id='word_1_50' title='bbox 1464 575 1656 643; x_wconf 91' lang='lat' dir='ltr'><strong>agebat</strong></span> <span class='ocrx_word' id='word_1_51' title='bbox 1672 573 1873 642; x_wconf 75' lang='lat' dir='ltr'><strong>(ludit.</strong></span> <span class='ocrx_word' id='word_1_52' title='bbox 1899 573 2051 640; x_wconf 87' lang='lat' dir='ltr'><strong>xvn).</strong></span> <span class='ocrx_word' id='word_1_53' title='bbox 2080 590 2098 624; x_wconf 68' lang='grc' dir='ltr'>ι</span> 
     </span>
    </p>
   </div>
   <div class='ocr_carea' id='block_1_8' title="bbox 523 658 2104 732">
    <p class='ocr_par' dir='ltr' id='par_1_8' title="bbox 523 658 2104 732">
     <span class='ocr_line' id='line_1_8' title="bbox 523 658 2104 732; baseline 0.003 -20"><span class='ocrx_word' id='word_1_54' title='bbox 523 658 590 712; x_wconf 82' lang='lat' dir='ltr'><strong>Et</strong></span> <span class='ocrx_word' id='word_1_55' title='bbox 628 658 755 712; x_wconf 91' lang='lat' dir='ltr'><strong>illud</strong></span> <span class='ocrx_word' id='word_1_56' title='bbox 783 659 928 728; x_wconf 90' lang='lat' dir='ltr'><strong>quod</strong></span> <span class='ocrx_word' id='word_1_57' title='bbox 959 669 1199 729; x_wconf 89' lang='lat' dir='ltr'><strong>tempore</strong></span> <span class='ocrx_word' id='word_1_58' title='bbox 1248 661 1439 716; x_wconf 83' lang='lat' dir='ltr'><strong>Achab</strong></span> <span class='ocrx_word' id='word_1_59' title='bbox 1484 663 1786 731; x_wconf 89' lang='lat' dir='ltr'><strong>impiissimi</strong></span> <span class='ocrx_word' id='word_1_60' title='bbox 1839 663 1980 732; x_wconf 85' lang='lat' dir='ltr'><strong>regis</strong></span> <span class='ocrx_word' id='word_1_61' title='bbox 2020 661 2104 716; x_wconf 86' lang='lat' dir='ltr'><strong>di-</strong></span> 
     </span>
    </p>
   </div>
   <div class='ocr_carea' id='block_1_9' title="bbox 528 750 2103 819">
    <p class='ocr_par' dir='ltr' id='par_1_9' title="bbox 528 750 2103 819">
     <span class='ocr_line' id='line_1_9' title="bbox 528 750 2103 819; baseline 0.002 -16"><span class='ocrx_word' id='word_1_62' title='bbox 528 758 676 805; x_wconf 88' lang='lat' dir='ltr'><strong>ctutn</strong></span> <span class='ocrx_word' id='word_1_63' title='bbox 715 759 798 804; x_wconf 88' lang='lat' dir='ltr'><strong>est</strong></span> <span class='ocrx_word' id='word_1_64' title='bbox 833 766 928 819; x_wconf 86' lang='lat' dir='ltr'><strong>per</strong></span> <span class='ocrx_word' id='word_1_65' title='bbox 972 750 1296 806; x_wconf 68' lang='lat' dir='ltr'><strong>Michaaam:</strong></span> <span class='ocrx_word' id='word_1_66' title='bbox 1356 771 1374 804; x_wconf 87' lang='lat' dir='ltr'><strong>t</strong></span> <span class='ocrx_word' id='word_1_67' title='bbox 1402 752 1517 808; x_wconf 82' lang='lat' dir='ltr'><strong>Non</strong></span> <span class='ocrx_word' id='word_1_68' title='bbox 1575 753 1774 809; x_wconf 81' lang='lat' dir='ltr'><strong>habent</strong></span> <span class='ocrx_word' id='word_1_69' title='bbox 1821 755 2103 809; x_wconf 88' lang='lat' dir='ltr'><strong>Dominum</strong></span> 
     </span>
    </p>
   </div>
   <div class='ocr_carea' id='block_1_10' title="bbox 528 841 2104 913">
    <p class='ocr_par' dir='ltr' id='par_1_10' title="bbox 528 841 2104 913">
     <span class='ocr_line' id='line_1_10' title="bbox 528 841 2104 913; baseline 0.001 -17"><span class='ocrx_word' id='word_1_70' title='bbox 528 841 649 903; x_wconf 84' lang='lat' dir='ltr'><strong>isti;</strong></span> <span class='ocrx_word' id='word_1_71' title='bbox 695 850 998 894; x_wconf 74' lang='lat' dir='ltr'><strong>revertatur</strong></span> <span class='ocrx_word' id='word_1_72' title='bbox 1041 842 1204 912; x_wconf 80' lang='lat' dir='ltr'><strong>igitur</strong></span> <span class='ocrx_word' id='word_1_73' title='bbox 1235 845 1600 913; x_wconf 87' lang='lat' dir='ltr'><strong>unusquisque</strong></span> <span class='ocrx_word' id='word_1_74' title='bbox 1626 845 1679 898; x_wconf 93' lang='lat' dir='ltr'><strong>in</strong></span> <span class='ocrx_word' id='word_1_75' title='bbox 1706 845 1920 899; x_wconf 92' lang='lat' dir='ltr'><strong>domum</strong></span> <span class='ocrx_word' id='word_1_76' title='bbox 1953 859 2104 898; x_wconf 91' lang='lat' dir='ltr'><strong>suam</strong></span> 
     </span>
    </p>
   </div>
   <div class='ocr_carea' id='block_1_11' title="bbox 529 929 2104 1004">
    <p class='ocr_par' dir='ltr' id='par_1_11' title="bbox 529 929 2104 1004">
     <span class='ocr_line' id='line_1_11' title="bbox 529 929 2104 1004; baseline 0 -19"><span class='ocrx_word' id='word_1_77' title='bbox 529 929 587 985; x_wconf 90' lang='lat' dir='ltr'><strong>in</strong></span> <span class='ocrx_word' id='word_1_78' title='bbox 619 945 748 1001; x_wconf 81' lang='lat' dir='ltr'><strong>pace</strong></span> <span class='ocrx_word' id='word_1_79' title='bbox 791 929 912 998; x_wconf 86' lang='grc'><em>(111</em></span> <span class='ocrx_word' id='word_1_80' title='bbox 944 929 1071 1000; x_wconf 83' lang='lat' dir='ltr'><strong>Reg.</strong></span> <span class='ocrx_word' id='word_1_81' title='bbox 1105 931 1294 1001; x_wconf 78' lang='lat' dir='ltr'><strong>xxn).i</strong></span> <span class='ocrx_word' id='word_1_82' title='bbox 1348 932 1422 986; x_wconf 80' lang='lat' dir='ltr'><strong>De</strong></span> <span class='ocrx_word' id='word_1_83' title='bbox 1469 942 1710 1004; x_wconf 89' lang='lat' dir='ltr'><strong>tempore</strong></span> <span class='ocrx_word' id='word_1_84' title='bbox 1735 949 1946 1004; x_wconf 85' lang='lat' dir='ltr'><strong>quoque</strong></span> <span class='ocrx_word' id='word_1_85' title='bbox 1978 933 2104 988; x_wconf 87' lang='lat' dir='ltr'><strong>Saul</strong></span> 
     </span>
    </p>
   </div>
   <div class='ocr_carea' id='block_1_12' title="bbox 531 1018 2108 1086">
    <p class='ocr_par' dir='ltr' id='par_1_12' title="bbox 531 1018 2108 1086">
     <span class='ocr_line' id='line_1_12' title="bbox 531 1018 2108 1086; baseline 0.003 -15"><span class='ocrx_word' id='word_1_86' title='bbox 531 1020 775 1074; x_wconf 88' lang='lat' dir='ltr'><strong>dicitur:</strong></span> <span class='ocrx_word' id='word_1_87' title='bbox 833 1037 850 1070; x_wconf 84' lang='lat' dir='ltr'><strong>t</strong></span> <span class='ocrx_word' id='word_1_88' title='bbox 881 1018 1016 1086; x_wconf 82' lang='lat' dir='ltr'><strong>Quia</strong></span> <span class='ocrx_word' id='word_1_89' title='bbox 1075 1031 1270 1075; x_wconf 65' lang='lat' dir='ltr'><strong>retusae</strong></span> <span class='ocrx_word' id='word_1_90' title='bbox 1315 1030 1470 1074; x_wconf 86' lang='lat' dir='ltr'><strong>erant</strong></span> <span class='ocrx_word' id='word_1_91' title='bbox 1518 1023 1662 1077; x_wconf 85' lang='lat' dir='ltr'><strong>acies</strong></span> <span class='ocrx_word' id='word_1_92' title='bbox 1707 1038 2008 1085; x_wconf 90' lang='lat' dir='ltr'><strong>vomerum,</strong></span> <span class='ocrx_word' id='word_1_93' title='bbox 2054 1031 2108 1076; x_wconf 85' lang='lat' dir='ltr'><strong>et</strong></span> 
     </span>
    </p>
   </div>
   <div class='ocr_carea' id='block_1_13' title="bbox 533 1108 2110 1184">
    <p class='ocr_par' dir='ltr' id='par_1_13' title="bbox 533 1108 2110 1184">
     <span class='ocr_line' id='line_1_13' title="bbox 533 1108 2110 1184; baseline 0.003 -22"><span class='ocrx_word' id='word_1_94' title='bbox 533 1108 794 1174; x_wconf 72' lang='lat' dir='ltr'><strong>ligonum,</strong></span> <span class='ocrx_word' id='word_1_95' title='bbox 823 1120 878 1164; x_wconf 92' lang='lat' dir='ltr'><strong>et</strong></span> <span class='ocrx_word' id='word_1_96' title='bbox 907 1112 1215 1166; x_wconf 84' lang='lat' dir='ltr'><strong>tridentiuin</strong></span> <span class='ocrx_word' id='word_1_97' title='bbox 1247 1121 1302 1166; x_wconf 91' lang='lat' dir='ltr'><strong>et</strong></span> <span class='ocrx_word' id='word_1_98' title='bbox 1342 1113 1608 1166; x_wconf 88' lang='lat' dir='ltr'><strong>securium</strong></span> <span class='ocrx_word' id='word_1_99' title='bbox 1633 1130 1802 1184; x_wconf 90' lang='lat' dir='ltr'><strong>usque</strong></span> <span class='ocrx_word' id='word_1_100' title='bbox 1823 1115 1888 1167; x_wconf 89' lang='lat' dir='ltr'><strong>ad</strong></span> <span class='ocrx_word' id='word_1_101' title='bbox 1925 1115 2110 1168; x_wconf 89' lang='lat' dir='ltr'><strong>stimu-</strong></span> 
     </span>
    </p>
   </div>
   <div class='ocr_carea' id='block_1_14' title="bbox 535 1201 2109 1276">
    <p class='ocr_par' dir='ltr' id='par_1_14' title="bbox 535 1201 2109 1276">
     <span class='ocr_line' id='line_1_14' title="bbox 535 1201 2109 1276; baseline 0.004 -24"><span class='ocrx_word' id='word_1_102' title='bbox 535 1201 646 1253; x_wconf 87' lang='lat' dir='ltr'><strong>lum</strong></span> <span class='ocrx_word' id='word_1_103' title='bbox 698 1202 1075 1270; x_wconf 75' lang='lat' dir='ltr'><strong>corrigendum</strong></span> <span class='ocrx_word' id='word_1_104' title='bbox 1131 1201 1182 1272; x_wconf 86' lang='grc'><strong>(1</strong></span> <span class='ocrx_word' id='word_1_105' title='bbox 1215 1202 1338 1273; x_wconf 79' lang='lat' dir='ltr'><strong>Reg.</strong></span> <span class='ocrx_word' id='word_1_106' title='bbox 1385 1206 1596 1276; x_wconf 68' lang='grc' dir='ltr'><strong>χιιη).›</strong></span> <span class='ocrx_word' id='word_1_107' title='bbox 1655 1205 1867 1259; x_wconf 68' lang='grc' dir='ltr'><strong>Βθιιιετε</strong></span> <span class='ocrx_word' id='word_1_108' title='bbox 1913 1207 2109 1276; x_wconf 81' lang='lat' dir='ltr'><strong>quippe</strong></span> 
     </span>
    </p>
   </div>
   <div class='ocr_carea' id='block_1_15' title="bbox 534 1293 2109 1360">
    <p class='ocr_par' dir='ltr' id='par_1_15' title="bbox 534 1293 2109 1360">
     <span class='ocr_line' id='line_1_15' title="bbox 534 1293 2109 1360; baseline 0.003 -16"><span class='ocrx_word' id='word_1_109' title='bbox 534 1300 666 1345; x_wconf 82' lang='lat' dir='ltr'><strong>sunt</strong></span> <span class='ocrx_word' id='word_1_110' title='bbox 694 1293 839 1348; x_wconf 88' lang='lat' dir='ltr'><strong>acies</strong></span> <span class='ocrx_word' id='word_1_111' title='bbox 869 1293 1213 1360; x_wconf 91' lang='lat' dir='ltr'><strong>utensilium,</strong></span> <span class='ocrx_word' id='word_1_112' title='bbox 1261 1309 1382 1348; x_wconf 90' lang='lat' dir='ltr'><strong>cum</strong></span> <span class='ocrx_word' id='word_1_113' title='bbox 1415 1294 1562 1349; x_wconf 85' lang='lat' dir='ltr'><strong>zelus</strong></span> <span class='ocrx_word' id='word_1_114' title='bbox 1590 1310 1652 1349; x_wconf 89' lang='lat' dir='ltr'><strong>ac</strong></span> <span class='ocrx_word' id='word_1_115' title='bbox 1689 1295 1867 1349; x_wconf 79' lang='lat' dir='ltr'><strong>fervor</strong></span> <span class='ocrx_word' id='word_1_116' title='bbox 1906 1297 2109 1350; x_wconf 88' lang='lat' dir='ltr'><strong>exstin-</strong></span> 
     </span>
    </p>
   </div>
   <div class='ocr_carea' id='block_1_16' title="bbox 536 1384 2108 1459">
    <p class='ocr_par' dir='ltr' id='par_1_16' title="bbox 536 1384 2108 1459">
     <span class='ocr_line' id='line_1_16' title="bbox 536 1384 2108 1459; baseline 0.003 -23"><span class='ocrx_word' id='word_1_117' title='bbox 536 1384 718 1454; x_wconf 88' lang='lat' dir='ltr'><strong>guitur</strong></span> <span class='ocrx_word' id='word_1_118' title='bbox 743 1385 1147 1456; x_wconf 82' lang='lat' dir='ltr'><strong>magistrorum,</strong></span> <span class='ocrx_word' id='word_1_119' title='bbox 1190 1401 1289 1441; x_wconf 90' lang='lat' dir='ltr'><strong>nec</strong></span> <span class='ocrx_word' id='word_1_120' title='bbox 1337 1388 1588 1442; x_wconf 87' lang='lat' dir='ltr'><strong>stimulus</strong></span> <span class='ocrx_word' id='word_1_121' title='bbox 1627 1398 1744 1453; x_wconf 85' lang='lat' dir='ltr'><strong>est,</strong></span> <span class='ocrx_word' id='word_1_122' title='bbox 1771 1389 1858 1458; x_wconf 91' lang='lat' dir='ltr'><strong>qui</strong></span> <span class='ocrx_word' id='word_1_123' title='bbox 1889 1397 2108 1459; x_wconf 82' lang='lat' dir='ltr'><strong>pungat,</strong></span> 
     </span>
    </p>
   </div>
   <div class='ocr_carea' id='block_1_17' title="bbox 539 1477 2109 1552">
    <p class='ocr_par' dir='ltr' id='par_1_17' title="bbox 539 1477 2109 1552">
     <span class='ocr_line' id='line_1_17' title="bbox 539 1477 2109 1552; baseline 0.005 -25"><span class='ocrx_word' id='word_1_124' title='bbox 539 1490 662 1529; x_wconf 81' lang='lat' dir='ltr'><strong>cum</strong></span> <span class='ocrx_word' id='word_1_125' title='bbox 720 1477 872 1531; x_wconf 89' lang='lat' dir='ltr'><strong>deest</strong></span> <span class='ocrx_word' id='word_1_126' title='bbox 929 1479 1019 1547; x_wconf 89' lang='lat' dir='ltr'><strong>qui</strong></span> <span class='ocrx_word' id='word_1_127' title='bbox 1072 1479 1496 1548; x_wconf 81' lang='lat' dir='ltr'><strong>delinquentium</strong></span> <span class='ocrx_word' id='word_1_128' title='bbox 1563 1490 1778 1550; x_wconf 86' lang='lat' dir='ltr'><strong>peccata</strong></span> <span class='ocrx_word' id='word_1_129' title='bbox 1833 1483 2109 1552; x_wconf 83' lang='lat' dir='ltr'><strong>corripiat.</strong></span> 
     </span>
    </p>
   </div>
   <div class='ocr_carea' id='block_1_18' title="bbox 539 1566 2112 1642">
    <p class='ocr_par' dir='ltr' id='par_1_18' title="bbox 539 1566 2112 1642">
     <span class='ocr_line' id='line_1_18' title="bbox 539 1566 2112 1642; baseline 0.003 -20"><span class='ocrx_word' id='word_1_130' title='bbox 539 1566 694 1622; x_wconf 87' lang='lat' dir='ltr'><strong>llunc</strong></span> <span class='ocrx_word' id='word_1_131' title='bbox 735 1577 1060 1638; x_wconf 80' lang='lat' dir='ltr'><strong>pungentem</strong></span> <span class='ocrx_word' id='word_1_132' title='bbox 1089 1585 1146 1624; x_wconf 92' lang='lat' dir='ltr'><strong>se</strong></span> <span class='ocrx_word' id='word_1_133' title='bbox 1168 1570 1365 1626; x_wconf 83' lang='lat' dir='ltr'><strong>Paulus</strong></span> <span class='ocrx_word' id='word_1_134' title='bbox 1406 1572 1680 1626; x_wconf 86' lang='lat' dir='ltr'><strong>stimulum</strong></span> <span class='ocrx_word' id='word_1_135' title='bbox 1712 1574 1911 1627; x_wconf 88' lang='lat' dir='ltr'><strong>sentire</strong></span> <span class='ocrx_word' id='word_1_136' title='bbox 1937 1588 2112 1642; x_wconf 68' lang='lat' dir='ltr'><strong>cmpe-</strong></span> 
     </span>
    </p>
   </div>
   <div class='ocr_carea' id='block_1_19' title="bbox 2203 417 3780 486">
    <p class='ocr_par' dir='ltr' id='par_1_19' title="bbox 2203 417 3780 486">
     <span class='ocr_line' id='line_1_19' title="bbox 2203 417 3780 486; baseline 0.001 -16"><span class='ocrx_word' id='word_1_137' title='bbox 2203 417 2441 482; x_wconf 82' lang='lat' dir='ltr'><strong>niolitur,</strong></span> <span class='ocrx_word' id='word_1_138' title='bbox 2472 419 2685 475; x_wconf 86' lang='lat' dir='ltr'><strong>steriles</strong></span> <span class='ocrx_word' id='word_1_139' title='bbox 2725 419 2926 474; x_wconf 85' lang='lat' dir='ltr'><strong>herbas</strong></span> <span class='ocrx_word' id='word_1_140' title='bbox 2958 420 3248 486; x_wconf 74' lang='lat' dir='ltr'><strong>exstirpat,</strong></span> <span class='ocrx_word' id='word_1_141' title='bbox 3271 420 3623 473; x_wconf 84' lang='lat' dir='ltr'><strong>circumcirca</strong></span> <span class='ocrx_word' id='word_1_142' title='bbox 3651 435 3780 472; x_wconf 84' lang='lat' dir='ltr'><strong>sar-</strong></span> 
     </span>
    </p>
   </div>
   <div class='ocr_carea' id='block_1_20' title="bbox 2205 507 3776 578">
    <p class='ocr_par' dir='ltr' id='par_1_20' title="bbox 2205 507 3776 578">
     <span class='ocr_line' id='line_1_20' title="bbox 2205 507 3776 578; baseline 0 -18"><span class='ocrx_word' id='word_1_143' title='bbox 2205 507 2368 566; x_wconf 89' lang='lat' dir='ltr'><strong>riens.</strong></span> <span class='ocrx_word' id='word_1_144' title='bbox 2400 508 2568 578; x_wconf 74' lang='lat' dir='ltr'><strong>87o</strong></span> <span class='ocrx_word' id='word_1_145' title='bbox 2592 509 2821 563; x_wconf 84' lang='lat' dir='ltr'><strong>virentia</strong></span> <span class='ocrx_word' id='word_1_146' title='bbox 2864 510 3057 564; x_wconf 89' lang='lat' dir='ltr'><strong>excolit</strong></span> <span class='ocrx_word' id='word_1_147' title='bbox 3089 519 3144 562; x_wconf 89' lang='lat' dir='ltr'><strong>et</strong></span> <span class='ocrx_word' id='word_1_148' title='bbox 3173 509 3476 563; x_wconf 73' lang='lat' dir='ltr'><strong>communit</strong></span> <span class='ocrx_word' id='word_1_149' title='bbox 3507 509 3776 563; x_wconf 63' lang='lat' dir='ltr'><strong>olusculis.</strong></span> 
     </span>
    </p>
   </div>
   <div class='ocr_carea' id='block_1_21' title="bbox 2203 595 3778 668">
    <p class='ocr_par' dir='ltr' id='par_1_21' title="bbox 2203 595 3778 668">
     <span class='ocr_line' id='line_1_21' title="bbox 2203 595 3778 668; baseline 0 -19"><span class='ocrx_word' id='word_1_150' title='bbox 2203 595 2324 650; x_wconf 87' lang='lat' dir='ltr'><strong>Illas</strong></span> <span class='ocrx_word' id='word_1_151' title='bbox 2354 597 2516 668; x_wconf 86' lang='lat' dir='ltr'><strong>igitr</strong></span> <span class='ocrx_word' id='word_1_152' title='bbox 2537 600 2771 654; x_wconf 88' lang='lat' dir='ltr'><strong>eradieat</strong></span> <span class='ocrx_word' id='word_1_153' title='bbox 2792 639 2809 663; x_wconf 90' lang='lat'><strong>,</strong></span> <span class='ocrx_word' id='word_1_154' title='bbox 2840 607 2898 652; x_wconf 91' lang='lat' dir='ltr'><strong>ut</strong></span> <span class='ocrx_word' id='word_1_155' title='bbox 2932 599 3209 653; x_wconf 80' lang='lat' dir='ltr'><strong>radicibus</strong></span> <span class='ocrx_word' id='word_1_156' title='bbox 3250 597 3452 652; x_wconf 80' lang='lat' dir='ltr'><strong>evulsis</strong></span> <span class='ocrx_word' id='word_1_157' title='bbox 3488 605 3778 659; x_wconf 75' lang='lat' dir='ltr'><strong>arescant;</strong></span> 
     </span>
    </p>
   </div>
   <div class='ocr_carea' id='block_1_22' title="bbox 2207 686 3782 760">
    <p class='ocr_par' dir='ltr' id='par_1_22' title="bbox 2207 686 3782 760">
     <span class='ocr_line' id='line_1_22' title="bbox 2207 686 3782 760; baseline 0.003 -21"><span class='ocrx_word' id='word_1_158' title='bbox 2207 686 2340 741; x_wconf 89' lang='lat' dir='ltr'><strong>istas</strong></span> <span class='ocrx_word' id='word_1_159' title='bbox 2365 703 2492 742; x_wconf 85' lang='lat' dir='ltr'><strong>vero</strong></span> <span class='ocrx_word' id='word_1_160' title='bbox 2526 688 2670 744; x_wconf 82' lang='lat' dir='ltr'><strong>fovet</strong></span> <span class='ocrx_word' id='word_1_161' title='bbox 2707 699 2762 744; x_wconf 87' lang='lat' dir='ltr'><strong>et</strong></span> <span class='ocrx_word' id='word_1_162' title='bbox 2799 690 2997 746; x_wconf 76' lang='lat' dir='ltr'><strong>excolit</strong></span> <span class='ocrx_word' id='word_1_163' title='bbox 3024 730 3040 754; x_wconf 91' lang='lat'><strong>,</strong></span> <span class='ocrx_word' id='word_1_164' title='bbox 3094 699 3152 743; x_wconf 86' lang='lat' dir='ltr'><strong>ut</strong></span> <span class='ocrx_word' id='word_1_165' title='bbox 3195 705 3292 760; x_wconf 87' lang='lat' dir='ltr'><strong>per</strong></span> <span class='ocrx_word' id='word_1_166' title='bbox 3316 689 3485 743; x_wconf 81' lang='lat' dir='ltr'><strong>adulti</strong></span> <span class='ocrx_word' id='word_1_167' title='bbox 3517 689 3782 759; x_wconf 80' lang='lat' dir='ltr'><strong>germinis</strong></span> 
     </span>
    </p>
   </div>
   <div class='ocr_carea' id='block_1_23' title="bbox 2205 777 3782 850">
    <p class='ocr_par' dir='ltr' id='par_1_23' title="bbox 2205 777 3782 850">
     <span class='ocr_line' id='line_1_23' title="bbox 2205 777 3782 850; baseline -0.001 -20"><span class='ocrx_word' id='word_1_168' title='bbox 2205 777 2535 832; x_wconf 81' lang='lat' dir='ltr'><strong>incrementa</strong></span> <span class='ocrx_word' id='word_1_169' title='bbox 2577 780 2876 848; x_wconf 76' lang='lat' dir='ltr'><strong>proﬁciant.</strong></span> <span class='ocrx_word' id='word_1_170' title='bbox 2908 781 3003 835; x_wconf 85' lang='lat' dir='ltr'><strong>llis</strong></span> <span class='ocrx_word' id='word_1_171' title='bbox 3028 781 3210 850; x_wconf 82' lang='lat' dir='ltr'><strong>itaque</strong></span> <span class='ocrx_word' id='word_1_172' title='bbox 3249 780 3476 850; x_wconf 82' lang='lat' dir='ltr'><strong>mystica</strong></span> <span class='ocrx_word' id='word_1_173' title='bbox 3503 779 3782 848; x_wconf 78' lang='lat' dir='ltr'><strong>signiﬁca-</strong></span> 
     </span>
    </p>
   </div>
   <div class='ocr_carea' id='block_1_24' title="bbox 2207 867 3784 938">
    <p class='ocr_par' dir='ltr' id='par_1_24' title="bbox 2207 867 3784 938">
     <span class='ocr_line' id='line_1_24' title="bbox 2207 867 3784 938; baseline 0.002 -20"><span class='ocrx_word' id='word_1_174' title='bbox 2207 867 2350 922; x_wconf 88' lang='lat' dir='ltr'><strong>tione</strong></span> <span class='ocrx_word' id='word_1_175' title='bbox 2391 871 2646 937; x_wconf 85' lang='lat' dir='ltr'><strong>peractis,</strong></span> <span class='ocrx_word' id='word_1_176' title='bbox 2681 871 2732 925; x_wconf 93' lang='lat' dir='ltr'><strong>in</strong></span> <span class='ocrx_word' id='word_1_177' title='bbox 2761 871 2948 926; x_wconf 83' lang='lat' dir='ltr'><strong>eadem</strong></span> <span class='ocrx_word' id='word_1_178' title='bbox 2978 871 3172 926; x_wconf 86' lang='lat' dir='ltr'><strong>silentii</strong></span> <span class='ocrx_word' id='word_1_179' title='bbox 3196 885 3431 925; x_wconf 84' lang='lat' dir='ltr'><strong>censura</strong></span> <span class='ocrx_word' id='word_1_180' title='bbox 3457 871 3784 938; x_wconf 69' lang='lat' dir='ltr'><strong>persistens,</strong></span> 
     </span>
    </p>
   </div>
   <div class='ocr_carea' id='block_1_25' title="bbox 2205 956 3789 1026">
    <p class='ocr_par' dir='ltr' id='par_1_25' title="bbox 2205 956 3789 1026">
     <span class='ocr_line' id='line_1_25' title="bbox 2205 956 3789 1026; baseline 0.002 -16"><span class='ocrx_word' id='word_1_181' title='bbox 2205 956 2382 1010; x_wconf 89' lang='lat' dir='ltr'><strong>innuit</strong></span> <span class='ocrx_word' id='word_1_182' title='bbox 2409 964 2598 1014; x_wconf 90' lang='lat' dir='ltr'><strong>nuntio</strong></span> <span class='ocrx_word' id='word_1_183' title='bbox 2644 969 2701 1014; x_wconf 92' lang='lat' dir='ltr'><strong>ut</strong></span> <span class='ocrx_word' id='word_1_184' title='bbox 2733 962 2797 1015; x_wconf 92' lang='lat' dir='ltr'><strong>ad</strong></span> <span class='ocrx_word' id='word_1_185' title='bbox 2845 976 3002 1015; x_wconf 90' lang='lat' dir='ltr'><strong>suum</strong></span> <span class='ocrx_word' id='word_1_186' title='bbox 3053 963 3328 1016; x_wconf 87' lang='lat' dir='ltr'><strong>dominum</strong></span> <span class='ocrx_word' id='word_1_187' title='bbox 3364 961 3580 1024; x_wconf 87' lang='lat' dir='ltr'><strong>redeat,</strong></span> <span class='ocrx_word' id='word_1_188' title='bbox 3623 961 3789 1026; x_wconf 84' lang='lat' dir='ltr'><strong>eique</strong></span> 
     </span>
    </p>
   </div>
   <div class='ocr_carea' id='block_1_26' title="bbox 2205 1045 3787 1118">
    <p class='ocr_par' dir='ltr' id='par_1_26' title="bbox 2205 1045 3787 1118">
     <span class='ocr_line' id='line_1_26' title="bbox 2205 1045 3787 1118; baseline 0.005 -24"><span class='ocrx_word' id='word_1_189' title='bbox 2205 1058 2324 1113; x_wconf 67' lang='lat' dir='ltr'><strong>quae</strong></span> <span class='ocrx_word' id='word_1_190' title='bbox 2355 1045 2562 1102; x_wconf 84' lang='lat' dir='ltr'><strong>viderat</strong></span> <span class='ocrx_word' id='word_1_191' title='bbox 2592 1064 2690 1118; x_wconf 92' lang='lat' dir='ltr'><strong>per</strong></span> <span class='ocrx_word' id='word_1_192' title='bbox 2721 1051 2963 1104; x_wconf 87' lang='lat' dir='ltr'><strong>ordinem</strong></span> <span class='ocrx_word' id='word_1_193' title='bbox 3013 1051 3334 1106; x_wconf 87' lang='lat' dir='ltr'><strong>innotescat.</strong></span> <span class='ocrx_word' id='word_1_194' title='bbox 3387 1050 3490 1117; x_wconf 88' lang='lat' dir='ltr'><strong>Qui</strong></span> <span class='ocrx_word' id='word_1_195' title='bbox 3524 1049 3787 1103; x_wconf 79' lang='lat' dir='ltr'><strong>nimirum</strong></span> 
     </span>
    </p>
   </div>
   <div class='ocr_carea' id='block_1_27' title="bbox 2206 1140 3790 1210">
    <p class='ocr_par' dir='ltr' id='par_1_27' title="bbox 2206 1140 3790 1210">
     <span class='ocr_line' id='line_1_27' title="bbox 2206 1140 3790 1210; baseline 0.003 -22"><span class='ocrx_word' id='word_1_196' title='bbox 2206 1151 2312 1190; x_wconf 91' lang='lat' dir='ltr'><strong>non</strong></span> <span class='ocrx_word' id='word_1_197' title='bbox 2354 1141 2470 1192; x_wconf 87' lang='lat' dir='ltr'><strong>sine</strong></span> <span class='ocrx_word' id='word_1_198' title='bbox 2497 1141 2730 1208; x_wconf 77' lang='lat' dir='ltr'><strong>quadarn</strong></span> <span class='ocrx_word' id='word_1_199' title='bbox 2779 1142 2946 1196; x_wconf 88' lang='lat' dir='ltr'><strong>animi</strong></span> <span class='ocrx_word' id='word_1_200' title='bbox 2995 1143 3387 1196; x_wconf 86' lang='lat' dir='ltr'><strong>stomachantis</strong></span> <span class='ocrx_word' id='word_1_201' title='bbox 3418 1140 3790 1210; x_wconf 79' lang='lat' dir='ltr'><strong>indignatione</strong></span> 
     </span>
    </p>
   </div>
   <div class='ocr_carea' id='block_1_28' title="bbox 2208 1229 3789 1301">
    <p class='ocr_par' dir='ltr' id='par_1_28' title="bbox 2208 1229 3789 1301">
     <span class='ocr_line' id='line_1_28' title="bbox 2208 1229 3789 1301; baseline 0.001 -23"><span class='ocrx_word' id='word_1_202' title='bbox 2208 1239 2480 1292; x_wconf 77' lang='lat' dir='ltr'><strong>reversus,</strong></span> <span class='ocrx_word' id='word_1_203' title='bbox 2510 1244 2847 1284; x_wconf 86' lang='lat' dir='ltr'><strong>murmurare</strong></span> <span class='ocrx_word' id='word_1_204' title='bbox 2897 1233 3059 1301; x_wconf 71' lang='lat' dir='ltr'><strong>cmpit</strong></span> <span class='ocrx_word' id='word_1_205' title='bbox 3082 1271 3098 1296; x_wconf 90' lang='lat'><strong>,</strong></span> <span class='ocrx_word' id='word_1_206' title='bbox 3128 1242 3183 1287; x_wconf 91' lang='lat' dir='ltr'><strong>et</strong></span> <span class='ocrx_word' id='word_1_207' title='bbox 3211 1231 3489 1300; x_wconf 89' lang='lat' dir='ltr'><strong>conqueri,</strong></span> <span class='ocrx_word' id='word_1_208' title='bbox 3520 1229 3644 1298; x_wconf 87' lang='lat' dir='ltr'><strong>quia</strong></span> <span class='ocrx_word' id='word_1_209' title='bbox 3675 1243 3789 1281; x_wconf 74' lang='lat' dir='ltr'><strong>non</strong></span> 
     </span>
    </p>
   </div>
   <div class='ocr_carea' id='block_1_29' title="bbox 2208 1315 3790 1390">
    <p class='ocr_par' dir='ltr' id='par_1_29' title="bbox 2208 1315 3790 1390">
     <span class='ocr_line' id='line_1_29' title="bbox 2208 1315 3790 1390; baseline 0.003 -22"><span class='ocrx_word' id='word_1_210' title='bbox 2208 1315 2407 1372; x_wconf 79' lang='lat' dir='ltr'><strong>missus</strong></span> <span class='ocrx_word' id='word_1_211' title='bbox 2428 1328 2574 1373; x_wconf 87' lang='lat' dir='ltr'><strong>esset</strong></span> <span class='ocrx_word' id='word_1_212' title='bbox 2611 1321 2677 1373; x_wconf 94' lang='lat' dir='ltr'><strong>ad</strong></span> <span class='ocrx_word' id='word_1_213' title='bbox 2709 1321 2825 1375; x_wconf 88' lang='lat' dir='ltr'><strong>sani</strong></span> <span class='ocrx_word' id='word_1_214' title='bbox 2865 1323 3060 1390; x_wconf 88' lang='lat' dir='ltr'><strong>capitis</strong></span> <span class='ocrx_word' id='word_1_215' title='bbox 3089 1323 3388 1384; x_wconf 82' lang='lat' dir='ltr'><strong>hominem,</strong></span> <span class='ocrx_word' id='word_1_216' title='bbox 3418 1321 3513 1375; x_wconf 89' lang='lat' dir='ltr'><strong>sed</strong></span> <span class='ocrx_word' id='word_1_217' title='bbox 3533 1320 3599 1373; x_wconf 90' lang='lat' dir='ltr'><strong>ad</strong></span> <span class='ocrx_word' id='word_1_218' title='bbox 3628 1334 3790 1373; x_wconf 82' lang='lat' dir='ltr'><strong>vesa—</strong></span> 
     </span>
    </p>
   </div>
   <div class='ocr_carea' id='block_1_30' title="bbox 2209 1410 3789 1483">
    <p class='ocr_par' dir='ltr' id='par_1_30' title="bbox 2209 1410 3789 1483">
     <span class='ocr_line' id='line_1_30' title="bbox 2209 1410 3789 1483; baseline 0.002 -23"><span class='ocrx_word' id='word_1_219' title='bbox 2209 1422 2336 1461; x_wconf 88' lang='lat' dir='ltr'><strong>num</strong></span> <span class='ocrx_word' id='word_1_220' title='bbox 2373 1410 2572 1478; x_wconf 88' lang='lat' dir='ltr'><strong>potius,</strong></span> <span class='ocrx_word' id='word_1_221' title='bbox 2618 1426 2682 1465; x_wconf 90' lang='lat' dir='ltr'><strong>ac</strong></span> <span class='ocrx_word' id='word_1_222' title='bbox 2715 1412 3068 1467; x_wconf 79' lang='lat' dir='ltr'><strong>dementem:</strong></span> <span class='ocrx_word' id='word_1_223' title='bbox 3124 1413 3438 1483; x_wconf 82' lang='lat' dir='ltr'><strong>Sperabam,</strong></span> <span class='ocrx_word' id='word_1_224' title='bbox 3485 1411 3680 1480; x_wconf 85' lang='lat' dir='ltr'><strong>inquit,</strong></span> <span class='ocrx_word' id='word_1_225' title='bbox 3722 1419 3789 1463; x_wconf 89' lang='lat' dir='ltr'><strong>ut</strong></span> 
     </span>
    </p>
   </div>
   <div class='ocr_carea' id='block_1_31' title="bbox 2211 1498 3793 1568">
    <p class='ocr_par' dir='ltr' id='par_1_31' title="bbox 2211 1498 3793 1568">
     <span class='ocr_line' id='line_1_31' title="bbox 2211 1498 3793 1568; baseline 0.001 -16"><span class='ocrx_word' id='word_1_226' title='bbox 2211 1498 2620 1556; x_wconf 88' lang='lat' dir='ltr'><strong>decurrentibus</strong></span> <span class='ocrx_word' id='word_1_227' title='bbox 2665 1516 2751 1555; x_wconf 89' lang='lat' dir='ltr'><strong>me</strong></span> <span class='ocrx_word' id='word_1_228' title='bbox 2798 1503 2978 1556; x_wconf 78' lang='lat' dir='ltr'><strong>verbis</strong></span> <span class='ocrx_word' id='word_1_229' title='bbox 3025 1503 3350 1566; x_wconf 88' lang='lat' dir='ltr'><strong>instrueret,</strong></span> <span class='ocrx_word' id='word_1_230' title='bbox 3397 1511 3451 1555; x_wconf 87' lang='lat' dir='ltr'><strong>et</strong></span> <span class='ocrx_word' id='word_1_231' title='bbox 3500 1501 3653 1568; x_wconf 89' lang='lat' dir='ltr'><strong>juxta</strong></span> <span class='ocrx_word' id='word_1_232' title='bbox 3705 1500 3793 1553; x_wconf 86' lang='lat' dir='ltr'><strong>in-</strong></span> 
     </span>
    </p>
   </div>
   <div class='ocr_carea' id='block_1_32' title="bbox 2214 1587 3799 1661">
    <p class='ocr_par' dir='ltr' id='par_1_32' title="bbox 2214 1587 3799 1661">
     <span class='ocr_line' id='line_1_32' title="bbox 2214 1587 3799 1661; baseline 0.002 -22"><span class='ocrx_word' id='word_1_233' title='bbox 2214 1590 2520 1658; x_wconf 83' lang='lat' dir='ltr'><strong>quisitionis</strong></span> <span class='ocrx_word' id='word_1_234' title='bbox 2564 1607 2697 1646; x_wconf 65' lang='lat' dir='ltr'><strong>mea:</strong></span> <span class='ocrx_word' id='word_1_235' title='bbox 2738 1591 2970 1654; x_wconf 87' lang='lat' dir='ltr'><strong>seriem,</strong></span> <span class='ocrx_word' id='word_1_236' title='bbox 3033 1607 3128 1661; x_wconf 88' lang='lat' dir='ltr'><strong>per</strong></span> <span class='ocrx_word' id='word_1_237' title='bbox 3183 1599 3382 1660; x_wconf 71' lang='lat' dir='ltr'><strong>aperta:</strong></span> <span class='ocrx_word' id='word_1_238' title='bbox 3426 1587 3799 1658; x_wconf 81' lang='lat' dir='ltr'><strong>responsionis</strong></span> 
     </span>
    </p>
   </div>
   <div class='ocr_carea' id='block_1_33' title="bbox 541 1655 3798 1748">
    <p class='ocr_par' dir='ltr' id='par_1_33' title="bbox 541 1655 3798 1748">
     <span class='ocr_line' id='line_1_33' title="bbox 541 1655 3798 1748; baseline -0.001 -18"><span class='ocrx_word' id='word_1_239' title='bbox 541 1667 649 1722; x_wconf 60' lang='lat'><strong>’3&#39;:</strong></span> <span class='ocrx_word' id='word_1_240' title='bbox 677 1675 797 1711; x_wconf 70' lang='lat' dir='ltr'><strong>cm&quot;</strong></span> <span class='ocrx_word' id='word_1_241' title='bbox 844 1675 944 1713; x_wconf 67' lang='grc' dir='ltr'><strong>νοΧ</strong></span> <span class='ocrx_word' id='word_1_242' title='bbox 994 1659 1068 1714; x_wconf 68' lang='lat' dir='ltr'><strong>im</strong></span> <span class='ocrx_word' id='word_1_243' title='bbox 1107 1661 1286 1715; x_wconf 67' lang='lat' dir='ltr'><strong>(“Vina</strong></span> <span class='ocrx_word' id='word_1_244' title='bbox 1340 1662 1590 1716; x_wconf 58' lang='lat' dir='ltr'><strong>dicebat:</strong></span> <span class='ocrx_word' id='word_1_245' title='bbox 1639 1680 1657 1714; x_wconf 68' lang='grc' dir='ltr'>ί</span> <span class='ocrx_word' id='word_1_246' title='bbox 1680 1662 1878 1716; x_wconf 62' lang='lat' dir='ltr'><strong>Durum</strong></span> <span class='ocrx_word' id='word_1_247' title='bbox 1906 1673 1990 1718; x_wconf 69' lang='grc' dir='ltr'><strong>θεῖ</strong></span> <span class='ocrx_word' id='word_1_248' title='bbox 2017 1663 2114 1718; x_wconf 57' lang='lat' dir='ltr'><strong>ubi</strong></span> <span class='ocrx_word' id='word_1_249' title='bbox 2142 1655 2188 1716; x_wconf 75' lang='grc' dir='ltr'><strong>Β</strong></span> <span class='ocrx_word' id='word_1_250' title='bbox 2219 1655 2510 1748; x_wconf 76' lang='lat' dir='ltr'><strong>alloquium</strong></span> <span class='ocrx_word' id='word_1_251' title='bbox 2537 1694 2603 1734; x_wconf 91' lang='lat' dir='ltr'><strong>ex</strong></span> <span class='ocrx_word' id='word_1_252' title='bbox 2633 1680 2882 1734; x_wconf 91' lang='lat' dir='ltr'><strong>omnibus</strong></span> <span class='ocrx_word' id='word_1_253' title='bbox 2931 1655 3265 1733; x_wconf 41' lang='lat' dir='ltr'><strong>informare-t.</strong></span> <span class='ocrx_word' id='word_1_254' title='bbox 3310 1677 3401 1731; x_wconf 92' lang='lat' dir='ltr'><strong>Ille</strong></span> <span class='ocrx_word' id='word_1_255' title='bbox 3438 1655 3617 1730; x_wconf 77' lang='lat' dir='ltr'><strong>autem</strong></span> <span class='ocrx_word' id='word_1_256' title='bbox 3645 1675 3798 1729; x_wconf 85' lang='lat' dir='ltr'><strong>velut</strong></span> 
     </span>
    </p>
   </div>
   <div class='ocr_carea' id='block_1_34' title="bbox 546 1747 1681 1821">
    <p class='ocr_par' dir='ltr' id='par_1_34' title="bbox 546 1747 1681 1821">
     <span class='ocr_line' id='line_1_34' title="bbox 546 1747 1681 1821; baseline 0.002 -19"><span class='ocrx_word' id='word_1_257' title='bbox 546 1758 734 1802; x_wconf 83' lang='lat' dir='ltr'><strong>contra</strong></span> <span class='ocrx_word' id='word_1_258' title='bbox 763 1747 1042 1803; x_wconf 89' lang='lat' dir='ltr'><strong>stimulum</strong></span> <span class='ocrx_word' id='word_1_259' title='bbox 1069 1749 1352 1804; x_wconf 86' lang='lat' dir='ltr'><strong>calcitrare</strong></span> <span class='ocrx_word' id='word_1_260' title='bbox 1379 1754 1516 1820; x_wconf 80' lang='lat' dir='ltr'><strong>(Act.</strong></span> <span class='ocrx_word' id='word_1_261' title='bbox 1550 1754 1681 1821; x_wconf 75' lang='lat' dir='ltr'><strong>ix).i</strong></span> 
     </span>
    </p>
   </div>
   <div class='ocr_carea' id='block_1_35' title="bbox 1153 1863 1516 1920">
    <p class='ocr_par' dir='ltr' id='par_1_35' title="bbox 1153 1863 1516 1920">
     <span class='ocr_line' id='line_1_35' title="bbox 1153 1863 1516 1920; baseline 0.003 -2"><span class='ocrx_word' id='word_1_262' title='bbox 1153 1863 1378 1919; x_wconf 82' lang='lat' dir='ltr'><strong>CAPUT</strong></span> <span class='ocrx_word' id='word_1_263' title='bbox 1426 1863 1516 1920; x_wconf 86' lang='lat' dir='ltr'><strong>IV.</strong></span> 
     </span>
    </p>
   </div>
   <div class='ocr_carea' id='block_1_36' title="bbox 619 1953 2055 2026">
    <p class='ocr_par' dir='ltr' id='par_1_36' title="bbox 619 1953 2055 2026">
     <span class='ocr_line' id='line_1_36' title="bbox 619 1953 2055 2026; baseline 0.001 -18"><span class='ocrx_word' id='word_1_264' title='bbox 619 1953 774 2021; x_wconf 85' lang='lat' dir='ltr'><strong>Quod</strong></span> <span class='ocrx_word' id='word_1_265' title='bbox 835 1972 1009 2025; x_wconf 82' lang='lat' dir='ltr'><strong>regum</strong></span> <span class='ocrx_word' id='word_1_266' title='bbox 1056 1957 1346 2010; x_wconf 75' lang='lat' dir='ltr'><strong>consiliarii</strong></span> <span class='ocrx_word' id='word_1_267' title='bbox 1403 1974 1504 2011; x_wconf 79' lang='lat' dir='ltr'><strong>non</strong></span> <span class='ocrx_word' id='word_1_268' title='bbox 1567 1958 1733 2010; x_wconf 76' lang='lat' dir='ltr'><strong>solum</strong></span> <span class='ocrx_word' id='word_1_269' title='bbox 1785 1959 1902 2026; x_wconf 83' lang='lat' dir='ltr'><strong>pii,</strong></span> <span class='ocrx_word' id='word_1_270' title='bbox 1963 1959 2055 2011; x_wconf 74' lang='lat' dir='ltr'><strong>sed</strong></span> 
     </span>
    </p>
   </div>
   <div class='ocr_carea' id='block_1_37' title="bbox 900 2027 1768 2095">
    <p class='ocr_par' dir='ltr' id='par_1_37' title="bbox 900 2027 1768 2095">
     <span class='ocr_line' id='line_1_37' title="bbox 900 2027 1768 2095; baseline 0.005 -17"><span class='ocrx_word' id='word_1_271' title='bbox 900 2027 1056 2079; x_wconf 87' lang='lat' dir='ltr'><strong>etiam</strong></span> <span class='ocrx_word' id='word_1_272' title='bbox 1099 2029 1375 2095; x_wconf 77' lang='lat' dir='ltr'><strong>prudentes</strong></span> <span class='ocrx_word' id='word_1_273' title='bbox 1419 2044 1526 2081; x_wconf 80' lang='lat' dir='ltr'><strong>esse</strong></span> <span class='ocrx_word' id='word_1_274' title='bbox 1565 2029 1768 2082; x_wconf 82' lang='lat' dir='ltr'><strong>debent.</strong></span> 
     </span>
    </p>
   </div>
   <div class='ocr_carea' id='block_1_38' title="bbox 621 2117 2124 2192">
    <p class='ocr_par' dir='ltr' id='par_1_38' title="bbox 621 2117 2124 2192">
     <span class='ocr_line' id='line_1_38' title="bbox 621 2117 2124 2192; baseline -0.001 -20"><span class='ocrx_word' id='word_1_275' title='bbox 621 2117 912 2174; x_wconf 74' lang='lat' dir='ltr'><strong>Enimvero</strong></span> <span class='ocrx_word' id='word_1_276' title='bbox 962 2120 1106 2188; x_wconf 89' lang='lat' dir='ltr'><strong>quod</strong></span> <span class='ocrx_word' id='word_1_277' title='bbox 1165 2120 1406 2174; x_wconf 83' lang='lat' dir='ltr'><strong>dicturus</strong></span> <span class='ocrx_word' id='word_1_278' title='bbox 1457 2137 1574 2174; x_wconf 89' lang='lat' dir='ltr'><strong>sum</strong></span> <span class='ocrx_word' id='word_1_279' title='bbox 1621 2137 1724 2175; x_wconf 91' lang='lat' dir='ltr'><strong>non</strong></span> <span class='ocrx_word' id='word_1_280' title='bbox 1779 2120 1907 2175; x_wconf 92' lang='lat' dir='ltr'><strong>mihi</strong></span> <span class='ocrx_word' id='word_1_281' title='bbox 1955 2120 2124 2192; x_wconf 76' lang='lat' dir='ltr'><strong>stylns</strong></span> 
     </span>
    </p>
   </div>
   <div class='ocr_carea' id='block_1_39' title="bbox 549 2203 2125 2275">
    <p class='ocr_par' dir='ltr' id='par_1_39' title="bbox 549 2203 2125 2275">
     <span class='ocr_line' id='line_1_39' title="bbox 549 2203 2125 2275; baseline 0.001 -12"><span class='ocrx_word' id='word_1_282' title='bbox 549 2203 792 2264; x_wconf 78' lang='lat' dir='ltr'><strong>historia:</strong></span> <span class='ocrx_word' id='word_1_283' title='bbox 819 2208 1058 2270; x_wconf 88' lang='lat' dir='ltr'><strong>tradidit,</strong></span> <span class='ocrx_word' id='word_1_284' title='bbox 1089 2210 1181 2264; x_wconf 90' lang='lat' dir='ltr'><strong>sed</strong></span> <span class='ocrx_word' id='word_1_285' title='bbox 1212 2225 1392 2265; x_wconf 87' lang='lat' dir='ltr'><strong>comes</strong></span> <span class='ocrx_word' id='word_1_286' title='bbox 1423 2209 1660 2264; x_wconf 87' lang='lat' dir='ltr'><strong>Ubahlus</strong></span> <span class='ocrx_word' id='word_1_287' title='bbox 1687 2251 1702 2275; x_wconf 91' lang='lat'><strong>,</strong></span> <span class='ocrx_word' id='word_1_288' title='bbox 1748 2210 1830 2264; x_wconf 85' lang='lat' dir='ltr'><strong>vir</strong></span> <span class='ocrx_word' id='word_1_289' title='bbox 1881 2211 2125 2265; x_wconf 71' lang='lat' dir='ltr'><strong>videlicet</strong></span> 
     </span>
    </p>
   </div>
   <div class='ocr_carea' id='block_1_40' title="bbox 552 2297 2124 2369">
    <p class='ocr_par' dir='ltr' id='par_1_40' title="bbox 552 2297 2124 2369">
     <span class='ocr_line' id='line_1_40' title="bbox 552 2297 2124 2369; baseline 0.004 -17"><span class='ocrx_word' id='word_1_290' title='bbox 552 2297 786 2353; x_wconf 90' lang='lat' dir='ltr'><strong>disertus</strong></span> <span class='ocrx_word' id='word_1_291' title='bbox 817 2315 882 2353; x_wconf 93' lang='lat' dir='ltr'><strong>ac</strong></span> <span class='ocrx_word' id='word_1_292' title='bbox 905 2301 1158 2369; x_wconf 90' lang='lat' dir='ltr'><strong>prudens,</strong></span> <span class='ocrx_word' id='word_1_293' title='bbox 1213 2303 1355 2356; x_wconf 91' lang='lat' dir='ltr'><strong>nudo</strong></span> <span class='ocrx_word' id='word_1_294' title='bbox 1407 2304 1667 2357; x_wconf 79' lang='lat' dir='ltr'><strong>duntaxat</strong></span> <span class='ocrx_word' id='word_1_295' title='bbox 1714 2319 1965 2358; x_wconf 88' lang='lat' dir='ltr'><strong>sermone</strong></span> <span class='ocrx_word' id='word_1_296' title='bbox 1999 2321 2124 2358; x_wconf 86' lang='lat' dir='ltr'><strong>nar-</strong></span> 
     </span>
    </p>
   </div>
   <div class='ocr_carea' id='block_1_41' title="bbox 550 2390 2128 2461">
    <p class='ocr_par' dir='ltr' id='par_1_41' title="bbox 550 2390 2128 2461">
     <span class='ocr_line' id='line_1_41' title="bbox 550 2390 2128 2461; baseline 0.001 -17"><span class='ocrx_word' id='word_1_297' title='bbox 550 2391 712 2444; x_wconf 80' lang='lat' dir='ltr'><strong>ravit.</strong></span> <span class='ocrx_word' id='word_1_298' title='bbox 745 2390 1100 2453; x_wconf 84' lang='lat' dir='ltr'><strong>Theodosius,</strong></span> <span class='ocrx_word' id='word_1_299' title='bbox 1143 2391 1361 2460; x_wconf 80' lang='lat' dir='ltr'><strong>inquit,</strong></span> <span class='ocrx_word' id='word_1_300' title='bbox 1403 2392 1696 2461; x_wconf 87' lang='lat' dir='ltr'><strong>imperator</strong></span> <span class='ocrx_word' id='word_1_301' title='bbox 1721 2409 1842 2446; x_wconf 89' lang='lat' dir='ltr'><strong>cum</strong></span> <span class='ocrx_word' id='word_1_302' title='bbox 1878 2393 2128 2461; x_wconf 85' lang='lat' dir='ltr'><strong>religioso</strong></span> 
     </span>
    </p>
   </div>
   <div class='ocr_carea' id='block_1_42' title="bbox 551 2483 2124 2553">
    <p class='ocr_par' dir='ltr' id='par_1_42' title="bbox 551 2483 2124 2553">
     <span class='ocr_line' id='line_1_42' title="bbox 551 2483 2124 2553; baseline 0.003 -19"><span class='ocrx_word' id='word_1_303' title='bbox 551 2484 785 2550; x_wconf 90' lang='lat' dir='ltr'><strong>quodam</strong></span> <span class='ocrx_word' id='word_1_304' title='bbox 848 2483 1069 2536; x_wconf 88' lang='lat' dir='ltr'><strong>eremita</strong></span> <span class='ocrx_word' id='word_1_305' title='bbox 1120 2491 1475 2537; x_wconf 78' lang='lat' dir='ltr'><strong>consueverat</strong></span> <span class='ocrx_word' id='word_1_306' title='bbox 1533 2483 1732 2538; x_wconf 91' lang='lat' dir='ltr'><strong>habere</strong></span> <span class='ocrx_word' id='word_1_307' title='bbox 1779 2484 2124 2553; x_wconf 89' lang='lat' dir='ltr'><strong>colloquium,</strong></span> 
     </span>
    </p>
   </div>
   <div class='ocr_carea' id='block_1_43' title="bbox 554 2573 2130 2645">
    <p class='ocr_par' dir='ltr' id='par_1_43' title="bbox 554 2573 2130 2645">
     <span class='ocr_line' id='line_1_43' title="bbox 554 2573 2130 2645; baseline 0.001 -18"><span class='ocrx_word' id='word_1_308' title='bbox 554 2574 708 2642; x_wconf 88' lang='lat' dir='ltr'><strong>cujus</strong></span> <span class='ocrx_word' id='word_1_309' title='bbox 735 2573 981 2627; x_wconf 88' lang='lat' dir='ltr'><strong>videlicet</strong></span> <span class='ocrx_word' id='word_1_310' title='bbox 1009 2573 1414 2642; x_wconf 76' lang='lat' dir='ltr'><strong>obtemperabat</strong></span> <span class='ocrx_word' id='word_1_311' title='bbox 1463 2575 1758 2644; x_wconf 89' lang='lat' dir='ltr'><strong>imperator</strong></span> <span class='ocrx_word' id='word_1_312' title='bbox 1786 2576 2046 2645; x_wconf 85' lang='lat' dir='ltr'><strong>imperiis,</strong></span> <span class='ocrx_word' id='word_1_313' title='bbox 2076 2586 2130 2630; x_wconf 90' lang='lat' dir='ltr'><strong>et</strong></span> 
     </span>
    </p>
   </div>
   <div class='ocr_carea' id='block_1_44' title="bbox 554 2662 2132 2736">
    <p class='ocr_par' dir='ltr' id='par_1_44' title="bbox 554 2662 2132 2736">
     <span class='ocr_line' id='line_1_44' title="bbox 554 2662 2132 2736; baseline 0.003 -20"><span class='ocrx_word' id='word_1_314' title='bbox 554 2664 901 2716; x_wconf 68' lang='lat' dir='ltr'><strong>conscientia:</strong></span> <span class='ocrx_word' id='word_1_315' title='bbox 949 2663 1051 2717; x_wconf 91' lang='lat' dir='ltr'><strong>sibi</strong></span> <span class='ocrx_word' id='word_1_316' title='bbox 1094 2662 1306 2718; x_wconf 86' lang='lat' dir='ltr'><strong>latentis</strong></span> <span class='ocrx_word' id='word_1_317' title='bbox 1355 2679 1550 2719; x_wconf 88' lang='lat' dir='ltr'><strong>arcana</strong></span> <span class='ocrx_word' id='word_1_318' title='bbox 1601 2666 1887 2736; x_wconf 89' lang='lat' dir='ltr'><strong>pandebat.</strong></span> <span class='ocrx_word' id='word_1_319' title='bbox 1932 2664 2132 2720; x_wconf 85' lang='lat' dir='ltr'><strong>Servus</strong></span> 
     </span>
    </p>
   </div>
   <div class='ocr_carea' id='block_1_45' title="bbox 555 2753 2132 2826">
    <p class='ocr_par' dir='ltr' id='par_1_45' title="bbox 555 2753 2132 2826">
     <span class='ocr_line' id='line_1_45' title="bbox 555 2753 2132 2826; baseline 0.004 -21"><span class='ocrx_word' id='word_1_320' title='bbox 555 2755 737 2823; x_wconf 84' lang='lat' dir='ltr'><strong>itaque</strong></span> <span class='ocrx_word' id='word_1_321' title='bbox 765 2753 884 2819; x_wconf 88' lang='lat' dir='ltr'><strong>Dei,</strong></span> <span class='ocrx_word' id='word_1_322' title='bbox 909 2764 965 2808; x_wconf 93' lang='lat' dir='ltr'><strong>ut</strong></span> <span class='ocrx_word' id='word_1_323' title='bbox 991 2763 1106 2808; x_wconf 90' lang='lat' dir='ltr'><strong>erat</strong></span> <span class='ocrx_word' id='word_1_324' title='bbox 1132 2755 1383 2825; x_wconf 82' lang='lat' dir='ltr'><strong>simplex,</strong></span> <span class='ocrx_word' id='word_1_325' title='bbox 1411 2771 1578 2825; x_wconf 92' lang='lat' dir='ltr'><strong>purus</strong></span> <span class='ocrx_word' id='word_1_326' title='bbox 1607 2772 1671 2811; x_wconf 93' lang='lat' dir='ltr'><strong>ac</strong></span> <span class='ocrx_word' id='word_1_327' title='bbox 1702 2757 1984 2811; x_wconf 70' lang='lat' dir='ltr'><strong>mundana:</strong></span> <span class='ocrx_word' id='word_1_328' title='bbox 2009 2773 2132 2826; x_wconf 88' lang='lat' dir='ltr'><strong>pro-</strong></span> 
     </span>
    </p>
   </div>
   <div class='ocr_carea' id='block_1_46' title="bbox 557 2847 2132 2918">
    <p class='ocr_par' dir='ltr' id='par_1_46' title="bbox 557 2847 2132 2918">
     <span class='ocr_line' id='line_1_46' title="bbox 557 2847 2132 2918; baseline 0.002 -17"><span class='ocrx_word' id='word_1_329' title='bbox 557 2849 843 2916; x_wconf 87' lang='lat' dir='ltr'><strong>pemodum</strong></span> <span class='ocrx_word' id='word_1_330' title='bbox 895 2847 1178 2916; x_wconf 80' lang='lat' dir='ltr'><strong>pravitatis</strong></span> <span class='ocrx_word' id='word_1_331' title='bbox 1227 2848 1484 2918; x_wconf 83' lang='lat' dir='ltr'><strong>ignarus,</strong></span> <span class='ocrx_word' id='word_1_332' title='bbox 1533 2849 1832 2916; x_wconf 76' lang='lat' dir='ltr'><strong>Augustum</strong></span> <span class='ocrx_word' id='word_1_333' title='bbox 1890 2850 2132 2904; x_wconf 86' lang='lat' dir='ltr'><strong>districte</strong></span> 
     </span>
    </p>
   </div>
   <div class='ocr_carea' id='block_1_47' title="bbox 554 2938 2131 3010">
    <p class='ocr_par' dir='ltr' id='par_1_47' title="bbox 554 2938 2131 3010">
     <span class='ocr_line' id='line_1_47' title="bbox 554 2938 2131 3010; baseline 0.002 -19"><span class='ocrx_word' id='word_1_334' title='bbox 554 2939 863 3008; x_wconf 89' lang='lat' dir='ltr'><strong>permonuit</strong></span> <span class='ocrx_word' id='word_1_335' title='bbox 902 2946 959 2992; x_wconf 90' lang='lat' dir='ltr'><strong>ut</strong></span> <span class='ocrx_word' id='word_1_336' title='bbox 986 2955 1111 3009; x_wconf 87' lang='lat' dir='ltr'><strong>erga</strong></span> <span class='ocrx_word' id='word_1_337' title='bbox 1137 2938 1505 3009; x_wconf 82' lang='lat' dir='ltr'><strong>delinquentes</strong></span> <span class='ocrx_word' id='word_1_338' title='bbox 1539 2941 1658 3010; x_wconf 89' lang='lat' dir='ltr'><strong>pius</strong></span> <span class='ocrx_word' id='word_1_339' title='bbox 1683 2941 1937 2995; x_wconf 85' lang='lat' dir='ltr'><strong>existeret</strong></span> <span class='ocrx_word' id='word_1_340' title='bbox 1961 2980 1976 3002; x_wconf 89' lang='lat'><strong>,</strong></span> <span class='ocrx_word' id='word_1_341' title='bbox 2018 2951 2074 2994; x_wconf 86' lang='lat' dir='ltr'><strong>ut</strong></span> <span class='ocrx_word' id='word_1_342' title='bbox 2103 2957 2131 2994; x_wconf 87' lang='lat' dir='ltr'><strong>a</strong></span> 
     </span>
    </p>
   </div>
   <div class='ocr_carea' id='block_1_48' title="bbox 559 3027 2208 3102">
    <p class='ocr_par' dir='ltr' id='par_1_48' title="bbox 559 3027 2208 3102">
     <span class='ocr_line' id='line_1_48' title="bbox 559 3027 2208 3102; baseline 0.003 -20"><span class='ocrx_word' id='word_1_343' title='bbox 559 3044 774 3084; x_wconf 87' lang='lat' dir='ltr'><strong>reorum</strong></span> <span class='ocrx_word' id='word_1_344' title='bbox 804 3029 1096 3085; x_wconf 90' lang='lat' dir='ltr'><strong>ultionibus</strong></span> <span class='ocrx_word' id='word_1_345' title='bbox 1123 3030 1414 3084; x_wconf 85' lang='lat' dir='ltr'><strong>abstineret</strong></span> <span class='ocrx_word' id='word_1_346' title='bbox 1439 3072 1454 3094; x_wconf 91' lang='lat'><strong>,</strong></span> <span class='ocrx_word' id='word_1_347' title='bbox 1491 3041 1545 3086; x_wconf 79' lang='lat' dir='ltr'><strong>et</strong></span> <span class='ocrx_word' id='word_1_348' title='bbox 1576 3032 1664 3102; x_wconf 87' lang='lat' dir='ltr'><strong>qui</strong></span> <span class='ocrx_word' id='word_1_349' title='bbox 1693 3033 1792 3086; x_wconf 89' lang='lat' dir='ltr'><strong>sibi</strong></span> <span class='ocrx_word' id='word_1_350' title='bbox 1826 3034 2136 3100; x_wconf 85' lang='lat' dir='ltr'><strong>deposceret</strong></span> <span class='ocrx_word' id='word_1_351' title='bbox 2164 3027 2208 3087; x_wconf 89' lang='lat' dir='ltr'>C</span> 
     </span>
    </p>
   </div>
   <div class='ocr_carea' id='block_1_49' title="bbox 563 3121 2136 3192">
    <p class='ocr_par' dir='ltr' id='par_1_49' title="bbox 563 3121 2136 3192">
     <span class='ocr_line' id='line_1_49' title="bbox 563 3121 2136 3192; baseline 0.003 -20"><span class='ocrx_word' id='word_1_352' title='bbox 563 3137 593 3172; x_wconf 89' lang='lat' dir='ltr'><strong>a</strong></span> <span class='ocrx_word' id='word_1_353' title='bbox 629 3136 862 3190; x_wconf 89' lang='lat' dir='ltr'><strong>superno</strong></span> <span class='ocrx_word' id='word_1_354' title='bbox 889 3122 1072 3190; x_wconf 81' lang='lat' dir='ltr'><strong>judice</strong></span> <span class='ocrx_word' id='word_1_355' title='bbox 1096 3121 1329 3186; x_wconf 87' lang='lat' dir='ltr'><strong>veniam,</strong></span> <span class='ocrx_word' id='word_1_356' title='bbox 1372 3123 1484 3192; x_wconf 91' lang='lat' dir='ltr'><strong>ipse</strong></span> <span class='ocrx_word' id='word_1_357' title='bbox 1511 3138 1615 3176; x_wconf 93' lang='lat' dir='ltr'><strong>non</strong></span> <span class='ocrx_word' id='word_1_358' title='bbox 1646 3124 1887 3192; x_wconf 80' lang='lat' dir='ltr'><strong>exigeret</strong></span> <span class='ocrx_word' id='word_1_359' title='bbox 1916 3139 1944 3176; x_wconf 91' lang='lat' dir='ltr'><strong>a</strong></span> <span class='ocrx_word' id='word_1_360' title='bbox 1969 3123 2136 3177; x_wconf 87' lang='lat' dir='ltr'><strong>fratre</strong></span> 
     </span>
    </p>
   </div>
   <div class='ocr_carea' id='block_1_50' title="bbox 563 3213 2134 3284">
    <p class='ocr_par' dir='ltr' id='par_1_50' title="bbox 563 3213 2134 3284">
     <span class='ocr_line' id='line_1_50' title="bbox 563 3213 2134 3284; baseline 0.003 -20"><span class='ocrx_word' id='word_1_361' title='bbox 563 3213 873 3276; x_wconf 89' lang='lat' dir='ltr'><strong>vindictam,</strong></span> <span class='ocrx_word' id='word_1_362' title='bbox 903 3215 1154 3268; x_wconf 91' lang='lat' dir='ltr'><strong>nimirum</strong></span> <span class='ocrx_word' id='word_1_363' title='bbox 1185 3230 1306 3268; x_wconf 89' lang='lat' dir='ltr'><strong>cum</strong></span> <span class='ocrx_word' id='word_1_364' title='bbox 1344 3215 1456 3283; x_wconf 89' lang='lat' dir='ltr'><strong>ipse</strong></span> <span class='ocrx_word' id='word_1_365' title='bbox 1476 3213 1641 3282; x_wconf 82' lang='lat' dir='ltr'><strong>judex</strong></span> <span class='ocrx_word' id='word_1_366' title='bbox 1674 3215 1816 3268; x_wconf 88' lang='lat' dir='ltr'><strong>dicat</strong></span> <span class='ocrx_word' id='word_1_367' title='bbox 1843 3231 1857 3267; x_wconf 94' lang='lat'><strong>:</strong></span> <span class='ocrx_word' id='word_1_368' title='bbox 1905 3233 1923 3265; x_wconf 71' lang='grc' dir='ltr'>ι</span> <span class='ocrx_word' id='word_1_369' title='bbox 1946 3215 2002 3268; x_wconf 88' lang='lat' dir='ltr'><strong>In</strong></span> <span class='ocrx_word' id='word_1_370' title='bbox 2030 3231 2134 3284; x_wconf 90' lang='lat' dir='ltr'><strong>qua</strong></span> 
     </span>
    </p>
   </div>
   <div class='ocr_carea' id='block_1_51' title="bbox 564 3303 2139 3366">
    <p class='ocr_par' dir='ltr' id='par_1_51' title="bbox 564 3303 2139 3366">
     <span class='ocr_line' id='line_1_51' title="bbox 564 3303 2139 3366; baseline 0.001 -10"><span class='ocrx_word' id='word_1_371' title='bbox 564 3317 815 3357; x_wconf 63' lang='lat' dir='ltr'><strong>inen~ura</strong></span> <span class='ocrx_word' id='word_1_372' title='bbox 880 3303 1047 3357; x_wconf 82' lang='lat' dir='ltr'><strong>mensi</strong></span> <span class='ocrx_word' id='word_1_373' title='bbox 1097 3303 1344 3366; x_wconf 88' lang='lat' dir='ltr'><strong>fueritis,</strong></span> <span class='ocrx_word' id='word_1_374' title='bbox 1391 3303 1578 3357; x_wconf 90' lang='lat' dir='ltr'><strong>eadem</strong></span> <span class='ocrx_word' id='word_1_375' title='bbox 1627 3303 1940 3356; x_wconf 90' lang='lat' dir='ltr'><strong>remetietur</strong></span> <span class='ocrx_word' id='word_1_376' title='bbox 1988 3305 2139 3358; x_wconf 86' lang='lat' dir='ltr'><strong>vobis</strong></span> 
     </span>
    </p>
   </div>
   <div class='ocr_carea' id='block_1_52' title="bbox 567 3392 2135 3463">
    <p class='ocr_par' dir='ltr' id='par_1_52' title="bbox 567 3392 2135 3463">
     <span class='ocr_line' id='line_1_52' title="bbox 567 3392 2135 3463; baseline -0.001 -17"><span class='ocrx_word' id='word_1_377' title='bbox 567 3392 785 3462; x_wconf 76' lang='lat' dir='ltr'><strong>(Matth.</strong></span> <span class='ocrx_word' id='word_1_378' title='bbox 836 3395 982 3463; x_wconf 75' lang='lat' dir='ltr'><strong>\‘ll).)</strong></span> <span class='ocrx_word' id='word_1_379' title='bbox 1037 3393 1332 3462; x_wconf 81' lang='lat' dir='ltr'><strong>Imperator</strong></span> <span class='ocrx_word' id='word_1_380' title='bbox 1380 3393 1559 3462; x_wconf 90' lang='lat' dir='ltr'><strong>itaque</strong></span> <span class='ocrx_word' id='word_1_381' title='bbox 1607 3392 1764 3447; x_wconf 82' lang='lat' dir='ltr'><strong>fidem</strong></span> <span class='ocrx_word' id='word_1_382' title='bbox 1815 3394 1986 3447; x_wconf 86' lang='lat' dir='ltr'><strong>sancti</strong></span> <span class='ocrx_word' id='word_1_383' title='bbox 2036 3392 2135 3446; x_wconf 86' lang='lat' dir='ltr'><strong>viri</strong></span> 
     </span>
    </p>
   </div>
   <div class='ocr_carea' id='block_1_53' title="bbox 567 3483 2138 3554">
    <p class='ocr_par' dir='ltr' id='par_1_53' title="bbox 567 3483 2138 3554">
     <span class='ocr_line' id='line_1_53' title="bbox 567 3483 2138 3554; baseline -0.002 -16"><span class='ocrx_word' id='word_1_384' title='bbox 567 3485 786 3538; x_wconf 88' lang='lat' dir='ltr'><strong>monitis</strong></span> <span class='ocrx_word' id='word_1_385' title='bbox 845 3485 1139 3543; x_wconf 86' lang='lat' dir='ltr'><strong>adhibens.</strong></span> <span class='ocrx_word' id='word_1_386' title='bbox 1193 3485 1355 3552; x_wconf 72' lang='lat' dir='ltr'><strong>C(Ppil</strong></span> <span class='ocrx_word' id='word_1_387' title='bbox 1408 3483 1687 3554; x_wconf 86' lang='lat' dir='ltr'><strong>ﬂagitiosis</strong></span> <span class='ocrx_word' id='word_1_388' title='bbox 1735 3493 1790 3538; x_wconf 89' lang='lat' dir='ltr'><strong>et</strong></span> <span class='ocrx_word' id='word_1_389' title='bbox 1837 3483 2138 3552; x_wconf 87' lang='lat' dir='ltr'><strong>quibusque</strong></span> 
     </span>
    </p>
   </div>
   <div class='ocr_carea' id='block_1_54' title="bbox 569 3573 2140 3641">
    <p class='ocr_par' dir='ltr' id='par_1_54' title="bbox 569 3573 2140 3641">
     <span class='ocr_line' id='line_1_54' title="bbox 569 3573 2140 3641; baseline 0 -15"><span class='ocrx_word' id='word_1_390' title='bbox 569 3574 887 3626; x_wconf 87' lang='lat' dir='ltr'><strong>nocentibus</strong></span> <span class='ocrx_word' id='word_1_391' title='bbox 923 3575 1136 3641; x_wconf 81' lang='lat' dir='ltr'><strong>impune</strong></span> <span class='ocrx_word' id='word_1_392' title='bbox 1179 3574 1463 3628; x_wconf 85' lang='lat' dir='ltr'><strong>commissa</strong></span> <span class='ocrx_word' id='word_1_393' title='bbox 1506 3575 1817 3638; x_wconf 70' lang='lat' dir='ltr'><strong>remittere,</strong></span> <span class='ocrx_word' id='word_1_394' title='bbox 1861 3573 2140 3639; x_wconf 79' lang='lat' dir='ltr'><strong>sacrilegis</strong></span> 
     </span>
    </p>
   </div>
   <div class='ocr_carea' id='block_1_55' title="bbox 568 3664 2136 3735">
    <p class='ocr_par' dir='ltr' id='par_1_55' title="bbox 568 3664 2136 3735">
     <span class='ocr_line' id='line_1_55' title="bbox 568 3664 2136 3735; baseline -0.001 -18"><span class='ocrx_word' id='word_1_395' title='bbox 568 3679 634 3718; x_wconf 88' lang='lat' dir='ltr'><strong>ac</strong></span> <span class='ocrx_word' id='word_1_396' title='bbox 660 3664 775 3735; x_wconf 82' lang='lat' dir='ltr'><strong>lege</strong></span> <span class='ocrx_word' id='word_1_397' title='bbox 801 3665 1096 3733; x_wconf 86' lang='lat' dir='ltr'><strong>plecteudis</strong></span> <span class='ocrx_word' id='word_1_398' title='bbox 1120 3666 1399 3721; x_wconf 85' lang='lat' dir='ltr'><strong>venialitcr</strong></span> <span class='ocrx_word' id='word_1_399' title='bbox 1424 3665 1715 3735; x_wconf 86' lang='lat' dir='ltr'><strong>indulgere,</strong></span> <span class='ocrx_word' id='word_1_400' title='bbox 1744 3665 1952 3718; x_wconf 90' lang='lat' dir='ltr'><strong>cunctis</strong></span> <span class='ocrx_word' id='word_1_401' title='bbox 1976 3667 2136 3717; x_wconf 89' lang='lat' dir='ltr'><strong>etiam</strong></span> 
     </span>
    </p>
   </div>
   <div class='ocr_carea' id='block_1_56' title="bbox 569 3752 2138 3823">
    <p class='ocr_par' dir='ltr' id='par_1_56' title="bbox 569 3752 2138 3823">
     <span class='ocr_line' id='line_1_56' title="bbox 569 3752 2138 3823; baseline 0.001 -17"><span class='ocrx_word' id='word_1_402' title='bbox 569 3752 744 3807; x_wconf 89' lang='lat' dir='ltr'><strong>aliena</strong></span> <span class='ocrx_word' id='word_1_403' title='bbox 779 3752 902 3822; x_wconf 85' lang='lat' dir='ltr'><strong>jura</strong></span> <span class='ocrx_word' id='word_1_404' title='bbox 936 3765 1136 3810; x_wconf 90' lang='lat' dir='ltr'><strong>temere</strong></span> <span class='ocrx_word' id='word_1_405' title='bbox 1187 3755 1602 3823; x_wconf 90' lang='lat' dir='ltr'><strong>pervadentibus</strong></span> <span class='ocrx_word' id='word_1_406' title='bbox 1647 3755 1823 3809; x_wconf 89' lang='lat' dir='ltr'><strong>debita</strong></span> <span class='ocrx_word' id='word_1_407' title='bbox 1876 3753 2138 3808; x_wconf 84' lang='lat' dir='ltr'><strong>relaxare.</strong></span> 
     </span>
    </p>
   </div>
   <div class='ocr_carea' id='block_1_57' title="bbox 569 3842 2141 3914">
    <p class='ocr_par' dir='ltr' id='par_1_57' title="bbox 569 3842 2141 3914">
     <span class='ocr_line' id='line_1_57' title="bbox 569 3842 2141 3914; baseline -0.001 -16"><span class='ocrx_word' id='word_1_408' title='bbox 569 3844 652 3898; x_wconf 80' lang='lat' dir='ltr'><strong>Ad</strong></span> <span class='ocrx_word' id='word_1_409' title='bbox 705 3844 820 3899; x_wconf 73' lang='lat' dir='ltr'><strong>hmc</strong></span> <span class='ocrx_word' id='word_1_410' title='bbox 888 3845 1036 3913; x_wconf 81' lang='lat' dir='ltr'><strong>regni</strong></span> <span class='ocrx_word' id='word_1_411' title='bbox 1113 3860 1367 3913; x_wconf 87' lang='lat' dir='ltr'><strong>proceres</strong></span> <span class='ocrx_word' id='word_1_412' title='bbox 1429 3853 1880 3914; x_wconf 80' lang='lat' dir='ltr'><strong>conqueruntur,</strong></span> <span class='ocrx_word' id='word_1_413' title='bbox 1946 3842 2141 3912; x_wconf 77' lang='lat' dir='ltr'><strong>regalis</strong></span> 
     </span>
    </p>
   </div>
   <div class='ocr_carea' id='block_1_58' title="bbox 572 3934 2144 4008">
    <p class='ocr_par' dir='ltr' id='par_1_58' title="bbox 572 3934 2144 4008">
     <span class='ocr_line' id='line_1_58' title="bbox 572 3934 2144 4008; baseline 0 -19"><span class='ocrx_word' id='word_1_414' title='bbox 572 3935 810 4005; x_wconf 83' lang='lat' dir='ltr'><strong>mysterii</strong></span> <span class='ocrx_word' id='word_1_415' title='bbox 840 3934 1172 4008; x_wconf 88' lang='lat' dir='ltr'><strong>[ministerii]</strong></span> <span class='ocrx_word' id='word_1_416' title='bbox 1207 3945 1527 3990; x_wconf 88' lang='lat' dir='ltr'><strong>tractatores</strong></span> <span class='ocrx_word' id='word_1_417' title='bbox 1567 3937 1776 3990; x_wconf 89' lang='lat' dir='ltr'><strong>ruinam</strong></span> <span class='ocrx_word' id='word_1_418' title='bbox 1821 3936 2004 3989; x_wconf 89' lang='lat' dir='ltr'><strong>mundi</strong></span> <span class='ocrx_word' id='word_1_419' title='bbox 2052 3951 2144 4005; x_wconf 81' lang='lat' dir='ltr'><strong>pe-</strong></span> 
     </span>
    </p>
   </div>
   <div class='ocr_carea' id='block_1_59' title="bbox 572 4024 2141 4096">
    <p class='ocr_par' dir='ltr' id='par_1_59' title="bbox 572 4024 2141 4096">
     <span class='ocr_line' id='line_1_59' title="bbox 572 4024 2141 4096; baseline 0.001 -18"><span class='ocrx_word' id='word_1_420' title='bbox 572 4024 859 4080; x_wconf 89' lang='lat' dir='ltr'><strong>riclitantis</strong></span> <span class='ocrx_word' id='word_1_421' title='bbox 915 4027 1275 4096; x_wconf 88' lang='lat' dir='ltr'><strong>expostulaut,</strong></span> <span class='ocrx_word' id='word_1_422' title='bbox 1326 4034 1380 4082; x_wconf 91' lang='lat' dir='ltr'><strong>et</strong></span> <span class='ocrx_word' id='word_1_423' title='bbox 1426 4042 1521 4096; x_wconf 89' lang='lat' dir='ltr'><strong>per</strong></span> <span class='ocrx_word' id='word_1_424' title='bbox 1560 4026 1641 4081; x_wconf 87' lang='lat' dir='ltr'><strong>las</strong></span> <span class='ocrx_word' id='word_1_425' title='bbox 1671 4042 1734 4080; x_wconf 90' lang='lat' dir='ltr'><strong>ac</strong></span> <span class='ocrx_word' id='word_1_426' title='bbox 1766 4025 1918 4080; x_wconf 85' lang='lat' dir='ltr'><strong>nefas</strong></span> <span class='ocrx_word' id='word_1_427' title='bbox 1949 4035 2141 4079; x_wconf 87' lang='lat' dir='ltr'><strong>cuncta</strong></span> 
     </span>
    </p>
   </div>
   <div class='ocr_carea' id='block_1_60' title="bbox 476 4113 2146 4188">
    <p class='ocr_par' dir='ltr' id='par_1_60' title="bbox 476 4113 2146 4188">
     <span class='ocr_line' id='line_1_60' title="bbox 476 4113 2146 4188; baseline 0.001 -21"><span class='ocrx_word' id='word_1_428' title='bbox 476 4179 482 4188; x_wconf 86' lang='lat'><em>_</em></span> <span class='ocrx_word' id='word_1_429' title='bbox 572 4113 847 4177; x_wconf 86' lang='lat' dir='ltr'><strong>confundi,</strong></span> <span class='ocrx_word' id='word_1_430' title='bbox 878 4118 977 4170; x_wconf 89' lang='lat' dir='ltr'><strong>nisi</strong></span> <span class='ocrx_word' id='word_1_431' title='bbox 1017 4133 1110 4185; x_wconf 91' lang='lat' dir='ltr'><strong>per</strong></span> <span class='ocrx_word' id='word_1_432' title='bbox 1138 4119 1442 4186; x_wconf 77' lang='lat' dir='ltr'><strong>:equitatem</strong></span> <span class='ocrx_word' id='word_1_433' title='bbox 1464 4117 1685 4183; x_wconf 78' lang='lat' dir='ltr'><strong>justitite</strong></span> <span class='ocrx_word' id='word_1_434' title='bbox 1714 4118 1872 4172; x_wconf 89' lang='lat' dir='ltr'><strong>rebus</strong></span> <span class='ocrx_word' id='word_1_435' title='bbox 1895 4117 2146 4172; x_wconf 88' lang='lat' dir='ltr'><strong>humanis</strong></span> 
     </span>
    </p>
   </div>
   <div class='ocr_carea' id='block_1_61' title="bbox 574 4205 2144 4269">
    <p class='ocr_par' dir='ltr' id='par_1_61' title="bbox 574 4205 2144 4269">
     <span class='ocr_line' id='line_1_61' title="bbox 574 4205 2144 4269; baseline 0 -9"><span class='ocrx_word' id='word_1_436' title='bbox 574 4205 805 4260; x_wconf 88' lang='lat' dir='ltr'><strong>celerius</strong></span> <span class='ocrx_word' id='word_1_437' title='bbox 832 4218 1185 4269; x_wconf 81' lang='lat' dir='ltr'><strong>occurratur,</strong></span> <span class='ocrx_word' id='word_1_438' title='bbox 1229 4207 1514 4262; x_wconf 86' lang='lat' dir='ltr'><strong>alIirmant.</strong></span> <span class='ocrx_word' id='word_1_439' title='bbox 1562 4209 1950 4262; x_wconf 86' lang='lat' dir='ltr'><strong>Lamentautur</strong></span> <span class='ocrx_word' id='word_1_440' title='bbox 1994 4209 2144 4262; x_wconf 87' lang='lat' dir='ltr'><strong>deui-</strong></span> 
     </span>
    </p>
   </div>
   <div class='ocr_carea' id='block_1_62' title="bbox 575 4298 2148 4367">
    <p class='ocr_par' dir='ltr' id='par_1_62' title="bbox 575 4298 2148 4367">
     <span class='ocr_line' id='line_1_62' title="bbox 575 4298 2148 4367; baseline 0.002 -21"><span class='ocrx_word' id='word_1_441' title='bbox 575 4309 682 4363; x_wconf 90' lang='lat' dir='ltr'><strong>que</strong></span> <span class='ocrx_word' id='word_1_442' title='bbox 723 4311 818 4363; x_wconf 90' lang='lat' dir='ltr'><strong>per</strong></span> <span class='ocrx_word' id='word_1_443' title='bbox 843 4298 1228 4364; x_wconf 71' lang='lat' dir='ltr'><strong>superstitiosa:</strong></span> <span class='ocrx_word' id='word_1_444' title='bbox 1256 4298 1413 4366; x_wconf 87' lang='lat' dir='ltr'><strong>hujus</strong></span> <span class='ocrx_word' id='word_1_445' title='bbox 1441 4314 1502 4351; x_wconf 85' lang='lat' dir='ltr'><strong>ac</strong></span> <span class='ocrx_word' id='word_1_446' title='bbox 1529 4298 1730 4351; x_wconf 68' lang='lat' dir='ltr'><strong>lrivolm</strong></span> <span class='ocrx_word' id='word_1_447' title='bbox 1760 4298 1974 4366; x_wconf 90' lang='lat' dir='ltr'><strong>pietatis</strong></span> <span class='ocrx_word' id='word_1_448' title='bbox 1999 4299 2148 4367; x_wconf 81' lang='lat' dir='ltr'><strong>igna-</strong></span> 
     </span>
    </p>
   </div>
   <div class='ocr_carea' id='block_1_63' title="bbox 2219 1765 3800 1834">
    <p class='ocr_par' dir='ltr' id='par_1_63' title="bbox 2219 1765 3800 1834">
     <span class='ocr_line' id='line_1_63' title="bbox 2219 1765 3800 1834; baseline -0.001 -15"><span class='ocrx_word' id='word_1_449' title='bbox 2219 1766 2465 1821; x_wconf 70' lang='lat' dir='ltr'><strong>alieuatte</strong></span> <span class='ocrx_word' id='word_1_450' title='bbox 2494 1769 2690 1823; x_wconf 88' lang='lat' dir='ltr'><strong>mentis</strong></span> <span class='ocrx_word' id='word_1_451' title='bbox 2730 1783 2791 1823; x_wconf 87' lang='lat' dir='ltr'><strong>ac</strong></span> <span class='ocrx_word' id='word_1_452' title='bbox 2822 1767 3092 1832; x_wconf 79' lang='lat' dir='ltr'><strong>furiosus,</strong></span> <span class='ocrx_word' id='word_1_453' title='bbox 3124 1769 3281 1820; x_wconf 89' lang='lat' dir='ltr'><strong>modo</strong></span> <span class='ocrx_word' id='word_1_454' title='bbox 3313 1767 3568 1821; x_wconf 85' lang='lat' dir='ltr'><strong>incultam</strong></span> <span class='ocrx_word' id='word_1_455' title='bbox 3602 1765 3800 1834; x_wconf 81' lang='lat' dir='ltr'><strong>capitis</strong></span> 
     </span>
    </p>
   </div>
   <div class='ocr_carea' id='block_1_64' title="bbox 2220 1856 3797 1928">
    <p class='ocr_par' dir='ltr' id='par_1_64' title="bbox 2220 1856 3797 1928">
     <span class='ocr_line' id='line_1_64' title="bbox 2220 1856 3797 1928; baseline -0.001 -18"><span class='ocrx_word' id='word_1_456' title='bbox 2220 1858 2496 1911; x_wconf 79' lang='lat' dir='ltr'><strong>czesariem</strong></span> <span class='ocrx_word' id='word_1_457' title='bbox 2553 1868 2805 1927; x_wconf 87' lang='lat' dir='ltr'><strong>pectere;</strong></span> <span class='ocrx_word' id='word_1_458' title='bbox 2855 1859 3012 1912; x_wconf 93' lang='lat' dir='ltr'><strong>modo</strong></span> <span class='ocrx_word' id='word_1_459' title='bbox 3066 1867 3317 1926; x_wconf 90' lang='lat' dir='ltr'><strong>correpto</strong></span> <span class='ocrx_word' id='word_1_460' title='bbox 3375 1872 3470 1928; x_wconf 87' lang='lat' dir='ltr'><strong>per</strong></span> <span class='ocrx_word' id='word_1_461' title='bbox 3518 1856 3797 1911; x_wconf 87' lang='lat' dir='ltr'><strong>hortulum</strong></span> 
     </span>
    </p>
   </div>
   <div class='ocr_carea' id='block_1_65' title="bbox 2221 1946 3800 2018">
    <p class='ocr_par' dir='ltr' id='par_1_65' title="bbox 2221 1946 3800 2018">
     <span class='ocr_line' id='line_1_65' title="bbox 2221 1946 3800 2018; baseline -0.002 -18"><span class='ocrx_word' id='word_1_462' title='bbox 2221 1962 2378 2001; x_wconf 87' lang='lat' dir='ltr'><strong>suum</strong></span> <span class='ocrx_word' id='word_1_463' title='bbox 2423 1948 2589 2017; x_wconf 68' lang='lat' dir='ltr'><strong>coepit</strong></span> <span class='ocrx_word' id='word_1_464' title='bbox 2635 1948 2811 2018; x_wconf 82' lang='lat' dir='ltr'><strong>ligone</strong></span> <span class='ocrx_word' id='word_1_465' title='bbox 2863 1949 3102 2013; x_wconf 91' lang='lat' dir='ltr'><strong>sarrire;</strong></span> <span class='ocrx_word' id='word_1_466' title='bbox 3163 1959 3416 2016; x_wconf 87' lang='lat' dir='ltr'><strong>tanquam</strong></span> <span class='ocrx_word' id='word_1_467' title='bbox 3471 1961 3569 2016; x_wconf 90' lang='lat' dir='ltr'><strong>ego</strong></span> <span class='ocrx_word' id='word_1_468' title='bbox 3612 1946 3800 1998; x_wconf 86' lang='lat' dir='ltr'><strong>lendes</strong></span> 
     </span>
    </p>
   </div>
   <div class='ocr_carea' id='block_1_66' title="bbox 2222 2035 3805 2108">
    <p class='ocr_par' dir='ltr' id='par_1_66' title="bbox 2222 2035 3805 2108">
     <span class='ocr_line' id='line_1_66' title="bbox 2222 2035 3805 2108; baseline -0.001 -19"><span class='ocrx_word' id='word_1_469' title='bbox 2222 2037 2339 2106; x_wconf 80' lang='lat' dir='ltr'><strong>ejus</strong></span> <span class='ocrx_word' id='word_1_470' title='bbox 2416 2053 2479 2092; x_wconf 91' lang='lat' dir='ltr'><strong>ac</strong></span> <span class='ocrx_word' id='word_1_471' title='bbox 2529 2037 2860 2108; x_wconf 88' lang='lat' dir='ltr'><strong>pedunculos</strong></span> <span class='ocrx_word' id='word_1_472' title='bbox 2910 2037 3419 2108; x_wconf 87' lang='lat' dir='ltr'><strong>maguipenderem,</strong></span> <span class='ocrx_word' id='word_1_473' title='bbox 3474 2036 3558 2089; x_wconf 88' lang='lat' dir='ltr'><strong>vel</strong></span> <span class='ocrx_word' id='word_1_474' title='bbox 3603 2035 3805 2088; x_wconf 88' lang='lat' dir='ltr'><strong>ruralis</strong></span> 
     </span>
    </p>
   </div>
   <div class='ocr_carea' id='block_1_67' title="bbox 2224 2124 3803 2197">
    <p class='ocr_par' dir='ltr' id='par_1_67' title="bbox 2224 2124 3803 2197">
     <span class='ocr_line' id='line_1_67' title="bbox 2224 2124 3803 2197; baseline -0.003 -17"><span class='ocrx_word' id='word_1_475' title='bbox 2224 2127 2501 2181; x_wconf 66' lang='lat' dir='ltr'><strong>industria:</strong></span> <span class='ocrx_word' id='word_1_476' title='bbox 2528 2127 2892 2197; x_wconf 80' lang='lat' dir='ltr'><strong>magisterium</strong></span> <span class='ocrx_word' id='word_1_477' title='bbox 2935 2124 3252 2194; x_wconf 87' lang='lat' dir='ltr'><strong>ﬂagitaretn.</strong></span> <span class='ocrx_word' id='word_1_478' title='bbox 3284 2125 3436 2178; x_wconf 88' lang='lat' dir='ltr'><strong>Tunc</strong></span> <span class='ocrx_word' id='word_1_479' title='bbox 3483 2124 3803 2193; x_wconf 76' lang='lat' dir='ltr'><strong>imperator,</strong></span> 
     </span>
    </p>
   </div>
   <div class='ocr_carea' id='block_1_68' title="bbox 2225 2211 3802 2287">
    <p class='ocr_par' dir='ltr' id='par_1_68' title="bbox 2225 2211 3802 2287">
     <span class='ocr_line' id='line_1_68' title="bbox 2225 2211 3802 2287; baseline -0.001 -17"><span class='ocrx_word' id='word_1_480' title='bbox 2225 2218 2365 2287; x_wconf 89' lang='lat' dir='ltr'><strong>quod</strong></span> <span class='ocrx_word' id='word_1_481' title='bbox 2413 2218 2690 2271; x_wconf 88' lang='lat' dir='ltr'><strong>dicebatur</strong></span> <span class='ocrx_word' id='word_1_482' title='bbox 2762 2217 3046 2286; x_wconf 88' lang='lat' dir='ltr'><strong>diligenter</strong></span> <span class='ocrx_word' id='word_1_483' title='bbox 3123 2211 3466 2276; x_wconf 83' lang='lat' dir='ltr'><strong>auscultans.</strong></span> <span class='ocrx_word' id='word_1_484' title='bbox 3521 2225 3576 2270; x_wconf 91' lang='lat' dir='ltr'><strong>et</strong></span> <span class='ocrx_word' id='word_1_485' title='bbox 3620 2215 3802 2269; x_wconf 87' lang='lat' dir='ltr'><strong>altiori</strong></span> 
     </span>
    </p>
   </div>
   <div class='ocr_carea' id='block_1_69' title="bbox 2226 2307 3808 2378">
    <p class='ocr_par' dir='ltr' id='par_1_69' title="bbox 2226 2307 3808 2378">
     <span class='ocr_line' id='line_1_69' title="bbox 2226 2307 3808 2378; baseline -0.003 -14"><span class='ocrx_word' id='word_1_486' title='bbox 2226 2310 2449 2364; x_wconf 83' lang='lat' dir='ltr'><strong>cuusilio</strong></span> <span class='ocrx_word' id='word_1_487' title='bbox 2476 2313 2617 2378; x_wconf 92' lang='lat' dir='ltr'><strong>quod</strong></span> <span class='ocrx_word' id='word_1_488' title='bbox 2641 2309 2838 2364; x_wconf 82' lang='lat' dir='ltr'><strong>factum</strong></span> <span class='ocrx_word' id='word_1_489' title='bbox 2870 2309 3066 2374; x_wconf 88' lang='lat' dir='ltr'><strong>fuerat,</strong></span> <span class='ocrx_word' id='word_1_490' title='bbox 3113 2318 3288 2364; x_wconf 87' lang='lat' dir='ltr'><strong>mente</strong></span> <span class='ocrx_word' id='word_1_491' title='bbox 3318 2316 3676 2378; x_wconf 85' lang='lat' dir='ltr'><strong>pertractans,</strong></span> <span class='ocrx_word' id='word_1_492' title='bbox 3722 2307 3808 2360; x_wconf 86' lang='lat' dir='ltr'><strong>ait</strong></span> 
     </span>
    </p>
   </div>
   <div class='ocr_carea' id='block_1_70' title="bbox 2228 2396 3807 2473">
    <p class='ocr_par' dir='ltr' id='par_1_70' title="bbox 2228 2396 3807 2473">
     <span class='ocr_line' id='line_1_70' title="bbox 2228 2396 3807 2473; baseline -0.004 -15"><span class='ocrx_word' id='word_1_493' title='bbox 2228 2403 2331 2458; x_wconf 88' lang='lat' dir='ltr'><strong>hoc</strong></span> <span class='ocrx_word' id='word_1_494' title='bbox 2371 2417 2476 2456; x_wconf 89' lang='lat' dir='ltr'><strong>non</strong></span> <span class='ocrx_word' id='word_1_495' title='bbox 2507 2396 2627 2456; x_wconf 82' lang='lat' dir='ltr'><strong>esse</strong></span> <span class='ocrx_word' id='word_1_496' title='bbox 2666 2403 2969 2466; x_wconf 86' lang='lat' dir='ltr'><strong>ridiculum,</strong></span> <span class='ocrx_word' id='word_1_497' title='bbox 3016 2403 3110 2455; x_wconf 86' lang='lat' dir='ltr'><strong>sed</strong></span> <span class='ocrx_word' id='word_1_498' title='bbox 3160 2401 3510 2473; x_wconf 76' lang='lat' dir='ltr'><strong>mysterium;</strong></span> <span class='ocrx_word' id='word_1_499' title='bbox 3555 2409 3717 2470; x_wconf 85' lang='lat' dir='ltr'><strong>atque</strong></span> <span class='ocrx_word' id='word_1_500' title='bbox 3746 2399 3807 2452; x_wconf 80' lang='lat' dir='ltr'><strong>id</strong></span> 
     </span>
    </p>
   </div>
   <div class='ocr_carea' id='block_1_71' title="bbox 2231 2489 3806 2562">
    <p class='ocr_par' dir='ltr' id='par_1_71' title="bbox 2231 2489 3806 2562">
     <span class='ocr_line' id='line_1_71' title="bbox 2231 2489 3806 2562; baseline -0.003 -16"><span class='ocrx_word' id='word_1_501' title='bbox 2231 2493 2332 2546; x_wconf 88' lang='lat' dir='ltr'><strong>sibi</strong></span> <span class='ocrx_word' id='word_1_502' title='bbox 2392 2495 2532 2562; x_wconf 85' lang='lat' dir='ltr'><strong>quod</strong></span> <span class='ocrx_word' id='word_1_503' title='bbox 2589 2494 2877 2562; x_wconf 65' lang='lat' dir='ltr'><strong>quaesierat</strong></span> <span class='ocrx_word' id='word_1_504' title='bbox 2928 2491 3264 2546; x_wconf 85' lang='lat' dir='ltr'><strong>evidentibus</strong></span> <span class='ocrx_word' id='word_1_505' title='bbox 3324 2491 3538 2545; x_wconf 87' lang='lat' dir='ltr'><strong>indiciis</strong></span> <span class='ocrx_word' id='word_1_506' title='bbox 3588 2489 3806 2543; x_wconf 88' lang='lat' dir='ltr'><strong>indubi-</strong></span> 
     </span>
    </p>
   </div>
   <div class='ocr_carea' id='block_1_72' title="bbox 2230 2579 3809 2652">
    <p class='ocr_par' dir='ltr' id='par_1_72' title="bbox 2230 2579 3809 2652">
     <span class='ocr_line' id='line_1_72' title="bbox 2230 2579 3809 2652; baseline -0.001 -18"><span class='ocrx_word' id='word_1_507' title='bbox 2230 2590 2408 2636; x_wconf 89' lang='lat' dir='ltr'><strong>tanter</strong></span> <span class='ocrx_word' id='word_1_508' title='bbox 2436 2597 2747 2651; x_wconf 71' lang='lat' dir='ltr'><strong>expressum</strong></span> <span class='ocrx_word' id='word_1_509' title='bbox 2775 2601 2788 2636; x_wconf 91' lang='lat'>:</span> <span class='ocrx_word' id='word_1_510' title='bbox 2830 2583 3051 2646; x_wconf 84' lang='lat' dir='ltr'><strong>Servus,</strong></span> <span class='ocrx_word' id='word_1_511' title='bbox 3087 2583 3278 2652; x_wconf 88' lang='lat' dir='ltr'><strong>inquit,</strong></span> <span class='ocrx_word' id='word_1_512' title='bbox 3310 2581 3401 2636; x_wconf 88' lang='lat' dir='ltr'><strong>Dei</strong></span> <span class='ocrx_word' id='word_1_513' title='bbox 3427 2581 3580 2636; x_wconf 92' lang='lat' dir='ltr'><strong>nobis</strong></span> <span class='ocrx_word' id='word_1_514' title='bbox 3609 2579 3809 2634; x_wconf 85' lang='lat' dir='ltr'><strong>melius</strong></span> 
     </span>
    </p>
   </div>
   <div class='ocr_carea' id='block_1_73' title="bbox 2232 2674 3806 2744">
    <p class='ocr_par' dir='ltr' id='par_1_73' title="bbox 2232 2674 3806 2744">
     <span class='ocr_line' id='line_1_73' title="bbox 2232 2674 3806 2744; baseline -0.001 -18"><span class='ocrx_word' id='word_1_515' title='bbox 2232 2674 2440 2740; x_wconf 78' lang='lat' dir='ltr'><strong>agendo</strong></span> <span class='ocrx_word' id='word_1_516' title='bbox 2508 2689 2668 2742; x_wconf 89' lang='lat' dir='ltr'><strong>quam</strong></span> <span class='ocrx_word' id='word_1_517' title='bbox 2715 2674 2980 2743; x_wconf 88' lang='lat' dir='ltr'><strong>loquendo</strong></span> <span class='ocrx_word' id='word_1_518' title='bbox 3015 2674 3322 2743; x_wconf 89' lang='lat' dir='ltr'><strong>respondit,</strong></span> <span class='ocrx_word' id='word_1_519' title='bbox 3351 2683 3407 2728; x_wconf 94' lang='lat' dir='ltr'><strong>et</strong></span> <span class='ocrx_word' id='word_1_520' title='bbox 3433 2674 3664 2744; x_wconf 90' lang='lat' dir='ltr'><strong>genuino</strong></span> <span class='ocrx_word' id='word_1_521' title='bbox 3690 2687 3806 2726; x_wconf 71' lang='lat' dir='ltr'><strong>sua:</strong></span> 
     </span>
    </p>
   </div>
   <div class='ocr_carea' id='block_1_74' title="bbox 2231 2762 3801 2835">
    <p class='ocr_par' dir='ltr' id='par_1_74' title="bbox 2231 2762 3801 2835">
     <span class='ocr_line' id='line_1_74' title="bbox 2231 2762 3801 2835; baseline -0.002 -16"><span class='ocrx_word' id='word_1_522' title='bbox 2231 2765 2564 2835; x_wconf 84' lang='lat' dir='ltr'><strong>Operationis</strong></span> <span class='ocrx_word' id='word_1_523' title='bbox 2589 2765 2832 2832; x_wconf 88' lang='lat' dir='ltr'><strong>oraculo,</strong></span> <span class='ocrx_word' id='word_1_524' title='bbox 2872 2765 3070 2820; x_wconf 85' lang='lat' dir='ltr'><strong>nodum</strong></span> <span class='ocrx_word' id='word_1_525' title='bbox 3103 2764 3260 2819; x_wconf 90' lang='lat' dir='ltr'><strong>unius</strong></span> <span class='ocrx_word' id='word_1_526' title='bbox 3305 2774 3500 2819; x_wconf 67' lang='lat' dir='ltr'><strong>nostrae</strong></span> <span class='ocrx_word' id='word_1_527' title='bbox 3545 2762 3801 2832; x_wconf 58' lang='lat' dir='ltr'><strong>quastio-</strong></span> 
     </span>
    </p>
   </div>
   <div class='ocr_carea' id='block_1_75' title="bbox 2235 2855 2592 2910">
    <p class='ocr_par' dir='ltr' id='par_1_75' title="bbox 2235 2855 2592 2910">
     <span class='ocr_line' id='line_1_75' title="bbox 2235 2855 2592 2910; baseline -0.003 -1"><span class='ocrx_word' id='word_1_528' title='bbox 2235 2857 2318 2910; x_wconf 91' lang='lat' dir='ltr'><strong>nis</strong></span> <span class='ocrx_word' id='word_1_529' title='bbox 2342 2855 2592 2910; x_wconf 88' lang='lat' dir='ltr'><strong>absolvit.</strong></span> 
     </span>
    </p>
   </div>
   <div class='ocr_carea' id='block_1_76' title="bbox 2856 2944 3201 3001">
    <p class='ocr_par' dir='ltr' id='par_1_76' title="bbox 2856 2944 3201 3001">
     <span class='ocr_line' id='line_1_76' title="bbox 2856 2944 3201 3001; baseline -0.006 0"><span class='ocrx_word' id='word_1_530' title='bbox 2856 2945 3082 3001; x_wconf 76' lang='lat' dir='ltr'><strong>CAPUT</strong></span> <span class='ocrx_word' id='word_1_531' title='bbox 3134 2944 3201 3000; x_wconf 75' lang='grc' dir='ltr'><strong>ν.</strong></span> 
     </span>
    </p>
   </div>
   <div class='ocr_carea' id='block_1_77' title="bbox 2545 3035 3500 3106">
    <p class='ocr_par' dir='ltr' id='par_1_77' title="bbox 2545 3035 3500 3106">
     <span class='ocr_line' id='line_1_77' title="bbox 2545 3035 3500 3106; baseline -0.001 -17"><span class='ocrx_word' id='word_1_532' title='bbox 2545 3035 2810 3105; x_wconf 74' lang='lat' dir='ltr'><strong>Principis</strong></span> <span class='ocrx_word' id='word_1_533' title='bbox 2849 3036 3069 3105; x_wconf 71' lang='lat' dir='ltr'><strong>oﬂicium</strong></span> <span class='ocrx_word' id='word_1_534' title='bbox 3107 3035 3369 3106; x_wconf 80' lang='lat' dir='ltr'><strong>quodnam</strong></span> <span class='ocrx_word' id='word_1_535' title='bbox 3407 3036 3500 3088; x_wconf 79' lang='lat' dir='ltr'><strong>ait.</strong></span> 
     </span>
    </p>
   </div>
   <div class='ocr_carea' id='block_1_78' title="bbox 2309 3124 3813 3194">
    <p class='ocr_par' dir='ltr' id='par_1_78' title="bbox 2309 3124 3813 3194">
     <span class='ocr_line' id='line_1_78' title="bbox 2309 3124 3813 3194; baseline 0.001 -16"><span class='ocrx_word' id='word_1_536' title='bbox 2309 3126 2447 3193; x_wconf 84' lang='lat' dir='ltr'><strong>Quid</strong></span> <span class='ocrx_word' id='word_1_537' title='bbox 2468 3127 2611 3180; x_wconf 85' lang='lat' dir='ltr'><strong>enim</strong></span> <span class='ocrx_word' id='word_1_538' title='bbox 2641 3126 2882 3194; x_wconf 90' lang='lat' dir='ltr'><strong>apertius</strong></span> <span class='ocrx_word' id='word_1_539' title='bbox 2907 3141 2992 3189; x_wconf 90' lang='lat' dir='ltr'><strong>eo,</strong></span> <span class='ocrx_word' id='word_1_540' title='bbox 3044 3126 3186 3194; x_wconf 88' lang='lat' dir='ltr'><strong>quod</strong></span> <span class='ocrx_word' id='word_1_541' title='bbox 3227 3127 3485 3180; x_wconf 85' lang='lat' dir='ltr'><strong>verticem</strong></span> <span class='ocrx_word' id='word_1_542' title='bbox 3515 3124 3717 3194; x_wconf 82' lang='lat' dir='ltr'><strong>pexuil,</strong></span> <span class='ocrx_word' id='word_1_543' title='bbox 3751 3134 3813 3179; x_wconf 87' lang='lat' dir='ltr'><strong>et</strong></span> 
     </span>
    </p>
   </div>
   <div class='ocr_carea' id='block_1_79' title="bbox 2239 3213 3815 3285">
    <p class='ocr_par' dir='ltr' id='par_1_79' title="bbox 2239 3213 3815 3285">
     <span class='ocr_line' id='line_1_79' title="bbox 2239 3213 3815 3285; baseline -0.002 -15"><span class='ocrx_word' id='word_1_544' title='bbox 2239 3231 2359 3270; x_wconf 76' lang='lat' dir='ltr'><strong>mox</strong></span> <span class='ocrx_word' id='word_1_545' title='bbox 2395 3217 2444 3268; x_wconf 91' lang='lat' dir='ltr'><strong>in</strong></span> <span class='ocrx_word' id='word_1_546' title='bbox 2476 3217 2651 3285; x_wconf 89' lang='lat' dir='ltr'><strong>ignem</strong></span> <span class='ocrx_word' id='word_1_547' title='bbox 2691 3215 2902 3269; x_wconf 89' lang='lat' dir='ltr'><strong>detersa</strong></span> <span class='ocrx_word' id='word_1_548' title='bbox 2945 3214 3206 3284; x_wconf 75' lang='lat' dir='ltr'><strong>proiecit?</strong></span> <span class='ocrx_word' id='word_1_549' title='bbox 3248 3231 3310 3268; x_wconf 89' lang='lat' dir='ltr'><strong>ac</strong></span> <span class='ocrx_word' id='word_1_550' title='bbox 3339 3217 3384 3268; x_wconf 90' lang='lat' dir='ltr'><strong>si</strong></span> <span class='ocrx_word' id='word_1_551' title='bbox 3427 3215 3668 3269; x_wconf 89' lang='lat' dir='ltr'><strong>diceret:</strong></span> <span class='ocrx_word' id='word_1_552' title='bbox 3709 3213 3815 3267; x_wconf 83' lang='lat' dir='ltr'><strong>Per</strong></span> 
     </span>
    </p>
   </div>
   <div class='ocr_carea' id='block_1_80' title="bbox 2240 3302 3814 3375">
    <p class='ocr_par' dir='ltr' id='par_1_80' title="bbox 2240 3302 3814 3375">
     <span class='ocr_line' id='line_1_80' title="bbox 2240 3302 3814 3375; baseline -0.004 -15"><span class='ocrx_word' id='word_1_553' title='bbox 2240 3304 2569 3360; x_wconf 52' lang='lat' dir='ltr'><strong>multimodo</strong></span> <span class='ocrx_word' id='word_1_554' title='bbox 2602 3304 2882 3360; x_wconf 88' lang='lat' dir='ltr'><strong>divisionis</strong></span> <span class='ocrx_word' id='word_1_555' title='bbox 2934 3307 3225 3375; x_wconf 90' lang='lat' dir='ltr'><strong>pectinem,</strong></span> <span class='ocrx_word' id='word_1_556' title='bbox 3278 3306 3379 3358; x_wconf 87' lang='lat' dir='ltr'><strong>hoc</strong></span> <span class='ocrx_word' id='word_1_557' title='bbox 3425 3313 3508 3356; x_wconf 90' lang='lat' dir='ltr'><strong>est</strong></span> <span class='ocrx_word' id='word_1_558' title='bbox 3556 3319 3652 3371; x_wconf 89' lang='lat' dir='ltr'><strong>per</strong></span> <span class='ocrx_word' id='word_1_559' title='bbox 3681 3302 3814 3372; x_wconf 87' lang='lat' dir='ltr'><strong>legi-</strong></span> 
     </span>
    </p>
   </div>
   <div class='ocr_carea' id='block_1_81' title="bbox 2242 3392 3815 3452">
    <p class='ocr_par' dir='ltr' id='par_1_81' title="bbox 2242 3392 3815 3452">
     <span class='ocr_line' id='line_1_81' title="bbox 2242 3392 3815 3452; baseline -0.003 -4"><span class='ocrx_word' id='word_1_560' title='bbox 2242 3396 2381 3448; x_wconf 78' lang='lat' dir='ltr'><strong>tima:</strong></span> <span class='ocrx_word' id='word_1_561' title='bbox 2410 3394 2762 3448; x_wconf 85' lang='lat' dir='ltr'><strong>discussionis</strong></span> <span class='ocrx_word' id='word_1_562' title='bbox 2785 3409 2847 3448; x_wconf 90' lang='lat' dir='ltr'><strong>ac</strong></span> <span class='ocrx_word' id='word_1_563' title='bbox 2877 3393 3214 3448; x_wconf 87' lang='lat' dir='ltr'><strong>discretionis</strong></span> <span class='ocrx_word' id='word_1_564' title='bbox 3250 3407 3474 3446; x_wconf 86' lang='lat' dir='ltr'><strong>examen</strong></span> <span class='ocrx_word' id='word_1_565' title='bbox 3496 3431 3509 3452; x_wconf 91' lang='lat'><strong>,</strong></span> <span class='ocrx_word' id='word_1_566' title='bbox 3561 3401 3617 3444; x_wconf 88' lang='lat' dir='ltr'><strong>et</strong></span> <span class='ocrx_word' id='word_1_567' title='bbox 3654 3392 3815 3445; x_wconf 82' lang='lat' dir='ltr'><strong>noxia</strong></span> 
     </span>
    </p>
   </div>
   <div class='ocr_carea' id='block_1_82' title="bbox 2240 3483 3820 3554">
    <p class='ocr_par' dir='ltr' id='par_1_82' title="bbox 2240 3483 3820 3554">
     <span class='ocr_line' id='line_1_82' title="bbox 2240 3483 3820 3554; baseline 0 -18"><span class='ocrx_word' id='word_1_568' title='bbox 2240 3500 2462 3554; x_wconf 82' lang='lat' dir='ltr'><strong>quaeque</strong></span> <span class='ocrx_word' id='word_1_569' title='bbox 2495 3484 2822 3552; x_wconf 84' lang='lat' dir='ltr'><strong>dispereant,</strong></span> <span class='ocrx_word' id='word_1_570' title='bbox 2854 3495 2909 3539; x_wconf 90' lang='lat' dir='ltr'><strong>et</strong></span> <span class='ocrx_word' id='word_1_571' title='bbox 2937 3500 3056 3554; x_wconf 68' lang='lat' dir='ltr'><strong>qua:</strong></span> <span class='ocrx_word' id='word_1_572' title='bbox 3088 3485 3226 3539; x_wconf 89' lang='lat' dir='ltr'><strong>bona</strong></span> <span class='ocrx_word' id='word_1_573' title='bbox 3255 3492 3380 3538; x_wconf 89' lang='lat' dir='ltr'><strong>sunt</strong></span> <span class='ocrx_word' id='word_1_574' title='bbox 3409 3483 3634 3554; x_wconf 90' lang='lat' dir='ltr'><strong>abjectis</strong></span> <span class='ocrx_word' id='word_1_575' title='bbox 3656 3483 3820 3537; x_wconf 81' lang='lat' dir='ltr'><strong>malis</strong></span> 
     </span>
    </p>
   </div>
   <div class='ocr_carea' id='block_1_83' title="bbox 2241 3573 3812 3645">
    <p class='ocr_par' dir='ltr' id='par_1_83' title="bbox 2241 3573 3812 3645">
     <span class='ocr_line' id='line_1_83' title="bbox 2241 3573 3812 3645; baseline -0.001 -19"><span class='ocrx_word' id='word_1_576' title='bbox 2241 3574 2522 3645; x_wconf 81' lang='lat' dir='ltr'><strong>purificata</strong></span> <span class='ocrx_word' id='word_1_577' title='bbox 2575 3583 2908 3628; x_wconf 90' lang='lat' dir='ltr'><strong>remaneant.</strong></span> <span class='ocrx_word' id='word_1_578' title='bbox 2961 3573 3216 3628; x_wconf 82' lang='lat' dir='ltr'><strong>Eamdem</strong></span> <span class='ocrx_word' id='word_1_579' title='bbox 3276 3589 3439 3644; x_wconf 89' lang='lat' dir='ltr'><strong>porro</strong></span> <span class='ocrx_word' id='word_1_580' title='bbox 3487 3573 3812 3628; x_wconf 84' lang='lat' dir='ltr'><strong>sententiam</strong></span> 
     </span>
    </p>
   </div>
   <div class='ocr_carea' id='block_1_84' title="bbox 2241 3663 3814 3734">
    <p class='ocr_par' dir='ltr' id='par_1_84' title="bbox 2241 3663 3814 3734">
     <span class='ocr_line' id='line_1_84' title="bbox 2241 3663 3814 3734; baseline -0.003 -14"><span class='ocrx_word' id='word_1_581' title='bbox 2241 3681 2338 3734; x_wconf 86' lang='lat' dir='ltr'><strong>per</strong></span> <span class='ocrx_word' id='word_1_582' title='bbox 2358 3665 2556 3721; x_wconf 86' lang='lat' dir='ltr'><strong>hortuli</strong></span> <span class='ocrx_word' id='word_1_583' title='bbox 2585 3681 2798 3734; x_wconf 90' lang='lat' dir='ltr'><strong>quoque</strong></span> <span class='ocrx_word' id='word_1_584' title='bbox 2841 3665 3007 3719; x_wconf 92' lang='lat' dir='ltr'><strong>voluit</strong></span> <span class='ocrx_word' id='word_1_585' title='bbox 3048 3666 3244 3719; x_wconf 90' lang='lat' dir='ltr'><strong>iterare</strong></span> <span class='ocrx_word' id='word_1_586' title='bbox 3272 3665 3562 3726; x_wconf 89' lang='lat' dir='ltr'><strong>culturam,</strong></span> <span class='ocrx_word' id='word_1_587' title='bbox 3590 3671 3648 3716; x_wconf 91' lang='lat' dir='ltr'><strong>ut</strong></span> <span class='ocrx_word' id='word_1_588' title='bbox 3676 3663 3814 3717; x_wconf 86' lang='lat' dir='ltr'><strong>sicut</strong></span> 
     </span>
    </p>
   </div>
   <div class='ocr_carea' id='block_1_85' title="bbox 2243 3754 3813 3824">
    <p class='ocr_par' dir='ltr' id='par_1_85' title="bbox 2243 3754 3813 3824">
     <span class='ocr_line' id='line_1_85' title="bbox 2243 3754 3813 3824; baseline -0.004 -13"><span class='ocrx_word' id='word_1_589' title='bbox 2243 3759 2330 3813; x_wconf 90' lang='lat' dir='ltr'><strong>ille</strong></span> <span class='ocrx_word' id='word_1_590' title='bbox 2387 3760 2576 3810; x_wconf 73' lang='lat' dir='ltr'><strong>noxias</strong></span> <span class='ocrx_word' id='word_1_591' title='bbox 2625 3773 2745 3810; x_wconf 91' lang='lat' dir='ltr'><strong>cum</strong></span> <span class='ocrx_word' id='word_1_592' title='bbox 2797 3757 2911 3811; x_wconf 90' lang='lat' dir='ltr'><strong>suis</strong></span> <span class='ocrx_word' id='word_1_593' title='bbox 2969 3757 3264 3824; x_wconf 87' lang='lat' dir='ltr'><strong>cespitibus</strong></span> <span class='ocrx_word' id='word_1_594' title='bbox 3339 3757 3534 3810; x_wconf 90' lang='lat' dir='ltr'><strong>herbas</strong></span> <span class='ocrx_word' id='word_1_595' title='bbox 3583 3754 3813 3816; x_wconf 87' lang='lat' dir='ltr'><strong>evulsit,</strong></span> 
     </span>
    </p>
   </div>
   <div class='ocr_carea' id='block_1_86' title="bbox 2242 3847 3812 3918">
    <p class='ocr_par' dir='ltr' id='par_1_86' title="bbox 2242 3847 3812 3918">
     <span class='ocr_line' id='line_1_86' title="bbox 2242 3847 3812 3918; baseline -0.004 -16"><span class='ocrx_word' id='word_1_596' title='bbox 2242 3848 2442 3902; x_wconf 85' lang='lat' dir='ltr'><strong>bonum</strong></span> <span class='ocrx_word' id='word_1_597' title='bbox 2482 3856 2658 3900; x_wconf 86' lang='lat' dir='ltr'><strong>autem</strong></span> <span class='ocrx_word' id='word_1_598' title='bbox 2706 3848 2823 3901; x_wconf 92' lang='lat' dir='ltr'><strong>olus</strong></span> <span class='ocrx_word' id='word_1_599' title='bbox 2847 3889 2862 3911; x_wconf 93' lang='lat'><strong>,</strong></span> <span class='ocrx_word' id='word_1_600' title='bbox 2897 3857 2956 3901; x_wconf 91' lang='lat' dir='ltr'><strong>ut</strong></span> <span class='ocrx_word' id='word_1_601' title='bbox 3002 3849 3219 3901; x_wconf 87' lang='lat' dir='ltr'><strong>uberius</strong></span> <span class='ocrx_word' id='word_1_602' title='bbox 3259 3847 3614 3918; x_wconf 87' lang='lat' dir='ltr'><strong>germinaret,</strong></span> <span class='ocrx_word' id='word_1_603' title='bbox 3654 3859 3812 3898; x_wconf 83' lang='lat' dir='ltr'><strong>exco-</strong></span> 
     </span>
    </p>
   </div>
   <div class='ocr_carea' id='block_1_87' title="bbox 2244 3932 3814 4006">
    <p class='ocr_par' dir='ltr' id='par_1_87' title="bbox 2244 3932 3814 4006">
     <span class='ocr_line' id='line_1_87' title="bbox 2244 3932 3814 4006; baseline -0.004 -16"><span class='ocrx_word' id='word_1_604' title='bbox 2244 3936 2343 3991; x_wconf 90' lang='lat' dir='ltr'><strong>luit</strong></span> <span class='ocrx_word' id='word_1_605' title='bbox 2373 3953 2386 4002; x_wconf 90' lang='lat'><strong>;</strong></span> <span class='ocrx_word' id='word_1_606' title='bbox 2441 3937 2513 3990; x_wconf 88' lang='lat' dir='ltr'><strong>ita</strong></span> <span class='ocrx_word' id='word_1_607' title='bbox 2550 3951 2647 3990; x_wconf 91' lang='lat' dir='ltr'><strong>nos</strong></span> <span class='ocrx_word' id='word_1_608' title='bbox 2669 3976 2683 3998; x_wconf 92' lang='lat'><strong>,</strong></span> <span class='ocrx_word' id='word_1_609' title='bbox 2724 3937 2878 4006; x_wconf 89' lang='lat' dir='ltr'><strong>quasi</strong></span> <span class='ocrx_word' id='word_1_610' title='bbox 2910 3952 3006 4006; x_wconf 90' lang='lat' dir='ltr'><strong>per</strong></span> <span class='ocrx_word' id='word_1_611' title='bbox 3029 3936 3322 3990; x_wconf 87' lang='lat' dir='ltr'><strong>discretum</strong></span> <span class='ocrx_word' id='word_1_612' title='bbox 3353 3935 3560 3988; x_wconf 83' lang='lat' dir='ltr'><strong>librat-.e</strong></span> <span class='ocrx_word' id='word_1_613' title='bbox 3593 3932 3814 4002; x_wconf 75' lang='lat' dir='ltr'><strong>justitia:</strong></span> 
     </span>
    </p>
   </div>
   <div class='ocr_carea' id='block_1_88' title="bbox 2246 4022 3813 4096">
    <p class='ocr_par' dir='ltr' id='par_1_88' title="bbox 2246 4022 3813 4096">
     <span class='ocr_line' id='line_1_88' title="bbox 2246 4022 3813 4096; baseline -0.006 -13"><span class='ocrx_word' id='word_1_614' title='bbox 2246 4028 2539 4092; x_wconf 89' lang='lat' dir='ltr'><strong>sarculum,</strong></span> <span class='ocrx_word' id='word_1_615' title='bbox 2579 4037 2635 4081; x_wconf 89' lang='lat' dir='ltr'><strong>et</strong></span> <span class='ocrx_word' id='word_1_616' title='bbox 2667 4027 3006 4082; x_wconf 85' lang='lat' dir='ltr'><strong>elaboremus</strong></span> <span class='ocrx_word' id='word_1_617' title='bbox 3035 4027 3294 4096; x_wconf 79' lang='lat' dir='ltr'><strong>reprobus</strong></span> <span class='ocrx_word' id='word_1_618' title='bbox 3328 4025 3587 4079; x_wconf 90' lang='lat' dir='ltr'><strong>radicitus</strong></span> <span class='ocrx_word' id='word_1_619' title='bbox 3615 4022 3813 4077; x_wconf 85' lang='lat' dir='ltr'><strong>exstir-</strong></span> 
     </span>
    </p>
   </div>
   <div class='ocr_carea' id='block_1_89' title="bbox 2247 4111 3815 4190">
    <p class='ocr_par' dir='ltr' id='par_1_89' title="bbox 2247 4111 3815 4190">
     <span class='ocr_line' id='line_1_89' title="bbox 2247 4111 3815 4190; baseline -0.006 -19"><span class='ocrx_word' id='word_1_620' title='bbox 2247 4135 2399 4190; x_wconf 83' lang='lat' dir='ltr'><strong>pare,</strong></span> <span class='ocrx_word' id='word_1_621' title='bbox 2427 4126 2480 4172; x_wconf 89' lang='lat' dir='ltr'><strong>et</strong></span> <span class='ocrx_word' id='word_1_622' title='bbox 2519 4122 2687 4173; x_wconf 90' lang='lat' dir='ltr'><strong>bonos</strong></span> <span class='ocrx_word' id='word_1_623' title='bbox 2718 4127 2775 4171; x_wconf 91' lang='lat' dir='ltr'><strong>ut</strong></span> <span class='ocrx_word' id='word_1_624' title='bbox 2802 4119 2913 4172; x_wconf 87' lang='lat' dir='ltr'><strong>Deo</strong></span> <span class='ocrx_word' id='word_1_625' title='bbox 2936 4117 3263 4171; x_wconf 87' lang='lat' dir='ltr'><strong>fruetilicent</strong></span> <span class='ocrx_word' id='word_1_626' title='bbox 3291 4115 3343 4168; x_wconf 93' lang='lat' dir='ltr'><strong>in</strong></span> <span class='ocrx_word' id='word_1_627' title='bbox 3375 4111 3658 4180; x_wconf 86' lang='lat' dir='ltr'><strong>tranquilla</strong></span> <span class='ocrx_word' id='word_1_628' title='bbox 3686 4125 3815 4180; x_wconf 89' lang='lat' dir='ltr'><strong>pace</strong></span> 
     </span>
    </p>
   </div>
   <div class='ocr_carea' id='block_1_90' title="bbox 2249 4199 3817 4279">
    <p class='ocr_par' dir='ltr' id='par_1_90' title="bbox 2249 4199 3817 4279">
     <span class='ocr_line' id='line_1_90' title="bbox 2249 4199 3817 4279; baseline -0.009 -14"><span class='ocrx_word' id='word_1_629' title='bbox 2249 4226 2587 4279; x_wconf 88' lang='lat' dir='ltr'><strong>componere.</strong></span> <span class='ocrx_word' id='word_1_630' title='bbox 2646 4209 2757 4264; x_wconf 84' lang='lat' dir='ltr'><strong>Hoc</strong></span> <span class='ocrx_word' id='word_1_631' title='bbox 2805 4208 2878 4262; x_wconf 89' lang='lat' dir='ltr'><strong>illi</strong></span> <span class='ocrx_word' id='word_1_632' title='bbox 2927 4208 3016 4276; x_wconf 92' lang='lat' dir='ltr'><strong>qui</strong></span> <span class='ocrx_word' id='word_1_633' title='bbox 3066 4207 3291 4259; x_wconf 89' lang='lat' dir='ltr'><strong>aderant</strong></span> <span class='ocrx_word' id='word_1_634' title='bbox 3342 4204 3640 4265; x_wconf 86' lang='lat' dir='ltr'><strong>audientes,</strong></span> <span class='ocrx_word' id='word_1_635' title='bbox 3675 4199 3817 4269; x_wconf 87' lang='lat' dir='ltr'><strong>quod</strong></span> 
     </span>
    </p>
   </div>
   <div class='ocr_carea' id='block_1_91' title="bbox 2251 4290 3817 4370">
    <p class='ocr_par' dir='ltr' id='par_1_91' title="bbox 2251 4290 3817 4370">
     <span class='ocr_line' id='line_1_91' title="bbox 2251 4290 3817 4370; baseline -0.006 -18"><span class='ocrx_word' id='word_1_636' title='bbox 2251 4303 2395 4357; x_wconf 87' lang='lat' dir='ltr'><strong>velut</strong></span> <span class='ocrx_word' id='word_1_637' title='bbox 2445 4302 2664 4356; x_wconf 92' lang='lat' dir='ltr'><strong>anilium</strong></span> <span class='ocrx_word' id='word_1_638' title='bbox 2719 4315 2982 4370; x_wconf 82' lang='lat' dir='ltr'><strong>nugarum</strong></span> <span class='ocrx_word' id='word_1_639' title='bbox 3011 4299 3403 4368; x_wconf 76' lang='lat' dir='ltr'><strong>deputaverunt</strong></span> <span class='ocrx_word' id='word_1_640' title='bbox 3449 4303 3575 4347; x_wconf 90' lang='lat' dir='ltr'><strong>ante</strong></span> <span class='ocrx_word' id='word_1_641' title='bbox 3620 4290 3817 4345; x_wconf 88' lang='lat' dir='ltr'><strong>ridicu-</strong></span> 
     </span>
    </p>
   </div>
   <div class='ocr_carea' id='block_1_92' title="bbox 579 4369 3820 4459">
    <p class='ocr_par' dir='ltr' id='par_1_92' title="bbox 579 4369 3820 4459">
     <span class='ocr_line' id='line_1_92' title="bbox 579 4369 3820 4459; baseline -0 -23"><span class='ocrx_word' id='word_1_642' title='bbox 579 4382 723 4436; x_wconf 85' lang='lat' dir='ltr'><strong>viam</strong></span> <span class='ocrx_word' id='word_1_643' title='bbox 752 4385 950 4451; x_wconf 77' lang='lat' dir='ltr'><strong>passim</strong></span> <span class='ocrx_word' id='word_1_644' title='bbox 983 4386 1200 4453; x_wconf 90' lang='lat' dir='ltr'><strong>rapinas</strong></span> <span class='ocrx_word' id='word_1_645' title='bbox 1224 4403 1286 4440; x_wconf 92' lang='lat' dir='ltr'><strong>ac</strong></span> <span class='ocrx_word' id='word_1_646' title='bbox 1317 4387 1599 4441; x_wconf 90' lang='lat' dir='ltr'><strong>violentias</strong></span> <span class='ocrx_word' id='word_1_647' title='bbox 1631 4388 1777 4450; x_wconf 80' lang='lat' dir='ltr'><strong>fieri,</strong></span> <span class='ocrx_word' id='word_1_648' title='bbox 1805 4389 1980 4457; x_wconf 81' lang='lat' dir='ltr'><strong>legum</strong></span> <span class='ocrx_word' id='word_1_649' title='bbox 2013 4389 2146 4442; x_wconf 89' lang='lat' dir='ltr'><strong>scita</strong></span> <span class='ocrx_word' id='word_1_650' title='bbox 2178 4369 2226 4431; x_wconf 81' lang='lat' dir='ltr'><strong>D</strong></span> <span class='ocrx_word' id='word_1_651' title='bbox 2257 4396 2388 4459; x_wconf 78' lang='lat' dir='ltr'><strong>lum,</strong></span> <span class='ocrx_word' id='word_1_652' title='bbox 2436 4392 2681 4447; x_wconf 79' lang='lat' dir='ltr'><strong>venerari</strong></span> <span class='ocrx_word' id='word_1_653' title='bbox 2729 4369 3007 4459; x_wconf 64' lang='lat' dir='ltr'><strong>coeperunt</strong></span> <span class='ocrx_word' id='word_1_654' title='bbox 3033 4430 3047 4454; x_wconf 90' lang='lat'><strong>,</strong></span> <span class='ocrx_word' id='word_1_655' title='bbox 3092 4398 3145 4443; x_wconf 91' lang='lat' dir='ltr'><strong>et</strong></span> <span class='ocrx_word' id='word_1_656' title='bbox 3200 4403 3385 4442; x_wconf 86' lang='lat' dir='ltr'><strong>revera</strong></span> <span class='ocrx_word' id='word_1_657' title='bbox 3420 4383 3714 4453; x_wconf 87' lang='lat' dir='ltr'><strong>spiritualis</strong></span> <span class='ocrx_word' id='word_1_658' title='bbox 3756 4396 3820 4434; x_wconf 86' lang='lat' dir='ltr'><strong>ac</strong></span> 
     </span>
    </p>
   </div>
   <div class='ocr_carea' id='block_1_93' title="bbox 585 4475 2151 4546">
    <p class='ocr_par' dir='ltr' id='par_1_93' title="bbox 585 4475 2151 4546">
     <span class='ocr_line' id='line_1_93' title="bbox 585 4475 2151 4546; baseline 0.001 -18"><span class='ocrx_word' id='word_1_659' title='bbox 585 4475 804 4529; x_wconf 85' lang='lat' dir='ltr'><strong>dissolvi</strong></span> <span class='ocrx_word' id='word_1_660' title='bbox 845 4488 900 4530; x_wconf 90' lang='lat' dir='ltr'><strong>et</strong></span> <span class='ocrx_word' id='word_1_661' title='bbox 930 4477 995 4527; x_wconf 88' lang='lat' dir='ltr'><strong>ad</strong></span> <span class='ocrx_word' id='word_1_662' title='bbox 1026 4477 1269 4530; x_wconf 88' lang='lat' dir='ltr'><strong>audenda</strong></span> <span class='ocrx_word' id='word_1_663' title='bbox 1319 4478 1604 4545; x_wconf 86' lang='lat' dir='ltr'><strong>plcctibilia</strong></span> <span class='ocrx_word' id='word_1_664' title='bbox 1639 4493 1861 4546; x_wconf 61' lang='lat' dir='ltr'><strong>quasque</strong></span> <span class='ocrx_word' id='word_1_665' title='bbox 1887 4478 1968 4532; x_wconf 89' lang='lat' dir='ltr'><strong>vel</strong></span> <span class='ocrx_word' id='word_1_666' title='bbox 1996 4479 2151 4531; x_wconf 87' lang='lat' dir='ltr'><strong>noxia</strong></span> 
     </span>
    </p>
   </div>
   <div class='ocr_carea' id='block_1_94' title="bbox 578 4567 2153 4639">
    <p class='ocr_par' dir='ltr' id='par_1_94' title="bbox 578 4567 2153 4639">
     <span class='ocr_line' id='line_1_94' title="bbox 578 4567 2153 4639; baseline 0 -19"><span class='ocrx_word' id='word_1_667' title='bbox 578 4582 957 4639; x_wconf 87' lang='lat' dir='ltr'><strong>perversorum</strong></span> <span class='ocrx_word' id='word_1_668' title='bbox 991 4567 1258 4636; x_wconf 84' lang='lat' dir='ltr'><strong>nequitias</strong></span> <span class='ocrx_word' id='word_1_669' title='bbox 1279 4567 1552 4622; x_wconf 86' lang='lat' dir='ltr'><strong>hominum</strong></span> <span class='ocrx_word' id='word_1_670' title='bbox 1577 4583 1674 4636; x_wconf 88' lang='lat' dir='ltr'><strong>per</strong></span> <span class='ocrx_word' id='word_1_671' title='bbox 1701 4583 1966 4621; x_wconf 66' lang='lat' dir='ltr'><strong>concessa:</strong></span> <span class='ocrx_word' id='word_1_672' title='bbox 1996 4567 2153 4620; x_wconf 90' lang='lat' dir='ltr'><strong>liber-</strong></span> 
     </span>
    </p>
   </div>
   <div class='ocr_carea' id='block_1_95' title="bbox 583 4657 2152 4727">
    <p class='ocr_par' dir='ltr' id='par_1_95' title="bbox 583 4657 2152 4727">
     <span class='ocr_line' id='line_1_95' title="bbox 583 4657 2152 4727; baseline -0.001 -15"><span class='ocrx_word' id='word_1_673' title='bbox 583 4659 714 4712; x_wconf 88' lang='lat' dir='ltr'><strong>tatis</strong></span> <span class='ocrx_word' id='word_1_674' title='bbox 768 4658 1046 4712; x_wconf 89' lang='lat' dir='ltr'><strong>audaciam</strong></span> <span class='ocrx_word' id='word_1_675' title='bbox 1108 4658 1384 4712; x_wconf 89' lang='lat' dir='ltr'><strong>concitari.</strong></span> <span class='ocrx_word' id='word_1_676' title='bbox 1429 4657 1536 4712; x_wconf 85' lang='lat' dir='ltr'><strong>Hac</strong></span> <span class='ocrx_word' id='word_1_677' title='bbox 1585 4659 1878 4727; x_wconf 88' lang='lat' dir='ltr'><strong>imperator</strong></span> <span class='ocrx_word' id='word_1_678' title='bbox 1931 4657 2152 4726; x_wconf 86' lang='lat' dir='ltr'><strong>querula</strong></span> 
     </span>
    </p>
   </div>
   <div class='ocr_carea' id='block_1_96' title="bbox 581 4748 2151 4816">
    <p class='ocr_par' dir='ltr' id='par_1_96' title="bbox 581 4748 2151 4816">
     <span class='ocr_line' id='line_1_96' title="bbox 581 4748 2151 4816; baseline 0.001 -15"><span class='ocrx_word' id='word_1_679' title='bbox 581 4749 919 4816; x_wconf 82' lang='lat' dir='ltr'><strong>suggestione</strong></span> <span class='ocrx_word' id='word_1_680' title='bbox 964 4758 1261 4816; x_wconf 88' lang='lat' dir='ltr'><strong>permotus,</strong></span> <span class='ocrx_word' id='word_1_681' title='bbox 1293 4749 1359 4802; x_wconf 93' lang='lat' dir='ltr'><strong>ad</strong></span> <span class='ocrx_word' id='word_1_682' title='bbox 1391 4748 1661 4802; x_wconf 76' lang='lat' dir='ltr'><strong>hominem</strong></span> <span class='ocrx_word' id='word_1_683' title='bbox 1696 4749 1787 4802; x_wconf 89' lang='lat' dir='ltr'><strong>Dei</strong></span> <span class='ocrx_word' id='word_1_684' title='bbox 1815 4750 2151 4803; x_wconf 85' lang='lat' dir='ltr'><strong>veredarium</strong></span> 
     </span>
    </p>
   </div>
   <div class='ocr_carea' id='block_1_97' title="bbox 583 4838 2153 4911">
    <p class='ocr_par' dir='ltr' id='par_1_97' title="bbox 583 4838 2153 4911">
     <span class='ocr_line' id='line_1_97' title="bbox 583 4838 2153 4911; baseline 0.003 -21"><span class='ocrx_word' id='word_1_685' title='bbox 583 4838 837 4903; x_wconf 87' lang='lat' dir='ltr'><strong>destinat,</strong></span> <span class='ocrx_word' id='word_1_686' title='bbox 866 4841 1150 4894; x_wconf 89' lang='lat' dir='ltr'><strong>consilium</strong></span> <span class='ocrx_word' id='word_1_687' title='bbox 1181 4841 1404 4911; x_wconf 85' lang='lat' dir='ltr'><strong>ﬂagitat,</strong></span> <span class='ocrx_word' id='word_1_688' title='bbox 1431 4842 1557 4908; x_wconf 85' lang='lat' dir='ltr'><strong>quid</strong></span> <span class='ocrx_word' id='word_1_689' title='bbox 1596 4842 1695 4896; x_wconf 88' lang='lat' dir='ltr'><strong>sibi</strong></span> <span class='ocrx_word' id='word_1_690' title='bbox 1742 4857 1770 4895; x_wconf 89' lang='lat' dir='ltr'><strong>a</strong></span> <span class='ocrx_word' id='word_1_691' title='bbox 1812 4857 2153 4896; x_wconf 86' lang='lat' dir='ltr'><strong>murmuran-</strong></span> 
     </span>
    </p>
   </div>
   <div class='ocr_carea' id='block_1_98' title="bbox 587 4931 2154 5004">
    <p class='ocr_par' dir='ltr' id='par_1_98' title="bbox 587 4931 2154 5004">
     <span class='ocr_line' id='line_1_98' title="bbox 587 4931 2154 5004; baseline 0.003 -21"><span class='ocrx_word' id='word_1_692' title='bbox 587 4931 730 4984; x_wconf 87' lang='lat' dir='ltr'><strong>tibus</strong></span> <span class='ocrx_word' id='word_1_693' title='bbox 776 4934 1029 5002; x_wconf 86' lang='lat' dir='ltr'><strong>objicitur</strong></span> <span class='ocrx_word' id='word_1_694' title='bbox 1071 4935 1322 5004; x_wconf 76' lang='lat' dir='ltr'><strong>exponit,</strong></span> <span class='ocrx_word' id='word_1_695' title='bbox 1361 4936 1488 5004; x_wconf 90' lang='lat' dir='ltr'><strong>quid</strong></span> <span class='ocrx_word' id='word_1_696' title='bbox 1534 4936 1870 5004; x_wconf 88' lang='lat' dir='ltr'><strong>potissimum</strong></span> <span class='ocrx_word' id='word_1_697' title='bbox 1913 4935 1982 4987; x_wconf 88' lang='lat' dir='ltr'><strong>sit</strong></span> <span class='ocrx_word' id='word_1_698' title='bbox 2040 4934 2154 5002; x_wconf 91' lang='lat' dir='ltr'><strong>ipsc</strong></span> 
     </span>
    </p>
   </div>
   <div class='ocr_carea' id='block_1_99' title="bbox 587 5017 2155 5090">
    <p class='ocr_par' dir='ltr' id='par_1_99' title="bbox 587 5017 2155 5090">
     <span class='ocr_line' id='line_1_99' title="bbox 587 5017 2155 5090; baseline 0.005 -22"><span class='ocrx_word' id='word_1_699' title='bbox 587 5017 827 5073; x_wconf 86' lang='lat' dir='ltr'><strong>facturus</strong></span> <span class='ocrx_word' id='word_1_700' title='bbox 862 5023 1102 5090; x_wconf 88' lang='lat' dir='ltr'><strong>inquirit.</strong></span> <span class='ocrx_word' id='word_1_701' title='bbox 1130 5025 1254 5078; x_wconf 67' lang='lat' dir='ltr'><strong>Haec</strong></span> <span class='ocrx_word' id='word_1_702' title='bbox 1281 5025 1362 5077; x_wconf 89' lang='lat' dir='ltr'><strong>vir</strong></span> <span class='ocrx_word' id='word_1_703' title='bbox 1396 5025 1484 5079; x_wconf 90' lang='lat' dir='ltr'><strong>Dei</strong></span> <span class='ocrx_word' id='word_1_704' title='bbox 1524 5025 1705 5080; x_wconf 88' lang='lat' dir='ltr'><strong>solerti</strong></span> <span class='ocrx_word' id='word_1_705' title='bbox 1762 5025 2155 5080; x_wconf 83' lang='lat' dir='ltr'><strong>examinatione</strong></span> 
     </span>
    </p>
   </div>
   <div class='ocr_carea' id='block_1_100' title="bbox 595 5105 2157 5182">
    <p class='ocr_par' dir='ltr' id='par_1_100' title="bbox 595 5105 2157 5182">
     <span class='ocr_line' id='line_1_100' title="bbox 595 5105 2157 5182; baseline 0.005 -25"><span class='ocrx_word' id='word_1_706' title='bbox 595 5105 890 5162; x_wconf 88' lang='lat' dir='ltr'><strong>discutiens</strong></span> <span class='ocrx_word' id='word_1_707' title='bbox 918 5113 1333 5182; x_wconf 88' lang='lat' dir='ltr'><strong>tnutandamque</strong></span> <span class='ocrx_word' id='word_1_708' title='bbox 1371 5115 1452 5167; x_wconf 84' lang='lat' dir='ltr'><strong>sui</strong></span> <span class='ocrx_word' id='word_1_709' title='bbox 1485 5114 1692 5168; x_wconf 88' lang='lat' dir='ltr'><strong>consilii</strong></span> <span class='ocrx_word' id='word_1_710' title='bbox 1719 5114 2041 5168; x_wconf 87' lang='lat' dir='ltr'><strong>sententiam</strong></span> <span class='ocrx_word' id='word_1_711' title='bbox 2071 5126 2157 5166; x_wconf 84' lang='lat' dir='ltr'><strong>re-</strong></span> 
     </span>
    </p>
   </div>
   <div class='ocr_carea' id='block_1_101' title="bbox 595 5201 2155 5274">
    <p class='ocr_par' dir='ltr' id='par_1_101' title="bbox 595 5201 2155 5274">
     <span class='ocr_line' id='line_1_101' title="bbox 595 5201 2155 5274; baseline 0.005 -26"><span class='ocrx_word' id='word_1_712' title='bbox 595 5207 950 5262; x_wconf 88' lang='lat' dir='ltr'><strong>cognoscens,</strong></span> <span class='ocrx_word' id='word_1_713' title='bbox 976 5216 1070 5254; x_wconf 89' lang='lat' dir='ltr'><strong>ore</strong></span> <span class='ocrx_word' id='word_1_714' title='bbox 1095 5201 1308 5269; x_wconf 90' lang='lat' dir='ltr'><strong>quidem</strong></span> <span class='ocrx_word' id='word_1_715' title='bbox 1337 5203 1501 5267; x_wconf 89' lang='lat' dir='ltr'><strong>siluit,</strong></span> <span class='ocrx_word' id='word_1_716' title='bbox 1531 5207 1760 5274; x_wconf 87' lang='lat' dir='ltr'><strong>quadam</strong></span> <span class='ocrx_word' id='word_1_717' title='bbox 1789 5219 1916 5258; x_wconf 90' lang='lat' dir='ltr'><strong>vero</strong></span> <span class='ocrx_word' id='word_1_718' title='bbox 1946 5202 2155 5272; x_wconf 76' lang='lat' dir='ltr'><strong>mystici</strong></span> 
     </span>
    </p>
   </div>
   <div class='ocr_carea' id='block_1_102' title="bbox 601 5288 1063 5308">
    <p class='ocr_par' dir='ltr' id='par_1_102' title="bbox 601 5288 1063 5308">
     <span class='ocr_line' id='line_1_102' title="bbox 601 5288 1063 5308; baseline 0.004 -2"><span class='ocrx_word' id='word_1_719' title='bbox 601 5298 692 5306; x_wconf 48' lang='grc' dir='ltr'><strong>Αυμ</strong></span> <span class='ocrx_word' id='word_1_720' title='bbox 733 5288 743 5295; x_wconf 94' lang='lat'>&#39;</span> <span class='ocrx_word' id='word_1_721' title='bbox 807 5288 1063 5308; x_wconf 47' lang='lat' dir='ltr'><strong>nim—21&quot;.--.</strong></span> 
     </span>
    </p>
   </div>
   <div class='ocr_carea' id='block_1_103' title="bbox 2260 4477 3820 4554">
    <p class='ocr_par' dir='ltr' id='par_1_103' title="bbox 2260 4477 3820 4554">
     <span class='ocr_line' id='line_1_103' title="bbox 2260 4477 3820 4554; baseline -0.008 -17"><span class='ocrx_word' id='word_1_722' title='bbox 2260 4484 2535 4554; x_wconf 65' lang='lat' dir='ltr'><strong>profunda:</strong></span> <span class='ocrx_word' id='word_1_723' title='bbox 2582 4483 2859 4551; x_wconf 78' lang='lat' dir='ltr'><strong>sapientia:</strong></span> <span class='ocrx_word' id='word_1_724' title='bbox 2875 4489 3291 4536; x_wconf 90' lang='lat' dir='ltr'><strong>sacramentum.</strong></span> <span class='ocrx_word' id='word_1_725' title='bbox 3325 4477 3475 4531; x_wconf 90' lang='lat' dir='ltr'><strong>Tunc</strong></span> <span class='ocrx_word' id='word_1_726' title='bbox 3512 4477 3820 4543; x_wconf 89' lang='lat' dir='ltr'><strong>imperator,</strong></span> 
     </span>
    </p>
   </div>
   <div class='ocr_carea' id='block_1_104' title="bbox 2258 4564 3821 4643">
    <p class='ocr_par' dir='ltr' id='par_1_104' title="bbox 2258 4564 3821 4643">
     <span class='ocr_line' id='line_1_104' title="bbox 2258 4564 3821 4643; baseline -0.008 -15"><span class='ocrx_word' id='word_1_727' title='bbox 2258 4575 2358 4628; x_wconf 91' lang='lat' dir='ltr'><strong>hoc</strong></span> <span class='ocrx_word' id='word_1_728' title='bbox 2395 4583 2644 4643; x_wconf 89' lang='lat' dir='ltr'><strong>tanquam</strong></span> <span class='ocrx_word' id='word_1_729' title='bbox 2685 4573 2996 4642; x_wconf 89' lang='lat' dir='ltr'><strong>prophetico</strong></span> <span class='ocrx_word' id='word_1_730' title='bbox 3022 4571 3374 4626; x_wconf 80' lang='lat' dir='ltr'><strong>confirmatus</strong></span> <span class='ocrx_word' id='word_1_731' title='bbox 3417 4567 3660 4628; x_wconf 84' lang='lat' dir='ltr'><strong>oraculo,</strong></span> <span class='ocrx_word' id='word_1_732' title='bbox 3714 4564 3821 4616; x_wconf 82' lang='lat' dir='ltr'><strong>vio-</strong></span> 
     </span>
    </p>
   </div>
   <div class='ocr_carea' id='block_1_105' title="bbox 2257 4655 3824 4728">
    <p class='ocr_par' dir='ltr' id='par_1_105' title="bbox 2257 4655 3824 4728">
     <span class='ocr_line' id='line_1_105' title="bbox 2257 4655 3824 4728; baseline -0.007 -13"><span class='ocrx_word' id='word_1_733' title='bbox 2257 4662 2452 4716; x_wconf 87' lang='lat' dir='ltr'><strong>lentias</strong></span> <span class='ocrx_word' id='word_1_734' title='bbox 2499 4662 2696 4728; x_wconf 89' lang='lat' dir='ltr'><strong>injuste</strong></span> <span class='ocrx_word' id='word_1_735' title='bbox 2740 4660 3032 4713; x_wconf 84' lang='lat' dir='ltr'><strong>viventium</strong></span> <span class='ocrx_word' id='word_1_736' title='bbox 3080 4658 3241 4726; x_wconf 71' lang='lat' dir='ltr'><strong>cmpit</strong></span> <span class='ocrx_word' id='word_1_737' title='bbox 3285 4655 3492 4717; x_wconf 89' lang='lat' dir='ltr'><strong>ulcisci,</strong></span> <span class='ocrx_word' id='word_1_738' title='bbox 3541 4662 3721 4707; x_wconf 90' lang='lat' dir='ltr'><strong>reatus</strong></span> <span class='ocrx_word' id='word_1_739' title='bbox 3760 4664 3824 4704; x_wconf 87' lang='lat' dir='ltr'><strong>ac</strong></span> 
     </span>
    </p>
   </div>
   <div class='ocr_carea' id='block_1_106' title="bbox 2257 4747 3824 4818">
    <p class='ocr_par' dir='ltr' id='par_1_106' title="bbox 2257 4747 3824 4818">
     <span class='ocr_line' id='line_1_106' title="bbox 2257 4747 3824 4818; baseline -0.008 -11"><span class='ocrx_word' id='word_1_740' title='bbox 2257 4755 2460 4808; x_wconf 89' lang='lat' dir='ltr'><strong>scelera</strong></span> <span class='ocrx_word' id='word_1_741' title='bbox 2475 4753 2716 4807; x_wconf 88' lang='lat' dir='ltr'><strong>districta</strong></span> <span class='ocrx_word' id='word_1_742' title='bbox 2731 4750 3118 4818; x_wconf 87' lang='lat' dir='ltr'><strong>jurisdictionis</strong></span> <span class='ocrx_word' id='word_1_743' title='bbox 3139 4747 3605 4802; x_wconf 85' lang='lat' dir='ltr'><strong>animadversione</strong></span> <span class='ocrx_word' id='word_1_744' title='bbox 3634 4757 3824 4814; x_wconf 79' lang='lat' dir='ltr'><strong>percu-</strong></span> 
     </span>
    </p>
   </div>
   <div class='ocr_carea' id='block_1_107' title="bbox 2259 4836 3820 4907">
    <p class='ocr_par' dir='ltr' id='par_1_107' title="bbox 2259 4836 3820 4907">
     <span class='ocr_line' id='line_1_107' title="bbox 2259 4836 3820 4907; baseline -0.008 -11"><span class='ocrx_word' id='word_1_745' title='bbox 2259 4853 2392 4907; x_wconf 89' lang='lat' dir='ltr'><strong>tere,</strong></span> <span class='ocrx_word' id='word_1_746' title='bbox 2409 4842 2675 4896; x_wconf 89' lang='lat' dir='ltr'><strong>anefariis</strong></span> <span class='ocrx_word' id='word_1_747' title='bbox 2703 4840 2923 4894; x_wconf 88' lang='lat' dir='ltr'><strong>ausibus</strong></span> <span class='ocrx_word' id='word_1_748' title='bbox 2947 4839 3220 4907; x_wconf 89' lang='lat' dir='ltr'><strong>improbos</strong></span> <span class='ocrx_word' id='word_1_749' title='bbox 3247 4836 3515 4898; x_wconf 88' lang='lat' dir='ltr'><strong>cohibere,</strong></span> <span class='ocrx_word' id='word_1_750' title='bbox 3532 4843 3586 4888; x_wconf 87' lang='lat' dir='ltr'><strong>et</strong></span> <span class='ocrx_word' id='word_1_751' title='bbox 3612 4845 3708 4904; x_wconf 72' lang='lat' dir='ltr'><strong>pc</strong></span> <span class='ocrx_word' id='word_1_752' title='bbox 3725 4845 3820 4886; x_wconf 84' lang='lat' dir='ltr'><strong>an-</strong></span> 
     </span>
    </p>
   </div>
   <div class='ocr_carea' id='block_1_108' title="bbox 2257 4922 3825 5002">
    <p class='ocr_par' dir='ltr' id='par_1_108' title="bbox 2257 4922 3825 5002">
     <span class='ocr_line' id='line_1_108' title="bbox 2257 4922 3825 5002; baseline -0.009 -12"><span class='ocrx_word' id='word_1_753' title='bbox 2257 4936 2563 4991; x_wconf 86' lang='lat' dir='ltr'><strong>ctoritatem</strong></span> <span class='ocrx_word' id='word_1_754' title='bbox 2617 4931 2909 5002; x_wconf 89' lang='lat' dir='ltr'><strong>imperialis</strong></span> <span class='ocrx_word' id='word_1_755' title='bbox 2947 4930 3196 4998; x_wconf 73' lang='lat' dir='ltr'><strong>potentia:</strong></span> <span class='ocrx_word' id='word_1_756' title='bbox 3249 4941 3622 4996; x_wconf 83' lang='lat' dir='ltr'><strong>perversurum</strong></span> <span class='ocrx_word' id='word_1_757' title='bbox 3669 4922 3825 4979; x_wconf 84' lang='lat' dir='ltr'><strong>corda</strong></span> 
     </span>
    </p>
   </div>
   <div class='ocr_carea' id='block_1_109' title="bbox 2262 5015 3825 5094">
    <p class='ocr_par' dir='ltr' id='par_1_109' title="bbox 2262 5015 3825 5094">
     <span class='ocr_line' id='line_1_109' title="bbox 2262 5015 3825 5094; baseline -0.01 -12"><span class='ocrx_word' id='word_1_758' title='bbox 2262 5025 2562 5082; x_wconf 81' lang='lat' dir='ltr'><strong>terrificans</strong></span> <span class='ocrx_word' id='word_1_759' title='bbox 2585 5066 2600 5088; x_wconf 93' lang='lat'><strong>,</strong></span> <span class='ocrx_word' id='word_1_760' title='bbox 2634 5025 2686 5078; x_wconf 92' lang='lat' dir='ltr'><strong>in</strong></span> <span class='ocrx_word' id='word_1_761' title='bbox 2723 5038 2856 5094; x_wconf 87' lang='lat' dir='ltr'><strong>pace</strong></span> <span class='ocrx_word' id='word_1_762' title='bbox 2893 5029 3085 5077; x_wconf 87' lang='lat' dir='ltr'><strong>cuncta</strong></span> <span class='ocrx_word' id='word_1_763' title='bbox 3135 5033 3456 5089; x_wconf 85' lang='lat' dir='ltr'><strong>componere</strong></span> <span class='ocrx_word' id='word_1_764' title='bbox 3503 5015 3594 5070; x_wconf 90' lang='lat' dir='ltr'><strong>Sic</strong></span> <span class='ocrx_word' id='word_1_765' title='bbox 3646 5015 3825 5083; x_wconf 88' lang='lat' dir='ltr'><strong>itaque</strong></span> 
     </span>
    </p>
   </div>
   <div class='ocr_carea' id='block_1_110' title="bbox 2260 5099 3822 5184">
    <p class='ocr_par' dir='ltr' id='par_1_110' title="bbox 2260 5099 3822 5184">
     <span class='ocr_line' id='line_1_110' title="bbox 2260 5099 3822 5184; baseline -0.011 -14"><span class='ocrx_word' id='word_1_766' title='bbox 2260 5115 2532 5179; x_wconf 85' lang='lat' dir='ltr'><strong>mundus,</strong></span> <span class='ocrx_word' id='word_1_767' title='bbox 2579 5114 2673 5184; x_wconf 91' lang='lat' dir='ltr'><strong>qui</strong></span> <span class='ocrx_word' id='word_1_768' title='bbox 2732 5113 2911 5183; x_wconf 87' lang='lat' dir='ltr'><strong>perire</strong></span> <span class='ocrx_word' id='word_1_769' title='bbox 2957 5118 3194 5180; x_wconf 69' lang='lat' dir='ltr'><strong>cmperat</strong></span> <span class='ocrx_word' id='word_1_770' title='bbox 3249 5121 3344 5178; x_wconf 90' lang='lat' dir='ltr'><strong>per</strong></span> <span class='ocrx_word' id='word_1_771' title='bbox 3396 5104 3701 5175; x_wconf 84' lang='lat' dir='ltr'><strong>ignaviam,</strong></span> <span class='ocrx_word' id='word_1_772' title='bbox 3755 5099 3822 5154; x_wconf 87' lang='lat' dir='ltr'><strong>ad</strong></span> 
     </span>
    </p>
   </div>
   <div class='ocr_carea' id='block_1_111' title="bbox 2267 5187 3824 5238">
    <p class='ocr_par' dir='ltr' id='par_1_111' title="bbox 2267 5187 3824 5238">
     <span class='ocr_line' id='line_1_111' title="bbox 2267 5187 3824 5238; baseline -0.01 1"><span class='ocrx_word' id='word_1_773' title='bbox 2267 5206 2532 5238; x_wconf 66' lang='grc' dir='ltr'><strong>ωηηῖσηοῖο</strong></span> <span class='ocrx_word' id='word_1_774' title='bbox 2585 5215 2741 5236; x_wconf 63' lang='lat' dir='ltr'><strong>ala-nn</strong></span> <span class='ocrx_word' id='word_1_775' title='bbox 2785 5201 3002 5234; x_wconf 58' lang='lat' dir='ltr'><strong>:nblzl:m</strong></span> <span class='ocrx_word' id='word_1_776' title='bbox 3046 5197 3278 5230; x_wconf 67' lang='grc' dir='ltr'><strong>ἰιιηΛιιιιῖΙ</strong></span> <span class='ocrx_word' id='word_1_777' title='bbox 3329 5193 3661 5228; x_wconf 60' lang='grc' dir='ltr'><strong>ιῖἶοηῖηιῖησιηι</strong></span> <span class='ocrx_word' id='word_1_778' title='bbox 3714 5187 3824 5224; x_wconf 68' lang='grc' dir='ltr'><strong>ΠΜ</strong></span> 
     </span>
    </p>
   </div>
   <div class='ocr_carea' id='block_1_112' title="bbox 2265 5239 3820 5276">
    <p class='ocr_par' dir='ltr' id='par_1_112' title="bbox 2265 5239 3820 5276">
     <span class='ocr_line' id='line_1_112' title="bbox 2265 5239 3820 5276; baseline 0.001 -18"><span class='ocrx_word' id='word_1_779' title='bbox 2265 5239 2536 5276; x_wconf 69' lang='grc' dir='ltr'><strong>ωιιυιιαιιθ</strong></span> <span class='ocrx_word' id='word_1_780' title='bbox 2582 5239 2742 5273; x_wconf 65' lang='grc' dir='ltr'><strong>αιιιυυ</strong></span> <span class='ocrx_word' id='word_1_781' title='bbox 2778 5239 3003 5271; x_wconf 63' lang='grc' dir='ltr'><strong>δυαοιιιυυ</strong></span> <span class='ocrx_word' id='word_1_782' title='bbox 3047 5239 3192 5254; x_wconf 65' lang='grc' dir='ltr'><strong>’νδ-ν’</strong></span> <span class='ocrx_word' id='word_1_783' title='bbox 3209 5239 3284 5252; x_wconf 61' lang='grc'><strong>*⁸⁸⁸</strong></span> <span class='ocrx_word' id='word_1_784' title='bbox 3330 5239 3684 5264; x_wconf 54' lang='grc' dir='ltr'><strong>ν⁸νν⁹ιί“””“”’””</strong></span> <span class='ocrx_word' id='word_1_785' title='bbox 3715 5239 3820 5244; x_wconf 72' lang='grc'><strong>-’“</strong></span> 
     </span>
    </p>
   </div>
   <div class='ocr_carea' id='block_1_113' title="bbox 3360 5278 3802 5308">
    <p class='ocr_par' dir='ltr' id='par_1_113' title="bbox 3360 5278 3802 5308">
     <span class='ocr_line' id='line_1_113' title="bbox 3360 5278 3802 5308; baseline 0 0"><span class='ocrx_word' id='word_1_786' title='bbox 3360 5301 3403 5308; x_wconf 71' lang='grc'><strong>--</strong></span> <span class='ocrx_word' id='word_1_787' title='bbox 3455 5283 3616 5308; x_wconf 59' lang='grc' dir='ltr'><strong>θηζιιηη</strong></span> 
     </span>
    </p>
   </div>
  </div>
