4078 6336
270 357 366 423 813

269 569 634 627 aedilicationis
688 569 995 639 exemplum
1063 569 1320 640 prodesse
1380 567 1609 637 posteris
1672 565 1844 619 credi-

272 665 455 719 disset.

334 753 494 824 871
525 747 628 806 Vix
657 750 815 822 plane
839 749 1210 821 quinquennio
1239 759 1363 804 ante
1395 763 1526 803 utea:
1552 745 1850 803 nativitatis

272 853 540 907 exortum,
571 843 824 917 humanis
854 845 1014 896 rebus
1047 853 1327 908 exemptus
1357 846 1440 893 est
1481 838 1671 893 tertius
1701 836 1848 900 Otto,

270 937 352 1005 qui
393 935 686 1004 imperialis
721 935 890 1004 apicis
930 934 1194 1004 dignitate
1233 931 1611 1004 pollucibiliter
1648 930 1850 995 floruit,

270 1034 318 1080 et
349 1025 643 1079 Romanam
681 1024 1064 1093 rempublicam
1113 1031 1334 1078 strenue
1373 1021 1720 1092 gubernavit.
1753 1019 1853 1074 Hic

272 1117 447 1185 itaque
482 1131 605 1170 cum
632 1115 928 1171 vieennalis
977 1113 1356 1169 adolescentiae
1398 1113 1486 1167 vix
1533 1114 1711 1166 adhuc
1757 1126 1853 1166 ex-

273 1209 517 1264 cessisset
542 1217 775 1273 aetatem,
814 1207 957 1262 inter
1000 1205 1230 1275 insignia
1275 1203 1442 1260 multa
1501 1214 1556 1259 et
1595 1202 1854 1274 prreclara

276 1313 390 1366 qua:
419 1295 587 1367 gessit
628 1295 798 1349 tribus
827 1294 977 1366 regni
1006 1291 1320 1364 proceribus
1369 1302 1530 1362 atque
1567 1292 1856 1347 comitibus

275 1387 456 1442 oculos
493 1385 660 1452 eruit,
694 1384 975 1454 Rodulpbo
1004 1383 1273 1446 videlicet,
1303 1382 1609 1437 Raimundo
1643 1391 1699 1436 et
1738 1381 1858 1436 Ario

275 1479 488 1533 mundo.
524 1477 582 1532 In
621 1492 728 1546 quo
778 1477 1032 1530 nimirum
1062 1476 1353 1544 conspicuo
1391 1475 1589 1529 decore
1607 1473 1854 1542 justitiae,

276 1572 350 1628 sic
378 1571 616 1625 omnium
649 1570 822 1624 aliena
860 1569 1227 1639 diripientium
1277 1568 1484 1622 viscera
1532 1564 1857 1631 tremefecit,

278 1664 352 1718 sic
385 1672 553 1716 totum
588 1678 808 1732 regnum
853 1662 905 1716 in
951 1662 1259 1716 securitatis
1285 1669 1336 1714 et
1364 1660 1512 1728 pacis
1558 1658 1856 1728 tranquilli-

281 1763 386 1806 tate
425 1755 744 1821 composuit,
779 1761 838 1805 ut
884 1766 1073 1806 omnes
1107 1751 1218 1807 fere
1269 1751 1406 1805 intra
1445 1750 1745 1819 compendii
1776 1750 1858 1804 sui

895 357 1135 420 orusc.
1177 356 1330 418 l.\'ll.
1370 384 1439 402 ε-
1473 356 1562 415 nr:
1597 342 1887 402 PRINCIP.
1927 343 2148 408 OFFIC.
2196 356 2263 414 IN
2301 359 2543 419 eosne.
2579 363 2855 422 anROB.

270 479 574 546 antiquitas,
605 473 745 528 fama
779 476 1050 545 vulgante,
1099 477 1508 537 transmitteret,
1541 475 1584 528 si
1633 488 1738 527 non
1775 471 1839 526 ad
1866 475 1920 535 Α

3393 367 3501 425 826

2458 476 2686 532 CAPUT
2720 477 3011 533 PR'MUM.

2082 565 2234 632 Quod
2251 568 2474 638 justitia!
2505 572 2646 639 vigor
2674 573 2818 624 bonis
2849 590 2908 624 ac
2948 570 3099 626 malis
3124 573 3264 627 utilis
3294 587 3390 629 est.

2021 657 2166 712 Tene
2214 658 2398 727 igitur,
2449 659 2533 714 vir
2581 661 3026 726 eminentissime,
3087 673 3344 718 stateram
3389 666 3528 734 aequi

1949 746 2266 814 libraminis,
2311 763 2536 805 examen
2579 751 2718 804 intra
2771 753 3027 806 trutinam
3077 755 3286 820 cohibe,
3333 757 3534 826 pariles

1950 836 2202 905 legalium
2256 842 2556 896 sectionum
2605 842 2788 895 lances
2836 859 2944 911 pra:
2991 845 3160 898 oculis
3203 862 3416 917 semper
3442 864 3535 919 ap-

1953 929 2142 995 pende.
2171 927 2276 983 Sed
2299 930 2388 984 hic
2411 930 2550 986 {orae
2575 929 2703 984 illud
2727 931 3030 986 Salomonis
3055 933 3277 1001 objicies
3306 952 3320 990 :
3362 955 3380 988 ι
3413 936 3534 994 Noli

1951 1035 2072 1075 esse
2102 1020 2320 1074 nimium
2349 1021 2526 1090 justus
2553 1021 2747 1091 (Eccle.
2773 1029 2886 1091 vn).
2923 1042 2938 1074 ι
2975 1024 3039 1077 Ει
3062 1041 3162 1095 ego
3189 1027 3282 1080 tibi
3311 1039 3535 1084 econtra

1957 1110 2290 1178 respondeo:
2320 1109 2435 1163 Noli
2461 1127 2579 1165 esse
2611 1112 2835 1165 nimium
2881 1113 3016 1180 pius.
3066 1112 3218 1168 Sicut
3255 1117 3396 1170 enini
3439 1118 3538 1172 sub

1957 1201 2309 1255 immoderata
2337 1201 2545 1268 justitia
2576 1202 2992 1271 pusillanimitas
3033 1202 3318 1272 frangitur,
3345 1207 3415 1260 ita
3440 1208 3536 1261 sub

1955 1291 2156 1361 pietate
2186 1291 2349 1344 nimia
2375 1291 2514 1345 male
2542 1291 2676 1344 liber
2699 1292 2910 1346 animus
2943 1293 3009 1346 ad
3048 1294 3390 1348 insolentiam
3416 1312 3542 1366 pro-

1957 1383 2160 1436 caciter
2217 1382 2528 1437 eﬂ‘renatur.
2587 1382 2839 1452 Nunquid
2889 1385 3030 1438 enini
3083 1384 3192 1440 illic
3251 1387 3544 1442 indiscreta

1959 1472 2131 1543 pietas
2159 1490 2263 1526 non
2291 1475 2606 1543 prohibetur
2635 1491 2648 1527 :
2685 1493 2701 1524 ι
2735 1473 2959 1528 Percute
2988 1474 3153 1528 lilium
3189 1485 3335 1529 tuum
3367 1477 3545 1546 virga,

1958 1575 2014 1619 et
2041 1564 2293 1619 liberabis
2325 1565 2558 1619 animam
2588 1563 2702 1632 ejus
2731 1581 2759 1617 a
2787 1565 2992 1619 morte?
3026 1585 3043 1616 ι
3064 1565 3244 1636 (Prov.
3273 1567 3456 1636 χχιιι.)
3484 1566 3549 1620 Ει

1960 1655 2156 1709 iterum
2187 1673 2197 1708 :
2233 1673 2252 1705 ι
2290 1654 2389 1720 Qui
2420 1655 2591 1724 parcit
2619 1656 2800 1725 virgae,
2832 1655 2945 1708 odit
2972 1655 3138 1709 lilium
3173 1673 3330 1709 suum
3360 1655 3548 1726 (Prov.

1964 1747 2104 1812 xtti).
2140 1765 2157 1797 ι
2192 1745 2259 1798 Ει
2285 1744 2409 1798 alibi
2441 1762 2453 1796 :
2490 1763 2508 1796 ι
2545 1744 2645 1809 Qui
2678 1744 2851 1814 diligit
2880 1743 3046 1798 filium
3085 1760 3270 1808 suum,
3309 1745 3551 1799 assiduat

279 1843 500 1897 limitem
531 1859 586 1897 se
619 1841 965 1898 formidolose
1015 1843 1388 1911 reprimerent,
1427 1856 1524 1895 nec
1566 1840 1705 1909 juris
1740 1857 1862 1911 pro-
1889 1835 1938 1895 Β
1968 1833 2039 1887 illi
2072 1833 2279 1903 ﬂagella
2323 1832 2510 1904 (Eccli.
2539 1834 2708 1904 xxxi).
2743 1852 2762 1885 ι
2795 1833 2862 1887 Ει
2898 1829 3037 1887 idem
3068 1849 3082 1887 :
3121 1853 3140 1884 ι
3181 1834 3360 1902 Equus
3392 1830 3548 1886 indo-

281 1933 379 2002 prii
413 1933 672 1987 terminos
704 1948 799 2002 per
829 1933 1170 1988 insolentiam
1204 1933 1554 1986 transilirent.
1589 1931 1740 1987 Unde
1769 1948 1862 2002 per

281 2039 370 2080 ora
396 2025 572 2095 pepuli
604 2025 719 2078 ιιωο
748 2040 806 2078 se
835 2023 1088 2093 praeconii
1113 2022 1252 2077 fama
1282 2023 1596 2088 dilfuderat;
1630 2023 1681 2076 in
1711 2022 1862 2077 evul-

283 2115 432 2169 sione
484 2130 575 2168 sex
635 2115 914 2168 oculorum
968 2129 1130 2166 unum
1180 2123 1432 2183 pacatum
1483 2122 1565 2168 est
1618 2127 1862 2182 regnum.

285 2204 417 2258 Tres
447 2205 570 2258 facti
599 2213 723 2257 sunt
749 2205 900 2269 caeci,
933 2214 984 2257 et
1013 2205 1159 2259 omni
1203 2204 1397 2274 popqu
1441 2195 1642 2274 quietis
1671 2215 1868 2274 Optata:

284 2293 461 2347 lumen
505 2293 728 2348 infulsit.
783 2293 860 2347 Tu
909 2309 1144 2364 quoque,
1189 2295 1273 2347 vir
1313 2295 1616 2362 magniﬁce,
1649 2305 1867 2350 sancto-

285 2395 402 2433 rum
458 2379 552 2433 tibi
608 2380 953 2450 principum,
1006 2389 1060 2432 et
1112 2378 1302 2446 legalia
1353 2378 1476 2447 jura
1535 2383 1869 2436 servantium

286 2468 526 2536 exempla
574 2483 842 2538 propone;
899 2469 1074 2546 noxia:
1129 2468 1702 2547 pietatis“intagiuear
1738 2488 1767 2524 a
1819 2479 1870 2524 te

285 2561 469 2631 procul
497 2561 743 2627 exclude,
777 2570 831 2614 et
875 2544 1000 2631 erga
1032 2544 1432 2630 po'pu'liitn,“qui
1461 2544 1872 2616 “iibiucommis-

289 2636 721 2724 sum
749 2667 959 2722 semper
973 2652 1238 2722 justitiam
1268 2654 1561 2708 custodire.
1594 2653 1868 2724 Scriptum

290 2752 372 2798 est
398 2743 538 2796 enim
570 2760 583 2796 :
618 2762 635 2794 ι
665 2742 815 2796 Beati
864 2744 953 2814 qui
1005 2745 1313 2798 custodiunt
1355 2741 1637 2811 judicium,
1687 2757 1742 2800 et
1793 2745 1871 2798 fa-

292 2835 438 2888 ciunt
480 2834 751 2905 justitiam
802 2835 854 2889 in
905 2834 1052 2889 omni
1107 2845 1347 2904 tempore
1391 2832 1562 2906 (Ps/tl.
1605 2837 1712 2901 cr).
1753 2855 1772 2887 ι
1805 2834 1871 2888 Ει

293 2923 543 2980 Salomon
584 2942 596 2978 :
643 2944 661 2976 ι
711 2925 942 2995 Diligite,
974 2925 1167 2994 inquit,
1190 2925 1475 2995 justitiam,
1503 2924 1591 2993 qui
1617 2923 1872 2991 judiCatis

293 3025 492 3071 terram
526 3015 674 3086 (Sep.
707 3017 767 3086 ι).
807 3037 825 3070 ι
859 3018 948 3073 Sic
971 3033 1100 3088 ergo
1141 3017 1481 3072 rectitudinis
1521 3017 1635 3070 zelo
1661 3032 1873 3087 semper

293 3123 572 3171 accensus,
608 3109 792 3163 incede
821 3118 964 3163 nunc
992 3108 1331 3178 perjustitize
1361 3108 1648 3171 tramitem,
1679 3117 1734 3160 ιιι
1766 3123 1868 3161 non

1964 1926 2125 1979 mitus
2146 1924 2320 1979 evadit
2348 1925 2602 1990 durus,et
2630 1923 2769 1977 filius
2794 1924 3052 1978 remissus
3074 1924 3263 1977 evadet
3287 1938 3547 1992 praeceps.

1964 2015 2127 2070 Laeta
2166 2014 2332 2068 lilium
2363 2023 2532 2080 tuum,
2561 2022 2616 2068 et
2643 2023 2926 2084 paventem
2955 2023 3006 2068 te
3042 2012 3232 2079 faciet;
3278 2015 3400 2069 lude
3425 2029 3548 2069 cum

1964 2120 2049 2168 eo,
2086 2114 2142 2159 et
2177 2105 2519 2158 contristabit
2549 2113 2618 2158 te.
2655 2103 2770 2159 Non
2803 2105 3077 2160 corrideas
3111 2105 3217 2170 illi,
3252 2121 3317 2159 ne
3345 2105 3550 2171 doleas,

1966 2205 2020 2250 et
2050 2196 2102 2249 in
2143 2193 2437 2249 novissimo
2462 2195 2843 2264 obstupeseent
2871 2194 3060 2250 dentes
3092 2196 3164 2248 tui
3193 2194 3402 2265 (Ibid).
3439 2213 3456 2247 ι
3489 2189 3548 2248 Si

1968 2301 2098 2357 ergo
2129 2297 2281 2356 pater
2306 2286 2644 2356 disciplinam
2676 2295 2729 2339 et
2759 2285 3024 2356 ﬂagellum
3052 2286 3208 2341 debet
3234 2285 3392 2339 unico
3423 2285 3553 2349 filio,

1967 2388 2172 2449 quanto
2207 2379 2380 2450 magis
2425 2379 2675 2448 princeps
2717 2378 2932 2448 populo,
2979 2391 3045 2430 ne
3091 2385 3239 2430 tanta
3281 2375 3555 2430 elfrcnatu:

1970 2471 2238 2526 libertatis
2267 2471 2490 2524 audacia
2521 2480 2706 2539 pereat
2745 2469 3064 2522 multitudo?
3107 2467 3254 2523 Unde
3296 2467 3558 2536 scriptum

1969 2571 2054 2616 est
2085 2579 2098 2616 :
2138 2581 2156 2613 ι
2190 2561 2305 2616 Rex
2344 2561 2603 2632 insipiens
2633 2561 2820 2632 perdet
2851 2559 3102 2630 populutn
3135 2575 3310 2624 suum,
3343 2567 3392 2614 et
3421 2559 3557 2613 civi-

1971 2662 2112 2710 tates
2141 2654 2584 2708 inbabitabuntur
2625 2668 2722 2722 per
2759 2667 2973 2706 sensum
3006 2650 3322 2720 prudentum
3348 2648 3540 2718 (Eccli.

1972 2747 2050 2817 χ).
2083 2767 2102 2798 ι
2138 2747 2207 2802 Ut
2233 2763 2361 2818 ergo
2389 2745 2741 2816 populus,qui
2773 2744 2868 2798 tibi
2900 2744 3171 2813 subjectus
3195 2752 3298 2806 est,
3321 2739 3539 2810 cxjusti

1971 2835 2250 2907 regiminis
2277 2836 2650 2891 observatione
2692 2834 2951 2896 salvetur,
2985 2848 3208 2887 necesse
3237 2842 3320 2886 est
3354 2841 3411 2886 ut
3441 2833 3555 2902 ipse

1973 2925 2025 2980 in
2054 2924 2305 2979 tribunali
2333 2925 2584 2978 examine
2607 2923 2949 2987 constitutus,
2980 2938 3097 2990 qua:
3127 2929 3252 2974 sunt
3271 2921 3417 2990 justa
3448 2922 3539 2975 de-

1973 3034 2193 3084 cernas;
2219 3025 2274 3071 et
2301 3033 2394 3072 eos
2417 3017 2634 3084 insuper
2651 3030 2788 3085 quos
2813 3030 2907 3085 per
2936 3012 3239 3084 provincias
3261 3012 3466 3080 dirigis,
3496 3019 3558 3066 ut

1977 3111 2109 3181 legis
2139 3111 2311 3164 edicta
2353 3109 2598 3163 districte
2635 3115 3049 3177 prosequantur,
3084 3105 3350 3158 instituas.
3398 3102 3551 3159 Unde

293 3197 631 3268 iudicandus,
680 3200 770 3254 sed
813 3199 1257 3262 remunerandus,
1306 3199 1370 3253 ad
1421 3199 1592 3268 ipsum
1623 3197 1866 3267 quiatzdo-
1897 3191 1943 3256 C
1975 3202 2054 3253 vir
2078 3201 2292 3269 sapiens
2313 3215 2435 3253 cum
2464 3199 2838 3267 prannisisset:
2863 3217 2880 3246 ι
2908 3194 3079 3250 Judex
3105 3193 3548 3264 sapieusjudica-

295 3307 397 3364 que
417 3292 641 3363 justitia
672 3294 964 3349 revertaris
1000 3304 1297 3350 auctorem.

677 3475 869 3536 ALIA
933 3475 1483 3538 DlSSERTATlO.

413 3613 494 3656 DE
528 3613 746 3658 EODEM
786 3613 1097 3658 PRINCIPIS
1147 3613 1400 3657 OFFICIO
1459 3616 1520 3657 XN
1561 3615 1756 3658 IMI’IIS

889 3690 1303 3736 COEBCENDIS.

293 3791 780 3849 Ancuusaruu.-—
808 3792 1039 3847 Nimiam
1072 3796 1538 3849 mansuetudinem
1584 3806 1638 3850 et
1685 3796 1877 3850 leuita-

371 3875 476 3918 tem
505 3863 809 3932 fugiendaut
839 3865 1012 3917 eidem
1051 3863 1368 3918 Gotltifredo
1407 3866 1657 3930 inculcat,
1691 3868 1878 3932 admo-

368 3950 502 3989 nens
551 3930 722 3995 illiilli,
771 3934 1153 3986 videat‘etiam
1207 3945 1367 4002 atque
1417 3936 1610 3999 etiam,
1657 3955 1722 3990 ne
1751 3930 1877 3988 dum

369 4005 554 4073 paucis
593 4005 869 4058 sceleratis
912 4005 1104 4072 parcit,
1139 4007 1305 4057 bonos
1344 4020 1531 4057 omnes
1572 4011 1779 4073 perdat.
1813 4005 1882 4060 Ut

377 4074 481 4127 hoc
513 4076 561 4128 ei
612 4074 1245 4145 facilius__persuadeat_,
1295 4076 1598 4142 CXt‘lleiUlll
1649 4076 1886 4145 llngonis

371 4145 544 4207 ducis,
569 4145 658 4212 qui
684 4155 810 4198 ante
835 4143 980 4198 illum
1010 4145 1171 4198 totius
1191 4143 1306 4214 fere
1331 4145 1493 4198 Italia:
1519 4143 1882 4214 gubernacula

370 4214 863 4336 iltillt'illiSll'aVCl‘al,
895 4214 1132 4282 adducit,
1158 4213 1378 4285 ejusque
1398 4213 1744 4271 severitatem
1772 4215 1881 4270 col-

389 4299 482 4336 aut
501 4294 574 4336 at.

389 4294 574 4338 autlat.

371 4394 726 4450 Gormrnsno
769 4395 1265 4465 pmcellentissimo
1310 4395 1632 4463 marcltioni,
1668 4395 1884 4452 Penus

293 4495 552 4556 peccator
573 4486 871 4540 monachus
903 4484 1149 4540 salutem.

371 4574 524 4646 S:epc
551 4576 770 4630 nuntius
799 4586 914 4646 post
947 4576 1194 4629 nuntium
1234 4575 1482 4639 mittitur,
1522 4584 1579 4629 ut
1626 4589 1732 4640 res,
1765 4591 1884 4644 qua:

295 4665 463 4720 nimis
489 4675 572 4719 est
591 4667 918 4730 necessaria,
945 4667 1265 4736 importunis
1293 4666 1484 4721 saltem
1506 4667 1757 4736 precibus
1785 4667 1886 4720 iiu-

293 4768 559 4828 petretur.
591 4756 725 4811 Nam
767 4767 820 4812 et
849 4757 1190 4826 evangelieus
1224 4757 1310 4811 ille
1331 4756 1498 4822 judex
1527 4768 1680 4810 extra
1713 4757 1889 4811 Evan-

296 4845 500 4916 gelium
540 4847 727 4902 vivens
753 4847 903 4917 (Luc.
952 4847 1129 4917 xviii),
1158 4848 1250 4919 qui
1281 4866 1386 4904 non
1415 4849 1603 4916 Deum,
1635 4866 1740 4904 non
1786 4851 1885 4905 bo-

298 4941 506 4994 tninent
559 4941 938 5005 reverebatur,
989 4941 1145 4995 taedio
1193 4941 1407 4996 tandem
1494 4951 1550 4996 et
1620 4941 1886 4995 indefessa

299 5028 549 5083 mulieris
584 5029 840 5083 instantia
869 5032 1042 5085 victus
1094 5033 1421 5102 agnoscitur.
1453 5030 1532 5085 Tu
1558 5046 1704 5097 vero,
1728 5045 1889 5102 quem

300 5130 362 5175 ct
387 5122 527 5176 inter
550 5123 796 5178 homines
822 5125 990 5194 pudor
1013 5125 1251 5180 honestae
1287 5125 1408 5178 vitae
1451 5124 1800 5195 spectabilem
1837 5131 1894 5178 et

300 5214 449 5283 apud
479 5215 649 5270 Deum
678 5223 859 5269 castus
891 5215 1065 5270 reddit
1105 5216 1267 5269 timor
1303 5216 1586 5285 insignem,
1619 5213 1895 5283 petitioni:

301 5304 410 5362 bus
441 5305 575 5361 meis
606 5305 876 5376 repulsam
905 5322 1008 5361 non
1038 5305 1201 5361 debes
1224 5306 1494 5377 ingerere,
1522 5322 1682 5376 quem
1709 5307 1896 5376 utique

299 5416 415 5458 non
471 5402 840 5458 adversarium
891 5411 1311 5474 conquerentem
1338 5443 1353 5469 ,
1410 5404 1504 5458 sed
1561 5403 1653 5459 tibi
1711 5403 1893 5471 potius

299 5493 506 5563 aspicis
533 5492 683 5547 utilia
713 5504 1107 5564 suggerentem.
1151 5493 1352 5564 Scripsi
1381 5494 1473 5548 tibi
1496 5510 1666 5562 nuper
1691 5496 1892 5565 episto-

299 5582 414 5639 lam
462 5585 528 5639 de
570 5585 835 5640 servando
874 5585 1052 5657 rigore
1093 5585 1338 5656 iustitiae,
1363 5601 1524 5655 quam
1557 5602 1698 5640 nunc
1725 5586 1892 5656 872

300 5676 553 5745 apicibus
580 5677 795 5747 quidem
821 5676 1053 5746 gemino,
1079 5675 1171 5732 sed
1197 5692 1223 5730 a
1251 5676 1524 5748 proposita
1574 5675 1740 5730 semel
1779 5693 1891 5729 ina-

303 5769 445 5822 teria
472 5784 576 5823 non
611 5767 821 5822 recedo.

1912 4536 1963 4595 D

1977 3293 2054 3346 bit
2093 3294 2342 3361 populum
2390 3307 2574 3355 suum,
2625 3298 2678 3343 et
2726 3287 3058 3358 principatus
3092 3285 3295 3340 sensati
3345 3284 3553 3339 stabilis

1975 3385 2077 3440 erit
2098 3393 2112 3450 ;
2137 3403 2154 3436 ι
2181 3385 2426 3454 protinus
2456 3382 2691 3437 addidit:
2723 3400 2742 3433 ι
2771 3381 3077 3435 Secundum
3098 3380 3331 3450 judicetn
3355 3377 3556 3448 populi,

1977 3477 2056 3532 sic
2083 3486 2138 3531 et
2165 3475 2394 3530 ministri
2419 3475 2565 3542 ejus;
2598 3488 2653 3528 et
2675 3473 2851 3544 qualis
2880 3482 2960 3528 est
2995 3482 3171 3526 rector
3195 3469 3448 3534 civitatis,
3487 3478 3564 3522 ta-

1978 3567 2056 3621 les
2069 3577 2123 3620 et
2145 3565 2506 3619 inhabitantes
2530 3565 2657 3617 inea
2679 3562 2886 3635 (lbid.).
2912 3581 2930 3612 ι
2953 3559 3267 3629 ρυιαωιωω
3291 3556 3564 3612 sanctius?

1979 3657 2118 3725 Quid
2149 3657 2255 3710 Deo
2282 3656 2538 3710 citerius?
2557 3655 2694 3722 Quid
2725 3662 2871 3708 certe
2897 3653 2949 3706 iit
2975 3651 3280 3707 Christiana
3313 3647 3569 3719 religione

1980 3750 2363 3821 praestantius,
2409 3764 2570 3817 quam
2611 3745 2859 3816 judicare
2899 3742 3205 3812 justitiam,
3262 3749 3316 3794 et
3364 3737 3568 3792 illicitis

1985 3844 2208 3897 ausibus
2241 3856 2337 3911 per
2374 3839 2596 3912 legitimi
2646 3837 2840 3909 rigoris
2865 3849 3157 3890 occurrere
3182 3829 3518 3899 disciplinam
3545 3828 3571 3881 2

1981 3935 2037 3987 In
2070 3951 2177 4002 quo
2203 3934 2455 3987 nimirum
2488 3941 2541 3986 et
2573 3930 2889 3984 nocentibus
2917 3935 3201 3996 praestatur
3231 3931 3279 3974 et
3311 3920 3571 3990 patienti-

1983 4025 2102 4077 bus.
2133 4022 2242 4074 Illis
2265 4021 2488 4083 scilicet,
2529 4028 2584 4072 ut
2610 4017 2878 4071 violentia:
2925 4012 3190 4083 piaculum
3235 4027 3339 4065 non
3387 4009 3570 4062 incur-

1987 4126 2140 4178 rant;
2175 4115 2290 4168 istis
2320 4121 2522 4176 autem,
2548 4118 2601 4164 ut
2627 4109 2917 4163 discrimen
2954 4103 3257 4174 ingerenda:
3284 4101 3568 4158 calamita-

1988 4207 2055 4260 tis
2080 4205 2333 4259 evadant.
2384 4203 2493 4256 lllis
2517 4240 2531 4262 ,
2568 4209 2625 4254 ut
2655 4197 2893 4254 contenti
2938 4193 3170 4266 propriis
3193 4233 3208 4258 ,
3238 4192 3413 4247 aliena
3460 4206 3568 4246 non

1987 4295 2238 4366 rapiant;
2276 4292 2421 4354 istis,
2460 4299 2518 4343 ut
2543 4287 2752 4342 defensi
2788 4300 2934 4356 pura:
2963 4283 3204 4338 tuitionis
3233 4279 3570 4346 umbraculo,

1985 4390 2204 4460 propria
2248 4403 2352 4441 non
2404 4385 2652 4439 amitant.
2683 4380 2789 4434 Illis
2815 4420 2830 4446 ,
2875 4393 2940 4433 ne
2970 4376 3209 4431 laedendo
3238 4375 3515 4446 proximo;
3549 4413 3564 4435 ,

1987 4484 2154 4539 divini
2189 4480 2386 4536 furoris
2440 4478 2491 4532 in
2546 4491 2605 4530 se
2653 4473 2876 4542 gloriam
2908 4476 3234 4542 provocent;
3266 4467 3384 4521 istis
3411 4505 3424 4530 ,
3458 4474 3514 4518 ut
3543 4478 3575 4517 a

1991 4575 2347 4632 nefandorum
2380 4568 2623 4640 nequitia
2662 4565 2876 4621 liberati
2903 4605 2916 4626 ,
2947 4563 3149 4633 gratias
3175 4575 3388 4629 semper
3415 4571 3577 4626 agen-

1992 4677 2104 4730 tes,
2138 4667 2192 4722 ιιι
2216 4663 2389 4733 jubilo
2427 4661 2622 4717 divina:
2652 4657 2828 4712 laudis
2871 4654 3160 4709 exsultent.
3211 4650 3361 4718 Quod
3394 4649 3578 4715 utique

1991 4759 2210 4814 suavius
2241 4753 2565 4810 sacrificium
2597 4752 2704 4804 Deo
2745 4747 2886 4800 valet
2912 4744 3092 4798 offerri
3120 4785 3133 4808 ,
3169 4756 3329 4811 quam
3360 4740 3426 4794 de
3456 4738 3573 4790 vio-

1992 4851 2259 4905 lentorum
2309 4845 2555 4901 manibus
2587 4839 2816 4911 pupillos
2845 4838 3056 4906 eripere
3089 4873 3104 4898 ,
3154 4832 3344 4886 viduas
3394 4827 3580 4882 defen-

1992 4959 2156 5006 sare,
2186 4953 2476 5010 oppressos
2534 4935 2744 5004 erigere
2775 4972 2789 4994 ,
2835 4929 3093 4999 spoliatos
3152 4931 3204 4976 et
3250 4917 3575 5010 abjectosin

1995 5009 2232 5091 amissos
2257 5029 2458 5103 proprii
2490 5028 2630 5099 juris
2662 5023 2847 5079 titulos
2887 5015 3229 5074 reformare?
3261 5011 3402 5103 Hinc,
3431 5009 3577 5064 ettitn

1994 5100 2418 5197 scriptum—estw
2445 5121 2502 5175 In
2525 5115 2815 5188 judicando
2836 5121 2952 5166 esto
2981 5106 3195 5179 pupillis
3225 5100 3532 5197 misericors
3558 5139 3572 5163 ,

1994 5228 2054 5272 ut
2077 5190 2250 5288 pater,
2281 5224 2334 5268 et
2362 5227 2459 5283 pro
2490 5210 2608 5263 viro
2645 5205 2804 5261 matri
2835 5202 3080 5263 illorum;
3114 5206 3167 5252 et
3198 5195 3401 5288 erisitu
3433 5190 3578 5288 velut

1996 5284 2139 5365 filius
2164 5303 2426 5362 Altissimi
2459 5299 2715 5357 obediens
2738 5337 2753 5362 ,
2785 5304 2839 5350 et
2876 5291 3222 5348 miserebitur
3262 5287 3336 5342 tui
3367 5284 3537 5355 magis
3560 5325 3575 5348 ,

1998 5415 2159 5469 qttam
2180 5391 2551 5463 mater(Eccli.
2578 5389 2674 5459 tv).
2689 5406 2707 5439 ι
2732 5384 2868 5453 Quid
2893 5398 3021 5453 ergo
3037 5379 3241 5453 majus?
3260 5375 3396 5445 Quid
3414 5375 3466 5430 iu
3482 5375 3572 5469 litt-

2000 5465 2175 5544 manis
2187 5485 2440 5557 operibus
2463 5477 2998 5546 excellentius,quam
3022 5473 3198 5544 id,pro
3220 5485 3324 5540 quo
3337 5465 3581 5522 mortalis

2002 5580 2160 5634 homo
2185 5587 2238 5631 et
2271 5575 2361 5630 Dei
2415 5572 2555 5626 filius
2601 5569 2741 5624 liat-z
2775 5573 2830 5622 et
2877 5567 3016 5621 Deus
3043 5559 3206 5635 873
3234 5559 3306 5615 illi
3350 5571 3460 5614 non
3487 5571 3580 5631 pa-

2002 5681 2189 5734 ternze,
2222 5668 2313 5722 sed
2340 5666 2481 5736 quod
2507 5661 2678 5731 majus
2704 5669 2808 5728 est,
2843 5659 3050 5714 viscera
3089 5665 3346 5710 matertue
3366 5649 3582 5722 pietatis

2003 5760 2308 5834 impendat?
2342 5757 2406 5814 Ut
2429 5756 2520 5827 qui
2553 5764 2702 5810 stans
2725 5768 2821 5823 pro
2843 5748 3062 5822 pupillis
3118 5753 3172 5801 et
3201 5739 3584 5798 viduis'advor-
