4078 6336
500 321 602 380 837

919 320 980 376 S.
1018 319 1223 377 PETRI
1259 317 1544 374 DAMIANI
1581 316 1735 377 OPP.
1771 312 2007 371 TOMUS
2045 313 2179 381 SEU
2231 315 2411 372 PARS
2448 315 2629 370 lll.-‘—-
2666 315 3029 373 OPL'SCL'LA
3071 315 3301 371 VARIA.

3640 322 3757 379 838

499 440 596 484 sus
649 427 933 498 impiorum
1003 427 1270 496 nequitias
1322 427 1585 490 dimicat,
1631 427 1744 495 ipso
1813 435 2071 495 tanquam
2099 435 2144 493 Α
2175 425 2277 479 rini
2336 441 2458 480 cum
2505 426 2796 496 Spoletano
2842 427 3196 496 ducatu;jnri
3228 444 3356 484 vero
3394 432 3610 502 proprio
3637 433 3757 490 Tu-

500 519 727 576 lacteola
759 519 970 576 soboles
999 520 1097 574 sub
1124 519 1536 576 confovenlibus
1577 533 1638 574 se
1680 518 1876 573 divinae
1905 517 2075 588 pieta-

501 612 575 667 tis
597 612 849 666 uberibus
876 613 1202 681 requiescat.

1119 721 1347 777 CAPUT
1383 721 1446 775 II.

536 805 718 870 διισττέ
758 813 1069 872 Scriuturrr.
1113 831 1176 867 ac
1222 813 1329 869 SS.
1376 812 1595 866 Patrum
1644 813 1709 867 de
1754 812 2040 882 plectendis

924 884 1116 952 iniquis
1145 900 1361 936 concors
1386 885 1656 937 sententia.

569 970 627 1026 In
648 970 973 1026 ulciscendis
997 971 1154 1040 plane
1179 986 1245 1025 ac
1282 971 1436 1041 legali
1466 971 1757 1026 severitate
1781 970 2078 1041 plectendis

495 1063 810 1118 excessibus
851 1064 1178 1131 iniquorum,
1228 1076 1416 1117 omnes
1477 1063 1692 1117 sibimet
1748 1052 2077 1118 unanimiter

497 1153 812 1217 concinunt,
830 1163 884 1206 et
912 1153 964 1206 in
983 1153 1141 1206 unius
1169 1154 1448 1206 sententia:
1475 1153 1693 1208 decreta
1719 1162 2074 1218 concurrunt,

498 1253 552 1296 et
581 1242 767 1297 Patres
789 1242 1036 1297 videlicet
1088 1241 1221 1312 legis
1249 1245 1502 1312 antiqute,
1534 1252 1588 1296 et
1627 1244 1798 1298 sancti
1826 1244 2075 1300 doctores
2109 1232 2123 1242 ’

497 1334 775 1390 Ecclesiae.
818 1335 870 1387 In
900 1334 1013 1405 lege
1038 1350 1269 1404 namque
1299 1336 1557 1404 scriptum
1585 1345 1670 1388 est
1698 1352 1711 1388 :
1745 1354 1761 1386 ι
1803 1334 2074 1391 Maleﬁcos

497 1440 568 1479 ne
597 1425 818 1493 patiaris
857 1425 1037 1480 vivere
1073 1425 1268 1496 (Exod.
1308 1426 1497 1495 un)»
1536 1426 1600 1479 Et
1618 1425 1911 1494 Apostolus
1932 1425 2077 1480 inter

501 1513 669 1567 multa
710 1531 723 1566 :
772 1532 791 1564 ι
828 1513 953 1568 Sive
979 1514 1091 1584 regi
1132 1516 1286 1585 quasi
1316 1516 1664 1584 praecellenti,
1694 1516 1807 1568 sive
1844 1517 2073 1573 ducibus

497 1610 752 1672 tanquam
775 1604 929 1659 abeo
959 1604 1138 1660 missis
1184 1607 1249 1658 ad
1298 1606 1590 1659 vindictam
1640 1605 2074 1672 malefactorum,

496 1687 708 1744 laudem
733 1707 865 1747 vero
888 1693 1153 1748 bonorum
1185 1692 1238 1763 (Ι
1265 1693 1406 1747 Petr.
1442 1695 1527 1762 ιι).
1561 1714 1579 1746 ι
1613 1695 2073 1764 BeatusAugusti-

2177 514 2341 569 sciam
2376 516 2691 570 reservavit.
2722 515 2886 584 Hujus
2909 527 3148 586 tempore
3170 516 3456 586 Capuanus
3478 522 3759 592 princeps,

2176 605 2220 660 si
2254 606 2356 659 rite
2389 622 2499 659 rem
2529 616 2708 671 teneo,
2756 608 2883 662 dum
2937 609 3187 663 manibus
3219 598 3559 668 chirothecas
3591 617 3764 671 velles

2176 697 2462 759 adducere,
2495 697 2548 752 hi
2577 699 2669 767 qui
2717 700 2977 754 adversus
3021 716 3143 755 eum
3180 702 3647 773 conspiraverant,
3698 709 3761 763 ei

2175 788 2422 856 protinus
2449 790 2601 858 quasi
2625 790 3047 856 subservientes,
3075 804 3398 860 occurrunt,
3423 812 3615 853 manus
3634 798 3763 866 ejus

2175 887 2436 948 utrasque
2486 881 2862 950 complodunt;
2914 891 2969 938 et
3020 900 3145 939 mox
3188 889 3490 956 evaginatis
3535 890 3761 960 gladiis,

2174 982 2298 1022 eum
2325 968 2718 1033 coufodientes,
2749 961 3085 1026 interimunt.
3121 973 3272 1038 Quod
3295 992 3440 1039 mox,
3459 986 3520 1031 ut
3546 979 3766 1032 incom-

2174 1060 2494 1128 parahilium
2533 1061 2791 1116 virtutum
2850 1063 2990 1127 viro,
3042 1063 3254 1134 Hugoni
3307 1068 3557 1124 videlicet
3605 1085 3765 1123 mar-

2175 1150 2376 1215 ehioui,
2401 1150 2488 1218 qui
2520 1151 2693 1206 dictus
2720 1162 2824 1214 est,
2850 1161 3099 1220 patenter
3128 1153 3378 1213 innotuit,
3407 1156 3476 1209 nil
3510 1167 3766 1211 moratus

2175 1237 2483 1308 Capuanam
2522 1243 2709 1294 urbem
2743 1242 3046 1296 numerosis
3071 1246 3408 1301 exercituum
3452 1247 3767 1319 legionibus

2174 1327 2521 1384 circumfudit
2548 1347 2561 1384 ;
2593 1344 2820 1401 eamque
2859 1334 3040 1387 tandiu
3064 1334 3270 1391 bellicis
3297 1349 3627 1393 armatorum
3657 1353 3763 1394 co-

2174 1419 2277 1488 piis
2300 1434 2608 1490 expugnare
2643 1437 2747 1475 non
2799 1421 3029 1489 destitit,
3060 1425 3230 1481 donec
3267 1442 3333 1481 ex
3374 1442 3438 1482 ea
3468 1428 3765 1483 victoriam

2174 1521 2392 1580 caperet
2413 1522 2468 1565 et.
2496 1511 2870 1569 interfectores
2906 1515 3106 1570 domini
3145 1517 3226 1571 sui
3254 1517 3415 1588 digno
3454 1519 3602 1575 necis
3625 1536 3764 1588 sup-

2174 1602 2334 1673 plicio
2351 1603 2662 1658 trucidaret.
2691 1606 2768 1659 De
2786 1620 2895 1674 quo
2918 1605 3174 1660 nimirum
3197 1607 3372 1661 etalia
3398 1617 3476 1662 tot
3495 1609 3765 1663 virtutum

2175 1692 2404 1762 insignia
2433 1691 2761 1758 referuntur,
2791 1703 2850 1748 ut
2889 1695 3200 1764 prolixitate
3236 1704 3535 1766 temporum
3565 1697 3763 1765 splen-

494 1796 598 1838 nus
629 1782 705 1836 ait
740 1800 752 1836 :
786 1802 806 1834 ι
852 1782 981 1848 Qua:
1008 1795 1089 1839 est
1136 1785 1346 1837 vanitas
1391 1784 1481 1839 uni
1531 1800 1771 1854 parcere,
1803 1794 1858 1838 et
1884 1800 2073 1839 omnes
2104 1778 2299 1846 B'dida
2329 1784 2561 1839 nominis
2600 1782 2716 1853 ejus
2754 1783 2897 1838 fama
2944 1785 3145 1840 aboleri
3193 1786 3494 1841 nullatenus
3542 1786 3763 1851 valeat;

495 1875 550 1929 in
576 1876 867 1931 discrimen
896 1877 1195 1932 adducere?
1225 1876 1537 1931 Polluuntur
1555 1878 1698 1932 enim
1727 1892 1936 1939 omnes,
1968 1892 2074 1930 uno

493 1974 775 2033 peccante.
814 1986 833 2018 ι
863 1967 927 2020 Et
959 1965 1320 2037 Hieronymus
1351 1985 1364 2022 :
1402 1986 1419 2017 ι
1455 1967 1555 2034 Qui
1604 1969 1837 2036 percutit
1878 1968 2072 2031 malus,

495 2054 691 2124 inquit,
722 2056 775 2110 iu
803 2072 867 2111 eo
889 2057 1031 2124 Quod
1062 2057 1188 2110 mali
1217 2067 1359 2119 sunt,
1385 2067 1438 2113 et
1468 2058 1629 2113 habet
1656 2074 1877 2113 causam
1906 2059 2075 2113 inter-

494 2140 763 2209 fectionis,
788 2156 849 2201 ut
868 2149 1133 2217 percutiat
1159 2149 1449 2218 pessimos,
1495 2151 1743 2206 minister
1784 2152 1876 2206 Dei
1908 2160 2011 2207 est.
2046 2171 2068 2206 ι

493 2235 625 2290 Item
653 2235 777 2291 alibi
808 2254 822 2292 :
861 2257 880 2289 ι
915 2237 1224 2294 Homicidas
1275 2247 1331 2294 et
1373 2240 1669 2311 sacrilegos
1708 2242 1931 2310 punire,
1965 2259 2072 2297 non

489 2336 577 2383 est
617 2325 810 2385 etinsio
860 2332 1157 2401 sanguinis.
1195 2349 1215 2384 ι
1246 2331 1315 2387 Ει
1360 2332 1550 2388 beatus
1596 2334 1672 2388 ait
1712 2335 2069 2392 Ambrosius:

499 2439 518 2471 ι
550 2419 771 2478 Hostem
801 2421 967 2477 ferire
994 2423 1221 2479 victoria
1259 2433 1364 2488 est,
1415 2439 1567 2479 reum
1612 2426 1870 2497 aequitas,
1915 2427 2073 2483 inno-

492 2520 705 2566 centem
736 2512 1104 2567 homicidium.
1134 2532 1155 2566 ι
1187 2512 1339 2580 Quod
1364 2507 1607 2584 profecto
1635 2518 1806 2574 sancti
1839 2517 1908 2572 de
1937 2517 2074 2572 infe-

493 2601 661 2654 renda
702 2602 881 2672 impiis
922 2601 1127 2657 ultione
1177 2618 1286 2659 non
1342 2605 1604 2668 dicereut,
1657 2608 1758 2662 nisi
1790 2610 2074 2678 corporale

492 2692 816 2761 supplicium
846 2693 1011 2749 etiam
1038 2694 1323 2750 animabus
1352 2710 1540 2750 eorum
1579 2698 1926 2768 aliquatenus
1955 2716 2074 2757 cre-

491 2781 686 2847 derent
720 2782 1082 2850 profuturum.
1112 2785 1188 2840 De
1239 2801 1347 2856 quo
1379 2787 1660 2855 nimirum,
1689 2791 1906 2846 omissis
1934 2792 2077 2847 inte-

492 2873 595 2926 rim
623 2873 762 2939 aliis,
785 2875 913 2943 quid
955 2875 1187 2946 Cyrillus
1217 2875 1743 2950 Hierosolymitanus
1786 2884 2073 2953 episcopus

492 2964 747 3028 scnserit,
774 2964 1013 3019 breviter
1055 2966 1358 3023 inseramus
1389 2987 1402 3024 :
1445 2986 1463 3019 ι
1501 2968 1668 3035 Mors,
1701 2970 1902 3041 inquit,
1953 2989 2073 3043 quae

489 3067 665 3121 pmme
691 3068 855 3108 causa
886 3053 1116 3109 infertur
1161 3071 1261 3126 pro
1287 3067 1534 3127 peccato,
1571 3062 1821 3131 purgatio
1840 3071 1925 3117 est
1950 3078 2073 3133 pee-

490 3146 596 3198 cati
629 3144 818 3214 ipsius,
850 3161 948 3216 pro
992 3161 1100 3216 quo
1145 3146 1372 3216 jubetur
1420 3150 1631 3205 inferri.
1676 3172 1696 3205 ι
1758 3152 2071 3211 Absolvitur

490 3249 620 3305 ergo
668 3246 946 3305 peccatum
999 3253 1097 3308 per
1141 3253 1357 3309 ptenam
1408 3242 1630 3308 mortis;
1674 3260 1775 3301 nec
1824 3255 2072 3315 snperest

492 3322 717 3395 aliquid,
746 3327 890 3396 quod
919 3342 1018 3397 pro
1044 3328 1149 3384 hoc
1177 3330 1409 3386 crimine
1443 3332 1632 3402 judicii
1660 3334 1796 3399 dies,
1826 3345 1880 3391 et
1910 3350 2068 3406 poena

489 3415 680 3470 aeterni
729 3416 868 3487 ignis
931 3417 1188 3473 inveniat.
1258 3420 1361 3475 Ubi
1433 3422 1557 3493 quis
1620 3424 1821 3494 accipit
1874 3440 2070 3495 pecea-

490 3515 646 3573 tum,
702 3517 758 3562 et
799 3508 964 3564 habet
1020 3509 1151 3564 illud
1195 3525 1416 3578 secum,
1475 3529 1574 3570 nec
1635 3515 1817 3586 aliquo
1864 3518 2070 3587 suppli-

484 3594 576 3651 cio
620 3610 887 3666 paenaque
931 3596 1174 3665 diluitur,
1226 3603 1419 3655 transit
1465 3604 1626 3658 etiam
1677 3620 1798 3660 cum
1835 3622 1902 3662 eo
1949 3618 2071 3676 post

487 3695 746 3746 mortem.
763 3696 819 3741 et
844 3688 968 3756 quia
999 3689 1311 3759 temporalia
1332 3692 1419 3746 hic
1443 3708 1549 3747 non
1565 3695 1843 3763 persolvit,
1871 3711 2071 3766 expen-

485 3775 583 3835 det
601 3786 801 3831 aeterna
831 3778 1111 3848 supplicia.
1140 3779 1303 3837 Vides
1352 3799 1482 3853 ergo
1510 3796 1714 3855 quanto
1758 3789 1975 3859 gravius
1999 3789 2069 3844 sit

486 3869 740 3939 accipere
759 3882 1064 3939 peccatum,
1101 3888 1261 3942 quam
1306 3883 1481 3929 morte
1510 3875 1760 3933 multari?
1792 3877 1889 3933 Hic
1923 3880 2069 3934 enim

488 3977 638 4017 mors
662 3978 759 4032 pro
782 3963 1019 4020 vindicta
1040 3963 1201 4019 datur
1223 3973 1279 4022 et
1306 3968 1446 4037 apud
1479 3967 1680 4037 justum
1702 3967 1939 4040 judicem
1964 3988 2069 4028 non

482 4049 763 4121 judicatur
787 4054 868 4108 bis
899 4054 951 4109 in
978 4055 1231 4127 idipsum.
1262 4057 1365 4114 Ubi
1395 4067 1697 4115 autemnon
1720 4069 1804 4116 est
1832 4061 2069 4118 solutum

489 4144 726 4199 vindicta
789 4157 1097 4215 peccatum,
1132 4156 1315 4204 manet
1341 4150 1561 4205 aeternis
1616 4150 1830 4221 ignibus
1863 4152 2070 4208 exstin-

487 4236 778 4304 guendum.
835 4235 1040 4304 Quibus
1070 4239 1254 4309 utique
1296 4241 1471 4295 sancti
1500 4240 1603 4295 viri
1633 4242 1816 4297 verbis
1853 4242 2070 4297 indubi-

488 4332 671 4381 tanter
701 4330 986 4394 asseritur,
1011 4329 1137 4399 quia
1173 4345 1271 4401 per
1309 4332 1658 4401 temporalem
1700 4348 1917 4403 poenam
1945 4350 2069 4390 reus

485 4416 787 4470 absolvitur
815 4427 869 4472 et
895 4433 992 4488 per
1024 4421 1419 4476 immunitatem
1443 4424 1633 4478 aeterni
1661 4425 1905 4495 supplicii
1937 4443 2063 4481 cru-

486 4506 723 4563 ciatibus
754 4519 1084 4563 reservatur.

1016 4604 1031 4619 '
1100 4619 1450 4677 CAPUTIH.

557 4709 802 4781 [lagonis
827 4710 978 4766 ducis
1016 4709 1219 4836 Tusci?!
1245 4714 1524 4782 prudentia
1565 4715 1620 4768 in
1649 4715 1995 4773 renuntiando

1168 4800 1186 4835 ι
1207 4794 1385 4836 ucatu.

1168 4794 1385 4837 ducatu.

559 4870 627 4928 ιι
663 4880 844 4926 autem
865 4872 1218 4928 domesticum
1243 4873 1359 4938 tibi,
1387 4874 1487 4937 vel,
1516 4884 1573 4929 ut
1613 4875 1683 4929 ita
1712 4875 1921 4947 loquar,
1947 4892 2062 4932 ver-

486 4966 738 5019 naculum
766 4964 1102 5033 praebeamus
1130 4966 1456 5035 exemplum,
1487 4982 1643 5021 nemo
1660 4967 1851 5023 melius
1866 4984 2061 5023 occur-

487 5054 579 5116 rit,
609 5069 772 5122 quam
797 5052 1043 5125 gloriosa:
1082 5056 1353 5108 memoriae
1381 5054 1533 5125 Hugo
1561 5056 1670 5110 dux
1718 5066 1769 5112 ct
1797 5058 2059 5124 marehio,

482 5144 579 5214 qui
608 5159 753 5210 eum,
771 5160 876 5215 quo
901 5158 953 5200 tu
983 5160 1125 5201 nunc
1147 5145 1404 5216 fungeris,
1422 5148 1656 5202 obtinuit
1677 5150 2058 5219 principatum.

481 5232 751 5300 Obtinuit,
817 5234 1056 5303 impiam,
1086 5246 1366 5306 utramque
1407 5240 1775 5293 monarchiam
1820 5240 1886 5311 [Γ.
1918 5256 2059 5294 mar-

482 5323 718 5396 chiam],
764 5333 819 5379 et
860 5340 1023 5396 quam
1067 5325 1406 5397 Tyrrhenum
1450 5329 1727 5395 videlicet,
1783 5340 1839 5384 et
1895 5347 2056 5400 quam

483 5431 636 5472 mare
665 5417 998 5471 Adriaticum
1027 5417 1199 5472 alluit.
1242 5416 1347 5474 Sed
1376 5435 1501 5474 cum
1532 5420 1908 5491 perpenderet,
1931 5424 2055 5493 quia

479 5508 652 5582 874
673 5518 894 5581 propter
913 5509 1311 5580 improbitatem
1341 5511 1537 5583 injuste
1572 5514 1892 5580 viventium,
1917 5524 2056 5569 stre-

485 5614 590 5654 nue
617 5610 803 5670 regere
827 5606 1109 5669 utramque
1137 5615 1244 5655 non
1280 5610 1480 5673 posset,
1510 5601 1767 5657 ultronea:
1794 5604 2061 5659 renuntia-

485 5691 646 5746 tionis
676 5691 922 5752 arbitrio.
945 5692 1109 5748 cessit
1140 5691 1453 5762 imperatori
1477 5695 1845 5751 monarchiam
1871 5696 2058 5751 Came-

2176 1875 2267 1931 sed
2290 1876 2440 1943 quasi
2465 1875 2648 1930 virens
2680 1890 2896 1945 semper
2933 1890 3001 1929 ac
3028 1874 3246 1939 ﬂorens,
3279 1876 3446 1930 inore
3470 1876 3773 1930 hominum

2174 1967 2487 2021 solenmiter
2510 1967 2672 2020 vivat.
2711 1966 2752 2020 E
2778 1967 2974 2035 quibus
3005 1976 3057 2020 et
3093 1982 3191 2020 nos
3218 1966 3457 2020 scribere
3493 1965 3769 2019 nonnulla

2175 2071 2483 2125 possumus,
2507 2073 2625 2125 qua:
2674 2056 2850 2111 forent
2890 2056 3230 2110 :edilicationi
3257 2070 3536 2126 procerum
3565 2054 3767 2125 profu-

2174 2152 2325 2209 tura;
2355 2144 2448 2198 sed
2470 2146 2596 2213 quia
2626 2145 2750 2199 dum
2778 2145 2933 2200 nobis
2979 2144 3313 2209 dicerentur,
3340 2143 3545 2214 singula
3570 2153 3767 2214 gesto-

2172 2253 2291 2290 rum
2315 2238 2474 2291 verba
2500 2248 2685 2292 notare
2715 2237 3072 2309 negleximus,
3100 2254 3168 2292 ne
3199 2238 3341 2306 quod
3372 2237 3534 2303 absit,
3566 2236 3768 2306 aliquo

2172 2326 2424 2383 fallamur
2475 2329 2530 2384 in
2557 2331 2746 2395 verbo,
2777 2330 3061 2386 scribenda
3106 2330 3220 2385 h.ec
3266 2331 3386 2385 aliis
3422 2330 3759 2401 delegamus.

2170 2417 2345 2474 Breve
2370 2414 2570 2484 tamen,
2600 2422 2741 2489 quod
2765 2422 2942 2475 audivi
2971 2422 3035 2475 de
3065 2421 3263 2489 puerili.
3285 2421 3402 2489 ejus
3429 2430 3613 2487 aetate,
3644 2436 3764 2476 non

2173 2518 2345 2564 taceo.
2368 2509 2601 2565 Obertus
2629 2508 2908 2582 [Ubertus,
2933 2521 2979 2563 et
3005 2511 3258 2564 Alberius
3303 2508 3483 2582 etiam]
3509 2511 3761 2565 marchio

2170 2614 2327 2674 pater
2351 2605 2465 2674 ejus
2496 2603 2735 2674 [lugentis
2767 2605 2907 2674 regis
2933 2604 3196 2658 naturalis
3225 2603 3364 2656 [ilius
3391 2603 3633 2668 exstitit;
3660 2603 3761 2672 qui

2171 2694 2424 2747 nimirum
2460 2692 2692 2747 Guillam
2743 2691 3013 2764 [Willam]
3048 2691 3269 2761 majoris
3314 2690 3571 2745 Bouifacii
3612 2707 3763 2747 mar-

2172 2783 2380 2836 chionis
2408 2780 2592 2847 ﬁliam,
2623 2781 2892 2851 conjugali
2935 2782 3034 2835 sibi
3079 2779 3280 2833 findere
3325 2778 3612 2848 copulavit.
3654 2779 3763 2835 llic

2172 2889 2278 2928 non
2308 2870 2477 2926 multo
2510 2881 2632 2942 post
2671 2872 3093 2941 indignationem
3140 2864 3297 2939 primi
3332 2868 3547 2924 Ottouis
3583 2869 3763 2939 impe-

2170 2965 2369 3020 ratoris
2401 2963 2651 3029 incurrit,
2697 2978 2763 3017 ac
2792 2961 3017 3016 subinde
3055 2959 3240 3015 relicta
3270 2960 3514 3029 conjuge,
3539 2959 3762 3016 Panno-

2173 3057 2319 3112 niam
2350 3055 2607 3127 profugus
2658 3053 2946 3109 exsulavit.
2972 3052 3072 3119 Qui
3103 3067 3226 3106 cum
3274 3050 3429 3122 longe
3458 3059 3589 3127 post
3618 3060 3762 3105 teni-

2097 3134 2141 3197 C
2172 3161 2302 3217 pore
2349 3152 2679 3213 resumptus,
2721 3142 2776 3196 in
2826 3140 3056 3211 gratiam
3107 3138 3301 3204 rediit,
3361 3148 3589 3192 matrem
3626 3154 3759 3193 cum

2172 3239 2549 3310 grandiuscula
2566 3237 2678 3307 jam
2703 3236 2852 3304 prole
2875 3234 3170 3304 reperiens,
3193 3234 3487 3287 admiratus
3509 3234 3759 3304 expavit.

2173 3330 2342 3400 Negat
2369 3332 2530 3385 homo
2555 3347 2613 3386 se
2638 3330 2916 3401 genuisse,
2963 3342 3121 3398 quem
3149 3326 3434 3395 conspicit,
3459 3334 3512 3379 et
3540 3322 3755 3398 zeloty-

2172 3425 2273 3497 pia:
2300 3433 2576 3493 permotus
2600 3423 2825 3486 invidia,
2854 3420 2975 3476 feta:
2997 3418 3209 3473 mulieri
3232 3418 3522 3473 obscenum
3541 3417 3753 3471 crimen

2172 3514 2437 3578 intendit;
2474 3527 2810 3582 nequaquam
2852 3525 2911 3565 se
2940 3521 3050 3563 tam
3077 3509 3362 3578 insperatae
3386 3506 3461 3561 rei
3505 3506 3759 3576 perbibet

2171 3605 2475 3671 conscium;
2531 3602 2788 3658 diilitetur
2845 3615 2904 3655 se
2952 3599 3322 3669 conceptiouis
3377 3596 3537 3665 hujus
3590 3611 3759 3651 nosse

2172 3694 2510 3766 mysterium,
2534 3708 2633 3747 nec
2657 3705 2815 3761 posse
2841 3689 2956 3744 fieri
2984 3697 3043 3742 ut
3069 3704 3128 3742 se
3165 3694 3373 3742 asserat
3421 3697 3634 3757 patrem
3658 3686 3756 3756 qui

2171 3793 2537 3857 praegnantem
2566 3798 2671 3838 non
2701 3781 2921 3851 reliquit
2948 3794 3192 3834 uxorem.

2792 3892 3020 3951 CAPUT
3054 3892 3145 3949 IV.

2170 3989 2364 4046 σκέπειν
2386 3990 2571 4044 matris
2599 3986 2853 4111 Hagen;
2876 3969 3169 4107 innocentia
3198 3982 3441 4054 jucunda
3491 3981 3758 4037 miraculo

2855 4073 2882 4109 c
2905 4066 3110 4109 aratur.

2855 4066 3110 4109 staretur.

2240 4149 2321 4205 Ad
2343 4150 2444 4204 hoc
2475 4147 2688 4201 tandem
2734 4159 2821 4199 res
2867 4144 3068 4199 diutius
3096 4142 3352 4198 ventilata
3391 4142 3751 4212 protrahitur,

2170 4251 2355 4297 utnon
2379 4241 2556 4305 aliter,
2588 4254 2748 4308 quam
2778 4251 2876 4306 per
2907 4244 3040 4290 acta:
3061 4234 3457 4289 ourilicationis
3487 4234 3749 4288 indicium

2172 4344 2279 4389 tam
2303 4333 2485 4405 gravis
2513 4330 2746 4398 objectio
2772 4327 3035 4398 sopiatur.
3085 4326 3197 4381 Hoc
3228 4326 3391 4397 igitur
3418 4342 3485 4380 ex
3517 4336 3753 4396 utraque

2090 4474 2145 4534 Β
2169 4437 2322 4499 parte
2343 4426 2612 4488 convenit,
2641 4433 2699 4477 ut
2748 4423 2797 4476 in
2824 4431 2970 4475 vasta
3005 4421 3237 4490 quadam
3282 4419 3625 4489 amplissima:
3652 4420 3754 4473 do—

2272 4531 2283 4534 -
2326 4532 2339 4534 _
2359 4532 2405 4534 ___
2429 4532 2435 4534 _
2475 4522 2763 4534 -__,---_.n-.-
2793 4511 3163 4534 ..-12...2Α........-..
3190 4509 3337 4534 Ωιι-,ιο
3370 4523 3721 4534 ..ι-...ηη-..ι-ηη-

2172 4531 2293 4571 mus
2318 4532 2443 4570 area
2469 4522 2766 4569 conventus
2793 4511 3164 4580 religios‘arum
3189 4509 3342 4562 ﬁeret
3370 4523 3747 4577 personarum.

2171 4608 2375 4676 Quibus
2429 4607 2683 4661 nimirum
2735 4605 2787 4658 in
2820 4602 3091 4659 subselliis
3135 4605 3246 4656 suis
3286 4601 3520 4670 undique
3569 4601 3752 4655 cousi-

2169 4698 2442 4765 deutibus,
2467 4712 2601 4769 puer
2647 4694 2794 4751 solus
2831 4694 2883 4748 in
2926 4694 3103 4748 medio
3144 4702 3467 4763 poneretur;
3495 4692 3616 4747 etsi
3649 4707 3749 4763 pa-

2167 4800 2324 4853 trem,
2348 4805 2509 4859 quem
2540 4802 2812 4856 nunquam
2843 4792 3003 4839 antea
3044 4783 3267 4843 viderat.
3297 4783 3484 4837 adiens
3514 4791 3749 4851 peteret,

2165 4882 2233 4937 ab
2255 4883 2403 4937 omni
2430 4879 2617 4952 procul
2649 4879 2812 4933 dubio
2859 4886 3089 4932 matrem
3132 4875 3437 4945 suspicione
3460 4886 3746 4946 purgaret.

2170 4974 2308 5042 Quid
2330 4973 2518 5043 plura?
2548 4970 2886 5025 Conveniunt
2905 4967 3207 5039 pontifices,
3234 4968 3433 5020 adsunt
3453 4981 3578 5020 cum
3627 4982 3749 5021 nio-

2168 5063 2355 5117 nachis
2392 5072 2446 5114 et
2475 5059 2760 5114 abbatibus
2801 5057 3072 5112 inferioris
3121 5056 3281 5111 etiam
3311 5056 3518 5110 ordinis
3559 5072 3750 5111 sacer-

2167 5153 2353 5215 dotes;
2385 5148 2564 5212 iletur,
2595 5147 2849 5218 gemitur,
2882 5147 3205 5215 suspiratur,
3239 5146 3306 5199 ad
3337 5143 3534 5198 cadum
3554 5143 3747 5199 oculos

2166 5241 2401 5311 erigunt,
2425 5237 2617 5308 pugnis
2639 5246 2856 5306 pectora
2880 5247 3069 5291 intesta
3092 5235 3448 5299 contundunt,
3475 5233 3747 5304 proﬂuen-

2167 5331 2311 5383 tihus
2368 5328 2625 5400 lacryinis
2679 5327 2856 5381 tristia
2906 5342 3000 5379 ora
3067 5324 3417 5394 perfundunt.
3448 5320 3746 5380 ’Dim’issus

2166 5421 2348 5489 itaque
2371 5434 2502 5489 puer
2525 5420 2575 5472 in
2602 5414 2773 5488 875
2812 5419 2990 5471 medio
3017 5419 3134 5470 sine
3175 5425 3388 5487 papate,
3417 5420 3498 5470 vel
3530 5417 3750 5487 gerula,

2167 5514 2332 5583 carpit
2358 5511 2467 5573 ire;
2499 5520 2553 5565 et
2582 5525 2704 5564 cum
2730 5517 2883 5578 pater
2906 5508 3118 5562 sederet
3145 5508 3286 5562 inter
3310 5508 3519 5575 vulgus,
3546 5522 3647 5563 nec
3668 5509 3740 5562 ab

2167 5604 2288 5659 aliis
2338 5603 2615 5658 videretur
2650 5601 2755 5656 ulla
2810 5599 3050 5654 subsellii
3102 5600 3364 5653 varietate
3416 5599 3736 5665 distinctus;

2168 5694 2491 5765 contemptis
2517 5691 2808 5756 omnibus,-
2819 5706 2953 5760 puer
2985 5688 3049 5745 ad
3074 5705 3199 5745 eum
3248 5691 3526 5761 signanter
3554 5704 3743 5745 acces-
