4078 6336
273 347 378 405 829

911 345 1153 404 OPUSC.
1181 347 1332 403 LVII.
1372 378 1442 390 —
1470 349 1557 403 DE
1613 345 1902 402 PRINCIP.
1943 343 2162 401 OFFIC.
2210 343 2277 398 lN
2321 341 2566 398 COERC.
2602 338 2876 395 IMPROB.

3415 339 3520 393 85η

274 459 345 510 sit
371 454 530 524 eique
569 462 823 524 tanquam
864 457 1145 512 notissima
1177 457 1542 512 familiaritate
1583 457 1851 512 blanditus
1876 459 1928 519 Α
1953 473 2109 512 omen
2153 459 2186 510 ii
2217 457 2306 525 qui
2332 459 2553 509 aderant
2593 455 2894 517 crederent,
2932 451 3251 520 signumque
3273 451 3376 505 hoc
3405 466 3527 506 esse

274 547 522 601 adhaesit.
567 547 659 601 Sic
706 548 888 617 itaque
933 549 1184 602 liberavit
1229 557 1476 611 matrem,
1505 548 1631 601 dum
1669 548 1850 601 divino

272 646 599 707 provocatus
650 639 927 700 instinctu,
980 639 1134 707 petiit
1181 639 1500 708 genitorem.
1545 638 1656 692 Hoc
1691 639 1851 705 igitur

272 727 432 781 modo
459 728 617 780 matri
643 727 887 782 confusio
914 729 1141 792 tollitur,
1166 729 1302 798 patri
1335 729 1474 783 lilius
1504 728 1767 789 redditur,
1794 739 1850 782 et

272 816 556 885 utriusque
579 819 818 885 parentis
868 817 1090 872 allectus
1127 833 1254 886 erga
1278 833 1336 872 se
1368 819 1597 872 invicem
1627 819 1678 870 in
1702 833 1850 872 com-

271 907 422 961 muni
457 909 639 963 sobole
680 911 1024 963 reformatur.
1052 909 1250 964 Omnes
1293 926 1424 978 ergo
1477 911 1566 977 qui
1602 909 1849 971 aderant,

275 1006 427 1051 tanto
473 1000 754 1067 stupefacti
803 1001 1084 1064 rn‘rm-ulo,
1115 1001 1294 1054 votiva
1333 1001 1528 1053 mentis
1556 998 1853 1068 conjubila-

278 1090 424 1141 tione
453 1099 507 1143 et
534 1089 722 1159 dignas
741 1091 946 1143 auctori
979 1091 1084 1144 Deo
1105 1090 1308 1158 gratias
1329 1090 1648 1154 referentes,
1673 1088 1853 1142 exsul-

279 1185 364 1229 tan
375 1185 412 1230 t.

346 1266 444 1320 Hic
465 1277 724 1336 praeterea
755 1280 897 1335 saepe
913 1266 1038 1320 dum
1067 1268 1353 1335 equitaret,
1378 1269 1632 1320 comitum
1653 1281 1852 1320 eutteos

275 1365 394 1425 post
413 1372 470 1410 se
493 1357 766 1410 dimittere
810 1367 1190 1420 consueverat,
1217 1367 1268 1409 ct
1306 1357 1386 1410 vel
1426 1356 1593 1419 solus,
1634 1356 1716 1408 vel
1744 1370 1851 1408 uno

276 1454 563 1500 contentus
585 1445 812 1509 assecla,
843 1445 1054 1515 longius
1090 1447 1458 1515 prazcedebat;
1494 1456 1548 1500 et
1573 1455 1696 1500 tunc
1711 1446 1850 1515 agri-

275 1534 442 1601 colas,
473 1536 558 1590 vel
580 1537 845 1604 opiliones
871 1537 955 1590 his
995 1536 1356 1605 compellabat
1409 1535 1678 1590 alTatibus.
1713 1536 1850 1602 Quid

274 1625 449 1689 vobis,
478 1627 676 1697 inquit,
713 1627 928 1682 videtur
957 1627 1022 1682 de
1068 1627 1384 1682 marchione
1427 1628 1553 1692 isto,
1584 1642 1742 1695 quem
1773 1627 1852 1680 di-

277 1718 440 1770 cunt?
492 1717 742 1786 Nunquid
794 1733 902 1771 non
959 1719 1193 1773 crudelis
1230 1728 1286 1772 et
1314 1718 1535 1787 impius,
1583 1733 1849 1786 pauperes

276 1807 550 1876 opprimit,
578 1817 778 1862 terram
800 1809 1095 1877 dissipatet
1119 1819 1310 1864 cuncta
1337 1809 1560 1864 ditionis
1582 1825 1692 1862 sua:
1714 1811 1850 1862 bona

276 1898 556 1969 proﬂigat?
583 1900 662 1953 Ad
689 1900 832 1968 quod
863 1899 939 1954 illi
975 1918 988 1954 :
1025 1900 1201 1964 Absit,
1239 1900 1410 1966 aiunt,
1455 1887 1625 1965 absit;
1660 1899 1848 1954 falsum

276 1996 359 2042 est
391 1991 628 2058 penitus,
654 2005 687 2044 ο
716 1990 899 2056 homo,
939 1992 1081 2060 quod
1114 1991 1371 2060 loqueris.
1421 1991 1536 2045 Non
1581 2002 1663 2046 est
1704 1992 1851 2046 enim

277 2087 518 2148 potestas
551 2081 677 2136 talis
705 2096 870 2151 super
896 2083 1264 2152 terram,'qu:e
1287 2083 1366 2136 sic
1394 2083 1663 2138 violentiis
1686 2093 1740 2138 et
1769 2100 1854 2137 ra-

277 2169 419 2238 pinis
463 2171 756 2235 abstineat,
797 2187 917 2241 qua:
965 2173 1017 2226 in
1068 2182 1216 2226 tanta
1270 2188 1401 2242 pace
1462 2183 1517 2228 et
1563 2175 1854 2229 securitate

278 2259 576 2328 subjectum
611 2261 710 2315 sibi
736 2261 990 2331 populum
1015 2269 1186 2332 regat:
1222 2262 1377 2316 Vivat
1403 2271 1677 2333 optamus,
1710 2265 1856 2318 vivat

278 2348 370 2402 illa
397 2358 636 2419 potestas
664 2352 728 2404 ad
755 2349 1017 2422 refugiqu
1043 2367 1359 2420 pauperum,
1385 2352 1853 2423 proSperejloreat

279 2439 348 2494 ad
373 2441 614 2494 omnium
668 2443 970 2496 custodiam
1016 2441 1400 2510 subjectorum.
1434 2444 1586 2511 Quod
1615 2445 1703 2500 ille
1753 2461 1850 2498 au-

280 2530 456 2595 diens,
497 2531 809 2586 exsultabat
858 2533 910 2587 in
953 2532 1204 2588 Domino.
1236 2533 1384 2588 Unde
1426 2550 1568 2604 saepe
1593 2535 1849 2590 diccbat:

280 2621 336 2675 ln
360 2629 508 2676 tanta
538 2623 658 2676 volo
709 2637 924 2693 semper
974 2638 1101 2694 erga
1154 2625 1443 2694 subjectos,
1487 2633 1542 2680 et
1587 2626 1854 2696 praecipue

280 2713 533 2779 rusticos,
566 2716 980 2770 mansuetudine
1012 2717 1216 2784 vivere,
1256 2727 1310 2771 ut
1349 2717 1584 2784 annona,
1623 2734 1742 2788 quae
1763 2735 1858 2774 ca-

278 2803 409 2858 balli
433 2805 534 2860 mei
562 2806 802 2859 rodentis
827 2821 920 2860 ore
967 2805 1254 2869 delabitur,
1291 2824 1321 2862 a
1363 2809 1685 2864 rusticorum
1731 2825 1855 2879 por-

280 2895 430 2950 cellis
450 2910 481 2949 e
509 2896 736 2964 vesugio
785 2896 1088 2967 colligatur.
1131 2897 1302 2952 Porro
1330 2906 1509 2952 autem
1549 2913 1670 2952 cum
1701 2899 1768 2953 de
1798 2914 1856 2952 se

280 2984 410 3052 quid
467 2984 739 3039 diceretur
781 2986 1108 3054 inquireret,
1152 2989 1278 3059 quid
1306 2988 1472 3054 aliud,
1497 3005 1657 3058 quam
1685 2989 1854 3043 nostri

279 3073 655 3142 Redemptoris
713 3076 1028 3130 imitabatur
1069 3078 1410 3147 exemplum?
1453 3079 1542 3148 qui
1599 3079 1851 3132 nitnirnnt

279 3177 402 3216 cum
439 3166 620 3218 omnia
648 3166 840 3234 procul
865 3167 1026 3221 dubio
1051 3179 1250 3232 nosset,
1284 3185 1313 3222 a
1341 3170 1618 3239 discipulis
1649 3181 1852 3237 tamen,

280 3253 443 3308 veluti
475 3257 710 3322 nescius,
747 3259 1098 3328 inquirebat:
1140 3279 1159 3311 ‹
1197 3261 1366 3327 Quem
1395 3262 1582 3316 dicunt
1610 3262 1856 3318 homines

281 3358 399 3400 esse
423 3346 621 3401 Filium
665 3350 937 3406 hominis?
972 3371 990 3403 ι
1021 3352 1236 3421 (Matth.
1292 3356 1423 3422 xvr.)
1465 3353 1560 3408 Cui
1606 3371 1729 3409 cum
1780 3356 1854 3412 illi

283 3437 526 3494 diversas
551 3441 828 3496 hominum
868 3443 1152 3514 opiniones
1191 3447 1577 3513 exprimerent,
1605 3448 1811 3502 addidit
1839 3466 1853 3502 :

289 3547 308 3579 ι
357 3527 460 3583 Vos
487 3542 666 3584 autem
719 3548 877 3602 quem
930 3550 1016 3588 me
1059 3549 1178 3589 esse
1227 3533 1444 3590 dicitis?
1479 3555 1496 3587 ι
1537 3537 1756 3592 Scilicet
1797 3547 1858 3592 ut

284 3631 379 3672 rex
406 3620 718 3690 angelorum
769 3621 1000 3678 formam
1029 3625 1182 3679 daret
1224 3625 1525 3681 rectoribus
1557 3628 1853 3694 hominum,

283 3721 549 3779 quatenus
575 3727 678 3767 non
704 3715 833 3781 quid
859 3716 910 3768 in
939 3730 999 3769 os
1033 3732 1220 3771 eorum
1261 3719 1620 3773 assentatorie
1645 3720 1858 3774 dicatur

283 3804 589 3867 attendant;
630 3807 721 3860 sed
750 3809 890 3876 quod
905 3823 1092 3863 eorum
1115 3809 1637 3879 testimoniumapud
1664 3813 1858 3866 absen-

284 3900 365 3946 tes
393 3893 652 3950 habeatur
683 3899 975 3967 inquirant.
1006 3901 1201 3970 Sicque
1237 3904 1377 3972 quod
1409 3904 1461 3957 in
1489 3919 1546 3957 se
1575 3906 1858 3973 reprehen-

283 3983 440 4038 sibile
463 4000 525 4039 ex
559 4001 744 4042 eorum
777 3989 921 4043 fama
953 3993 1405 4060 deprehenderint
1435 3994 1712 4063 corrigant
1745 4010 1759 4048 :
1789 3995 1857 4049 ad

284 4079 628 4143 exsequenda
684 4094 811 4133 vero
845 4080 1003 4142 bona,
1048 4097 1168 4151 quae
1196 4083 1262 4136 de
1299 4096 1357 4136 se
1395 4082 1574 4137 dicere
1592 4097 1859 4154 cognove-

286 4165 416 4229 tint,
446 4169 659 4225 avidius
684 4170 1042 4226 invalescant.

901 4261 1128 4316 CAPUT
1167 4263 1230 4317 V.

770 4348 1010 4421 Hugonis
1053 4354 1198 4406 ducis
1228 4370 1388 4407 mors.

1951 546 2334 616 recuperanda:
2360 544 2570 606 salutis,
2605 544 2800 596 erectis
2838 543 2888 594 in
2916 556 3063 609 spem
3111 542 3395 606 cordibus,
3431 557 3529 616 au-

1951 615 2242 700 tumarent,
2265 633 2426 703 paulo
2463 643 2582 700 post
2612 633 2724 699 ipse
2753 632 3037 685 defunctus
3061 640 3165 684 est.
3475 615 3484 628 ’

2020 726 2116 780 llic
2142 733 2399 793 praeterea
2431 738 2521 775 sex
2553 719 2808 792 [septem]
2841 719 3166 772 monasteria
3199 719 3252 771 in
3282 718 3362 772 sui
3384 717 3532 788 juris

1949 817 2290 886 possessione
2338 812 2661 874 censtruxit,
2694 827 2811 880 quae
2843 826 2948 863 non
3000 808 3160 863 modo
3206 811 3423 877 praediis
3465 825 3531 864 ac

1951 904 2267 973 mancipiis,
2297 901 2388 955 sed
2417 914 2471 955 et
2497 900 2691 959 aureis,
2720 908 2774 953 et
2807 897 3078 968 argenteis
3100 897 3264 959 vasis,
3294 899 3526 954 diversis

1951 997 2114 1052 etiam
2147 994 2534 1050 ecclesiasticis
2561 992 2915 1050 ornamentis,
2945 990 3160 1057 copiosa
3203 988 3525 1044 liberalitate

1951 1086 2160 1140 ditavit.
2188 1085 2244 1137 In
2274 1099 2502 1152 quorum
2551 1098 2678 1145 uno,
2708 1078 2998 1134 venerabili
3028 1077 3273 1131 videlicet
3333 1093 3395 1131 ac
3438 1094 3526 1132 rc-

1951 1176 2162 1246 ligioso,
2187 1174 2329 1243 quod
2359 1173 2424 1226 ad
2448 1173 2707 1226 honorem
2737 1169 2830 1222 Dei
2881 1165 3160 1236 genitricis
3193 1175 3274 1218 est
3309 1165 3360 1218 in
3407 1165 3526 1218 Flo-

1955 1263 2166 1318 rentina
2197 1263 2328 1315 urbe
2370 1269 2772 1322 constructum,
2807 1258 2955 1327 jacet
2993 1255 3224 1311 cadaver
3265 1256 3383 1323 ejus
3427 1257 3527 1310 hn-

1953 1363 2178 1408 matum.
2226 1351 2390 1420 Cujus
2416 1352 2621 1405 obitum
2655 1365 2776 1403 cum
2804 1351 3104 1419 Angustus,
3136 1349 3225 1418 qui
3259 1357 3386 1400 tunc
3427 1344 3527 1398 ba-

1952 1446 2119 1500 benas
2144 1444 2366 1498 Romani
2391 1443 2611 1512 regebat
2643 1443 2852 1512 imperii
2875 1482 2888 1504 ,
2915 1443 3041 1495 Otto
3063 1442 3312 1495 videlicet
3339 1439 3529 1493 tertius

1954 1537 2288 1607 agnovisset,
2339 1535 2465 1604 quia
2512 1534 2783 1602 qttoudant
2832 1533 3092 1586 adversus
3137 1547 3260 1585 eunt
3307 1528 3528 1584 stimulo

1953 1625 2301 1679 mordebatur
2329 1621 2564 1684 invidim,
2586 1623 2828 1689 protinus
2854 1622 2906 1674 in
2938 1620 3076 1674 hanc
3103 1634 3283 1673 vocem
3302 1633 3529 1688 congra-

1955 1718 2280 1771 tulabuudus
2304 1716 2480 1785 erupit
2509 1732 2522 1769 :
2555 1715 2841 1782 «Laqueus
2879 1712 3144 1765 contritus
3182 1720 3302 1774 est,
3347 1720 3403 1764 et
3431 1723 3529 1764 nos

1879 1791 1926 1850 Β
1954 1810 2167 1864 liberati
2217 1823 2404 1862 sumus
2453 1803 2642 1877 (Psal.
2685 1821 2849 1860 cum
2876 1807 2911 1872 ).
2950 1824 2967 1856 ›
3003 1805 3109 1858 Sed
3151 1802 3310 1871 paulo
3363 1811 3515 1870 post,

1955 1904 2141 1958 eodem
2175 1901 2380 1955 scilicet
2423 1914 2564 1953 anno
2604 1907 2659 1953 et
2698 1898 2810 1968 ipse
2845 1897 3131 1951 defunctus
3159 1904 3260 1949 est.
3297 1893 3388 1948 Sic
3420 1895 3525 1946 ita-

1954 2011 2058 2063 que
2085 2009 2236 2048 suam
2269 1991 2598 2060 improvidus
2624 1989 2871 2058 pertulit,
2897 1989 2984 2056 qui
3013 1988 3078 2039 de
3109 1996 3279 2040 morte
3305 1984 3528 2038 alterius

1954 2087 2202 2155 nequiter
2247 2083 2573 2147 exsultavit,
2626 2098 2729 2134 non
2777 2083 3062 2135 attendens
3110 2078 3160 2133 id
3249 2077 3392 2147 quod
3443 2077 3527 2130 vir

1954 2179 2171 2247 sapiens
2220 2178 2334 2230 ait:
2386 2194 2402 2225 ι
2434 2175 2550 2228 Noli
2602 2176 2668 2227 de
2725 2182 2940 2227 mortuo
2993 2171 3208 2225 inimico
3255 2169 3553 2240 gaudere,

1955 2272 2132 2326 sciens
2161 2269 2304 2340 quod
2333 2283 2522 2322 onmes
2553 2266 2814 2318 morimur
2843 2267 2858 2332 (
2888 2262 3054 2317 Eccli.
3085 2276 3176 2314 vnt
3201 2261 3234 2330 ).
3274 2279 3292 2311 ι

2028 2359 2132 2414 Sed
2183 2369 2238 2412 et
2285 2357 2428 2411 aliud
2477 2357 2766 2410 adnectere
2813 2369 2920 2407 non
2965 2353 3196 2406 otiosmn
3227 2351 3532 2415 credimus,

1955 2453 2097 2522 quod
2148 2451 2288 2504 inter
2326 2456 2541 2502 sanctos
2583 2446 2823 2516 ejusdem
2856 2443 3087 2498 coenobii
3122 2441 3414 2496 monachos
3443 2454 3538 2495 ce-

1955 2544 2092 2599 lebri
2123 2541 2366 2597 redolere
2394 2539 2652 2593 memoria
2683 2536 2995 2606 frequenter
3018 2535 3336 2588 audivimus.
3370 2531 3535 2585 Aiunt

1955 2637 2100 2690 enim
2120 2678 2134 2699 ,
2184 2635 2311 2703 quia
2333 2631 2620 2700 'przefatus
2669 2627 2914 2682 marcbio
2957 2625 3164 2679 Marino
3194 2623 3406 2686 abbati,
3437 2623 3529 2691 qui

1958 2727 2345 2782 monasterium
2378 2724 2427 2777 id
2461 2733 2586 2776 tunc
2625 2721 2880 2790 regebat,
2912 2733 3010 2788 per
3048 2717 3283 2787 speciem
3316 2725 3536 2769 nocturo

1959 2832 2043 2872 nae
2089 2815 2312 2870 visionis
2355 2811 2642 2881 apparuit;
2693 2820 2887 2878 atque,
2937 2818 2994 2862 ut
3037 2823 3234 2876 corpus
3277 2821 3429 2859 suum
3480 2805 3532 2857 in

1957 2911 2208 2980 supinum
2235 2905 2388 2976 juxta
2420 2903 2863 2959 conmtetudiuctn
2895 2901 3164 2965 volveret,
3197 2899 3337 2966 quod
3381 2897 3434 2949 in
3461 2912 3522 2949 os

1961 3003 2276 3056 reclinatum
2301 2998 2515 3067 jacebat
2537 3038 2550 3060 ,
2585 2994 2881 3049 admonuit.
2919 2993 3122 3059 Quibus
3165 2985 3405 3059 profecto
3433 2989 3514 3040 vi-

1960 3091 2199 3146 sionibus
2227 3091 2394 3142 abbas
2425 3085 2582 3139 fidem
2613 3084 2856 3153 pra‘bens
2883 3124 2895 3144 .
2929 3081 3156 3151 probare
3187 3095 3301 3132 rem
3327 3077 3526 3138 voluit,

1959 3194 2012 3238 et
2045 3181 2254 3236 honesti
2279 3179 2380 3232 viri
2408 3191 2604 3244 corpus
2632 3189 2891 3244 pronum,
2923 3181 2980 3225 et
3009 3172 3059 3224 iu
3091 3170 3281 3223 faciem
3307 3168 3492 3236 jacens
3514 3205 3530 3230 ,

1957 3275 2096 3330 sicut
2127 3272 2226 3327 sibi
2257 3268 2551 3325 revelatum
2581 3273 2730 3329 erat,
2753 3264 3047 3322 inveniens,
3099 3269 3429 3319 reverenter,
3473 3265 3536 3309 ut

1957 3365 2219 3426 decebat,
2266 3361 2322 3415 in
2369 3360 2522 3413 latus-
2561 3356 2787 3410 alterum
2843 3352 3132 3423 supinavit.
3182 3349 3289 3403 Nec
3336 3346 3533 3402 mirum

1955 3455 2142 3525 plane,
2174 3453 2220 3506 si
2252 3452 2334 3504 vir
2375 3452 2476 3504 iste
2518 3447 2804 3517 scpulturze
2847 3441 3291 3500 consuetudinem
3337 3437 3546 3506 petiit,-

1958 3559 2120 3612 quam
2153 3550 2208 3596 et
2244 3541 2357 3610 ipse
2384 3540 2526 3593 circa
2557 3554 2614 3592 se
2644 3545 2805 3606 caput
2834 3534 3132 3589 electorum
3163 3529 3402 3583 omnium
3433 3541 3529 3583 voc

1957 3633 2056 3688 luit
2081 3630 2349 3686 exhiberi.
2379 3627 2518 3682 Dicit
2544 3627 2687 3680 enim
2717 3621 3039 3693 evangelista
3067 3617 3308 3673 Joannes
3333 3633 3345 3668 :
3371 3613 3532 3682 Quia,

1974 3743 1992 3776 ι
2023 3723 2221 3790 Joseph
2268 3729 2323 3775 et
2370 3718 2694 3773 Nicodemus
2722 3720 3050 3784 acceperunt
3073 3724 3266 3779 corpus
3295 3706 3452 3771 Jesu,
3478 3714 3541 3761 et

1957 3818 2256 3888 ligaverunt
2292 3813 2419 3867 illud
2449 3812 2628 3866 linteis
2657 3825 2780 3866 cum
2827 3805 3194 3867 aromatihus,
3237 3803 3377 3856 sicut
3417 3815 3534 3855 mos

1956 3907 2155 3964 Judmis
2183 3915 2266 3961 est
2293 3904 2524 3974 sepelire
2553 3900 2750 3969 (Joan.
2783 3914 2874 3952 xu
2899 3898 2940 3963 ).
2972 3916 2989 3948 ι
3024 3895 3175 3948 liunc
3202 3893 3296 3945 tibi
3324 3891 3534 3960 praeele-

1959 4012 2224 4052 cessoretn
2259 4005 2407 4049 tuum
2426 4034 2440 4056 ,
2472 3993 2554 4045 vir
2581 3988 3036 4048 eminentissime,
3065 3982 3218 4052 quasi
3250 3979 3526 4048 speculum

1959 4094 2167 4149 statue,
2194 4083 2531 4148 aliorumque
2559 4078 2656 4131 tibi
2685 4077 2776 4146 qui
2805 4074 3100 4145 pravitates
3130 4069 3406 4123 hominum
3437 4079 3535 4134 per

1961 4177 2192 4244 rigorem
2241 4170 2467 4238 justitize
2519 4170 2925 4234 represserunt,
2975 4157 3217 4226 exempla
3272 4167 3531 4224 propone.

1960 4266 2120 4335 Eripe
2161 4265 2227 4318 de
2265 4261 2622 4314 violentorum
2661 4253 2912 4308 manibus
2958 4250 3312 4308 innocentes;
3339 4258 3534 4335 super-

1959 4334 2152 4412 borum
2178 4393 2195 4418 ,
2219 4361 2274 4406 et
2295 4358 2484 4406 contra
2511 4353 2712 4400 statuta
2741 4341 3030 4396 viventium
3048 4378 3064 4402 ,
3095 4343 3307 4392 erectas
3329 4334 3519 4404 frange

360 4433 430 4490 Ut
461 4446 644 4492 autem
682 4440 892 4508 praafati
924 4444 1255 4498 marchionis
1297 4446 1462 4499 etiam
1493 4445 1655 4499 linem
1683 4445 1860 4501 brevi-
1885 4467 1937 4527 ι)
1964 4446 2226 4502 cervices.
2279 4439 2642 4510 Experiamur
2696 4444 2746 4491 le
2792 4430 3007 4502 τερτοὺί
3029 4428 3534 4527 ῼΡΓίξηίΡθηῊ-ξωη

285 4532 370 4578 ter
423 4529 887 4598 perstringamus;
938 4549 1061 4586 eum
1125 4536 1176 4588 in
1218 4544 1476 4589 extrema:
1531 4536 1858 4592 valetudinis

285 4613 544 4684 languore
577 4621 945 4684 decumberet,
976 4633 1028 4676 et
1057 4624 1218 4677 totius
1268 4626 1415 4693 regni
1447 4624 1625 4678 lumen
1650 4625 1858 4679 exstin-

285 4704 397 4772 gui,
423 4721 528 4760 non
576 4722 742 4776 parva
772 4709 1105 4764 diversorum
1157 4711 1407 4764 ordinum
1447 4711 1734 4765 multitudo
1763 4713 1858 4766 de-

284 4792 468 4860 ﬁeret;
503 4799 825 4854 venerabilis
871 4802 1088 4870 quidam
1144 4804 1311 4875 8'76
1361 4806 1667 4873 episcopus,
1700 4803 1853 4872 cujus

287 4900 372 4939 tne
399 4888 465 4939 ad
493 4904 725 4958 pnesens
751 4894 1073 4948 vocabulum
1109 4895 1266 4964 fugit,
1300 4898 1399 4950 hoc
1429 4898 1482 4950 in
1511 4897 1673 4966 ligno,
1707 4899 1851 4966 quod

288 4977 341 5029 in
372 4979 489 5049 igne
513 4990 639 5037 tunc
675 4986 919 5050 ardebat,
967 5003 1282 5056 expressum
1309 5004 1403 5057 per
1435 4991 1680 5059 quaedam
1714 4991 1857 5046 litte-

289 5085 466 5124 rarum
509 5076 735 5146 vestigia
781 5078 1155 5148 deprehendit.
1204 5081 1354 5151 Hugo
1400 5084 1642 5136 tnarchio
1699 5085 1859 5151 quin-

288 5165 542 5236 quaginta
578 5171 734 5226 annis
759 5171 908 5226 vixit.
964 5171 1204 5242 Cumque
1259 5173 1358 5228 hoc
1403 5175 1554 5243 quasi
1615 5173 1852 5228 faustum

1964 4535 2226 4590 irrideant
2252 4530 2612 4586 sacerdotem.
2661 4523 2980 4578 Nocentium
3027 4517 3281 4572 fruticum
3324 4513 3537 4567 radices

1960 4626 2126 4682 evelle
2145 4665 2158 4686 ,
2188 4631 2247 4677 ut
2276 4622 2544 4675 fructuosa
2571 4615 2829 4687 plantaria
2860 4612 3068 4683 possint
3092 4622 3276 4665 comas
3301 4606 3530 4674 erigere.

1961 4719 2051 4773 Sic
2078 4717 2246 4787 igitur
2272 4714 2327 4768 in
2358 4725 2489 4782 agro
2516 4709 2763 4771 Domini,
2791 4707 2881 4776 qui
2927 4705 3020 4757 tibi
3065 4701 3130 4754 ad
3173 4697 3531 4753 excolendum

1958 4811 2280 4868 commissus
2320 4815 2434 4870 est,
2477 4802 2749 4858 sarculum
2798 4795 3022 4867 legitimi
3061 4791 3263 4862 vigoris
3303 4802 3530 4847 exerce,

1963 4911 2021 4955 ut
2051 4910 2104 4954 et
2137 4897 2390 4966 supernis
2422 4895 2632 4949 horreis
2663 4897 2983 4961 proventum
3013 4879 3292 4938 centesimi
3323 4877 3532 4930 fructus

1964 4994 2196 5050 inferre,
2229 4998 2284 5043 et
2313 4989 2484 5057 dignm
2515 4980 2968 5039 remunerationis
3029 4988 3304 5030 nummum
3349 4970 3417 5024 ab
3461 4981 3530 5023 eo

1962 5083 2049 5152 qtti
2081 5093 2132 5136 te
2159 5078 2416 5134 conduxit
2453 5074 2709 5129 merearis
2737 5073 2998 5138 accipere.

2293 5169 2376 5225 Sit
2408 5183 2592 5222 nomen
2627 5163 2830 5218 Domini
2873 5159 3213 5214 benedictum.
