4136 5308
583 211 689 282 ιιι
714 202 733 231 ³

1042 221 1100 277 S.
1139 221 1344 278 PETRI
1383 223 1661 281 DAMAE]
1700 226 1850 282 OPP.
1888 226 2123 285 TOMUS
2158 226 2290 285 SEU
2330 230 2509 286 ΡΜῗὸ
2544 230 2627 286 ιιι.
2653 260 2719 272 --
2758 229 3120 289 OPUSCULA
3159 230 3386 287 VARIA.

3728 227 3849 287 831

1152 386 3815 422 Ἦ

583 481 948 558 ⁸⁷⁷⁸⁷⁸
1003 507 1775 616 OPUSC‘ULUM
1864 512 3055 639 QUINQUAGESIMUM
3154 455 3830 621 OCTAVUM.

1458 735 1562 796 DE
1605 734 1816 795 VEllA
1864 734 2343 798 FELICITATE
2387 734 2486 797 AC
2531 736 2959 798 SAPIENTIA

2003 921 2329 941 —-—

583 1058 1259 1139 Αισυιιεητῐιιμτ-ριιειιη
1274 1060 1582 1139 longissime
1617 1060 1760 1139 inter
1785 1076 1843 1116 se
1869 1063 2070 1139 distent
2114 1075 2329 1139 verauet
2356 1066 2535 1139 fucata
2574 1066 2808 1139 felicitas
2844 1068 3076 1124 ostendit
3114 1087 3127 1123 :
3159 1068 3399 1139 itemque
3443 1079 3700 1139 quantum
3729 1070 3851 1122 ᾔειν

655 1149 939 1208 manarum
963 1132 1311 1208 scientiarum
1338 1132 1605 1208 vanitates
1642 1134 1976 1208 abhorreant
2028 1135 2062 1188 ii
2090 1136 2190 1208 qui
2225 1136 2422 1208 divina;
2457 1136 2748 1206 Sapientia:
2787 1139 3071 1194 dulcedine
3101 1132 3409 1208 capiuntur.
3451 1132 3681 1196 Proinde
3714 1141 3835 1195 hor.

658 1214 802 1276 tatur
832 1203 981 1276 illum
1006 1201 1071 1255 ad
1097 1216 1254 1276 quem
1283 1201 1504 1264 scribit,
1547 1209 1607 1276 ut
1636 1202 1684 1254 si
1709 1203 1928 1276 omnino
1980 1201 2223 1274 profanis
2262 1205 2459 1262 litteris
2496 1201 2808 1276 divitiisque
2860 1218 2916 1262 et
2967 1201 3199 1273 caeteris,
3230 1225 3351 1276 qua:
3393 1209 3530 1264 falso
3573 1226 3602 1263 a
3632 1220 3835 1264 morta-

658 1274 799 1328 libus
837 1273 973 1350 bona
1017 1270 1371 1350 appellantur,
1406 1272 1652 1350 nuntium
1692 1270 2127 1350 remittere'non
2153 1284 2364 1350 potest;
2417 1276 2609 1331 saltem
2649 1270 2776 1345 illis,
2817 1287 3075 1348 tauquam
3113 1270 3326 1336 ancillis
3373 1289 3429 1335 et
3478 1279 3849 1350 pedissequis,

658 1351 845 1396 utatur
876 1343 943 1395 ad
981 1338 1164 1395 veram
1206 1340 1528 1409 sapientiam
1564 1338 1989 1412 felicitatemque
2024 1338 2443 1412 asseiwendam.

3126 1392 3131 1401 1

659 1478 1086 1537 Prudentissimo
1133 1477 1253 1531 viro
1301 1478 1588 1533 Bomrscto
1606 1517 1622 1543 ,
1662 1477 1880 1534 Penus
1914 1486 2168 1548 peccator
2197 1485 2241 1542 Α
2270 1479 2352 1535 las
2382 1495 2549 1546 meas,
2576 1496 2736 1552 pasce
2761 1481 3028 1538 dracones
3049 1484 3253 1539 meos?
3276 1483 3390 1539 Hoc
3425 1492 3608 1538 autem
3636 1483 3855 1541 idcirco.

584 1573 889 1630 monachus
907 1568 1276 1626 indissolubile
1312 1568 1575 1623 circulum
1618 1569 1920 1625 charitatis.

502 1668 549 1707 ί
657 1663 773 1718 Non
805 1662 1016 1733 ignoro,
1052 1658 1242 1723 frater,
1268 1659 1397 1728 quia
1419 1673 1543 1713 cum
1575 1671 1692 1712 mea
1733 1657 1961 1729 epistola
2001 1672 2167 1714 saecu-

500 1816 503 1821 λ
581 1751 778 1807 larium
812 1749 1061 1804 manibus
1094 1749 1345 1814 traditur,
1378 1764 1505 1803 mox
1528 1746 1848 1817 eloquentiae
1894 1748 2039 1802 nitor
2067 1763 2164 1802 cu-

508 1863 512 1867 τ
585 1844 726 1897 riuse
771 1839 1137 1911 perquiritur;
1187 1855 1357 1909 quam
1406 1854 1749 1911 consequens
1802 1840 1872 1895 sit
1927 1840 2162 1910 disposi-

509 1922 513 1927 ’
584 1937 743 1992 tionis
772 1935 926 1998 ordo,
962 1942 1227 1990 tractatur
1273 1952 1287 1988 :
1331 1942 1512 1988 utrum
1563 1935 1852 1990 rhetorica:
1888 1933 2164 1989 facultatis

580 2028 737 2082 color
784 2026 1019 2091 eluceat,
1046 2040 1112 2078 an
1168 2025 1468 2078 sententias
1509 2033 1829 2095 argumenta
1867 2024 2165 2079 dialectica:

584 2115 908 2173 subtilitatis
960 2113 1277 2178 iuvabant;
1321 2114 1581 2184 quaeritur
1633 2114 1797 2170 etiam
1849 2124 2029 2169 utrum
2075 2131 2166 2170 ca-

584 2205 864 2278 tltegorici,
887 2220 955 2260 an
981 2204 1160 2274 potius
1187 2203 1539 2275 hypothetici,
1568 2219 1689 2274 qua:
1715 2206 1989 2274 proposita
2013 2214 2160 2275 sunt,

522 2278 681 2389 ikper
720 2297 1070 2368 allegatioues
1112 2294 1457 2350 inevitabiles
1493 2304 1744 2350 astruant
1773 2296 2091 2368 syllogismi.

538 2374 593 2423 ἰ
1094 2384 1323 2443 CAPUT
1369 2385 1657 2444 PRIMUM.

584 2477 838 2543 Humana
881 2476 1181 2548 eloquentia
1215 2492 1373 2548 quam
1412 2478 1559 2546 parvi
1597 2478 1658 2547 ﬁt
1702 2496 1733 2532 a
1773 2478 1898 2533 viris
1939 2479 2158 2534 sanctis.

657 2568 763 2645 Sed
778 2569 892 2624 haec
908 2578 963 2623 et
977 2567 1284 2638 huiusmodi
1314 2567 1593 2638 pbalerata
1618 2567 1851 2624 ludibria
1876 2569 1913 2624 ii
1934 2568 2026 2640 qui
2053 2568 2162 2640 spi-

584 2658 693 2713 ritu
710 2657 801 2725 Dei
819 2657 1025 2722 vivunt,
1040 2666 1099 2712 ut
1113 2674 1302 2713 revera
1324 2657 1521 2713 frivola
1549 2667 1603 2715 et
1618 2676 1751 2715 vana
1771 2670 2158 2727 contemnunt;

587 2751 822 2816 ct,sicut
848 2749 1139 2820 Apostolus
1170 2750 1620 2811 ait,arhitrantur
1653 2765 1710 2807 ut
1740 2763 1976 2808 stercora
2011 2751 2161 2824 (Phi-

2263 1571 2517 1635 dixerim,
2535 1572 2905 1639 dilectissime,
2935 1583 2994 1630 ut
3020 1583 3076 1630 et
3113 1584 3175 1629 tu.
3196 1590 3391 1630 caveas
3418 1575 3839 1630 horridam-ser-

2262 1662 2444 1730 pentis
2492 1662 2773 1725 astutiam,
2802 1670 2857 1717 et
2891 1672 3079 1717 sancta
3110 1663 3399 1733 prudentia
3431 1671 3526 1717 tua
3573 1663 3716 1717 inter
3758 1664 3843 1716 fa-

2265 1746 2513 1803 tuitatem
2553 1757 2610 1804 et
2647 1748 2997 1808 calliditatem
3029 1750 3102 1805 sit
3127 1751 3303 1806 medie
3334 1758 3654 1820 temperata.
3688 1749 3844 1806 Unde

2263 1849 2318 1894 et
2343 1838 2575 1898 lacubus
2603 1858 2726 1898 cum
2764 1845 3133 1915 serpentinam
3164 1844 3478 1900 excluderet
3499 1846 3840 1915 sapientiam.

2262 1930 2488 1988 dicens:
2522 1950 2543 1984 ι
2579 1932 2694 1988 Non
2724 1943 2807 1989 est
2856 1935 2957 1989 ista
2993 1936 3256 2004 sapientia
3289 1935 3577 1990 desursum
3620 1935 3845 1989 descen-

2260 2024 2418 2089 dens,
2458 2026 2551 2082 sed
2589 2035 2838 2093 terrena,
2871 2028 3157 2094 animalis,
3196 2028 3460 2084 diabolica
3488 2028 3631 2099 (Jac.
3666 2030 3777 2097 ιιι);
3819 2049 3840 2081 ι

2260 2117 2422 2186 paulo
2476 2126 2600 2187 post
2652 2133 2815 2187 quam
2870 2120 3194 2189 sapientiam
3248 2120 3457 2176 habere
3505 2120 3801 2175 debeamus
3829 2160 3863 2183 ,.

2262 2207 2576 2278 subjungit;
2624 2228 2642 2261 σ
2682 2208 2813 2276 Quae
2839 2222 3043 2277 autem,
3074 2211 3279 2281 inquit,
3326 2212 3727 2267 desursumest
3756 2226 3849 2265 sas

2261 2294 2488 2366 pientia,
2508 2298 2743 2368 primum
2771 2299 2986 2368 quidem
3016 2299 3209 2370 pudica
3231 2308 3336 2364 est,
3359 2300 3554 2355 deinde
3578 2299 3804 2369 paciﬁca
3828 2342 3859 2366 ν

2262 2392 2505 2447 modesta
2524 2433 2540 2457 ,
2571 2394 2873 2459 suadibilis,
2904 2396 3063 2450 bonis
3086 2396 3466 2459 consentiens.
3498 2396 3653 2466 plena
3684 2396 3848 2453 mise-

2261 2483 2490 2538 ricordia
2515 2492 2572 2538 et
2593 2483 2860 2540 fructibus
2882 2485 3053 2549 bonis,
3075 2486 3326 2556 judicans
3364 2487 3481 2541 sine
3502 2486 3853 2550 simulatione

2262 2571 2477 2644 (Ibid.).
2513 2593 2532 2625 ι
2583 2573 2719 2628 Hinc
2756 2583 2810 2628 et
2850 2573 3047 2629 Paulus
3084 2575 3162 2630 ait
3193 2590 3223 2630 ι,
3252 2594 3270 2626 ι
3309 2574 3425 2631 Νοιι
3474 2576 3592 2645 plus
3633 2591 3859 2643 sapere,

2260 2675 2422 2730 quam
2446 2668 2657 2729 oportet
2671 2674 2878 2729 sapere.
2896 2662 2988 2715 sed
3002 2676 3193 2730 sapere
3216 2663 3281 2716 ad
3303 2662 3648 2717 sobrietatem
3667 2661 3845 2733 (Rom.

2259 2750 2438 2820 xvttt).
2465 2769 2481 2801 ι
2514 2750 2590 2803 De
2620 2750 2972 2806 immoderata
3004 2753 3199 2821 quippe
3227 2753 3488 2822 sapientia
3525 2768 3621 2822 per
3649 2752 3857 2807 Isaiam.

585 2840 678 2911 [ὁρ.
709 2840 811 2911 ιιι).
843 2839 944 2907 Qui
966 2842 1130 2895 etiam
1172 2840 1407 2894 locutum
1441 2857 1498 2895 se
1528 2857 1647 2897 esse
1683 2844 1959 2914 discipulis
1990 2845 2167 2914 perhi-
2200 2842 2241 2900 Β
2270 2842 2467 2896 dicitur
2494 2860 2506 2894 :
2546 2859 2564 2893 ι
2608 2840 2815 2896 Pet-ibit
2853 2844 3116 2914 sapientia
3155 2860 3185 2897 ιι
3217 2845 3553 2913 sapientibus
3586 2845 3702 2914 ejus
3726 2887 3740 2909 ,
3788 2855 3849 2900 et

585 2932 697 2998 bet,
724 2948 827 2986 non
851 2932 1098 2987 humana:
1119 2933 1399 3003 sapientiae
1432 2932 1628 2997 verbis,
1654 2946 1710 2988 ut
1738 2951 1843 2989 non
1871 2946 2165 2991 evacuetur

587 3040 719 3077 crux
761 3023 962 3079 Christi
1020 3024 1073 3096 (Ι
1103 3024 1227 3079 Cor.
1283 3027 1345 3095 ι).
1378 3024 1445 3080 Et
1498 3042 1658 3095 quam
1703 3028 1950 3097 pulchra,
2001 3043 2163 3098 quam

588 3116 755 3182 utilis,
777 3132 939 3186 quam
991 3117 1218 3172 honesta
1269 3117 1508 3181 locutio,
1556 3135 1677 3188 qua:
1717 3121 1842 3174 dum
1887 3131 2164 3177 auctorem

588 3226 744 3265 suum
800 3219 960 3264 vento
1002 3225 1156 3265 vana:
1202 3210 1390 3280 gloria:
1421 3227 1516 3280 per
1565 3214 1936 3281 arrogantiam
1977 3214 2165 3281 inﬂat,

589 3315 806 3356 crucem
831 3300 1062 3363 Christi,
1100 3315 1220 3369 quae
1250 3311 1336 3355 est
1371 3302 1557 3356 mundi
1588 3303 1756 3367 salus,
1788 3315 2037 3359 evacuat.
2086 3306 2165 3361 'l‘u

591 3391 794 3460 itaque,
823 3391 1193 3452 dilectissime.
1223 3392 1276 3445 iu
1317 3394 1517 3448 nostris
1544 3392 1742 3450 litteris
1784 3394 1893 3450 noli
1925 3396 2167 3465 prurien-

593 3490 699 3534 tem
729 3480 997 3535 mordacis
1020 3480 1217 3550 eloquii
1252 3496 1472 3550 sperare
1494 3482 1846 3554 salsuginem,
1873 3484 1981 3539 noli
2005 3501 2175 3539 accu-

594 3582 727 3627 rate
777 3570 1103 3628 urbanitatis
1161 3586 1403 3643 quievere
1453 3583 1824 3638 venustatem;
1861 3574 2020 3631 ovina
2070 3574 2164 3629 tibi

592 3663 913 3731 simplicitas
946 3664 1195 3734 placeat,
1248 3681 1370 3736 qua:
1403 3667 1470 3721 ad
1512 3668 1677 3722 Deum
1728 3676 2015 3737 provomit;
2058 3680 2164 3718 non

593 3753 900 3822 Serpentine
936 3753 1228 3818 calliditas,
1276 3771 1398 3825 qua:
1444 3756 1672 3812 letbales
1721 3758 1870 3811 virus
1915 3755 2162 3810 instillat.

597 3864 615 3897 ι
658 3844 806 3908 Erat,
840 3846 1036 3915 inquit,
1065 3846 1368 3917 Scriptura,
1400 3864 1624 3918 serpens
1665 3850 1912 3905 callidior
1954 3849 2166 3904 cunctis

594 3934 955 3988 animantibus
1001 3945 1163 3991 terra:
1219 3934 1371 4005 (Cen.
1421 3936 1528 4009 ιιι).
1566 3957 1587 3991 ι
1621 3936 1756 3992 Nam
1796 3947 1853 3994 et
1884 3937 2161 4002 Dominus,

593 4025 683 4094 qui
714 4026 858 4080 inter
886 4042 1070 4082 semen
1121 4027 1366 4083 mulieris
1396 4037 1561 4099 atque
1607 4028 1907 4099 serpentis,
1938 4028 2164 4084 infinde-

594 4114 791 4170 rabiles
840 4115 1153 4172 inimicitias
1200 4119 1416 4186 posuit,
1479 4135 1586 4175 non
1641 4121 2015 4189 serpentium,
2069 4120 2163 4175 sed

2270 2932 2574 2988 intellectus
2623 2934 2965 3001 prudentium
3011 2933 3129 3002 ejus
3162 2934 3549 2989 abscondetnr.
3600 2937 3687 2990 Va:
3748 2937 3849 3003 qui

2267 3022 2514 3091 profundi
2554 3022 2685 3077 estis
2709 3024 2892 3083 corde,
2924 3030 2979 3075 ut
3021 3038 3048 3074 a
3077 3022 3305 3076 Domino
3333 3023 3682 3077 abscondatis
3710 3038 3842 3077 con-

2267 3112 2469 3176 silitnu,
2491 3128 2721 3182 quorum
2750 3122 2876 3167 sunt
2906 3112 2958 3167 itt
3010 3113 3251 3167 tenebris
3297 3128 3459 3182 opera
3478 3155 3493 3177 .
3520 3125 3575 3169 et
3617 3115 3800 3168 dicunt
3827 3133 3843 3168 ξ

2268 3205 2399 3272 Quis
2428 3204 2571 3259 videt
2606 3198 2753 3259 'nos?
2790 3216 2845 3259 et
2881 3205 3003 3274 quis
3050 3204 3205 3258 novit
3241 3205 3374 3259 uos?
3411 3226 3429 3255 ι
3478 3205 3611 3276 (lsa.
3664 3207 3844 3275 xxix.)

2269 3295 2371 3351 Per
2396 3294 2642 3349 eumdem
2673 3308 2887 3364 quoque
2921 3294 3237 3362 prophetam
3285 3294 3408 3350 talis
3436 3296 3699 3364 sapientia
3744 3296 3841 3350 de-

2268 3386 2476 3441 ridetur
2522 3403 2593 3438 ς(
2647 3384 2746 3441 Ubi
2788 3393 2901 3448 est,
2953 3384 3165 3452 inquit,
3218 3384 3526 3437 litteratus?
3570 3387 3657 3438 ubi
3711 3386 3846 3455 legis

2267 3478 2429 3533 verba
2474 3475 2810 3546 pendemus?
2869 3474 2965 3529 Ubi
3012 3475 3202 3529 doctor
3252 3475 3632 3544 parvulorum?
3675 3493 3855 3548 popu-

2265 3566 2376 3620 lum
2417 3566 2802 3635 imprudentem
2843 3580 2949 3617 non
2994 3564 3220 3628 videbis,
3245 3563 3414 3636 879
3462 3564 3717 3634 pupulum
3750 3567 3859 3621 alti

2267 3655 2565 3721 sermonis;
2610 3654 2681 3707 ita
2729 3663 2786 3707 ut
2833 3669 2934 3707 non
2968 3655 3142 3724 possis
3187 3655 3485 3726 intelligere
3512 3655 3843 3711 disertitudi-

2267 3762 2390 3802 nem
2427 3746 2618 3816 lingua:
2646 3744 2796 3815 ejus,
2850 3745 2902 3799 in
2948 3760 3055 3815 quo
3091 3745 3234 3800 nulla
3262 3754 3348 3801 est
3384 3746 3643 3816 sapientia
3686 3745 3853 3816 (lsa-

2266 3838 2481 3910 xxxttl).
2512 3856 2533 3890 ι
2774 3900 2787 3909 .

2875 3928 3099 3985 CAPUT
3155 3928 3229 3984 ll.

2267 4036 2562 4091 Discrimen
2593 4038 2729 4089 inter
2766 4034 3073 4103 sapientiam
3111 4030 3438 4102 spiritualem
3474 4040 3523 4085 et
3556 4040 3845 4084 terrenam-

2338 4126 2478 4193 Quid
2510 4137 2689 4179 autem
2730 4125 2895 4179 distet
2945 4125 3089 4177 inter
3135 4120 3468 4190 spiritualem
3514 4119 3832 4195 sapientiam

594 4216 862 4274 Itast-“"01"
902 4222 963 4261 δε
1008 4222 1130 4262 esse
1179 4209 1362 4262 OVium
1422 4210 1719 4265 ηοηιὶηεινίι
1741 4248 1756 4272 ο
1801 4218 1859 4263 ει
1907 4225 2013 4264 non
2043 4209 2120 4265 ait
2148 4226 2167 4263 ἑ
2193 4212 2237 4272 C
2272 4227 2647 4285 terrenamque
2681 4215 3038 4284 prudentiam,
3067 4212 3194 4266 alibi
3226 4212 3486 4268 discernit
3513 4226 3636 4265 cum
3667 4209 3832 4263 dicit:

595 4297 885 4368 Serpentes
933 4300 1081 4365 mei;
1134 4302 1229 4355 sed
1284 4318 1303 4351 ι
1339 4316 1512 4365 oves,
1567 4302 1763 4371 inquit,
1798 4317 1933 4357 meas
1980 4317 2166 4358 vocem

595 4404 768 4442 meam
794 4388 1050 4454 audiunt;
1080 4399 1135 4444 et
1162 4405 1261 4459 ego
1305 4405 1543 4460 agnosco
1570 4408 1689 4458 eas,
1718 4403 1775 4448 et
1799 4394 1968 4447 vitam
2007 4402 2166 4448 arter-

595 4491 721 4529 nam
762 4476 831 4531 do
867 4477 949 4532 eis
994 4477 1174 4548 (Joan.
1228 4480 1363 4550 xvi).
1396 4500 1416 4533 ι
1453 4480 1623 4537 Porro
1659 4483 1932 4553 sapientes
1983 4484 2163 4539 saeculi

593 4566 974 4637 despicabilem
1015 4568 1255 4624 iudicant
1297 4571 1690 4641 simplicitatem
1722 4588 2005 4629 servorqu
2047 4574 2165 4629 Dei.

595 4659 732 4714 lliuc
760 4668 863 4726 est,
901 4661 1049 4732 quod
1072 4660 1284 4732 Moyses
1314 4662 1483 4717 dicit:
1524 4680 1543 4714 ι
1570 4662 1827 4719 lllicitum
1871 4673 1956 4720 est
1999 4663 2166 4737 Egy-

594 4752 722 4821 ptiis
763 4754 1046 4810 comedere
1073 4770 1197 4811 eum
1239 4756 1503 4821 Hebraeis,
1539 4768 1598 4812 et
1642 4756 1926 4827 profanum
1976 4766 2168 4828 putant

597 4846 897 4914 hujusmodi
927 4849 1234 4904 convivium
1267 4847 1420 4921 (Gen.
1460 4849 1593 4920 xm).
1623 4869 1640 4902 ι
1667 4850 1776 4905 Cur
1799 4859 1982 4906 autem
2026 4850 2165 4905 hoc?

597 4936 843 4994 Declarat
891 4939 1020 4993 alibi
1047 4979 1063 5001 .
1109 4955 1232 4995 cum
1269 4941 1348 4995 ait
1392 4958 1405 4995 :
1457 4957 1477 4993 ‹
1521 4941 1904 5005 Detestantur,
1954 4939 2166 5008 inquit,

596 5026 836 5097 Egyptii
865 5044 1057 5085 omnes
1084 5041 1330 5099 pastores
1358 5031 1538 5085 ovium
1577 5028 1730 5102 (Gen.
1762 5031 1931 5099 xm).
1969 5049 1985 5080 ι
2015 5031 2167 5085 Sicut

598 5116 743 5166 enim
768 5112 979 5169 Veritas
1004 5118 1159 5170 dicit:
1189 5134 1208 5168 ι
1244 5118 1367 5172 Filii
1400 5117 1557 5187 hujus
1580 5118 1761 5173 saeculi
1791 5117 2167 5185 prudentiores

540 5230 561 5308 ἱ
602 5201 729 5308 llliis
772 5200 906 5256 lucis
945 5203 999 5305 in
1032 5206 1380 5308 generatione
1409 5221 1505 5261 sua
1536 5215 1663 5262 sunt
1707 5205 1858 5275 (Luc.
1887 5204 2021 5272 xw).
2053 5224 2074 5256 ι
2099 5204 2166 5259 Et

2274 4325 2294 4359 ι
2329 4305 2462 4373 Quia
2490 4322 2598 4359 non
2627 4304 2874 4375 cognovit
2913 4302 3144 4359 mundus
3175 4317 3269 4371 per
3296 4302 3616 4370 sapientiam
3646 4300 3830 4361 Deum,

2266 4395 2466 4467 placuit
2492 4395 2605 4450 Deo
2625 4409 2721 4463 per
2740 4391 3019 4449 stultitiam
3046 4392 3444 4463 praedicationis
3462 4391 3639 4447 salvos
3659 4389 3843 4444 facere

2266 4487 2544 4542 credentes
2571 4484 2621 4556 (I
2653 4482 2775 4538 Cor.
2803 4485 2874 4553 t);
2906 4502 2925 4536 ι
2958 4494 3015 4537 et
3044 4483 3277 4538 iterum:
3314 4501 3333 4534 ι
3365 4481 3648 4536 Prudentia
3679 4478 3842 4546 hujus

2264 4575 2453 4631 mundi
2481 4574 2700 4631 inimica
2727 4583 2808 4628 est
2840 4573 2948 4628 Deo
2983 4590 2995 4626 :
3040 4571 3143 4642 legi
3177 4572 3322 4625 enim
3352 4569 3447 4624 Dei
3480 4584 3584 4625 non
3617 4568 3834 4637 subjici-

2267 4676 2384 4729 tur;
2413 4681 2512 4720 nec
2537 4667 2683 4719 enim
2708 4672 2882 4734 potest
2913 4662 3085 4733 (Rom.
3116 4662 3253 4732 vut).
3292 4682 3309 4713 ι
3346 4660 3484 4716 Hinc
3529 4669 3612 4715 est
3653 4658 3841 4729 quod,

2267 4756 2409 4811 sicut
2436 4756 2487 4809 in
2518 4756 2658 4809 libro
2695 4754 2921 4808 Genesis
2967 4752 3183 4815 dicitur,
3234 4751 3473 4821 quinque
3522 4763 3693 4818 reges,
3741 4747 3841 4815 qui.

2266 4847 2489 4901 subesse
2524 4846 2812 4900 noluerunt
2850 4844 3326 4915 Cltodorlahomor,
3371 4860 3400 4897 a
3431 4851 3665 4913 quatuor
3697 4841 3841 4911 regi-

2267 4938 2367 4993 btts
2413 4936 2655 5005 superati
2683 4946 2808 4990 sunt
2860 4934 3012 5006 (Gen.
3061 4936 3194 5007 xw).
3231 4937 3294 4990 Et
3325 4938 3453 4991 ubi?
3481 4939 3531 4991 iu
3564 4936 3701 4991 valle
3728 4935 3830 4990 Sil-

2268 5028 2457 5091 vestri,
2504 5043 2626 5097 qua:
2666 5042 2809 5081 nunc
2857 5037 2939 5082 est
2989 5043 3139 5081 mare
3175 5027 3337 5081 Salis.
3370 5027 3483 5094 Qui.
3514 5035 3644 5080 sunt
3687 5024 3840 5099 enim.
3880 5086 3885 5099 η

2266 5127 2499 5186 quatuor
2546 5131 2722 5186 reges,
2746 5115 2849 5169 nisi
2877 5124 3106 5184 quatuor
3135 5115 3372 5170 virtutcs-
3395 5130 3529 5184 quas
3555 5113 3827 5182 Scriptura
3874 5118 3885 5187 ξ

2266 5224 2421 5264 sacra
2466 5208 2710 5263 nominat
2737 5207 3098 5277 principales?
3127 5206 3263 5274 Quid
3305 5220 3435 5260 vero
3462 5220 3557 5276 per
3592 5205 3829 5274 quinque
