4078 6336
346 289 464 345 €53

996 289 1244 346 OP'USC.
1279 289 1462 345 LVIII.
1499 321 1566 332 τ-
1591 291 1677 346 DE
1721 289 1900 346 VEIH
1945 289 2344 346 FELICITATE
2385 290 2467 344 ET
2515 272 2918 348 SAPIENTIA.‘

3505 295 3609 350 ετι

359 401 452 454 tia:
480 397 736 461 vanitate,
770 396 910 452 velut
943 399 993 453 in
1017 400 1260 455 convalle
1301 400 1610 472 salsuginis,
1645 401 1936 455 immoran-
1965 404 2011 463 Α
2037 403 2131 456 sed
2158 401 2436 456 devoravit
2458 402 2605 472 virga
2628 403 2809 457 Aaron
2838 403 3017 472 virgas
3031 418 3216 458 eorum
3241 404 3561 477 (Exodwn).
3590 428 3606 458 ι

363 502 472 554 tur,
499 490 678 559 ibique
708 504 736 542 a
767 489 879 543 suis
916 489 1159 545 hostibus
1186 501 1311 544 sunt
1350 491 1642 558 prostrati;
1691 490 1818 559 quia
1849 491 1932 545 di-

351 595 524 650 gnum
568 587 670 644 est,
709 587 768 632 ιιι
816 578 867 632 in
903 579 1081 633 anima
1111 580 1289 633 omnis
1337 579 1635 648 spiritualis
1675 580 1935 648 sapientia

357 671 560 734 vincat,
595 677 648 724 et
678 667 913 723 carnalis
936 669 1235 738 prudentia:
1263 668 1532 722 calliditas
1561 678 1764 738 pereat.
1798 669 1935 723 Hinc

355 770 416 818 et
467 762 534 817 de
564 760 732 816 David
759 760 955 828 legitur
983 777 995 813 :
1026 759 1161 826 Quia
1195 779 1213 810 ι
1251 758 1379 815 fecit
1419 760 1520 814 sibi
1571 776 1762 814 nomen
1813 775 1933 814 cum

355 862 722 910 reverteretur
759 861 914 920 capta
944 850 1122 919 Syria,
1158 851 1210 904 in
1257 851 1395 904 valle
1425 852 1742 915 salinarum,
1781 852 1935 905 cmsis

359 943 639 1000 duodecim
671 941 905 996 millibus
934 939 1015 1009 (Il
1052 940 1174 1008 Reg.
1208 943 1350 1010 vin).
1383 960 1400 990 ι
1436 939 1610 994 Verus
1639 942 1784 994 enim
1831 941 1935 995 Da-

351 1037 448 1092 (γιά
477 1034 742 1097 Christus,
778 1033 934 1087 fortis
961 1032 1166 1086 scilicet
1194 1032 1399 1086 viribus
1429 1040 1484 1085 et
1510 1031 1732 1100 pulcher
1775 1046 1934 1100 aspe-

359 1137 472 1188 ctu.
518 1127 569 1180 in
605 1125 746 1180 valle
786 1124 1080 1177 salinarum
1127 1123 1408 1178 duodecim
1451 1121 1613 1175 millia
1657 1122 1931 1176 hominum

357 1216 572 1280 stravit,
593 1215 723 1284 quia
755 1229 852 1282 per
893 1212 1166 1280 apostolos
1191 1227 1322 1264 suos
1351 1212 1418 1264 de
1461 1211 1624 1273 salsa,
1651 1211 1764 1264 itno
1794 1210 1932 1264 falsa

358 1307 518 1375 hujus
545 1303 724 1359 nmudi
755 1301 1016 1372 sapientia
1063 1301 1434 1368 triumphavit.
1483 1300 1582 1366 Qui
1625 1300 1768 1353 enim
1800 1300 1934 1354 duo-

347 1395 530 1452 .dccitn
557 1391 859 1463 Spiritualis
887 1391 1055 1460 praelii
1089 1390 1382 1444 bellatores
1422 1390 1630 1453 habuit,
1661 1389 1814 1458 quasi
1848 1398 1931 1444 to-

358 1484 521 1538 tidem
571 1497 668 1551 per
723 1496 818 1535 eos
870 1480 1148 1534 hominum
1199 1479 1364 1534 millia
1419 1480 1746 1544 trucidavit,
1803 1480 1930 1534 dum

358 1574 521 1627 stulte
548 1572 821 1641 sapientes
842 1587 870 1623 a
903 1570 1108 1626 frivola:
1131 1571 1409 1640 sapientia:
1433 1571 1668 1624 vanitate
1707 1585 1932 1624 conver-

351 1664 440 1718 tit.
474 1661 712 1729 Quorum
744 1661 993 1716 videlicet
1018 1660 1336 1716 bellatorum
1367 1677 1508 1716 unus
1530 1662 1594 1715 ad
1619 1661 1931 1717 Corinthios

2037 495 2203 566 Virga
2231 495 2430 565 quippe
2461 496 2641 549 Aaron
2687 495 3051 550 maleﬁcornui
3083 498 3262 566 virgas
3289 498 3604 561 absorbuit;

2034 585 2161 655 quia
2208 585 2469 654 sapientia
2517 585 2738 651 Christi,
2789 601 2950 654 quam
2997 587 3086 640 illa
3140 589 3424 658 signabat,
3488 606 3609 644 om~

2034 691 2131 730 nes
2175 674 2334 744 hujus
2365 675 2552 730 mundi
2601 676 2897 745 sapientius
2947 676 3274 744 annullavit,
3319 679 3612 748 mundique

2034 765 2304 833 sapientes
2330 765 2412 818 sui
2440 764 2708 834 corporis,
2737 765 2878 833 quod
2905 775 2987 819 est
3015 765 3276 832 Ecclesia,
3309 769 3610 824 visceribus

2034 855 2292 908 counivit.
2318 855 2623 909 Absurdum
2666 864 2924 924 prteterea
2978 865 3064 910 est
3105 866 3160 911 et
3210 859 3342 913 satis
3391 860 3617 916 inhone-

2013 952 2199 1007 .stum,
2230 953 2290 998 ut
2317 945 2503 998 eadem
2527 945 2809 1014 prudentia
2832 945 3132 1016 eademque
3162 949 3429 1003 subtilitas
3452 951 3614 1006 rebus

2033 1033 2353 1087 adhibeatur
2415 1035 2664 1090 humanis
2722 1051 2843 1106 quae
2884 1037 3252 1105 spiritualihus
3283 1041 3614 1110 impenditur

2031 1130 2087 1176 et
2133 1122 2345 1178 divinis.
2401 1123 2541 1178 Hinc
2586 1133 2706 1190 est,
2763 1127 2908 1194 quod
2958 1125 3123 1196 Moysi
3173 1127 3430 1184 Dominus
3477 1131 3554 1186 ait
3596 1149 3610 1185 :

2038 1229 2057 1262 ι
2096 1209 2260 1266 Smne
2289 1212 2382 1264 tibi
2406 1224 2670 1278 aromata,
2727 1223 2936 1268 stacten
2968 1224 3022 1268 et
3051 1216 3292 1287 onycha,
3325 1219 3614 1288 galbanum

2032 1302 2156 1356 boni
2189 1303 2390 1366 odoris,
2427 1312 2483 1358 et
2537 1305 2660 1366 ιΙυιε
2706 1305 3124 1370 lucidissimum,
3177 1307 3451 1378 faciesque
3495 1310 3617 1382 thy-

2033 1393 2232 1446 miama
2298 1395 2658 1464 compositum
2724 1411 2888 1466 opere
2951 1401 3339 1468 unguentarii,
3398 1403 3619 1463 mislum

2032 1480 2317 1550 diligenter
2361 1492 2415 1535 et
2483 1500 2676 1552 purum
2745 1483 2962 1555 (Exod.
3010 1490 3180 1557 xxx).
3235 1509 3252 1542 ι
3299 1488 3616 1562 Tliymiama

2033 1572 2230 1640 quippe
2259 1588 2323 1624 ex
2353 1575 2687 1628 arematihns
2717 1578 3076 1646 compositum
3113 1578 3371 1647 facimus,
3410 1597 3530 1636 cum
3560 1584 3614 1638 in

2033 1661 2186 1715 altari
2219 1663 2341 1716 boni
2369 1665 2550 1732 operis
2580 1665 2835 1719 virtutum
2864 1667 3263 1737 multipiicitate
3292 1673 3617 1729 redolemus.

358 1755 526 1809 dicit:
563 1773 581 1806 ι
625 1753 680 1808 lu
730 1768 893 1807 carne
917 1753 1058 1806 enim
1099 1752 1462 1817 ambulantes,
1493 1767 1596 1807 non
1636 1755 1930 1807 secundum
1965 1742 2007 1799 Β
2035 1752 2188 1819 Quod
2217 1755 2434 1808 mistutn
2461 1764 2520 1810 et
2545 1771 2737 1824 purum
2765 1757 2850 1823 ﬁt;
2897 1760 3025 1828 quia
3068 1769 3272 1829 quanto
3302 1752 3476 1817 virtus
3505 1765 3618 1818 vir-

356 1860 575 1901 carnem
617 1844 914 1898 militamus
946 1861 958 1898 :
985 1858 1118 1896 nam
1169 1858 1320 1896 arma
1351 1842 1555 1897 militia:
1591 1853 1789 1897 nostra:
1822 1859 1928 1897 non

357 1938 592 1993 carnalia
623 1945 767 2001 sunt,
799 1935 892 1990 sed
943 1935 1184 2005 potentia
1216 1935 1347 1999 Deo,
1388 1935 1455 1988 ad
1499 1933 1930 1989 destructionem

357 2028 733 2089 munitionum,
767 2025 991 2080 consilia
1025 2025 1271 2093 corporis
1317 2025 1683 2089 destruentes,
1716 2033 1772 2078 et
1809 2039 1930 2077 om-

343 2135 478 2173 .nem
511 2118 848 2172 altitudinem
883 2117 1230 2172 extollentem
1259 2130 1318 2170 se
1349 2115 1606 2170 adversus
1649 2115 1929 2170 scientiam

354 2211 471 2275 Dei,
487 2219 542 2264 et
562 2210 612 2264 in
637 2208 1004 2278 captivitatem
1027 2207 1332 2276 redigentes
1355 2220 1570 2260 omnem
1603 2205 1927 2260 intellectum

343 2302 408 2356 .in
437 2301 755 2371 obsequium
785 2300 986 2356 Christi
1017 2299 1100 2369 (II
1126 2299 1249 2354 Cor.
1292 2298 1368 2367 x).
1410 2317 1429 2351 ι

943 2391 1169 2448 CAPUT
1237 2391 1322 2445 ΙΙΙ.

343 2482 641 2552 Sapientia:
687 2482 947 2546 caelestis,
1003 2492 1051 2536 et
1099 2492 1315 2534 terrente
1355 2479 1648 2549 prudentie
1692 2479 1924 2547 effectus.

445 2575 611 2630 Porro
657 2583 836 2628 autem
877 2575 1017 2628 sicut
1066 2572 1309 2627 caelestis
1359 2570 1624 2639 sapientia
1677 2569 1930 2625 cmlestes

341 2664 481 2718 .facit
511 2672 564 2717 et
585 2663 854 2733 legitimos
879 2661 1130 2716 Ecclesiae
1155 2660 1324 2725 illius;
1355 2659 1426 2713 ita
1456 2667 1668 2712 terrena
1697 2658 1930 2728 pruden-

349 2752 429 2806 tia
459 2761 701 2805 terrenos
729 2751 902 2803 reddit
923 2757 978 2802 et
999 2749 1230 2818 spurios.
1260 2747 1332 2800 De
1362 2746 1558 2815 quibus
1589 2759 1684 2813 per
1706 2743 1917 2797 Baruclt

341 2845 586 2900 dicitur:
623 2861 642 2894 ι
676 2841 798 2895 Filii
828 2856 1040 2911 quoque
1064 2843 1225 2909 Agar,
1262 2838 1356 2906 qui
1397 2837 1773 2905 exquisicrunt
1798 2850 1925 2902 pru-

341 2937 592 2992 ~dentiam
646 2950 766 3005 qua:
792 2935 857 2988 de
890 2943 1028 2987 terra
1057 2941 1166 2995 est,
1215 2929 1584 2998 negotiatores
1630 2936 1825 2989 terrm,
1873 2933 1928 2979 ct

353 3028 619 3092 Tlieman,
647 3036 702 3080 et
736 3025 1082 3088 fabulatores,
1115 3031 1172 3075 et
1215 3019 1577 3088 exquisitores
1609 3017 1926 3085 prudentiae,

353 3119 496 3171 viam
526 3116 803 3185 Sapientia:
837 3113 1168 3173 nescierunt,
1213 3123 1390 3177 neque
1433 3107 1798 3162 meminerunt
1840 3121 1928 3159 se-

353 3208 606 3260 mitarum
633 3205 750 3274 ejus
782 3202 1035 3271 (Bnruch.
1086 3201 1192 3268 ιιι).
1232 3218 1251 3252 ι
1285 3195 1608 3252 Smcularem
1640 3209 1769 3263 ergo
1808 3209 1932 3262 pru-

342 3299 591 3352 dentiam
621 3295 840 3364 assequi
897 3293 1177 3361 cupientes
1235 3299 1290 3343 et
1338 3286 1676 3358 spiritualem
1721 3285 1931 3354 sapien-

349 3391 486 3444 vtiani
532 3394 966 3448 contemnentes,
1000 3383 1092 3437 lilii
1125 3390 1251 3436 sunt
1304 3381 1468 3450 Agar,
1511 3393 1618 3432 non
1649 3376 1834 3441 Sam;
1877 3387 1932 3430 et

357 3479 824 3550 manzeressso
855 3476 978 3531 facti
1021 3473 1304 3529 lsmaelitze
1329 3472 1450 3544 jure
1495 3470 1752 3526 censendi
1805 3476 1933 3524 sunt

345 3591 461 3631 .non
491 3574 762 3628 Israelitze.
799 3572 864 3625 Et
889 3571 1140 3640 quoniam
1173 3568 1338 3638 Agar,
1368 3566 1575 3619 advena
1603 3564 1929 3631 interpreta-

343 3675 466 3728 tur,
491 3665 526 3718 ii
562 3678 664 3717 non
689 3670 815 3716 sunt
851 3659 1127 3730 sapientia:
1165 3658 1278 3721 lilii,
1313 3656 1406 3712 sed
1430 3655 1671 3718 advenae,
1702 3663 1752 3708 et
1778 3667 1933 3722 pere-

355 3758 512 3828 grini.
542 3753 649 3809 Nec
677 3769 743 3806 ex
793 3752 900 3806 illis
951 3759 1095 3813 sunt,
1127 3748 1322 3818 quibus
1363 3748 1542 3800 aiebat
1591 3745 1881 3814 Apostolus
1913 3760 1927 3795 :

349 3865 379 3899 «ι
416 3845 530 3900 Jam
563 3861 666 3898 nou
695 3843 827 3896 estis
865 3841 1106 3910 hospites
1149 3847 1202 3893 et
1229 3841 1469 3902 advenas,
1502 3836 1597 3890 sed
1619 3837 1750 3890 estis
1783 3837 1930 3888 cives

341 3943 685 3992 asanctorum.
716 3942 772 3987 et
791 3929 1071 3985 domestici
1097 3927 1186 3982 Dei
1213 3926 1425 3996 (Eplies.
1455 3928 1539 3991 ιι).
1571 3942 1589 3975 ι
1623 3921 1704 3978 Tn
1729 3932 1928 3986 autem,

356 4023 728 4084 dilectissime,
765 4029 822 4073 ut
854 4017 1094 4089 ejusdem
1145 4025 1198 4070 te
1258 4015 1533 4084 prapltetaa
1589 4011 1932 4067 sermonibus

344 4117 620 4184 .alloquar,
641 4115 787 4169 disce
826 4112 917 4167 ubi
947 4111 1018 4166 sit
1061 4107 1365 4178 prudentia.
1402 4106 1527 4160 Haec
1553 4105 1698 4159 enim
1737 4103 1789 4156 in
1821 4102 1931 4157 Deo

347 4221 482 4267 sunt
511 4208 877 4265 essentialiler
905 4206 1218 4266 constituta,
1245 4213 1407 4272 atque
1434 4201 1503 4256 ab
1526 4217 1592 4256 eo
1636 4209 1763 4255 sunt
1801 4214 1932 4270 pro-

354 4303 443 4358 cul
473 4302 634 4356 dubio
682 4297 1021 4369 requirenda.
1061 4294 1166 4351 Sed
1214 4294 1341 4363 quia
1393 4292 1532 4348 tuin
1579 4289 1776 4346 saeculo
1816 4306 1926 4344 non

349 4395 523 4449 imum
552 4392 765 4448 obtines
791 4390 986 4449 locum,
1019 4403 1116 4443 nec
1145 4397 1299 4459 potes
1321 4400 1552 4457 prorsus
1581 4384 1840 4454 effugere,
1875 4391 1932 4438 ιιι

344 4494 451 4541 aut
479 4481 754 4539 saecularis
783 4480 980 4550 eloquii
1013 4495 1136 4534 cum
1180 4477 1608 4547 colloquentibus
1637 4478 1799 4531 verba
1827 4490 1931 4531 non

351 4576 626 4641 conferas,
673 4585 766 4629 aut
816 4573 1104 4642 aliquando
1144 4572 1209 4626 de
1253 4570 1588 4624 litteratoria:
1636 4567 1934 4638 disciplina:

348 4669 551 4724 studiis
599 4665 800 4735 aliquid
845 4680 949 4718 non
1006 4663 1258 4732 attingas,
1315 4662 1417 4716 hac
1465 4661 1560 4714 tibi
1604 4659 1933 4714 discretione

358 4759 616 4812 utendum
671 4767 784 4820 est;
836 4761 895 4807 ut
937 4752 993 4806 in
1045 4751 1395 4805 smcnlaribus
1439 4750 1656 4819 quidem
1711 4760 1760 4802 te
1792 4748 1937 4801 velut

350 4848 606 4902 hebetem
637 4845 850 4906 reddas,
881 4843 932 4896 in
958 4841 1326 4912 spiritualibus
1361 4856 1491 4895 vero
1521 4840 1714 4895 studiis
1749 4852 1936 4892 omnes

359 4945 464 4991 tuae
495 4937 690 4990 mentis
717 4949 909 4988 nervos
938 4947 1196 4986 exerceas
1221 4949 1238 4984 :
1274 4932 1323 4984 in
1353 4930 1458 4984 illis
1490 4938 1540 4983 te
1572 4929 1812 4997 pnes-eas
1839 4943 1935 4982 ne-

347 5031 670 5102 gligentem,
697 5029 748 5082 in
789 5028 878 5082 bis
906 5035 1083 5079 autem
1111 5025 1333 5078 omnino
1353 5025 1615 5076 vivacem.
1643 5022 1778 5088 Quia
1805 5036 1936 5090 ergo

359 5139 391 5177 a
431 5122 712 5188 temetipso
743 5121 846 5173 hoc
887 5117 1132 5171 obtinere
1161 5131 1265 5169 non
1293 5125 1466 5183 potes,
1501 5122 1558 5167 ut
1585 5114 1637 5166 in
1667 5113 1935 5167 mundalis

361 5215 710 5271 exsecutione
737 5211 935 5282 negotii
963 5209 1184 5262 omnino
1209 5221 1396 5263 careas
1409 5208 1674 5276 serpentis
1699 5207 1929 5271 astutia;

353 5310 444 5365 vel
473 5311 576 5364 hoc
615 5318 831 5375 satage,
868 5313 926 5358 ut.
974 5313 1241 5358 terrenam
1273 5298 1608 5370 prudentiain
1660 5307 1805 5352 tuam
1850 5313 1936 5352 st-

350 5401 563 5472 pientia
616 5396 912 5468 spiritualis
941 5394 1250 5456 absorbeat,
1289 5405 1515 5460 eamque
1559 5388 1704 5442 velut
1757 5388 1810 5441 in
1855 5387 1936 5441 sui

354 5491 605 5560 corporis
652 5503 847 5543 arcana
897 5492 1200 5540 convertat.
1235 5482 1388 5538 Sicut
1417 5482 1483 5536 de
1514 5479 1772 5535 maleticis
1795 5479 1938 5533 Plia-

356 5584 548 5638 raonis
573 5583 850 5652 Scriptura
877 5578 1215 5651 proloquitur
1247 5593 1259 5630 :
1300 5593 1319 5626 ι
1355 5571 1723 5642 Proiecerunt,
1746 5572 1935 5641 inquit,

354 5675 557 5745 singuli
595 5676 774 5747 virgas
820 5689 973 5737 snas,
1012 5686 1131 5741 qua:
1177 5683 1346 5731 versa:
1393 5675 1517 5723 sunt
1563 5665 1614 5720 in
1655 5665 1935 5726 dracones.

2033 1848 2135 1901 tuti
2158 1847 2422 1916 jungitur,
2452 1859 2604 1903 tanto
2651 1851 2929 1906 incensum
2966 1855 3090 1908 boni
3132 1857 3314 1924 operis
3347 1858 3618 1912 sincerius

2031 1939 2337 1993 exhibetur.
2373 1940 2473 1995 Ubi
2503 1951 2557 1994 et
2603 1942 2742 1996 bene
2794 1942 3136 2014 suhjnngitur
3167 1963 3180 2000 :
3213 1966 3230 1998 ι
3265 1946 3511 2017 Cumque
3562 1949 3616 2002 iii

2033 2033 2404 2086 tenuissimum
2434 2033 2706 2101 pulverem
2729 2035 2978 2088 universa
3011 2038 3524 2106 contuderis,pones
3551 2054 3619 2092 ex

2027 2137 2096 2175 eo
2147 2136 2326 2174 coram
2369 2123 2677 2178 testimonio
2729 2125 3060 2179 tabernaculi
3093 2127 3330 2198 (Ibid).
3376 2147 3395 2180 ι
3435 2129 3488 2182 In
3539 2139 3619 2184 te-

2031 2213 2354 2266 nuissimum
2382 2213 2656 2282 pulverem
2683 2225 2924 2269 aromata
2967 2217 3214 2271 universa
3250 2220 3616 2285 conterimus;

2031 2317 2154 2356 cum
2179 2304 2318 2356 bona
2344 2313 2526 2357 nostra
2564 2306 2716 2374 quasi
2745 2305 2797 2358 in
2827 2305 2931 2374 pila
2955 2306 3136 2359 cordis
3159 2309 3369 2360 occulta
3407 2309 3618 2362 discus-

2031 2393 2183 2447 sione
2215 2393 2509 2455 tundimus.
2535 2405 2589 2448 et
2629 2395 2672 2448 si
2710 2396 2980 2449 veraciter
3004 2395 3144 2449 bona
3178 2397 3310 2459 sint,
3345 2398 3621 2451 subtilitcr

2033 2491 2411 2536 retractamus.
2454 2483 2712 2536 Armnata
2761 2498 2890 2552 ergo
2926 2484 2976 2537 in
3028 2484 3304 2554 pulverem
3353 2487 3618 2556 redigere,

2029 2583 2114 2625 est
2145 2573 2372 2626 virtutes
2404 2575 2754 2644 recogitando
2781 2584 2976 2640 terere,
3008 2585 3062 2630 et
3098 2592 3270 2646 usque
3301 2578 3368 2654 ad
3397 2579 3615 2633 subtili-

2030 2673 2191 2718 tate'n
2221 2664 2421 2719 occulti
2455 2666 2724 2719 examinis
2760 2681 3038 2722 revocare.

2631 2756 2856 2812 CAPUT
2913 2757 3001 2812 IV.

2175 2843 2372 2899 Nostra
2399 2846 2575 2898 studia
2615 2847 2720 2897 sint
2755 2857 2808 2898 ut
2851 2846 2951 2899 soli
3003 2847 3110 2901 Deo
3143 2847 3464 2917 placeamus.

2102 2936 2167 2989 Et
2214 2937 2510 2988 notandum
2563 2937 2706 3004 quod
2757 2937 2822 2988 de
2863 2937 3052 2990 eodem
3102 2939 3322 3007 pulvere
3375 2941 3618 2995 dicitur:

2039 3048 2058 3078 ‹
2083 3027 2260 3080 Poncs
2293 3043 2360 3080 ex
2393 3042 2459 3080 eo
2483 3041 2667 3080 coram
2704 3027 3012 3081 testimonio
3035 3029 3367 3083 tabernaculi
3400 3048 3412 3083 :
3446 3051 3463 3082 ι
3496 3032 3620 3099 quia

2037 3126 2163 3170 tunc.
2190 3115 2447 3167 nimirum
2499 3116 2636 3167 bona
2694 3126 2877 3168 nostra
2919 3117 3192 3171 veraciter
3229 3118 3281 3171 itt
3329 3132 3622 3188 conspectu

2012 3207 2251 3274 'Sltperlli
2291 3205 2493 3275 judicis
2524 3206 2893 3273 placent,cutn
2927 3207 3041 3260 haec
3070 3222 3222 3261 mens
3253 3209 3508 3263 subtilius
3539 3226 3624 3262 re-

2031 3298 2336 3369 cogitando,
2359 3297 2612 3359 conterit,
2641 3308 2693 3349 et
2721 3296 2878 3364 quasi
2902 3297 2968 3350 de
2990 3298 3324 3353 aromatibus
3349 3299 3623 3368 pulverem

2033 3387 2231 3440 reddit.
2252 3385 2360 3438 Nec
2387 3399 2637 3453 grossnm
2667 3385 2972 3454 durumque
2999 3386 3068 3439 sit
3094 3386 3473 3456 bonum,quod
3503 3389 3624 3459 agi-

2035 3488 2142 3540 tttr,
2163 3491 2228 3529 ne
2247 3476 2290 3530 si
2311 3477 2412 3530 huc
2437 3484 2584 3529 arcta
2615 3476 3022 3530 retractationis
3047 3489 3236 3530 manus
3262 3493 3366 3531 non
3395 3479 3626 3532 commi-

2033 3573 2164 3618 nuat
2190 3564 2352 3634 881
2379 3565 2597 3618 odorem
2621 3564 2688 3617 de
2718 3578 2776 3617 se
2799 3565 3050 3618 subtilius
3072 3579 3180 3618 non
3208 3575 3476 3636 aspergat.
3512 3565 3625 3622 Hoc

2033 3657 2191 3727 plane
2219 3655 2477 3714 studium.
2497 3663 2749 3723 tantaque
2771 3655 3086 3708 subtilitatis
3117 3655 3372 3709 instantia
3407 3671 3511 3710 non
3537 3672 3625 3710 re-

2034 3748 2135 3803 bus
2149 3756 2230 3801 est
2253 3747 2553 3801 adhibenda
2582 3746 2831 3810 terrenis,
2847 3748 2939 3801 sed
2957 3747 3021 3800 ad
3041 3747 3140 3801 hoc
3161 3755 3362 3800 tantum
3382 3747 3626 3802 habenda

2034 3846 2139 3904 est,
2173 3845 2233 3889 ιιι
2270 3836 2485 3905 placere
2536 3835 2812 3889 valeamus
2858 3836 3136 3890 obtutibus
3177 3837 3453 3891 Creatoris
3484 3855 3497 3890 :
3528 3853 3627 3893 nec

2036 3937 2095 3980 ιιι
2130 3928 2184 3981 in
2213 3927 2410 3980 saeculo
2450 3927 2733 3979 videamur
2766 3926 3023 3994 insignes,
3072 3925 3165 3979 sed
3206 3936 3264 3979 ut
3304 3941 3486 3981 coram
3516 3926 3627 3982 Deo

2035 4021 2089 4074 in
2119 4027 2304 4072 nostra
2331 4018 2501 4072 simus
2535 4016 2937 4069 examinatione
2966 4016 3275 4085 prudentes.
3331 4016 3482 4072 Unde
3518 4017 3628 4072 illic

2034 4112 2252 4166 additur
2295 4123 2310 4163 :
2360 4128 2379 4160 ι
2418 4108 2602 4162 Talem
2652 4108 3098 4176 compositionem
3150 4123 3254 4161 non
3310 4107 3522 4163 facietis
3570 4111 3625 4164 in

2035 4217 2164 4257 usus
2218 4210 2448 4264 vestros,
2477 4199 2600 4269 quia
2633 4207 2881 4255 sanctum
2923 4207 3008 4254 est
3048 4193 3307 4264 Domitio;
3341 4218 3360 4252 ι
3393 4215 3626 4269 moxque

2035 4291 2416 4362 subjungitur:
2455 4308 2473 4340 ι
2507 4289 2681 4343 Homo
2721 4289 3030 4358 quicunque
3077 4286 3267 4343 fecerit
3320 4289 3516 4354 simile,
3570 4300 3629 4345 ut

2036 4383 2200 4436 odore
2223 4381 2364 4434 illius
2384 4378 2715 4449 perfruatur,
2738 4379 2935 4449 peribit
2955 4380 3022 4434 de
3055 4380 3405 4459 populisgttia
3426 4381 3624 4454 (Exod.

2037 4475 2141 4542 ιιι).
2179 4491 2197 4523 ι
2243 4471 2500 4540 Quisquis
2541 4486 2710 4539 ergo,
2757 4471 2874 4525 sive
2924 4471 3230 4527 litterarum
3280 4472 3622 4528 saecularium

2037 4561 2339 4631 disciplinis
2364 4600 2379 4625 ,
2429 4560 2543 4614 sive
2570 4561 2731 4614 rebus
2775 4561 3081 4632 quibusque
3113 4561 3344 4616 terrenis
3375 4563 3478 4618 hoc
3508 4573 3623 4617 stu-

2036 4654 2188 4708 dium
2222 4653 2465 4716 exhibet,
2497 4654 2639 4720 quod
2666 4653 2731 4705 ad
2755 4653 3071 4721 placendum
3099 4651 3208 4707 Deo
3243 4653 3625 4709 examinationi

2039 4747 2299 4800 duntaxat
2331 4747 2534 4799 intima:
2563 4745 2934 4812 principaliter
2961 4745 3206 4808 debetur,
3233 4745 3429 4799 merito
3457 4748 3620 4814 perit,

2037 4840 2162 4908 quia
2193 4839 2504 4910 thymiama,
2536 4837 2678 4906 quod
2712 4835 2809 4889 soli
2843 4836 2951 4890 Deo
2979 4837 3163 4890 debuit
3183 4877 3198 4894 .
3227 4836 3388 4890 rebus
3421 4844 3627 4906 tempo-

2042 4930 2249 4985 ralibns
2310 4939 2365 4983 et
2432 4928 2652 4982 caducis
2702 4928 2982 4996 impendit.
3034 4927 3322 4980 Fnimvero
3371 4929 3513 4996 quod
3562 4930 3628 4982 de

2041 5021 2266 5077 scientia
2294 5020 2596 5089 loquimur,
2632 5019 2733 5072 hoc
2765 5018 2936 5086 ipsum
2981 5033 3048 5072 ex
3091 5017 3446 5072 delectatione
3469 5017 3629 5087 hujus

2042 5117 2164 5169 vita:
2189 5127 2408 5169 necesse
2437 5122 2521 5166 est
2540 5110 2826 5164 fateamur.
2860 5111 3087 5180 Dignum
3118 5112 3317 5180 quippe
3346 5111 3540 5176 fuerat,
3567 5118 3630 5167 ut

2044 5217 2256 5261 terrena
2288 5203 2567 5275 prudentia
2613 5202 2664 5254 in
2692 5202 2845 5255 nobis
2870 5215 3092 5270 prorsus
3116 5209 3410 5266 aresceret,
3439 5210 3494 5256 et
3519 5201 3631 5271 spi-

2044 5297 2251 5352 ritualis
2299 5294 2638 5351 solummodo
2687 5293 2949 5361 sapientia
2999 5293 3053 5346 in
3103 5292 3256 5346 nobis
3305 5291 3624 5356 reﬂoreret,

2041 5387 2182 5440 sicut
2223 5382 2511 5453 Apostolus
2537 5381 2812 5444 admonet,
2845 5380 3029 5436 dicens
3074 5399 3088 5435 :
3140 5399 3158 5432 ι
3202 5379 3258 5434 Si
3286 5382 3630 5436 consurrexi-

2042 5477 2142 5530 stis
2185 5490 2308 5529 eum
2357 5471 2595 5537 Christo,
2641 5485 2762 5540 qua:
2803 5486 3019 5526 sursum
3066 5479 3194 5526 sunt
3228 5470 3476 5540 quaerite,
3534 5469 3625 5523 ubi

2040 5565 2289 5621 Christus
2310 5571 2393 5618 est
2417 5563 2468 5617 in
2492 5563 2714 5618 dextera
2743 5560 2837 5616 Dei
2859 5562 3083 5627 sedens;
3115 5576 3234 5632 quae
3253 5577 3468 5617 sursum
3499 5568 3627 5615 sunt

2042 5657 2238 5726 sapite,
2270 5670 2374 5710 non
2403 5670 2524 5724 qua:
2543 5667 2707 5725 super
2734 5661 2932 5711 terram
2958 5653 3181 5727 (Coloss.
3211 5655 3314 5724 ιιι).
3349 5673 3367 5705 ι
3394 5652 3623 5723 Dignam
