4136 5308
565 255 669 310 833

1021 246 1078 306 S.
1119 249 1317 305 PETRI
1358 247 1639 306 DAMlANl
1674 245 1825 304 OPP.
1867 240 2102 302 TOMUS
2140 239 2271 297 SEU
2308 239 2483 297 PARS
2517 239 3068 298 [IL—OPUSCULA
3111 240 3338 297 VARIA.

3697 241 3809 296 836

567 363 915 421 nihilominus
944 361 1119 416 fuerat
1158 370 1216 416 ut
1266 363 1379 417 haec
1408 363 1515 416 vita
1552 361 1604 416 in
1635 370 1821 416 nostro
1847 359 2008 416 corde
2033 369 2137 410 non
2167 358 2214 414 Α
2242 352 2452 418 siones,
2489 360 2679 419 sectze,
2707 354 2951 420 invidias,
2993 353 3309 419 homicidia,
3350 349 3669 419 ebrietates,
3709 371 3808 409 ro-

569 457 791 517 viveret,
818 456 912 510 sed
938 454 1091 508 nobis
1116 468 1338 522 prorsus
1359 460 1599 506 emortua
1631 465 1969 521 nequaquam
1990 464 2135 503 mor-

570 558 690 603 tuos
710 546 1019 609 delectaret,
1058 546 1198 598 sicut
1225 543 1363 597 idem
1410 543 1541 597 dicit
1570 541 1853 613 Apostolus
1881 555 1897 595 :
1942 558 1959 591 α
1988 538 2128 595 Cone

568 636 765 704 sepulti
825 634 968 689 enim
1021 647 1207 686 sumus
1251 647 1373 685 cum
1426 631 1516 685 illo
1563 646 1659 700 per
1714 631 2038 700 baptismum
2081 629 2136 682 in

576 739 769 788 morte,
819 736 879 780 ut
907 726 1175 796 quomodo
1215 726 1450 777 surrexit
1491 722 1737 777 Christus
1774 736 1870 792 per
1910 720 2135 790 gloriam

567 821 783 888 Patris,
814 821 888 874 ita
918 830 973 873 et
1001 833 1097 873 nos
1120 817 1172 870 in
1207 817 1443 870 novitate
1463 816 1585 869 vita:
1604 812 1936 868 ambulemus
1956 811 2134 882 (Rom.

538 912 666 982 τι).
706 930 725 961 ι
768 910 873 965 Sed
899 909 1021 979 quia
1053 908 1166 961 haec
1207 905 1477 961 nonnullis
1519 903 1819 974 praesertim
1867 900 2139 957 steculari-

568 1003 670 1057 bus
699 999 1044 1071 impossibilia
1072 1008 1219 1061 sunt,
1264 1005 1319 1052 et
1362 995 1711 1065 perfectionis
1742 992 2022 1061 utriusque
2062 990 2136 1046 fa-

540 1092 785 1159 estigium
816 1088 1026 1156 assequi
1053 1086 1206 1156 plene
1236 1101 1339 1138 non
1370 1092 1614 1154 possunt,
1640 1080 1958 1136 admonendi
1990 1085 2137 1145 sunt,

538 1206 543 1211 -
569 1189 629 1234 ut
655 1195 774 1250 qua:
802 1195 905 1232 non
928 1186 1149 1246 possunt
1171 1185 1360 1230 exacte
1386 1184 1749 1237 contemnere,
1775 1172 2011 1227 secundo
2032 1170 2141 1224 sal-

570 1279 678 1324 tem
709 1269 828 1323 loco
847 1284 909 1322 ea
945 1276 1210 1321 conentur
1246 1267 1468 1319 habere.

1188 1352 1418 1409 CAPUT
1459 1351 1521 1407 V.

574 1444 867 1500 Saeculares
913 1444 1014 1497 viri
1057 1444 1317 1513 quomodo
1335 1459 1391 1495 se
1428 1442 1616 1513 habere
1657 1440 1843 1513 debent
1873 1441 1927 1494 in
1962 1455 2142 1494 amore

854 1529 1026 1566 rerum
1054 1511 1377 1566 terrenarum
1406 1523 1454 1565 et
1480 1511 1854 1579 spiritualium.

534 1658 541 1663 ,
640 1602 711 1657 Ει
751 1600 1002 1670 quoniam
1052 1602 1166 1655 haec
1202 1602 1311 1655 vita
1360 1600 1644 1670 plerosque
1688 1599 1972 1654 saeculares
2023 1607 2141 1652 tan-

2235 445 2609 509 messaziones,
2635 455 2689 499 et
2710 446 2793 499 his
2822 444 3039 508 similia,
3069 459 3188 513 qute
3215 444 3447 513 prtedieo
3469 444 3641 507 vobis,
3662 447 3811 501 sicut

2233 534 2475 602 praedixi,
2505 536 2758 602 quoniam
2792 535 2883 604 qui
2909 534 3031 587 talia
3080 542 3279 603 agunt,
3310 547 3533 602 regnum
3570 532 3667 588 Dei
3698 550 3808 587 non

2234 632 2629 692 consequentur
2660 619 2870 694 (Colat.
2898 623 2985 692 v).
3026 639 3045 672 ι
3092 621 3186 676 Vis
3221 623 3364 675 enim
3414 633 3811 691 consequenter

2234 711 2440 774 audire,
2468 727 2587 781 quae
2614 712 2685 767 sit
2707 711 2919 766 soboles
2947 711 3183 765 odiosae?
3208 710 3461 763 Ausculta
3498 713 3642 779 quod
3670 713 3810 767 sub—

2233 799 2398 854 didit:
2418 819 2438 852 ‹
2462 800 2690 856 Fructus
2712 809 2889 855 autem
2912 801 3133 869 spiritus
3153 809 3236 854 est
3254 800 3811 870 charitas,gaudium,

2214 892 2646 961 -pax,patientia,
2669 891 2989 961 benignitas,
3007 891 3404 961 longanimitas,
3430 895 3807 958 mansuetudo,

2218 981 2403 1046 'fides,
2435 983 2725 1046 modestia,
2758 983 3110 1047 continentia,
3155 983 3375 1036 castitas
3417 981 3629 1054 (Ibid).
3652 1003 3670 1036 ι
3708 981 3813 1038 llic

2236 1083 2367 1137 ergo
2416 1069 2559 1125 filius
2604 1079 2857 1140 taquam
2917 1071 3309 1140 primogenitus
3358 1071 3596 1140 duplicia
3647 1073 3810 1127 debet

2235 1156 2439 1212 habere
2486 1159 2832 1225 substantiae,
2889 1159 3174 1223 videlicet,
3225 1168 3286 1213 ut
3332 1159 3542 1215 fructus
3586 1163 3811 1231 spiritus

2237 1259 2469 1315 corpus,
2500 1246 2660 1301 simul
2706 1255 2763 1302 et
2803 1248 3040 1301 animam
3090 1257 3280 1319 regat:
3311 1258 3475 1318 atque
3526 1253 3811 1328 utriusque

2238 1337 2570 1405 substantiae,
2602 1339 2881 1394 interioris
2911 1339 3122 1395 scilicet
3146 1347 3202 1395 et
3238 1341 3533 1397 exterioris
3580 1342 3813 1397 hominis

2234 1426 2357 1499 jura
2393 1429 2689 1498 possideat.
3208 1447 3215 1455 ·

2839 1520 3069 1577 CAPUT
3108 1520 3197 1576 Vl.

2243 1610 2396 1676 Quod
2426 1609 2625 1666 uirtutis
2652 1628 2803 1666 amor
2819 1614 3168 1683 principatum
3194 1622 3366 1668 tenere
3392 1614 3539 1669 debet
3558 1616 3615 1669 in
3638 1616 3813 1671 corde.

571 1707 733 1765 quam
774 1707 911 1746 uxor
937 1691 1238 1746 substracta
1266 1691 1518 1757 delectat,
1539 1690 1922 1745 elaborandum
1951 1697 2059 1751 est,
2086 1696 2144 1742 ut
2170 1684 2219 1743 Β
2316 1701 2373 1756 Si
2400 1716 2528 1773 ετεο
2551 1704 2645 1758 tibi
2669 1702 2884 1758 dimcile
2903 1712 2987 1759 es;
3008 1714 3069 1758 ιιι
3090 1720 3193 1757 una
3221 1705 3485 1760 δίδωθι-ε
3504 1717 3816 1772 cantemus,

570 1780 701 1836 licet
716 1794 836 1835 eam
861 1788 1127 1849 nequeant
1145 1795 1255 1848 prae
1272 1779 1586 1834 inﬁrmitate
1607 1779 1822 1842 meutis,
1846 1786 1905 1831 ut
1925 1777 2143 1847 dignum

572 1880 697 1936 est,
739 1872 925 1937 odire;
972 1886 1310 1941 nequaquam
1349 1881 1526 1925 tamen
1574 1870 1954 1941 aggrediantur
1999 1868 2143 1922 illam

573 1963 926 2019 immoderate
952 1963 1198 2032 diligere,
1236 1971 1295 2017 ttt
1320 1962 1365 2018 si
1399 1964 1626 2017 necdum
1659 1959 1951 2029 praevalent
1979 1960 2029 2013 ei
2061 1973 2146 2013 re-

536 2106 549 2111 -
576 2042 734 2125 pudii
749 2054 875 2108 dare
902 2054 1157 2118 libellum,
1181 2053 1376 2123 pudeat
1398 2060 1578 2106 tamen
1596 2051 1663 2106 ad
1689 2051 2146 2118 comparationem

573 2155 791 2201 ueterum
819 2146 941 2199 vita:
969 2146 1170 2199 amoris
1196 2144 1268 2203 illi
1296 2145 1537 2213 praebere
1561 2143 1872 2212 primatum.
1914 2140 2066 2196 Unde
2093 2148 2148 2194 et

537 2282 547 2289 .
577 2235 630 2289 in
661 2234 774 2305 lege
786 2236 1097 2305 praccipitur
1124 2254 1137 2289 :
1166 2254 1184 2284 ι
1215 2236 1270 2290 Si
1297 2236 1566 2298 habuerit,
1600 2234 1797 2302 inquit,
1829 2234 1989 2286 homo
2016 2248 2150 2287 uxo-

533 2360 543 2369 .
575 2338 664 2379 res
691 2325 842 2387 duas,
873 2340 1034 2378 uuam
1073 2324 1324 2378 dilectam
1375 2332 1432 2378 et
1482 2324 1705 2376 alteram
1746 2322 2019 2385 odiosam,
2051 2336 2148 2385 ge-

577 2412 863 2480 nueritque
893 2426 960 2465 ex
991 2412 1069 2466 eis
1096 2412 1292 2465 liberos
1315 2448 1330 2474 ,
1359 2422 1414 2465 et
1441 2410 1603 2465 fuerit
1634 2411 1773 2464 ﬁlius
1797 2411 1997 2465 odiosae
2040 2409 2151 2478 pri-

578 2502 905 2573 mogenitus,
930 2500 1268 2570 volueritque
1290 2501 1652 2555 substantiam
1679 2500 1822 2554 inter
1847 2499 1985 2555 filios
2015 2499 2151 2554 divi-

506 2663 511 2668 ⁸
578 2592 727 2656 dere,
754 2584 855 2645 no'u
878 2591 1074 2661 poterit
1096 2590 1259 2657 lilium
1281 2589 1490 2645 dilecta:
1512 2598 1690 2645 tacere
1709 2587 2147 2659 primogenitum,

577 2692 634 2737 et
661 2680 916 2751 praeferre
943 2680 1052 2735 lilio
1079 2682 1300 2746 odiosaa,
1345 2681 1441 2736 sed
1470 2680 1638 2736 filium
1671 2681 1870 2736 odiosa:
1897 2688 2153 2748 agnoscet

583 2773 1021 2845 primogenitum,
1048 2773 1301 2842 dabitque
1313 2772 1362 2828 ei
1376 2773 1444 2828 de
1455 2773 1537 2826 bis
1552 2788 1672 2842 qua:
1692 2773 1940 2827 habuerit
1961 2781 2151 2826 cuncta

534 2903 547 2935 τ
580 2863 814 2933 duplicia
832 2880 847 2917 :
865 2863 1460 2932 isteeuimprincipium
1491 2861 1779 2917 liberorum
1799 2861 2007 2930 ejus,et
2027 2860 2152 2916 huic

535 3000 543 3024 ε
578 2952 843 3009 debentur
870 2952 1226 3022 primogenita
1257 2951 1432 3020 (Deut.
1459 2953 1594 3020 xxi).
1626 2970 1644 3003 ι
1673 2951 1800 3005 Dure
1829 2950 2034 3006 scilicet
2054 2952 2151 3005 ho-

580 3040 739 3095 minis
767 3054 982 3103 uxores,
1011 3041 1182 3093 virtus
1211 3047 1337 3093 sunt
1362 3048 1417 3093 et
1447 3039 1719 3107 voluptas;
1753 3040 1940 3094 livoris
1954 3049 2014 3101 et
2041 3039 2150 3093 odii

535 3182 545 3192 ,
586 3135 728 3186 inter
754 3145 813 3185 se
844 3132 1071 3184 invicem
1097 3129 1240 3185 velut
1266 3130 1497 3198 quadam
1521 3130 1785 3201 zelmypia
1807 3130 2146 3185 dissidentes.

536 3284 541 3293 ι
581 3220 651 3276 Ει
668 3220 908 3289 voluptas
930 3221 1144 3289 quidem
1169 3219 1236 3273 ad
1258 3219 1397 3273 hanc
1414 3227 1607 3284 vitam,
1622 3222 1795 3274 virtus
1809 3219 1874 3292 ad
1898 3228 2153 3273 :etcrnam

532 3364 543 3371 .
579 3313 813 3384 pertinet
839 3313 1084 3383 gloriam.
1117 3312 1211 3366 illa
1246 3312 1406 3382 plane
1443 3312 1639 3367 dilecta
1676 3321 1781 3377 est,
1822 3312 1946 3381 quia
1978 3312 2152 3365 virum

580 3418 776 3467 suum,
828 3404 996 3474 882
1024 3404 1127 3461 hoc
1157 3412 1241 3458 est
1289 3401 1532 3473 fragilem
1578 3402 1838 3472 cujusque
1882 3403 2151 3472 spiritum,

583 3494 894 3548 malesuada
933 3492 1274 3561 jucunditate
1317 3493 1624 3548 demulcet:
1655 3493 1755 3547 ista
1800 3507 1930 3548 vero
1958 3493 2155 3547 dicitur

536 3632 541 3637 .
582 3585 795 3648 odiosa,
823 3584 950 3652 quia
978 3598 1073 3651 per
1095 3594 1300 3639 arctam
1328 3594 1384 3639 et
1404 3593 1685 3655 angustam
1723 3586 1864 3639 viam
1906 3586 2155 3639 homines

585 3673 669 3727 ire
695 3672 976 3726 constituit
996 3710 1013 3736 ,
1060 3681 1115 3726 et
1147 3687 1337 3740 aspera
1364 3687 1577 3741 semper
1605 3689 1669 3727 ac
1699 3674 1832 3728 dura
1882 3674 2151 3743 proponit.

586 3761 692 3817 Sed
721 3761 863 3816 illius
894 3761 1091 3817 odiosa:
1120 3762 1274 3816 nobis
1317 3761 1702 3832 primogenitae
1732 3773 1844 3829 cst;
1894 3767 2018 3832 quia
2051 3764 2153 3817 tir-

586 3862 756 3908 tutcm
782 3851 1031 3908 conditor
1056 3861 1237 3917 uoster
1270 3852 1424 3907 nobis
1456 3854 1787 3923 originaliter
1812 3856 2032 3916 indidit.
2064 3870 2154 3910 vo-

587 3942 767 4012 luptas
789 3951 991 4005 autem,
1020 3950 1074 3995 et
1093 3941 1344 4011 qumlibet
1370 3942 1603 3996 carnalis
1640 3942 1886 3997 illecebra
1928 3959 1996 3997 ex
2028 3944 2157 3999 vitio

585 4043 787 4090 nostra:
832 4032 1113 4102 pravitatis
1142 4032 1379 4087 emersit.
1425 4031 1530 4087 Sed
1571 4035 1693 4103 quia
1735 4049 1840 4089 non
1887 4044 1968 4088 est
2004 4034 2158 4090 istius

586 4124 846 4195 temporis
874 4138 970 4193 per
997 4123 1206 4193 singula
1240 4124 1405 4177 verba
1447 4123 1605 4194 hujus
1645 4125 1897 4194 praecepti
1928 4125 2156 4195 figuram

500 4210 503 4211 ⁷
586 4215 938 4273 enucleanter
972 4228 1261 4281 exponere,
1288 4213 1520 4269 suiliciat
1546 4215 1646 4270 hoc
1684 4213 1751 4269 ad
1782 4217 2157 4284 compendium

539 4372 545 4377 θ
583 4303 770 4375 dicere
817 4312 874 4357 ut
922 4302 966 4356 si
1005 4318 1110 4356 non
1153 4318 1437 4372 possumus
1465 4304 1716 4358 dilectam
1740 4318 1995 4369 uxorem,
2039 4321 2159 4374 qua:

544 4466 547 4467 ν
586 4397 744 4465 uobis
765 4393 952 4465 procul
975 4394 1135 4447 dubio
1159 4394 1318 4448 noxia
1344 4403 1450 4458 est,
1472 4410 1502 4448 a
1536 4395 1754 4450 thalami
1786 4398 1957 4451 nostri
1987 4399 2160 4451 socie-

590 4496 700 4542 tate
725 4473 1007 4552 repellere,
1034 4484 1347 4538 studeamus
1372 4484 1562 4538 saltem
1591 4485 1865 4550 odiosam,
1917 4502 2036 4555 qua:
2063 4503 2155 4542 so-

587 4579 705 4634 bria
730 4588 833 4642 est,
850 4578 1142 4637 ethonesta
1153 4617 1169 4641 ,
1184 4577 1236 4631 in
1250 4578 1586 4648 primogeniti
1602 4580 1861 4649 dignitate
1872 4579 2155 4649 prteferre:

588 4687 693 4740 qua
702 4670 910 4725 tcuussi
934 4669 1088 4723 nobis
1100 4669 1313 4724 diﬂicile
1327 4672 1947 4741 estqtmntulamcuuque
1969 4670 2157 4726 saltem

591 4761 747 4828 lmjus
773 4766 892 4813 vitae
910 4759 1243 4815 dulcedinem
1268 4776 1371 4814 non
1395 4762 1612 4825 sentire,
1631 4775 1962 4831 praerogetur
1983 4772 2157 4817 tatuen

590 4856 812 4909 dominii
837 4856 1012 4924 palma
1035 4858 1240 4921 virtuti,
1262 4857 1597 4926 relinquatur
1616 4855 1848 4910 servitus
1878 4854 2155 4923 voluptati.

589 4943 738 4998 Illius
768 4945 910 4998 filius
930 4946 983 4999 in
1019 4946 1358 5016 primogeniti
1387 4947 1644 5015 dignitate
1673 4944 1978 5014 praecellat;
2007 4944 2161 4999 istius

590 5046 773 5083 autem
807 5033 947 5086 filius
973 5034 1025 5087 in
1057 5036 1377 5104 subseqnela
1403 5036 1629 5100 ordinis,
1662 5045 1716 5090 et
1741 5036 1841 5089 sub
1866 5034 2161 5103 disciplinae

590 5130 804 5184 semper
828 5117 1185 5175 refrenatioue
1207 5125 1545 5193 supersistat.

670 5204 760 5248 Vis
806 5207 1053 5260 fortassis
1095 5211 1372 5266 addiscere
1419 5214 1508 5281 qui
1555 5214 1737 5269 uteris
1784 5214 1992 5268 dilectae
2034 5225 2160 5270 sunt

601 5294 727 5308 ΛΙΙΙΔ
748 5296 766 5308 1

2245 1807 2346 1847 nec
2368 1791 2627 1863 pravales
2648 1793 2882 1860 dilectze,
2906 1810 3026 1864 quae
3051 1795 3175 1850 odio
3203 1795 3449 1850 habenda
3475 1805 3581 1861 est,
3612 1799 3821 1870 repudii

2246 1884 2487 1952 praebere
2526 1884 2796 1950 libellum;
2826 1883 2913 1940 fac
2954 1884 3146 1939 saltem
3184 1894 3244 1939 ut
3285 1886 3501 1948 odiosa,
3532 1902 3652 1955 quae
3691 1888 3820 1941 totis

2248 1974 2449 2028 viribus
2474 1974 2850 2043 amplectenda
2879 1983 2982 2039 est,
3028 1975 3083 2028 in
3116 1974 3279 2029 domo
3314 1976 3492 2030 cordis
3536 1977 3613 2030 tui
3648 1977 3826 2045 digni-

2254 2066 2381 2119 tatis
2405 2065 2646 2120 obtineat
2666 2066 3046 2135 principatum.
3079 2065 3170 2120 Illa
3205 2082 3349 2128 vero,
3381 2081 3501 2136 quze
3522 2083 3662 2123 nunc
3684 2069 3828 2125 male

2247 2156 2514 2226 diligitur,
2562 2156 2748 2210 tandiu
2790 2156 3145 2210 novissimum
3192 2164 3373 2210 teneat
3412 2156 3623 2222 locum,
3651 2158 3829 2214 donec

2249 2245 2505 2298 fmditatis
2533 2260 2643 2299 sum
2674 2245 2871 2299 merito
2894 2245 3095 2299 sensim
3136 2244 3396 2299 veniatin
3423 2246 3720 2311 fastidium,
3757 2250 3830 2303 de

2247 2333 2461 2389 fastidio
2491 2334 2728 2389 funditus
2771 2344 3015 2390 vertatur
3061 2334 3116 2388 iu
3160 2335 3367 2390 odium.
3413 2336 3584 2392 Filius
3622 2337 3829 2392 odiosa:

2250 2426 2345 2481 tibi
2389 2426 2461 2481 sit
2484 2427 2893 2497 primogenitus,
2922 2428 3079 2496 eique
3121 2427 3400 2483 deferatur
3438 2429 3757 2500 obsequium
3785 2447 3821 2484 a

2249 2526 2568 2570 ceterorum
2616 2515 2959 2572 multitudine
3005 2516 3319 2574 liberorum.
3369 2519 3506 2575 Hinc
3546 2530 3629 2576 est
3673 2523 3826 2592 quod

2249 2605 2412 2661 Iosue
2467 2606 2726 2660 subversa
2773 2603 2992 2662 Jericho
3048 2608 3374 2678 imprecatus
3420 2620 3544 2677 est,
3589 2612 3771 2668 dicens
3808 2631 3823 2665 :

2238 2713 2275 2748 πί
2320 2694 2635 2750 Maledictus
2664 2696 2748 2749 vir
2785 2711 2969 2750 coram
3018 2697 3265 2763 Domino,
3313 2700 3403 2768 qui
3454 2701 3826 2765 suscitaverit,

2250 2796 2299 2841 et
2332 2787 2677 2841 aedificaverit
2696 2787 2968 2843 civitatem
2991 2787 3227 2854 Jericho,
3260 2790 3313 2844 in
3340 2791 3697 2861 primogenito
3724 2808 3828 2847 suo

2252 2876 2595 2931 fundamenta
2641 2876 2785 2931 illius
2816 2877 3033 2946 jaceat,
3082 2878 3485 2951 etnovissimo
3533 2880 3827 2935 liberorum.

2179 3012 2223 3074 Ο
2253 2974 2416 3035 portat
2438 2975 2622 3036 portas
2647 2965 2763 3036 ejus
2793 2965 2930 3037 (los.
2964 2965 3062 3035 vt).
3099 2984 3118 3017 ι
3152 2966 3285 3021 Nam
3313 2967 3437 3036 quia
3464 2982 3559 3038 per
3584 2966 3829 3031 Jericbo,

2256 3072 2376 3126 quae
2413 3057 2464 3109 in
2490 3056 2668 3109 (uuam
2700 3057 2947 3121 vertitur,
2987 3058 3103 3111 haec
3130 3056 3238 3110 vita
3285 3059 3552 3128 signatur,
3583 3058 3670 3112 ille
3695 3058 3833 3112 (iri-

2251 3157 2417 3202 tatem
2438 3146 2654 3203 Iericho
2684 3147 2736 3201 in
2762 3147 3121 3217 primogenita
3148 3163 3250 3203 suo
3277 3149 3524 3208 suscitat.
3549 3148 3640 3218 qui
3686 3148 3833 3202 bona

2248 3238 2534 3307 praesentis
2561 3238 2683 3292 vitae
2723 3236 3100 3307 principaliter
3146 3246 3314 3292 amat.
3365 3237 3431 3291 Et
3457 3239 3583 3307 quia
3615 3238 3832 3292 Veritas

2253 3327 2305 3380 in
2339 3326 2630 3396 Evangelio
2666 3325 2947 3396 praecipit:
2986 3344 3006 3377 ‹
3040 3324 3280 3380 Primum
3326 3326 3556 3394 quaerite
3602 3341 3831 3393 regnum

2230 3419 2347 3475 'Dei
2375 3459 2389 3484 ,
2417 3428 2473 3473 et
2503 3417 2669 3489 883
2700 3419 2813 3472 haec
2852 3417 3029 3472 omnia
3058 3416 3380 3486 adjicientur
3424 3416 3575 3470 vobis
3610 3416 3828 3487 (Matth.

2251 3515 2359 3573 vi);
2403 3530 2421 3561 ι
2467 3511 2660 3563 merito
2708 3508 3082 3562 maledictione
3130 3508 3419 3561 damnatur
3471 3508 3721 3577 quisquis
3761 3507 3830 3562 ab

2252 3603 2352 3657 hoc
2382 3609 2645 3669 praacepto
2677 3599 2948 3653 declinare
2984 3600 3355 3663 convincitur,
3397 3600 3658 3671 propheta
3686 3610 3827 3656 atte-

2252 3702 2430 3746 stante
2455 3731 2469 3752 ,
2513 3692 2599 3761 lui
2630 3692 2707 3746 ait
2747 3707 2761 3745 :
2808 3708 2827 3741 ι
2863 3690 3128 3747 Maledicti
3176 3692 3269 3763 qui
3302 3692 3574 3747 declinant
3600 3707 3629 3745 a
3677 3708 3829 3747 man-

2226 3784 2391 3837 'tlatis
2419 3782 2523 3836 tuis
2564 3779 2736 3852 (Paul.
2762 3780 2974 3850 cxvtu).
3012 3800 3031 3833 ι
3066 3782 3138 3836 At
3178 3791 3391 3853 contra,
3421 3781 3508 3836 ille
3533 3789 3715 3850 portas
3738 3780 3827 3835 Je-

2254 3874 2409 3927 richo
2457 3872 2627 3941 ponit-
2650 3872 2703 3925 iu
2752 3872 3044 3926 novissimo
3078 3872 3388 3936 liberorum,
3419 3870 3618 3940 quisic
3661 3871 3828 3923 utitur

2258 3964 2638 4034 temporalibus
2662 3963 2839 4026 bouis,
2862 3972 2920 4016 ut
2935 3963 3049 4017 [nec
3069 3978 3172 4016 non
3193 3978 3314 4018 cum
3336 3977 3519 4018 amore
3539 3962 3825 4032 possideat,

2255 4056 2349 4110 sed
2393 4053 2460 4107 ad
2501 4052 2739 4108 coalestis
2786 4051 2969 4121 gloria:
3003 4059 3282 4122 pmnttum
3338 4051 3645 4108 medullitus
3686 4053 3829 4106 inar-

2258 4148 2461 4202 descat.
2493 4145 2597 4212 Qui
2627 4145 2940 4200 coelestibus
2966 4145 3020 4198 in
3064 4159 3250 4199 amore
3270 4159 3368 4200 suo
3394 4154 3605 4200 terrena
3637 4161 3829 4216 suppo-

2257 4240 2359 4304 nit,
2391 4237 2704 4292 transitoria
2737 4236 3098 4304 ﬂoccipendit.
3144 4236 3255 4292 Hoc
3296 4238 3478 4307 itaque
3517 4236 3739 4303 faciens,
3773 4246 3829 4292 et

2191 4331 2465 4401 Dodiosa:
2508 4329 2694 4383 uxoris
2735 4328 2924 4391 filium,
2966 4326 3119 4395 juxta
3165 4330 3413 4384 mandata
3458 4329 3622 4399 legis,
3670 4326 3831 4383 edicit

2261 4418 2698 4488 primogenitum,
2721 4428 2774 4472 et
2795 4418 3084 4473 secundum
3105 4417 3267 4473 Josue
3287 4420 3628 4485 sententiam,
3650 4428 3828 4489 portas

2259 4506 2477 4560 .lericho
2498 4507 2549 4560 in
2576 4507 2871 4561 novissimo
2896 4508 3119 4561 suscitat
3145 4505 3451 4561 liberorum.
3477 4508 3594 4575 Quo
3613 4517 3824 4571 contra,

2261 4595 2392 4650 Cain
2424 4596 2477 4649 in
2522 4596 2877 4666 primogenita
2907 4611 3004 4651 suo
3046 4595 3263 4651 lienoch
3293 4599 3530 4653 condidit
3558 4599 3825 4653 civitatem

2263 4686 2414 4757 (Gen.
2449 4690 2544 4758 tv),
2576 4689 2702 4757 quia
2734 4690 2965 4741 futuram
2994 4701 3099 4739 non
3131 4689 3380 4756 sperabat
3418 4688 3821 4748 hereditatem;

2262 4787 2320 4831 et
2347 4779 2473 4847 quia
2507 4792 2565 4831 se
2594 4779 2748 4846 quasi
2774 4779 2826 4831 in
2855 4776 3073 4832 Jericbo
3099 4779 3256 4848 hujus
3282 4778 3459 4833 sascnli
3492 4790 3828 4846 prmpropere

2265 4869 2552 4931 dedicavit,
2584 4868 2812 4937 elogium
2858 4877 3127 4936 perpetua:
3154 4868 3539 4922 maletlictionis
3582 4867 3823 4920 incurrit.

2270 4956 2418 5012 Unde
2438 4957 2696 5025 scriptum
2723 4966 2807 5011 est
2834 4974 2848 5011 :
2878 4975 2896 5007 ε
2931 4956 3245 5019 Hmrcditas,
3272 4958 3337 5011 ad
3359 4972 3519 5026 quam
3549 4955 3827 5011 festinatur

2263 5047 2320 5101 in
2373 5046 2675 5116 principio,
2734 5048 2789 5100 itt
2844 5050 3136 5102 novissimo
3197 5048 3567 5103 benedictione
3625 5047 3828 5101 carebit

2264 5133 2446 5207 (Prov.
2472 5138 2551 5205 x).
2587 5157 2608 5190 ι

2336 5227 2414 5279 Tu
2461 5228 2675 5290 itaque.
2707 5226 3073 5290 dilectissime,
3121 5228 3165 5281 si
3196 5228 3419 5285 necdum
3464 5227 3631 5283 solius
3672 5225 3827 5290 spiri-
