  <div class='ocr_page' id='page_1' title='image "/cluster/home/n/w/nwhite01/storage/ocr_20150623/145/hvd.32044015471824/426.png"; bbox 0 0 4078 6336; ppageno 0'>
   <div class='ocr_carea' id='block_1_1' title="bbox 342 333 446 389">
    <p class='ocr_par' dir='ltr' id='par_1_1' title="bbox 342 333 446 389">
     <span class='ocr_line' id='line_1_1' title="bbox 342 333 446 389; baseline -0.029 -1"><span class='ocrx_word' id='word_1_1' title='bbox 342 333 446 389; x_wconf 80' lang='lat'><strong>857</strong></span> 
     </span>
    </p>
   </div>
   <div class='ocr_carea' id='block_1_2' title="bbox 1107 330 1905 400">
    <p class='ocr_par' dir='ltr' id='par_1_2' title="bbox 1107 330 1905 386">
     <span class='ocr_line' id='line_1_2' title="bbox 1107 330 1905 386; baseline -0.005 -1"><span class='ocrx_word' id='word_1_2' title='bbox 1107 331 1347 386; x_wconf 71' lang='lat' dir='ltr'><strong>OPUSC.</strong></span> <span class='ocrx_word' id='word_1_3' title='bbox 1381 331 1512 384; x_wconf 67' lang='grc' dir='ltr'><strong>ΗΧ.</strong></span> <span class='ocrx_word' id='word_1_4' title='bbox 1545 361 1612 370; x_wconf 87' lang='lat'><strong>-</strong></span> <span class='ocrx_word' id='word_1_5' title='bbox 1653 332 1738 385; x_wconf 76' lang='lat' dir='ltr'><strong>DE</strong></span> <span class='ocrx_word' id='word_1_6' title='bbox 1780 330 1905 385; x_wconf 66' lang='lat' dir='ltr'><strong>NOV</strong></span> 
     </span>
    </p>
   </div>
   <div class='ocr_carea' id='block_1_3' title="bbox 2007 330 3570 400">
    <p class='ocr_par' dir='ltr' id='par_1_3' title="bbox 2007 330 3570 400">
     <span class='ocr_line' id='line_1_3' title="bbox 2007 330 3570 400; baseline 0.01 -16"><span class='ocrx_word' id='word_1_7' title='bbox 2007 330 2164 385; x_wconf 71' lang='lat' dir='ltr'><strong>ilMlS</strong></span> <span class='ocrx_word' id='word_1_8' title='bbox 2207 331 2292 386; x_wconf 80' lang='lat' dir='ltr'><strong>ET</strong></span> <span class='ocrx_word' id='word_1_9' title='bbox 2335 333 2793 390; x_wconf 69' lang='lat' dir='ltr'><strong>ANT-iCHRiSTO</strong></span> <span class='ocrx_word' id='word_1_10' title='bbox 3465 347 3570 400; x_wconf 74' lang='lat'><strong>858</strong></span> 
     </span>
    </p>
   </div>
   <div class='ocr_carea' id='block_1_4' title="bbox 344 446 3577 527">
    <p class='ocr_par' dir='ltr' id='par_1_4' title="bbox 344 446 3577 527">
     <span class='ocr_line' id='line_1_4' title="bbox 344 446 3577 527; baseline 0.005 -28"><span class='ocrx_word' id='word_1_11' title='bbox 344 446 504 500; x_wconf 81' lang='lat' dir='ltr'><strong>cellat</strong></span> <span class='ocrx_word' id='word_1_12' title='bbox 534 461 548 498; x_wconf 90' lang='lat'><strong>:</strong></span> <span class='ocrx_word' id='word_1_13' title='bbox 577 452 629 498; x_wconf 91' lang='lat' dir='ltr'><strong>et</strong></span> <span class='ocrx_word' id='word_1_14' title='bbox 662 452 912 514; x_wconf 89' lang='lat' dir='ltr'><strong>tanquam</strong></span> <span class='ocrx_word' id='word_1_15' title='bbox 945 459 1141 514; x_wconf 88' lang='lat' dir='ltr'><strong>suppar</strong></span> <span class='ocrx_word' id='word_1_16' title='bbox 1166 458 1327 515; x_wconf 90' lang='lat' dir='ltr'><strong>atque</strong></span> <span class='ocrx_word' id='word_1_17' title='bbox 1354 461 1598 514; x_wconf 64' lang='lat' dir='ltr'><strong>represm</strong></span> <span class='ocrx_word' id='word_1_18' title='bbox 1643 455 1905 514; x_wconf 87' lang='lat' dir='ltr'><strong>tempora-</strong></span> <span class='ocrx_word' id='word_1_19' title='bbox 1935 451 1980 508; x_wconf 75' lang='grc' dir='ltr'><strong>Α</strong></span> <span class='ocrx_word' id='word_1_20' title='bbox 2009 458 2170 516; x_wconf 89' lang='lat' dir='ltr'><strong>atque</strong></span> <span class='ocrx_word' id='word_1_21' title='bbox 2197 449 2477 504; x_wconf 70' lang='lat' dir='ltr'><strong>volaticam</strong></span> <span class='ocrx_word' id='word_1_22' title='bbox 2519 454 2713 507; x_wconf 80' lang='lat' dir='ltr'><strong>exhibe</strong></span> <span class='ocrx_word' id='word_1_23' title='bbox 2759 470 2976 517; x_wconf 81' lang='lat' dir='ltr'><strong>curam;</strong></span> <span class='ocrx_word' id='word_1_24' title='bbox 3012 457 3064 510; x_wconf 89' lang='lat' dir='ltr'><strong>iu</strong></span> <span class='ocrx_word' id='word_1_25' title='bbox 3095 457 3194 512; x_wconf 89' lang='lat' dir='ltr'><strong>hac</strong></span> <span class='ocrx_word' id='word_1_26' title='bbox 3227 472 3577 527; x_wconf 85' lang='lat' dir='ltr'><strong>perseveran-</strong></span> 
     </span>
    </p>
   </div>
   <div class='ocr_carea' id='block_1_5' title="bbox 345 535 1906 608">
    <p class='ocr_par' dir='ltr' id='par_1_5' title="bbox 345 535 1906 608">
     <span class='ocr_line' id='line_1_5' title="bbox 345 535 1906 608; baseline 0 -18"><span class='ocrx_word' id='word_1_27' title='bbox 345 538 472 590; x_wconf 90' lang='lat' dir='ltr'><strong>lium</strong></span> <span class='ocrx_word' id='word_1_28' title='bbox 504 551 681 590; x_wconf 90' lang='lat' dir='ltr'><strong>rerum</strong></span> <span class='ocrx_word' id='word_1_29' title='bbox 711 551 839 590; x_wconf 88' lang='lat' dir='ltr'><strong>cura</strong></span> <span class='ocrx_word' id='word_1_30' title='bbox 873 535 1040 608; x_wconf 68' lang='grc'><strong>884</strong></span> <span class='ocrx_word' id='word_1_31' title='bbox 1068 537 1388 590; x_wconf 84' lang='lat' dir='ltr'><strong>subserviat.</strong></span> <span class='ocrx_word' id='word_1_32' title='bbox 1409 536 1562 590; x_wconf 86' lang='lat' dir='ltr'><strong>Sicut</strong></span> <span class='ocrx_word' id='word_1_33' title='bbox 1591 537 1642 590; x_wconf 92' lang='lat' dir='ltr'><strong>in</strong></span> <span class='ocrx_word' id='word_1_34' title='bbox 1667 535 1906 590; x_wconf 88' lang='lat' dir='ltr'><strong>Canticis</strong></span> 
     </span>
    </p>
   </div>
   <div class='ocr_carea' id='block_1_6' title="bbox 342 624 1907 695">
    <p class='ocr_par' dir='ltr' id='par_1_6' title="bbox 342 624 1907 695">
     <span class='ocr_line' id='line_1_6' title="bbox 342 624 1907 695; baseline 0.002 -18"><span class='ocrx_word' id='word_1_35' title='bbox 342 625 564 695; x_wconf 90' lang='lat' dir='ltr'><strong>legitur:</strong></span> <span class='ocrx_word' id='word_1_36' title='bbox 593 642 612 676; x_wconf 72' lang='grc' dir='ltr'>ι</span> <span class='ocrx_word' id='word_1_37' title='bbox 644 625 798 678; x_wconf 68' lang='lat' dir='ltr'><strong>Laeva</strong></span> <span class='ocrx_word' id='word_1_38' title='bbox 821 625 936 694; x_wconf 85' lang='lat' dir='ltr'><strong>ejus</strong></span> <span class='ocrx_word' id='word_1_39' title='bbox 956 627 1054 680; x_wconf 89' lang='lat' dir='ltr'><strong>sub</strong></span> <span class='ocrx_word' id='word_1_40' title='bbox 1076 627 1249 694; x_wconf 82' lang='lat' dir='ltr'><strong>capite</strong></span> <span class='ocrx_word' id='word_1_41' title='bbox 1273 641 1413 689; x_wconf 92' lang='lat' dir='ltr'><strong>meo,</strong></span> <span class='ocrx_word' id='word_1_42' title='bbox 1445 627 1732 680; x_wconf 82' lang='lat' dir='ltr'><strong>etdextera</strong></span> <span class='ocrx_word' id='word_1_43' title='bbox 1765 624 1907 680; x_wconf 85' lang='lat' dir='ltr'><strong>illius</strong></span> 
     </span>
    </p>
   </div>
   <div class='ocr_carea' id='block_1_7' title="bbox 343 713 1908 786">
    <p class='ocr_par' dir='ltr' id='par_1_7' title="bbox 343 713 1908 786">
     <span class='ocr_line' id='line_1_7' title="bbox 343 713 1908 786; baseline 0.001 -19"><span class='ocrx_word' id='word_1_44' title='bbox 343 715 736 783; x_wconf 80' lang='lat' dir='ltr'><strong>amplexabitur</strong></span> <span class='ocrx_word' id='word_1_45' title='bbox 775 729 861 769; x_wconf 90' lang='lat' dir='ltr'><strong>me</strong></span> <span class='ocrx_word' id='word_1_46' title='bbox 894 713 1066 785; x_wconf 86' lang='lat' dir='ltr'><strong>(Cant.</strong></span> <span class='ocrx_word' id='word_1_47' title='bbox 1097 715 1177 786; x_wconf 86' lang='lat' dir='ltr'><strong>ll).</strong></span> <span class='ocrx_word' id='word_1_48' title='bbox 1217 734 1235 766; x_wconf 72' lang='grc' dir='ltr'><strong><em>ι</em></strong></span> <span class='ocrx_word' id='word_1_49' title='bbox 1277 715 1433 768; x_wconf 65' lang='grc' dir='ltr'><strong>ιωνθ</strong></span> <span class='ocrx_word' id='word_1_50' title='bbox 1463 715 1660 784; x_wconf 83' lang='lat' dir='ltr'><strong>quippe</strong></span> <span class='ocrx_word' id='word_1_51' title='bbox 1687 715 1908 769; x_wconf 80' lang='lat' dir='ltr'><strong>subesse</strong></span> 
     </span>
    </p>
   </div>
   <div class='ocr_carea' id='block_1_8' title="bbox 333 802 1908 874">
    <p class='ocr_par' dir='ltr' id='par_1_8' title="bbox 333 802 1908 874">
     <span class='ocr_line' id='line_1_8' title="bbox 333 802 1908 874; baseline 0.001 -19"><span class='ocrx_word' id='word_1_52' title='bbox 333 802 501 869; x_wconf 77' lang='lat' dir='ltr'><strong>capiti</strong></span> <span class='ocrx_word' id='word_1_53' title='bbox 525 803 737 866; x_wconf 87' lang='lat' dir='ltr'><strong>dicitttr,</strong></span> <span class='ocrx_word' id='word_1_54' title='bbox 764 819 887 857; x_wconf 89' lang='lat' dir='ltr'><strong>cum</strong></span> <span class='ocrx_word' id='word_1_55' title='bbox 917 819 1154 872; x_wconf 71' lang='lat' dir='ltr'><strong>praesens</strong></span> <span class='ocrx_word' id='word_1_56' title='bbox 1181 804 1288 857; x_wconf 86' lang='lat' dir='ltr'><strong>vita</strong></span> <span class='ocrx_word' id='word_1_57' title='bbox 1331 821 1360 857; x_wconf 90' lang='lat' dir='ltr'><strong>a</strong></span> <span class='ocrx_word' id='word_1_58' title='bbox 1393 813 1588 866; x_wconf 88' lang='lat' dir='ltr'><strong>mente,</strong></span> <span class='ocrx_word' id='word_1_59' title='bbox 1620 819 1738 874; x_wconf 72' lang='lat' dir='ltr'><strong>qua:</strong></span> <span class='ocrx_word' id='word_1_60' title='bbox 1762 804 1908 874; x_wconf 84' lang='lat' dir='ltr'><strong>cogi-</strong></span> 
     </span>
    </p>
   </div>
   <div class='ocr_carea' id='block_1_9' title="bbox 344 893 1906 960">
    <p class='ocr_par' dir='ltr' id='par_1_9' title="bbox 344 893 1906 960">
     <span class='ocr_line' id='line_1_9' title="bbox 344 893 1906 960; baseline 0.003 -16"><span class='ocrx_word' id='word_1_61' title='bbox 344 893 603 948; x_wconf 83' lang='lat' dir='ltr'><strong>tationum</strong></span> <span class='ocrx_word' id='word_1_62' title='bbox 631 904 790 960; x_wconf 89' lang='lat' dir='ltr'><strong>caput</strong></span> <span class='ocrx_word' id='word_1_63' title='bbox 815 901 916 955; x_wconf 90' lang='lat' dir='ltr'><strong>est,</strong></span> <span class='ocrx_word' id='word_1_64' title='bbox 942 894 1190 960; x_wconf 86' lang='lat' dir='ltr'><strong>despecta</strong></span> <span class='ocrx_word' id='word_1_65' title='bbox 1221 895 1480 947; x_wconf 83' lang='lat' dir='ltr'><strong>calcatur.</strong></span> <span class='ocrx_word' id='word_1_66' title='bbox 1511 895 1753 948; x_wconf 70' lang='lat' dir='ltr'><strong>Dextera:</strong></span> <span class='ocrx_word' id='word_1_67' title='bbox 1778 910 1906 949; x_wconf 89' lang='lat' dir='ltr'><strong>vero</strong></span> 
     </span>
    </p>
   </div>
   <div class='ocr_carea' id='block_1_10' title="bbox 341 980 1905 1052">
    <p class='ocr_par' dir='ltr' id='par_1_10' title="bbox 341 980 1905 1052">
     <span class='ocr_line' id='line_1_10' title="bbox 341 980 1905 1052; baseline 0.005 -20"><span class='ocrx_word' id='word_1_68' title='bbox 341 980 678 1048; x_wconf 76' lang='lat' dir='ltr'><strong>amplexibus</strong></span> <span class='ocrx_word' id='word_1_69' title='bbox 712 983 1011 1052; x_wconf 81' lang='lat' dir='ltr'><strong>stringitur,</strong></span> <span class='ocrx_word' id='word_1_70' title='bbox 1052 985 1141 1052; x_wconf 85' lang='lat' dir='ltr'><strong>qui</strong></span> <span class='ocrx_word' id='word_1_71' title='bbox 1173 985 1339 1037; x_wconf 89' lang='lat' dir='ltr'><strong>solius</strong></span> <span class='ocrx_word' id='word_1_72' title='bbox 1369 995 1583 1039; x_wconf 64' lang='lat' dir='ltr'><strong>:eternte</strong></span> <span class='ocrx_word' id='word_1_73' title='bbox 1602 987 1722 1039; x_wconf 68' lang='lat' dir='ltr'><strong>vita:</strong></span> <span class='ocrx_word' id='word_1_74' title='bbox 1764 986 1905 1040; x_wconf 86' lang='lat' dir='ltr'><strong>desi-</strong></span> 
     </span>
    </p>
   </div>
   <div class='ocr_carea' id='block_1_11' title="bbox 341 1069 1900 1142">
    <p class='ocr_par' dir='ltr' id='par_1_11' title="bbox 341 1069 1900 1142">
     <span class='ocr_line' id='line_1_11' title="bbox 341 1069 1900 1142; baseline 0.004 -19"><span class='ocrx_word' id='word_1_75' title='bbox 341 1069 505 1124; x_wconf 83' lang='lat' dir='ltr'><strong>deriis</strong></span> <span class='ocrx_word' id='word_1_76' title='bbox 535 1071 770 1138; x_wconf 88' lang='lat' dir='ltr'><strong>undique</strong></span> <span class='ocrx_word' id='word_1_77' title='bbox 809 1072 1126 1126; x_wconf 84' lang='lat' dir='ltr'><strong>delectatur.</strong></span> <span class='ocrx_word' id='word_1_78' title='bbox 1170 1073 1334 1128; x_wconf 83' lang='lat' dir='ltr'><strong>Plane</strong></span> <span class='ocrx_word' id='word_1_79' title='bbox 1374 1077 1494 1142; x_wconf 85' lang='lat' dir='ltr'><strong>quia</strong></span> <span class='ocrx_word' id='word_1_80' title='bbox 1549 1085 1601 1129; x_wconf 92' lang='lat' dir='ltr'><strong>et</strong></span> <span class='ocrx_word' id='word_1_81' title='bbox 1648 1076 1900 1131; x_wconf 87' lang='lat' dir='ltr'><strong>Salomon</strong></span> 
     </span>
    </p>
   </div>
   <div class='ocr_carea' id='block_1_12' title="bbox 341 1158 1898 1232">
    <p class='ocr_par' dir='ltr' id='par_1_12' title="bbox 341 1158 1898 1232">
     <span class='ocr_line' id='line_1_12' title="bbox 341 1158 1898 1232; baseline 0.003 -22"><span class='ocrx_word' id='word_1_82' title='bbox 341 1158 449 1211; x_wconf 87' lang='lat' dir='ltr'><strong>ait:</strong></span> <span class='ocrx_word' id='word_1_83' title='bbox 477 1175 497 1208; x_wconf 86' lang='grc'><strong>‹</strong></span> <span class='ocrx_word' id='word_1_84' title='bbox 517 1158 590 1212; x_wconf 89' lang='lat' dir='ltr'><strong>Da</strong></span> <span class='ocrx_word' id='word_1_85' title='bbox 613 1169 817 1226; x_wconf 88' lang='lat' dir='ltr'><strong>partem</strong></span> <span class='ocrx_word' id='word_1_86' title='bbox 841 1172 1066 1230; x_wconf 86' lang='lat' dir='ltr'><strong>septem,</strong></span> <span class='ocrx_word' id='word_1_87' title='bbox 1091 1178 1296 1216; x_wconf 85' lang='lat' dir='ltr'><strong>necnon</strong></span> <span class='ocrx_word' id='word_1_88' title='bbox 1313 1179 1364 1217; x_wconf 92' lang='lat' dir='ltr'><strong>et</strong></span> <span class='ocrx_word' id='word_1_89' title='bbox 1381 1173 1505 1216; x_wconf 90' lang='lat' dir='ltr'><strong>octo</strong></span> <span class='ocrx_word' id='word_1_90' title='bbox 1531 1163 1818 1232; x_wconf 78' lang='lat' dir='ltr'><strong>(Eccle.x1)</strong></span> <span class='ocrx_word' id='word_1_91' title='bbox 1843 1183 1860 1214; x_wconf 71' lang='grc' dir='ltr'><strong><em>ι</em></strong></span> <span class='ocrx_word' id='word_1_92' title='bbox 1883 1180 1898 1228; x_wconf 89' lang='lat'><strong>;</strong></span> 
     </span>
    </p>
   </div>
   <div class='ocr_carea' id='block_1_13' title="bbox 340 1249 1904 1320">
    <p class='ocr_par' dir='ltr' id='par_1_13' title="bbox 340 1249 1904 1320">
     <span class='ocr_line' id='line_1_13' title="bbox 340 1249 1904 1320; baseline 0.003 -20"><span class='ocrx_word' id='word_1_93' title='bbox 340 1249 418 1301; x_wconf 90' lang='lat' dir='ltr'><strong>sic</strong></span> <span class='ocrx_word' id='word_1_94' title='bbox 449 1257 768 1316; x_wconf 68' lang='lat' dir='ltr'><strong>prarsentcm</strong></span> <span class='ocrx_word' id='word_1_95' title='bbox 797 1250 997 1312; x_wconf 89' lang='lat' dir='ltr'><strong>vitam,</strong></span> <span class='ocrx_word' id='word_1_96' title='bbox 1039 1265 1159 1319; x_wconf 59' lang='lat' dir='ltr'><strong>qua?</strong></span> <span class='ocrx_word' id='word_1_97' title='bbox 1189 1267 1284 1320; x_wconf 88' lang='lat' dir='ltr'><strong>per</strong></span> <span class='ocrx_word' id='word_1_98' title='bbox 1311 1253 1672 1319; x_wconf 88' lang='lat' dir='ltr'><strong>scptenarium</strong></span> <span class='ocrx_word' id='word_1_99' title='bbox 1716 1265 1904 1305; x_wconf 86' lang='lat' dir='ltr'><strong>nume-</strong></span> 
     </span>
    </p>
   </div>
   <div class='ocr_carea' id='block_1_14' title="bbox 339 1335 1904 1404">
    <p class='ocr_par' dir='ltr' id='par_1_14' title="bbox 339 1335 1904 1404">
     <span class='ocr_line' id='line_1_14' title="bbox 339 1335 1904 1404; baseline 0.003 -18"><span class='ocrx_word' id='word_1_100' title='bbox 339 1349 457 1386; x_wconf 91' lang='lat' dir='ltr'><strong>rum</strong></span> <span class='ocrx_word' id='word_1_101' title='bbox 492 1335 822 1404; x_wconf 82' lang='lat' dir='ltr'><strong>designatur,</strong></span> <span class='ocrx_word' id='word_1_102' title='bbox 853 1351 1102 1400; x_wconf 85' lang='lat' dir='ltr'><strong>excurre,</strong></span> <span class='ocrx_word' id='word_1_103' title='bbox 1145 1347 1202 1389; x_wconf 92' lang='lat' dir='ltr'><strong>ut</strong></span> <span class='ocrx_word' id='word_1_104' title='bbox 1223 1336 1333 1403; x_wconf 88' lang='lat' dir='ltr'><strong>jam</strong></span> <span class='ocrx_word' id='word_1_105' title='bbox 1383 1339 1435 1390; x_wconf 89' lang='lat' dir='ltr'><strong>in</strong></span> <span class='ocrx_word' id='word_1_106' title='bbox 1478 1352 1663 1390; x_wconf 90' lang='lat' dir='ltr'><strong>amore</strong></span> <span class='ocrx_word' id='word_1_107' title='bbox 1690 1335 1904 1402; x_wconf 62' lang='lat' dir='ltr'><strong>futurae,</strong></span> 
     </span>
    </p>
   </div>
   <div class='ocr_carea' id='block_1_15' title="bbox 337 1426 1908 1497">
    <p class='ocr_par' dir='ltr' id='par_1_15' title="bbox 337 1426 1908 1497">
     <span class='ocr_line' id='line_1_15' title="bbox 337 1426 1908 1497; baseline 0.004 -25"><span class='ocrx_word' id='word_1_108' title='bbox 337 1437 457 1489; x_wconf 64' lang='lat' dir='ltr'><strong>quae</strong></span> <span class='ocrx_word' id='word_1_109' title='bbox 480 1438 574 1490; x_wconf 85' lang='lat' dir='ltr'><strong>per</strong></span> <span class='ocrx_word' id='word_1_110' title='bbox 593 1426 928 1478; x_wconf 89' lang='lat' dir='ltr'><strong>octonarium</strong></span> <span class='ocrx_word' id='word_1_111' title='bbox 956 1429 1363 1481; x_wconf 82' lang='lat' dir='ltr'><strong>resurrectionis</strong></span> <span class='ocrx_word' id='word_1_112' title='bbox 1386 1427 1638 1494; x_wconf 82' lang='lat' dir='ltr'><strong>exprimit</strong></span> <span class='ocrx_word' id='word_1_113' title='bbox 1661 1427 1908 1497; x_wconf 80' lang='lat' dir='ltr'><strong>gloriam,</strong></span> 
     </span>
    </p>
   </div>
   <div class='ocr_carea' id='block_1_16' title="bbox 342 1511 1906 1585">
    <p class='ocr_par' dir='ltr' id='par_1_16' title="bbox 342 1511 1906 1585">
     <span class='ocr_line' id='line_1_16' title="bbox 342 1511 1906 1585; baseline 0.006 -24"><span class='ocrx_word' id='word_1_114' title='bbox 342 1511 466 1563; x_wconf 88' lang='lat' dir='ltr'><strong>totis</strong></span> <span class='ocrx_word' id='word_1_115' title='bbox 494 1513 709 1566; x_wconf 79' lang='lat' dir='ltr'><strong>studeas</strong></span> <span class='ocrx_word' id='word_1_116' title='bbox 739 1515 1034 1570; x_wconf 88' lang='lat' dir='ltr'><strong>visceribus</strong></span> <span class='ocrx_word' id='word_1_117' title='bbox 1079 1517 1341 1571; x_wconf 84' lang='lat' dir='ltr'><strong>habitare.</strong></span> <span class='ocrx_word' id='word_1_118' title='bbox 1365 1517 1444 1570; x_wconf 91' lang='lat' dir='ltr'><strong>llli</strong></span> <span class='ocrx_word' id='word_1_119' title='bbox 1486 1517 1906 1585; x_wconf 86' lang='lat' dir='ltr'><strong>perfunctoriam</strong></span> 
     </span>
    </p>
   </div>
   <div class='ocr_carea' id='block_1_17' title="bbox 2015 543 3576 610">
    <p class='ocr_par' dir='ltr' id='par_1_17' title="bbox 2015 543 3576 610">
     <span class='ocr_line' id='line_1_17' title="bbox 2015 543 3576 610; baseline 0.01 -19"><span class='ocrx_word' id='word_1_120' title='bbox 2015 546 2122 592; x_wconf 89' lang='lat' dir='ltr'><strong>tem</strong></span> <span class='ocrx_word' id='word_1_121' title='bbox 2161 549 2324 608; x_wconf 86' lang='lat' dir='ltr'><strong>atque</strong></span> <span class='ocrx_word' id='word_1_122' title='bbox 2355 551 2689 609; x_wconf 87' lang='lat' dir='ltr'><strong>perpetuam,</strong></span> <span class='ocrx_word' id='word_1_123' title='bbox 2722 543 2858 596; x_wconf 88' lang='lat' dir='ltr'><strong>sicut</strong></span> <span class='ocrx_word' id='word_1_124' title='bbox 2888 553 3087 600; x_wconf 74' lang='lat' dir='ltr'><strong>aeterna</strong></span> <span class='ocrx_word' id='word_1_125' title='bbox 3133 558 3248 610; x_wconf 88' lang='lat' dir='ltr'><strong>est,</strong></span> <span class='ocrx_word' id='word_1_126' title='bbox 3295 549 3576 606; x_wconf 67' lang='lat' dir='ltr'><strong>indeficuae</strong></span> 
     </span>
    </p>
   </div>
   <div class='ocr_carea' id='block_1_18' title="bbox 2010 625 3578 701">
    <p class='ocr_par' dir='ltr' id='par_1_18' title="bbox 2010 625 3578 701">
     <span class='ocr_line' id='line_1_18' title="bbox 2010 625 3578 701; baseline 0.01 -21"><span class='ocrx_word' id='word_1_127' title='bbox 2010 625 2314 682; x_wconf 87' lang='lat' dir='ltr'><strong>dilectionis</strong></span> <span class='ocrx_word' id='word_1_128' title='bbox 2338 629 2437 698; x_wconf 84' lang='lat' dir='ltr'><strong>ﬁge</strong></span> <span class='ocrx_word' id='word_1_129' title='bbox 2458 629 2796 684; x_wconf 89' lang='lat' dir='ltr'><strong>sententiam.</strong></span> <span class='ocrx_word' id='word_1_130' title='bbox 2818 630 2988 685; x_wconf 86' lang='lat' dir='ltr'><strong>Porro</strong></span> <span class='ocrx_word' id='word_1_131' title='bbox 3011 635 3150 701; x_wconf 90' lang='lat' dir='ltr'><strong>quod</strong></span> <span class='ocrx_word' id='word_1_132' title='bbox 3178 635 3243 690; x_wconf 90' lang='lat' dir='ltr'><strong>de</strong></span> <span class='ocrx_word' id='word_1_133' title='bbox 3269 638 3578 695; x_wconf 78' lang='lat' dir='ltr'><strong>transitoria</strong></span> 
     </span>
    </p>
   </div>
   <div class='ocr_carea' id='block_1_19' title="bbox 2009 716 3578 792">
    <p class='ocr_par' dir='ltr' id='par_1_19' title="bbox 2009 716 3578 792">
     <span class='ocr_line' id='line_1_19' title="bbox 2009 716 3578 792; baseline 0.011 -25"><span class='ocrx_word' id='word_1_134' title='bbox 2009 716 2117 769; x_wconf 91' lang='lat' dir='ltr'><strong>vita</strong></span> <span class='ocrx_word' id='word_1_135' title='bbox 2165 716 2422 781; x_wconf 89' lang='lat' dir='ltr'><strong>dicimus,</strong></span> <span class='ocrx_word' id='word_1_136' title='bbox 2453 718 2555 772; x_wconf 90' lang='lat' dir='ltr'><strong>hoc</strong></span> <span class='ocrx_word' id='word_1_137' title='bbox 2589 727 2642 773; x_wconf 92' lang='lat' dir='ltr'><strong>et</strong></span> <span class='ocrx_word' id='word_1_138' title='bbox 2685 719 2752 775; x_wconf 89' lang='lat' dir='ltr'><strong>de</strong></span> <span class='ocrx_word' id='word_1_139' title='bbox 2793 721 3047 776; x_wconf 80' lang='lat' dir='ltr'><strong>exteriori</strong></span> <span class='ocrx_word' id='word_1_140' title='bbox 3077 725 3358 792; x_wconf 81' lang='lat' dir='ltr'><strong>prudentia</strong></span> <span class='ocrx_word' id='word_1_141' title='bbox 3388 740 3578 784; x_wconf 81' lang='lat' dir='ltr'><strong>conse-</strong></span> 
     </span>
    </p>
   </div>
   <div class='ocr_carea' id='block_1_20' title="bbox 2009 807 3576 872">
    <p class='ocr_par' dir='ltr' id='par_1_20' title="bbox 2009 807 3576 872">
     <span class='ocr_line' id='line_1_20' title="bbox 2009 807 3576 872; baseline 0.009 -14"><span class='ocrx_word' id='word_1_142' title='bbox 2009 812 2234 872; x_wconf 87' lang='lat' dir='ltr'><strong>quenter</strong></span> <span class='ocrx_word' id='word_1_143' title='bbox 2275 807 2625 861; x_wconf 85' lang='lat' dir='ltr'><strong>admonemus</strong></span> <span class='ocrx_word' id='word_1_144' title='bbox 2655 825 2668 861; x_wconf 89' lang='lat'><strong>:</strong></span> <span class='ocrx_word' id='word_1_145' title='bbox 2698 811 2948 866; x_wconf 90' lang='lat' dir='ltr'><strong>nimirum</strong></span> <span class='ocrx_word' id='word_1_146' title='bbox 2999 827 3055 868; x_wconf 91' lang='lat' dir='ltr'><strong>ut</strong></span> <span class='ocrx_word' id='word_1_147' title='bbox 3100 815 3151 867; x_wconf 92' lang='lat' dir='ltr'><strong>in</strong></span> <span class='ocrx_word' id='word_1_148' title='bbox 3183 817 3362 869; x_wconf 89' lang='lat' dir='ltr'><strong>animo</strong></span> <span class='ocrx_word' id='word_1_149' title='bbox 3401 829 3492 872; x_wconf 90' lang='lat' dir='ltr'><strong>tuo</strong></span> <span class='ocrx_word' id='word_1_150' title='bbox 3520 825 3576 872; x_wconf 81' lang='lat' dir='ltr'><strong>et</strong></span> 
     </span>
    </p>
   </div>
   <div class='ocr_carea' id='block_1_21' title="bbox 2011 893 3574 972">
    <p class='ocr_par' dir='ltr' id='par_1_21' title="bbox 2011 893 3574 972">
     <span class='ocr_line' id='line_1_21' title="bbox 2011 893 3574 972; baseline 0.009 -28"><span class='ocrx_word' id='word_1_151' title='bbox 2011 893 2318 962; x_wconf 87' lang='lat' dir='ltr'><strong>temporalis</strong></span> <span class='ocrx_word' id='word_1_152' title='bbox 2345 895 2469 958; x_wconf 89' lang='lat' dir='ltr'><strong>vita,</strong></span> <span class='ocrx_word' id='word_1_153' title='bbox 2494 905 2547 949; x_wconf 91' lang='lat' dir='ltr'><strong>et</strong></span> <span class='ocrx_word' id='word_1_154' title='bbox 2576 897 3116 961; x_wconf 68' lang='lat' dir='ltr'><strong>sciexntia-smcrtlat-is.</strong></span> <span class='ocrx_word' id='word_1_155' title='bbox 3142 910 3395 972; x_wconf 85' lang='lat' dir='ltr'><strong>tanquam</strong></span> <span class='ocrx_word' id='word_1_156' title='bbox 3427 918 3574 960; x_wconf 85' lang='lat' dir='ltr'><strong>inen-</strong></span> 
     </span>
    </p>
   </div>
   <div class='ocr_carea' id='block_1_22' title="bbox 2011 979 3576 1049">
    <p class='ocr_par' dir='ltr' id='par_1_22' title="bbox 2011 979 3576 1049">
     <span class='ocr_line' id='line_1_22' title="bbox 2011 979 3576 1049; baseline 0.008 -16"><span class='ocrx_word' id='word_1_157' title='bbox 2011 979 2082 1033; x_wconf 85' lang='lat' dir='ltr'><strong>tis</strong></span> <span class='ocrx_word' id='word_1_158' title='bbox 2110 981 2260 1034; x_wconf 86' lang='lat' dir='ltr'><strong>calce</strong></span> <span class='ocrx_word' id='word_1_159' title='bbox 2306 981 2579 1049; x_wconf 85' lang='lat' dir='ltr'><strong>depressa,</strong></span> <span class='ocrx_word' id='word_1_160' title='bbox 2619 985 2880 1039; x_wconf 81' lang='lat' dir='ltr'><strong>subsidat.</strong></span> <span class='ocrx_word' id='word_1_161' title='bbox 2928 987 3092 1041; x_wconf 84' lang='lat' dir='ltr'><strong>Amor</strong></span> <span class='ocrx_word' id='word_1_162' title='bbox 3137 999 3317 1042; x_wconf 88' lang='lat' dir='ltr'><strong>autem</strong></span> <span class='ocrx_word' id='word_1_163' title='bbox 3360 1001 3576 1046; x_wconf 70' lang='lat' dir='ltr'><strong>aeternae</strong></span> 
     </span>
    </p>
   </div>
   <div class='ocr_carea' id='block_1_23' title="bbox 1991 1066 3573 1154">
    <p class='ocr_par' dir='ltr' id='par_1_23' title="bbox 1991 1066 3573 1154">
     <span class='ocr_line' id='line_1_23' title="bbox 1991 1066 3573 1154; baseline 0.011 -36"><span class='ocrx_word' id='word_1_164' title='bbox 1991 1066 2151 1154; x_wconf 47' lang='lat' dir='ltr'><strong>‘vitat,</strong></span> <span class='ocrx_word' id='word_1_165' title='bbox 2174 1079 2227 1120; x_wconf 91' lang='lat' dir='ltr'><strong>et</strong></span> <span class='ocrx_word' id='word_1_166' title='bbox 2251 1069 2546 1137; x_wconf 80' lang='lat' dir='ltr'><strong>spiritualis</strong></span> <span class='ocrx_word' id='word_1_167' title='bbox 2567 1072 2800 1126; x_wconf 90' lang='lat' dir='ltr'><strong>studium</strong></span> <span class='ocrx_word' id='word_1_168' title='bbox 2820 1074 3270 1141; x_wconf 76' lang='lat' dir='ltr'><strong>sapientite,velut</strong></span> <span class='ocrx_word' id='word_1_169' title='bbox 3293 1079 3344 1132; x_wconf 89' lang='lat' dir='ltr'><strong>in</strong></span> <span class='ocrx_word' id='word_1_170' title='bbox 3364 1096 3573 1135; x_wconf 90' lang='lat' dir='ltr'><strong>summa</strong></span> 
     </span>
    </p>
   </div>
   <div class='ocr_carea' id='block_1_24' title="bbox 2008 1158 3575 1235">
    <p class='ocr_par' dir='ltr' id='par_1_24' title="bbox 2008 1158 3575 1235">
     <span class='ocr_line' id='line_1_24' title="bbox 2008 1158 3575 1235; baseline 0.008 -25"><span class='ocrx_word' id='word_1_171' title='bbox 2008 1158 2188 1212; x_wconf 83' lang='lat' dir='ltr'><strong>cordis</strong></span> <span class='ocrx_word' id='word_1_172' title='bbox 2217 1160 2289 1212; x_wconf 90' lang='lat' dir='ltr'><strong>tui</strong></span> <span class='ocrx_word' id='word_1_173' title='bbox 2319 1163 2647 1217; x_wconf 91' lang='lat' dir='ltr'><strong>constitutus</strong></span> <span class='ocrx_word' id='word_1_174' title='bbox 2670 1179 2795 1218; x_wconf 86' lang='lat' dir='ltr'><strong>arce</strong></span> <span class='ocrx_word' id='word_1_175' title='bbox 2822 1165 3122 1233; x_wconf 67' lang='lat' dir='ltr'><strong>praecellat;</strong></span> <span class='ocrx_word' id='word_1_176' title='bbox 3159 1178 3424 1235; x_wconf 88' lang='lat' dir='ltr'><strong>quatenus</strong></span> <span class='ocrx_word' id='word_1_177' title='bbox 3451 1171 3575 1224; x_wconf 89' lang='lat' dir='ltr'><strong>dum</strong></span> 
     </span>
    </p>
   </div>
   <div class='ocr_carea' id='block_1_25' title="bbox 2009 1243 3576 1324">
    <p class='ocr_par' dir='ltr' id='par_1_25' title="bbox 2009 1243 3576 1324">
     <span class='ocr_line' id='line_1_25' title="bbox 2009 1243 3576 1324; baseline 0.007 -27"><span class='ocrx_word' id='word_1_178' title='bbox 2009 1243 2247 1315; x_wconf 80' lang='lat' dir='ltr'><strong>fragilem</strong></span> <span class='ocrx_word' id='word_1_179' title='bbox 2277 1248 2412 1302; x_wconf 89' lang='lat' dir='ltr'><strong>hanc</strong></span> <span class='ocrx_word' id='word_1_180' title='bbox 2440 1250 2602 1304; x_wconf 88' lang='lat' dir='ltr'><strong>vitam</strong></span> <span class='ocrx_word' id='word_1_181' title='bbox 2633 1267 2755 1305; x_wconf 91' lang='lat' dir='ltr'><strong>cum</strong></span> <span class='ocrx_word' id='word_1_182' title='bbox 2783 1268 2876 1306; x_wconf 88' lang='lat' dir='ltr'><strong>sua</strong></span> <span class='ocrx_word' id='word_1_183' title='bbox 2903 1255 3167 1323; x_wconf 80' lang='lat' dir='ltr'><strong>sapientia</strong></span> <span class='ocrx_word' id='word_1_184' title='bbox 3210 1257 3459 1324; x_wconf 81' lang='lat' dir='ltr'><strong>despicis,</strong></span> <span class='ocrx_word' id='word_1_185' title='bbox 3490 1273 3576 1311; x_wconf 84' lang='lat' dir='ltr'><strong>re-</strong></span> 
     </span>
    </p>
   </div>
   <div class='ocr_carea' id='block_1_26' title="bbox 2007 1337 3582 1417">
    <p class='ocr_par' dir='ltr' id='par_1_26' title="bbox 2007 1337 3582 1417">
     <span class='ocr_line' id='line_1_26' title="bbox 2007 1337 3582 1417; baseline 0.008 -29"><span class='ocrx_word' id='word_1_186' title='bbox 2007 1337 2137 1404; x_wconf 89' lang='lat' dir='ltr'><strong>pleri</strong></span> <span class='ocrx_word' id='word_1_187' title='bbox 2162 1339 2341 1392; x_wconf 86' lang='lat' dir='ltr'><strong>divino</strong></span> <span class='ocrx_word' id='word_1_188' title='bbox 2366 1339 2590 1407; x_wconf 87' lang='lat' dir='ltr'><strong>Spiritu,</strong></span> <span class='ocrx_word' id='word_1_189' title='bbox 2614 1343 2703 1409; x_wconf 90' lang='lat' dir='ltr'><strong>qui</strong></span> <span class='ocrx_word' id='word_1_190' title='bbox 2734 1344 2796 1396; x_wconf 88' lang='lat' dir='ltr'><strong>ad</strong></span> <span class='ocrx_word' id='word_1_191' title='bbox 2825 1353 3078 1399; x_wconf 65' lang='lat' dir='ltr'><strong>aaternatn</strong></span> <span class='ocrx_word' id='word_1_192' title='bbox 3106 1354 3156 1400; x_wconf 90' lang='lat' dir='ltr'><strong>te</strong></span> <span class='ocrx_word' id='word_1_193' title='bbox 3183 1356 3437 1417; x_wconf 76' lang='lat' dir='ltr'><strong>provocet</strong></span> <span class='ocrx_word' id='word_1_194' title='bbox 3465 1348 3582 1417; x_wconf 77' lang='lat' dir='ltr'><strong>glo-</strong></span> 
     </span>
    </p>
   </div>
   <div class='ocr_carea' id='block_1_27' title="bbox 2009 1429 3144 1494">
    <p class='ocr_par' dir='ltr' id='par_1_27' title="bbox 2009 1429 3144 1494">
     <span class='ocr_line' id='line_1_27' title="bbox 2009 1429 3144 1494; baseline 0.004 -12"><span class='ocrx_word' id='word_1_195' title='bbox 2009 1429 2169 1494; x_wconf 91' lang='lat' dir='ltr'><strong>riam,</strong></span> <span class='ocrx_word' id='word_1_196' title='bbox 2202 1429 2341 1484; x_wconf 81' lang='lat' dir='ltr'><strong>felici</strong></span> <span class='ocrx_word' id='word_1_197' title='bbox 2371 1431 2743 1487; x_wconf 83' lang='lat' dir='ltr'><strong>vicissitudine</strong></span> <span class='ocrx_word' id='word_1_198' title='bbox 2771 1436 3055 1488; x_wconf 87' lang='lat' dir='ltr'><strong>merearis.</strong></span> <span class='ocrx_word' id='word_1_199' title='bbox 3141 1465 3144 1470; x_wconf 92' lang='lat'><strong><em>-</em></strong></span> 
     </span>
    </p>
   </div>
   <div class='ocr_carea' id='block_1_28' title="bbox 1991 1517 3231 1578">
    <p class='ocr_par' dir='ltr' id='par_1_28' title="bbox 1991 1517 3231 1578">
     <span class='ocr_line' id='line_1_28' title="bbox 1991 1517 3231 1578; baseline 0.002 -5"><span class='ocrx_word' id='word_1_200' title='bbox 1991 1530 1994 1533; x_wconf 85' lang='lat'>&#39;</span> <span class='ocrx_word' id='word_1_201' title='bbox 2035 1556 2108 1573; x_wconf 77' lang='grc'><strong>--</strong></span> <span class='ocrx_word' id='word_1_202' title='bbox 2343 1517 2422 1574; x_wconf 88' lang='lat' dir='ltr'><strong>Sit</strong></span> <span class='ocrx_word' id='word_1_203' title='bbox 2451 1537 2633 1574; x_wconf 87' lang='lat' dir='ltr'><strong>nomen</strong></span> <span class='ocrx_word' id='word_1_204' title='bbox 2657 1521 2865 1576; x_wconf 81' lang='lat' dir='ltr'><strong>Domini</strong></span> <span class='ocrx_word' id='word_1_205' title='bbox 2891 1524 3231 1578; x_wconf 79' lang='lat' dir='ltr'><strong>benedictum.</strong></span> 
     </span>
    </p>
   </div>
   <div class='ocr_carea' id='block_1_29' title="bbox 359 1717 3554 1748">
    <p class='ocr_par' dir='ltr' id='par_1_29' title="bbox 359 1717 3554 1748">
     <span class='ocr_line' id='line_1_29' title="bbox 359 1717 3554 1748; baseline 0.001 -4"><span class='ocrx_word' id='word_1_206' title='bbox 359 1717 3554 1748; x_wconf 58' lang='lat' dir='ltr'><strong><em>mm</em></strong></span> 
     </span>
    </p>
   </div>
   <div class='ocr_carea' id='block_1_30' title="bbox 423 1813 3453 2010">
    <p class='ocr_par' dir='ltr' id='par_1_30' title="bbox 423 1813 3453 2010">
     <span class='ocr_line' id='line_1_30' title="bbox 423 1813 3453 2010; baseline 0.004 -26"><span class='ocrx_word' id='word_1_207' title='bbox 423 1871 780 1944; x_wconf 70' lang='lat'><strong>885-886</strong></span> <span class='ocrx_word' id='word_1_208' title='bbox 838 1889 1612 1994; x_wconf 87' lang='lat' dir='ltr'><strong>OPUSCULUM</strong></span> <span class='ocrx_word' id='word_1_209' title='bbox 1689 1813 2894 2010; x_wconf 15' lang='lat' dir='ltr'><strong>QUINQUAGESIMUMJ</strong></span> <span class='ocrx_word' id='word_1_210' title='bbox 2953 1892 3453 1996; x_wconf 82' lang='lat' dir='ltr'><strong>NONUM.</strong></span> 
     </span>
    </p>
   </div>
   <div class='ocr_carea' id='block_1_31' title="bbox 1281 2090 2617 2157">
    <p class='ocr_par' dir='ltr' id='par_1_31' title="bbox 1281 2090 2617 2157">
     <span class='ocr_line' id='line_1_31' title="bbox 1281 2090 2617 2157; baseline -0.002 0"><span class='ocrx_word' id='word_1_211' title='bbox 1281 2099 1388 2157; x_wconf 85' lang='lat' dir='ltr'><strong>DE</strong></span> <span class='ocrx_word' id='word_1_212' title='bbox 1430 2093 1877 2153; x_wconf 75' lang='lat' dir='ltr'><strong>NOVISSiMIb</strong></span> <span class='ocrx_word' id='word_1_213' title='bbox 1921 2093 2020 2150; x_wconf 83' lang='grc' dir='ltr'><strong>ΕΤ</strong></span> <span class='ocrx_word' id='word_1_214' title='bbox 2059 2090 2617 2154; x_wconf 78' lang='lat' dir='ltr'><strong>ANTICHRISTO.</strong></span> 
     </span>
    </p>
   </div>
   <div class='ocr_carea' id='block_1_32' title="bbox 334 2334 3572 2406">
    <p class='ocr_par' dir='ltr' id='par_1_32' title="bbox 334 2334 3572 2406">
     <span class='ocr_line' id='line_1_32' title="bbox 334 2334 3572 2406; baseline -0.001 -10"><span class='ocrx_word' id='word_1_215' title='bbox 334 2342 738 2398; x_wconf 63' lang='lat' dir='ltr'><strong>Ancona-urunt.</strong></span> <span class='ocrx_word' id='word_1_216' title='bbox 765 2369 830 2379; x_wconf 89' lang='lat'><strong><em>—</em></strong></span> <span class='ocrx_word' id='word_1_217' title='bbox 860 2337 1107 2394; x_wconf 85' lang='lat' dir='ltr'><strong>Ostendit</strong></span> <span class='ocrx_word' id='word_1_218' title='bbox 1131 2338 1304 2406; x_wconf 91' lang='lat' dir='ltr'><strong>primo</strong></span> <span class='ocrx_word' id='word_1_219' title='bbox 1329 2338 1536 2390; x_wconf 74' lang='lat' dir='ltr'><strong>dittieile</strong></span> <span class='ocrx_word' id='word_1_220' title='bbox 1560 2353 1678 2391; x_wconf 85' lang='lat' dir='ltr'><strong>esse</strong></span> <span class='ocrx_word' id='word_1_221' title='bbox 1708 2338 1849 2405; x_wconf 78' lang='lat' dir='ltr'><strong>loqui</strong></span> <span class='ocrx_word' id='word_1_222' title='bbox 1883 2339 1948 2392; x_wconf 83' lang='lat' dir='ltr'><strong>de</strong></span> <span class='ocrx_word' id='word_1_223' title='bbox 1972 2335 2132 2392; x_wconf 80' lang='lat' dir='ltr'><strong>rebus</strong></span> <span class='ocrx_word' id='word_1_224' title='bbox 2159 2334 2496 2406; x_wconf 77' lang='lat' dir='ltr'><strong>novissimis;</strong></span> <span class='ocrx_word' id='word_1_225' title='bbox 2530 2335 2720 2390; x_wconf 89' lang='lat' dir='ltr'><strong>deinde</strong></span> <span class='ocrx_word' id='word_1_226' title='bbox 2752 2337 2931 2392; x_wconf 89' lang='lat' dir='ltr'><strong>utilem</strong></span> <span class='ocrx_word' id='word_1_227' title='bbox 2963 2354 3080 2394; x_wconf 86' lang='lat' dir='ltr'><strong>esse</strong></span> <span class='ocrx_word' id='word_1_228' title='bbox 3129 2355 3312 2394; x_wconf 84' lang='lat' dir='ltr'><strong>earum</strong></span> <span class='ocrx_word' id='word_1_229' title='bbox 3345 2341 3572 2395; x_wconf 85' lang='lat' dir='ltr'><strong>medita-</strong></span> 
     </span>
    </p>
   </div>
   <div class='ocr_carea' id='block_1_33' title="bbox 415 2404 3575 2481">
    <p class='ocr_par' dir='ltr' id='par_1_33' title="bbox 415 2404 3575 2481">
     <span class='ocr_line' id='line_1_33' title="bbox 415 2404 3575 2481; baseline 0 -17"><span class='ocrx_word' id='word_1_230' title='bbox 415 2413 611 2481; x_wconf 79' lang='lat' dir='ltr'><strong>tionem</strong></span> <span class='ocrx_word' id='word_1_231' title='bbox 641 2411 705 2481; x_wconf 88' lang='lat' dir='ltr'><strong>ad</strong></span> <span class='ocrx_word' id='word_1_232' title='bbox 740 2424 824 2462; x_wconf 88' lang='lat' dir='ltr'><strong>res</strong></span> <span class='ocrx_word' id='word_1_233' title='bbox 849 2409 1106 2461; x_wconf 87' lang='lat' dir='ltr'><strong>lnnnanas</strong></span> <span class='ocrx_word' id='word_1_234' title='bbox 1133 2404 1538 2481; x_wconf 63' lang='lat' dir='ltr'><strong>despiciendas;</strong></span> <span class='ocrx_word' id='word_1_235' title='bbox 1570 2409 1736 2481; x_wconf 67' lang='lat' dir='ltr'><strong>tertio</strong></span> <span class='ocrx_word' id='word_1_236' title='bbox 1763 2404 2001 2481; x_wconf 57' lang='lat' dir='ltr'><strong>disputat</strong></span> <span class='ocrx_word' id='word_1_237' title='bbox 2024 2407 2087 2458; x_wconf 89' lang='lat' dir='ltr'><strong>de</strong></span> <span class='ocrx_word' id='word_1_238' title='bbox 2117 2404 2433 2481; x_wconf 48' lang='lat' dir='ltr'><strong>antichristi</strong></span> <span class='ocrx_word' id='word_1_239' title='bbox 2465 2420 2630 2473; x_wconf 82' lang='lat' dir='ltr'><strong>regno</strong></span> <span class='ocrx_word' id='word_1_240' title='bbox 2653 2415 2708 2459; x_wconf 92' lang='lat' dir='ltr'><strong>et</strong></span> <span class='ocrx_word' id='word_1_241' title='bbox 2747 2417 2954 2473; x_wconf 88' lang='lat' dir='ltr'><strong>morte;</strong></span> <span class='ocrx_word' id='word_1_242' title='bbox 2991 2409 3222 2478; x_wconf 85' lang='lat' dir='ltr'><strong>denique</strong></span> <span class='ocrx_word' id='word_1_243' title='bbox 3253 2412 3318 2464; x_wconf 91' lang='lat' dir='ltr'><strong>de</strong></span> <span class='ocrx_word' id='word_1_244' title='bbox 3347 2411 3575 2481; x_wconf 86' lang='lat' dir='ltr'><strong>quinde-</strong></span> 
     </span>
    </p>
   </div>
   <div class='ocr_carea' id='block_1_34' title="bbox 408 2475 2253 2550">
    <p class='ocr_par' dir='ltr' id='par_1_34' title="bbox 408 2475 2253 2550">
     <span class='ocr_line' id='line_1_34' title="bbox 408 2475 2253 2550; baseline -0.003 -16"><span class='ocrx_word' id='word_1_245' title='bbox 408 2482 513 2535; x_wconf 91' lang='lat' dir='ltr'><strong>cim</strong></span> <span class='ocrx_word' id='word_1_246' title='bbox 543 2480 731 2548; x_wconf 82' lang='lat' dir='ltr'><strong>signis,</strong></span> <span class='ocrx_word' id='word_1_247' title='bbox 762 2493 881 2546; x_wconf 83' lang='lat' dir='ltr'><strong>quae</strong></span> <span class='ocrx_word' id='word_1_248' title='bbox 904 2493 967 2531; x_wconf 80' lang='lat' dir='ltr'><strong>ex</strong></span> <span class='ocrx_word' id='word_1_249' title='bbox 997 2486 1182 2531; x_wconf 88' lang='lat' dir='ltr'><strong>sancto</strong></span> <span class='ocrx_word' id='word_1_250' title='bbox 1212 2475 1531 2550; x_wconf 85' lang='lat' dir='ltr'><strong>Hieronymo</strong></span> <span class='ocrx_word' id='word_1_251' title='bbox 1561 2478 1698 2530; x_wconf 84' lang='lat' dir='ltr'><strong>diem</strong></span> <span class='ocrx_word' id='word_1_252' title='bbox 1719 2476 1903 2544; x_wconf 74' lang='lat' dir='ltr'><strong>iudicii</strong></span> <span class='ocrx_word' id='word_1_253' title='bbox 1931 2475 2253 2543; x_wconf 69' lang='lat' dir='ltr'><strong>praecedeut.</strong></span> 
     </span>
    </p>
   </div>
   <div class='ocr_carea' id='block_1_35' title="bbox 409 2600 3571 2678">
    <p class='ocr_par' dir='ltr' id='par_1_35' title="bbox 409 2600 3571 2678">
     <span class='ocr_line' id='line_1_35' title="bbox 409 2600 3571 2678; baseline -0.001 -13"><span class='ocrx_word' id='word_1_254' title='bbox 409 2610 608 2665; x_wconf 86' lang='lat' dir='ltr'><strong>Dilecto</strong></span> <span class='ocrx_word' id='word_1_255' title='bbox 658 2606 810 2660; x_wconf 81' lang='lat' dir='ltr'><strong>fratri</strong></span> <span class='ocrx_word' id='word_1_256' title='bbox 871 2606 1002 2660; x_wconf 71' lang='lat' dir='ltr'><strong>Ama</strong></span> <span class='ocrx_word' id='word_1_257' title='bbox 1051 2605 1264 2660; x_wconf 75' lang='lat' dir='ltr'><strong>PETBUS</strong></span> <span class='ocrx_word' id='word_1_258' title='bbox 1304 2614 1553 2675; x_wconf 86' lang='lat' dir='ltr'><strong>peccator</strong></span> <span class='ocrx_word' id='word_1_259' title='bbox 1603 2604 1895 2659; x_wconf 85' lang='lat' dir='ltr'><strong>monachus</strong></span> <span class='ocrx_word' id='word_1_260' title='bbox 1927 2610 1968 2666; x_wconf 82' lang='grc' dir='ltr'>Β</span> <span class='ocrx_word' id='word_1_261' title='bbox 1991 2601 2135 2670; x_wconf 81' lang='lat' dir='ltr'><strong>jora,</strong></span> <span class='ocrx_word' id='word_1_262' title='bbox 2191 2600 2293 2654; x_wconf 88' lang='lat' dir='ltr'><strong>ista</strong></span> <span class='ocrx_word' id='word_1_263' title='bbox 2343 2600 2450 2655; x_wconf 91' lang='lat' dir='ltr'><strong>sint</strong></span> <span class='ocrx_word' id='word_1_264' title='bbox 2497 2600 2987 2669; x_wconf 77' lang='lat' dir='ltr'><strong>i..comparabiliter</strong></span> <span class='ocrx_word' id='word_1_265' title='bbox 3057 2605 3298 2661; x_wconf 87' lang='lat' dir='ltr'><strong>minima.</strong></span> <span class='ocrx_word' id='word_1_266' title='bbox 3339 2606 3571 2678; x_wconf 85' lang='lat' dir='ltr'><strong>Ideoque</strong></span> 
     </span>
    </p>
   </div>
   <div class='ocr_carea' id='block_1_36' title="bbox 331 2695 1162 2756">
    <p class='ocr_par' dir='ltr' id='par_1_36' title="bbox 331 2695 1162 2756">
     <span class='ocr_line' id='line_1_36' title="bbox 331 2695 1162 2756; baseline -0.01 -1"><span class='ocrx_word' id='word_1_267' title='bbox 331 2699 556 2756; x_wconf 64' lang='lat' dir='ltr'><strong>humilis</strong></span> <span class='ocrx_word' id='word_1_268' title='bbox 581 2699 634 2752; x_wconf 92' lang='lat' dir='ltr'><strong>in</strong></span> <span class='ocrx_word' id='word_1_269' title='bbox 665 2695 888 2749; x_wconf 88' lang='lat' dir='ltr'><strong>Domino</strong></span> <span class='ocrx_word' id='word_1_270' title='bbox 915 2695 1162 2748; x_wconf 87' lang='lat' dir='ltr'><strong>salutem.</strong></span> 
     </span>
    </p>
   </div>
   <div class='ocr_carea' id='block_1_37' title="bbox 853 2781 1408 2839">
    <p class='ocr_par' dir='ltr' id='par_1_37' title="bbox 853 2781 1408 2839">
     <span class='ocr_line' id='line_1_37' title="bbox 853 2781 1408 2839; baseline -0.011 0"><span class='ocrx_word' id='word_1_271' title='bbox 853 2781 1080 2839; x_wconf 81' lang='lat' dir='ltr'><strong>CAPUT</strong></span> <span class='ocrx_word' id='word_1_272' title='bbox 1120 2781 1408 2837; x_wconf 79' lang='lat' dir='ltr'><strong>PRIMUM.</strong></span> 
     </span>
    </p>
   </div>
   <div class='ocr_carea' id='block_1_38' title="bbox 582 2871 1679 2942">
    <p class='ocr_par' dir='ltr' id='par_1_38' title="bbox 582 2871 1679 2942">
     <span class='ocr_line' id='line_1_38' title="bbox 582 2871 1679 2942; baseline -0.005 -11"><span class='ocrx_word' id='word_1_273' title='bbox 582 2876 658 2931; x_wconf 87' lang='lat' dir='ltr'><strong>De</strong></span> <span class='ocrx_word' id='word_1_274' title='bbox 677 2875 826 2930; x_wconf 80' lang='lat' dir='ltr'><strong>rebus</strong></span> <span class='ocrx_word' id='word_1_275' title='bbox 857 2874 1146 2928; x_wconf 76' lang='lat' dir='ltr'><strong>novissimis</strong></span> <span class='ocrx_word' id='word_1_276' title='bbox 1175 2873 1313 2942; x_wconf 84' lang='lat' dir='ltr'><strong>loqui</strong></span> <span class='ocrx_word' id='word_1_277' title='bbox 1345 2871 1552 2942; x_wconf 77' lang='lat' dir='ltr'><strong>di/ﬁcile</strong></span> <span class='ocrx_word' id='word_1_278' title='bbox 1585 2882 1679 2925; x_wconf 80' lang='lat' dir='ltr'><strong>est.</strong></span> 
     </span>
    </p>
   </div>
   <div class='ocr_carea' id='block_1_39' title="bbox 404 2963 1904 3037">
    <p class='ocr_par' dir='ltr' id='par_1_39' title="bbox 404 2963 1904 3037">
     <span class='ocr_line' id='line_1_39' title="bbox 404 2963 1904 3037; baseline -0.001 -19"><span class='ocrx_word' id='word_1_279' title='bbox 404 2969 554 3037; x_wconf 83' lang='lat' dir='ltr'><strong>Quod</strong></span> <span class='ocrx_word' id='word_1_280' title='bbox 583 2982 688 3031; x_wconf 89' lang='lat' dir='ltr'><strong>me,</strong></span> <span class='ocrx_word' id='word_1_281' title='bbox 719 2967 879 3020; x_wconf 87' lang='lat' dir='ltr'><strong>frater</strong></span> <span class='ocrx_word' id='word_1_282' title='bbox 903 2964 1234 3026; x_wconf 84' lang='lat' dir='ltr'><strong>cliarissime,</strong></span> <span class='ocrx_word' id='word_1_283' title='bbox 1260 2965 1386 3033; x_wconf 87' lang='lat' dir='ltr'><strong>qttid</strong></span> <span class='ocrx_word' id='word_1_284' title='bbox 1405 2973 1528 3018; x_wconf 88' lang='lat' dir='ltr'><strong>ante</strong></span> <span class='ocrx_word' id='word_1_285' title='bbox 1544 2963 1722 3019; x_wconf 89' lang='lat' dir='ltr'><strong>mundi</strong></span> <span class='ocrx_word' id='word_1_286' title='bbox 1754 2978 1904 3018; x_wconf 90' lang='lat' dir='ltr'><strong>crea-</strong></span> 
     </span>
    </p>
   </div>
   <div class='ocr_carea' id='block_1_40' title="bbox 333 3053 1902 3125">
    <p class='ocr_par' dir='ltr' id='par_1_40' title="bbox 333 3053 1902 3125">
     <span class='ocr_line' id='line_1_40' title="bbox 333 3053 1902 3125; baseline -0.004 -11"><span class='ocrx_word' id='word_1_287' title='bbox 333 3062 533 3115; x_wconf 73' lang='lat' dir='ltr'><strong>tionem</strong></span> <span class='ocrx_word' id='word_1_288' title='bbox 562 3058 740 3120; x_wconf 90' lang='lat' dir='ltr'><strong>fuerit,</strong></span> <span class='ocrx_word' id='word_1_289' title='bbox 779 3056 904 3125; x_wconf 92' lang='lat' dir='ltr'><strong>quid</strong></span> <span class='ocrx_word' id='word_1_290' title='bbox 928 3053 1319 3125; x_wconf 87' lang='lat' dir='ltr'><strong>postjudicium</strong></span> <span class='ocrx_word' id='word_1_291' title='bbox 1346 3054 1411 3108; x_wconf 91' lang='lat' dir='ltr'><strong>de</strong></span> <span class='ocrx_word' id='word_1_292' title='bbox 1442 3055 1637 3109; x_wconf 90' lang='lat' dir='ltr'><strong>mundo</strong></span> <span class='ocrx_word' id='word_1_293' title='bbox 1665 3055 1902 3109; x_wconf 88' lang='lat' dir='ltr'><strong>futurum</strong></span> 
     </span>
    </p>
   </div>
   <div class='ocr_carea' id='block_1_41' title="bbox 334 3142 1901 3213">
    <p class='ocr_par' dir='ltr' id='par_1_41' title="bbox 334 3142 1901 3213">
     <span class='ocr_line' id='line_1_41' title="bbox 334 3142 1901 3213; baseline -0.004 -9"><span class='ocrx_word' id='word_1_294' title='bbox 334 3151 423 3212; x_wconf 90' lang='lat' dir='ltr'><strong>sit,</strong></span> <span class='ocrx_word' id='word_1_295' title='bbox 457 3147 698 3210; x_wconf 85' lang='lat' dir='ltr'><strong>discutis,</strong></span> <span class='ocrx_word' id='word_1_296' title='bbox 724 3145 916 3213; x_wconf 89' lang='lat' dir='ltr'><strong>deipso</strong></span> <span class='ocrx_word' id='word_1_297' title='bbox 936 3158 1149 3213; x_wconf 91' lang='lat' dir='ltr'><strong>quoque</strong></span> <span class='ocrx_word' id='word_1_298' title='bbox 1169 3142 1373 3210; x_wconf 85' lang='lat' dir='ltr'><strong>judicio</strong></span> <span class='ocrx_word' id='word_1_299' title='bbox 1402 3143 1627 3196; x_wconf 78' lang='lat' dir='ltr'><strong>solerter</strong></span> <span class='ocrx_word' id='word_1_300' title='bbox 1652 3143 1901 3212; x_wconf 89' lang='lat' dir='ltr'><strong>inquiris,</strong></span> 
     </span>
    </p>
   </div>
   <div class='ocr_carea' id='block_1_42' title="bbox 326 3231 1904 3308">
    <p class='ocr_par' dir='ltr' id='par_1_42' title="bbox 326 3231 1904 3308">
     <span class='ocr_line' id='line_1_42' title="bbox 326 3231 1904 3308; baseline -0.004 -16"><span class='ocrx_word' id='word_1_301' title='bbox 326 3238 618 3308; x_wconf 67' lang='lat' dir='ltr'><strong>tuquidem</strong></span> <span class='ocrx_word' id='word_1_302' title='bbox 656 3235 917 3302; x_wconf 83' lang='lat' dir='ltr'><strong>religiose,</strong></span> <span class='ocrx_word' id='word_1_303' title='bbox 943 3245 997 3288; x_wconf 91' lang='lat' dir='ltr'><strong>ct</strong></span> <span class='ocrx_word' id='word_1_304' title='bbox 1025 3233 1316 3302; x_wconf 88' lang='lat' dir='ltr'><strong>prudenter</strong></span> <span class='ocrx_word' id='word_1_305' title='bbox 1344 3231 1488 3300; x_wconf 81' lang='lat' dir='ltr'><strong>agis;</strong></span> <span class='ocrx_word' id='word_1_306' title='bbox 1515 3246 1699 3283; x_wconf 90' lang='lat' dir='ltr'><strong>verum</strong></span> <span class='ocrx_word' id='word_1_307' title='bbox 1732 3247 1816 3285; x_wconf 89' lang='lat' dir='ltr'><strong>me</strong></span> <span class='ocrx_word' id='word_1_308' title='bbox 1839 3233 1904 3285; x_wconf 91' lang='lat' dir='ltr'><strong>ad</strong></span> 
     </span>
    </p>
   </div>
   <div class='ocr_carea' id='block_1_43' title="bbox 337 3320 1906 3398">
    <p class='ocr_par' dir='ltr' id='par_1_43' title="bbox 337 3320 1906 3398">
     <span class='ocr_line' id='line_1_43' title="bbox 337 3320 1906 3398; baseline -0.006 -16"><span class='ocrx_word' id='word_1_309' title='bbox 337 3328 604 3398; x_wconf 81' lang='lat' dir='ltr'><strong>incognita</strong></span> <span class='ocrx_word' id='word_1_310' title='bbox 632 3325 894 3396; x_wconf 88' lang='lat' dir='ltr'><strong>pertrahis</strong></span> <span class='ocrx_word' id='word_1_311' title='bbox 918 3333 972 3376; x_wconf 88' lang='lat' dir='ltr'><strong>et</strong></span> <span class='ocrx_word' id='word_1_312' title='bbox 1016 3339 1134 3390; x_wconf 81' lang='lat' dir='ltr'><strong>qme</strong></span> <span class='ocrx_word' id='word_1_313' title='bbox 1181 3323 1404 3376; x_wconf 88' lang='lat' dir='ltr'><strong>necdum</strong></span> <span class='ocrx_word' id='word_1_314' title='bbox 1453 3320 1658 3384; x_wconf 89' lang='lat' dir='ltr'><strong>didici,</strong></span> <span class='ocrx_word' id='word_1_315' title='bbox 1713 3323 1906 3376; x_wconf 88' lang='lat' dir='ltr'><strong>docere</strong></span> 
     </span>
    </p>
   </div>
   <div class='ocr_carea' id='block_1_44' title="bbox 337 3411 1905 3487">
    <p class='ocr_par' dir='ltr' id='par_1_44' title="bbox 337 3411 1905 3487">
     <span class='ocr_line' id='line_1_44' title="bbox 337 3411 1905 3487; baseline -0.006 -14"><span class='ocrx_word' id='word_1_316' title='bbox 337 3419 635 3487; x_wconf 84' lang='lat' dir='ltr'><strong>compellis.</strong></span> <span class='ocrx_word' id='word_1_317' title='bbox 692 3417 900 3482; x_wconf 69' lang='lat' dir='ltr'><strong>Qumris</strong></span> <span class='ocrx_word' id='word_1_318' title='bbox 921 3414 1073 3484; x_wconf 89' lang='lat' dir='ltr'><strong>plane</strong></span> <span class='ocrx_word' id='word_1_319' title='bbox 1118 3413 1256 3482; x_wconf 90' lang='lat' dir='ltr'><strong>quod</strong></span> <span class='ocrx_word' id='word_1_320' title='bbox 1298 3411 1517 3471; x_wconf 88' lang='lat' dir='ltr'><strong>nescio;</strong></span> <span class='ocrx_word' id='word_1_321' title='bbox 1569 3411 1739 3481; x_wconf 77' lang='lat' dir='ltr'><strong>exigis</strong></span> <span class='ocrx_word' id='word_1_322' title='bbox 1764 3411 1905 3480; x_wconf 89' lang='lat' dir='ltr'><strong>quod</strong></span> 
     </span>
    </p>
   </div>
   <div class='ocr_carea' id='block_1_45' title="bbox 339 3503 1902 3579">
    <p class='ocr_par' dir='ltr' id='par_1_45' title="bbox 339 3503 1902 3579">
     <span class='ocr_line' id='line_1_45' title="bbox 339 3503 1902 3579; baseline -0.003 -17"><span class='ocrx_word' id='word_1_323' title='bbox 339 3511 546 3579; x_wconf 91' lang='lat' dir='ltr'><strong>ignoro.</strong></span> <span class='ocrx_word' id='word_1_324' title='bbox 604 3507 733 3561; x_wconf 84' lang='lat' dir='ltr'><strong>Nam</strong></span> <span class='ocrx_word' id='word_1_325' title='bbox 761 3517 813 3560; x_wconf 86' lang='lat' dir='ltr'><strong>et</strong></span> <span class='ocrx_word' id='word_1_326' title='bbox 841 3506 1006 3559; x_wconf 87' lang='lat' dir='ltr'><strong>Isaias</strong></span> <span class='ocrx_word' id='word_1_327' title='bbox 1035 3505 1110 3558; x_wconf 86' lang='lat' dir='ltr'><strong>ait</strong></span> <span class='ocrx_word' id='word_1_328' title='bbox 1135 3524 1147 3558; x_wconf 91' lang='lat'><strong>:</strong></span> <span class='ocrx_word' id='word_1_329' title='bbox 1178 3503 1365 3557; x_wconf 82' lang='lat' dir='ltr'><strong>Priora</strong></span> <span class='ocrx_word' id='word_1_330' title='bbox 1407 3504 1724 3557; x_wconf 89' lang='lat' dir='ltr'><strong>annuntiatc</strong></span> <span class='ocrx_word' id='word_1_331' title='bbox 1751 3503 1902 3564; x_wconf 84' lang='lat' dir='ltr'><strong>mihi.</strong></span> 
     </span>
    </p>
   </div>
   <div class='ocr_carea' id='block_1_46' title="bbox 335 3591 1903 3663">
    <p class='ocr_par' dir='ltr' id='par_1_46' title="bbox 335 3591 1903 3663">
     <span class='ocr_line' id='line_1_46' title="bbox 335 3591 1903 3663; baseline -0.006 -11"><span class='ocrx_word' id='word_1_332' title='bbox 335 3608 389 3652; x_wconf 90' lang='lat' dir='ltr'><strong>et</strong></span> <span class='ocrx_word' id='word_1_333' title='bbox 420 3598 705 3653; x_wconf 87' lang='lat' dir='ltr'><strong>novissima</strong></span> <span class='ocrx_word' id='word_1_334' title='bbox 733 3611 849 3663; x_wconf 54' lang='lat' dir='ltr'><strong>qua:</strong></span> <span class='ocrx_word' id='word_1_335' title='bbox 893 3594 1068 3647; x_wconf 88' lang='lat' dir='ltr'><strong>futura</strong></span> <span class='ocrx_word' id='word_1_336' title='bbox 1126 3603 1294 3655; x_wconf 90' lang='lat' dir='ltr'><strong>sunt,</strong></span> <span class='ocrx_word' id='word_1_337' title='bbox 1344 3603 1400 3645; x_wconf 89' lang='lat' dir='ltr'><strong>et</strong></span> <span class='ocrx_word' id='word_1_338' title='bbox 1454 3593 1627 3644; x_wconf 88' lang='lat' dir='ltr'><strong>dicam</strong></span> <span class='ocrx_word' id='word_1_339' title='bbox 1679 3591 1801 3659; x_wconf 89' lang='lat' dir='ltr'><strong>quia</strong></span> <span class='ocrx_word' id='word_1_340' title='bbox 1834 3591 1903 3643; x_wconf 91' lang='lat' dir='ltr'><strong>dii</strong></span> 
     </span>
    </p>
   </div>
   <div class='ocr_carea' id='block_1_47' title="bbox 333 3681 1904 3755">
    <p class='ocr_par' dir='ltr' id='par_1_47' title="bbox 333 3681 1904 3755">
     <span class='ocr_line' id='line_1_47' title="bbox 333 3681 1904 3755; baseline -0.005 -13"><span class='ocrx_word' id='word_1_341' title='bbox 333 3689 466 3742; x_wconf 88' lang='lat' dir='ltr'><strong>estis</strong></span> <span class='ocrx_word' id='word_1_342' title='bbox 538 3685 669 3755; x_wconf 77' lang='lat' dir='ltr'><strong>(Isa.</strong></span> <span class='ocrx_word' id='word_1_343' title='bbox 714 3685 858 3752; x_wconf 72' lang='lat' dir='ltr'><strong>LXI);</strong></span> <span class='ocrx_word' id='word_1_344' title='bbox 891 3692 1076 3750; x_wconf 87' lang='lat' dir='ltr'><strong>aperte</strong></span> <span class='ocrx_word' id='word_1_345' title='bbox 1105 3681 1287 3736; x_wconf 87' lang='lat' dir='ltr'><strong>volens</strong></span> <span class='ocrx_word' id='word_1_346' title='bbox 1306 3682 1608 3751; x_wconf 76' lang='lat' dir='ltr'><strong>exprimere</strong></span> <span class='ocrx_word' id='word_1_347' title='bbox 1638 3682 1904 3735; x_wconf 86' lang='lat' dir='ltr'><strong>neminem</strong></span> 
     </span>
    </p>
   </div>
   <div class='ocr_carea' id='block_1_48' title="bbox 329 3771 1903 3847">
    <p class='ocr_par' dir='ltr' id='par_1_48' title="bbox 329 3771 1903 3847">
     <span class='ocr_line' id='line_1_48' title="bbox 329 3771 1903 3847; baseline -0.005 -19"><span class='ocrx_word' id='word_1_348' title='bbox 329 3792 490 3847; x_wconf 79' lang='lat' dir='ltr'><strong>posse</strong></span> <span class='ocrx_word' id='word_1_349' title='bbox 519 3777 645 3846; x_wconf 89' lang='lat' dir='ltr'><strong>quid</strong></span> <span class='ocrx_word' id='word_1_350' title='bbox 672 3785 796 3828; x_wconf 87' lang='lat' dir='ltr'><strong>ante</strong></span> <span class='ocrx_word' id='word_1_351' title='bbox 825 3774 1079 3826; x_wconf 89' lang='lat' dir='ltr'><strong>mundum</strong></span> <span class='ocrx_word' id='word_1_352' title='bbox 1111 3772 1293 3834; x_wconf 87' lang='lat' dir='ltr'><strong>fuerit,</strong></span> <span class='ocrx_word' id='word_1_353' title='bbox 1322 3772 1399 3824; x_wconf 92' lang='lat' dir='ltr'><strong>vel</strong></span> <span class='ocrx_word' id='word_1_354' title='bbox 1428 3779 1546 3840; x_wconf 87' lang='lat' dir='ltr'><strong>post</strong></span> <span class='ocrx_word' id='word_1_355' title='bbox 1593 3787 1713 3825; x_wconf 90' lang='lat' dir='ltr'><strong>eum</strong></span> <span class='ocrx_word' id='word_1_356' title='bbox 1767 3771 1903 3822; x_wconf 78' lang='lat' dir='ltr'><strong>futu-</strong></span> 
     </span>
    </p>
   </div>
   <div class='ocr_carea' id='block_1_49' title="bbox 328 3861 1905 3927">
    <p class='ocr_par' dir='ltr' id='par_1_49' title="bbox 328 3861 1905 3927">
     <span class='ocr_line' id='line_1_49' title="bbox 328 3861 1905 3927; baseline -0.001 -13"><span class='ocrx_word' id='word_1_357' title='bbox 328 3884 453 3920; x_wconf 78' lang='lat' dir='ltr'><strong>rum</strong></span> <span class='ocrx_word' id='word_1_358' title='bbox 510 3866 600 3927; x_wconf 89' lang='lat' dir='ltr'><strong>sit,</strong></span> <span class='ocrx_word' id='word_1_359' title='bbox 652 3879 924 3916; x_wconf 88' lang='lat' dir='ltr'><strong>enarrare.</strong></span> <span class='ocrx_word' id='word_1_360' title='bbox 987 3861 1337 3914; x_wconf 77' lang='lat' dir='ltr'><strong>Fructuosum</strong></span> <span class='ocrx_word' id='word_1_361' title='bbox 1368 3871 1450 3914; x_wconf 89' lang='lat' dir='ltr'><strong>est</strong></span> <span class='ocrx_word' id='word_1_362' title='bbox 1479 3871 1660 3914; x_wconf 88' lang='lat' dir='ltr'><strong>tamen</strong></span> <span class='ocrx_word' id='word_1_363' title='bbox 1688 3861 1905 3927; x_wconf 75' lang='lat' dir='ltr'><strong>inquizi,</strong></span> 
     </span>
    </p>
   </div>
   <div class='ocr_carea' id='block_1_50' title="bbox 2005 2690 3570 2766">
    <p class='ocr_par' dir='ltr' id='par_1_50' title="bbox 2005 2690 3570 2766">
     <span class='ocr_line' id='line_1_50' title="bbox 2005 2690 3570 2766; baseline 0.006 -22"><span class='ocrx_word' id='word_1_364' title='bbox 2005 2690 2213 2744; x_wconf 88' lang='lat' dir='ltr'><strong>facilius</strong></span> <span class='ocrx_word' id='word_1_365' title='bbox 2242 2692 2542 2759; x_wconf 88' lang='lat' dir='ltr'><strong>comparari</strong></span> <span class='ocrx_word' id='word_1_366' title='bbox 2567 2702 2788 2758; x_wconf 76' lang='lat' dir='ltr'><strong>possunt</strong></span> <span class='ocrx_word' id='word_1_367' title='bbox 2847 2693 2992 2747; x_wconf 83' lang='lat' dir='ltr'><strong>ﬁnita</strong></span> <span class='ocrx_word' id='word_1_368' title='bbox 3047 2693 3232 2758; x_wconf 74' lang='lat' dir='ltr'><strong>finitis,</strong></span> <span class='ocrx_word' id='word_1_369' title='bbox 3287 2713 3446 2766; x_wconf 87' lang='lat' dir='ltr'><strong>quam</strong></span> <span class='ocrx_word' id='word_1_370' title='bbox 3507 2713 3570 2753; x_wconf 81' lang='lat' dir='ltr'><strong>ea</strong></span> 
     </span>
    </p>
   </div>
   <div class='ocr_carea' id='block_1_51' title="bbox 2004 2777 3571 2852">
    <p class='ocr_par' dir='ltr' id='par_1_51' title="bbox 2004 2777 3571 2852">
     <span class='ocr_line' id='line_1_51' title="bbox 2004 2777 3571 2852; baseline 0.008 -23"><span class='ocrx_word' id='word_1_371' title='bbox 2004 2793 2123 2845; x_wconf 75' lang='lat' dir='ltr'><strong>quze</strong></span> <span class='ocrx_word' id='word_1_372' title='bbox 2173 2777 2331 2831; x_wconf 86' lang='lat' dir='ltr'><strong>finem</strong></span> <span class='ocrx_word' id='word_1_373' title='bbox 2375 2778 2574 2831; x_wconf 79' lang='lat' dir='ltr'><strong>habent</strong></span> <span class='ocrx_word' id='word_1_374' title='bbox 2611 2780 2676 2834; x_wconf 90' lang='lat' dir='ltr'><strong>iis</strong></span> <span class='ocrx_word' id='word_1_375' title='bbox 2699 2797 2817 2850; x_wconf 77' lang='lat' dir='ltr'><strong>quze</strong></span> <span class='ocrx_word' id='word_1_376' title='bbox 2846 2781 2990 2836; x_wconf 90' lang='lat' dir='ltr'><strong>nullo</strong></span> <span class='ocrx_word' id='word_1_377' title='bbox 3015 2793 3237 2852; x_wconf 87' lang='lat' dir='ltr'><strong>possunt</strong></span> <span class='ocrx_word' id='word_1_378' title='bbox 3292 2788 3395 2839; x_wconf 84' lang='lat' dir='ltr'><strong>line</strong></span> <span class='ocrx_word' id='word_1_379' title='bbox 3441 2802 3571 2841; x_wconf 88' lang='lat' dir='ltr'><strong>con-</strong></span> 
     </span>
    </p>
   </div>
   <div class='ocr_carea' id='block_1_52' title="bbox 2004 2868 3572 2944">
    <p class='ocr_par' dir='ltr' id='par_1_52' title="bbox 2004 2868 3572 2944">
     <span class='ocr_line' id='line_1_52' title="bbox 2004 2868 3572 2944; baseline 0.006 -24"><span class='ocrx_word' id='word_1_380' title='bbox 2004 2868 2168 2920; x_wconf 89' lang='lat' dir='ltr'><strong>cludi.</strong></span> <span class='ocrx_word' id='word_1_381' title='bbox 2207 2869 2338 2920; x_wconf 77' lang='lat' dir='ltr'><strong>Nam</strong></span> <span class='ocrx_word' id='word_1_382' title='bbox 2370 2869 2491 2938; x_wconf 87' lang='lat' dir='ltr'><strong>quia</strong></span> <span class='ocrx_word' id='word_1_383' title='bbox 2522 2869 2662 2923; x_wconf 89' lang='lat' dir='ltr'><strong>Deus</strong></span> <span class='ocrx_word' id='word_1_384' title='bbox 2685 2881 2764 2923; x_wconf 89' lang='lat' dir='ltr'><strong>est</strong></span> <span class='ocrx_word' id='word_1_385' title='bbox 2811 2870 2969 2939; x_wconf 89' lang='lat' dir='ltr'><strong>alpha</strong></span> <span class='ocrx_word' id='word_1_386' title='bbox 3019 2882 3073 2926; x_wconf 91' lang='lat' dir='ltr'><strong>et</strong></span> <span class='ocrx_word' id='word_1_387' title='bbox 3108 2888 3319 2942; x_wconf 81' lang='lat' dir='ltr'><strong>omega,</strong></span> <span class='ocrx_word' id='word_1_388' title='bbox 3370 2876 3572 2944; x_wconf 77' lang='lat' dir='ltr'><strong>print-i-</strong></span> 
     </span>
    </p>
   </div>
   <div class='ocr_carea' id='block_1_53' title="bbox 2004 2957 3572 3034">
    <p class='ocr_par' dir='ltr' id='par_1_53' title="bbox 2004 2957 3572 3034">
     <span class='ocr_line' id='line_1_53' title="bbox 2004 2957 3572 3034; baseline 0.006 -23"><span class='ocrx_word' id='word_1_389' title='bbox 2004 2957 2366 3025; x_wconf 86' lang='lat' dir='ltr'><strong>piumetftnis</strong></span> <span class='ocrx_word' id='word_1_390' title='bbox 2399 2959 2580 3027; x_wconf 73' lang='lat' dir='ltr'><strong>(Aper.</strong></span> <span class='ocrx_word' id='word_1_391' title='bbox 2611 2961 2764 3029; x_wconf 77' lang='lat' dir='ltr'><strong>uti),</strong></span> <span class='ocrx_word' id='word_1_392' title='bbox 2806 2961 2946 3014; x_wconf 88' lang='lat' dir='ltr'><strong>sicut</strong></span> <span class='ocrx_word' id='word_1_393' title='bbox 2988 2963 3105 3016; x_wconf 89' lang='lat' dir='ltr'><strong>sine</strong></span> <span class='ocrx_word' id='word_1_394' title='bbox 3155 2963 3310 3018; x_wconf 87' lang='lat' dir='ltr'><strong>initio</strong></span> <span class='ocrx_word' id='word_1_395' title='bbox 3359 2981 3572 3034; x_wconf 87' lang='lat' dir='ltr'><strong>semper</strong></span> 
     </span>
    </p>
   </div>
   <div class='ocr_carea' id='block_1_54' title="bbox 2002 3047 3570 3121">
    <p class='ocr_par' dir='ltr' id='par_1_54' title="bbox 2002 3047 3570 3121">
     <span class='ocr_line' id='line_1_54' title="bbox 2002 3047 3570 3121; baseline 0.006 -21"><span class='ocrx_word' id='word_1_396' title='bbox 2002 3047 2228 3111; x_wconf 76' lang='lat' dir='ltr'><strong>exstitit,</strong></span> <span class='ocrx_word' id='word_1_397' title='bbox 2263 3050 2338 3102; x_wconf 90' lang='lat' dir='ltr'><strong>ita</strong></span> <span class='ocrx_word' id='word_1_398' title='bbox 2368 3048 2528 3103; x_wconf 82' lang='lat' dir='ltr'><strong>finem</strong></span> <span class='ocrx_word' id='word_1_399' title='bbox 2556 3050 2752 3105; x_wconf 87' lang='lat' dir='ltr'><strong>habere</strong></span> <span class='ocrx_word' id='word_1_400' title='bbox 2775 3067 2878 3105; x_wconf 93' lang='lat' dir='ltr'><strong>non</strong></span> <span class='ocrx_word' id='word_1_401' title='bbox 2895 3055 3114 3121; x_wconf 86' lang='lat' dir='ltr'><strong>poterit.</strong></span> <span class='ocrx_word' id='word_1_402' title='bbox 3144 3053 3370 3109; x_wconf 82' lang='lat' dir='ltr'><strong>Mundus</strong></span> <span class='ocrx_word' id='word_1_403' title='bbox 3394 3066 3570 3112; x_wconf 90' lang='lat' dir='ltr'><strong>autem</strong></span> 
     </span>
    </p>
   </div>
   <div class='ocr_carea' id='block_1_55' title="bbox 2004 3141 3572 3214">
    <p class='ocr_par' dir='ltr' id='par_1_55' title="bbox 2004 3141 3572 3214">
     <span class='ocr_line' id='line_1_55' title="bbox 2004 3141 3572 3214; baseline 0.004 -21"><span class='ocrx_word' id='word_1_404' title='bbox 2004 3141 2104 3193; x_wconf 91' lang='lat' dir='ltr'><strong>iste</strong></span> <span class='ocrx_word' id='word_1_405' title='bbox 2133 3141 2200 3194; x_wconf 90' lang='lat' dir='ltr'><strong>ab</strong></span> <span class='ocrx_word' id='word_1_406' title='bbox 2229 3141 2346 3209; x_wconf 88' lang='lat' dir='ltr'><strong>ipso</strong></span> <span class='ocrx_word' id='word_1_407' title='bbox 2374 3154 2488 3194; x_wconf 73' lang='lat' dir='ltr'><strong>suae</strong></span> <span class='ocrx_word' id='word_1_408' title='bbox 2505 3142 2794 3196; x_wconf 89' lang='lat' dir='ltr'><strong>creationis</strong></span> <span class='ocrx_word' id='word_1_409' title='bbox 2815 3144 3054 3208; x_wconf 80' lang='lat' dir='ltr'><strong>exordio,</strong></span> <span class='ocrx_word' id='word_1_410' title='bbox 3095 3160 3195 3199; x_wconf 90' lang='lat' dir='ltr'><strong>nec</strong></span> <span class='ocrx_word' id='word_1_411' title='bbox 3216 3146 3339 3198; x_wconf 90' lang='lat' dir='ltr'><strong>dum</strong></span> <span class='ocrx_word' id='word_1_412' title='bbox 3369 3157 3572 3214; x_wconf 89' lang='lat' dir='ltr'><strong>septem</strong></span> 
     </span>
    </p>
   </div>
   <div class='ocr_carea' id='block_1_56' title="bbox 2005 3230 3575 3304">
    <p class='ocr_par' dir='ltr' id='par_1_56' title="bbox 2005 3230 3575 3304">
     <span class='ocr_line' id='line_1_56' title="bbox 2005 3230 3575 3304; baseline 0.005 -22"><span class='ocrx_word' id='word_1_413' title='bbox 2005 3230 2166 3283; x_wconf 89' lang='lat' dir='ltr'><strong>millia</strong></span> <span class='ocrx_word' id='word_1_414' title='bbox 2191 3245 2456 3284; x_wconf 88' lang='lat' dir='ltr'><strong>annorum</strong></span> <span class='ocrx_word' id='word_1_415' title='bbox 2489 3230 2739 3299; x_wconf 87' lang='lat' dir='ltr'><strong>implesse</strong></span> <span class='ocrx_word' id='word_1_416' title='bbox 2763 3235 3134 3302; x_wconf 84' lang='lat' dir='ltr'><strong>cognoscitur.</strong></span> <span class='ocrx_word' id='word_1_417' title='bbox 3165 3234 3229 3288; x_wconf 85' lang='lat' dir='ltr'><strong>Et</strong></span> <span class='ocrx_word' id='word_1_418' title='bbox 3271 3237 3391 3304; x_wconf 87' lang='lat' dir='ltr'><strong>quis</strong></span> <span class='ocrx_word' id='word_1_419' title='bbox 3435 3239 3575 3291; x_wconf 86' lang='lat' dir='ltr'><strong>sciat</strong></span> 
     </span>
    </p>
   </div>
   <div class='ocr_carea' id='block_1_57' title="bbox 2003 3323 3575 3398">
    <p class='ocr_par' dir='ltr' id='par_1_57' title="bbox 2003 3323 3575 3398">
     <span class='ocr_line' id='line_1_57' title="bbox 2003 3323 3575 3398; baseline 0.006 -25"><span class='ocrx_word' id='word_1_420' title='bbox 2003 3339 2170 3392; x_wconf 87' lang='lat' dir='ltr'><strong>quam</strong></span> <span class='ocrx_word' id='word_1_421' title='bbox 2193 3323 2358 3377; x_wconf 83' lang='lat' dir='ltr'><strong>breve</strong></span> <span class='ocrx_word' id='word_1_422' title='bbox 2389 3323 2627 3377; x_wconf 89' lang='lat' dir='ltr'><strong>futurum</strong></span> <span class='ocrx_word' id='word_1_423' title='bbox 2681 3325 2750 3377; x_wconf 92' lang='lat' dir='ltr'><strong>sit</strong></span> <span class='ocrx_word' id='word_1_424' title='bbox 2795 3326 3052 3394; x_wconf 87' lang='lat' dir='ltr'><strong>temporis</strong></span> <span class='ocrx_word' id='word_1_425' title='bbox 3099 3328 3348 3395; x_wconf 90' lang='lat' dir='ltr'><strong>spatium,</strong></span> <span class='ocrx_word' id='word_1_426' title='bbox 3406 3344 3575 3398; x_wconf 86' lang='lat' dir='ltr'><strong>usque</strong></span> 
     </span>
    </p>
   </div>
   <div class='ocr_carea' id='block_1_58' title="bbox 2004 3412 3573 3487">
    <p class='ocr_par' dir='ltr' id='par_1_58' title="bbox 2004 3412 3573 3487">
     <span class='ocr_line' id='line_1_58' title="bbox 2004 3412 3573 3487; baseline 0.005 -23"><span class='ocrx_word' id='word_1_427' title='bbox 2004 3427 2110 3480; x_wconf 87' lang='lat' dir='ltr'><strong>quo</strong></span> <span class='ocrx_word' id='word_1_428' title='bbox 2147 3412 2286 3465; x_wconf 90' lang='lat' dir='ltr'><strong>Deus</strong></span> <span class='ocrx_word' id='word_1_429' title='bbox 2309 3412 2648 3481; x_wconf 84' lang='lat' dir='ltr'><strong>judicaturus</strong></span> <span class='ocrx_word' id='word_1_430' title='bbox 2670 3421 2752 3467; x_wconf 87' lang='lat' dir='ltr'><strong>est</strong></span> <span class='ocrx_word' id='word_1_431' title='bbox 2782 3414 3073 3469; x_wconf 86' lang='lat' dir='ltr'><strong>mundum?</strong></span> <span class='ocrx_word' id='word_1_432' title='bbox 3120 3417 3396 3482; x_wconf 82' lang='lat' dir='ltr'><strong>Quomodo</strong></span> <span class='ocrx_word' id='word_1_433' title='bbox 3445 3434 3573 3487; x_wconf 83' lang='lat' dir='ltr'><strong>ergo</strong></span> 
     </span>
    </p>
   </div>
   <div class='ocr_carea' id='block_1_59' title="bbox 2001 3503 3570 3569">
    <p class='ocr_par' dir='ltr' id='par_1_59' title="bbox 2001 3503 3570 3569">
     <span class='ocr_line' id='line_1_59' title="bbox 2001 3503 3570 3569; baseline 0.004 -15"><span class='ocrx_word' id='word_1_434' title='bbox 2001 3503 2300 3568; x_wconf 86' lang='lat' dir='ltr'><strong>comparari</strong></span> <span class='ocrx_word' id='word_1_435' title='bbox 2329 3511 2768 3569; x_wconf 81' lang='lat' dir='ltr'><strong>possuntseptem</strong></span> <span class='ocrx_word' id='word_1_436' title='bbox 2802 3504 2989 3566; x_wconf 86' lang='lat' dir='ltr'><strong>millia,</strong></span> <span class='ocrx_word' id='word_1_437' title='bbox 3043 3505 3124 3557; x_wconf 89' lang='lat' dir='ltr'><strong>vel</strong></span> <span class='ocrx_word' id='word_1_438' title='bbox 3173 3506 3335 3559; x_wconf 85' lang='lat' dir='ltr'><strong>etiam</strong></span> <span class='ocrx_word' id='word_1_439' title='bbox 3381 3508 3570 3560; x_wconf 85' lang='lat' dir='ltr'><strong>decem</strong></span> 
     </span>
    </p>
   </div>
   <div class='ocr_carea' id='block_1_60' title="bbox 2005 3590 3568 3659">
    <p class='ocr_par' dir='ltr' id='par_1_60' title="bbox 2005 3590 3568 3659">
     <span class='ocr_line' id='line_1_60' title="bbox 2005 3590 3568 3659; baseline 0.004 -17"><span class='ocrx_word' id='word_1_440' title='bbox 2005 3590 2165 3643; x_wconf 81' lang='lat' dir='ltr'><strong>millia</strong></span> <span class='ocrx_word' id='word_1_441' title='bbox 2217 3605 2477 3646; x_wconf 71' lang='lat' dir='ltr'><strong>annorum</strong></span> <span class='ocrx_word' id='word_1_442' title='bbox 2533 3592 2912 3647; x_wconf 78' lang='lat' dir='ltr'><strong>interminabili</strong></span> <span class='ocrx_word' id='word_1_443' title='bbox 2961 3594 3256 3648; x_wconf 70' lang='lat' dir='ltr'><strong>divinitatis</strong></span> <span class='ocrx_word' id='word_1_444' title='bbox 3303 3597 3568 3659; x_wconf 75' lang='lat' dir='ltr'><strong>esscnzize,</strong></span> 
     </span>
    </p>
   </div>
   <div class='ocr_carea' id='block_1_61' title="bbox 2004 3680 3336 3750">
    <p class='ocr_par' dir='ltr' id='par_1_61' title="bbox 2004 3680 3336 3750">
     <span class='ocr_line' id='line_1_61' title="bbox 2004 3680 3336 3750; baseline 0.006 -22"><span class='ocrx_word' id='word_1_445' title='bbox 2004 3695 2122 3748; x_wconf 68' lang='lat' dir='ltr'><strong>qute</strong></span> <span class='ocrx_word' id='word_1_446' title='bbox 2160 3694 2257 3733; x_wconf 84' lang='lat' dir='ltr'><strong>nec</strong></span> <span class='ocrx_word' id='word_1_447' title='bbox 2278 3680 2537 3748; x_wconf 82' lang='lat' dir='ltr'><strong>originem</strong></span> <span class='ocrx_word' id='word_1_448' title='bbox 2568 3682 2741 3749; x_wconf 91' lang='lat' dir='ltr'><strong>potuit</strong></span> <span class='ocrx_word' id='word_1_449' title='bbox 2769 3681 2986 3750; x_wconf 78' lang='lat' dir='ltr'><strong>habere,</strong></span> <span class='ocrx_word' id='word_1_450' title='bbox 3021 3698 3118 3738; x_wconf 91' lang='lat' dir='ltr'><strong>nec</strong></span> <span class='ocrx_word' id='word_1_451' title='bbox 3141 3685 3336 3738; x_wconf 81' lang='lat' dir='ltr'><strong>finem?</strong></span> 
     </span>
    </p>
   </div>
   <div class='ocr_carea' id='block_1_62' title="bbox 2631 3772 2957 3827">
    <p class='ocr_par' dir='ltr' id='par_1_62' title="bbox 2631 3772 2957 3827">
     <span class='ocr_line' id='line_1_62' title="bbox 2631 3772 2957 3827; baseline -0.003 0"><span class='ocrx_word' id='word_1_452' title='bbox 2631 3772 2859 3827; x_wconf 79' lang='lat' dir='ltr'><strong>CAPUT</strong></span> <span class='ocrx_word' id='word_1_453' title='bbox 2895 3772 2957 3826; x_wconf 88' lang='lat' dir='ltr'><strong>ll.</strong></span> 
     </span>
    </p>
   </div>
   <div class='ocr_carea' id='block_1_63' title="bbox 2297 3861 3290 3934">
    <p class='ocr_par' dir='ltr' id='par_1_63' title="bbox 2297 3861 3290 3934">
     <span class='ocr_line' id='line_1_63' title="bbox 2297 3861 3290 3934; baseline 0.002 -19"><span class='ocrx_word' id='word_1_454' title='bbox 2297 3861 2590 3916; x_wconf 76' lang='lat' dir='ltr'><strong>Novissima</strong></span> <span class='ocrx_word' id='word_1_455' title='bbox 2623 3865 2865 3919; x_wconf 70' lang='lat' dir='ltr'><strong>meditari</strong></span> <span class='ocrx_word' id='word_1_456' title='bbox 2882 3881 3037 3934; x_wconf 78' lang='lat' dir='ltr'><strong>quam</strong></span> <span class='ocrx_word' id='word_1_457' title='bbox 3054 3866 3182 3918; x_wconf 80' lang='lat' dir='ltr'><strong>utile</strong></span> <span class='ocrx_word' id='word_1_458' title='bbox 3207 3866 3290 3917; x_wconf 76' lang='lat' dir='ltr'><strong>sit.</strong></span> 
     </span>
    </p>
   </div>
   <div class='ocr_carea' id='block_1_64' title="bbox 339 3951 3574 4024">
    <p class='ocr_par' dir='ltr' id='par_1_64' title="bbox 339 3951 3574 4024">
     <span class='ocr_line' id='line_1_64' title="bbox 339 3951 3574 4024; baseline -0 -15"><span class='ocrx_word' id='word_1_459' title='bbox 339 3958 463 4011; x_wconf 78' lang='lat' dir='ltr'><strong>licet</strong></span> <span class='ocrx_word' id='word_1_460' title='bbox 491 3972 575 4009; x_wconf 88' lang='lat' dir='ltr'><strong>res</strong></span> <span class='ocrx_word' id='word_1_461' title='bbox 605 3955 845 4008; x_wconf 87' lang='lat' dir='ltr'><strong>absolute</strong></span> <span class='ocrx_word' id='word_1_462' title='bbox 870 3961 1099 4021; x_wconf 83' lang='lat' dir='ltr'><strong>nequeat</strong></span> <span class='ocrx_word' id='word_1_463' title='bbox 1126 3951 1405 4020; x_wconf 73' lang='lat' dir='ltr'><strong>CXpiical‘i.</strong></span> <span class='ocrx_word' id='word_1_464' title='bbox 1435 3951 1676 4003; x_wconf 87' lang='lat' dir='ltr'><strong>llttmana</strong></span> <span class='ocrx_word' id='word_1_465' title='bbox 1707 3952 1903 4018; x_wconf 84' lang='lat' dir='ltr'><strong>quippe</strong></span> <span class='ocrx_word' id='word_1_466' title='bbox 1931 3960 1974 4018; x_wconf 83' lang='lat' dir='ltr'><strong>C</strong></span> <span class='ocrx_word' id='word_1_467' title='bbox 2075 3951 2210 4007; x_wconf 90' lang='lat' dir='ltr'><strong>Cum</strong></span> <span class='ocrx_word' id='word_1_468' title='bbox 2244 3954 2356 4007; x_wconf 67' lang='lat' dir='ltr'><strong>[nec</strong></span> <span class='ocrx_word' id='word_1_469' title='bbox 2390 3955 2550 4023; x_wconf 86' lang='lat' dir='ltr'><strong>igitur</strong></span> <span class='ocrx_word' id='word_1_470' title='bbox 2593 3964 2647 4007; x_wconf 89' lang='lat' dir='ltr'><strong>et</strong></span> <span class='ocrx_word' id='word_1_471' title='bbox 2703 3955 3005 4022; x_wconf 61' lang='lat' dir='ltr'><strong>hujusmodi</strong></span> <span class='ocrx_word' id='word_1_472' title='bbox 3060 3956 3298 4024; x_wconf 66' lang='lat' dir='ltr'><strong>pervigili</strong></span> <span class='ocrx_word' id='word_1_473' title='bbox 3351 3957 3574 4010; x_wconf 84' lang='lat' dir='ltr'><strong>medita-</strong></span> 
     </span>
    </p>
   </div>
   <div class='ocr_carea' id='block_1_65' title="bbox 341 4039 1906 4114">
    <p class='ocr_par' dir='ltr' id='par_1_65' title="bbox 341 4039 1906 4114">
     <span class='ocr_line' id='line_1_65' title="bbox 341 4039 1906 4114; baseline -0.006 -13"><span class='ocrx_word' id='word_1_474' title='bbox 341 4065 496 4101; x_wconf 81' lang='lat' dir='ltr'><strong>mens</strong></span> <span class='ocrx_word' id='word_1_475' title='bbox 521 4047 819 4114; x_wconf 73' lang='lat' dir='ltr'><strong>huiusmodi</strong></span> <span class='ocrx_word' id='word_1_476' title='bbox 847 4054 1050 4096; x_wconf 72' lang='lat' dir='ltr'><strong>natant:</strong></span> <span class='ocrx_word' id='word_1_477' title='bbox 1070 4053 1172 4104; x_wconf 91' lang='lat' dir='ltr'><strong>cst,</strong></span> <span class='ocrx_word' id='word_1_478' title='bbox 1196 4052 1251 4093; x_wconf 91' lang='lat' dir='ltr'><strong>ut</strong></span> <span class='ocrx_word' id='word_1_479' title='bbox 1275 4039 1690 4108; x_wconf 83' lang='lat' dir='ltr'><strong>cogitationibus</strong></span> <span class='ocrx_word' id='word_1_480' title='bbox 1715 4055 1906 4092; x_wconf 83' lang='lat' dir='ltr'><strong>vacare</strong></span> 
     </span>
    </p>
   </div>
   <div class='ocr_carea' id='block_1_66' title="bbox 337 4131 1910 4205">
    <p class='ocr_par' dir='ltr' id='par_1_66' title="bbox 337 4131 1910 4205">
     <span class='ocr_line' id='line_1_66' title="bbox 337 4131 1910 4205; baseline -0.005 -13"><span class='ocrx_word' id='word_1_481' title='bbox 337 4155 440 4192; x_wconf 88' lang='lat' dir='ltr'><strong>nou</strong></span> <span class='ocrx_word' id='word_1_482' title='bbox 467 4136 666 4205; x_wconf 75' lang='lat' dir='ltr'><strong>possit;</strong></span> <span class='ocrx_word' id='word_1_483' title='bbox 710 4136 962 4187; x_wconf 81' lang='lat' dir='ltr'><strong>auteuim</strong></span> <span class='ocrx_word' id='word_1_484' title='bbox 987 4148 1042 4186; x_wconf 89' lang='lat' dir='ltr'><strong>se</strong></span> <span class='ocrx_word' id='word_1_485' title='bbox 1070 4139 1286 4186; x_wconf 78' lang='lat' dir='ltr'><strong>exercet</strong></span> <span class='ocrx_word' id='word_1_486' title='bbox 1329 4131 1384 4184; x_wconf 91' lang='lat' dir='ltr'><strong>in</strong></span> <span class='ocrx_word' id='word_1_487' title='bbox 1420 4131 1596 4202; x_wconf 83' lang='lat' dir='ltr'><strong>seriis,</strong></span> <span class='ocrx_word' id='word_1_488' title='bbox 1623 4139 1716 4185; x_wconf 86' lang='lat' dir='ltr'><strong>aut</strong></span> <span class='ocrx_word' id='word_1_489' title='bbox 1766 4131 1910 4184; x_wconf 83' lang='lat' dir='ltr'><strong>deie-</strong></span> 
     </span>
    </p>
   </div>
   <div class='ocr_carea' id='block_1_67' title="bbox 338 4221 1908 4287">
    <p class='ocr_par' dir='ltr' id='par_1_67' title="bbox 338 4221 1908 4287">
     <span class='ocr_line' id='line_1_67' title="bbox 338 4221 1908 4287; baseline -0.005 -7"><span class='ocrx_word' id='word_1_490' title='bbox 338 4237 513 4280; x_wconf 90' lang='lat' dir='ltr'><strong>ctatur</strong></span> <span class='ocrx_word' id='word_1_491' title='bbox 549 4227 599 4278; x_wconf 88' lang='lat' dir='ltr'><strong>in</strong></span> <span class='ocrx_word' id='word_1_492' title='bbox 635 4225 819 4287; x_wconf 83' lang='lat' dir='ltr'><strong>vanis;</strong></span> <span class='ocrx_word' id='word_1_493' title='bbox 860 4233 914 4278; x_wconf 92' lang='lat' dir='ltr'><strong>ct</strong></span> <span class='ocrx_word' id='word_1_494' title='bbox 949 4222 1119 4276; x_wconf 90' lang='lat' dir='ltr'><strong>donec</strong></span> <span class='ocrx_word' id='word_1_495' title='bbox 1166 4221 1314 4274; x_wconf 90' lang='lat' dir='ltr'><strong>utilia</strong></span> <span class='ocrx_word' id='word_1_496' title='bbox 1358 4221 1667 4284; x_wconf 87' lang='lat' dir='ltr'><strong>meditatur,</strong></span> <span class='ocrx_word' id='word_1_497' title='bbox 1711 4222 1777 4274; x_wconf 90' lang='lat' dir='ltr'><strong>ab</strong></span> <span class='ocrx_word' id='word_1_498' title='bbox 1825 4221 1908 4273; x_wconf 88' lang='lat' dir='ltr'><strong>in-</strong></span> 
     </span>
    </p>
   </div>
   <div class='ocr_carea' id='block_1_68' title="bbox 329 4309 1908 4389">
    <p class='ocr_par' dir='ltr' id='par_1_68' title="bbox 329 4309 1908 4389">
     <span class='ocr_line' id='line_1_68' title="bbox 329 4309 1908 4389; baseline -0.005 -16"><span class='ocrx_word' id='word_1_499' title='bbox 329 4319 638 4389; x_wconf 81' lang='lat' dir='ltr'><strong>gruentium</strong></span> <span class='ocrx_word' id='word_1_500' title='bbox 670 4317 1074 4370; x_wconf 87' lang='lat' dir='ltr'><strong>meditationum</strong></span> <span class='ocrx_word' id='word_1_501' title='bbox 1102 4313 1397 4382; x_wconf 76' lang='lat' dir='ltr'><strong>irruptione</strong></span> <span class='ocrx_word' id='word_1_502' title='bbox 1427 4310 1746 4366; x_wconf 82' lang='lat' dir='ltr'><strong>defenditur.</strong></span> <span class='ocrx_word' id='word_1_503' title='bbox 1799 4309 1908 4365; x_wconf 81' lang='lat' dir='ltr'><strong>Nec</strong></span> 
     </span>
    </p>
   </div>
   <div class='ocr_carea' id='block_1_69' title="bbox 331 4401 1907 4479">
    <p class='ocr_par' dir='ltr' id='par_1_69' title="bbox 331 4401 1907 4479">
     <span class='ocr_line' id='line_1_69' title="bbox 331 4401 1907 4479; baseline -0.004 -17"><span class='ocrx_word' id='word_1_504' title='bbox 331 4411 575 4479; x_wconf 85' lang='lat' dir='ltr'><strong>pravitas</strong></span> <span class='ocrx_word' id='word_1_505' title='bbox 602 4409 761 4462; x_wconf 87' lang='lat' dir='ltr'><strong>habet</strong></span> <span class='ocrx_word' id='word_1_506' title='bbox 784 4404 1092 4458; x_wconf 91' lang='lat' dir='ltr'><strong>susurrandi</strong></span> <span class='ocrx_word' id='word_1_507' title='bbox 1137 4403 1332 4468; x_wconf 90' lang='lat' dir='ltr'><strong>locum,</strong></span> <span class='ocrx_word' id='word_1_508' title='bbox 1381 4403 1469 4455; x_wconf 81' lang='lat' dir='ltr'><strong>ubi</strong></span> <span class='ocrx_word' id='word_1_509' title='bbox 1516 4418 1664 4456; x_wconf 87' lang='lat' dir='ltr'><strong>mens</strong></span> <span class='ocrx_word' id='word_1_510' title='bbox 1693 4401 1907 4456; x_wconf 89' lang='lat' dir='ltr'><strong>utilibus</strong></span> 
     </span>
    </p>
   </div>
   <div class='ocr_carea' id='block_1_70' title="bbox 334 4493 1909 4561">
    <p class='ocr_par' dir='ltr' id='par_1_70' title="bbox 334 4493 1909 4561">
     <span class='ocr_line' id='line_1_70' title="bbox 334 4493 1909 4561; baseline -0.003 -11"><span class='ocrx_word' id='word_1_511' title='bbox 334 4500 501 4552; x_wconf 82' lang='lat' dir='ltr'><strong>rebus</strong></span> <span class='ocrx_word' id='word_1_512' title='bbox 525 4499 725 4550; x_wconf 90' lang='lat' dir='ltr'><strong>intenta</strong></span> <span class='ocrx_word' id='word_1_513' title='bbox 749 4497 994 4549; x_wconf 89' lang='lat' dir='ltr'><strong>strictum</strong></span> <span class='ocrx_word' id='word_1_514' title='bbox 1023 4503 1169 4548; x_wconf 87' lang='lat' dir='ltr'><strong>tenet</strong></span> <span class='ocrx_word' id='word_1_515' title='bbox 1216 4509 1336 4548; x_wconf 91' lang='lat' dir='ltr'><strong>cum</strong></span> <span class='ocrx_word' id='word_1_516' title='bbox 1374 4493 1551 4546; x_wconf 88' lang='lat' dir='ltr'><strong>sobria</strong></span> <span class='ocrx_word' id='word_1_517' title='bbox 1583 4493 1909 4561; x_wconf 78' lang='lat' dir='ltr'><strong>cogitatione</strong></span> 
     </span>
    </p>
   </div>
   <div class='ocr_carea' id='block_1_71' title="bbox 333 4581 1908 4652">
    <p class='ocr_par' dir='ltr' id='par_1_71' title="bbox 333 4581 1908 4652">
     <span class='ocr_line' id='line_1_71' title="bbox 333 4581 1908 4652; baseline -0.003 -13"><span class='ocrx_word' id='word_1_518' title='bbox 333 4587 640 4641; x_wconf 79' lang='lat' dir='ltr'><strong>consilium.</strong></span> <span class='ocrx_word' id='word_1_519' title='bbox 675 4585 841 4652; x_wconf 91' lang='lat' dir='ltr'><strong>Igitur</strong></span> <span class='ocrx_word' id='word_1_520' title='bbox 886 4599 1062 4652; x_wconf 72' lang='lat' dir='ltr'><strong>opera:</strong></span> <span class='ocrx_word' id='word_1_521' title='bbox 1100 4583 1330 4650; x_wconf 89' lang='lat' dir='ltr'><strong>pretium</strong></span> <span class='ocrx_word' id='word_1_522' title='bbox 1363 4589 1446 4634; x_wconf 82' lang='lat' dir='ltr'><strong>est</strong></span> <span class='ocrx_word' id='word_1_523' title='bbox 1492 4590 1546 4634; x_wconf 90' lang='lat' dir='ltr'><strong>et</strong></span> <span class='ocrx_word' id='word_1_524' title='bbox 1601 4581 1731 4634; x_wconf 87' lang='lat' dir='ltr'><strong>satis</strong></span> <span class='ocrx_word' id='word_1_525' title='bbox 1781 4581 1908 4634; x_wconf 89' lang='lat' dir='ltr'><strong>utile</strong></span> 
     </span>
    </p>
   </div>
   <div class='ocr_carea' id='block_1_72' title="bbox 337 4671 1907 4748">
    <p class='ocr_par' dir='ltr' id='par_1_72' title="bbox 337 4671 1907 4748">
     <span class='ocr_line' id='line_1_72' title="bbox 337 4671 1907 4748; baseline -0.006 -18"><span class='ocrx_word' id='word_1_526' title='bbox 337 4679 576 4748; x_wconf 80' lang='lat' dir='ltr'><strong>cogitare</strong></span> <span class='ocrx_word' id='word_1_527' title='bbox 605 4689 765 4744; x_wconf 88' lang='lat' dir='ltr'><strong>quam</strong></span> <span class='ocrx_word' id='word_1_528' title='bbox 798 4675 960 4727; x_wconf 88' lang='lat' dir='ltr'><strong>breve</strong></span> <span class='ocrx_word' id='word_1_529' title='bbox 991 4673 1059 4726; x_wconf 92' lang='lat' dir='ltr'><strong>sit</strong></span> <span class='ocrx_word' id='word_1_530' title='bbox 1098 4673 1328 4740; x_wconf 83' lang='lat' dir='ltr'><strong>spatium</strong></span> <span class='ocrx_word' id='word_1_531' title='bbox 1378 4671 1672 4723; x_wconf 87' lang='lat' dir='ltr'><strong>transitorii</strong></span> <span class='ocrx_word' id='word_1_532' title='bbox 1707 4681 1907 4738; x_wconf 83' lang='lat' dir='ltr'><strong>tempo-</strong></span> 
     </span>
    </p>
   </div>
   <div class='ocr_carea' id='block_1_73' title="bbox 335 4758 1904 4830">
    <p class='ocr_par' dir='ltr' id='par_1_73' title="bbox 335 4758 1904 4830">
     <span class='ocr_line' id='line_1_73' title="bbox 335 4758 1904 4830; baseline -0.004 -12"><span class='ocrx_word' id='word_1_533' title='bbox 335 4768 415 4819; x_wconf 84' lang='lat' dir='ltr'><strong>ris</strong></span> <span class='ocrx_word' id='word_1_534' title='bbox 460 4764 524 4817; x_wconf 91' lang='lat' dir='ltr'><strong>ad</strong></span> <span class='ocrx_word' id='word_1_535' title='bbox 571 4773 1026 4830; x_wconf 83' lang='lat' dir='ltr'><strong>comparationem</strong></span> <span class='ocrx_word' id='word_1_536' title='bbox 1087 4760 1203 4828; x_wconf 85' lang='lat' dir='ltr'><strong>ejus</strong></span> <span class='ocrx_word' id='word_1_537' title='bbox 1265 4758 1468 4827; x_wconf 85' lang='lat' dir='ltr'><strong>jugiter</strong></span> <span class='ocrx_word' id='word_1_538' title='bbox 1519 4759 1904 4827; x_wconf 87' lang='lat' dir='ltr'><strong>permanentis.</strong></span> 
     </span>
    </p>
   </div>
   <div class='ocr_carea' id='block_1_74' title="bbox 337 4847 1908 4915">
    <p class='ocr_par' dir='ltr' id='par_1_74' title="bbox 337 4847 1908 4915">
     <span class='ocr_line' id='line_1_74' title="bbox 337 4847 1908 4915; baseline -0.006 -8"><span class='ocrx_word' id='word_1_539' title='bbox 337 4853 472 4907; x_wconf 85' lang='lat' dir='ltr'><strong>Nam</strong></span> <span class='ocrx_word' id='word_1_540' title='bbox 502 4855 545 4908; x_wconf 92' lang='lat' dir='ltr'><strong>si</strong></span> <span class='ocrx_word' id='word_1_541' title='bbox 583 4851 828 4906; x_wconf 88' lang='lat' dir='ltr'><strong>conferre</strong></span> <span class='ocrx_word' id='word_1_542' title='bbox 855 4851 982 4903; x_wconf 90' lang='lat' dir='ltr'><strong>illud</strong></span> <span class='ocrx_word' id='word_1_543' title='bbox 1010 4848 1254 4901; x_wconf 88' lang='lat' dir='ltr'><strong>volumus</strong></span> <span class='ocrx_word' id='word_1_544' title='bbox 1287 4849 1559 4900; x_wconf 67' lang='lat' dir='ltr'><strong>immensae</strong></span> <span class='ocrx_word' id='word_1_545' title='bbox 1585 4847 1908 4915; x_wconf 85' lang='lat' dir='ltr'><strong>magnitudi-</strong></span> 
     </span>
    </p>
   </div>
   <div class='ocr_carea' id='block_1_75' title="bbox 341 4937 1908 5014">
    <p class='ocr_par' dir='ltr' id='par_1_75' title="bbox 341 4937 1908 5014">
     <span class='ocr_line' id='line_1_75' title="bbox 341 4937 1908 5014; baseline -0.006 -14"><span class='ocrx_word' id='word_1_546' title='bbox 341 4949 424 5000; x_wconf 90' lang='lat' dir='ltr'><strong>nis</strong></span> <span class='ocrx_word' id='word_1_547' title='bbox 451 4945 676 5014; x_wconf 90' lang='lat' dir='ltr'><strong>spatium</strong></span> <span class='ocrx_word' id='word_1_548' title='bbox 700 4959 806 5012; x_wconf 91' lang='lat' dir='ltr'><strong>quo</strong></span> <span class='ocrx_word' id='word_1_549' title='bbox 843 4941 981 4996; x_wconf 91' lang='lat' dir='ltr'><strong>Deus</strong></span> <span class='ocrx_word' id='word_1_550' title='bbox 999 4941 1205 4995; x_wconf 75' lang='lat' dir='ltr'><strong>exstitit</strong></span> <span class='ocrx_word' id='word_1_551' title='bbox 1226 4947 1348 4991; x_wconf 90' lang='lat' dir='ltr'><strong>ante</strong></span> <span class='ocrx_word' id='word_1_552' title='bbox 1379 4938 1560 4991; x_wconf 88' lang='lat' dir='ltr'><strong>mundi</strong></span> <span class='ocrx_word' id='word_1_553' title='bbox 1613 4937 1771 5006; x_wconf 87' lang='lat' dir='ltr'><strong>hujus</strong></span> <span class='ocrx_word' id='word_1_554' title='bbox 1800 4938 1908 4989; x_wconf 80' lang='lat' dir='ltr'><strong>ori-</strong></span> 
     </span>
    </p>
   </div>
   <div class='ocr_carea' id='block_1_76' title="bbox 338 5027 1903 5106">
    <p class='ocr_par' dir='ltr' id='par_1_76' title="bbox 338 5027 1903 5106">
     <span class='ocr_line' id='line_1_76' title="bbox 338 5027 1903 5106; baseline -0.007 -17"><span class='ocrx_word' id='word_1_555' title='bbox 338 5039 534 5106; x_wconf 79' lang='lat' dir='ltr'><strong>ginem,</strong></span> <span class='ocrx_word' id='word_1_556' title='bbox 569 5033 696 5088; x_wconf 89' lang='lat' dir='ltr'><strong>illud</strong></span> <span class='ocrx_word' id='word_1_557' title='bbox 713 5047 945 5100; x_wconf 73' lang='lat' dir='ltr'><strong>(pioque,</strong></span> <span class='ocrx_word' id='word_1_558' title='bbox 971 5031 1112 5099; x_wconf 90' lang='lat' dir='ltr'><strong>quod</strong></span> <span class='ocrx_word' id='word_1_559' title='bbox 1143 5038 1264 5098; x_wconf 89' lang='lat' dir='ltr'><strong>post</strong></span> <span class='ocrx_word' id='word_1_560' title='bbox 1301 5028 1539 5093; x_wconf 83' lang='lat' dir='ltr'><strong>ejusdem</strong></span> <span class='ocrx_word' id='word_1_561' title='bbox 1573 5027 1754 5080; x_wconf 84' lang='lat' dir='ltr'><strong>mutuli</strong></span> <span class='ocrx_word' id='word_1_562' title='bbox 1781 5041 1903 5094; x_wconf 88' lang='lat' dir='ltr'><strong>per-</strong></span> 
     </span>
    </p>
   </div>
   <div class='ocr_carea' id='block_1_77' title="bbox 344 5117 1907 5185">
    <p class='ocr_par' dir='ltr' id='par_1_77' title="bbox 344 5117 1907 5185">
     <span class='ocr_line' id='line_1_77' title="bbox 344 5117 1907 5185; baseline -0.006 -7"><span class='ocrx_word' id='word_1_563' title='bbox 344 5140 655 5178; x_wconf 88' lang='lat' dir='ltr'><strong>mansurum</strong></span> <span class='ocrx_word' id='word_1_564' title='bbox 691 5130 775 5176; x_wconf 82' lang='lat' dir='ltr'><strong>est</strong></span> <span class='ocrx_word' id='word_1_565' title='bbox 831 5123 1012 5184; x_wconf 82' lang='lat' dir='ltr'><strong>finem,</strong></span> <span class='ocrx_word' id='word_1_566' title='bbox 1068 5135 1188 5172; x_wconf 89' lang='lat' dir='ltr'><strong>cum</strong></span> <span class='ocrx_word' id='word_1_567' title='bbox 1252 5118 1349 5170; x_wconf 82' lang='lat' dir='ltr'><strong>hoc</strong></span> <span class='ocrx_word' id='word_1_568' title='bbox 1395 5117 1602 5169; x_wconf 85' lang='lat' dir='ltr'><strong>tantillo</strong></span> <span class='ocrx_word' id='word_1_569' title='bbox 1646 5127 1907 5185; x_wconf 81' lang='lat' dir='ltr'><strong>tempore,</strong></span> 
     </span>
    </p>
   </div>
   <div class='ocr_carea' id='block_1_78' title="bbox 341 5213 1907 5289">
    <p class='ocr_par' dir='ltr' id='par_1_78' title="bbox 341 5213 1907 5289">
     <span class='ocr_line' id='line_1_78' title="bbox 341 5213 1907 5289; baseline -0.007 -17"><span class='ocrx_word' id='word_1_570' title='bbox 341 5221 482 5289; x_wconf 69' lang='lat' dir='ltr'><strong>quod</strong></span> <span class='ocrx_word' id='word_1_571' title='bbox 510 5229 588 5273; x_wconf 86' lang='lat' dir='ltr'><strong>est</strong></span> <span class='ocrx_word' id='word_1_572' title='bbox 612 5219 679 5271; x_wconf 82' lang='lat' dir='ltr'><strong>ab</strong></span> <span class='ocrx_word' id='word_1_573' title='bbox 707 5218 862 5270; x_wconf 91' lang='lat' dir='ltr'><strong>initio</strong></span> <span class='ocrx_word' id='word_1_574' title='bbox 907 5215 1087 5268; x_wconf 88' lang='lat' dir='ltr'><strong>nmudi</strong></span> <span class='ocrx_word' id='word_1_575' title='bbox 1137 5228 1307 5280; x_wconf 88' lang='lat' dir='ltr'><strong>usque</strong></span> <span class='ocrx_word' id='word_1_576' title='bbox 1365 5214 1430 5265; x_wconf 87' lang='lat' dir='ltr'><strong>ad</strong></span> <span class='ocrx_word' id='word_1_577' title='bbox 1496 5213 1652 5266; x_wconf 86' lang='lat' dir='ltr'><strong>finem</strong></span> <span class='ocrx_word' id='word_1_578' title='bbox 1703 5213 1907 5274; x_wconf 82' lang='lat' dir='ltr'><strong>rnumli,</strong></span> 
     </span>
    </p>
   </div>
   <div class='ocr_carea' id='block_1_79' title="bbox 2010 4046 3572 4115">
    <p class='ocr_par' dir='ltr' id='par_1_79' title="bbox 2010 4046 3572 4115">
     <span class='ocr_line' id='line_1_79' title="bbox 2010 4046 3572 4115; baseline 0.003 -17"><span class='ocrx_word' id='word_1_579' title='bbox 2010 4046 2152 4099; x_wconf 90' lang='lat' dir='ltr'><strong>tione</strong></span> <span class='ocrx_word' id='word_1_580' title='bbox 2179 4047 2516 4107; x_wconf 88' lang='lat' dir='ltr'><strong>discutimus,</strong></span> <span class='ocrx_word' id='word_1_581' title='bbox 2539 4048 2663 4098; x_wconf 92' lang='lat' dir='ltr'><strong>dum</strong></span> <span class='ocrx_word' id='word_1_582' title='bbox 2694 4047 2805 4100; x_wconf 60' lang='lat' dir='ltr'><strong>haec</strong></span> <span class='ocrx_word' id='word_1_583' title='bbox 2832 4047 3145 4115; x_wconf 72' lang='lat' dir='ltr'><strong>suppliriter</strong></span> <span class='ocrx_word' id='word_1_584' title='bbox 3167 4048 3218 4102; x_wconf 89' lang='lat' dir='ltr'><strong>in</strong></span> <span class='ocrx_word' id='word_1_585' title='bbox 3249 4048 3572 4113; x_wconf 74' lang='lat' dir='ltr'><strong>cogitatione</strong></span> 
     </span>
    </p>
   </div>
   <div class='ocr_carea' id='block_1_80' title="bbox 2009 4135 3570 4204">
    <p class='ocr_par' dir='ltr' id='par_1_80' title="bbox 2009 4135 3570 4204">
     <span class='ocr_line' id='line_1_80' title="bbox 2009 4135 3570 4204; baseline 0.002 -17"><span class='ocrx_word' id='word_1_586' title='bbox 2009 4152 2304 4197; x_wconf 85' lang='lat' dir='ltr'><strong>versamus,</strong></span> <span class='ocrx_word' id='word_1_587' title='bbox 2333 4152 2436 4189; x_wconf 91' lang='lat' dir='ltr'><strong>non</strong></span> <span class='ocrx_word' id='word_1_588' title='bbox 2459 4151 2656 4202; x_wconf 89' lang='lat' dir='ltr'><strong>parvus</strong></span> <span class='ocrx_word' id='word_1_589' title='bbox 2692 4146 2888 4188; x_wconf 77' lang='lat' dir='ltr'><strong>nostra:</strong></span> <span class='ocrx_word' id='word_1_590' title='bbox 2915 4136 3106 4188; x_wconf 79' lang='lat' dir='ltr'><strong>tuentis</strong></span> <span class='ocrx_word' id='word_1_591' title='bbox 3162 4135 3435 4204; x_wconf 82' lang='lat' dir='ltr'><strong>profectus</strong></span> <span class='ocrx_word' id='word_1_592' title='bbox 3478 4152 3570 4190; x_wconf 83' lang='lat' dir='ltr'><strong>ac-</strong></span> 
     </span>
    </p>
   </div>
   <div class='ocr_carea' id='block_1_81' title="bbox 2006 4224 3574 4293">
    <p class='ocr_par' dir='ltr' id='par_1_81' title="bbox 2006 4224 3574 4293">
     <span class='ocr_line' id='line_1_81' title="bbox 2006 4224 3574 4293; baseline 0.003 -17"><span class='ocrx_word' id='word_1_593' title='bbox 2006 4226 2268 4293; x_wconf 87' lang='lat' dir='ltr'><strong>quiritur;</strong></span> <span class='ocrx_word' id='word_1_594' title='bbox 2294 4225 2417 4293; x_wconf 88' lang='lat' dir='ltr'><strong>quia</strong></span> <span class='ocrx_word' id='word_1_595' title='bbox 2438 4226 2562 4276; x_wconf 89' lang='lat' dir='ltr'><strong>dum</strong></span> <span class='ocrx_word' id='word_1_596' title='bbox 2596 4224 2886 4277; x_wconf 88' lang='lat' dir='ltr'><strong>meditatur</strong></span> <span class='ocrx_word' id='word_1_597' title='bbox 2932 4236 3128 4278; x_wconf 72' lang='lat' dir='ltr'><strong>acterna</strong></span> <span class='ocrx_word' id='word_1_598' title='bbox 3160 4265 3174 4287; x_wconf 93' lang='lat'><strong>,</strong></span> <span class='ocrx_word' id='word_1_599' title='bbox 3217 4226 3417 4293; x_wconf 75' lang='lat' dir='ltr'><strong>liquido</strong></span> <span class='ocrx_word' id='word_1_600' title='bbox 3447 4241 3574 4281; x_wconf 84' lang='lat' dir='ltr'><strong>con-</strong></span> 
     </span>
    </p>
   </div>
   <div class='ocr_carea' id='block_1_82' title="bbox 2006 4313 3570 4387">
    <p class='ocr_par' dir='ltr' id='par_1_82' title="bbox 2006 4313 3570 4387">
     <span class='ocr_line' id='line_1_82' title="bbox 2006 4313 3570 4387; baseline 0.001 -18"><span class='ocrx_word' id='word_1_601' title='bbox 2006 4315 2163 4386; x_wconf 87' lang='lat' dir='ltr'><strong>spicit</strong></span> <span class='ocrx_word' id='word_1_602' title='bbox 2203 4330 2362 4383; x_wconf 89' lang='lat' dir='ltr'><strong>quam</strong></span> <span class='ocrx_word' id='word_1_603' title='bbox 2395 4313 2733 4382; x_wconf 88' lang='lat' dir='ltr'><strong>despicienda</strong></span> <span class='ocrx_word' id='word_1_604' title='bbox 2779 4315 2888 4366; x_wconf 83' lang='lat' dir='ltr'><strong>sint</strong></span> <span class='ocrx_word' id='word_1_605' title='bbox 2935 4314 3266 4384; x_wconf 78' lang='lat' dir='ltr'><strong>temporalia.</strong></span> <span class='ocrx_word' id='word_1_606' title='bbox 3301 4315 3435 4369; x_wconf 90' lang='lat' dir='ltr'><strong>Dum</strong></span> <span class='ocrx_word' id='word_1_607' title='bbox 3470 4316 3570 4387; x_wconf 83' lang='lat' dir='ltr'><strong>igi-</strong></span> 
     </span>
    </p>
   </div>
   <div class='ocr_carea' id='block_1_83' title="bbox 2007 4406 3574 4477">
    <p class='ocr_par' dir='ltr' id='par_1_83' title="bbox 2007 4406 3574 4477">
     <span class='ocr_line' id='line_1_83' title="bbox 2007 4406 3574 4477; baseline 0.001 -16"><span class='ocrx_word' id='word_1_608' title='bbox 2007 4417 2094 4461; x_wconf 92' lang='lat' dir='ltr'><strong>tur</strong></span> <span class='ocrx_word' id='word_1_609' title='bbox 2123 4422 2272 4461; x_wconf 83' lang='lat' dir='ltr'><strong>mens</strong></span> <span class='ocrx_word' id='word_1_610' title='bbox 2310 4406 2590 4460; x_wconf 84' lang='lat' dir='ltr'><strong>rationalis</strong></span> <span class='ocrx_word' id='word_1_611' title='bbox 2617 4407 2729 4460; x_wconf 71' lang='lat' dir='ltr'><strong>lucc</strong></span> <span class='ocrx_word' id='word_1_612' title='bbox 2757 4407 2978 4477; x_wconf 84' lang='lat' dir='ltr'><strong>cogitat,</strong></span> <span class='ocrx_word' id='word_1_613' title='bbox 3032 4409 3246 4462; x_wconf 80' lang='lat' dir='ltr'><strong>additur</strong></span> <span class='ocrx_word' id='word_1_614' title='bbox 3295 4409 3456 4462; x_wconf 87' lang='lat' dir='ltr'><strong>etiam</strong></span> <span class='ocrx_word' id='word_1_615' title='bbox 3515 4417 3574 4464; x_wconf 88' lang='lat' dir='ltr'><strong>ut</strong></span> 
     </span>
    </p>
   </div>
   <div class='ocr_carea' id='block_1_84' title="bbox 2005 4501 3572 4568">
    <p class='ocr_par' dir='ltr' id='par_1_84' title="bbox 2005 4501 3572 4568">
     <span class='ocr_line' id='line_1_84' title="bbox 2005 4501 3572 4568; baseline 0.002 -15"><span class='ocrx_word' id='word_1_616' title='bbox 2005 4501 2348 4568; x_wconf 52' lang='lat' dir='ltr'><strong>semetipsam</strong></span> <span class='ocrx_word' id='word_1_617' title='bbox 2380 4516 2482 4552; x_wconf 90' lang='lat' dir='ltr'><strong>non</strong></span> <span class='ocrx_word' id='word_1_618' title='bbox 2513 4515 2634 4553; x_wconf 87' lang='lat' dir='ltr'><strong>cmn</strong></span> <span class='ocrx_word' id='word_1_619' title='bbox 2665 4509 2900 4568; x_wconf 90' lang='lat' dir='ltr'><strong>tempore</strong></span> <span class='ocrx_word' id='word_1_620' title='bbox 2939 4502 3307 4566; x_wconf 88' lang='lat' dir='ltr'><strong>transituram,</strong></span> <span class='ocrx_word' id='word_1_621' title='bbox 3339 4504 3434 4558; x_wconf 90' lang='lat' dir='ltr'><strong>sed</strong></span> <span class='ocrx_word' id='word_1_622' title='bbox 3456 4503 3572 4557; x_wconf 87' lang='lat' dir='ltr'><strong>sine</strong></span> 
     </span>
    </p>
   </div>
   <div class='ocr_carea' id='block_1_85' title="bbox 2010 4591 3575 4662">
    <p class='ocr_par' dir='ltr' id='par_1_85' title="bbox 2010 4591 3575 4662">
     <span class='ocr_line' id='line_1_85' title="bbox 2010 4591 3575 4662; baseline 0.004 -20"><span class='ocrx_word' id='word_1_623' title='bbox 2010 4591 2114 4643; x_wconf 84' lang='lat' dir='ltr'><strong>fine</strong></span> <span class='ocrx_word' id='word_1_624' title='bbox 2147 4591 2407 4644; x_wconf 79' lang='lat' dir='ltr'><strong>victuram</strong></span> <span class='ocrx_word' id='word_1_625' title='bbox 2444 4604 2563 4644; x_wconf 88' lang='lat' dir='ltr'><strong>esse</strong></span> <span class='ocrx_word' id='word_1_626' title='bbox 2591 4592 2897 4661; x_wconf 79' lang='lat' dir='ltr'><strong>perpendat.</strong></span> <span class='ocrx_word' id='word_1_627' title='bbox 2926 4591 3241 4646; x_wconf 87' lang='lat' dir='ltr'><strong>Considerat</strong></span> <span class='ocrx_word' id='word_1_628' title='bbox 3281 4593 3462 4662; x_wconf 89' lang='lat' dir='ltr'><strong>itaque</strong></span> <span class='ocrx_word' id='word_1_629' title='bbox 3515 4608 3575 4648; x_wconf 85' lang='lat' dir='ltr'><strong>se</strong></span> 
     </span>
    </p>
   </div>
   <div class='ocr_carea' id='block_1_86' title="bbox 2010 4681 3575 4752">
    <p class='ocr_par' dir='ltr' id='par_1_86' title="bbox 2010 4681 3575 4752">
     <span class='ocr_line' id='line_1_86' title="bbox 2010 4681 3575 4752; baseline 0.002 -19"><span class='ocrx_word' id='word_1_630' title='bbox 2010 4681 2311 4751; x_wconf 87' lang='lat' dir='ltr'><strong>hujusmodi</strong></span> <span class='ocrx_word' id='word_1_631' title='bbox 2359 4696 2476 4734; x_wconf 89' lang='lat' dir='ltr'><strong>esse</strong></span> <span class='ocrx_word' id='word_1_632' title='bbox 2507 4691 2734 4745; x_wconf 71' lang='lat' dir='ltr'><strong>naturae,</strong></span> <span class='ocrx_word' id='word_1_633' title='bbox 2773 4690 2829 4733; x_wconf 89' lang='lat' dir='ltr'><strong>ut</strong></span> <span class='ocrx_word' id='word_1_634' title='bbox 2852 4683 3154 4736; x_wconf 68' lang='lat' dir='ltr'><strong>necessario</strong></span> <span class='ocrx_word' id='word_1_635' title='bbox 3195 4693 3283 4734; x_wconf 92' lang='lat' dir='ltr'><strong>aut</strong></span> <span class='ocrx_word' id='word_1_636' title='bbox 3306 4682 3575 4752; x_wconf 78' lang='lat' dir='ltr'><strong>perpetuis</strong></span> 
     </span>
    </p>
   </div>
   <div class='ocr_carea' id='block_1_87' title="bbox 2008 4771 3561 4841">
    <p class='ocr_par' dir='ltr' id='par_1_87' title="bbox 2008 4771 3561 4841">
     <span class='ocr_line' id='line_1_87' title="bbox 2008 4771 3561 4841; baseline 0.001 -18"><span class='ocrx_word' id='word_1_637' title='bbox 2008 4773 2242 4841; x_wconf 86' lang='lat' dir='ltr'><strong>potiatur</strong></span> <span class='ocrx_word' id='word_1_638' title='bbox 2276 4771 2529 4840; x_wconf 74' lang='lat' dir='ltr'><strong>pranuiis.</strong></span> <span class='ocrx_word' id='word_1_639' title='bbox 2559 4781 2650 4824; x_wconf 90' lang='lat' dir='ltr'><strong>aut</strong></span> <span class='ocrx_word' id='word_1_640' title='bbox 2679 4771 2950 4840; x_wconf 81' lang='lat' dir='ltr'><strong>suppliciis</strong></span> <span class='ocrx_word' id='word_1_641' title='bbox 3000 4773 3277 4825; x_wconf 83' lang='lat' dir='ltr'><strong>crucietur</strong></span> <span class='ocrx_word' id='word_1_642' title='bbox 3322 4773 3561 4826; x_wconf 82' lang='lat' dir='ltr'><strong>:eternis.</strong></span> 
     </span>
    </p>
   </div>
   <div class='ocr_carea' id='block_1_88' title="bbox 2009 4860 3572 4928">
    <p class='ocr_par' dir='ltr' id='par_1_88' title="bbox 2009 4860 3572 4928">
     <span class='ocr_line' id='line_1_88' title="bbox 2009 4860 3572 4928; baseline 0 -14"><span class='ocrx_word' id='word_1_643' title='bbox 2009 4861 2132 4916; x_wconf 72' lang='lat' dir='ltr'><strong>Haec</strong></span> <span class='ocrx_word' id='word_1_644' title='bbox 2174 4863 2350 4928; x_wconf 81' lang='lat' dir='ltr'><strong>itaque</strong></span> <span class='ocrx_word' id='word_1_645' title='bbox 2394 4860 2573 4914; x_wconf 86' lang='lat' dir='ltr'><strong>sedula</strong></span> <span class='ocrx_word' id='word_1_646' title='bbox 2630 4861 2976 4914; x_wconf 85' lang='lat' dir='ltr'><strong>meditatione</strong></span> <span class='ocrx_word' id='word_1_647' title='bbox 3024 4861 3324 4922; x_wconf 83' lang='lat' dir='ltr'><strong>discutere,</strong></span> <span class='ocrx_word' id='word_1_648' title='bbox 3378 4860 3471 4914; x_wconf 90' lang='lat' dir='ltr'><strong>sed</strong></span> <span class='ocrx_word' id='word_1_649' title='bbox 3518 4871 3572 4916; x_wconf 89' lang='lat' dir='ltr'><strong>et</strong></span> 
     </span>
    </p>
   </div>
   <div class='ocr_carea' id='block_1_89' title="bbox 2009 4949 3574 5017">
    <p class='ocr_par' dir='ltr' id='par_1_89' title="bbox 2009 4949 3574 5017">
     <span class='ocr_line' id='line_1_89' title="bbox 2009 4949 3574 5017; baseline 0.001 -15"><span class='ocrx_word' id='word_1_650' title='bbox 2009 4952 2144 5003; x_wconf 90' lang='lat' dir='ltr'><strong>diem</strong></span> <span class='ocrx_word' id='word_1_651' title='bbox 2183 4949 2370 5017; x_wconf 86' lang='lat' dir='ltr'><strong>judicii</strong></span> <span class='ocrx_word' id='word_1_652' title='bbox 2419 4949 2644 5002; x_wconf 83' lang='lat' dir='ltr'><strong>sollicite</strong></span> <span class='ocrx_word' id='word_1_653' title='bbox 2687 4963 2993 5017; x_wconf 71' lang='lat' dir='ltr'><strong>praecavere</strong></span> <span class='ocrx_word' id='word_1_654' title='bbox 3024 4987 3038 5012; x_wconf 92' lang='lat'><strong>,</strong></span> <span class='ocrx_word' id='word_1_655' title='bbox 3103 4963 3205 5003; x_wconf 92' lang='lat' dir='ltr'><strong>non</strong></span> <span class='ocrx_word' id='word_1_656' title='bbox 3250 4963 3446 5016; x_wconf 88' lang='lat' dir='ltr'><strong>parvus</strong></span> <span class='ocrx_word' id='word_1_657' title='bbox 3491 4958 3574 5003; x_wconf 90' lang='lat' dir='ltr'><strong>est</strong></span> 
     </span>
    </p>
   </div>
   <div class='ocr_carea' id='block_1_90' title="bbox 2010 5035 3573 5106">
    <p class='ocr_par' dir='ltr' id='par_1_90' title="bbox 2010 5035 3573 5106">
     <span class='ocr_line' id='line_1_90' title="bbox 2010 5035 3573 5106; baseline -0.001 -14"><span class='ocrx_word' id='word_1_658' title='bbox 2010 5037 2215 5094; x_wconf 80' lang='lat' dir='ltr'><strong>fructus</strong></span> <span class='ocrx_word' id='word_1_659' title='bbox 2245 5057 2256 5090; x_wconf 94' lang='lat'><strong>:</strong></span> <span class='ocrx_word' id='word_1_660' title='bbox 2295 5037 2346 5090; x_wconf 93' lang='lat' dir='ltr'><strong>in</strong></span> <span class='ocrx_word' id='word_1_661' title='bbox 2371 5053 2478 5106; x_wconf 93' lang='lat' dir='ltr'><strong>quo</strong></span> <span class='ocrx_word' id='word_1_662' title='bbox 2500 5037 2744 5090; x_wconf 78' lang='lat' dir='ltr'><strong>videlicet</strong></span> <span class='ocrx_word' id='word_1_663' title='bbox 2767 5037 2850 5090; x_wconf 91' lang='lat' dir='ltr'><strong>die</strong></span> <span class='ocrx_word' id='word_1_664' title='bbox 2873 5036 2954 5092; x_wconf 91' lang='lat' dir='ltr'><strong>cui</strong></span> <span class='ocrx_word' id='word_1_665' title='bbox 3009 5035 3174 5090; x_wconf 89' lang='lat' dir='ltr'><strong>semel</strong></span> <span class='ocrx_word' id='word_1_666' title='bbox 3201 5037 3334 5089; x_wconf 84' lang='lat' dir='ltr'><strong>bene</strong></span> <span class='ocrx_word' id='word_1_667' title='bbox 3361 5051 3573 5090; x_wconf 87' lang='lat' dir='ltr'><strong>succes-</strong></span> 
     </span>
    </p>
   </div>
   <div class='ocr_carea' id='block_1_91' title="bbox 2010 5123 3572 5187">
    <p class='ocr_par' dir='ltr' id='par_1_91' title="bbox 2010 5123 3572 5187">
     <span class='ocr_line' id='line_1_91' title="bbox 2010 5123 3572 5187; baseline 0 -10"><span class='ocrx_word' id='word_1_668' title='bbox 2010 5127 2164 5187; x_wconf 82' lang='lat' dir='ltr'><strong>Serit,</strong></span> <span class='ocrx_word' id='word_1_669' title='bbox 2193 5124 2328 5178; x_wconf 86' lang='lat' dir='ltr'><strong>ultra</strong></span> <span class='ocrx_word' id='word_1_670' title='bbox 2359 5140 2462 5177; x_wconf 84' lang='lat' dir='ltr'><strong>non</strong></span> <span class='ocrx_word' id='word_1_671' title='bbox 2487 5133 2729 5183; x_wconf 83' lang='lat' dir='ltr'><strong>corruet;</strong></span> <span class='ocrx_word' id='word_1_672' title='bbox 2763 5131 2811 5176; x_wconf 86' lang='lat' dir='ltr'><strong>et</strong></span> <span class='ocrx_word' id='word_1_673' title='bbox 2844 5123 2926 5175; x_wconf 87' lang='lat' dir='ltr'><strong>cui</strong></span> <span class='ocrx_word' id='word_1_674' title='bbox 2961 5137 3018 5177; x_wconf 89' lang='lat' dir='ltr'><strong>sc</strong></span> <span class='ocrx_word' id='word_1_675' title='bbox 3059 5138 3143 5176; x_wconf 82' lang='lat' dir='ltr'><strong>res</strong></span> <span class='ocrx_word' id='word_1_676' title='bbox 3194 5124 3246 5176; x_wconf 89' lang='lat' dir='ltr'><strong>in</strong></span> <span class='ocrx_word' id='word_1_677' title='bbox 3297 5124 3572 5177; x_wconf 84' lang='lat' dir='ltr'><strong>sinistram</strong></span> 
     </span>
    </p>
   </div>
   <div class='ocr_carea' id='block_1_92' title="bbox 2011 5212 3574 5282">
    <p class='ocr_par' dir='ltr' id='par_1_92' title="bbox 2011 5212 3574 5282">
     <span class='ocr_line' id='line_1_92' title="bbox 2011 5212 3574 5282; baseline 0.001 -16"><span class='ocrx_word' id='word_1_678' title='bbox 2011 5215 2251 5277; x_wconf 83' lang='lat' dir='ltr'><strong>verterit,</strong></span> <span class='ocrx_word' id='word_1_679' title='bbox 2285 5215 2350 5267; x_wconf 87' lang='lat' dir='ltr'><strong>de</strong></span> <span class='ocrx_word' id='word_1_680' title='bbox 2371 5222 2562 5266; x_wconf 62' lang='lat' dir='ltr'><strong>cetero</strong></span> <span class='ocrx_word' id='word_1_681' title='bbox 2580 5227 2686 5267; x_wconf 86' lang='lat' dir='ltr'><strong>non</strong></span> <span class='ocrx_word' id='word_1_682' title='bbox 2725 5221 3029 5281; x_wconf 84' lang='lat' dir='ltr'><strong>consurget.</strong></span> <span class='ocrx_word' id='word_1_683' title='bbox 3056 5212 3206 5278; x_wconf 80' lang='lat' dir='ltr'><strong>Quod</strong></span> <span class='ocrx_word' id='word_1_684' title='bbox 3263 5213 3450 5282; x_wconf 91' lang='lat' dir='ltr'><strong>itaque</strong></span> <span class='ocrx_word' id='word_1_685' title='bbox 3507 5213 3574 5267; x_wconf 83' lang='lat' dir='ltr'><strong>de</strong></span> 
     </span>
    </p>
   </div>
   <div class='ocr_carea' id='block_1_93' title="bbox 343 5292 3572 5374">
    <p class='ocr_par' dir='ltr' id='par_1_93' title="bbox 343 5292 3572 5374">
     <span class='ocr_line' id='line_1_93' title="bbox 343 5292 3572 5374; baseline -0.003 -12"><span class='ocrx_word' id='word_1_686' title='bbox 343 5311 517 5363; x_wconf 87' lang='lat' dir='ltr'><strong>minor</strong></span> <span class='ocrx_word' id='word_1_687' title='bbox 544 5320 623 5364; x_wconf 86' lang='lat' dir='ltr'><strong>est</strong></span> <span class='ocrx_word' id='word_1_688' title='bbox 655 5309 767 5361; x_wconf 64' lang='lat' dir='ltr'><strong>haec</strong></span> <span class='ocrx_word' id='word_1_689' title='bbox 798 5305 1150 5374; x_wconf 82' lang='lat' dir='ltr'><strong>comparatio,</strong></span> <span class='ocrx_word' id='word_1_690' title='bbox 1174 5320 1333 5373; x_wconf 88' lang='lat' dir='ltr'><strong>quam</strong></span> <span class='ocrx_word' id='word_1_691' title='bbox 1380 5303 1424 5354; x_wconf 87' lang='lat' dir='ltr'><strong>si</strong></span> <span class='ocrx_word' id='word_1_692' title='bbox 1459 5303 1713 5370; x_wconf 81' lang='lat' dir='ltr'><strong>pugillum</strong></span> <span class='ocrx_word' id='word_1_693' title='bbox 1754 5317 1906 5370; x_wconf 70' lang='lat' dir='ltr'><strong>aqua:</strong></span> <span class='ocrx_word' id='word_1_694' title='bbox 1940 5292 1984 5348; x_wconf 81' lang='grc' dir='ltr'>υ</span> <span class='ocrx_word' id='word_1_695' title='bbox 2013 5304 2298 5371; x_wconf 81' lang='lat' dir='ltr'><strong>diejudicii</strong></span> <span class='ocrx_word' id='word_1_696' title='bbox 2325 5303 2519 5371; x_wconf 70' lang='lat' dir='ltr'><strong>quaeris</strong></span> <span class='ocrx_word' id='word_1_697' title='bbox 2546 5311 2595 5353; x_wconf 89' lang='lat' dir='ltr'><strong>et</strong></span> <span class='ocrx_word' id='word_1_698' title='bbox 2635 5301 2988 5363; x_wconf 73' lang='lat' dir='ltr'><strong>Anticlirism,</strong></span> <span class='ocrx_word' id='word_1_699' title='bbox 3046 5301 3158 5370; x_wconf 82' lang='lat' dir='ltr'><strong>lege</strong></span> <span class='ocrx_word' id='word_1_700' title='bbox 3185 5301 3236 5353; x_wconf 77' lang='lat' dir='ltr'><strong>li‘.</strong></span> <span class='ocrx_word' id='word_1_701' title='bbox 3263 5319 3377 5355; x_wconf 89' lang='lat' dir='ltr'><strong>rtnn</strong></span> <span class='ocrx_word' id='word_1_702' title='bbox 3431 5303 3572 5356; x_wconf 87' lang='lat' dir='ltr'><strong>beati</strong></span> 
     </span>
    </p>
   </div>
   <div class='ocr_carea' id='block_1_94' title="bbox 343 5387 1906 5465">
    <p class='ocr_par' dir='ltr' id='par_1_94' title="bbox 343 5387 1906 5465">
     <span class='ocr_line' id='line_1_94' title="bbox 343 5387 1906 5465; baseline -0.005 -13"><span class='ocrx_word' id='word_1_703' title='bbox 343 5399 397 5452; x_wconf 87' lang='lat' dir='ltr'><strong>in</strong></span> <span class='ocrx_word' id='word_1_704' title='bbox 431 5414 575 5451; x_wconf 88' lang='lat' dir='ltr'><strong>mare</strong></span> <span class='ocrx_word' id='word_1_705' title='bbox 600 5396 871 5465; x_wconf 82' lang='lat' dir='ltr'><strong>projicias,</strong></span> <span class='ocrx_word' id='word_1_706' title='bbox 905 5394 986 5447; x_wconf 86' lang='lat' dir='ltr'><strong>vel</strong></span> <span class='ocrx_word' id='word_1_707' title='bbox 1027 5395 1071 5448; x_wconf 90' lang='lat' dir='ltr'><strong>si</strong></span> <span class='ocrx_word' id='word_1_708' title='bbox 1101 5387 1405 5446; x_wconf 86' lang='lat' dir='ltr'><strong>mensuram</strong></span> <span class='ocrx_word' id='word_1_709' title='bbox 1433 5392 1597 5444; x_wconf 89' lang='lat' dir='ltr'><strong>cubiti</strong></span> <span class='ocrx_word' id='word_1_710' title='bbox 1645 5407 1765 5445; x_wconf 91' lang='lat' dir='ltr'><strong>cum</strong></span> <span class='ocrx_word' id='word_1_711' title='bbox 1796 5401 1906 5444; x_wconf 91' lang='lat' dir='ltr'><strong>toto</strong></span> 
     </span>
    </p>
   </div>
   <div class='ocr_carea' id='block_1_95' title="bbox 340 5479 1906 5555">
    <p class='ocr_par' dir='ltr' id='par_1_95' title="bbox 340 5479 1906 5555">
     <span class='ocr_line' id='line_1_95' title="bbox 340 5479 1906 5555; baseline -0.006 -13"><span class='ocrx_word' id='word_1_712' title='bbox 340 5499 606 5542; x_wconf 84' lang='lat' dir='ltr'><strong>terrarum</strong></span> <span class='ocrx_word' id='word_1_713' title='bbox 644 5487 815 5555; x_wconf 85' lang='lat' dir='ltr'><strong>spatio</strong></span> <span class='ocrx_word' id='word_1_714' title='bbox 841 5484 1087 5539; x_wconf 85' lang='lat' dir='ltr'><strong>conferre</strong></span> <span class='ocrx_word' id='word_1_715' title='bbox 1108 5483 1416 5537; x_wconf 87' lang='lat' dir='ltr'><strong>contendas.</strong></span> <span class='ocrx_word' id='word_1_716' title='bbox 1450 5479 1580 5534; x_wconf 79' lang='lat' dir='ltr'><strong>Nam</strong></span> <span class='ocrx_word' id='word_1_717' title='bbox 1609 5489 1661 5535; x_wconf 90' lang='lat' dir='ltr'><strong>ct</strong></span> <span class='ocrx_word' id='word_1_718' title='bbox 1684 5481 1906 5534; x_wconf 89' lang='lat' dir='ltr'><strong>immen-</strong></span> 
     </span>
    </p>
   </div>
   <div class='ocr_carea' id='block_1_96' title="bbox 344 5571 1907 5645">
    <p class='ocr_par' dir='ltr' id='par_1_96' title="bbox 344 5571 1907 5645">
     <span class='ocr_line' id='line_1_96' title="bbox 344 5571 1907 5645; baseline -0.007 -11"><span class='ocrx_word' id='word_1_719' title='bbox 344 5581 478 5634; x_wconf 77' lang='lat' dir='ltr'><strong>sitas</strong></span> <span class='ocrx_word' id='word_1_720' title='bbox 509 5579 689 5640; x_wconf 88' lang='lat' dir='ltr'><strong>maris,</strong></span> <span class='ocrx_word' id='word_1_721' title='bbox 715 5586 766 5630; x_wconf 90' lang='lat' dir='ltr'><strong>et</strong></span> <span class='ocrx_word' id='word_1_722' title='bbox 814 5577 1044 5645; x_wconf 86' lang='lat' dir='ltr'><strong>spatiqu</strong></span> <span class='ocrx_word' id='word_1_723' title='bbox 1090 5585 1245 5628; x_wconf 81' lang='lat' dir='ltr'><strong>terra:</strong></span> <span class='ocrx_word' id='word_1_724' title='bbox 1287 5573 1432 5625; x_wconf 89' lang='lat' dir='ltr'><strong>finita</strong></span> <span class='ocrx_word' id='word_1_725' title='bbox 1467 5580 1612 5636; x_wconf 89' lang='lat' dir='ltr'><strong>sunt,</strong></span> <span class='ocrx_word' id='word_1_726' title='bbox 1665 5571 1803 5625; x_wconf 89' lang='lat' dir='ltr'><strong>sicut</strong></span> <span class='ocrx_word' id='word_1_727' title='bbox 1855 5580 1907 5625; x_wconf 89' lang='lat' dir='ltr'><strong>et</strong></span> 
     </span>
    </p>
   </div>
   <div class='ocr_carea' id='block_1_97' title="bbox 349 5661 1905 5746">
    <p class='ocr_par' dir='ltr' id='par_1_97' title="bbox 349 5661 1905 5746">
     <span class='ocr_line' id='line_1_97' title="bbox 349 5661 1905 5746; baseline -0.004 -25"><span class='ocrx_word' id='word_1_728' title='bbox 349 5671 576 5742; x_wconf 82' lang='lat' dir='ltr'><strong>pugillus</strong></span> <span class='ocrx_word' id='word_1_729' title='bbox 605 5685 774 5739; x_wconf 62' lang='lat' dir='ltr'><strong>aqua},</strong></span> <span class='ocrx_word' id='word_1_730' title='bbox 799 5676 852 5722; x_wconf 89' lang='lat' dir='ltr'><strong>et</strong></span> <span class='ocrx_word' id='word_1_731' title='bbox 890 5680 1136 5720; x_wconf 86' lang='lat' dir='ltr'><strong>mensura</strong></span> <span class='ocrx_word' id='word_1_732' title='bbox 1161 5664 1325 5718; x_wconf 89' lang='lat' dir='ltr'><strong>cubiti</strong></span> <span class='ocrx_word' id='word_1_733' title='bbox 1354 5680 1370 5729; x_wconf 87' lang='lat'><strong>;</strong></span> <span class='ocrx_word' id='word_1_734' title='bbox 1400 5663 1646 5730; x_wconf 79' lang='lat' dir='ltr'><strong>quamvis</strong></span> <span class='ocrx_word' id='word_1_735' title='bbox 1673 5661 1759 5746; x_wconf 76' lang='lat' dir='ltr'><strong>illa</strong></span> <span class='ocrx_word' id='word_1_736' title='bbox 1798 5676 1905 5714; x_wconf 88' lang='lat' dir='ltr'><strong>ma-</strong></span> 
     </span>
    </p>
   </div>
   <div class='ocr_carea' id='block_1_98' title="bbox 2015 5391 3571 5464">
    <p class='ocr_par' dir='ltr' id='par_1_98' title="bbox 2015 5391 3571 5464">
     <span class='ocr_line' id='line_1_98' title="bbox 2015 5391 3571 5464; baseline 0 -16"><span class='ocrx_word' id='word_1_737' title='bbox 2015 5395 2294 5464; x_wconf 76' lang='lat' dir='ltr'><strong>Augustini</strong></span> <span class='ocrx_word' id='word_1_738' title='bbox 2333 5394 2406 5446; x_wconf 92' lang='lat' dir='ltr'><strong>De</strong></span> <span class='ocrx_word' id='word_1_739' title='bbox 2449 5392 2662 5446; x_wconf 85' lang='lat' dir='ltr'><strong>civitate</strong></span> <span class='ocrx_word' id='word_1_740' title='bbox 2707 5391 2826 5456; x_wconf 90' lang='lat' dir='ltr'><strong>Dei,</strong></span> <span class='ocrx_word' id='word_1_741' title='bbox 2865 5401 2914 5445; x_wconf 89' lang='lat' dir='ltr'><strong>et</strong></span> <span class='ocrx_word' id='word_1_742' title='bbox 2954 5392 3346 5462; x_wconf 70' lang='lat' dir='ltr'><strong>ExpOsitionem</strong></span> <span class='ocrx_word' id='word_1_743' title='bbox 3403 5394 3571 5450; x_wconf 67' lang='lat' dir='ltr'><strong>sancti</strong></span> 
     </span>
    </p>
   </div>
   <div class='ocr_carea' id='block_1_99' title="bbox 2017 5479 3572 5550">
    <p class='ocr_par' dir='ltr' id='par_1_99' title="bbox 2017 5479 3572 5550">
     <span class='ocr_line' id='line_1_99' title="bbox 2017 5479 3572 5550; baseline -0.002 -14"><span class='ocrx_word' id='word_1_744' title='bbox 2017 5481 2320 5550; x_wconf 73' lang='lat' dir='ltr'><strong>Hieronymi</strong></span> <span class='ocrx_word' id='word_1_745' title='bbox 2380 5481 2430 5532; x_wconf 94' lang='lat' dir='ltr'><strong>in</strong></span> <span class='ocrx_word' id='word_1_746' title='bbox 2490 5479 2760 5536; x_wconf 86' lang='lat' dir='ltr'><strong>Danielem</strong></span> <span class='ocrx_word' id='word_1_747' title='bbox 2797 5481 3111 5550; x_wconf 81' lang='lat' dir='ltr'><strong>prephetam</strong></span> <span class='ocrx_word' id='word_1_748' title='bbox 3141 5519 3155 5544; x_wconf 90' lang='lat'><strong>,</strong></span> <span class='ocrx_word' id='word_1_749' title='bbox 3203 5479 3572 5550; x_wconf 74' lang='lat' dir='ltr'><strong>Apocalypsim</strong></span> 
     </span>
    </p>
   </div>
   <div class='ocr_carea' id='block_1_100' title="bbox 2013 5569 3577 5641">
    <p class='ocr_par' dir='ltr' id='par_1_100' title="bbox 2013 5569 3577 5641">
     <span class='ocr_line' id='line_1_100' title="bbox 2013 5569 3577 5641; baseline -0.002 -17"><span class='ocrx_word' id='word_1_750' title='bbox 2013 5586 2221 5641; x_wconf 89' lang='lat' dir='ltr'><strong>quoque</strong></span> <span class='ocrx_word' id='word_1_751' title='bbox 2242 5584 2362 5623; x_wconf 92' lang='lat' dir='ltr'><strong>cum</strong></span> <span class='ocrx_word' id='word_1_752' title='bbox 2393 5570 2794 5624; x_wconf 89' lang='lat' dir='ltr'><strong>commentariis</strong></span> <span class='ocrx_word' id='word_1_753' title='bbox 2838 5571 2996 5624; x_wconf 88' lang='lat' dir='ltr'><strong>suis:</strong></span> <span class='ocrx_word' id='word_1_754' title='bbox 3052 5569 3105 5622; x_wconf 93' lang='lat' dir='ltr'><strong>in</strong></span> <span class='ocrx_word' id='word_1_755' title='bbox 3157 5569 3350 5636; x_wconf 89' lang='lat' dir='ltr'><strong>quibus</strong></span> <span class='ocrx_word' id='word_1_756' title='bbox 3395 5569 3577 5636; x_wconf 75' lang='lat' dir='ltr'><strong>utiqu;</strong></span> 
     </span>
    </p>
   </div>
   <div class='ocr_carea' id='block_1_101' title="bbox 2011 5658 3548 5728">
    <p class='ocr_par' dir='ltr' id='par_1_101' title="bbox 2011 5658 3548 5728">
     <span class='ocr_line' id='line_1_101' title="bbox 2011 5658 3548 5728; baseline -0.003 -13"><span class='ocrx_word' id='word_1_757' title='bbox 2011 5660 2361 5725; x_wconf 68' lang='lat' dir='ltr'><strong>sufﬁcientem</strong></span> <span class='ocrx_word' id='word_1_758' title='bbox 2387 5659 2480 5714; x_wconf 89' lang='lat' dir='ltr'><strong>tibi</strong></span> <span class='ocrx_word' id='word_1_759' title='bbox 2506 5659 2746 5714; x_wconf 89' lang='lat' dir='ltr'><strong>notitiam</strong></span> <span class='ocrx_word' id='word_1_760' title='bbox 2775 5658 2931 5728; x_wconf 86' lang='lat' dir='ltr'><strong>hujus</strong></span> <span class='ocrx_word' id='word_1_761' title='bbox 2975 5658 3210 5713; x_wconf 72' lang='lat' dir='ltr'><strong>malet-ite</strong></span> <span class='ocrx_word' id='word_1_762' title='bbox 3248 5658 3444 5726; x_wconf 76' lang='lat' dir='ltr'><strong>poteris</strong></span> <span class='ocrx_word' id='word_1_763' title='bbox 3494 5659 3548 5710; x_wconf 87' lang='lat' dir='ltr'><strong>in</strong></span> 
     </span>
    </p>
   </div>
  </div>
