4136 5308
585 343 688 399 839

1044 341 1100 392 S.
1139 337 1340 392 PETRI
1379 335 1657 391 DAMIANI
1697 333 1846 389 OPP.
1877 333 2112 425 TUMUS
2155 332 2285 387 SEli
2326 330 2504 387 PARS
2535 330 2601 386 lll
2646 360 2714 370 --
2749 326 3110 387 OPlISCULA
3152 325 3374 382 VARIA.

3717 322 3841 376 850

581 455 787 510 venire.
820 454 970 508 Sicut
999 452 1140 506 enim
1171 460 1223 506 et
1244 450 1552 504 authentica
1573 449 1725 518 prius
1750 423 2027 516 Scriptura
2059 445 2151 500 de-
2182 453 2228 508 Α
2259 444 2324 497 ad
2356 443 2605 498 Blancam
2651 443 2965 512 scripsimus
2999 441 3326 495 couiitissam
3351 423 3462 506 (99)
3517 433 3838 489 testimonia

581 546 780 617 signat,
809 554 864 599 et
885 543 1221 613 postmodum
1245 542 1632 611 superveniens
1660 541 2024 611 expositorum
2055 552 2161 611 sey-

583 634 674 690 lus‘
697 635 947 698 clucidat,
977 634 1150 688 tribus
1185 634 1340 688 annis
1362 643 1418 686 et
1451 633 1616 688 semis
1657 631 2025 686 Antichristus
2075 647 2162 686 re-

581 727 796 795 gnabit;
828 734 883 780 et
905 725 1205 779 interfectis
1231 725 1299 778 ab
1327 739 1393 778 eo
1437 723 1616 777 Enoch
1643 732 1698 776 et
1740 721 1933 786 Eliam,
1990 723 2161 791 ipsum

581 815 994 880 An‘tichristum,
1017 824 1069 869 et
1098 815 1386 868 maximam
1419 813 1780 867 membrorum
1801 813 1917 883 ejus
1955 820 2162 882 partem

584 905 809 959 Michael
837 904 1194 974 archangelus
1231 903 1532 957 interficiet.
1581 902 1677 958 Cui
1726 918 1830 957 non
1888 903 2054 973 887
2081 910 2164 957 est

577 997 912 1050 contrarium
936 997 1076 1065 quod
1110 1009 1207 1064 per
1231 995 1544 1062 Apostolum
1571 995 1798 1048 dicitur:
1851 1012 1869 1044 α
1899 995 2034 1060 Quia
2059 993 2164 1048 Do-

582 1088 758 1142 minus
783 1087 940 1142 Jesus
985 1087 1236 1141 Christus
1286 1088 1572 1142 interliciet
1615 1087 1764 1141 illum
1813 1088 2004 1156 spiritu
2053 1087 2166 1144 oris

581 1179 685 1238 sui.
719 1188 774 1232 et
804 1183 1044 1234 destruet
1073 1179 1434 1233 illustratione
1462 1180 1723 1233 adventus
1750 1180 1830 1232 sui
1855 1178 1940 1250 (II
1973 1177 2159 1233 Thess.

583 1271 667 1336 tt).
709 1289 726 1320 ι
770 1269 903 1324 Nam
930 1269 1042 1324 sive
1077 1287 1174 1340 per
1203 1286 1282 1333 se,
1309 1272 1420 1324 sive
1447 1286 1541 1340 per
1589 1271 1886 1340 angelicum
1917 1271 2164 1326 Christus

580 1377 704 1414 eum
727 1362 956 1429 perimat
995 1361 1374 1424 Inittislct‘ittm,
1403 1363 1469 1415 ab
1517 1377 1582 1416 co
1611 1362 1946 1430 potissimum
2001 1362 2166 1432 pestis

585 1453 767 1521 iniqua
801 1453 1119 1519 destruitur,
1152 1452 1303 1521 cujus
1338 1454 1536 1508 virtute
1566 1471 1628 1508 ac
1676 1455 1912 1525 potentia
1945 1471 2166 1525 supera-

585 1557 692 1602 tur.
740 1548 1029 1602 Enimvero
1052 1591 1066 1612 ,
1090 1551 1223 1603 sicut
1256 1567 1281 1604 a
1316 1549 1622 1605 doctoribus
1655 1550 1902 1616 traditur,
1933 1554 1982 1606 in
2014 1569 2168 1608 mon-

585 1648 638 1693 te
664 1638 872 1699 Oliveti,
906 1640 956 1693 in
1006 1641 1273 1708 papilione
1321 1657 1383 1695 ac
1415 1641 1546 1696 solio
1585 1651 1681 1697 suo
1730 1659 1852 1698 eum
1909 1644 2166 1702 Dominus

585 1728 844 1799 perimet;
889 1731 938 1783 in
968 1729 1057 1784 illo
1084 1731 1330 1785 videlicet
1361 1732 1479 1785 loco
1503 1742 1690 1786 contra
1717 1748 1899 1802 quem,
1932 1733 2161 1788 videnti-

585 1822 684 1875 bus
707 1821 982 1890 apostolis,
1019 1822 1070 1874 in
1098 1822 1293 1875 cmlum
1319 1822 1486 1875 victor
1513 1823 1776 1877 ascendit.
1807 1822 1957 1878 Unde
1996 1823 2163 1878 Isaias

585 1914 662 1966 ait
693 1933 705 1966 :
739 1931 758 1962 ι
792 1912 1157 1982 Praecipitavit
1179 1914 1434 1967 Dominus
1458 1914 1508 1967 in
1533 1922 1722 1968 sancto
1749 1923 1932 1968 monte
1964 1912 2159 1968 faciem

582 2001 934 2055 dominatoris
965 2002 1326 2064 tenebrarum,
1357 2011 1410 2055 et
1431 2017 1552 2055 eum
1583 2001 1674 2070 qui
1702 2001 2009 2056 dominatur
2032 2017 2163 2057 cun-

586 2093 655 2145 tis
687 2091 896 2161 populis
949 2090 1082 2161 (Im.
1125 2093 1234 2162 xv).
1267 2111 1284 2143 ι
1317 2092 1390 2146 De
1417 2107 1523 2161 quo
1573 2108 1668 2162 per
1715 2091 1994 2147 Dauielem
2026 2093 2162 2148 dici-

586 2190 714 2233 tur:
776 2199 795 2230 ‹
831 2178 1150 2234 Sermonem
1200 2190 1390 2235 contra
1444 2179 1722 2235 Excelsum
1788 2181 2066 2249 loquetur,
2109 2189 2165 2235 et

585 2280 800 2325 sanctos
829 2270 1088 2325 Altissimi
1134 2279 1412 2335 conteret;
1457 2281 1510 2324 et
1553 2272 1765 2340 putabit
1808 2272 1952 2341 quod
1995 2272 2165 2341 possit

585 2367 796 2413 mutare
827 2368 1066 2430 tempora
1095 2361 1342 2431 etleges;
1381 2370 1434 2414 et
1461 2363 1743 2416 tradentur
1773 2362 1823 2416 in
1855 2378 2013 2415 manu
2046 2362 2162 2431 ejus

585 2461 753 2515 usque
781 2447 847 2501 ad
879 2457 1105 2515 tempus.
1133 2458 1186 2502 et
1218 2457 1478 2516 tempora,
1505 2460 1557 2502 ct
1604 2451 1882 2506 dimidium
1907 2451 2164 2520 temporis

585 2537 950 2607 (I)nn.vn).i
1004 2538 1156 2594 Unde
1214 2539 1484 2611 colligitur
1537 2541 1932 2596 Antichristum
1995 2545 2166 2600 tribus

583 2626 741 2680 annis
770 2637 823 2679 et
858 2627 1079 2680 dimidio
1125 2641 1495 2698 regnaturum.
1531 2627 1764 2700 Tempus
1811 2631 1952 2684 enim
1983 2647 2163 2688 annus

583 2726 689 2778 cst,
716 2725 953 2784 tempora
986 2717 1089 2770 duo
1120 2717 1244 2771 anni
1287 2727 1429 2772 sunt.
1474 2718 1673 2774 Tribus
1730 2719 1892 2786 igitur
1930 2723 2086 2776 annis
2111 2730 2166 2776 et

583 2805 808 2859 dimidio
838 2815 1178 2874 regnaturus,
1213 2808 1404 2862 deinde
1436 2809 1601 2863 divini
1629 2808 1826 2863 furoris
1873 2811 2049 2882 glalio
2077 2821 2164 2867 et

585 2895 965 2963 perimendus;
999 2906 1060 2948 ut
1111 2905 1166 2950 et
1202 2906 1461 2967 tyrannus
1509 2900 1730 2952 omnino
1777 2900 2071 2970 dispereat,
2111 2907 2166 2954 et

589 3001 718 3040 vero
754 2987 862 3056 regi
893 2995 1141 3042 creatura
1181 3002 1238 3042 se
1262 2989 1510 3043 universa
1548 3000 1878 3059 prosternat.
1933 2992 2084 3049 Unde
2112 3001 2168 3048 et

587 3076 728 3131 idem
778 3078 966 3132 Daniel
999 3097 1010 3130 :
1046 3097 1063 3129 ι
1091 3077 1356 3134 Iudicium
1383 3082 1578 3151 quippe
1619 3084 1846 3148 sedebit,
1880 3085 2165 3141 utaufera-

587 3176 673 3219 tur
695 3169 953 3235 potentia,
987 3178 1040 3222 et
1069 3179 1386 3224 conteratur
1414 3213 1427 3233 ,
1485 3183 1534 3225 et
1589 3175 1857 3243 dispereat
1909 3193 2076 3247 usque
2111 3181 2162 3234 in

588 3258 770 3311 finem.
803 3257 1040 3327 llcgnum
1091 3271 1379 3322 autcm,et
1430 3272 1691 3330 potestas,
1737 3275 1792 3319 et
1856 3269 2166 3336 magnitudo

586 3348 902 3417 regni,qu:e
929 3359 1004 3400 est
1051 3350 1236 3402 subter
1288 3366 1445 3404 omne
1495 3354 1710 3417 cu-lum,
1769 3356 1925 3410 detur
1973 3360 2167 3428 populo

585 3447 896 3490 sanctorum
924 3438 1198 3500 Altissimi,
1221 3439 1370 3507 cujus
1384 3451 1466 3495 est
1489 3459 1712 3511 regnum
1736 3447 2162 3516 sempiternum;

587 3535 641 3581 ct
662 3541 849 3581 omnes
870 3539 1058 3598 gentes
1086 3530 1322 3583 servient
1354 3531 1424 3593 ei,
1459 3535 1922 3605 atquelobedicnt.
1964 3557 1982 3589 ι

1189 3639 1420 3696 CAPUT
1450 3642 1532 3697 Ill.

587 3728 630 3780 Δ
665 3737 825 3781 morte
851 3728 1180 3792 Antichristi,
1245 3733 1312 3806 od
1359 3731 1556 3806 Christi
1604 3733 1814 3788 Domini
1865 3737 2162 3806 (uiuentum,

1077 3812 1200 3867 quot
1225 3802 1335 3854 dies
1362 3803 1669 3856 intererunt.

658 3888 826 3945 Porro
855 3901 973 3961 post
996 3904 1222 3947 mortem
1275 3896 1588 3950 Antichristi
1621 3899 1970 3970 quadraginta
2010 3903 2166 3972 quin-

584 3995 690 4048 que
734 3981 846 4035 dies
868 3991 1027 4036 erunt
1052 3984 1246 4038 residui
1279 4001 1448 4056 usque
1495 3988 1561 4041 ad
1599 3991 1885 4044 adventum
1940 3994 2162 4058 Christi,

587 4067 641 4120 iu
669 4069 860 4137 quibus
881 4079 933 4124 et
955 4074 1260 4139 persecutio
1287 4075 1542 4142 cessabit,
1568 4086 1622 4132 et
1673 4095 1865 4150 magna
1921 4097 2046 4151 pax,
2101 4097 2166 4136 ac

586 4159 951 4228 tranquillitas
977 4162 1104 4228 erit,
1135 4173 1191 4218 ut
1219 4165 1357 4219 intra
1387 4166 1545 4235 hujus
1566 4170 1827 4240 temporis
1847 4171 2079 4240 spatium
2109 4181 2165 4225 et

579 4243 709 4316 justi
746 4250 964 4320 quique,
988 4253 1032 4306 si
1056 4255 1181 4324 quid
1215 4258 1604 4324 persecutionis
1624 4260 1852 4315 articulo
1895 4262 2164 4317 titubave-

585 4349 728 4403 raut,
762 4343 1130 4408 paenitentiam
1155 4356 1335 4416 agant,
1358 4355 1411 4400 et
1443 4349 1676 4403 ministri
1703 4350 1900 4405 diaboli
1951 4353 2000 4405 in
2049 4361 2162 4406 tor-

585 4435 733 4501 poris
772 4444 931 4504 atque
956 4438 1171 4493 desidize
1211 4443 1498 4496 securitate
1519 4445 1907 4501 dissolvantur:
1940 4449 2078 4502 sicut
2107 4447 2158 4501 in

589 4525 779 4597 diebus
813 4525 921 4578 Noe
943 4526 1280 4594 plantabunt,
1330 4540 1384 4586 et
1411 4535 1782 4602 aedificahunt;
1814 4535 2162 4591 celebrahunt

587 4613 851 4676 convivia,
881 4623 933 4666 et
959 4617 1280 4673 contrahent
1324 4623 1695 4689 matrimonia;
1747 4627 1933 4695 eisque
1986 4629 2164 4682 studio

588 4700 795 4757 frivola
821 4705 1074 4758 vanitatis
1107 4707 1326 4763 intentis
1365 4712 1544 4768 subito
1595 4716 1871 4782 perveniet
1916 4715 2165 4770 interitus

589 4791 803 4855 (Matth.
837 4809 992 4861 xxrv;
1028 4794 1152 4850 Luc.
1182 4799 1504 4866 xvn).Quod
1532 4812 1710 4856 autem
1735 4806 1951 4872 quaeris,
1985 4814 2162 4858 utrum

589 4885 740 4952 prius
765 4885 850 4939 hic
872 4888 1101 4942 mundus
1124 4891 1331 4954 ardeat,
1360 4901 1414 4945 et
1436 4901 1555 4960 post
1578 4891 1842 4960 judicium
1893 4895 2008 4960 fiat,
2045 4895 2164 4948 evi-

590 4974 732 5008 doni:
789 4975 1052 5008 mu‘nnnm
1107 4981 1370 5008 o.\n.A-\I:n
1425 4981 1699 5008 .ΙΑΩ.-ξι...νι
1751 4992 1827 5008 an.

1943 5000 2154 5008 -.-.4..-....

2265 535 2664 603 Scripturarunt
2702 533 2954 588 nutmulla
2979 531 3382 601 congessimus;
3410 535 3558 581 tanta
3617 540 3846 595 quoque

2263 627 2503 697 ejusdem
2567 625 2819 680 thematis
2871 622 3010 692 apud
3061 620 3394 689 expositores
3441 616 3580 672 sacri
3633 614 3844 680 eloquii

2262 727 2411 780 sunt,
2437 726 2497 771 ut
2521 718 2660 771 intra
2683 715 2973 784 epistolare
3024 710 3398 780 compendium
3431 715 3656 773 nequeat
3675 720 3842 758 coar-

2261 811 2421 875 ctari,
2452 810 2517 862 ad
2545 822 2732 862 eorum
2757 815 2808 860 te
2837 803 3186 858 exuberantia
3214 801 3408 855 ﬂuenta
3433 799 3714 865 dirigimus
3736 833 3750 855 ,
3784 803 3847 847 et

2261 901 2478 959 omissis
2504 898 2780 955 arentibus
2808 895 3016 957 rivulis,
3039 895 3107 948 de
3125 893 3360 947 fontibus
3381 888 3633 943 Israelita:
3650 886 3841 941 bibere

2264 995 2578 1051 suademus.

2778 1079 2948 1150 333
2971 1075 3198 1133 CAPUT
3224 1071 3313 1128 tv.

2266 1173 2432 1243 Signa
2453 1170 2798 1243 praecedentia
2816 1167 3008 1239 judicii
3027 1167 3162 1247 diem
3192 1176 3258 1220 ex
3293 1163 3354 1220 S.
3386 1157 3692 1230 Hieronymi
3715 1175 3838 1214 sen-

2957 1248 3137 1292 ιιηιτα.

2335 1352 2466 1408 lllud
2497 1363 2675 1406 tamen
2724 1349 2868 1420 quod
2920 1349 2986 1402 de
3030 1346 3333 1418 quindecim
3392 1343 3561 1413 signis
3617 1340 3836 1394 totidem

2266 1444 2474 1499 dierum
2501 1444 2640 1497 diem
2661 1441 2848 1510 judicii
2880 1439 3296 1510 prtecedentium
3324 1438 3541 1490 beatum
3574 1430 3839 1498 Hierony-

2269 1549 2414 1588 mum
2439 1531 2642 1587 referre
2672 1531 2980 1594 didicimus,
3010 1529 3100 1583 hic
3135 1527 3338 1580 eisdem
3391 1523 3570 1578 verbis
3601 1521 3840 1575 inserere

2269 1640 2372 1677 non
2409 1621 2732 1690 superﬂuum
2787 1618 3114 1686 iudicamus.
3149 1617 3354 1682 Quibus
3397 1611 3638 1682 profecto
3662 1607 3842 1662 verbis

2269 1713 2410 1765 sicut
2448 1727 2548 1766 nec
2590 1708 2932 1764 auctoritatis
2983 1711 3146 1760 robur
3192 1702 3566 1764 adscribimus,
3620 1698 3691 1752 ita
3741 1710 3844 1748 nec

2195 1789 2236 1846 Β
2268 1802 2424 1857 fidem
2471 1803 2685 1868 penitus
2715 1799 3060 1866 denegamus.
3112 1794 3221 1848 Res
3268 1806 3399 1858 ergo
3444 1790 3582 1843 sicut
3632 1786 3700 1840 ad
3743 1798 3844 1838 nos

2264 1894 2530 1963 pervenit,
2562 1893 2718 1961 hujus
2746 1889 2887 1960 stylo
2915 1904 2974 1943 se
2995 1885 3311 1954 simpliciter
3335 1883 3560 1944 inserat,
3601 1885 3664 1930 ut
3694 1875 3839 1928 anti-

2263 1989 2383 2056 quis
2406 1987 2569 2040 etiam
2603 1984 2948 2039 llcbrzcorum
3005 1977 3250 2049 p0pulis,
3307 1974 3400 2042 qui
3441 1968 3610 2026 divini
3645 1965 3843 2036 judicii

2265 2093 2439 2136 terror
2467 2078 2774 2141 increverit,
2797 2089 2862 2130 ex
2892 2088 3078 2128 eorum
3131 2067 3342 2140 paginis
3388 2065 3708 2120 innotescat.
3757 2058 3845 2112 Si-

2262 2185 2448 2241 gnum,
2479 2169 2670 2237 inquit,
2698 2164 2858 2235 primi
2881 2162 2986 2216 diei
3017 2159 3221 2213 :Maria
3235 2149 3839 2210 omniainaltitudinem

2263 2260 2645 2316 exaltabuntur
2691 2254 2998 2326 quindecim
3062 2250 3366 2304 cubitorum
3417 2259 3577 2312 supra
3627 2251 3845 2296 montes

2264 2352 2508 2408 excelsos
2534 2350 2682 2406 orbis
2712 2358 2888 2410 terra),
2919 2359 3023 2398 non
3068 2340 3361 2401 afﬂuentia,
3393 2337 3488 2390 sed
3515 2335 3656 2389 sicut
3698 2334 3844 2386 muri

2263 2459 2478 2514 aequora
2505 2442 2742 2495 stabunt.
2767 2438 2992 2508 Signum
3023 2432 3242 2489 secundi
3268 2430 3372 2485 diei
3400 2446 3413 2481 :
3442 2425 3629 2482 Oumia
3659 2439 3847 2492 aequo-

2267 2553 2326 2591 ra
2351 2542 2760 2605 prosternentur
2790 2531 2840 2584 in
2867 2530 3028 2582 imum
3045 2521 3318 2594 profundi,
3344 2521 3416 2574 ita
3447 2527 3504 2571 ut
3531 2518 3615 2569 vix
3639 2523 3847 2605 queant

2266 2628 2334 2682 ab
2351 2602 2621 2680 humanis
2647 2619 2924 2676 obtutibus
2955 2612 3219 2684 conspici.
3257 2609 3480 2680 Signum
3512 2605 3656 2659 tertii
3687 2602 3790 2657 diei
3825 2619 3840 2653 :

2266 2718 2434 2772 Maria
2458 2714 2640 2770 omnia
2672 2711 2985 2780 redigentur
3012 2707 3066 2760 in
3097 2701 3384 2774 pristinqu
3421 2705 3636 2756 statum,
3668 2691 3846 2762 quali-

2268 2818 2352 2862 ter
2374 2807 2441 2861 ab
2476 2802 2697 2858 exordio
2727 2809 2910 2854 creata
2941 2797 3176 2851 fuerant.
3229 2790 3452 2860 Signum
3483 2784 3656 2857 quarti
3687 2782 3789 2836 dici
3827 2798 3841 2832 :

2266 2897 2697 2957 Bellmeomnes,
2733 2898 2787 2944 et
2837 2887 3021 2942 omnia
3076 2898 3198 2952 qua:
3246 2887 3530 2935 moventur
3577 2875 3628 2927 in
3685 2870 3846 2940 aquis

2269 2985 2507 3045 marinis,
2543 2979 3018 3050 congregabuntur
3041 2987 3203 3042 super
3223 2971 3466 3041 pelagus,
3517 2977 3666 3019 more
3705 2977 3842 3016 con-

2271 3073 2549 3136 tentionis,
2575 3071 2802 3124 invicem
2835 3067 3136 3136 mugientes
3157 3071 3212 3116 et
3236 3061 3539 3129 rugientes;
3573 3053 3848 3107 nescient-

2270 3182 2375 3234 que
2400 3163 2646 3218 homines
2676 3160 2802 3227 quid
2829 3165 3069 3219 cantent,
3121 3151 3202 3207 vel
3251 3150 3378 3221 quid
3437 3145 3696 3217 cogitent,
3745 3143 3845 3234 sed

2269 3232 2474 3310 tantum
2514 3253 2613 3307 scit
2638 3251 2800 3312 Deus,
2826 3247 2911 3302 cui
2939 3245 3118 3300 omnia
3149 3243 3356 3304 vivunt,
3390 3237 3564 3292 ollicio
3590 3232 3839 3304 gerendi.

2222 3346 2227 3351 ’
2267 3345 2391 3399 llaec
2419 3353 2649 3412 quatuor
2675 3341 2828 3408 signa
2883 3334 3056 3406 pelagi
3104 3341 3251 3394 sunt,
3296 3340 3351 3386 et
3406 3329 3506 3382 tria
3559 3323 3841 3397 sequentia

2266 3434 2419 3504 signa
2444 3432 2604 3496 aeris,
2643 3441 2699 3484 et
2741 3427 2962 3484 :etheris
2998 3432 3140 3480 sunt.
3199 3421 3423 3492 Signum
3471 3418 3643 3488 quinti
3697 3415 3839 3470 diei:

2266 3523 2458 3578 Omnia
2523 3519 2764 3575 volatilia
2812 3517 2934 3573 cwli
2982 3513 3446 3570 concionabuntur
3488 3509 3541 3562 in
3599 3506 3841 3576 campis,

2268 3614 2687 3683 unumquodque
2718 3623 2888 3680 genus
2919 3608 2970 3661 in
2999 3605 3188 3660 ordine
3213 3617 3347 3666 suo;
3376 3601 3576 3654 eaadem
3591 3598 3839 3651 volucres

2267 3711 2497 3764 invicem
2527 3703 2897 3770 colloquentes
2941 3707 2997 3754 et
3031 3697 3306 3767 plorantes
3351 3700 3531 3755 erunt,
3590 3705 3696 3743 non
3751 3705 3844 3759 gu-

2265 3811 2492 3863 stantes,
2521 3808 2693 3863 neque
2713 3791 2984 3854 bibentes,
3011 3788 3298 3842 adventum
3331 3781 3528 3852 judicis
3571 3780 3836 3834 timentes.

2267 3892 2489 3963 Signum
2540 3886 2677 3942 sexti
2706 3883 2852 3940 diei:
2899 3881 3144 3935 Flumina
3175 3878 3329 3947 ignea
3387 3875 3454 3928 ab
3475 3888 3665 3928 occasu
3710 3870 3837 3924 solis

2267 3989 2507 4050 surgent,
2535 3985 2722 4032 contra
2745 3973 2937 4028 faciem
2969 3967 3316 4030 ﬁrmamenti,
3359 3979 3526 4034 usque
3546 3963 3612 4016 ad
3659 3970 3833 4015 ortum

2267 4071 2558 4127 currentia.
2588 4067 2810 4136 Signum
2851 4062 3065 4133 septimi
3087 4059 3190 4114 diei
3222 4075 3236 4112 :
3280 4055 3525 4112 Errantia
3559 4052 3752 4114 sidera,
3782 4059 3837 4104 et

2267 4159 2580 4220 stationaria
2610 4164 2866 4229 spargent
2893 4169 2959 4208 ex
3000 4167 3060 4208 se
3090 4151 3274 4220 igneas
3296 4161 3502 4210 comas,
3529 4143 3756 4214 qualiter
3779 4141 3834 4194 in

2267 4253 2492 4310 cometis
2519 4256 2764 4320 apparet,
2785 4245 2927 4308 orbi,
2957 4253 3012 4298 et
3026 4241 3142 4310 ejus
3171 4235 3583 4294 habitatoribus.
3613 4232 3832 4302 Signum

2266 4345 2441 4402 octavi
2467 4343 2568 4397 diei
2602 4359 2614 4394 :
2648 4339 3012 4394 Terrmmotus
3043 4334 3146 4387 erit
3169 4344 3417 4402 magnus,
3439 4328 3514 4382 ita
3563 4332 3622 4378 ut
3660 4320 3834 4377 nullus

2270 4441 2430 4495 homo
2458 4446 2603 4490 stare
2631 4432 2821 4502 possit,
2849 4436 2942 4482 aut
2970 4425 3173 4481 nullum
3204 4419 3421 4482 animal,
3447 4418 3538 4473 sed
3564 4415 3679 4471 solo
3697 4422 3835 4467 ster-

2266 4539 2462 4586 nentur
2504 4525 2706 4580 omnia.
2744 4521 2967 4590 Sigmun
3013 4516 3138 4571 noui
3190 4514 3341 4568 diei:
3389 4510 3590 4568 Omnes
3630 4504 3834 4574 lapides

2268 4631 2374 4676 tam
2401 4618 2550 4690 parvi
2579 4630 2739 4684 quam
2764 4611 2941 4680 magni
2961 4607 3274 4663 scindentur
3296 4604 3350 4658 in
3376 4609 3606 4672 quatuor
3627 4603 3830 4690 partes.

2266 4721 2322 4765 et
2351 4686 2684 4777 unaquaeque
2705 4717 2830 4772 pars
2851 4699 3065 4754 collidet
3093 4695 3315 4750 alteram
3343 4701 3575 4762 partem,
3605 4686 3832 4742 nesciet-

2266 4815 2371 4869 que
2397 4797 2534 4852 ullus
2547 4795 2706 4850 homo
2729 4806 2918 4846 sonum
2945 4788 3114 4852 illum,
3132 4785 3230 4839 nisi
3257 4782 3403 4837 solus
3432 4781 3590 4834 Deus.
3611 4777 3830 4847 Signum

2267 4891 2457 4946 decimi
2483 4888 2587 4942 diei
2622 4903 2636 4939 :
2666 4883 2862 4940 Omnia
2883 4881 3024 4951 ligna
3054 4878 3336 4938 silvarum,
3359 4883 3416 4928 et
3459 4873 3606 4926 olera
3634 4869 3829 4924 herba-

2259 4998 2375 5008 ...ηις
2403 4979 2753 5008 -........:m...m
2811 4975 2970 5008 “nam
3028 4983 3222 5008 imi-mn,
3284 4965 3509 5008 Sirmium
3559 4957 3829 5008 undecimi
