4078 6336
295 311 392 366 πη

1164 302 1408 360 OPUSC.
1449 301 1565 358 LX.
1602 332 1675 346 -—
1713 300 2079 358 EXPOSITIO
2119 301 2301 357 LIBRI
2341 303 2724 360 GENESEOS.

3463 301 3572 358 διε

294 425 364 477 ad
391 418 927 486 occ..sumpatebunt,
946 403 1299 470 cadaveribus
1321 413 1687 484 surgentibus,
1715 426 1888 481 usque
1914 417 1965 475 Α
1993 425 2112 468 rent
2139 423 2195 468 ut
2226 424 2487 468 amentes.
2524 413 2749 483 Signum
2794 412 2987 466 decimi
3017 413 3189 481 quinti
3249 412 3355 467 diei
3388 431 3401 466 :
3455 413 3576 469 Vivt

309 512 378 566 ad
400 511 588 564 horam
611 507 820 580 judicii.
857 507 1080 576 Signum
1117 506 1492 574 decimiquarti
1523 504 1626 558 diei
1657 518 1672 555 :
1723 502 1893 558 Omne

310 604 606 660 humanum
637 616 827 671 genus,
857 601 998 668 quod
1046 600 1321 653 inventum
1357 599 1535 661 fuerit,
1561 599 1626 651 de
1677 596 1891 649 habita-

306 690 446 747 culis
467 698 522 745 et
564 690 631 744 de
679 689 813 743 locis
864 688 918 742 in
961 689 1156 758 quibus
1199 697 1359 741 erunt
1391 687 1650 741 velociter
1704 686 1895 738 absce-

310 780 438 835 dent
461 821 475 846 ,
505 797 610 834 non
636 779 996 850 iutelligentes
1021 794 1195 848 neque
1223 778 1538 848 loquentes;
1567 776 1660 830 sed
1683 775 1894 830 discur-

384 891 499 964 (50)
537 891 734 961 Opusc.
767 891 926 960 hujus
954 891 1074 946 linis
1107 891 1316 946 videtur
1348 888 1715 960 imperfectus.

2003 508 2250 561 homines
2278 507 2600 570 morientur,
2631 515 2688 559 ut
2717 514 3004 575 resurgant
3025 520 3147 560 cum
3171 507 3400 561 mortuis
3420 505 3580 577 longe

2003 608 2128 653 ante
2156 598 2425 655 defunctis
2449 598 2582 668 (⁸50).

2307 711 2384 766 Sit
2409 727 2594 764 nomen
2625 709 2833 763 Domini
2859 709 3220 766 Benedictum.

327 1030 3555 1062 Μ

791 1153 1156 1226 889-890
1213 1172 1995 1279 OPUSCULUM
2095 1169 3084 1280 SEXAGESIMUM.

858 1360 1289 1422 EXPOSITIO
1333 1361 1688 1422 MYSTICA
1733 1361 2297 1424 HISTORIABUM
2342 1365 2555 1426 LIBRI
2599 1366 3031 1428 GENESEOS.

1719 1494 2039 1508 -—_

826 1547 1052 1603 CAPUT
1099 1547 1387 1604 PRIMUM.

609 1638 752 1693 Dixit
783 1635 920 1691 Deus
945 1655 962 1693 :
987 1637 1121 1694 Fin
1148 1655 1250 1692 Lux
1269 1680 1283 1702 ,
1313 1641 1482 1707 prima
1507 1639 1612 1695 die.

387 1731 626 1800 Qualiter
667 1731 844 1784 valeat
889 1731 1052 1785 homo
1111 1733 1478 1786 consummari
1526 1741 1580 1788 et
1630 1733 1901 1802 quomodo

316 1824 509 1879 debeat
540 1821 748 1890 perlici,
795 1821 928 1876 iiber
960 1822 1046 1875 hic
1073 1822 1701 1892 succincteperstringit,
1745 1833 1905 1892 prout

316 1929 383 1969 ex
439 1911 620 1966 mundi
681 1911 972 1965 creationis
1018 1911 1207 1965 ordine
1254 1913 1478 1978 reperiri
1531 1914 1709 1966 datur.
1765 1913 1903 1979 Quia

315 2005 460 2061 enim
497 2005 663 2058 homo
711 2003 1124 2068 microeosmus,
1158 2003 1262 2057 hoc
1309 2013 1394 2057 est
1447 2005 1624 2057 minor
1671 2005 1904 2058 mundus

317 2109 437 2150 esse
473 2095 705 2157 dicitur,
758 2108 983 2147 necesse
1036 2101 1120 2146 est
1164 2101 1223 2146 ut
1276 2093 1342 2146 ad
1395 2109 1504 2146 sua:
1560 2093 1906 2161 plenitudinis

321 2183 658 2240 incrementa
695 2185 1028 2237 contendens
1066 2181 1236 2251 ipsam
1273 2182 1555 2237 mundanm
1582 2182 1907 2236 conditionis

316 2273 552 2343 speciem
592 2273 854 2335 imitetur,
885 2281 962 2336 et,
990 2273 1132 2326 sicut
1159 2272 1388 2327 visibilis
1421 2283 1582 2342 atque
1611 2287 1907 2341 corporeus

319 2363 408 2418 hic
435 2361 668 2416 mundus
702 2377 799 2430 per
825 2375 1045 2415 suarum
1084 2362 1314 2430 partium
1367 2361 1562 2416 molem
1611 2370 1664 2415 et
1697 2362 1906 2429 magni-

320 2452 560 2506 tudinem
589 2460 996 2505 consummatus
1026 2461 1128 2515 est,
1159 2451 1236 2504 sic
1264 2461 1320 2505 et
1364 2453 1524 2506 homo
1551 2463 1736 2506 noster
1772 2452 1910 2505 inte-

321 2541 436 2595 rius
481 2539 548 2594 ad
609 2539 690 2593 sui
744 2539 1131 2608 plenitudinem
1180 2539 1437 2610 paulatim
1488 2541 1766 2610 perveniat
1815 2555 1910 2609 per

324 2638 612 2699 augmenta
662 2629 944 2684 virtutum.
984 2629 1058 2685 De
1095 2646 1198 2700 qua
1248 2631 1513 2700 spirituali
1575 2630 1908 2700 plenitudine

325 2720 460 2776 dicit
511 2719 804 2790 Apostolus
855 2737 870 2773 :
917 2738 936 2771 ι
987 2719 1167 2775 Donec
1215 2736 1569 2775 occurramus
1618 2736 1807 2776 omnes
1856 2721 1908 2776 in

322 2812 501 2866 virum
546 2809 868 2882 perfectum,
903 2810 954 2864 in
988 2827 1297 2865 mensuram
1328 2813 1506 2865 :etatis
1557 2811 1910 2880 plenitudinis

323 2903 550 2958 Christi.
585 2923 602 2955 ι
635 2903 787 2958 Tunc
817 2913 996 2956 autem
1033 2904 1083 2956 in
1114 2903 1333 2956 homine
1362 2903 1560 2957 dicitur
1590 2913 1648 2957 ut
1675 2904 1767 2971 [int
1795 2902 1908 2965 lux,

327 3011 450 3049 cum
481 2995 640 3049 datur
674 2995 724 3048 ei
766 3004 826 3048 ut
857 2993 1178 3048 illutuiuatio
1223 2994 1324 3048 sibi
1369 2993 1706 3048 credulitatis
1743 2993 1908 3046 inful-

324 3095 482 3156 geat;
512 3087 686 3156 prima
717 3087 913 3156 quippe
943 3087 1139 3140 tuentis
1172 3085 1262 3139 lux
1311 3086 1442 3140 fides
1472 3095 1572 3141 est.
1610 3085 1758 3140 Unde
1799 3085 1911 3154 jam

326 3174 577 3228 ﬁdelibus
609 3175 855 3244 Ephesiis
904 3175 1040 3230 bene
1090 3175 1220 3230 dicit
1263 3175 1550 3244 Apostolus
1600 3193 1613 3228 :
1652 3193 1669 3225 ‹
1716 3174 1916 3229 Fuistis

326 3265 621 3336 aliquando
648 3269 906 3329 tenebrae,
940 3282 1084 3321 nunc
1121 3278 1300 3322 autem
1355 3267 1443 3321 lux
1498 3268 1550 3321 in
1593 3268 1852 3332 Domino;
1893 3287 1911 3319 ι

328 3364 385 3411 et
430 3357 533 3412 hoc
579 3367 663 3411 est
708 3358 943 3426 primum
992 3359 1045 3412 in
1096 3358 1211 3430 lege
1265 3369 1592 3428 piﬁcccptum
1639 3376 1705 3412 ε(
1741 3359 1914 3425 Audi,

329 3444 492 3500 Israel
520 3463 538 3500 :
563 3447 821 3501 Dominus
854 3449 996 3502 Deus
1027 3458 1152 3503 tuus
1189 3465 1326 3502 unus
1367 3459 1469 3503 cst.
1507 3469 1524 3499 ›
1554 3449 1704 3504 Tunc
1738 3460 1918 3504 autem

331 3537 387 3592 in
433 3539 651 3594 homine
694 3542 902 3610 primus
949 3543 1063 3596 dies
1111 3539 1203 3606 ﬁt,
1248 3557 1372 3597 cum
1419 3558 1590 3598 novus
1637 3545 1702 3598 ad
1759 3544 1920 3598 tidem

332 3629 502 3684 venit.

962 3723 1192 3779 CAPUT
1229 3724 1288 3779 II.

594 3808 670 3864 De
705 3811 1035 3878 ﬁrmamento
1062 3823 1108 3865 et
1139 3814 1392 3867 divisione
1415 3830 1695 3884 equorum.

408 3897 659 3955 Secunda
705 3900 793 3967 die
837 3900 962 3955 fecit
1021 3902 1159 3956 Deus
1209 3902 1635 3969 ﬁrmamentum,
1685 3913 1741 3961 et
1784 3906 1922 3960 divi-

336 3989 518 4046 siones
547 4007 843 4060 aquarum,
871 4008 1099 4062 quartnu
1146 3993 1265 4048 alite
1311 3996 1377 4049 ad
1416 3994 1671 4049 inferiora
1721 3996 1926 4052 deflue—

338 4090 485 4146 rent,
513 4078 632 4134 alite
664 4083 717 4134 in
758 4082 1130 4151 superioribus
1180 4090 1546 4137 remanerent.
1579 4082 1716 4148 Quid
1744 4094 1926 4138 autem

338 4169 740 4226 ﬁrmamentum
788 4172 891 4225 nisi
943 4174 1110 4226 robur
1157 4182 1242 4227 est
1280 4173 1724 4242 Scripturarum?
1774 4173 1926 4228 Unde

336 4260 537 4332 legitur
564 4264 706 4333 quod
737 4264 936 4318 cmlum
981 4265 1034 4318 in
1083 4264 1171 4319 die
1211 4265 1400 4334 judicii
1455 4266 1742 4336 plicabitur
1791 4267 1932 4321 sicut

342 4353 498 4410 liber.
531 4353 669 4422 Quid
697 4365 876 4411 autem
910 4364 1034 4410 sunt
1063 4373 1217 4427 aqua:
1247 4358 1532 4413 inferiores
1553 4399 1566 4421 ,
1601 4359 1703 4412 nisi
1755 4358 1925 4413 homi-

344 4460 474 4499 num
506 4446 894 4510 multitudines,
923 4445 1074 4514 juxta
1121 4448 1248 4502 illud
1284 4449 1632 4520 Apoealypsis
1660 4466 1673 4503 ;
1707 4469 1726 4500 ‹
1762 4451 1929 4519 Αῳιτθ

342 4536 559 4600 multa),
602 4537 783 4607 populi
832 4539 1021 4592 multi?
1065 4557 1081 4589 ι
1111 4540 1248 4606 Quid
1301 4555 1427 4594 vero
1468 4541 1798 4608 superiores,
1830 4541 1930 4593 nisi

340 4626 495 4681 chori
531 4635 656 4680 sunt
684 4626 1032 4696 angelorum?
1056 4629 1123 4682 de
1152 4629 1345 4696 quibus
1379 4629 1428 4682 in
1461 4629 1668 4698 psalmo
1696 4629 1928 4683 dicitur:

343 4735 368 4771 ι
399 4715 467 4772 Et
495 4733 647 4788 aqua:
674 4733 884 4780 omnes,
927 4734 1048 4787 quae
1097 4735 1262 4788 Super
1298 4720 1462 4775 oculos
1505 4730 1664 4784 sunt,
1714 4721 1935 4775 laudent

341 4824 538 4864 nomen
569 4810 799 4864 Domini.
843 4830 860 4861 ι
889 4809 1078 4881 Angeli
1123 4811 1268 4865 enim
1301 4810 1706 4880 Scripturarum
1736 4810 1932 4865 ccelum

344 4916 510 4970 super
537 4917 596 4956 se
632 4917 737 4955 non
785 4901 1008 4961 habent.
1050 4902 1144 4956 sed
1193 4903 1293 4956 sub
1333 4919 1421 4964 se,
1459 4903 1584 4971 quia
1621 4917 1726 4955 non
1776 4911 1937 4971 egent

341 4997 408 5046 ut
449 4993 673 5045 verbum
721 4991 814 5044 Dei
861 4992 1104 5062 legentes
1151 4993 1389 5056 audiant,
1416 4993 1504 5061 qui
1554 4992 1727 5060 ipsum
1765 4992 1934 5045 Deam

343 5092 668 5152 pmsentcm
719 5081 864 5136 clare
919 5081 1261 5150 conspiciunt
1316 5092 1371 5136 ct
1427 5083 1478 5134 in
1541 5067 1680 5152 «jus
1719 5097 1934 5152 semper

344 5189 531 5228 amore
561 5171 955 5227 ﬂammescuut.
1002 5173 1136 5227 Cum
1189 5174 1354 5243 igitur
1400 5173 1560 5226 homo
1603 5189 1702 5241 per
1751 5174 1924 5226 lii-ma-

342 5258 615 5330 iuentum,
650 5264 753 5318 hoc
776 5273 881 5330 est,
913 5279 1012 5334 per
1036 5265 1271 5319 caelestis
1300 5265 1497 5334 eloquii
1531 5266 1937 5328 documentum,

342 5351 458 5426 jam
489 5355 680 5425 incipit
707 5354 946 5409 dividere
973 5355 1261 5410 inferiores
1291 5369 1460 5426 aquas
1489 5372 1517 5409 a
1549 5356 1936 5424 superioribus,

346 5445 405 5504 id
432 5456 537 5512 est,
568 5447 808 5501 carnalia
836 5461 865 5499 a
903 5447 1295 5513 spiritualibus,
1329 5456 1540 5499 terrena
1576 5463 1602 5497 a
1631 5447 1940 5500 ecelvrstibns

347 5552 637 5609 separare;
692 5547 817 5592 tmte
855 5537 923 5591 iu-
964 5553 1030 5591 eo
1079 5539 1345 5593 secundus
1390 5537 1447 5590 tit
1484 5537 1617 5599 dies,
1675 5538 1799 5607 quia
1835 5552 1938 5590 non

350 5631 514 5684 modo
542 5629 663 5684 fidei
711 5629 911 5692 lumen,
945 5630 1040 5684 sed
1075 5630 1238 5687 etiam
1289 5645 1468 5684 rerum
1519 5628 1700 5698 incipit
1743 5628 1940 5682 habere

354 5720 756 5777 discretionem.

677 5817 954 5877 Pnaon.
1000 5830 1100 5882 rx
1118 5827 1232 5885 ιν.

2620 1556 2848 1614 CAPUT
2883 1558 2967 1613 IlI.

1932 1671 1978 1728 Β
2011 1647 2086 1701 De
2110 1663 2368 1717 aquarum
2399 1649 2798 1716 congregatione
2828 1649 2880 1702 in
2917 1648 3088 1702 locum
3122 1667 3282 1703 nmtm
3309 1650 3404 1704 sub
3437 1651 3586 1710 cmlq.

2081 1741 2243 1797 Facta
2296 1742 2461 1811 igitur
2503 1742 2764 1797 divisione
2809 1758 3101 1811 aquarum,
3156 1744 3258 1798 hec
3291 1753 3405 1806 est,
3447 1743 3592 1797 inter

2008 1844 2223 1890 terrena
2255 1845 2307 1889 et
2337 1834 2612 1898 ccciestia,
2665 1850 2884 1889 necesse
2930 1843 3013 1888 est
3058 1835 3384 1888 ut.lnunana
3435 1849 3590 1888 mens

2007 1930 2124 1983 haec
2151 1927 2338 1981 eadem
2371 1936 2585 1980 terrena
2619 1927 2879 1981 minutius
2905 1927 3130 1990 dividat,
3152 1937 3204 1980 et
3226 1925 3302 1979 sic
3333 1925 3592 1994 reprobos

2007 2018 2291 2084 homines,
2342 2017 2498 2084 hujus
2543 2029 2772 2072 terrena:
2823 2017 3099 2086 sapientiae
3145 2017 3418 2085 salsugine
3464 2035 3595 2088 pru-

2009 2108 2232 2170 rientes,
2265 2122 2292 2158 a
2334 2105 2516 2174 justis,
2551 2107 2747 2161 fontem
2798 2107 2919 2161 ﬁdei
2971 2107 3306 2167 sitientibus,
3339 2116 3592 2174 tanquam

2009 2199 2080 2253 ab
2125 2199 2278 2252 arida
2326 2214 2496 2262 mare,
2525 2199 2819 2252 discernat.
2851 2198 3101 2252 Intidcles
3130 2199 3274 2251 enim
3318 2197 3430 2250 sive
3475 2212 3597 2250 car-

2009 2290 2159 2345 nales
2213 2289 2438 2360 quilibet
2476 2305 2506 2343 a
2554 2289 2718 2345 maris
2767 2291 3122 2345 tentationum
3173 2289 3423 2344 ﬂuetibus
3458 2305 3599 2358 qua-

2011 2381 2239 2446 tiuntur,
2271 2391 2325 2436 et
2355 2392 2607 2450 tanquam
2637 2381 2996 2449 procellarum
3025 2381 3380 2449 cupiditatum
3411 2391 3465 2434 ct
3505 2393 3598 2433 ar-

2012 2471 2272 2540 rogantia:
2319 2471 2736 2540 tempestatibus
2796 2473 3203 2537 intumescunt;
3259 2471 3428 2526 sancti
3470 2486 3600 2525 vero

2009 2564 2213 2632 quique
2238 2579 2302 2617 ac
2322 2562 2452 2630 justi
2485 2563 2629 2617 velut
2660 2563 2810 2616 arida
2838 2564 3002 2618 Det'nt
3027 2563 3234 2626 sitiunt,
3259 2573 3306 2618 et
3345 2574 3598 2633 tauquam

2013 2654 2165 2708 ferax
2198 2662 2340 2706 terra
2373 2653 2608 2707 virentes
2655 2652 2916 2706 bonorum
2961 2668 3183 2723 operum
3229 2651 3439 2708 fructus
3480 2668 3601 2722 ger-

2013 2745 2225 2799 minare
2276 2745 2627 2800 coutendunt.
2678 2743 2909 2812 Ideoque
2961 2759 3081 2797 cum
3136 2743 3361 2797 dixisset
3407 2742 3597 2797 Deus:

2019 2854 2038 2886 c
2074 2836 2138 2888 Et
2168 2845 2424 2904 appareat
2450 2835 2634 2897 a:ida,
2670 2855 2686 2884 ι
2718 2835 2906 2889 eodem
2949 2834 3036 2887 die
3079 2835 3263 2888 itidem
3313 2835 3555 2903 praecipit
3585 2851 3598 2886 :

2021 2945 2039 2978 ι
2072 2925 2349 2981 Gcrminet
2403 2935 2544 2978 terra
2601 2925 2824 2979 herbam
2875 2926 3140 2980 virentem
3179 2925 3465 2978 facientem
3515 2940 3605 2978 se-

1942 3053 1986 3114 c
2019 3034 2162 3080 men,
2196 3027 2250 3070 et
2276 3017 2476 3086 lignum
2514 3016 2836 3084 pomiferum
2868 3017 3070 3072 faciens
3095 3017 3351 3072 fructum.
3395 3037 3412 3067 ι
3449 3016 3608 3082 Quis-

2021 3111 2142 3179 quis
2171 3125 2300 3179 ergo
2328 3111 2429 3163 hoc
2459 3109 2691 3163 solerter
2721 3110 3056 3178 exsequitur,
3082 3110 3328 3178 quisquis
3351 3109 3452 3163 hoc
3482 3108 3610 3162 sub-

2021 3203 2187 3257 tiliter
2218 3203 2527 3266 meditatur,
2559 3203 2683 3256 huic
2706 3202 3087 3280 proculdubio
3133 3201 3324 3255 tertius
3349 3199 3460 3266 jam
3495 3200 3610 3254 dirs

2021 3293 2284 3347 exoritur.
2322 3294 2703 3363 Unusquisque
2735 3309 2863 3364 ergo
2905 3309 2964 3348 se
2991 3293 3057 3346 ab
3088 3307 3273 3346 amara
3319 3291 3614 3346 carnaliter

2021 3385 2346 3455 Sapientiqu
2375 3386 2642 3456 salsugine
2667 3386 2890 3450 dividat,
2923 3387 3122 3440 fontem
3151 3385 3273 3439 vita:
3301 3383 3611 3446 Domimnn,

2022 3475 2198 3531 factus
2224 3478 2400 3538 arida,
2431 3479 2624 3531 divina)
2650 3479 2837 3548 gratia:
2872 3478 3074 3532 fontem
3105 3477 3414 3533 medullitus
3442 3475 3610 3540 sitiat,

2023 3571 2291 3626 bonorum
2344 3572 2616 3626 fructuum
2669 3573 2910 3644 germina
2960 3571 3234 3644 proferat,
3261 3581 3322 3626 ut
3361 3571 3464 3627 sibi
3502 3571 3616 3626 dies

2028 3661 2220 3716 tertius
2247 3661 2542 3718 illucescat.

2635 3761 2864 3819 CAPUT
2911 3763 3000 3818 ιν.

2026 3849 2104 3903 De
2131 3850 2478 3905 lmninoribns
2505 3864 2693 3922 quarta
2724 3855 2808 3906 die
2839 3855 2996 3922 [actis
3024 3855 3075 3907 in
3105 3855 3437 3921 firmamento
3471 3852 3608 3904 c0275.

2103 3940 2196 3994 IIis
2241 3941 2312 3994 ita
2346 3942 2536 4010 positis
2567 3951 2621 3996 et
2654 3944 2943 3997 salubriter
2975 3944 3270 4007 ordinatis,
3310 3943 3486 3996 anima
3517 3944 3613 3996 ho-

2027 4035 2228 4099 minis,
2273 4036 2425 4102 quasi
2488 4035 2710 4090 dimotis
2770 4037 3024 4090 vitioruut
3079 4037 3346 4099 tenebris,
3401 4037 3614 4090 radiare

2031 4125 2215 4195 incipit
2267 4127 2442 4181 nitore
2474 4130 2752 4180 virtutum.
2783 4126 2920 4192 Quid
2971 4141 3097 4180 vero
3141 4135 3226 4180 est
3272 4127 3413 4194 quod
3467 4129 3618 4196 prius

2031 4217 2297 4286 germinat
2326 4225 2464 4270 terra
2497 4226 2551 4270 et
2596 4217 2844 4285 proti.:us
2875 4226 3128 4270 creantur
3167 4217 3474 4280 luminaria,
3514 4220 3615 4271 nisi

2032 4308 2180 4378 quia,
2213 4309 2514 4377 prodeunte
2559 4309 2681 4362 boui
2722 4309 2902 4378 operis
2933 4310 3196 4378 genuine,
3230 4309 3318 4362 lux
3353 4309 3403 4362 in
3436 4311 3619 4364 anima

1957 4430 2008 4491 Ι)
2036 4404 2305 4471 copiosior
2329 4401 2491 4472 891
2527 4402 2718 4463 oritur,
2754 4411 2811 4455 nt
2841 4402 3040 4456 imitari
3070 4402 3246 4456 valeat
3280 4402 3364 4456 sui
3393 4403 3620 4472 vestigia

2038 4492 2448 4561 Redemptoris?
2490 4491 2768 4546 Accelerct
2804 4509 2932 4563 ergo
2979 4509 3132 4548 mens
3178 4493 3412 4547 humana
3461 4495 3623 4564 spiri-

2037 4584 2262 4637 tualittm
2308 4594 2549 4654 segetum
2583 4586 2886 4654 germinare
2925 4597 3268 4655 proventum,
3300 4596 3360 4639 ut
3391 4586 3621 4638 rutilan-

2039 4677 2178 4729 tibus
2205 4677 2398 4730 divinm
2445 4676 2579 4730 locis
2611 4678 2774 4731 radiis
2822 4677 3138 4739 illustretnr,
3173 4687 3456 4746 quatenus,
3491 4677 3619 4730 dum

2037 4769 2213 4838 quarti
2245 4770 2348 4822 diei
2396 4769 2514 4822 luce
2564 4769 2884 4837 perfruitur,
2917 4770 3078 4822 etiam
3111 4772 3177 4822 ad
3207 4768 3622 4836 contemplanda

2037 4861 2299 4925 coelestia,
2331 4876 2480 4916 more
2505 4861 2868 4930 spiritualium
2898 4861 3195 4922 volucrum,
3228 4861 3489 4930 rapiatur.

2656 4973 2883 5028 CAPUT
2925 4975 2987 5030 γ.

2210 5065 2363 5131 Quod
2397 5068 2580 5137 quinta
2603 5068 2688 5120 die
2713 5069 2877 5136 pisces
2905 5078 2952 5121 et
2977 5085 3094 5120 (tres
3116 5070 3276 5121 creati
3301 5083 3440 5122 sunt.

2111 5158 2306 5225 Quinta
2336 5161 2422 5215 die
2452 5161 2617 5214 creati
2652 5171 2776 5213 sunt
2814 5162 3013 5228 pisces,
3044 5176 3141 5228 per
3170 5176 3306 5228 quos
3337 5161 3622 5231 designan-

2042 5261 2148 5316 tur,
2183 5251 2272 5320 qui
2307 5251 2648 5321 baptismatis
2679 5263 3077 5304 sacramentum
3107 5251 3428 5320 perripinnt,
3461 5252 3622 5313 sint,

2037 5361 2136 5414 per
2166 5347 2440 5405 volucres,
2481 5344 2554 5398 illi
2599 5361 2688 5412 qtn
2735 5345 2992 5399 viitutunt
3041 5345 3229 5413 pennis
3265 5345 3330 5398 ad
3381 5343 3622 5399 caelestia

2041 5452 2099 5489 se
2150 5436 2562 5506 contemplanda
2611 5438 2965 5506 suspendunt.
3017 5437 3271 5502 Quintum
3311 5452 3440 5506 ergo
3483 5436 3622 5489 diem

2040 5542 2162 5580 eum
2212 5527 2517 5581 volucribus
2565 5527 2728 5581 habet
2768 5528 3013 5597 quisquis
3047 5528 3229 5581 mundi
3278 5542 3462 5582 amere
3491 5541 3622 5580 con-

2043 5629 2246 5687 tempto
2275 5620 2425 5688 quasi
2461 5620 2783 5688 dedignatur
2814 5635 3026 5674 caenum
3064 5619 3274 5673 calcare
3325 5627 3620 5674 terrenum.

2044 5729 2108 5769 ac
2147 5727 2242 5784 per
2273 5695 2744 5781 cootcmplatioais
2782 5711 3009 5782 gratiam
3053 5711 3119 5765 ad
3175 5709 3410 5765 emlestis
3444 5705 3625 5777 gloria}

3147 5801 3226 5860 27
