4136 5308
524 212 629 269 845

1000 207 1059 265 S.
1100 208 1303 264 PETRl
1340 206 1628 265 DAMIANI
1661 205 1813 266 OPP.
1845 204 2079 264 τοιωε
2118 204 2249 262 SEU
2290 204 2471 261 PARS
2507 203 2593 260 In.
2628 233 2701 245 —
2735 200 3100 261 OPUSCULA
3133 202 3362 259 VARIA.

3685 202 3806 261 ευ

521 345 585 386 se
620 328 871 400 provehit
907 327 1223 398 appetitum.
1263 324 1364 381 ilic
1392 325 1555 397 igitur
1593 340 1699 379 non
1724 322 1840 393 jam
1879 325 1933 378 ln
1962 331 2105 380 terra
2133 330 2183 390 Α
2212 321 2449 391 Tempus
2477 320 2660 391 itaque
2696 319 2853 375 nobis
2876 328 2961 374 est
2988 318 3306 393 Deushdum
3333 319 3462 376 dicit
3505 320 3560 375 in
3606 318 3803 376 Evan-

510 420 790 492 graditur,
819 420 913 474 sed
941 433 1037 490 per
1063 433 1244 473 aerem
1271 418 1440 483 volat,
1470 417 1600 487 quia
1631 427 1847 472 terrena
1876 430 2102 486 quaeque

523 510 826 578 despiciens
879 507 943 563 ad
1000 508 1243 563 cmlestia
1290 507 1596 562 sitibundus
1643 506 1898 572 anhelat,
1948 505 2102 576 juxta

523 598 653 652 illud
680 597 873 667 psalmi
905 615 919 649 :
949 615 967 648 ‹
1001 596 1185 651 Sitivit
1217 596 1398 650 anima
1427 611 1547 650 mea
1573 595 1641 649 ad
1669 595 1854 659 Deum,
1898 593 2100 649 fontem

520 684 724 743 vivum.
759 706 777 740 ι
813 680 913 741 Hic
939 702 1069 755 ergo
1095 686 1247 756 quasi
1291 684 1561 756 perfectus
1592 683 1678 737 vir
1702 682 1769 737 ad
1799 683 1878 738 sui
1906 681 2104 737 Condi-

522 777 656 832 toris
701 775 897 830 merito
930 775 1197 830 formatur
1227 773 1541 845 imaginem,
1570 773 1660 842 qui
1691 780 1895 826 tantam
1940 769 2100 824 nimi-

516 884 642 923 rum
682 867 1072 922 charismatum
1105 865 1465 935 spiritualium
1494 863 1733 933 possidet
1761 861 2099 933 dignitatem,

520 967 581 1014 ut
620 974 726 1014 non
750 957 863 1028 jam
892 957 1066 1013 solum
1093 955 1459 1027 quorumlibet
1483 969 1726 1009 normam
1756 953 2103 1023 praecipiatur

520 1060 707 1106 tenere
738 1059 1070 1113 sanctorum,
1102 1051 1196 1103 scd
1219 1056 1273 1102 et
1299 1049 1471 1118 ipsum
1498 1046 1617 1113 Dei,
1649 1047 1702 1101 in
1732 1055 1990 1115 quantum
2020 1045 2102 1101 fas

518 1150 623 1205 est,
670 1139 874 1194 imitari
902 1148 1127 1195 conetur
1167 1136 1469 1207 exemplum
1494 1178 1509 1201 ,
1549 1136 1688 1191 sicut
1716 1136 1847 1191 dicit
1874 1137 2101 1206 Aposto-

514 1230 603 1287 lus
635 1249 649 1286 :
685 1248 703 1283 ι
732 1231 917 1287 Estote
962 1229 1264 1284 imitatores
1295 1228 1400 1283 mei
1450 1228 1591 1282 sicut
1638 1226 1730 1282 ﬁlii
1771 1227 2097 1294 charissimi,

518 1333 575 1378 et
625 1321 893 1376 ambulate
946 1320 999 1375 in
1045 1318 1376 1383 dilectione,
1428 1317 1569 1371 sicut
1614 1316 1863 1371 Christus
1914 1315 2102 1371 dilexit

518 1428 636 1468 vos.
674 1432 692 1466 ι
723 1410 1031 1468 Differentia
1060 1410 1257 1480 quippe
1304 1423 1497 1477 magna
1527 1417 1644 1462 erat
1681 1407 1822 1461 inter
1850 1406 2098 1472 Paulum,

518 1506 608 1573 qui
640 1504 911 1559 Christum
945 1502 1275 1564 imitabatur,
1310 1508 1364 1554 et
1390 1515 1483 1554 eos
1512 1514 1647 1568 quos
1673 1497 1999 1569 provocabat
2029 1498 2097 1553 ad

518 1592 835 1647 imitandum
862 1592 1120 1661 seipsum,
1149 1590 1335 1645 dicens
1360 1606 1373 1642 :
1398 1608 1415 1641 ι
1447 1587 1747 1644 lmitatores
1772 1589 1877 1645 mei
1901 1586 2094 1655 est'ote,

517 1684 656 1740 sicut
682 1693 737 1741 et
759 1698 859 1755 ego
889 1682 1116 1739 Christi.
1151 1702 1168 1735 ι

1102 1772 1361 1830 CAPUT
1426 1772 1519 1829 Vl.

1117 1862 1194 1917 De
1222 1873 1367 1918 sexto
1390 1862 1495 1917 die.

585 1951 750 2007 Sexto
796 1951 883 2007 die
912 1958 1125 2006 creatus
1168 1961 1251 2005 est
1282 1952 1441 2005 homo
1486 1950 1551 2005 ad
1598 1950 1680 2004 sui
1728 1950 2016 2021 imaginem
2044 1961 2100 2007 et

515 2040 925 2097 similitudinem
978 2039 1273 2096 Creatoris.
1327 2038 1478 2106 Quod
1541 2038 1727 2109 utique
1773 2039 1915 2094 sicut
1968 2048 2097 2095 tunc

513 2129 718 2183 factum
750 2138 833 2183 est
878 2144 976 2199 per
1007 2128 1255 2183 humanae
1297 2127 1619 2182 conditionis
1666 2128 1950 2182 exordium
1977 2169 1993 2194 ,
2023 2129 2095 2183 ita

517 2239 658 2278 nunc
683 2223 861 2295 agitur
884 2239 980 2294 per
1003 2222 1417 2278 instaurationis
1443 2222 1645 2277 intimae
1670 2230 2093 2278 sacramentum.

515 2315 616 2370 llic
672 2326 935 2385 prteterea
985 2315 1125 2369 inter
1165 2316 1366 2379 omnia,
1401 2313 1606 2369 scilicet
1654 2328 1807 2383 aquae
1850 2313 2009 2368 simul
2041 2320 2097 2369 et

518 2416 677 2462 terra;
701 2407 1188 2477 animantia,quasi
1214 2406 1582 2461 monarchiam
1605 2406 1820 2477 accipit,
1843 2415 1896 2461 et
1915 2421 2094 2476 quem-

516 2497 640 2550 dam
687 2495 1020 2552 sublimioris
1074 2485 1411 2553 excellentize
1463 2496 1789 2567 primatum,
1837 2497 1962 2567 quia
2010 2497 2096 2551 vir

515 2586 744 2657 quisque
768 2587 1039 2657 perfectus
1067 2603 1130 2643 ac
1160 2588 1450 2642 virtutibus
1489 2597 1896 2643 consummatus
1942 2589 2095 2645 novit

515 2679 593 2733 de
616 2678 841 2749 singulis
870 2687 1075 2734 rectum
1100 2676 1347 2747 proferre
1363 2677 1650 2748 judicium,
1680 2678 1822 2733 sicut
1852 2679 1925 2733 ait
1952 2679 2094 2749 Apo-

514 2771 685 2826 stolus
714 2788 727 2824 :
758 2790 777 2822 ‹
810 2770 1118 2840 Spiritualis
1164 2770 1323 2825 homo
1351 2767 1560 2837 iudicat
1598 2769 1810 2837 omnia;
1850 2769 1964 2839 ipse
1992 2784 2091 2823 au-

516 2871 622 2915 tem
651 2877 679 2914 a
720 2861 936 2915 nemine
960 2860 1251 2932 iudicatur.
1290 2879 1309 2913 ι
1343 2858 1497 2916 llunc
1540 2859 1723 2928 itaque
1751 2860 1890 2915 Deus
1918 2860 2095 2915 omni-

514 2961 704 3022 potens
750 2951 1049 3021 perfeetum
1079 2952 1279 3016 virum,
1314 2951 1516 3007 mundo
1564 2951 1770 3006 scilicet
1820 2962 2093 3006 mortuum

515 3044 725 3113 sibique
758 3043 1050 3108 viventem,
1080 3057 1237 3097 suum
1267 3041 1550 3097 constituit
1594 3042 1848 3097 thronum
1886 3055 1953 3096 ac
1994 3057 2093 3113 per
2118 3024 2164 3088 ε

515 3148 635 3185 eum
666 3148 805 3203 sa'pe
823 3132 1047 3203 iustitia:
1084 3148 1206 3213 suae.
1218 3131 1525 3202 promulgat
1549 3132 1804 3187 edictum.
1841 3129 1980 3188 Hinc
2009 3142 2094 3188 est

514 3224 677 3277 etiam
703 3223 845 3293 quod
888 3223 1022 3277 ordo
1052 3223 1141 3278 ille
1170 3223 1472 3293 angelicas,
1502 3240 1603 3294 per
1629 3239 1791 3293 quem
1835 3223 2091 3294 frequen—

515 3316 621 3370 tius
642 3313 847 3384 judicia
873 3328 970 3379 Sua
1014 3316 1256 3370 decernit
1299 3316 1640 3386 omnipotens
1666 3317 1830 3380 Deus,
1865 3316 2093 3372 thronus

513 3416 773 3471 vocatur,
818 3407 943 3478 quia
987 3406 1041 3459 in
1089 3406 1168 3460 eis
1217 3420 1458 3460 summus
1502 3405 1651 3459 sedet
1695 3405 1917 3470 arbiter,
1969 3420 2091 3461 cum

506 3498 711 3567 judicia
743 3514 840 3568 per
861 3514 955 3555 eos
980 3498 1251 3568 aequitatis
1278 3507 1518 3555 exercet.
1561 3497 1864 3552 Perfectum
1909 3498 2093 3567 itaque

513 3591 692 3644 virum
721 3591 863 3644 Deus
892 3605 1047 3644 suum
1097 3588 1379 3644 constituit
1415 3589 1609 3643 solium
1632 3628 1646 3652 ,
1679 3594 1739 3641 ut
1780 3588 1834 3641 in
1876 3603 1942 3644 eo
1972 3603 2097 3643 sua-

514 3682 655 3736 viter
681 3682 1003 3751 requiescat.
1038 3679 1191 3734 Unde
1235 3688 1289 3734 et
1333 3693 1430 3749 per
1474 3678 1796 3746 Prophetam
1825 3696 1837 3731 :
1868 3698 1886 3728 ‹
1920 3678 2096 3749 Super

515 3784 697 3839 quem,
732 3769 926 3840 inquit,
960 3769 1259 3837 requiescet
1300 3767 1523 3837 spiritus
1566 3780 1752 3830 meus,
1796 3765 1899 3821 nisi
1933 3781 2095 3837 super

516 3859 779 3917 humilem
823 3868 877 3916 et
920 3868 1281 3925 mansuetum,
1320 3869 1374 3914 et
1415 3866 1734 3914 trementem
1786 3858 1951 3928 892
1976 3875 2091 3913 serv

514 3966 707 4008 mones
736 3950 918 4006 meos?
949 3970 967 4002 ι
1000 3950 1066 4004 Ει
1090 3949 1383 4005 notandum
1411 3948 1554 4018 quod
1599 3962 1696 4017 per
1736 3962 2095 4016 unumquem~

517 4061 623 4115 que
660 4044 804 4100 diem
840 4044 1040 4099 dicitur
1078 4061 1091 4097 :
1126 4060 1143 4094 ι
1178 4042 1397 4096 Factum
1442 4051 1520 4096 est
1558 4053 1782 4109 vespere
1827 4049 1882 4093 ct
1913 4054 2092 4105 mane,

515 4120 669 4209 dies)
693 4134 830 4188 talis.
861 4131 1094 4204 Vespere
1118 4131 1323 4187 scilicet
1344 4132 1456 4201 ipsa
1480 4131 1603 4187 boni
1631 4128 1809 4199 operis
1835 4127 2093 4199 perfectio

514 4233 628 4290 est;
669 4240 827 4278 triane
866 4238 992 4277 vero
1024 4222 1111 4275 lux
1147 4222 1359 4276 mentis.
1392 4220 1527 4275 Nam
1567 4236 1688 4274 cum
1724 4234 1857 4288 opus
1893 4220 2092 4273 bonum

515 4316 583 4370 ad
610 4314 991 4386 perfectionem
1018 4312 1295 4383 pervenit,
1325 4321 1455 4367 tunc
1497 4312 1550 4365 in
1592 4310 1870 4380 operantis
1916 4320 2093 4365 mente

2203 413 2342 482 gelio
2365 411 2588 471 Joannis
2616 429 2633 466 :
2667 429 2688 463 ι
2719 410 2906 467 Nonne
2930 412 3210 468 duodecim
3243 420 3370 468 sunt
3405 414 3550 468 horae
3586 412 3739 469 diei?
3770 432 3797 467 ο

2205 504 2535 584 Se_scilicet
2569 504 2744 567 diem,
2795 503 3077 559 duodecim
3126 511 3306 557 autem
3355 503 3516 559 horas
3565 505 3802 560 totidem

2211 597 2344 653 dicit
2371 595 2664 667 apostolos.
2695 594 2875 650 Locus
2917 610 3047 650 vero
3075 593 3183 650 illic
3210 594 3578 651 indubitanter
3603 596 3799 667 expri-

2203 684 2369 741 mitur
2407 684 2496 739 ubi
2528 684 2789 754 propheta
2828 682 3015 749 David,
3044 699 3166 740 cum
3195 685 3546 754 praemisisset
3592 702 3605 737 :
3652 705 3672 737 σ
3707 683 3798 742 Tu

2203 790 2383 834 autem
2431 777 2575 834 idem
2606 778 2723 847 ipse
2771 792 2852 843 es,
2899 787 2955 833 et
3003 778 3130 832 anni
3179 775 3255 831 tui
3290 792 3395 832 non
3441 776 3729 843 deficient,
3766 796 3793 831 ι

2201 868 2453 941 protinus
2498 869 2744 925 addidit:
2780 887 2797 919 ι
2834 866 2955 923 Filii
3004 882 3284 923 servorum
3318 876 3528 922 tuorum
3577 867 3799 924 habita-

2201 959 2338 1014 bunt
2382 959 2478 1025 ibi,
2511 978 2530 1013 ι
2558 959 2703 1014 haud
2745 956 2966 1013 dubium
3012 957 3141 1026 quin
3190 956 3244 1011 in
3295 965 3363 1011 te.
3406 956 3558 1011 Fecit
3604 956 3799 1027 itaque

2201 1050 2346 1106 Deus
2372 1050 2569 1106 caelum
2599 1058 2654 1104 et
2680 1057 2915 1115 terram;
2950 1057 3130 1104 tamen
3162 1048 3491 1118 requievissc
3520 1064 3626 1103 non
3654 1049 3798 1105 diri-

2206 1148 2314 1194 tur.
2343 1137 2499 1193 Fecit
2539 1138 2897 1209 germinantia
2939 1146 3097 1192 terra:
3127 1146 3182 1191 et
3210 1136 3496 1191 luminaria
3540 1137 3699 1202 creti;
3731 1146 3794 1192 et

2201 1227 2534 1297 requievissc
2562 1242 2669 1283 non
2696 1228 2910 1283 dicitur.
2941 1225 3089 1281 Fecit
3117 1225 3299 1281 omnia
3328 1241 3450 1296 qua:
3484 1237 3790 1297 pascuntur

2202 1321 2254 1376 in
2284 1322 2444 1377 terris
2471 1329 2528 1376 et
2564 1335 2685 1392 qua:
2729 1329 3015 1375 moventur
3054 1320 3106 1374 in
3141 1320 3323 1389 aquis;
3355 1328 3410 1375 et
3448 1320 3500 1375 in
3531 1320 3792 1375 omnibus

2198 1416 2475 1481 nunquam
2507 1410 2702 1481 legitur
2729 1410 3080 1480 requievissc.
3113 1408 3218 1464 Sed
3257 1410 3525 1482 plasmate
3554 1410 3618 1464 ad
3650 1410 3791 1465 ima-

2200 1502 2379 1573 ginem
2427 1516 2581 1556 suam
2630 1501 2880 1565 homine,
2931 1498 3226 1555 Sabbatum
3289 1501 3540 1571 protinus
3586 1501 3790 1571 quietis

2202 1593 2403 1657 illuxit,
2449 1601 2505 1647 et
2550 1593 2629 1648 sic
2676 1591 3033 1647 humanitatis
3076 1591 3335 1647 Conditor
3386 1593 3671 1662 requievit.
3717 1593 3789 1648 Et

2129 1679 2174 1739 Β
2202 1697 2322 1737 cum
2372 1682 2486 1753 ipse
2534 1696 2632 1752 per
2677 1683 2994 1752 prophetam
3037 1682 3230 1736 Isaiam
3277 1682 3417 1737 dicat
3473 1699 3538 1736 ε(
3574 1681 3785 1739 leum

2201 1772 2335 1827 mihi
2361 1772 2516 1827 sedes
2541 1781 2645 1838 est,
2673 1782 2814 1827 terra
2861 1781 3041 1827 autem
3070 1771 3361 1828 scabellum
3404 1773 3597 1843 pedum
3636 1788 3787 1829 meo-

2201 1877 2361 1929 rum,
2400 1882 2418 1915 »
2453 1863 2594 1931 quod
2645 1863 2697 1915 in
2746 1860 2956 1915 illorum
3006 1862 3284 1917 creatione
3329 1877 3434 1916 non
3478 1861 3698 1928 dicitur,
3729 1862 3786 1917 in

2198 1950 2312 2006 sola
2344 1952 2578 2006 hominis
2614 1951 2923 2006 conditione
2952 1950 3223 2021 quievisse
3264 1952 3596 2023 perhibetur.
3624 1952 3690 2007 Et
3725 1963 3788 2007 ut

2199 2045 2372 2115 magis
2405 2045 2685 2115 magisque
2716 2044 3028 2115 prieclaram
3074 2043 3232 2113 hujus
3276 2045 3379 2100 diei
3411 2045 3632 2117 septimi
3660 2055 3782 2101 stu-

2197 2150 2329 2206 peas
2376 2135 2729 2205 dignitatem,
2783 2134 2915 2189 dicit
2960 2134 3238 2203 Scriptura
3301 2135 3444 2205 quod
3505 2133 3787 2190 benedixit

2198 2227 2340 2281 Deus
2366 2226 2471 2281 diei
2497 2227 2728 2297 septimo
2757 2233 2812 2280 et
2843 2225 3200 2280 sanetilicavit
3227 2224 3399 2292 illum,
3430 2225 3555 2295 quia
3581 2224 3634 2279 in
3662 2224 3786 2295 ipso

2197 2316 2429 2372 cessavit
2457 2317 2525 2371 ab
2546 2316 2801 2371 universo
2824 2330 2989 2385 opere
3013 2330 3145 2381 suo;
3178 2315 3320 2385 quod
3351 2315 3404 2370 in
3430 2314 3644 2369 (ueteris
3670 2314 3786 2368 die-

2195 2409 2297 2466 bus
2349 2409 2543 2465 fecisse
2592 2408 2738 2464 nullo
2771 2408 2931 2464 modo
2975 2408 3265 2478 reperitur.
3316 2407 3456 2475 Quid
3506 2407 3650 2461 enim
3694 2413 3786 2460 est

2196 2502 2309 2559 Deo
2347 2502 2642 2558 Sabbatum
2666 2499 3030 2564 sanetificarc,
3063 2500 3164 2555 nisi
3196 2498 3451 2569 templum
3479 2499 3698 2553 sibimet
3721 2498 3784 2552 in

2195 2592 2370 2648 sancti
2417 2600 2578 2662 atque
2610 2588 2832 2661 perfecti
2868 2589 2965 2644 viri
3006 2598 3184 2644 mente
3228 2587 3473 2643 struere?
3514 2584 3667 2642 Sicut
3701 2585 3786 2640 ait

2194 2683 2487 2754 Apostolus
2535 2682 2601 2738 ad
2647 2681 2998 2737 Corinthios:
3036 2698 3054 2731 ς
3087 2678 3366 2749 Templum
3412 2677 3504 2733 Dei
3531 2685 3782 2732 sanctum

2194 2783 2299 2839 est,
2334 2775 2475 2843 quod
2524 2772 2656 2827 estis
2688 2787 2815 2837 vos,
2846 2780 2900 2827 et
2940 2770 3176 2841 Spiritus
3217 2779 3435 2825 sanctus
3484 2766 3693 2822 habitat
3720 2768 3779 2821 in

2194 2865 2366 2921 vobis.
2402 2885 2419 2917 δ
2449 2864 2618 2920 Porro
2647 2875 2852 2928 autem,
2882 2863 3024 2919 sicut
3046 2862 3111 2919 de
3154 2862 3388 2917 Sabhato
3419 2860 3672 2924 diximus,
3699 2864 3779 2913 ita

2196 2970 2411 3025 quoque
2446 2956 2586 3009 ratio
2616 2954 2784 3024 exigit
2810 2962 2868 3008 ut
2897 2954 2961 3009 de
3009 2952 3206 3022 templo
3260 2953 3504 3007 dicamus
3547 2952 3671 3022 quia
3720 2959 3781 3006 et

2196 3044 2338 3098 Deus
2367 3043 2622 3115 templum
2654 3043 2910 3106 hominis,
2942 3051 2993 3097 et
3037 3043 3197 3098 homo
3239 3050 3321 3098 est
3351 3041 3606 3112 templum
3634 3041 3730 3095 Dei
3758 3082 3779 3108 ,

2195 3134 2333 3189 sicut
2370 3133 2424 3187 in
2473 3133 2794 3204 Apocalypsi
2838 3131 3074 3187 Joannes
3123 3133 3198 3187 ait
3240 3147 3254 3185 :
3293 3151 3310 3183 ι
3345 3131 3623 3201 Templum
3665 3146 3779 3186 non

2195 3225 2302 3279 vidi
2338 3227 2390 3279 in
2421 3239 2482 3278 ca
2506 3265 2519 3291 ,
2570 3224 2829 3280 Dominus
2871 3224 3014 3278 enim
3067 3224 3209 3279 Deus
3254 3223 3597 3293 omnipotens
3635 3233 3775 3277 tem-

2194 3315 2341 3385 plum
2372 3315 2512 3371 illius
2533 3324 2637 3381 est,
2664 3325 2720 3370 et
2740 3316 2944 3386 Agnus.
2975 3335 2994 3367 ι
3024 3312 3301 3384 Templum
3328 3314 3512 3381 itaque
3542 3313 3778 3369 hominis

2195 3405 2368 3471 Deus,
2422 3406 2677 3475 templum
2733 3404 2826 3460 Dei
2875 3403 3077 3459 dicitur
3128 3404 3320 3470 homo;
3375 3402 3478 3458 hoc
3538 3401 3776 3457 hominis

2195 3498 2453 3568 templum
2504 3497 2800 3568 spiritualis
2845 3507 2926 3552 est
2984 3497 3303 3567 paradisus,
3357 3512 3511 3551 mens
3566 3496 3773 3551 scilicet

2195 3600 2405 3652 sancta.
2438 3607 2588 3647 mens
2630 3590 2901 3660 perfecta,
2938 3605 3094 3645 mens
3125 3589 3352 3655 munda,
3386 3598 3548 3659 atquc
3582 3589 3649 3643 ad
3688 3587 3769 3642 sui

2195 3683 2500 3739 Conditoris
2543 3684 2831 3755 imaginem
2879 3684 3155 3754 signanter
3201 3697 3476 3751 expressa.
3510 3680 3658 3746 Haec,
3692 3680 3771 3734 in-

2195 3791 2378 3845 quam,
2409 3790 2582 3842 mens,
2606 3776 2721 3832 sive
2744 3774 3021 3830 rationalis
3048 3775 3225 3830 anima
3245 3776 3368 3844 jure
3396 3775 3595 3828 dicitur
3619 3789 3771 3844 para-

2195 3868 2379 3932 disus,
2425 3884 2546 3938 quae
2590 3879 2644 3923 et
2686 3868 2987 3924 caelestium
3034 3867 3423 3930 charismatum
3470 3878 3554 3922 εει
3600 3865 3765 3938 893

2184 3952 2407 4012 "nitentis
2442 3958 2642 4027 irrigua
2692 3966 2746 4013 et
2794 3967 3048 4028 tanquam
3096 3954 3353 4011 fertilium
3399 3958 3652 4011 arborum
3683 3954 3768 4010 vel

2195 4049 2484 4104 herbarum
2517 4050 2595 4105 sic
2625 4051 2923 4106 virentibus
2960 4060 3271 4107 sanctarum
3296 4050 3553 4104 virtutum
3576 4056 3767 4104 vernat

2195 4141 2528 4210 germinibus
2575 4143 2870 4211 adornata;
2920 4144 3039 4200 fons
3087 4144 3232 4200 enim
3279 4142 3367 4199 ille
3413 4143 3529 4199 sive
3577 4142 3767 4198 fluvius

2194 4231 2288 4299 qui
2317 4230 2424 4286 illic
2451 4232 2649 4286 dicitur
2673 4234 2855 4305 egtcii
2883 4233 2951 4288 de
2978 4234 3095 4288 loco
3129 4233 3414 4304 voluptatis
3443 4234 3510 4287 ad
3535 4234 3767 4305 irrigan-

2195 4319 2320 4374 dum
2352 4321 2683 4390 paradisum,
2715 4324 2914 4393 quique
2943 4324 3197 4379 dividitur
3226 4323 3280 4378 in
3308 4332 3537 4395 quatuor
3570 4324 3765 4392 capita,

514 4405 606 4459 lux
628 4404 810 4474 gratiae
837 4402 1130 4473 spiritualis
1159 4403 1418 4465 exoritur,
1450 4410 1508 4454 ut
1537 4403 1662 4456 dum
1693 4400 1924 4455 lucidum
1957 4416 2092 4470 opus
2122 4379 2168 4438 θ
2196 4411 2337 4463 ratio
2352 4379 2558 4466 'ntentis
2601 4420 2705 4480 εει,
2731 4379 2841 4468 ἐι.
2861 4430 2966 4485 qua
3017 4415 3159 4471 velut
3187 4379 3432 4485 origihali
3457 4415 3609 4472 fonte
3637 4379 3768 4485 qua;

516 4494 648 4548 foris
677 4493 1008 4561 exsequitur,
1041 4491 1364 4545 intrinsecus
1389 4490 1501 4559 ipsa
1529 4490 1697 4559 gratia
1725 4488 1947 4559 spiritus
1974 4488 2092 4543 illu-

511 4594 736 4642 stretttr.

1111 4673 1337 4731 CAPUT
1383 4673 1492 4730 Vll.

517 4771 670 4845 Quod
696 4768 953 4834 Sabbato,
978 4768 1351 4822 consummatis
1378 4765 1636 4829 omnibus,
1663 4766 1902 4836 requievit
1926 4765 2087 4820 Deus.

586 4862 678 4917 Sic
706 4855 885 4932 itaque
925 4860 1237 4932 pervenitur
1272 4860 1338 4913 ad
1369 4858 1696 4923 Sabbatum,
1734 4857 1790 4912 in
1818 4873 1924 4928 quo
1954 4859 2093 4916 Deus

515 4961 570 5007 et
616 4953 731 5023 ipse
759 4951 1143 5006 consummatis
1164 4937 1423 5005 omnibus
1467 4948 1791 5019 requiescit,
1820 4959 1873 5005 et
1920 4951 2094 5004 homi-

517 5054 640 5072 πηοη
690 5040 1020 5066 -Αι---ἶιιο-ιι-ξ-ο
1084 5055 1107 5058 ~~
1229 5040 1240 5051 ⁸
1286 5041 1318 5054 ’⁸
1444 5040 1481 5052 ³-
1606 5040 1778 5060 Ϊ¹-·-·ο
1859 5040 1993 5068 ηιδιθΑ

2199 4508 2321 4555 tuor
2352 4501 2594 4569 virtutes,
2634 4503 2846 4575 justitia
2887 4504 3159 4570 videlicet,
3186 4504 3459 4569 fortitudo,
3484 4506 3766 4577 prudentia

2198 4579 2357 4644 simul
2398 4607 2462 4647 ac
2511 4596 2882 4663 temperantia,
2909 4596 3067 4665 quasi
3100 4595 3320 4650 totidem
3350 4582 3621 4652 salutiferi
3644 4611 3768 4669 gur-

2196 4686 2358 4755 gites,
2385 4685 2674 4757 profluunt,
2706 4688 2796 4759 qui
2844 4696 3041 4743 terram
3092 4689 3264 4744 nostri
3310 4689 3490 4745 cordis
3537 4688 3765 4747 fertilem

2199 4777 2445 4831 reddunt.
2481 4777 2706 4849 Lignum
2738 4793 2864 4833 vero
2908 4778 3030 4833 vita:
3077 4779 3189 4849 ipsa
3234 4778 3496 4834 bonorum
3527 4779 3763 4834 omnium

2198 4878 2369 4922 mater
2412 4879 2494 4923 est
2541 4870 2824 4938 sapientia,
2861 4870 2929 4924 de
2977 4885 3081 4940 qua
3107 4880 3161 4925 et
3188 4868 3440 4925 Salomon
3469 4870 3591 4927 ait:
3628 4887 3649 4923 ι
3680 4868 3765 4924 Li-

2195 4976 2357 5032 gnum
2390 4962 2512 5014 vizac
2558 4969 2639 5016 est
2685 4960 2768 5015 his
2819 4960 2909 5030 qui
2956 4962 3359 5032 apprcltendent
3396 4976 3550 5029 eam;
3591 4971 3645 5016 et
3674 4962 3762 5033 qui

2392 5051 2422 5070 ⁵·
2459 5067 2569 5082 nn-n
2622 5051 2810 5084 Mani-nc
2869 5069 2886 5084 ι
2925 5050 2942 5084 1
2967 5052 3146 5084 inn-nn
3195 5066 3324 5084 unm
3368 5050 3605 5084 cninnl‘m
3641 5049 3758 5084 han:
