4078 6336
337 341 444 399 διε

575 532 600 538 η
921 459 1146 515 CAPUT
1187 459 1318 515 vut.

567 551 790 606 Immisit
823 550 1080 604 Dominus
1115 569 1352 620 separent
1396 552 1450 605 in
1481 552 1672 604 Adam.

405 642 486 696 Ad
511 641 613 696 hoc
643 641 736 694 Dei
766 640 936 694 virtus
965 640 1238 695 exinanita
1267 649 1350 694 est
1391 650 1448 693 ut
1491 641 1701 694 infirma
1729 650 1912 693 nostra

333 735 608 798 firmaret;
641 733 708 786 ad
737 733 840 787 hoc
868 732 962 786 Dei
1003 733 1307 787 sublimitas
1342 732 1593 786 inclinata
1624 741 1705 785 est
1734 741 1791 783 ut
1817 731 1909 784 de-

325 823 503 892 jectos
529 823 799 892 erigeret;
824 821 889 875 ad
917 821 1018 876 hoc
1043 821 1149 875 vita
1176 823 1310 876 mori
1341 823 1556 892 dignata
1579 831 1661 876 est
1691 830 1746 874 ut
1771 836 1912 874 mor-

331 915 400 966 tis
429 910 713 982 imperium
736 911 1026 965 destruens
1045 910 1111 964 ad
1137 911 1299 964 vitam
1325 920 1570 964 mortuos
1590 918 1866 963 revocaret
1895 925 1907 960 :

329 1003 474 1071 quod
504 1002 758 1056 nimirum
781 1011 836 1055 et
873 1000 924 1054 iu
959 999 1077 1069 ipso
1103 999 1320 1068 generis
1353 999 1573 1052 humani
1603 997 1912 1052 declaratur

327 1091 574 1146 exordio.
603 1089 876 1160 Scriptum
911 1097 996 1142 est
1027 1089 1170 1143 enim
1202 1106 1215 1141 :
1254 1107 1271 1139 ι
1309 1087 1445 1154 Quia
1478 1086 1702 1140 immisit
1727 1085 1910 1138 Domi-

327 1199 430 1240 nus
463 1197 713 1254 soporem
747 1181 800 1234 in
828 1181 1034 1243 Adam,
1073 1192 1303 1247 cumque
1338 1177 1739 1236 obdormisset,
1790 1174 1912 1227 tulit

326 1288 490 1330 unam
517 1272 584 1327 de
615 1271 782 1327 costis
829 1267 976 1336 ejus,
997 1277 1053 1323 et
1094 1268 1320 1338 replevit
1364 1281 1582 1322 carnem
1615 1279 1712 1333 pro
1741 1280 1829 1330 ea,
1855 1272 1911 1316 et

324 1361 614 1422 aedificavit
655 1360 919 1417 Dominus
952 1359 1093 1414 Deus
1137 1366 1366 1422 costam,
1411 1373 1573 1426 quam
1617 1354 1816 1408 tulerat
1844 1354 1910 1408 de

323 1453 531 1517 Adam,
567 1452 622 1505 in
653 1449 957 1505 mulierem.
996 1468 1014 1502 ι
1051 1447 1226 1516 Super
1268 1462 1376 1516 quo
1423 1461 1545 1500 cum
1597 1444 1910 1514 loqueretur

323 1543 648 1614 Apostolus,
685 1541 874 1596 dicens
919 1559 932 1594 :
971 1559 988 1593 ι
1037 1539 1328 1608 Rclinquet
1377 1537 1538 1592 homo
1596 1545 1805 1606 patrem
1853 1545 1909 1592 et

323 1642 554 1688 matrem
585 1645 775 1696 suam,
827 1639 878 1685 et
928 1630 1222 1685 adhaerebit
1267 1629 1421 1682 uxori
1472 1643 1614 1687 suae.
1662 1635 1718 1680 et
1747 1635 1908 1680 erunt

323 1725 429 1780 duo
461 1725 515 1778 in
543 1738 709 1779 carne
739 1737 843 1776 una
863 1762 878 1788 ,
909 1739 926 1773 ι
961 1730 1160 1792 praesto
1188 1719 1466 1789 subiunxit
1494 1736 1506 1771 :
1539 1736 1559 1770 ι
1589 1718 1908 1772 Sacramen-

323 1827 436 1870 tum
468 1815 570 1870 hoc
598 1829 853 1882 magnum
883 1819 996 1878 est;
1031 1827 1130 1883 ego
1154 1821 1332 1866 autem
1361 1811 1482 1865 dico
1515 1810 1568 1862 in
1606 1808 1825 1863 Christo
1855 1818 1909 1862 ct
1939 1810 1984 1870 Β

322 1908 377 1961 in
408 1904 669 1960 Ecclesia.
709 1922 728 1955 ι
761 1903 830 1957 Ει
857 1915 983 1955 vere
1026 1917 1234 1970 magnae
1273 1899 1490 1954 virtutis
1521 1897 1780 1952 indicium
1812 1897 1910 1950 mi-

321 1997 505 2050 randae
554 1992 943 2065 profunditatis
993 2001 1079 2046 est
1123 1999 1545 2046 sacramentum.
1601 1988 1706 2042 Per
1739 1987 1909 2040 Adam

320 2087 587 2159 siquidem
629 2086 907 2151 Christus,
957 2099 1052 2155 per
1081 2083 1244 2138 Evam
1287 2083 1600 2151 designatur
1642 2078 1905 2134 Ecclesia.

319 2178 460 2247 Quid
489 2186 574 2234 est
601 2186 785 2233 autem
831 2176 973 2246 quod
1003 2175 1153 2246 prius
1199 2173 1369 2244 Adam
1421 2173 1561 2226 Deus
1605 2171 1906 2241 soporavit,

321 2269 516 2325 deinde
542 2277 751 2323 costam
797 2280 862 2321 ex
906 2265 1021 2335 ejus
1055 2265 1256 2329 latere,
1293 2265 1434 2319 unde
1466 2265 1660 2318 mulier
1706 2263 1906 2316 forma-

321 2371 493 2426 retur,
525 2361 744 2427 eduxit,
774 2361 876 2415 nisi
911 2360 1034 2429 quia
1065 2362 1217 2429 prius
1256 2358 1587 2428 Redemptor
1631 2359 1686 2412 in
1736 2366 1908 2412 morte

320 2454 604 2518 dormivit,
637 2453 823 2523 sicque
846 2453 912 2507 de
940 2451 1110 2504 latere
1153 2448 1270 2518 ejus
1319 2450 1371 2503 in
1422 2450 1677 2503 Ecclesiae
1724 2463 1908 2502 sacra-

321 2554 562 2599 mentum
610 2542 832 2614 sanguis
878 2551 933 2596 et
976 2554 1116 2609 aqua
1165 2537 1449 2608 profluxit?
1493 2537 1776 2592 Translata
1823 2546 1907 2591 est

322 2638 429 2693 Eva
460 2638 526 2692 de
567 2636 666 2691 viri
693 2636 866 2689 latere
896 2631 1244 2696 dormientis,
1290 2631 1458 2684 exivit
1487 2641 1541 2683 et
1569 2630 1808 2684 Ecclesia
1841 2629 1906 2681 de

321 2729 490 2782 latere
517 2725 719 2780 Christi
766 2725 819 2778 in
847 2738 1009 2778 cruce
1033 2720 1334 2792 pendentis.
1363 2718 1467 2774 Sed
1495 2719 1624 2788 quid
1654 2727 1735 2772 est
1761 2717 1905 2786 quod

318 2815 660 2884 omnipotens
690 2814 972 2879 Conditor,
995 2825 1119 2866 cum
1149 2809 1430 2864 mulierem
1458 2810 1524 2862 de
1555 2809 1695 2871 viro.
1717 2809 1768 2861 id
1799 2818 1901 2872 est,

321 2905 566 2977 fragilem
614 2919 801 2960 sexum
855 2904 922 2958 dc
973 2901 1182 2956 fortiori
1232 2914 1533 2970 propagare
1564 2899 1901 2966 disponeret,

321 3013 429 3052 non
468 2997 566 3051 viri
597 3009 844 3060 carnem,
870 2992 964 3048 sed
1006 3008 1066 3048 os
1099 2991 1278 3062 potius
1309 2990 1375 3044 ad
1407 2988 1711 3043 faciendam
1749 2987 1902 3041 femi-

320 3105 444 3144 nam
494 3088 595 3144 sibi
647 3087 813 3143 voluit
863 3087 1143 3140 materiam
1186 3083 1476 3139 exhibere?
1527 3083 1706 3135 Potuit
1755 3083 1901 3135 enim

1186 342 1431 401 OPUSC.
1477 343 1588 398 LX.
1621 375 1691 386 -—
1715 344 2082 402 EXPOSITIO
2136 345 2314 400 LIBRI
2351 345 2730 402 GENESEOS.

3491 344 3596 400 8Δῖ

1940 469 1996 548 ᾼ
2017 456 2206 512 durum
2240 476 2304 513 ac
2326 460 2498 548 forte,
2532 465 2672 530 quod
2708 461 2839 516 forts
2859 470 2962 522 est.
2990 463 3241 518 defendat
3269 467 3426 521 molle
3464 470 3585 535 piod

2017 558 2160 600 tutus
2181 556 2286 601 est.
2318 547 2643 618 Redemptor
2670 560 2876 616 noster,
2903 567 3023 605 cum
3049 556 3230 608 mundi
3260 555 3420 622 hujus
3446 575 3488 607 ιτ
3513 574 3590 611 tu-

2015 649 2140 701 pum
2191 647 2524 706 pugnaturus
2557 637 2872 707 ingreditur.
2925 643 2990 694 ad
3038 642 3384 697 debellandas
3430 644 3591 712 hujus

2015 726 2157 778 aeris
2180 728 2446 794 nequitias
2467 725 2621 780 fortis
2646 729 2922 796 prmltator
2943 743 3211 797 armatur;
3239 736 3363 802 quia
3389 749 3586 789 novum

2015 816 2238 871 debebat
2289 819 2556 870 instruere
2606 819 2877 887 praelium,
2944 836 3137 875 novum
3195 825 3368 878 induit
3420 841 3589 895 genus

2014 921 2316 972 armorum;
2369 908 2614 962 videlicet
2653 917 2710 961 ut
2737 924 2878 978 quoa
2925 910 3194 965 infirmam
3223 925 3305 967 est
3331 929 3589 985 superpo-

2015 1006 2199 1060 neret,
2229 1007 2283 1051 et
2316 1000 2458 1066 quod
2491 999 2768 1053 robustum
2795 1009 2879 1054 est
2911 1001 3236 1069 occultaret;
3267 1005 3487 1060 loricam
3515 1008 3585 1063 si-

2012 1087 2231 1153 quidem
2282 1089 2606 1143 imbecillem
2639 1091 2820 1145 carnis
2865 1092 3057 1157 induit,
3095 1095 3584 1164 etinsupcrabilem

2013 1175 2309 1231 divinitatis
2345 1178 2713 1233 fortitudinem
2742 1182 3056 1236 occultavit.
3108 1184 3198 1238 Sic
3244 1201 3339 1253 per
3368 1203 3585 1242 carnem

2011 1265 2254 1322 diabolus
2285 1285 2314 1322 a
2341 1272 2577 1324 secundo
2606 1273 2824 1326 homine
2848 1276 3112 1342 perdidit,
3136 1278 3224 1344 qui
3254 1293 3348 1345 per
3369 1295 3588 1334 carnem

2010 1356 2210 1410 dudum
2254 1360 2489 1428 primum
2524 1361 2797 1415 hominem
2835 1365 3112 1432 superavit
3141 1367 3420 1436 eidemque
3450 1385 3591 1424 nunc

2013 1445 2183 1498 ruina:
2215 1446 2355 1501 facta
2394 1458 2480 1502 est
2505 1464 2692 1514 causa,
2725 1466 2842 1520 qua:
2872 1455 3106 1508 victoriw
3135 1455 3306 1510 fuerat
3332 1459 3394 1511 dc
3416 1459 3592 1527 primo

2011 1547 2241 1605 parente
2264 1542 2512 1596 materia.

2625 1635 2854 1692 CAPUT
2890 1637 2976 1692 IX.

2012 1737 2189 1806 Quod,
2215 1742 2580 1822 deambulanti:
2613 1746 2836 1801 Domino
2868 1750 3220 1822 in’paradiso,
3247 1751 3438 1816 Adam,
3463 1757 3587 1822 quia

2408 1815 2578 1873 mulus
2607 1828 2768 1882 esset,
2799 1834 2854 1871 se
2889 1805 3177 1874 adscendit.

2081 1901 2276 1972 Frigus
2321 1914 2634 1959 concretum
2699 1910 2903 1977 pectori
2956 1926 3141 1964 vocem
3194 1912 3591 1984 interrumpere

2009 1995 2320 2057 consuevit,
2366 1995 2468 2050 hoc
2516 1997 2747 2067 denique
2780 1999 2950 2069 frigus
2972 2001 3085 2070 jam
3119 2014 3244 2058 tunc
3273 2005 3361 2060 ille
3395 2021 3592 2061 conce-

2009 2090 2193 2149 perat,
2233 2084 2346 2152 qui,
2383 2084 2758 2142 dcantbulantc
2788 2089 3012 2143 Domino
3041 2092 3107 2146 ad
3136 2109 3318 2147 auram
3353 2096 3588 2164 paradisi

2008 2181 2130 2239 post
2155 2174 2460 2240 meridiem,
2488 2179 2666 2233 raucis
2697 2180 3093 2248 quodammodo
3113 2184 3334 2238 vocibus
3360 2201 3586 2255 respou-

2007 2262 2211 2318 debat:
2257 2283 2274 2317 ι
2313 2266 2506 2320 Audivi
2553 2284 2736 2324 vocem
2771 2270 2950 2334 tuam,
2996 2284 3050 2326 et
3105 2274 3286 2339 timui,
3335 2293 3400 2330 eo
3443 2281 3587 2346 quod

2007 2355 2182 2409 nudus
2203 2370 2378 2411 essem
2397 2397 2410 2421 ,
2440 2367 2494 2411 et
2519 2358 2773 2414 abscondi
2801 2376 2904 2415 me.
2941 2381 2960 2413 ι
2991 2361 3160 2417 Porro
3181 2366 3305 2433 quia
3335 2367 3589 2421 meridia-

2007 2461 2109 2499 nus
2137 2446 2206 2500 ab
2244 2446 2336 2501 illo
2359 2448 2471 2517 jam
2515 2447 2698 2504 fervor
2737 2451 2972 2516 abierat,
3015 2469 3175 2521 aura,
3209 2470 3328 2524 quae
3372 2455 3588 2526 frigoris

2006 2545 2091 2590 est
2114 2537 2333 2592 alumna
2354 2579 2368 2602 ,
2402 2539 2507 2593 huc
2533 2540 2857 2604 accedebat,
2889 2544 3013 2610 quia
3041 2555 3094 2597 et
3123 2545 3268 2598 illum
3288 2546 3396 2615 jam
3430 2547 3584 2602 inno-

2005 2629 2184 2682 centia
2235 2630 2448 2684 sublata
2509 2632 2827 2688 nudaverat.
2877 2633 3002 2690 Haec
3051 2638 3230 2692 omnia
3279 2640 3406 2708 quid
3435 2640 3580 2694 aliud

2007 2718 2267 2785 innuuut,
2295 2736 2458 2789 quam
2507 2723 2630 2792 quia
2679 2723 2821 2777 illius
2851 2726 3054 2780 viscera
3087 2729 3337 2782 exstincti
3383 2732 3586 2785 amoris

2007 2807 2158 2874 algor
2171 2809 2562 2876 obstrinxerat,
2580 2821 2741 2880 atque
2765 2813 2967 2869 idcirco
2991 2831 3093 2869 vox
3119 2817 3260 2870 illius
3285 2818 3335 2871 in
3363 2821 3584 2872 auribus

2009 2899 2217 2957 Domini
2242 2919 2462 2957 raucum
2485 2906 2748 2959 sonabat?
2774 2909 2856 2961 Ab
2882 2909 2982 2962 hoc
3004 2909 3158 2977 plane
3186 2909 3384 2981 frigore
3412 2914 3583 2967 Abra-

2007 2993 2130 3046 ham
2159 2993 2366 3048 alienus
2413 2995 2724 3060 exstiterat,
2776 2999 2840 3050 de
2889 3014 2995 3067 quo
3041 3000 3316 3070 Scriptura
3349 3018 3585 3070 pronun-

2007 3087 2148 3139 tiat:
2189 3106 2205 3137 ι
2239 3087 2506 3153 Quoniam
2556 3089 2805 3158 apparuit
2851 3090 2898 3142 ei
2934 3089 3190 3146 Don‘tinus
3228 3093 3279 3146 in
3313 3094 3429 3162 ipso
3471 3094 3581 3148 fer-

320 3181 462 3236 Deus
510 3178 712 3234 homini
743 3192 961 3232 carnem
1007 3177 1328 3231 subtrahere
1348 3216 1361 3238 ,
1395 3173 1536 3227 unde
1566 3171 1764 3227 femina
1797 3174 1897 3226 f'or-
1927 3160 1970 3222 C
2006 3192 2134 3232 vore
2164 3177 2267 3231 diei
2293 3219 2307 3242 ,
2350 3197 2368 3252 ρ
2417 3189 2470 3233 et
2504 3178 2746 3248 Sponsus
2777 3180 2864 3234 ille
2893 3181 3157 3249 cmlestis,
3188 3160 3415 3238 sicutin
3444 3185 3584 3240 Can-

320 3279 584 3335 maretur,
610 3279 664 3324 et
685 3271 788 3325 hoc
808 3278 959 3324 certe
986 3267 1373 3337 congruentius
1403 3267 1701 3329 videretur;
1738 3264 1899 3318 fiebat

318 3365 465 3418 enim
494 3379 655 3419 sexus
685 3361 935 3426 debilior,
965 3361 1058 3431 qui
1086 3359 1342 3413 nimirum
1388 3358 1802 3428 consequentius
1833 3355 1900 3412 de

320 3455 501 3509 carnis
530 3453 844 3508 infirmitate
870 3467 1031 3522 quam
1063 3467 1127 3506 ex
1160 3450 1299 3504 ossis
1329 3449 1646 3518 procederet
1685 3447 1901 3501 fortitu-

320 3549 468 3603 dine.
495 3546 581 3610 Et,
606 3545 848 3618 utmagis
865 3553 1084 3613 stupeas
1099 3541 1894 3611 divinioperissacramentum.

319 3656 423 3692 non
456 3655 551 3709 pro
583 3651 705 3693 osse
735 3653 796 3692 os
826 3636 1088 3701 reddidit;
1126 3635 1220 3690 sed
1250 3649 1411 3689 carne
1442 3633 1646 3702 potius,
1676 3633 1817 3702 quod
1842 3633 1896 3688 in

315 3731 418 3783 viri
446 3743 674 3798 corpore
709 3729 958 3791 vacabat,
991 3725 1251 3796 implevit.
1285 3725 1432 3780 Unde
1455 3724 1734 3794 Scriptura
1771 3739 1894 3778 cum

315 3822 486 3876 dicit:
526 3839 543 3872 ι
582 3819 728 3874 Tulit
759 3835 920 3873 unam
965 3818 1032 3872 de
1079 3817 1244 3871 costis
1273 3815 1419 3884 ejus,
1461 3836 1478 3868 ι
1531 3833 1654 3869 mox
1701 3815 1892 3870 addit:

322 3933 341 3966 ι
381 3915 446 3969 Et
495 3915 720 3984 replevit
768 3929 986 3968 carnem
1034 3928 1132 3983 pro
1163 3928 1224 3966 ea
1263 3932 1274 3965 :
1314 3933 1330 3964 ι
1367 3923 1575 3982 poterat
1606 3927 1796 3983 nempe
1829 3913 1897 3968 ad

317 4004 599 4060 mulierem
632 4004 1000 4074 plasmandam
1032 4018 1254 4058 carnem
1284 4004 1398 4057 viro
1441 4003 1727 4058 detrahere
1760 4020 1774 4068 ;
1804 4019 1897 4071 po-

319 4104 458 4151 terat
486 4111 547 4150 os
574 4103 631 4149 et
657 4095 796 4148 ossis
819 4093 1157 4164 dispendium
1187 4091 1510 4146 immutilato
1531 4107 1758 4160 corpore
1785 4108 1897 4145 res-

323 4199 568 4251 taurare,
599 4186 692 4241 sed
720 4201 782 4240 os
817 4185 967 4250 tulit,
1000 4195 1054 4238 et
1083 4200 1305 4239 carnem
1336 4185 1583 4238 reddidit.
1609 4183 1776 4256 894
1807 4185 1898 4240 Sic

317 4278 564 4349 fragilem
594 4277 660 4331 de
705 4276 907 4330 virtute
949 4275 1232 4338 formavit;
1272 4273 1461 4329 debilis
1497 4274 1680 4342 itaque
1722 4274 1897 4328 factus

317 4374 478 4426 homo
527 4369 732 4435 Adam,
772 4376 830 4421 ut
879 4365 1034 4422 fortis
1085 4366 1240 4422 fieret
1283 4367 1771 4426 Eva._lnfirntatus
1813 4377 1899 4421 est

314 4461 596 4524 Christus,
626 4469 686 4514 ut
718 4458 1065 4514 roboraretur
1087 4457 1361 4523 Ecclesia;
1391 4458 1535 4514 illitis
1566 4461 1708 4513 enim
1735 4459 1885 4514 infir-

316 4551 508 4614 mitas,
537 4548 726 4603 nostra
748 4555 832 4603 est
866 4546 1150 4612 fortitudo,
1197 4558 1252 4602 et
1292 4549 1358 4602 ad
1390 4548 1493 4602 hoc
1535 4549 1622 4603 ille
1650 4559 1891 4604 nostram

316 4641 539 4711 pertulit
564 4638 966 4702 infirmitatem,
1006 4646 1062 4690 ut
1089 4639 1152 4692 ad
1184 4654 1336 4692 suam
1364 4654 1460 4692 nos
1491 4648 1752 4694 statueret
1783 4640 1895 4695 for-

317 4731 636 4795 titudinem,
669 4748 687 4780 ι
725 4729 876 4796 Quod
909 4728 1182 4784 infirmum
1231 4729 1356 4794 Dei,
1398 4747 1415 4781 ι
1455 4737 1512 4782 ιιι
1543 4731 1619 4782 ait
1666 4730 1868 4800 Aposto

314 4826 431 4891 lus,
471 4843 490 4877 ι
529 4824 722 4879 fortius
761 4830 844 4878 est
881 4823 1217 4887 hominibus,
1254 4842 1272 4875 ι
1320 4832 1373 4879 et
1398 4823 1523 4878 alibi
1555 4843 1567 4876 :
1622 4843 1640 4875 ι
1680 4823 1812 4877 Nam
1844 4824 1890 4878 si

314 4916 606 4974 crucifixus
643 4923 726 4969 est
775 4915 1022 4970 Christus
1047 4930 1112 4969 ex
1148 4915 1490 4978 infirmitate,
1529 4915 1622 4969 sed
1663 4915 1794 4968 vivit
1824 4930 1889 4968 cx

314 5010 515 5066 virtute
541 5007 654 5064 Dei.
701 5025 719 5059 ι
769 5003 904 5060 Nam
934 5006 1033 5060 etsi
1066 5021 1162 5060 nos
1194 5006 1390 5060 infirmi
1431 5022 1616 5061 smnus
1661 5007 1712 5060 in
1760 5006 1885 5070 illo,

315 5105 408 5160 sed
437 5103 666 5158 vivimus
691 5118 813 5158 cum
840 5117 905 5156 eo
931 5115 996 5154 cx
1027 5099 1221 5152 virtute
1250 5098 1363 5151 Dei.
1393 5098 1679 5152 Enimvero
1707 5097 1888 5152 saeculi

315 5194 474 5263 hujus
505 5195 776 5257 homines,
825 5192 917 5261 qui
947 5189 1208 5243 bellorum
1253 5187 1494 5241 ambiunt
1541 5188 1740 5241 virtute
1783 5187 1890 5240 cla-

316 5299 563 5349 rescere,
609 5285 700 5355 qui
748 5297 845 5352 per
892 5283 1023 5336 hora
1071 5279 1209 5348 vulgi
1261 5295 1384 5332 suas
1420 5286 1607 5347 optant
1639 5279 1890 5333 victorias

317 5375 592 5430 celebrare
611 5415 625 5437 ,
651 5388 773 5427 cum
795 5373 1090 5442 ingressuri
1113 5379 1238 5424 sunt
1268 5369 1509 5438 pra-lium
1533 5409 1547 5432 ,
1581 5370 1635 5423 in
1667 5385 1893 5437 corpore

317 5479 416 5520 suo
461 5463 605 5536 quod
640 5461 913 5517 infirmum
959 5469 1040 5515 est
1090 5469 1144 5514 et
1185 5459 1342 5512 molle
1390 5458 1712 5524 subjiciunt,
1751 5457 1893 5527 quod

319 5559 510 5612 dunnn
545 5562 630 5609 est
658 5561 821 5622 atque
849 5553 914 5606 ad
945 5551 1337 5622 penetrandum
1387 5549 1598 5605 diflicile
1629 5566 1891 5622 superpo-

319 5658 486 5709 nunt;
521 5646 704 5701 loricis
748 5647 943 5715 quippe
973 5644 1167 5700 ferreis
1211 5645 1524 5703 induuntur.
1556 5654 1610 5698 et
1637 5661 1888 5708 carnem,

320 5751 438 5808 qua:
468 5734 625 5791 facile
657 5735 796 5791 cedit
821 5734 970 5790 ictui.
995 5733 1270 5788 custodire
1298 5733 1643 5800 contendunt,
1679 5741 1735 5789 ut
1760 5732 1888 5788 iL'ud

2005 3269 2123 3322 ticis
2153 3268 2350 3340 legitur
2379 3289 2390 3322 :
2430 3290 2446 3321 ι
2485 3269 2665 3324 Pascit
2694 3281 2745 3326 ct
2776 3273 2937 3326 cubat
2968 3274 3019 3327 in
3049 3274 3293 3330 meridie.
3334 3295 3351 3327 ι

2624 3383 2851 3439 CAPUT
2893 3384 2955 3438 Χ.

2000 3471 2078 3526 De
2107 3471 2239 3526 Cain
2269 3473 2563 3544 septuplum
2594 3474 2722 3556 ultio
2749 3476 2990 3555 dubitur,
3023 3477 3086 3530 de
3115 3475 3339 3532 Lamech
3371 3491 3580 3549 septua-

2618 3560 2726 3614 gtes
2755 3557 2959 3615 septies.

2074 3632 2142 3688 Ut
2179 3633 2367 3688 beatus
2398 3633 2573 3689 Lucas
2617 3637 2824 3704 expiari
2861 3651 2958 3691 nos
2983 3652 3011 3690 a
3042 3639 3240 3693 nostris
3285 3640 3582 3695 sceleribus

2001 3739 2097 3792 per
2129 3724 2417 3779 adventum
2465 3726 2635 3781 nostri
2682 3726 2979 3782 Salvatoris
3025 3729 3308 3792 ostendat,
3358 3747 3462 3784 non
3512 3735 3580 3782 ah

1999 3815 2326 3886 evangelica:
2376 3816 2704 3870 narrationis
2748 3817 2999 3881 exordio,
3056 3819 3150 3872 sed
3217 3835 3246 3872 a
3313 3820 3581 3888 baptisma

1999 3907 2265 3963 duntaxat
2289 3917 2341 3963 et
2365 3907 2568 3961 Christi
2593 3908 2912 3977 cognatione
2934 3908 3175 3962 ordinem
3199 3907 3317 3978 ejus
3341 3910 3574 3975 inchoat,

1999 4010 2158 4064 quem
2182 4012 2278 4064 per
2304 3997 2644 4066 septuaginta
2671 3997 2834 4068 395
2858 4009 3064 4068 septem
3093 4002 3430 4070 cognationis
3454 4019 3577 4074 gra-

1999 4087 2098 4141 dus
2126 4087 2466 4142 ascendendo
2494 4089 2772 4154 describit,
2801 4091 2943 4158 quod
2974 4099 3029 4142 et
3055 4091 3104 4142 in
3137 4090 3274 4146 libro
3301 4091 3576 4146 Genescos

1999 4179 2280 4235 evidenter
2329 4181 2652 4246 ostenditur,
2711 4183 2798 4236 ttbi
2855 4183 3089 4238 Lamech
3145 4187 3402 4240 uxoribus
3462 4191 3578 4242 suis

2001 4272 2206 4326 dixisse
2226 4285 2521 4328 narratur:
2552 4294 2570 4324 ι
2601 4273 2912 4344 Septuphnn
2941 4275 3072 4329 ultio
3096 4276 3311 4331 dabitur
3331 4278 3394 4332 de
3419 4279 3573 4343 Cain.

1998 4364 2066 4417 de
2095 4363 2329 4420 Lamech
2375 4381 2504 4420 vero
2547 4367 2849 4437 septuagics
2895 4369 3110 4436 septies.
3147 4390 3164 4422 ι
3206 4369 3348 4426 Ultio
3378 4373 3576 4442 quippe

1999 4453 2066 4508 de
2095 4453 2333 4510 Lamech
2378 4458 2682 4528 septuagics
2730 4459 2926 4528 septies
2965 4459 3138 4515 danda
3188 4461 3404 4528 dicitur,
3447 4467 3572 4535 quia

2000 4547 2342 4616 septuaginta
2373 4556 2578 4616 septem
2612 4549 2858 4604 homines
2898 4550 2964 4606 de
2988 4550 3283 4608 femoribus
3311 4554 3426 4624 ejus
3452 4572 3573 4624 per-

2001 4637 2253 4692 hibentur
2278 4640 2482 4717 egressi
2511 4655 2574 4695 ac
2612 4643 2952 4710 postmodum
2997 4645 3204 4701 diluvio
3233 4657 3453 4701 vorante
3479 4663 3570 4704 re-

1996 4728 2247 4785 feruntur
2274 4731 2536 4801 absorpti.
2576 4731 2680 4786 Sed
2711 4749 2817 4802 qua
2862 4733 3094 4790 Lamech
3139 4739 3428 4804 percutiens
3457 4738 3572 4792 sive

1993 4837 2270 4890 percussus
2320 4823 2660 4892 exprimitur,
2708 4826 2835 4893 quid
2883 4841 2978 4894 per
3020 4827 3160 4881 hunc
3215 4829 3316 4882 nisi
3367 4831 3571 4898 primus
3643 4869 3649 4876 ι

1997 4927 2196 4981 parens
2229 4913 2448 4966 humani
2499 4915 2712 4983 generis
2745 4915 3042 4986 figuratur?
3073 4918 3172 4984 Qui
3218 4919 3469 4974 nimirum
3515 4931 3572 4975 et

1996 5006 2202 5071 peceati
2235 5005 2396 5060 telum
2426 5047 2440 5071 ,
2472 5022 2580 5076 quo
2610 5009 2815 5077 primus
2863 5009 2974 5077 ipse
3005 5025 3294 5079 percussus
3329 5012 3566 5077 interiit,

1996 5095 2264 5150 universa:
2291 5111 2508 5165 quoque
2537 5111 2868 5151 successum:
2913 5099 3213 5167 posteritati
3265 5102 3457 5156 vulnus
3489 5105 3571 5155 in-

1995 5180 2152 5235 flixit.
2185 5185 2260 5238 De
2303 5184 2402 5238 hoc
2431 5200 2561 5255 ergo
2591 5185 2827 5240 Lamech
2870 5189 3176 5257 septuagies
3207 5191 3406 5259 septies
3437 5202 3570 5247 uttto

1997 5275 2122 5329 data
2151 5284 2266 5340 est,
2299 5276 2424 5344 quia
2451 5288 2727 5346 peccatum
2749 5318 2763 5340 ,
2795 5281 2937 5348 quod
2983 5279 3188 5348 primus
3233 5282 3394 5336 homo
3441 5300 3572 5338 con-

1998 5369 2194 5428 traxit,
2227 5378 2321 5434 per
2346 5368 2684 5435 septuaginta
2715 5376 2918 5436 septem
2967 5375 3341 5439 generationes
3386 5373 3436 5424 in
3467 5373 3568 5426 hu-

1995 5469 2156 5509 mano
2183 5471 2380 5526 genere
2411 5460 2579 5527 viguit
2614 5475 2782 5528 usque
2825 5461 2892 5514 ad
2939 5463 3245 5526 Christum;
3290 5473 3569 5532 peccatum

1995 5549 2269 5618 siquidem
2315 5551 2578 5620 originale
2622 5557 2946 5622 permansit,
2985 5555 3127 5624 quod
3177 5556 3289 5624 itse
3337 5570 3434 5623 per
3479 5555 3562 5606 ba-

1995 5639 2179 5708 ptismi
2210 5650 2548 5694 sacramenta
2574 5642 2790 5704 delevit.
2820 5645 2906 5698 ubi
2936 5645 3182 5700 videl’cet
3212 5645 3278 5700 de
3309 5646 3401 5698 illo
3424 5645 3566 5702 dici-2

1999 5741 2086 5789 tur
2111 5752 2123 5787 :
2147 5751 2164 5785 t
2187 5731 2517 5806 EcceAgnus
2533 5735 2643 5802 Dei,
2668 5750 2792 5792 ecce
2807 5737 2894 5807 qui
2921 5738 3055 5793 tollit
3077 5748 3295 5808 peccata
3318 5734 3517 5789 mundi.
3543 5753 3562 5787 ι
