4078 6336
515 326 619 383 ςιτ

1129 435 1360 493 CAPUT
1410 436 1503 492 XI.

521 531 637 589 Fac
665 531 760 587 tibi
784 547 964 611 arcam
996 530 1061 611 de
1086 527 1241 599 lignis
1268 528 1556 611 Irerigatis,
1585 538 1633 582 et
1661 530 1913 584 bitumine
1956 530 2109 588 (iniu

932 609 1244 654 intrinsecus
1270 609 1317 652 et
1339 610 1685 653 extrinsecus.

592 716 789 771 Arcam
809 753 827 777 ,
852 726 974 780 qua:
998 720 1125 764 octo
1148 712 1362 764 animas
1387 709 1528 764 inter
1558 709 1878 779 cataclysmi
1904 709 2105 764 ﬂuenta

514 805 819 867 continuit,
849 803 1177 856 intrinsecus
1201 810 1258 855 et
1279 800 1623 854 extrinsecus
1670 799 1818 854 liuiri
1846 799 2111 856 bitumine

511 899 615 953 'vox
649 896 835 951 divina
876 892 1169 964 przecepit;
1200 900 1385 945 saneta
1434 891 1645 945 scilicet
1686 889 1959 955 Beclesia,
1989 904 2111 958 qua:

514 989 584 1043 ad
619 986 1038 1045 resurrectionis
1068 984 1299 1055 gloriam
1348 983 1551 1046 tendit,
1588 982 1667 1035 sic
1697 981 1842 1035 intus
1870 989 1924 1034 et
1954 989 2109 1034 extra

510 1081 777 1138 bitumine
805 1078 1017 1141 linitur,
1066 1084 1127 1129 ut
1168 1084 1223 1129 et
1276 1072 1408 1128 foris
1440 1072 1753 1127 blandiatur
1781 1071 1835 1125 in
1864 1069 2107 1125 fraterna

510 1174 836 1234 dilectione,
887 1180 943 1225 et
988 1169 1137 1223 intus
1186 1167 1464 1221 cohaereat
1488 1165 1539 1220 in
1572 1163 1880 1219 dulcedinis
1908 1172 2109 1217 mutute

510 1264 763 1318 veritate.
794 1259 1053 1329 Quisquis
1084 1258 1229 1311 enim
1261 1257 1405 1309 intus
1432 1264 1605 1315 amat,
1645 1255 1739 1309 sed
1769 1254 1899 1308 foris
1929 1254 2111 1308 fratri-

511 1355 617 1410 bus
650 1367 862 1406 morum
912 1330 1211 1404 inconsona
1243 1346 1540 1415 asperitate
1567 1344 1843 1399 discordat
1865 1384 1880 1407 ,
1914 1344 2110 1397 intrin-

508 1456 670 1497 secus
715 1440 932 1510 quidem
981 1438 1226 1491 bitumen
1273 1437 1467 1499 habet,
1504 1434 1598 1489 sed
1626 1436 1970 1488 extrinsecus
2001 1449 2106 1488 non

500 1532 702 1598 habet;
748 1530 995 1601 quisquis
1020 1545 1150 1583 vero
1177 1542 1235 1582 se
1269 1526 1451 1596 specie
1479 1538 1640 1581 tenus
1670 1523 1939 1579 affabilem
1969 1539 2108 1594 pne-

510 1626 651 1681 bens
678 1623 977 1679 amicitiam
1010 1621 1259 1685 simulat,
1292 1618 1385 1673 sed
1419 1619 1472 1672 in
1517 1618 1700 1671 cordis
1726 1617 1941 1671 occulto
1967 1616 2110 1671 veri-

507 1728 676 1775 tatem
716 1716 971 1771 amicitize
1002 1730 1111 1769 non
1141 1722 1355 1778 servat,
1382 1712 1771 1766 damnabiliter
1797 1711 1943 1764 intus
1971 1710 2103 1775 hiat,

968 323 1029 379 S.
1069 323 1274 380 PETRI
1314 322 1599 379 DA)!le
1634 321 1785 378 OPP.
1819 320 2058 380 TOMUS
2099 322 2233 380 SEU
2273 321 2455 379 PARS
2488 320 2579 378 ιιι.
2607 352 2679 364 -
2714 322 3083 382 OPUSCULA
3124 325 3355 381 VARIA.

3676 326 3794 389 διδ

2137 440 2188 500 Α
2216 434 2320 491 Per
2345 435 2551 506 lignum
2579 451 2775 506 nempe
2794 452 2896 493 nos
2921 438 3169 493 servituti
3194 452 3307 492 sua:
3327 437 3577 510 prinCeps
3606 453 3805 510 super-

2213 527 2316 581 biae
2364 526 2603 580 subdidit
2624 566 2641 591 ,
2672 538 2725 591 et
2755 543 2853 597 per
2884 526 3087 597 lignum
3131 542 3231 581 nos
3259 528 3580 584 humilitatis
3608 538 3814 590 auctor

2211 614 2463 671 Christus
2488 615 2751 671 Dominus
2778 617 2832 670 in
2865 616 3133 671 libertatis
3159 615 3374 671 titulum
3402 619 3702 673 revocavit.

2799 732 3030 789 CAPUT
3065 733 3204 788 Xlll.

2213 822 2371 888 Quod
2393 823 2582 877 cubitis
2614 824 2912 887 quindecim
2940 823 3103 878 altior
3129 824 3233 892 fuit
3262 841 3400 896 aqua
3427 825 3616 881 diluvii
3639 841 3816 901 super

2779 910 2956 948 omnes
3002 904 3226 949 montes.

2281 982 2680 1050 Quindenarius
2724 999 3019 1051 numerus,
3048 985 3177 1054 quia
3212 1000 3279 1039 ex
3326 993 3533 1057 septem
3575 997 3633 1045 et
3672 998 3813 1048 octo

2209 1082 2456 1139 constat,
2487 1075 2805 1146 mysterium
2835 1076 2888 1129 in
2920 1091 2981 1130 se
3015 1076 3256 1131 continet
3291 1078 3465 1134 beata:
3509 1080 3714 1149 quietis
3748 1089 3810 1137 et

2209 1162 2405 1219 futura:
2433 1166 2881 1231 resurrectionis;
2911 1167 3053 1221 Deus
3078 1169 3250 1234 enim,
3281 1168 3437 1223 initio
3458 1172 3640 1226 mundi
3668 1188 3808 1227 con—

2209 1256 2331 1320 diti,
2345 1258 2577 1326 septimo
2593 1258 2679 1312 die
2701 1260 2991 1329 requievit,
3006 1269 3061 1314 et
3073 1262 3386 1327 octavodie,
3402 1280 3522 1317 cum
3539 1266 3808 1320 mundum

2210 1348 2533 1413 redimeret,
2579 1351 2900 1404 resurrexit.
2950 1348 3248 1421 Utriusque
3288 1355 3497 1408 numeri
3531 1354 3691 1425 hujus
3715 1371 3810 1411 sa-

2208 1449 2546 1495 crumentum
2580 1442 2896 1497 continetur
2939 1443 3253 1512 specialiter
3296 1445 3350 1498 in
3374 1444 3679 1516 baptismo,
3708 1449 3808 1503 ubi

2206 1530 2419 1587 scilicet
2462 1532 2587 1585 novi
2632 1533 2701 1587 de
2746 1542 3020 1589 vetustate
3067 1536 3498 1604 resurgimus,et
3541 1537 3809 1609 deinceps

2206 1625 2493 1693 quiescere
2522 1639 2550 1677 a
2579 1624 2840 1679 mundani
2887 1625 3149 1695 strepitus
3190 1628 3600 1694 perturbatione
3635 1628 3808 1697 jube-

2207 1730 2351 1768 mnr.
2380 1713 2495 1769 Hoc
2522 1715 2757 1784 denique
2790 1716 3033 1783 septima:
3076 1718 3278 1785 quietis
3302 1726 3360 1773 et
3386 1729 3589 1773 octavze
3616 1735 3812 1775 resur-

506 1826 629 1865 cum
682 1808 987 1863 forinsecus
1031 1804 1349 1875 superducti
1415 1803 1699 1859 bituminis
1754 1802 2103 1857 simulatione
2134 1805 2179 1863 Β
2208 1804 2467 1859 rectionis
2510 1806 2831 1877 mysterium
2873 1823 2980 1861 non
3030 1807 3338 1876 intelligunt
3369 1809 3460 1877 qui
3499 1809 3583 1863 vel
3610 1810 3811 1881 gloria

507 1901 798 1956 cobmreat.
845 1899 1090 1966 Quorum
1139 1895 1399 1950 videlicet
1445 1910 1475 1948 a
1525 1894 1769 1948 diluviali
1817 1894 2101 1965 naufragio

508 1999 703 2047 neuter
729 1990 980 2059 eripitur,
1011 1988 1138 2057 quia
1170 1986 1372 2056 duplici
1398 1986 1687 2039 charilatis
1717 1985 2017 2047 bitumine,
2044 1992 2104 2038 ut

508 2083 773 2139 divinitus
798 2090 1133 2150 pra-ceptum
1163 2090 1281 2139 est,
1326 2079 1549 2132 minimc
1580 2078 1851 2143 munitur;
1879 2079 1970 2148 qui
2000 2093 2100 2132 au-

512 2184 622 2230 tem
650 2187 712 2227 se
733 2181 789 2226 et
812 2172 944 2226 l’oris
973 2171 1178 2240 prmbet
1217 2168 1530 2231 amabilem,
1556 2177 1612 2223 et
1640 2170 1785 2223 intus
1814 2178 2105 2223 conservat

508 2277 811 2325 amantem,
863 2262 998 2315 luris
1038 2276 1162 2314 cum
1206 2259 1377 2314 ramis
1416 2259 1565 2314 verbi
1620 2258 1832 2314 fructus
1881 2259 2105 2315 exhibet

516 2354 802 2421 beneﬁcii,
834 2353 981 2408 intus
1011 2351 1177 2406 altam
1206 2350 1442 2405 radicem
1469 2350 1605 2419 ﬁgit,
1636 2351 1763 2419 quia
1792 2351 2104 2405 medullitus

514 2444 710 2515 diligit.
745 2443 843 2500 llic
872 2442 1117 2514 proiecto
1141 2451 1198 2496 et
1227 2442 1373 2495 intus
1399 2451 1453 2496 et
1484 2450 1639 2495 extra
1671 2443 1938 2496 bitumine
1981 2441 2103 2495 lini-

511 2546 625 2603 tur,
678 2537 803 2606 quia
854 2536 1055 2606 duplici
1088 2535 1377 2589 cbaritatis
1419 2532 1632 2604 glutino
1682 2547 1804 2586 cum
1839 2532 2104 2602 proximis

508 2626 830 2683 fmderatur.
856 2626 1028 2681 Porro
1048 2640 1230 2679 autem
1249 2624 1375 2694 quia
1400 2627 1465 2678 dc
1489 2624 1649 2693 lignis
1668 2624 1932 2694 lmvigatis
1951 2623 2103 2691 prius

512 2733 643 2771 arca
679 2717 794 2770 ﬁeri
820 2716 1134 2786 prmcipitur
1159 2724 1216 2768 et
1246 2714 1327 2768 sic
1355 2713 1612 2781 deinceps
1654 2721 1715 2765 ut
1742 2712 2007 2766 bitumine
2033 2713 2103 2765 li-

512 2812 715 2877 niatur,
737 2825 833 2881 per
858 2811 962 2865 hoc
988 2818 1173 2879 aperte
1194 2806 1349 2861 nobis
1372 2806 1616 2860 innuitur
1638 2814 1698 2857 ut
1723 2804 1865 2872 ligna
1893 2814 2098 2871 nostra,

516 2903 637 2959 dttri
666 2902 920 2957 videlicet
950 2900 1140 2956 inculti
1170 2907 1225 2954 ct
1252 2897 1431 2966 asperi
1465 2910 1670 2958 mores,
1696 2896 1846 2963 prius
1872 2896 2099 2965 expoliri

512 2996 751 3052 debeant
781 3009 877 3065 per
897 2992 1196 3064 spiritualis
1215 2988 1464 3044 exercitii
1491 2986 1850 3055 disciplinam,
1876 2994 1936 3039 ut
1955 3001 2103 3040 com-

507 3099 683 3162 pactae
727 3088 928 3143 dehinc
983 3084 1205 3140 fabrica:
1253 3082 1497 3136 bitumen
1557 3078 1811 3142 accedat;
1860 3079 2097 3148 quandiu

2206 1894 2491 1949 mundana:
2515 1895 2777 1963 iactantia
2797 1936 2814 1960 ,
2845 1896 2929 1951 vel
2960 1908 3189 1951 terrenae
3213 1898 3497 1965 sapientiae
3524 1900 3801 1955 vanitati-

2204 1984 2306 2040 bus
2335 1983 2720 2038 intumescunt.
2755 1981 2910 2038 Unde
2938 1995 3065 2054 apte
3088 1985 3176 2040 hic
3211 1985 3410 2040 dicitur
3434 1987 3559 2054 quia
3588 2006 3607 2038 ι
3636 1991 3812 2057 quin-

2204 2074 2379 2129 decim
2412 2073 2611 2128 cubitis
2640 2074 2801 2127 altior
2828 2074 2930 2127 luit
2958 2090 3098 2144 aqua
3151 2090 3316 2144 super
3343 2090 3537 2130 omnes
3583 2092 3810 2137 momes

2204 2181 2340 2236 quos
2363 2175 2674 2235 operuerat.
2706 2186 2725 2218 ι
2763 2166 2971 2221 Montes
2995 2167 3225 2233 scilicet,
3275 2169 3538 2236 superbos
3581 2170 3809 2240 signifi-

2204 2267 2333 2312 cant
2366 2265 2421 2311 et
2445 2256 2638 2311 elatos.
2667 2257 2852 2310 Altum
2887 2273 3017 2328 ergo
3044 2267 3211 2325 atque
3243 2256 3569 2327 profundum
3612 2274 3808 2315 resur-

2204 2349 2735 2415 rectionisetquictis
2760 2348 2963 2403 intimte
2986 2358 3393 2402 sacramentum
3416 2363 3632 2404 omnem
3653 2360 3806 2406 tran-

2202 2440 2414 2495 scendit
2460 2439 2791 2493 intellectum
2859 2439 2963 2493 alta
3027 2440 3352 2510 sapientium
3412 2442 3804 2513 superborum.

2783 2552 3014 2608 CAPUT
3052 2552 3193 2608 XIV.

2204 2642 2359 2709 Quod
2386 2643 2641 2698 diluvium
2684 2646 2834 2716 coepit
2867 2647 3179 2770 minuzpost
3209 2656 3416 2702 centum
3444 2658 3493 2704 et
3520 2652 3797 2724 quinqua-

2844 2729 2989 2770 amta
3051 2733 3144 2770 tes.

2843 2729 2989 2787 ginta
3012 2729 3144 2771 atas.

2278 2824 2297 2857 ι
2322 2804 2575 2861 Reversm
2605 2815 2734 2860 sunt
2750 2822 2906 2877 aquae
2928 2809 2998 2861 de
3026 2817 3381 2878 terraenntes
3401 2820 3458 2866 et
3482 2812 3800 2879 redeuntes,

2200 2908 2255 2952 et
2286 2907 2570 2967 cmperuut
2600 2900 2766 2953 lllltltti
2812 2910 2934 2970 post
2957 2911 3174 2956 centum
3219 2903 3387 2974 897
3416 2915 3473 2960 et
3523 2906 3801 2976 quinqua-

2201 2987 2350 3058 ginta
2401 2987 2537 3043 dies.
2571 3007 2589 3040 ι
2644 2988 2911 3056 Quoniam
2979 2991 3035 3045 in
3108 2994 3541 3061 regenerationis
3597 3007 3804 3051 nostra

2204 3080 2467 3149 mysterio
2496 3081 2725 3150 septima
2755 3083 2974 3151 requies
3003 3099 3125 3138 cum
3152 3094 3347 3139 octava
3399 3089 3805 3144 resurrectione

509 3183 658 3236 enim
687 3180 965 3236 hominum
998 3190 1178 3231 mores
1205 3173 1381 3243 asperi
1412 3180 1537 3227 sunt
1557 3182 1612 3226 et
1638 3171 1847 3236 inculti,
1873 3171 2105 3225 inaniter
2131 3162 2175 3223 C
2206 3167 2575 3237 conjuugltur,
2621 3171 2757 3225 bene
2785 3170 2837 3224 in
2866 3171 3092 3227 Genesis
3132 3173 3272 3229 lituo
3315 3175 3519 3230 dicitur
3546 3195 3560 3230 :
3600 3194 3618 3227 ι
3658 3178 3803 3245 Quia

513 3275 593 3331 eis
621 3272 905 3328 charitatis
931 3270 1113 3342 gluten
1143 3267 1456 3338 apponitur,
1485 3264 1611 3335 quia
1634 3264 1702 3319 ab
1730 3263 1960 3318 invicem
1994 3263 2102 3319 cito

512 3362 808 3427 dissiliunt,
836 3362 964 3437 dum
992 3360 1043 3413 in
1069 3358 1147 3412 eis
1172 3357 1352 3429 polita:
1383 3356 1709 3410 moralitatis
1734 3362 1945 3424 aequata
1975 3368 2106 3409 con-

520 3454 810 3513 fcederatio
840 3468 947 3510 non
992 3460 1226 3507 tenetur.

1013 3540 1183 3611 393
1218 3538 1446 3594 CAPUT
1486 3537 1602 3593 xu.

927 3629 1004 3684 De
1032 3645 1279 3684 utensura
1306 3644 1445 3682 arere
1470 3627 1681 3680 diluvii.

583 3722 774 3781 Crucis
803 3724 1121 3795 mysteriqu
1158 3735 1288 3776 arca
1320 3720 1405 3775 illa
1436 3719 1724 3783 continuit,
1754 3724 1910 3785 cujus
1930 3717 2105 3788 longi-

513 3818 756 3873 tudinem
785 3824 1151 3870 treceutorum
1169 3813 1333 3868 fuisse
1347 3813 1652 3868 cubitorum
1669 3809 1949 3879 Scriptura
1969 3811 2104 3865 deli-

511 3911 614 3965 nit.
641 3909 743 3977 Qui
775 3906 1021 3963 videlicet
1046 3920 1305 3960 numerus
1334 3904 1385 3958 in
1414 3906 1541 3957 tlmu
1564 3902 1906 3972 littera,qu:e
1926 3904 2105 3957 crucis

512 4000 768 4073 exprimit
795 3998 1066 4070 speciem,
1095 3996 1442 4051 continetur“
1458 3994 1627 4048 Porro
1657 3993 1797 4047 sicut
1837 3991 1949 4045 Nae
1982 4008 2105 4047 cum

512 4092 629 4148 suis
670 4106 768 4160 per
785 4105 979 4158 aquam
1003 4088 1315 4160 ligmnuque
1338 4086 1600 4148 salvatur,
1623 4085 1703 4138 sic
1723 4096 1776 4138 et
1799 4084 1998 4138 Christi
2025 4082 2104 4136 l‘ao

512 4185 662 4241 milia
686 4198 826 4255 aqua
856 4183 1095 4239 salvatur
1114 4190 1169 4234 et
1193 4180 1366 4250 ligno,
1391 4179 1517 4233 dum
1541 4186 1596 4233 et
1629 4176 1895 4246 baptismo
1918 4175 2109 4232 salutis

511 4275 766 4339 abluitur,
795 4285 851 4331 et
877 4275 1105 4328 viviﬁcte
1133 4273 1314 4327 crucis.
1347 4269 1705 4340 impressione
1727 4269 1992 4339 signatur.

584 4369 722 4436 Qua:
747 4368 998 4421 videlicet
1026 4380 1182 4430 arca,
1222 4364 1357 4417 utin
1395 4370 1739 4416 sacramento
1777 4360 1977 4414 Cluisti
2007 4361 2109 4415 bu-

512 4458 662 4513 mani
692 4456 938 4526 corporis
969 4454 1220 4508 videatur
1250 4454 1594 4523 atquiparare
1625 4467 1969 4516 mensuram,
2000 4462 2106 4507 tre-

513 4558 702 4604 centos
732 4546 989 4601 habuisse
1014 4546 1227 4599 cubitos
1258 4544 1311 4597 in
1344 4543 1698 4614 longitudine,
1730 4542 1951 4613 triginta
1981 4555 2107 4596 vero

515 4642 574 4695 in
600 4637 885 4693 altitudine
910 4635 1247 4706 perhibetur.
1294 4632 1548 4689 Trecenti
1578 4649 1811 4703 namque
1836 4632 2105 4701 quinqua-

513 4730 796 4803 genarium
843 4743 1129 4782 numerum
1164 4728 1375 4791 sexies,
1424 4735 1480 4781 et
1533 4725 1890 4781 tricenarium
1942 4724 1997 4778 in
2048 4736 2107 4778 se

515 4823 696 4879 decies
742 4820 1053 4885 includunt;
1104 4827 1160 4873 et
1207 4819 1427 4873 humani
1475 4818 1722 4887 corporis
1769 4816 2046 4888 longitudo
2074 4830 2106 4870 a

514 4912 709 4981 capitis
735 4911 936 4965 vertice
967 4925 1137 4979 usque
1165 4910 1231 4963 ad
1257 4909 1420 4979 pedes
1448 4909 1625 4963 sevies
1673 4914 1883 4961 tantum
1909 4907 2102 4972 habet,

515 5010 779 5072 quantum
811 4999 1072 5063 latitudo,
1117 5014 1239 5068 qua:
1268 5008 1350 5052 est
1382 5014 1412 5051 a
1453 4998 1677 5051 dextera
1723 5011 1893 5064 usque
1922 4995 1987 5050 ad
2031 4996 2103 5050 si-

513 5092 775 5158 sistrum;
824 5099 878 5144 et
915 5089 1095 5144 decies
1132 5096 1338 5143 tantum
1387 5096 1650 5157 quantum
1696 5086 1953 5145 altitudo.
1983 5101 2104 5156 quae

515 5189 603 5235 est
638 5190 764 5235 ante
788 5189 842 5234 et
870 5188 1037 5236 retro.
1067 5180 1159 5234 Sic
1189 5180 1443 5234 nimirum
1470 5194 1595 5232 arca
1626 5178 1677 5232 in
1708 5178 2103 5233 trecentcnario

515 5271 869 5343 longitudinis
904 5286 1016 5325 sua:
1061 5285 1289 5325 numero
1316 5269 1549 5340 speciem
1576 5268 1789 5334 crucis,
1829 5277 1885 5322 et
1925 5269 1978 5321 in
2018 5278 2102 5321 to-

517 5363 631 5419 tius
658 5378 769 5418 81133
809 5360 1165 5417 dimensiouis
1216 5360 1500 5415 altitudine
1532 5358 1774 5428 .liguram
1826 5367 1969 5413 tenet
1999 5357 2105 5412 Do-

515 5454 703 5510 miuiei
742 5454 1005 5525 corporis.
1052 5454 1118 5509 Et
1161 5454 1304 5509 sicut
1342 5453 1537 5507 animm
1581 5462 1787 5522 septem
1833 5451 2103 5506 donantur

518 5543 668 5613 Noe,
713 5553 775 5600 ut
804 5559 901 5615 per
935 5545 1139 5616 lignum
1172 5544 1453 5600 salventur
1493 5544 1544 5598 in
1581 5544 1736 5613 aquis
1778 5541 1991 5607 diluvii,
2025 5542 2105 5596 sic

522 5648 726 5712 septem
754 5640 1006 5696 Ecclesia:
1029 5639 1328 5710 septiformi
1356 5638 1562 5708 Spiritu
1588 5637 1804 5707 repleta:
1828 5636 2107 5691 salvantur

524 5731 578 5788 ln
602 5730 819 5790 Christo
844 5746 941 5802 per
969 5731 1172 5802 lignum
1202 5731 1382 5786 crucis
1411 5739 1464 5785 et
1509 5743 1704 5799 aquam
1736 5725 2097 5799 baptismatis.

2206 3275 2440 3315 reversa:
2461 3270 2589 3314 sunt
2607 3275 2760 3332 aqua:
2784 3263 2851 3315 de
2881 3271 3057 3328 terra,
3082 3274 3133 3318 et
3164 3276 3446 3335 eruperunt
3474 3266 3643 3321 minui
3677 3275 3804 3337 post

2203 3364 2425 3410 centum
2445 3367 2498 3410 et
2521 3357 2913 3428 quinquaginta
2935 3360 3081 3425 dies;
3113 3379 3133 3411 ι
3165 3361 3507 3430 septuaginta
3536 3377 3799 3431 namque,

2205 3448 2296 3517 qui
2321 3464 2350 3501 a
2374 3458 2599 3517 septem,
2629 3460 2682 3504 et
2705 3451 2980 3521 octoginta
3002 3451 3094 3521 qui
3114 3453 3183 3506 ab
3203 3462 3329 3507 octo
3352 3453 3800 3521 dinumerantur,

2205 3539 2554 3610 simuljuncti
2583 3551 2799 3596 centum
2828 3542 3219 3610 quinquaginta
3251 3541 3407 3598 ﬁunt.

2799 3632 3028 3687 CAPUT
3068 3632 3182 3687 XV.

2458 3722 2615 3790 Quod
2645 3742 2769 3779 arca
2810 3727 3058 3796 requievit
3095 3742 3270 3780 mense
3307 3727 3545 3796 septimo.

2279 3813 2568 3884 Requievit
2606 3832 2730 3870 arca
2766 3830 2953 3870 mense
2986 3817 3239 3885 septimo,
3277 3816 3539 3888 vigesimo
3569 3816 3802 3886 septimo

2207 3905 2296 3961 die
2337 3908 2537 3962 mensis
2578 3922 2743 3977 super
2788 3916 2999 3962 montes
3046 3906 3338 3962 Armenia}.
3378 3907 3507 3972 Quae
3538 3906 3798 3962 nimirum

2208 4012 2234 4052 s
2269 3999 2604 4068 ptuagcnarii
2646 3999 2861 4067 requies
2904 3999 3043 4053 bene
3072 3998 3123 4053 in
3151 3998 3419 4068 baptismo
3444 3998 3796 4052 commenda-

2211 4097 2332 4154 tur,
2379 4090 2523 4158 quod
2569 4090 2824 4144 videlicet
2869 4104 2967 4159 per
3016 4089 3277 4144 diluvium
3327 4087 3455 4142 illud
3506 4088 3798 4157 ligm'atum

2207 4194 2328 4233 esse
2366 4179 2733 4250 dignoscitur;
2769 4179 2822 4232 in
2856 4194 2964 4248 quo
3009 4178 3134 4232 novi
3188 4179 3255 4234 de
3305 4179 3478 4233 Adam
3528 4185 3799 4233 vetustate

2207 4281 2555 4340 resurgentes
2586 4271 2839 4341 deinceps
2867 4271 3150 4341 quiescere
3178 4284 3211 4323 a
3244 4269 3503 4325 mundani
3531 4268 3798 4339 strepitus

2209 4358 2615 4428 perturbatione
2636 4358 2911 4430 jubemur.

2799 4450 3028 4507 CAPUT
3067 4449 3206 4507 XVI.

2434 4545 2507 4599 De
2534 4562 2687 4600 corvo
2716 4553 2766 4598 et
2795 4544 3037 4598 columba
3071 4560 3137 4597 ea:
3163 4560 3288 4597 arca
3322 4543 3573 4597 dimissis.

2282 4635 2337 4690 In
2370 4634 2530 4705 hujus
2566 4636 2767 4706 quippe
2811 4635 2996 4689 mundi
3049 4634 3164 4688 salo
3205 4634 3336 4702 justi
3386 4634 3659 4697 laborant,
3703 4633 3796 4690 ubi

2208 4744 2362 4784 suam
2409 4728 2625 4797 reprobi
2676 4728 2955 4798 possident
2995 4727 3262 4796 requiem.
3295 4725 3468 4792 Quam
3509 4724 3799 4780 diversita-

2209 4827 2316 4873 tem
2347 4820 2486 4873 bcne
2517 4834 2711 4873 corvus
2739 4827 2795 4873 et
2829 4816 3076 4872 columba
3107 4832 3175 4871 ex
3218 4831 3346 4870 arca
3379 4815 3589 4870 dimissi
3622 4815 3795 4884 signi-

2210 4908 2407 4969 lit-aut;
2434 4923 2629 4963 corvus
2672 4904 3229 4970 enim,'cadavcribus
3257 4904 3517 4968 insidens,
3539 4904 3607 4957 ad
3652 4918 3797 4958 arca

2211 4999 2446 5054 claustra
2477 5014 2583 5053 non
2609 4998 2802 5064 rediit-;
2843 4997 3091 5052 columba
3124 5010 3252 5051 vero
3281 5008 3497 5053 reversa
3526 4999 3636 5059 est,
3662 4992 3796 5064 quia

2210 5091 2300 5145 ubi
2328 5106 2420 5161 pes
2469 5090 2586 5160 ejus
2616 5090 2947 5160 requisceret
2976 5103 3081 5142 non
3117 5086 3339 5141 invenit.
3368 5082 3466 5140 llic
3493 5084 3664 5146 enim,
3700 5083 3794 5139 ubi

2210 5182 2360 5251 pravi
2407 5182 2607 5252 quique
2658 5180 2969 5235 carnalibus
3019 5193 3077 5233 se
3135 5175 3505 5244 voluptati‘tus
3554 5173 3793 5240 satiant,

2210 5271 2382 5327 sancti
2414 5271 2514 5324 viri
2550 5271 2786 5339 reperire
2834 5274 3108 5338 irequeunt
3155 5264 3245 5319 ubi
3293 5264 3361 5319 ad
3404 5264 3795 5334 quiescendum

2215 5363 2468 5418 desiderii
2500 5362 2579 5417 sui
2606 5361 2798 5431 pedem
2827 5369 3046 5428 ponant.

2791 5447 3018 5504 CAPUT
3060 5446 3218 5503 XVII.

2320 5543 2473 5610 Quod
2503 5542 2701 5597 dimisit
2740 5541 2926 5596 iterum
2961 5538 3075 5593 Noe
3104 5536 3396 5593 columbam
3435 5550 3501 5588 ea:
3531 5549 3678 5587 arca.

2282 5636 2413 5691 Cum
2460 5636 2642 5691 mundi
2685 5635 2913 5690 crimina
2941 5632 3141 5688 diluvio
3183 5631 3414 5701 quodam
3441 5628 3799 5698 expiarentur

2211 5727 2411 5795 ell'uso,
2459 5727 2628 5783 futuri
2672 5726 2913 5782 muneris
2956 5720 3204 5780 columba
3235 5719 3638 5793 similitudinem
3669 5730 3801 5787 pro-
