4078 6336
313 413 420 474 8i9

318 527 458 587 tulit,
491 539 614 579 cum
648 539 742 595 per
769 522 922 579 olivae
967 541 1173 578 ramum
1221 540 1406 594 pacem
1444 526 1604 580 terris
1634 527 1901 581 redditam
1932 534 1979 590 Α

317 615 602 674 nuntiavit.
631 615 903 670 Ait-enim
936 615 1217 685 Scriptura
1245 633 1258 668 :
1302 633 1320 665 ι
1353 615 1689 684 Exspectatis
1719 629 1902 670 autem

317 719 524 779 septem
555 706 745 761 diebus
786 706 906 760 aliis
925 747 939 769 ,
985 721 1196 760 rursum
1227 706 1431 762 dimisit
1461 707 1573 762 Noe
1598 707 1902 763 columbam

315 814 384 856 ex
421 813 546 853 arca
573 815 588 860 ;
619 808 676 852 at
705 797 793 851 illa
824 798 972 852 venit
1007 799 1072 851 a.i
1099 813 1221 852 eum
1259 807 1480 865 portans
1511 813 1720 852 ramum
1751 799 1904 852 olivae

319 888 626 945 virentibus
658 887 804 942 foliis
855 904 907 942 In
938 902 1034 942 ore
1079 904 1194 941 suo.
1231 908 1249 939 ι
1286 889 1340 942 In
1387 889 1680 944 emissione
1724 905 1787 943 ac
1820 905 1906 943 re-

318 982 566 1036 versione
625 980 885 1035 columba:
949 981 1292 1050 Septenarius
1351 997 1608 1036 numerus
1659 982 1901 1050 ponitur,

319 1073 444 1143 quia
475 1072 710 1141 Spiritus
734 1083 977 1138 sanctus,
1000 1074 1091 1142 qui
1118 1075 1168 1126 in
1194 1074 1374 1128 nmndi
1402 1076 1668 1144 principio
1694 1076 1904 1130 fereba-

320 1173 412 1222 tur
437 1180 600 1235 super
629 1182 798 1234 aquas
817 1205 831 1229 ,
860 1164 969 1232 iam
997 1177 1410 1236 vesperascente
1433 1168 1632 1222 sarculo
1661 1177 1902 1221 sanctam

320 1255 552 1327 replevit
586 1256 907 1313 Ecclesium.

873 1367 1102 1424 CAPUT
1149 1367 1341 1422 XVIII.

704 1475 904 1540 Venite,
939 1477 1200 1546 faciamus
1230 1477 1513 1530 civitatem.

396 1607 417 1643 ο
443 1589 576 1646 Cum
617 1589 1095 1660 proﬁciscerentur
1121 1589 1186 1643 de
1215 1589 1428 1642 oriente
1457 1590 1510 1642 in
1540 1588 1898 1654 occidentem,

325 1681 650 1736 invenerunt
679 1693 925 1748 campum
970 1679 1022 1732 in
1074 1688 1215 1732 terra
1251 1677 1498 1733 Sennaar
1537 1688 1590 1732 et
1627 1678 1905 1733 habitave-

322 1781 448 1826 runt
481 1772 549 1826 ibi
581 1772 634 1824 in
662 1785 744 1824 eo.
776 1789 794 1820 ι
829 1771 962 1823 Cum
998 1769 1249 1825 Christus
1281 1786 1406 1824 vero
1438 1773 1508 1824 sit
1533 1770 1750 1834 Oriens,
1781 1786 1904 1840 pro-

326 1867 488 1938 pheta
521 1873 752 1921 testante
777 1864 1060 1928 Zacharia,
1091 1865 1182 1935 qui
1211 1865 1283 1918 ait
1312 1884 1325 1918 :
1365 1884 1383 1915 ι
1413 1866 1548 1920 Ecce
1580 1866 1680 1930 vir,
1713 1865 1906 1921 Oriens

323 1971 521 2011 nomen
570 1954 714 2023 ejus;
749 1975 766 2006 ι
806 1955 870 2008 de
917 1956 1128 2014 oriente
1181 1956 1434 2017 veniunt,
1484 1957 1576 2024 qui
1624 1973 1653 2010 a
1701 1955 1904 2010 Christi

321 2045 619 2109 consortio,
653 2044 791 2098 male
844 2044 1102 2107 vivendo,
1157 2043 1240 2097 vel
1295 2045 1571 2113 proximos
1619 2043 1908 2099 laceranda

325 2135 605 2190 recedunt.
663 2133 909 2188 Sennaar
971 2142 1150 2187 autem
1226 2133 1610 2204 interpretatur
1670 2136 1908 2188 exrttssio

321 2224 579 2287 dentium,
625 2223 737 2277 sive
767 2223 901 2291 fetor
926 2238 1125 2276 eorum.
1163 2220 1221 2276 In
1263 2240 1456 2292 campo
1500 2240 1630 2294 ergo
1665 2224 1910 2280 Sennaar

328 2312 594 2376 habitant,
626 2312 715 2380 qtti
750 2328 854 2365 non
885 2312 1164 2365 constituti
1197 2312 1248 2365 in
1279 2326 1404 2366 arca
1434 2313 1716 2375 virtutum,
1739 2313 1910 2384 898

325 2404 421 2461 Sed
471 2403 649 2473 potius
697 2402 753 2456 in
797 2400 934 2454 valle
967 2401 1250 2467 vitiorum,
1300 2401 1491 2456 dentes
1519 2403 1818 2464 excutiunt,
1855 2410 1912 2456 ιιι

325 2495 602 2566 proximos
652 2507 780 2547 suos
826 2492 1252 2547 detractionibus
1302 2492 1583 2547 mordeant
1635 2501 1689 2547 et
1754 2492 1910 2562 quasi

326 2587 543 2649 rodant,
597 2594 650 2638 et
699 2585 901 2639 fetorcs
954 2583 1226 2648 emittunt,
1265 2585 1392 2640 dum
1435 2585 1487 2640 in
1522 2601 1754 2641 caenosa:
1783 2601 1911 2641 cou-

326 2677 648 2731 versationis
681 2675 1023 2745 squaloribus
1055 2685 1515 2744 computrescuut.
1565 2677 1671 2733 Sed
1719 2693 1909 2734 eorum

325 2768 513 2824 dentes
543 2767 683 2820 Deus
715 2766 944 2830 excutit,
976 2766 1102 2820 dum
1134 2781 1516 2835 perversurum
1544 2769 1912 2837 quorumlibet

321 2854 464 2912 facta
488 2855 648 2912 simul
675 2866 730 2910 et
756 2859 917 2910 verba
944 2856 1265 2910 confundit:
1298 2857 1439 2911 unde
1461 2866 1516 2911 et
1543 2857 1651 2912 illic
1672 2858 1907 2912 dicitur:

325 2966 350 3006 ι
379 2950 586 3006 Idcirco
621 2958 867 3004 vocatmn
919 2961 1000 3004 est
1046 2965 1242 3003 nomen
1291 2948 1408 3018 ejus
1455 2949 1639 3016 Babel,
1683 2952 1809 3020 quia
1839 2951 1911 3005 ibi

325 3042 606 3100 confusum
649 3051 732 3096 est
776 3041 973 3096 labium
1028 3043 1293 3098 universa:
1335 3051 1512 3108 terrae,
1564 3051 1619 3097 et
1660 3043 1913 3112 dispersit

325 3152 419 3190 eos
452 3134 712 3190 Dominus
756 3149 917 3203 super
945 3132 1138 3188 facient
1182 3144 1501 3188 cunctarum
1546 3134 1851 3204 regionum.
1885 3155 1904 3187 ι

327 3227 492 3283 Recte
515 3243 646 3297 ergo
675 3227 894 3293 dicitur,
922 3227 1047 3295 quia
1073 3226 1149 3280 illi
1175 3227 1422 3281 homines
1457 3235 1510 3280 et
1548 3242 1699 3280 vanae
1728 3226 1909 3295 gloria:
1935 3264 1981 3325 Ε

327 3327 651 3387 captatores,
687 3318 940 3371 nimirum
988 3316 1229 3372 dicentes
1258 3317 1323 3371 ad
1353 3316 1676 3371 alterutrum
1703 3333 1716 3369 :
1756 3335 1774 3366 ι
1805 3317 1907 3370 Ve-

333 3413 463 3473 nite,
492 3410 756 3464 faciamus
806 3408 964 3462 nobis
1011 3409 1281 3462 civitatem
1332 3416 1386 3463 et
1432 3408 1662 3468 turrim,
1705 3426 1722 3458 ι
1776 3416 1907 3472 etc.,

331 3500 716 3556 habitaverunt
759 3500 809 3552 in
859 3513 1051 3568 campo
1098 3499 1376 3562 Scunaar,
1426 3497 1568 3566 quod
1604 3497 1744 3566 apud
1787 3512 1905 3561 nos,

330 3595 469 3650 sicut
504 3595 708 3647 dictum
754 3602 862 3657 est,
910 3601 1068 3647 sonat
1115 3591 1354 3645 exettssio
1378 3590 1634 3657 dctttium,
1662 3589 1743 3642 vel
1777 3588 1912 3657 fetor

328 3707 546 3756 eorum;
589 3691 844 3761 quoniam
877 3688 1116 3760 perversi
1166 3687 1389 3757 quique,
1436 3687 1564 3741 dum
1607 3694 1792 3740 contra
1834 3685 1913 3740 di-

333 3781 476 3836 vina:
501 3781 630 3849 legis
660 3779 909 3834 mandata
935 3778 1275 3848 superbiant,
1305 3778 1430 3831 dum
1459 3778 1718 3832 adversus
1747 3773 1911 3829 Deum

331 3872 600 3927 cervicem
648 3871 828 3926 cordis
876 3878 1194 3940 arroganter
1239 3869 1492 3938 erigunt,
1541 3874 1592 3921 et
1649 3865 1912 3936 proximis

332 3961 711 4016 damnabiliter
757 3962 1064 4022 detrahunt,
1117 3957 1214 4027 ipsi
1265 3957 1556 4025 proclivius
1592 3955 1644 4008 in
1694 3955 1912 4009 obcena:

330 4052 456 4106 vitae
497 4051 838 4121 sterquilinio
876 4050 1211 4103 volutantur.
1253 4047 1318 4101 Et
1348 4047 1413 4100 de
1443 4046 1767 4100 cxcussione
1794 4045 1913 4114 qui-

335 4142 457 4197 dem
490 4143 727 4196 deutium
785 4143 834 4194 in
875 4140 1080 4210 psalmo
1132 4139 1370 4193 dicitur:
1430 4157 1446 4188 ι
1485 4138 1684 4191 Dentes
1722 4151 1915 4205 pecca-

335 4240 512 4287 torum
557 4231 881 4286 contiivisti.
918 4249 934 4282 ι
988 4230 1159 4285 Item:
1216 4247 1233 4278 ‹
1269 4229 1408 4283 Deus
1441 4235 1686 4283 conteret
1724 4227 1913 4281 dentes

331 4337 522 4379 eurum
570 4323 623 4376 in
679 4338 774 4376 ore
824 4323 1098 4390 ipsorum,
1157 4319 1326 4374 molas
1377 4319 1593 4372 leonum
1639 4315 1912 4386 confriget

339 4412 610 4466 Dominus.
644 4431 661 4462 ›
691 4414 765 4468 De
790 4413 960 4466 l'etore
987 4426 1202 4480 quoque
1230 4425 1416 4464 eorum
1445 4409 1642 4478 legitur
1666 4427 1678 4462 :
1715 4430 1732 4462 ι
1756 4408 1914 4462 Cunt-

347 4514 668 4574 putruerunt
690 4505 933 4574 jumcnta
968 4504 1020 4558 in
1050 4513 1292 4557 stercore
1320 4517 1436 4555 suo.
1463 4503 1638 4573 rltcm
1668 4502 1719 4556 in
1743 4500 1914 4558 Thre-

335 4597 418 4651 nis
445 4611 458 4650 :
495 4616 514 4646 ι
545 4596 645 4663 Qui
695 4597 1073 4650 nutriebautur
1104 4595 1157 4648 in
1188 4595 1414 4659 croceis,
1447 4594 1739 4664 amplexati
1787 4603 1912 4647 sunt

335 4697 606 4744 stercora.
633 4708 650 4738 ι
685 4687 816 4741 Item
845 4686 996 4740 Isaiae
1023 4701 1083 4739 tn
1110 4703 1121 4738 :
1154 4704 1170 4735 ι
1197 4685 1309 4738 Erit
1339 4700 1434 4752 pro
1465 4685 1614 4739 suavi
1644 4685 1810 4738 odore
1840 4680 1915 4737 fe-

336 4786 436 4831 tor.
467 4795 484 4827 ι
534 4776 791 4845 Quisquis
837 4775 980 4830 enim
1026 4774 1136 4828 vult
1177 4773 1464 4828 :cdilicium
1514 4771 1741 4828 fundare
1771 4772 1914 4840 quod

335 4867 491 4923 facile
527 4868 698 4922 ruinzn
747 4883 854 4921 non
904 4867 979 4920 sit
1024 4864 1336 4928 obnoxium,
1392 4879 1616 4918 necesse
1663 4873 1745 4918 est
1788 4879 1912 4918 cum

337 4974 441 5011 non
471 4958 668 5013 lateres
695 4966 749 5012 et
787 4957 1031 5012 bitumen
1079 4956 1304 5019 habere,
1330 4971 1449 5023 qua:
1497 4967 1714 5026 repente
1757 4957 1914 5011 dissi-

336 5048 503 5115 liant,
530 5051 623 5103 sed
667 5050 875 5119 lapides
905 5049 1086 5117 potius
1121 5055 1176 5100 et
1201 5063 1350 5112 saxa,
1380 5063 1499 5116 qua:
1526 5047 1759 5118 parietes
1789 5063 1915 5102 cou-

334 5136 597 5210 iungant,
629 5147 683 5192 et
714 5139 876 5192 calcis
907 5153 971 5191 ac
1014 5135 1185 5190 sabuli
1218 5147 1568 5200 commntum,
1596 5136 1738 5204 quod
1769 5135 1916 5202 ipsos

333 5231 576 5300 parietes
600 5229 855 5282 inviolata
883 5227 1118 5296 lapidum
1143 5239 1401 5295 compago
1432 5223 1642 5279 fortiter
1666 5223 1918 5278 ﬁrmiter-

331 5329 444 5392 que
487 5319 848 5389 constringat.
880 5316 1029 5383 Quod
1061 5331 1191 5386 ergo
1217 5315 1328 5382 jam
1363 5314 1490 5368 dicti
1532 5314 1806 5382 Babylonii
1836 5313 1917 5366 la-

314 5414 484 5462 .teres
510 5422 610 5476 pro
639 5406 787 5460 saxis
831 5415 885 5459 et
912 5406 1154 5459 bitumen
1188 5419 1283 5474 pro
1315 5411 1584 5458 eminente
1621 5402 1914 5468 habebant,

333 5496 572 5555 Carnalis
613 5496 740 5550 vita:
787 5495 1125 5565 signiﬁcatur
1163 5494 1450 5548 mdilicium
1475 5532 1490 5556 ,
1538 5492 1605 5545 ad
1634 5491 1739 5544 vim
1786 5508 1913 5545 ven-

335 5594 515 5642 torum
560 5585 646 5639 vel
691 5586 951 5656 impetum
989 5583 1270 5641 ﬂuminum
1308 5581 1631 5654 quantocius
1683 5581 1913 5637 obruen-

335 5676 484 5733 dum.

1173 409 1413 466 OPUSC.
1459 412 1570 466 LX.
1613 444 1681 453 —
1708 413 2076 470 EXPOSITIO
2117 415 2298 470 LlBRl
2340 417 2719 475 GENESEOS.

3470 419 3580 474 850

2594 532 2822 589 CAPUT
2862 533 3000 588 XIX.

2005 619 2083 673 De
2131 621 2357 690 quinque
2401 623 2604 691 regibus
2647 622 2890 677 Sodoma:
2934 634 2982 676 et
3029 624 3371 686 Gomorrhw,
3421 624 3510 691 qui
3553 640 3586 676 a

2338 703 2568 760 quatuor
2594 693 2797 762 regibus
2828 693 3083 762 interfecti
3111 703 3252 746 sunt.

2075 797 2370 856 Prudentia
2402 798 2558 867 hujus
2582 801 2766 854 mundi
2797 801 3012 855 inimica
3040 811 3119 856 est
3141 801 3250 855 Deo
3274 819 3287 866 ;
3310 800 3410 872 legi
3440 800 3584 855 enim

2008 894 2101 948 Dei
2131 909 2240 949 non
2269 896 2576 964 subjicitur,
2610 909 2710 949 nec
2747 895 2891 948 enim
2922 905 3118 964 potest.
3165 895 3301 948 liinc
3331 903 3414 949 est
3443 894 3587 964 quod

2008 986 2149 1040 sicut
2199 987 2251 1039 in
2298 986 2435 1040 libro
2465 987 2694 1041 Genesis
2725 986 2966 1056 quinque
2998 1001 3171 1056 rcges,
3225 986 3314 1056 qui
3363 988 3589 1042 subesse

2009 1077 2302 1131 noluerunt
2341 1077 2826 1141 Chodorlahomor,
2880 1094 2909 1130 a
2964 1085 3197 1146 quatuor
3236 1078 3452 1147 regibus
3498 1093 3590 1132 su-

2006 1169 2182 1236 perati
2223 1178 2370 1222 sunt.
2406 1169 2472 1222 Et
2515 1170 2644 1221 ubi?
2682 1169 2739 1222 In
2787 1167 2924 1222 valle
2971 1168 3242 1232 silvestri,
3275 1183 3397 1237 quae
3445 1185 3589 1226 nunc

2006 1259 2210 1314 dicitur
2257 1276 2408 1315 mare
2445 1259 2605 1314 Salis.
2650 1260 2750 1327 Qui
2795 1268 2920 1314 sunt
2957 1259 3100 1313 enim
3148 1269 3382 1329 quatuor
3412 1275 3592 1330 reges,

2006 1349 2109 1403 nisi
2161 1359 2393 1417 quatuor
2433 1351 2660 1405 virtutes
2702 1367 2838 1420 quas
2884 1351 3164 1420 Scriptura
3209 1366 3364 1405 sacra
3412 1351 3588 1404 nomi-

2007 1450 2101 1495 nat
2132 1441 2494 1509 principalcs?
2526 1441 2664 1508 Quid
2711 1457 2840 1496 vero
2869 1458 2966 1512 per
2997 1442 3237 1511 quinque
3271 1457 3424 1509 rcges
3447 1483 3460 1503 ,
3487 1441 3592 1495 nisi

2007 1531 2230 1584 totidem
2261 1547 2448 1584 sensus
2477 1532 2742 1600 corporis,
2772 1547 2834 1585 ac
2870 1548 2968 1602 per
3004 1547 3100 1586 eos
3133 1532 3378 1586 exterior
3419 1531 3592 1585 scien-

2007 1623 2080 1676 tia
2115 1622 2480 1692 designatur?‘
2509 1623 2662 1677 Sicut
2708 1633 2888 1677 autem
2935 1624 3039 1678 illae
3076 1633 3314 1693 quatuor
3361 1623 3591 1677 virtutes

2006 1714 2151 1767 velut
2198 1730 2263 1768 ex
2316 1715 2563 1783 originali
2615 1716 2804 1770 matris
2853 1731 3005 1779 διιεῖ),
3059 1715 3286 1769 rationis
3334 1715 3583 1778 scilicet,

2008 1807 2158 1861 tottte
2198 1807 2526 1875 procedunt,
2577 1807 2655 1861 sic
2703 1807 2790 1860 isti
2831 1807 2882 1860 in
2928 1816 3158 1861 terrenae
3189 1803 3466 1875 sapientim
3499 1819 3591 1857 va-

1939 1904 1981 1961 B
2011 1901 2181 1954 nitate
2213 1898 2361 1952 velut
2393 1899 2444 1952 in
2483 1897 2729 1953 convalle
2767 1898 3056 1966 salsuginis
3086 1898 3462 1958 immorantur,
3489 1896 3593 1948 ibi-

2009 2007 2114 2061 que
2143 2005 2172 2044 a
2201 1991 2314 2045 suis
2340 1991 2584 2044 hostibus
2614 2000 2742 2044 sunt
2777 1989 3033 2060 prostati,
3079 1989 3205 2058 quia
3255 1988 3471 2057 dignum
3509 1997 3597 2041 est

2011 2093 2069 2136 ut
2101 2082 2152 2136 in
2183 2082 2362 2136 anima
2403 2082 2640 2135 hominis
2679 2080 2980 2149 spiritualis
3011 2078 3275 2149 sapientia
3308 2078 3514 2141 vincat,
3539 2087 3595 2130 et

2009 2175 2248 2228 carnalis
2295 2173 2600 2243 prudentiae
2652 2172 2921 2226 calliditas
2973 2179 3181 2240 tierent.
3236 2167 3376 2221 Ilinc
3426 2175 3481 2220 et
3528 2165 3595 2221 de

2010 2267 2179 2322 David
2211 2267 2407 2336 legitur
2436 2285 2448 2318 :
2496 2285 2513 2316 ι
2543 2265 2680 2332 Quia
2711 2264 2838 2319 fecit
2866 2263 2966 2317 sibi
3002 2276 3220 2324 nomen,
3253 2276 3375 2315 cum
3409 2271 3598 2312 rever-

2012 2369 2220 2415 teretur
2250 2369 2404 2429 capta
2439 2361 2597 2431 Syria
2645 2360 2702 2414 in
2735 2359 2876 2414 valle
2925 2357 3258 2422 Salinarum,
3283 2356 3438 2411 caesis
3466 2354 3600 2410 duo-

2010 2457 2188 2513 decim
2219 2457 2478 2512 millibus.
2507 2477 2526 2508 ι

2508 2569 2676 2640 399
2713 2568 2943 2624 CAPUT
2979 2567 3100 2640 xx.

2014 2639 2168 2706 Quod
2194 2641 2461 2694 Abraham
2493 2636 2609 2694 eam
2633 2636 2759 2693 'Dco
2805 2639 3146 2709 sacriﬁcavit,
3177 2652 3364 2708 pecora
3400 2636 3600 2704 divisit,

2673 2729 2792 2764 aves
2833 2727 2955 2763 ιιοιι.

2091 2821 2107 2853 ι
2141 2801 2241 2869 Qui
2271 2801 2484 2867 tollens,
2516 2801 2692 2871 inquit
2731 2801 3038 2869 Scriptura,
3067 2799 3319 2853 universa
3354 2799 3486 2861 brec,
3517 2798 3600 2849 di-

2013 2897 2137 2953 visit
2173 2913 2238 2952 ea
2273 2913 2370 2968 per
2407 2899 2664 2959 medium.
2710 2907 2766 2952 et
2813 2906 3071 2967 utrasque
3122 2904 3304 2964 partes
3349 2894 3493 2949 circa
3542 2909 3604 2948 se

2015 2989 2339 3044 altrinsecus
2381 2990 2592 3059 posuit,
2638 3004 2770 3043 aves
2817 2998 2997 3043 autem
3031 3004 3135 3042 non
3165 2987 3370 3040 divisit.
3408 3005 3427 3038 ι
3464 2986 3602 3041 Ter-

2015 3098 2146 3136 rena
2177 3083 2393 3151 quidem
2437 3081 2690 3136 animalia
2722 3091 2910 3137 contra
2960 3096 3018 3135 se
3049 3089 3104 3136 et
3140 3079 3470 3133 altrinsecus
3503 3091 3601 3146 op-

2014 3186 2311 3244 ponuntur,
2362 3175 2487 3242 quia
2551 3173 2752 3228 terreni
2819 3174 3018 3243 quique
3070 3182 3264 3227 contra
3321 3169 3600 3239 proximos

2006 3263 2200 3335 jurgiis
2228 3275 2282 3318 et
2332 3263 2769 3318 contentionibus
2797 3271 3042 3328 srevmnt,
3073 3261 3158 3317 vel
3199 3270 3347 3316 certe
3373 3259 3602 3315 occultis

2009 3354 2272 3410 adversus
2316 3370 2412 3409 eos
2473 3355 2722 3408 odiorum
2774 3353 3050 3408 fomitibus
3104 3353 3477 3406 inardescunt.
3525 3349 3595 3402 At

2009 3457 2221 3512 contra,
2267 3449 2356 3518 qui
2389 3462 2512 3502 sese
2561 3448 2613 3500 in
2657 3449 2823 3500 altum
2865 3445 3120 3500 desiderii
3156 3444 3392 3500 caelestis
3420 3441 3601 3511 pluma

2011 3540 2323 3603 sustollant,
2352 3539 2478 3593 dum
2504 3539 2832 3594 sacriﬁcium
2862 3539 2970 3593 Deo
2995 3539 3316 3606 semetipsos
3337 3535 3598 3600 olierunt,

2011 3647 2041 3686 a
2068 3641 2269 3687 mutua:
2295 3631 2602 3688 dilectionis
2639 3631 2849 3702 glutino
2890 3646 2996 3684 non
3033 3630 3312 3684 recedunt.

2593 3742 2821 3798 CAPUT
2862 3742 3004 3796 XXI.

2083 3816 2350 3871 Abraham
2391 3814 2625 3870 volucres
2661 3815 3026 3867 descendentes
3069 3826 3226 3882 super
3269 3808 3530 3877 sacriﬁcia

2667 3885 2927 3954 abigebat.

2086 3997 2302 4064 Maligni
2349 3998 2576 4066 spiritus
2637 3995 2724 4049 vel
2789 3993 3066 4048 orationes
3131 3998 3354 4047 nostras
3411 3989 3596 4059 pravis

2014 4089 2453 4158 cogitationibus,
2504 4086 2587 4140 vel
2641 4100 2803 4155 opera
2852 4087 2988 4138 bona
3048 4082 3254 4152 peccati
3305 4080 3598 4150 cujuslibet

2013 4178 2474 4232 contaminatione
2495 4188 2846 4244 corrumpere
2869 4175 3131 4226 nituntur.
3160 4171 3314 4226 Unde
3336 4172 3596 4240 scripturn

2013 4275 2093 4321 est
2124 4267 2272 4336 quia,
2317 4282 2440 4318 cum
2489 4265 2762 4317 Abraham
2808 4262 2918 4315 Dee
2966 4262 3290 4316 sacriﬁcium
3339 4261 3405 4314 de
3442 4274 3606 4328 peco-

2013 4359 2165 4414 ribus
2211 4375 2274 4413 ac
2305 4358 2614 4413 volucribus
2651 4358 2879 4412 devotus
2917 4355 3164 4418 ollcrret,
3203 4354 3604 4408 descenderunt

2016 4452 2268 4506 volucres
2300 4465 2464 4519 super
2494 4449 2782 4514 cadavera,
2814 4459 2866 4504 et
2893 4449 3144 4519 abigebat
3175 4462 3268 4500 eas
3299 4445 3596 4499 Abraham.

2016 4542 2156 4610 Quid
2199 4545 2344 4596 enim
2389 4542 2704 4609 exprimunt
2752 4540 3018 4601 volucres,
3053 4538 3154 4592 nisi
3203 4537 3460 4606 rcprobos
3491 4533 3599 4601 spi-

2018 4635 2154 4688 ritus
2197 4647 2291 4702 per
2316 4647 2442 4686 aera
2472 4632 2793 4686 volitantes?
2825 4631 3081 4684 Volucrcs
3105 4644 3232 4698 ergo
3273 4643 3302 4680 a
3332 4624 3601 4681 sacriﬁcio

2017 4736 2204 4779 nostro
2255 4723 2587 4792 repellimus,
2643 4738 2765 4778 cum
2818 4723 3124 4775 orationum
3200 4734 3294 4773 seu
3370 4731 3596 4784 operum

2017 4825 2326 4870 nostrorum
2355 4815 2604 4870 victimas
2633 4830 2660 4866 a
2688 4812 2936 4881 malignis
2964 4811 3242 4880 spiritibus
3271 4824 3365 4863 eas
3391 4807 3600 4862 fmdare

2016 4910 2352 4965 tentantibus
2377 4909 2597 4979 provide
2623 4906 2977 4961 custodimus.

2580 5014 2808 5071 CAPUT
2847 5013 3011 5068 XXII.

2019 5110 2152 5164 Cum
2191 5110 2272 5164 sol
2321 5110 2676 5171 occumberet,
2710 5124 2865 5176 sopor
2906 5105 3062 5159 irruit
3111 5123 3267 5175 super
3307 5105 3596 5171 Abraham,

2355 5191 2403 5233 et
2439 5181 2627 5232 horror
2654 5193 2872 5246 magnus
2903 5177 3092 5229 invasit
3121 5193 3259 5230 cum.

2089 5270 2223 5324 Cum
2250 5271 2328 5325 sol
2359 5270 2726 5330 occumberet,
2747 5282 2909 5336 sopor
2935 5268 3271 5337 irruitsuper
3293 5267 3593 5332 Abraham,

2018 5344 2075 5415 et
2104 5362 2298 5414 horror
2326 5375 2554 5428 magnus
2598 5367 2650 5410 et
2690 5360 3008 5411 tenebrosus
3048 5358 3248 5412 invasit
3275 5372 3418 5411 eum.
3453 5357 3600 5414 Solis

2018 5451 2300 5504 occubitus
2360 5447 2543 5500 mundi
2598 5447 2848 5516 designat
2903 5462 3196 5511 occasum;
3230 5448 3427 5502 horror
3462 5463 3594 5502 vero

2021 5554 2247 5608 magnus
2286 5548 2338 5590 et
2382 5538 2700 5591 tenebrosus
2744 5538 3003 5592 vitiorum
3045 5538 3242 5608 ﬁgurat
3273 5540 3593 5594 criminum-

2021 5645 2126 5698 que
2178 5627 2462 5697 caliginem
2490 5667 2503 5690 ,
2552 5642 2672 5696 qua;
2721 5629 2965 5698 quotidie
3012 5629 3331 5698 pestilenter
3373 5630 3600 5700 perhor-

2023 5725 2238 5772 rescunt
2284 5732 2380 5786 per
2418 5727 2739 5774 aestuantem
2777 5721 3131 5789 reproborum
3165 5719 3442 5774 hominum
3473 5733 3599 5786 pra-

2022 5810 2266 5866 vitatem.
2305 5808 2457 5865 Unde
2506 5821 2559 5866 et
2605 5811 2709 5868 illic
2749 5812 2909 5881 paqu
2958 5820 3080 5880 post
3127 5810 3380 5867 additur:
3419 5808 3594 5865 «Cum
