4078 6336
486 388 584 448 8.11

940 391 996 446 S.
1039 392 1241 447 PETN
1280 392 1559 449 DAMlANl
1599 393 1749 449 OPP.
1791 391 2026 449 TOMCS
2065 392 2196 450 SEU
2246 390 2425 448 PARS
2461 391 2547 446 ιιι.
2583 421 2653 431 —-
2690 388 3051 446 OPUSCULA
3090 387 3319 444 VABIA.

490 518 621 576 ergo
653 502 997 558 occubuisset
1022 503 1127 571 sol,
1157 503 1300 560 facta
1346 514 1430 561 est
1453 505 1626 577 caligo
1670 506 1982 572 tenebrosa,
2011 514 2066 561 et
2097 512 2142 571 Α
2168 520 2267 576 per
2297 505 2626 575 arrogantiae
2650 502 2735 559 vel
2765 503 2996 559 tumoris
3031 499 3308 558 anfractus
3347 502 3413 556 ad
3455 500 3627 558 Deum
3651 518 3753 558 ac-

490 598 738 667 apparuit
772 594 1016 651 clibanus
1063 594 1297 652 fumans.
1328 615 1349 648 »
1402 595 1557 652 Sicut
1602 597 1747 652 enim
1783 597 1967 653 fumus
2000 612 2070 652 ex

489 685 614 757 igne
674 684 871 739 clibani
933 686 1247 755 vaporantis
1303 687 1611 758 egreditur,
1673 688 1747 741 ita
1809 687 2067 742 vitiorum

488 776 730 832 omnium
771 775 1211 847 ﬂagitiorumque
1243 777 1416 847 caligo
1446 778 1514 835 de
1548 778 1763 832 camino
1787 776 2069 832 aestuantis

488 868 733 923 avaritia:
773 881 1085 941 generatur,
1132 869 1274 924 sicut
1320 869 1454 924 dicit
1497 868 1830 938 Apostolus:
1878 885 1897 919 ι
1931 866 2068 935 Quia

486 959 641 1015 radix
669 960 910 1015 omnium
944 959 1211 1014 malorum
1244 959 1470 1014 avaritia
1502 968 1606 1013 est.
1634 978 1653 1012 ι
1695 958 1760 1012 Et
1789 959 1893 1013 hoc
1919 959 2067 1013 circa

484 1048 648 1105 tinem
696 1049 833 1111 diei,
882 1050 987 1105 hoc
1033 1057 1118 1104 est
1166 1049 1313 1104 circa
1360 1048 1521 1104 tinem
1570 1048 1779 1103 mundi.
1828 1047 2068 1103 Fumans

484 1154 619 1211 ergo
654 1139 900 1196 clibanus
927 1140 1271 1197 tenebrosam
1314 1140 1600 1210 caliginem
1648 1148 1894 1210 generat,
1933 1140 2061 1209 quia

487 1229 738 1307 caminus
779 1228 1042 1293 avaritiae,
1082 1230 1175 1299 qui
1206 1229 1259 1283 in
1289 1229 1597 1301 pectoribus
1636 1230 1914 1284 hominum
1942 1245 2068 1300 pra-

488 1335 683 1375 vorum
738 1328 931 1375 :cstuat
954 1361 970 1387 ,
1012 1320 1197 1378 multis
1236 1321 1611 1376 diversitatum
1646 1321 1881 1375 tenebris
1912 1336 2069 1375 mun-

488 1414 615 1469 dum
639 1414 954 1483 pestilenter
980 1414 1254 1470 obscurat.
1288 1415 1367 1469 An
1396 1429 1501 1468 non
1534 1412 2065 1468 mentes-infelicium
2111 1483 2123 1492 .

488 1515 676 1570 exeat,
709 1521 829 1574 qua:
857 1505 1065 1561 scilicet
1090 1513 1143 1560 et
1173 1505 1331 1561 ﬁdem
1366 1504 1535 1570 tollit,
1572 1513 1627 1559 et
1661 1504 1900 1559 omnium
1952 1504 2065 1559 vir-

487 1606 663 1652 tutum
697 1599 750 1652 iu
784 1613 974 1654 eorum
1017 1599 1271 1656 cordibus
1321 1598 1500 1654 lumen
1548 1597 1880 1669 exstinguit?
1911 1596 2066 1653 Unde

486 1703 614 1743 cum
649 1689 778 1746 illud
803 1691 1155 1761 praunisisset
1185 1692 1494 1761 Apostolus,
1527 1702 1725 1761 praesto
1751 1689 2064 1745 subintulit:

492 1800 511 1830 σ
547 1778 743 1848 Quam,
770 1782 1024 1838 videlicet
1052 1784 1360 1846 avaritiam,
1388 1785 1605 1853 quidam
1635 1792 1952 1854 appetentes
1978 1800 2063 1838 er-

2173 597 2367 652 cedere
2390 595 2652 667 gestiunt,
2684 604 2833 666 patet
2861 593 3104 665 proiecto
3124 596 3250 667 quia
3283 593 3426 649 unde
3451 593 3753 663 ingressio-

2171 685 2258 740 nis
2294 685 2475 740 aditus
2513 693 2695 756 pateat
2736 700 2842 741 non
2873 694 3192 755 agnoscunt.
3223 683 3330 740 Sed
3373 683 3499 754 quia
3540 685 3750 739 ostium

2168 775 2420 833 Christus
2455 786 2557 842 est,
2590 776 2730 833 sicut
2773 776 2888 847 ipse
2916 777 3084 832 dicit:
3121 795 3141 828 ι
3169 777 3281 848 Ego
3309 792 3429 833 sum
3454 776 3691 842 ostium,
3722 794 3745 829 ›
3778 842 3787 846 _

2169 875 2223 921 et
2251 867 2344 937 qui
2374 866 2649 922 Christum
2680 866 3024 937 exigentibus
3052 865 3297 937 peccatis
3325 866 3602 930 amittunt,
3633 879 3748 934 qua

2165 956 2376 1012 intrare
2437 955 2739 1012 ccclestium
2793 954 2992 1011 civium
3047 953 3419 1010 habitaculum
3488 953 3750 1025 possint,

2167 1047 2366 1103 ostium
2411 1062 2519 1102 non
2565 1045 2867 1101 inveniunt.
2915 1045 2972 1102 ln
3000 1046 3288 1117 reprobum
3315 1054 3495 1100 autem
3521 1059 3750 1100 sensum

2169 1137 2349 1192 traditi
2375 1145 2501 1193 sunt
2519 1176 2536 1202 ,
2565 1137 2687 1207 quia
2705 1177 2722 1202 ,
2747 1136 2875 1193 dum
2897 1146 3079 1192 reatus
3099 1138 3182 1192 sui
3207 1137 3415 1207 pondus
3439 1137 3751 1208 impropria

2170 1227 2369 1281 mentis
2398 1235 2597 1283 statera
2627 1226 2812 1282 subtili
2847 1227 3281 1283 consideratione
3311 1243 3419 1282 non
3456 1227 3750 1299 trutinaut,
3788 1294 3797 1301 ι

2170 1319 2550 1389 gravissimam
2566 1318 2770 1388 plumbi
2790 1334 3021 1374 massam
3037 1333 3335 1390 pennarum
3359 1319 3600 1374 inanium
3614 1319 3751 1375 levi-

2179 1417 2342 1464 tatem
2388 1417 2599 1479 putant.
2653 1408 2807 1476 Quod
2850 1424 2980 1482 ergo
3019 1410 3130 1469 illic
3170 1410 3369 1466 dicitur
3404 1425 3420 1465 :
3462 1429 3481 1462 r
3522 1409 3751 1467 Percus-

2169 1508 2357 1555 scrunt
2396 1514 2491 1555 eos
2522 1499 2611 1569 qui
2647 1498 2782 1555 foris
2800 1510 2953 1555 erant
2985 1500 3250 1563 caecitate,
3281 1518 3300 1552 ι
3330 1501 3433 1556 hoc
3454 1499 3752 1571 Apostolus

2169 1588 2457 1645 manifeste
2491 1588 2755 1656 declarat,
2798 1605 2921 1645 cum
2950 1590 3120 1646 dicit:
3157 1608 3175 1642 ι
3208 1588 3458 1645 Tradidit
3481 1605 3578 1646 eos
3604 1590 3751 1645 Deus

2170 1683 2222 1737 in
2251 1683 2536 1754 reprohum
2575 1697 2816 1738 sensum.
2848 1701 2867 1735 ι
2915 1681 2981 1737 Ει
3010 1683 3155 1753 quod
3202 1683 3315 1739 illic
3359 1682 3749 1754 subiungitur:

2176 1794 2193 1825 ι
2223 1774 2292 1831 Ut
2328 1775 2531 1830 ostium
2559 1775 2804 1831 invenire
2831 1790 2937 1830 non
2966 1775 3209 1845 possint,
3241 1793 3260 1827 ι
3300 1775 3405 1830 hoc
3429 1775 3532 1831 iste
3558 1785 3755 1845 paten-

483 1882 743 1927 ravcruut
780 1888 810 1926 a
860 1874 985 1938 tide,
1032 1884 1088 1929 et
1127 1875 1473 1929 inseruerunt
1513 1890 1573 1931 se
1604 1875 1882 1932 doloribus
1925 1874 2062 1929 mul-
2098 1869 2140 1927 Β
2170 1873 2251 1919 ter
2283 1864 2528 1934 exponit.
2579 1879 2701 1920 cum
2738 1865 2851 1919 ait:
2894 1884 2912 1917 ι
2936 1864 3007 1920 Ut
3039 1865 3241 1920 faciam
3288 1863 3448 1936 90],
3480 1879 3601 1935 qua:
3639 1880 3752 1919 non

484 1963 591 2030 tis;
625 1983 643 2016 ι
703 1965 886 2021 multis
931 1966 1130 2038 quippe
1176 1968 1457 2025 doloribus
1512 1984 1571 2024 se
1623 1969 1893 2031 inserunt,
1941 1967 2066 2022 dum

484 2065 707 2124 prepter
736 2058 1052 2126 temporalia
1091 2058 1238 2114 lucra
1288 2059 1649 2115 infrederabili
1680 2074 1709 2111 a
1749 2074 1806 2115 se
1838 2058 2068 2114 invicem

483 2144 761 2200 simultate
786 2146 952 2217 900
986 2148 1280 2212 dissiliunt,
1319 2157 1376 2203 et
1420 2148 1770 2219 plerumque,
1802 2149 1928 2203 dum
1969 2163 2069 2218 pro

485 2236 855 2305 corporalibus
903 2239 957 2293 in
991 2254 1144 2293 arma
1191 2248 1549 2303 concurrunt,
1597 2240 1918 2310 corporibus
1945 2241 2068 2295 ani—

492 2344 612 2382 mas
640 2338 866 2383 exuunt.
897 2328 997 2397 Qui
1036 2346 1162 2384 vero
1197 2331 1327 2387 solis
1350 2332 1660 2387 caelestibus
1693 2332 2066 2397 inardescunt,

485 2436 583 2489 pro
612 2420 886 2476 doloribus
915 2421 1365 2479 oblectationibus
1391 2424 1688 2492 potiuntur,
1719 2424 1845 2493 quia
1874 2424 1927 2478 in
1957 2423 2068 2478 fra-

494 2520 663 2565 terna:
690 2512 972 2568 eharitatis
1013 2513 1299 2571 dulcedine
1330 2515 1663 2570 unanimiter
1688 2515 1898 2570 vivunt.
1932 2515 2068 2570 llinc

484 2612 568 2656 est
595 2603 736 2673 quod
774 2602 865 2658 illo
886 2603 1158 2659 sacriﬁcio
1188 2605 1496 2676 vespertino
1515 2644 1530 2669 ,
1562 2605 1706 2674 quod
1737 2616 1863 2659 tunc
1889 2604 2066 2659 Abra-

484 2692 611 2746 ham
652 2692 866 2759 obtulit,
900 2708 1094 2763 pecora
1123 2695 1339 2765 quidem
1372 2704 1585 2750 terrena
1623 2695 1690 2749 ab
1713 2695 1944 2750 invicem
1979 2710 2065 2750 se-

484 2790 761 2851 questrata
809 2785 1143 2855 composuit,
1194 2784 1289 2841 sed
1343 2785 1582 2841 volatilia
1634 2800 1743 2842 non
1794 2786 2060 2854 adjunxit.

486 2871 641 2929 Unde
667 2872 978 2944 Scriptura:
1011 2895 1028 2926 ι
1051 2875 1150 2948 Qui
1180 2877 1397 2943 tollens,
1422 2878 1617 2949 inquit,
1645 2878 1896 2935 universa
1924 2880 2061 2944 haec,

485 2965 669 3020 divisit
708 2982 770 3020 ea
818 2982 915 3037 per
963 2968 1223 3035 medium,
1257 2977 1313 3023 et
1362 2977 1622 3039 utrasque
1655 2979 1836 3040 partes
1868 2970 2061 3025 altrin-

484 3072 645 3111 secus
669 3070 856 3114 contra
886 3073 946 3115 se
975 3060 1186 3129 posuit,
1226 3075 1355 3115 aves
1386 3068 1565 3117 autem
1596 3076 1702 3117 non
1729 3061 1929 3117 divisit.
1964 3079 1985 3111 ι

1050 3175 1280 3233 CAPUT
1319 3176 1502 3231 XXIII.

483 3263 828 3329 Desccndam,
876 3277 927 3321 et
968 3269 1147 3323 ridebo
1175 3285 1244 3322 an
1277 3268 1558 3323 clamorem
1587 3270 1676 3339 qui
1708 3268 1845 3324 venit
1884 3267 1955 3322 ad
1982 3284 2062 3323 me

993 3356 1146 3408 opere
1175 3339 1560 3409 complererinl.

556 3431 613 3489 Si
647 3433 922 3490 Creatoris
976 3432 1149 3487 nostri
1199 3432 1339 3487 facta
1387 3432 1679 3502 vigilanter
1709 3433 2059 3501 attendimus,

483 3523 549 3577 ad
590 3523 859 3578 credenda
906 3522 1160 3592 qumlibet
1207 3522 1348 3577 mala
1400 3522 1559 3577 ﬁdem
1608 3524 1867 3580 adhibere
1908 3525 2063 3581 facile

483 3626 592 3665 non
615 3610 909 3677 debemus;
932 3612 1047 3681 ipse
1062 3611 1237 3676 enim,
1265 3611 1419 3680 cujus
1439 3613 1609 3667 oculis
1628 3614 1773 3668 nuda
1796 3624 1850 3670 et
1874 3625 2061 3685 aperta

482 3712 612 3758 sum
639 3705 842 3769 omnia,
881 3718 987 3759 non
1020 3704 1341 3776 dedignatus
1369 3714 1472 3771 est,
1501 3721 1625 3760 cum
1657 3706 1969 3776 loqueretur
1995 3706 2062 3760 ad

481 3795 759 3851 Abraham
790 3808 956 3865 super
998 3780 1356 3850 Sodomorum
1402 3795 1642 3851 clamore
1688 3796 1779 3864 qui
1823 3795 1890 3850 ad
1937 3811 2059 3851 eum

479 3894 742 3950 venerat,
795 3884 1015 3942 dicere:
1078 3905 1096 3937 ι
1130 3884 1486 3949 Descendam,
1536 3894 1590 3941 et
1637 3886 1830 3941 videbo
1881 3896 2060 3941 utrum

482 3978 775 4032 clamorem
809 3978 903 4047 qui
938 3978 1084 4033 venit
1119 3978 1185 4032 ad
1224 3994 1311 4033 me
1338 3993 1504 4048 opere
1536 3978 1947 4048 compleverint.
1981 3978 2060 4032 An

480 4084 592 4124 non
637 4079 721 4125 est
747 4070 843 4135 ita,
871 4079 930 4124 ut
961 4071 1164 4127 sciam?
1198 4090 1216 4123 ι
1250 4070 1401 4136 Ουοεί
1428 4070 1671 4140 profecto
1704 4071 1770 4127 ad
1809 4069 1882 4126 nil
1916 4070 2060 4124 aliud

480 4159 688 4212 dictum
719 4160 953 4223 videtur,
982 4160 1087 4215 nisi
1117 4169 1176 4214 ut
1204 4161 1439 4215 humana
1465 4161 1728 4215 doceatur
1757 4160 2060 4231 ignorantia

481 4249 600 4304 sine
643 4252 1029 4321 experimentis
1075 4252 1257 4306 audita
1317 4267 1421 4307 non
1480 4255 1736 4318 credere,
1789 4252 2059 4323 incognita

479 4356 590 4398 non
620 4342 811 4397 leviter
845 4343 1126 4413 judicare,
1157 4359 1258 4399 nec
1300 4353 1426 4399 ante
1455 4344 1783 4399 sententiam
1811 4356 2062 4414 promere

481 4447 644 4504 quam
684 4449 800 4489 rem
831 4435 1049 4490 dubiam
1082 4436 1410 4490 testimoniis
1434 4435 1753 4504 approbare.

1042 4545 1268 4603 CAPUT
1307 4545 1495 4601 XXIV.

482 4633 640 4707 Quod
666 4635 972 4721 Sed-multat,
999 4639 1124 4693 dum
1154 4648 1472 4721 caperentur
1492 4639 1561 4692 ad
1577 4640 1787 4720 angelos
1811 4642 2061 4694 violenter

764 4726 1079 4778 trrumpera,
1107 4721 1338 4765 cruentato
1361 4725 1591 4780 percussi
1615 4722 1759 4764 sunt.

557 4822 576 4850 ο
608 4801 676 4857 Et
730 4816 878 4867 ecce,
928 4801 1103 4871 inquit
1152 4800 1467 4871 Scriptura,
1524 4801 1789 4855 miserunt
1840 4815 2058 4854 manum

481 4892 585 4947 viri
610 4934 623 4956 ,
669 4900 723 4948 et
769 4892 1185 4951 introduxerunt
1214 4890 1280 4946 ad
1315 4906 1374 4947 se
1414 4889 1592 4956 Leth,
1640 4892 2063 4963 clauseruutque

482 4984 680 5038 ostium
703 5024 719 5049 ,
751 4992 806 5038 ct
835 5000 930 5039 eos
970 4984 1059 5054 qui
1097 4983 1231 5039 foris
1282 4993 1439 5039 erant
1484 4988 1871 5053 percusserunt
1908 4983 2065 5037 cami-

484 5082 596 5129 tate
639 5090 670 5129 a
718 5075 943 5130 minimo
982 5090 1153 5145 usque
1182 5074 1248 5129 ad
1309 5073 1629 5138 maximum,
1657 5073 1729 5127 ita
1762 5083 1821 5126 ut
1861 5072 2061 5126 ostium

483 5165 730 5222 invenire
773 5182 879 5221 non
908 5175 1150 5237 possent.
1184 5186 1202 5218 ι
1257 5165 1554 5222 Sodomita:
1578 5179 1773 5234 nempe
1802 5163 2066 5219 violenter

484 5256 552 5310 ad
580 5255 800 5326 angelos
833 5269 1104 5312 conantur
1146 5257 1474 5327 irrumpere,
1510 5270 1635 5310 cum
1674 5252 1936 5308 immundi
1965 5254 2065 5308 ho-

484 5348 663 5403 mines
707 5349 774 5402 ad
827 5350 992 5403 Deum
1047 5358 1257 5404 tentant
1302 5363 1400 5418 per
1448 5349 1589 5404 sacri
1637 5348 1846 5403 ordinis
1893 5345 2064 5402 cilicia

485 5438 879 5509 propinquare.
923 5438 1028 5495 Sed
1061 5439 1131 5493 ibi
1180 5438 1426 5508 profecto
1474 5439 1718 5494 caecitate
1750 5438 2067 5507 percutiun-

485 5537 596 5593 tur,
630 5528 754 5599 quia
796 5527 944 5598 justo
988 5530 1080 5587 Dei
1126 5530 1331 5598 judicio
1382 5531 1435 5584 in
1484 5528 1738 5585 tenebras
1778 5528 2069 5584 interiores

484 5622 718 5687 radunt;
753 5623 823 5677 ita
854 5634 911 5678 ut
939 5639 1036 5679 nec
1060 5624 1259 5679 ostium
1286 5624 1528 5679 invenire
1549 5623 1896 5693 praevaleant,
1921 5623 2069 5692 quia,

484 5732 518 5772 α
563 5720 673 5774 Deo
718 5718 877 5773 divisi
925 5717 1232 5787 peccando,
1263 5717 1406 5772 unde
1444 5717 1512 5771 ad
1556 5732 1679 5771 eum
1728 5725 2074 5772 revertantur

485 5808 759 5881 ignorant.
801 5809 903 5876 Qui
952 5809 1097 5865 enim
1148 5822 1253 5863 non
1301 5822 1399 5881 per
1430 5806 1752 5864 humilitatis
1801 5808 1926 5874 iter,
1976 5806 2070 5863 sed

2173 1954 2533 2019 conveniunt,
2568 1972 2586 2006 ι
2615 1969 2681 2010 ac
2711 1954 2756 2008 si
2787 1953 3015 2020 diceret,
3039 1961 3098 2008 ut
3122 1954 3330 2010 intrare
3355 1961 3569 2009 tentent
3607 1955 3759 2009 unde

2172 2061 2278 2101 non
2311 2044 2529 2102 debent.

2738 2165 2966 2223 CAPUT
3012 2165 3155 2222 XXV

2244 2254 2398 2322 Quod
2432 2255 2700 2311 Abraham
2742 2255 3300 2381 rtrgcumbsibli’ﬁlium
3340 2255 3756 2325 sacriﬁcandum

2842 2344 2901 2381 eo
2929 2344 2959 2380 ο
2996 2342 3049 2381 tu
3074 2345 3088 2380 ι
3118 2368 3132 2380 .

2842 2344 2901 2382 εο
2929 2342 3132 2381 ουιιιιιτ.

2240 2417 2516 2472 Abraham
2556 2418 2683 2473 dum
2718 2418 2998 2473 immolare
3029 2417 3139 2473 Deo
3169 2416 3337 2472 ﬁlium
3370 2432 3526 2471 suum
3554 2417 3753 2481 voluit,

2166 2520 2362 2566 cuncta
2397 2526 2534 2580 pene
2579 2526 2679 2581 per
2720 2511 2968 2565 ordinem
3012 2509 3282 2580 passionis
3319 2507 3523 2564 Christi
3563 2523 3755 2563 sacra-

2170 2611 2348 2656 menta
2378 2601 2630 2673 signavit.
2661 2602 2813 2655 Sicut
2856 2599 3162 2662 Abraham,
3209 2599 3300 2669 qui
3330 2608 3481 2669 pater
3514 2597 3756 2653 excelsus

2166 2693 2366 2748 dicitur
2389 2735 2404 2756 ,
2430 2693 2648 2748 unicum
2682 2701 2738 2747 et
2766 2692 3020 2747 dilectum
3064 2677 3231 2746 ﬁlium
3270 2691 3380 2746 Deo
3405 2689 3599 2747 oﬂ‘erre
3640 2706 3754 2745 non

2165 2786 2449 2850 dubitavit,
2492 2786 2566 2841 ita
2615 2794 2670 2841 et
2699 2800 2944 2840 summus
2984 2784 3145 2840 Pater
3189 2784 3522 2856 unigenitum
3550 2782 3754 2838 Filium

2166 2892 2263 2948 pro
2289 2877 2447 2933 nobis
2477 2877 2730 2932 omnibus
2755 2874 2995 2930 tradidit.
3043 2876 3110 2930 Et
3139 2872 3281 2930 sicut
3308 2875 3458 2929 lsaac
3486 2875 3602 2944 ipse
3645 2874 3755 2929 sibi

2164 2968 2307 3036 ligna
2338 2967 2571 3039 portavit
2602 2967 2798 3036 quibus
2834 2974 2952 3020 erat
2993 2964 3350 3036 imponendos
3372 3004 3387 3029 ,
3427 2964 3499 3018 ita
3534 2976 3758 3033 quoque

2164 3057 2415 3113 Christus
2438 3055 2615 3112 crucis
2643 3071 2754 3111 suae
2781 3054 3049 3126 passionis
3073 3054 3304 3126 gestavit
3330 3053 3383 3107 in
3416 3051 3662 3107 humeris
3692 3051 3761 3106 li-

2164 3163 2328 3218 gnum
2354 3188 2369 3213 ,
2400 3147 2586 3217 inquo
2612 3155 2731 3202 erat
2755 3161 2856 3216 pro
2883 3153 3066 3201 nostra
3106 3145 3279 3199 salute
3312 3157 3591 3214 passurus.
3635 3142 3758 3196 Duo

2090 3238 2133 3297 C
2167 3250 2346 3295 autem
2386 3240 2530 3295 servi
2575 3238 2650 3294 illi
2689 3238 2876 3309 procul
2905 3238 3113 3293 dimissi
3139 3235 3355 3295 Judaos
3397 3234 3712 3307 significant
3737 3275 3757 3301 ,

2087 3368 2091 3372 »
2163 3332 2256 3403 qui
2284 3374 2301 3399 ,
2334 3348 2458 3388 cum
2498 3331 2771 3388 serviliter
2799 3332 3043 3386 viverent
3064 3339 3121 3386 et
3155 3329 3449 3385 carnaliter
3473 3336 3757 3400 saperent,

2164 3439 2271 3479 non
2302 3422 2687 3479 intellexerunt
2710 3422 3032 3478 altissimam
3053 3422 3412 3477 humilitatem
3426 3421 3652 3485 Christi,
3668 3431 3757 3475 at-

2163 3530 2270 3587 que
2299 3514 2419 3571 ideo
2447 3530 2552 3569 non
2569 3513 2998 3584 aseendcruntjn
3023 3520 3284 3580 montem,
3303 3512 3478 3569 locum
3500 3511 3758 3568 videlicet

2164 3604 2437 3662 sacriﬁcii.
2465 3601 2576 3661 Cur
2605 3614 2787 3660 autem
2809 3605 2916 3659 duo
2947 3603 3088 3659 servi
3120 3646 3134 3670 ,
3164 3602 3266 3657 nisi
3299 3601 3460 3672 quia,
3491 3610 3761 3673 peccante

2164 3697 2483 3763 Salomone,
2530 3711 2596 3751 ex
2638 3711 2740 3751 una
2780 3694 3079 3751 Israelitica
3118 3694 3275 3765 plebe
3318 3693 3425 3748 duo
3459 3686 3583 3747 facti
3627 3702 3759 3749 sunt

2164 3791 2346 3863 populi
2370 3792 2393 3844 ?
2415 3790 2611 3861 quibus
2638 3790 2824 3859 utique
2858 3804 3000 3860 smpe
3027 3803 3126 3860 per
3154 3786 3472 3858 prophetam
3514 3785 3712 3841 ﬁcitur
3739 3803 3755 3838 :

2169 3902 2188 3935 ι
2225 3882 2576 3938 Adversatrlx
2607 3880 2867 3946 lsrael,et
2892 3879 3296 3950 pra‘varicatrix
3318 3877 3476 3934 Juda.
3505 3896 3524 3930 ι
3552 3877 3761 3947 Asinus

2165 3981 2342 4027 autem
2360 3971 2448 4026 ille
2470 3984 2576 4040 quo
2600 3972 2851 4025 utebatur
2869 3968 3142 4024 Abraham
3160 3977 3307 4032 tunc,
3333 3967 3612 4021 insensata
3636 3974 3759 4020 erat

2164 4063 2389 4118 stultitia
2431 4059 2761 4117 Judmorum.
2802 4059 2893 4114 llla
2925 4059 3083 4130 plane
3105 4058 3260 4113 bruta
3293 4056 3522 4112 stultitia
3563 4062 3756 4127 porta-

2163 4154 2255 4208 bat
2278 4153 2460 4207 omnia
2482 4160 2853 4215 sacramenta;
2887 4164 3006 4220 qua:
3038 4158 3212 4204 tamen
3238 4147 3366 4218 quid
3397 4145 3585 4211 ferret,
3608 4144 3762 4199 velut

2165 4244 2477 4303 irrationale
2497 4244 2719 4308 animal,
2735 4243 3033 4314 ignorabat.
3060 4237 3180 4294 .lam
3198 4255 3323 4293 vero
3349 4237 3477 4308 quid
3501 4246 3588 4292 est
3608 4237 3757 4306 quod

2164 4341 2363 4396 dictum
2389 4345 2471 4392 est
2496 4338 2578 4392 eis
2595 4354 2608 4390 :
2628 4356 2645 4389 ι
2670 4335 2991 4404 Exspectate
3017 4332 3106 4387 hic
3126 4346 3248 4385 cum
3271 4331 3758 4399 asino;postquarn

2164 4443 2341 4487 autem
2359 4430 2782 4491 adoraverimus,
2808 4435 3143 4481 revertemur
3170 4423 3234 4478 ad
3263 4423 3385 4477 vos?
3413 4441 3432 4474 ι
3454 4414 3594 4475 Audi
3614 4421 3761 4491 Apo-

2163 4521 2390 4577 stolum:
2420 4539 2437 4571 ι
2464 4519 2710 4583 Caecitas,
2740 4517 2934 4587 inquit,
2960 4530 3024 4570 ex
3048 4522 3201 4584 parte
3223 4513 3275 4567 in
3301 4509 3463 4568 Israel
3490 4509 3633 4564 facta
3649 4518 3758 4572 est,

2086 4595 2134 4652 ί)
2164 4622 2222 4667 ιιι
2244 4610 2519 4683 plenitudo
2544 4610 2782 4680 gentium
2812 4608 3058 4669 intraret,
3087 4614 3141 4659 et
3169 4605 3248 4660 sic
3275 4602 3451 4659 omnis
3474 4600 3763 4656 lsraelsal-

2167 4721 2264 4759 vus
2289 4704 2500 4759 liereta-
2523 4701 2660 4769 Quid
2692 4707 2776 4756 est
2801 4698 2944 4753 enim
2970 4697 3114 4767 quod
3129 4695 3330 4751 dicitur
3355 4712 3368 4748 :
3403 4713 3421 4745 ι
3450 4692 3681 4748 Caecitas
3701 4692 3759 4745 in

2167 4797 2331 4852 Israel
2363 4795 2504 4851 facta
2537 4809 2604 4848 ex
2627 4791 2824 4865 parte?
2861 4811 2879 4844 ι
2915 4789 3029 4846 Hoc
3061 4797 3145 4844 est
3179 4788 3459 4842 videlicet:
3492 4804 3511 4837 ι
3543 4783 3757 4853 Εχερεο

2170 4900 2315 4947 etate
2340 4890 2429 4945 hic
2451 4904 2577 4946 cum
2598 4888 2772 4951 asino,
2794 4894 2851 4938 ut
2872 4883 3151 4955 plenitudo
3180 4880 3422 4953 gentium
3455 4881 3710 4938 intraret,
3733 4895 3753 4927 ι

2172 4983 2276 5037 hoc
2303 4988 2407 5050 est,
2429 4996 2447 5030 ι
2472 4987 2756 5048 postquam
2778 4973 3206 5038 adoraverimus;
3236 4989 3255 5022 ι
3278 4970 3367 5025 ubi
3393 4966 3647 5022 videlicet
3668 4979 3762 5019 sa-

2170 5072 2436 5130 criﬁcium
2480 5069 2774 5126 Dominica:
2812 5066 3081 5138 passionis
3117 5063 3394 5134 impletum
3424 5075 3522 5131 per
3563 5073 3761 5114 omnes

2168 5173 2356 5236 gentes
2392 5160 2555 5217 fuerit
2610 5159 2983 5229 praedicatum.
3038 5152 3191 5222 Quod
3238 5160 3417 5208 autem
3458 5150 3757 5219 sequitur:

2173 5275 2192 5309 ι
2232 5256 2298 5309 Ει
2322 5254 2401 5309 sic
2420 5251 2599 5307 omnis
2621 5248 2783 5305 lsrael
2810 5247 2991 5304 salvus
3025 5245 3198 5310 fieret,
3251 5262 3269 5295 ι
3301 5244 3404 5298 hoc
3431 5249 3536 5306 est,
3574 5255 3759 5294 rever-

2174 5360 2351 5404 temur
2371 5347 2439 5402 ad
2476 5360 2591 5417 vos.
2624 5342 2764 5413 Quid
2793 5351 2877 5397 est
2916 5348 3095 5393 autem
3140 5335 3281 5407 quod
3324 5334 3468 5389 aries
3501 5332 3645 5386 inter
3664 5345 3763 5383 ve-

2171 5438 2299 5509 pres
2319 5439 2532 5493 haereus
2553 5435 2808 5490 cornibus
2831 5430 3122 5492 invenitur,
3147 5429 3238 5499 qui
3267 5441 3364 5497 pro
3386 5424 3536 5479 Isaac
3556 5422 3792 5478 immo-'

2174 5531 2316 5588 latus
2350 5527 2616 5585 oﬂ'ertur?
2658 5525 2803 5580 Crux
2849 5536 3042 5595 nempe
3081 5536 3283 5592 cornua
3310 5516 3515 5583 habet;
3548 5513 3656 5569 duo
3683 5512 3761 5567 si-

2175 5620 2390 5691 quidem
2427 5618 2570 5689 ligna
2620 5618 2851 5671 invicem
2897 5614 3315 5684 compinguntur
3339 5652 3352 5675 ,
3382 5616 3438 5662 et
3468 5606 3547 5663 sic
3573 5605 3763 5662 crucis

2176 5711 2412 5781 speciem
2458 5710 2728 5774 reddunt;
2781 5709 2909 5762 hinc
2956 5715 3039 5761 est
3087 5705 3232 5759 enim
3277 5703 3419 5772 quod
3446 5700 3513 5755 de
3536 5697 3763 5755 Christo

2176 5802 2438 5873 scviptum
2486 5811 2569 5856 est
2601 5819 2614 5857 :
2651 5819 2668 5852 ι
2711 5799 2925 5857 Cornua
2969 5805 3095 5854 sunt
3150 5797 3201 5850 in
3251 5793 3497 5849 manibus
3545 5790 3685 5863 eius.
3734 5808 3755 5842 ι
