4078 6336
341 372 444 429 855

1193 373 1435 430 OPUSC.
1475 377 1587 431 LX.
1622 407 1693 417 ——
1723 374 2087 430 EXPOSITIO
2129 374 2314 429 LIBRI
2355 372 2718 429 GENESEOS

3492 371 3597 428 851

338 491 562 549 "terens
588 505 717 562 ergo
740 491 998 548 cornibus
1022 492 1182 557 aries,
1214 493 1462 550 Christus
1502 503 1584 550 est
1610 493 1914 550 crucillxus
1948 497 1989 552 Α
2021 506 2132 545 rem
2157 491 2388 560 proximi
2412 489 2782 559 concupiscat.
2825 487 3030 555 Quibus
3069 489 3171 543 rite
3201 488 3451 553 servatis,
3488 504 3595 545 non

337 587 484 644 inter
511 583 787 642 aculeatas
833 592 887 640 et
931 584 1211 640 vulniﬁcas
1233 584 1541 640 Judazorum
1575 585 1910 656 iniquitates.

335 677 490 736 Sicut
514 678 627 747 ipse
647 692 743 746 per
769 674 1058 732 Jeremiam
1085 679 1458 747 conqueritur,
1481 678 1667 733 dicens
1699 693 1712 732 :
1749 698 1766 729 ‹
1800 677 1915 747 Spi-

335 768 420 825 nis
469 777 816 838 peccatorum
877 782 1097 822 suorum
1139 767 1490 822 circumdedit
1546 783 1632 821 me
1685 767 1914 836 populus

332 857 442 912 hic.
480 877 498 910 ι
543 857 766 912 Peracto
815 857 1107 922 sacrificio,
1136 857 1336 912 dicitur
1364 857 1600 911 Abrahae
1633 875 1645 912 :
1682 876 1700 909 α
1730 857 1786 912 In
1831 873 1914 912 se-

333 949 479 1003 mine
503 957 594 1003 tuo
621 947 1004 1003 benedicentur
1025 963 1215 1003 omnes
1238 958 1444 1020 gentes.
1480 969 1498 1001 ι
1535 950 1600 1003 Et
1629 959 1913 1020 postquam

331 1041 593 1096 Dominus
624 1041 759 1095 dixit
791 1057 804 1094 :
854 1058 872 1091 ι
925 1041 1200 1094 Fuderunt
1249 1056 1442 1095 manus
1490 1057 1638 1095 meas
1669 1051 1725 1096 et
1754 1043 1914 1111 pedes

331 1146 503 1196 meos,
532 1152 550 1182 ι
585 1131 742 1202 paulo
765 1140 878 1202 post
914 1131 966 1184 in
992 1131 1180 1184 eodem
1211 1131 1417 1199 psalmo
1452 1130 1677 1199 subjecit
1708 1149 1720 1184 :
1750 1150 1768 1182 ι
1811 1131 1914 1185 Re-

329 1223 709 1286 minisccntur,
750 1232 803 1277 et
834 1230 1222 1277 convertentur
1251 1223 1316 1276 ad
1357 1223 1642 1277 Dominum
1672 1222 1910 1277 universi

331 1315 466 1369 lines
505 1325 663 1368 terrae
685 1355 700 1379 ,
747 1323 800 1368 et
840 1313 1140 1367 adorabunt
1175 1313 1225 1366 in
1254 1323 1543 1382 conspectu
1581 1312 1700 1381 ejus
1724 1328 1912 1368 omnes

328 1403 515 1472 patria:
559 1405 820 1475 gentium.
872 1401 1136 1468 Quoniam
1187 1402 1399 1456 Domini
1443 1411 1527 1456 est
1568 1418 1828 1472 regnum,
1862 1409 1916 1458 et

327 1494 444 1566 ipse
466 1495 836 1549 dominabitur
864 1493 1125 1558 gentium.
1149 1513 1173 1562 η»
1204 1493 1398 1549 Oblalo
1429 1493 1608 1564 itaque
1634 1493 1908 1548 Abraham

329 1583 438 1638 tilio
460 1625 474 1650 ,
503 1593 559 1639 et
584 1601 682 1655 pro
707 1586 875 1640 ariete
908 1584 1207 1646 immolato,
1244 1584 1535 1653 appellavit
1572 1599 1765 1639 nomen
1808 1584 1909 1639 loci

327 1672 494 1735 illius,
522 1691 541 1725 ί
579 1674 839 1728 Dominus
867 1674 1065 1738 videt,»
1099 1674 1225 1743 quia
1253 1674 1511 1728 Dominus
1542 1684 1743 1738 noster,
1771 1685 1912 1743 post-

325 1780 488 1835 quam
525 1767 577 1820 in
614 1782 708 1819 ara
737 1765 915 1820 crucis
957 1765 1170 1820 oblatus
1216 1766 1405 1820 mortis
1434 1776 1632 1820 nostrae
1666 1767 1907 1822 debitum

2016 597 2160 644 mox,
2198 589 2257 634 ut
2285 580 2556 650 sperabat,
2587 579 2654 633 ad
2674 577 3148 647 contemplationis
3199 579 3594 633 oblectamenta

2015 673 2349 744 perducitur,
2371 681 2430 727 ut
2461 672 2607 726 velut
2639 681 2967 741 exspectata:
3009 672 3097 726 diu
3130 671 3330 726 Rachel
3359 671 3598 742 pulchri-

2017 764 2201 819 tudine
2228 764 2576 832 perfruatur,
2628 763 2722 818 sed
2762 763 2855 817 Lia
2901 763 3005 818 sibi
3045 779 3142 832 per
3172 773 3384 819 noctem
3423 763 3598 834 inopi-

2015 863 2144 910 nato
2170 855 2511 926 supponitur,
2539 855 2663 925 quia
2698 856 2838 909 inter
2869 855 3117 909 hu'nanm
3149 854 3308 922 hujus
3339 854 3600 925 ignoran-

2017 949 2103 1004 tiae
2143 951 2395 1006 tenebras
2442 949 2726 1005 tolerantia
2770 948 2871 1004 sibi
2915 948 3117 1002 laboris
3158 947 3484 1018 iniungitur;
3529 962 3598 1002 ex

2015 1059 2119 1113 qua
2165 1051 2342 1097 tamen
2384 1042 2494 1111 jam
2537 1055 2883 1096 numerosam
2916 1039 3154 1094 sobolem
3191 1039 3437 1109 suscipit,
3469 1040 3597 1109 quia

2015 1136 2211 1189 uberes
2254 1133 2552 1202 spiritualis
2590 1134 2723 1188 lucri
2759 1147 2856 1202 per
2901 1133 3046 1186 hunc
3087 1130 3328 1185 laborem
3389 1130 3596 1185 fructus

2016 1223 2268 1292 acquirit.
2304 1223 2453 1278 Hanc
2500 1225 2682 1293 itaque
2714 1223 2929 1286 tolerat,
2968 1229 3026 1276 ut
3054 1222 3120 1276 ad
3171 1221 3315 1275 illam
3353 1223 3599 1291 quando-

2014 1331 2120 1386 que
2162 1317 2441 1384 perveniat
2488 1331 2607 1386 qua:
2652 1324 3067 1386 perseveranter
3119 1323 3285 1368 amat.
3324 1312 3601 1368 Suadetur

2014 1423 2142 1478 ergo
2174 1416 2231 1460 ut
2254 1423 2350 1478 per
2373 1407 2505 1462 alios
2530 1417 2733 1477 septem
2767 1423 2936 1460 annos
2963 1406 3167 1458 servire
3191 1404 3439 1466 desudet,
3469 1404 3602 1473 quia

2016 1499 2256 1570 profecto
2292 1515 2514 1554 necesse
2539 1509 2621 1553 est
2649 1510 2705 1553 ut
2751 1501 2925 1554 adhuc
2955 1499 3057 1552 alia
3093 1509 3297 1567 septem
3331 1506 3600 1574 prmcepta

2014 1589 2281 1652 observet,
2308 1590 2398 1643 sed
2419 1588 2529 1657 jam
2559 1589 2835 1659 aliquanto
2859 1589 3097 1653 liberior,
3125 1602 3229 1641 non
3260 1586 3452 1657 legalia
3481 1596 3606 1641 tan-7

2015 1695 2175 1749 quam
2205 1694 2415 1743 servus,
2447 1679 2542 1733 sed
2560 1679 2875 1749 evangelica
2902 1681 3240 1746 sicutgener,
3266 1677 3516 1732 videlicet
3541 1687 3600 1731 ut

2015 1771 2086 1824 sit
2110 1785 2312 1839 pauper
2334 1770 2547 1839 spiritu,
2577 1770 2648 1823 sit
2677 1770 2843 1835 mitis,
2873 1769 3071 1839 lugeat,
3104 1769 3309 1822 esuriat
3337 1769 3598 1836 sitiatque

325 1857 485 1912 solvit
513 1898 528 1921 ,
566 1858 853 1911 videndum
881 1871 939 1911 se
963 1856 1214 1924 deinceps
1240 1857 1472 1912 fidelium
1505 1873 1723 1912 suorum
1748 1858 1906 1912 obtu-
1945 1865 1982 1922 Β
2011 1861 2276 1930 justitiam
2304 1901 2318 1925 ,
2353 1861 2422 1915 sit
2466 1861 2776 1916 misericors
2801 1903 2815 1926 ,
2850 1861 3111 1914 mundum
3143 1875 3238 1914 cor
3275 1859 3496 1920 habeat,
3527 1859 3600 1912 sit

325 1947 469 2003 tibus
490 1949 740 2018 przebuit,
763 1949 926 2019 902
961 1957 1021 2002 ut
1048 1949 1300 2003 nimirum
1330 1950 1590 2020 redempti
1630 1967 1818 2006 omnes
1846 1953 1908 2004 il-

325 2039 434 2094 lum
452 2040 564 2109 iam
593 2055 693 2109 per
727 2040 886 2095 [idem
917 2040 1219 2106 inveniant,
1243 2040 1335 2110 qui
1361 2052 1584 2096 eatenus
1616 2043 1737 2097 fidei
1772 2059 1902 2098 ocu-

324 2131 406 2188 los
433 2146 540 2187 non
562 2132 852 2188 habebant.

880 2224 1108 2280 CAPUT
1146 2225 1336 2280 XXVI.

604 2317 682 2372 De
725 2315 818 2370 Lia
847 2327 894 2371 et
936 2317 1126 2370 Rachel
1151 2317 1396 2370 uxoribus
1435 2317 1618 2372 Iacob.

391 2410 559 2465 Porro
588 2427 694 2464 non
737 2419 820 2464 est
851 2411 1140 2464 obscurum
1182 2410 1324 2477 quod
1375 2408 1558 2462 Labau
1604 2409 1738 2464 duas
1769 2409 1905 2466 filias

322 2499 531 2561 habuit,
565 2516 793 2569 quarum
821 2497 1096 2566 iuniorem
1130 2499 1297 2554 Jacob
1325 2499 1375 2552 in
1401 2499 1708 2569 coniugium
1737 2516 1902 2569 copu-

322 2591 482 2660 lavit,
521 2595 587 2647 ad
627 2592 780 2662 cuius
825 2603 999 2646 tamen
1032 2591 1310 2660 amplexus
1346 2592 1630 2660 pervenire
1659 2607 1763 2645 non
1801 2607 1898 2661 po-

325 2682 446 2746 tuit,
481 2683 653 2739 donec
690 2681 946 2750 majorem
981 2684 1201 2753 ignarus
1235 2690 1394 2751 atque
1428 2682 1546 2736 ideo
1578 2683 1779 2740 invitus
1811 2701 1900 2741 ac-

319 2775 483 2847 cepit.
536 2777 640 2832 Sed
691 2777 815 2847 quia
870 2791 984 2831 rem
1027 2776 1323 2830 scientibus
1365 2773 1558 2844 loquor
1584 2816 1599 2840 ,
1635 2778 1898 2832 nonmihi

320 2869 504 2925 multis
527 2869 912 2925 elaborandum
940 2879 1026 2925 est
1064 2870 1264 2924 verbis.
1297 2869 1481 2926 Labau
1517 2872 1714 2942 quippe
1760 2873 1900 2927 deal-

320 2958 459 3014 batio
496 2959 904 3030 interpretatur.
934 2961 1067 3029 Quis
1109 2970 1289 3016 autem
1318 2963 1386 3018 ad
1427 2963 1592 3017 Deum
1625 2964 1900 3018 converti-

319 3061 425 3116 tur,
455 3051 557 3105 nisi
584 3061 639 3106 ut
659 3092 674 3117 ,
706 3053 948 3122 deposita
972 3063 1317 3124 peccatorum
1350 3054 1652 3126 nigredine,
1685 3070 1779 3124 per
1807 3071 1896 3110 re-

319 3143 592 3198 missionis
635 3145 862 3216 gratiam
907 3147 1230 3202 dealbctur?
1270 3150 1411 3204 sicut
1449 3150 1562 3219 ipse
1589 3149 1892 3218 pollicetur,

2008 1962 2285 2021 postremo
2316 1951 2590 2021 pacificus.
2618 1952 2780 2022 993
2811 1951 3097 2005 Enimvero
3143 1951 3302 2004 vellet
3335 1951 3516 2016 homo,
3548 1951 3595 2003 si

2009 2043 2126 2098 ﬁeri
2153 2054 2372 2114 posset,
2413 2044 2586 2099 nullas
2623 2044 2867 2098 labormn
2915 2043 3193 2098 molestias
3236 2043 3446 2111 agendo
3477 2057 3597 2111 per-

2009 2135 2173 2198 ferre,
2208 2133 2298 2189 sed
2324 2134 2570 2203 protinus
2593 2134 2646 2187 in
2670 2134 2841 2203 ipsius
2879 2134 2959 2188 sui
3003 2133 3238 2188 tirocinii
3275 2131 3598 2186 rudimentis

2008 2226 2072 2280 ad
2103 2225 2340 2294 pulehrte
2366 2224 2842 2294 contemplationis
2879 2224 3102 2279 delicias
3140 2224 3454 2293 pervenire;
3508 2239 3598 2276 ve-

2007 2327 2310 2371 rmntamen
2354 2319 2458 2372 hoc
2486 2333 2591 2371 non
2631 2317 2682 2370 in
2717 2327 2860 2371 terra
2891 2317 3234 2370 morientium
3279 2315 3337 2369 lit
3367 2357 3382 2379 ,
3419 2315 3513 2369 sed
3542 2315 3594 2368 in

2007 2418 2150 2463 terra
2175 2409 2493 2464 viventium.
2522 2409 2676 2477 Quod
2706 2409 3016 2479 significare
3043 2409 3257 2464 videtur
3290 2410 3419 2463 illud
3451 2409 3595 2478 quod

2005 2501 2071 2555 ad
2093 2498 2258 2555 Jacob
2290 2501 2487 2556 dicitur
2518 2520 2529 2554 :
2566 2521 2584 2552 ι
2627 2500 2743 2556 Non
2780 2511 2894 2566 est,
2943 2502 3115 2571 inquit
3142 2501 3323 2555 Labau
3351 2541 3366 2565 ,
3395 2501 3445 2554 in
3477 2500 3595 2554 ioco

2005 2605 2194 2647 nostro
2220 2593 2659 2672 consuetudinis,
2692 2601 2751 2648 ut
2784 2596 3024 2648 minores
3055 2603 3182 2648 ante
3222 2594 3500 2648 tradamus
3528 2595 3596 2647 ad

2003 2683 2240 2752 nuptias.
2285 2702 2303 2735 ι
2349 2683 2460 2738 Nec
2488 2682 2721 2740 absurde
2744 2684 2916 2751 maior
2947 2685 3269 2754 appellatur,
3300 2699 3420 2753 qua)
3450 2685 3598 2754 prior

2001 2783 2083 2828 est
2107 2786 2369 2844 tempore.
2401 2775 2559 2830 Prius
2588 2785 2671 2830 est
2700 2776 2844 2830 enim
2875 2776 2926 2830 in
2952 2775 3163 2830 Domini
3187 2778 3487 2831 eruditione
3513 2775 3595 2828 la-

2000 2873 2100 2923 bor
2131 2868 2256 2923 boni
2283 2869 2464 2937 operis
2499 2884 2659 2938 quam
2707 2871 2921 2938 requies
2957 2869 3451 2938 contemplationis.
3487 2869 3592 2921 Ex-

1997 2958 2155 3028 plctis
2187 2960 2366 3028 itaque
2393 2959 2602 3013 duabus
2627 2999 2642 3024 ,
2674 2961 2842 3012 altera
2872 2959 3124 3013 videlicet
3158 2958 3291 3027 legis
3328 2959 3590 3027 antiquae,

1999 3049 2167 3104 altera
2193 3050 2519 3117 evangelica:
2563 3048 2750 3119 gratia:
2783 3089 2798 3112 ,
2851 3064 2971 3103 mox
3016 3050 3082 3103 ad
3130 3050 3219 3102 ditt
3267 3048 3602 3102 desidet-aue

1999 3139 2196 3194 Rachel
2223 3141 2537 3209 pervenitur
2565 3139 3258 3224 amplexus,quia'quisquis
3288 3139 3594 3209 pertingere

317 3233 503 3289 dicens
535 3251 603 3291 ε]
640 3233 695 3289 Si
727 3235 925 3290 fuerint
963 3249 1185 3306 peccata
1236 3250 1415 3295 vestra
1467 3249 1526 3294 ut
1571 3241 1848 3323 coccinum
1879 3281 1892 3304 ,
1923 3219 1968 3281 C
2000 3232 2065 3284 ad
2095 3232 2290 3285 divina:
2324 3231 2793 3300 contemplationis
2831 3219 3230 3287 oblectamenta
3278 3231 3550 3285 desiderat
3577 3272 3603 3295 ,.

317 3325 471 3394 quasi
507 3325 598 3380 nix
635 3326 1050 3384 dealbabuntur.
1093 3349 1110 3382 ι
1155 3331 1306 3397 Quod
1351 3332 1476 3386 felix
1512 3332 1598 3387 ille
1648 3339 1900 3401 peccator

316 3415 661 3485 postulabat,
705 3434 826 3473 cum
863 3421 1066 3476 diceret
1100 3441 1113 3478 :
1152 3442 1170 3474 ι
1208 3423 1522 3490 Mundabor,
1557 3425 1764 3478 Iavabis
1794 3438 1897 3486 me,

316 3517 372 3562 et
399 3523 560 3577 super
586 3510 762 3565 nivem
798 3512 1110 3569 dealbabor.
1144 3535 1162 3567 ι
1197 3515 1290 3570 Lia
1317 3516 1725 3586 interpretatur,
1753 3513 1898 3569 labo-

320 3618 482 3670 rans;
505 3603 727 3670 Rachel,
751 3608 957 3660 verbum
985 3607 1098 3661 sive
1121 3609 1455 3678 principium.
1489 3608 1615 3672 Sed,
1645 3609 1688 3662 si
1721 3607 1901 3678 Scrip-

317 3704 496 3752 turam
538 3697 820 3768 diligenter
858 3701 1218 3768 attendimus,
1269 3717 1368 3758 nec
1399 3717 1506 3756 uno
1548 3702 1762 3772 quidem
1816 3703 1902 3757 die

317 3790 556 3845 servisse
591 3789 758 3848 Jacob
787 3801 1010 3862 propter
1054 3793 1163 3849 Lire
1207 3795 1536 3851 desiderium
1578 3796 1899 3866 reperimus,

318 3881 412 3933 sed
437 3895 533 3949 per
557 3890 695 3936 totas
721 3881 840 3937 illas
863 3897 1124 3937 annorum
1151 3884 1513 3938 hebdomadas
1539 3900 1637 3953 pro
1658 3886 1772 3940 sola
1797 3885 1906 3939 Ra-

318 3969 441 4025 chel
466 3972 713 4026 servituti
751 3972 1036 4040 subiacuit.
1086 3974 1308 4044 insuper
1349 3985 1404 4030 et
1443 3977 1614 4046 ipsam
1657 3975 1810 4030 Liam
1835 3975 1902 4031 ad

320 4061 464 4115 illius
494 4062 743 4116 intuitum
779 4064 1044 4118 toleravit.
1069 4065 1200 4132 Quis
1225 4067 1367 4119 enim
1400 4067 1465 4121 ad
1497 4067 1667 4121 Deum
1700 4067 1902 4122 idcirco

319 4153 653 4206 convertitur
678 4194 691 4218 ,
737 4162 796 4207 ut
825 4153 1037 4210 labores
1079 4163 1133 4210 ct
1159 4171 1428 4211 aerumnas
1451 4173 1513 4211 ac
1545 4158 1900 4212 tentationum

319 4242 619 4296 certamina
672 4244 957 4312 patiatur?
989 4244 1175 4300 Omnis
1222 4246 1366 4300 enim
1413 4246 1579 4301 Deum
1609 4249 1903 4317 quaerentis

321 4334 549 4388 intentio
590 4335 692 4388 hoc
717 4346 922 4405 sperat,
956 4339 1021 4391 ad
1066 4339 1170 4393 hoc
1195 4349 1427 4409 spectat,
1478 4347 1534 4393 ut
1564 4341 1629 4395 ad
1659 4342 1898 4410 requiem

317 4427 642 4496 quandoque
672 4429 970 4496 perveniat,
1001 4440 1052 4483 ct
1086 4431 1136 4484 in
1166 4448 1390 4486 summa:
1429 4433 1902 4504 contemplationis

315 4515 554 4585 gaudio,
598 4516 744 4588 velut
797 4518 846 4571 in
882 4520 1117 4587 pulchra:
1163 4521 1359 4576 Rachel
1405 4522 1778 4592 amplexibus,
1818 4541 1901 4579 re-

314 4605 583 4678 quiescat,
625 4609 877 4664 videlicet
901 4619 958 4664 ut
990 4626 1083 4681 per
1113 4611 1335 4666 verbum
1361 4615 1502 4684 quod
1529 4615 1679 4669 audit
1706 4633 1898 4670 ascen-

317 4697 410 4752 dat
435 4699 502 4754 ad
532 4700 821 4754 videndum
848 4702 1169 4771 principium
1199 4705 1342 4773 quod
1371 4705 1636 4775 quaesivit.
1670 4705 1776 4761 Sed
1809 4724 1898 4762 ne-

317 4801 472 4843 cesse
513 4797 598 4846 est
645 4800 704 4844 ut
749 4792 892 4846 hunc
936 4793 1274 4848 diversorum
1331 4797 1687 4851 certaminum
1745 4797 1901 4853 labor

315 4889 568 4934 exerceat
615 4890 902 4952 antequam
940 4882 1004 4936 ad
1050 4884 1250 4952 quietis
1296 4885 1500 4941 intimae
1533 4889 1855 4944 suavitatem
1881 4929 1897 4955 ,

317 4985 478 5040 quam
506 4974 861 5042 concupiscit,
894 4975 1144 5046 attingat.
1171 4976 1329 5032 Prius
1354 4980 1616 5034 servitute
1647 4980 1900 5050 deprimi-

319 5072 409 5118 tur
431 5104 447 5131 ,
480 5075 539 5118 ut
560 5065 683 5134 iure
712 5065 1051 5134 postmodum
1082 5067 1147 5120 ad
1193 5068 1448 5136 perfecta:
1477 5069 1749 5125 libertatis
1775 5070 1900 5124 titti-

317 5150 398 5210 los
425 5155 774 5223 provehatur.
805 5153 1021 5224 Septem
1057 5171 1182 5210 vero
1217 5158 1373 5212 annis
1405 5159 1505 5212 sub
1541 5158 1900 5214 dealbationis

313 5242 490 5314 gratia
531 5243 735 5306 servit,
786 5257 909 5298 cum
951 5253 1158 5313 septem
1208 5261 1271 5299 ea
1301 5261 1420 5315 qua:
1448 5247 1515 5300 ad
1555 5247 1786 5316 proximi
1821 5247 1901 5301 di-

316 5332 600 5389 lectionem
625 5334 905 5404 pertinent
946 5334 1194 5403 Decalogi
1229 5336 1492 5389 mandata
1533 5335 1787 5399 custodit,
1825 5335 1903 5388 vi-

315 5424 513 5481 delicet
563 5433 620 5479 ut
677 5425 854 5495 primo
919 5425 1111 5480 timore
1169 5426 1498 5480 constrictus
1557 5436 1720 5494 atque
1778 5425 1898 5478 ideo

315 5513 596 5568 servitutis
629 5514 762 5584 iugo
788 5514 1076 5584 depressus
1118 5515 1309 5569 saltem
1337 5532 1366 5569 a
1398 5523 1628 5568 vetusta:
1657 5515 1790 5584 legis
1818 5515 1898 5566 in-

314 5605 481 5676 cipiat
528 5606 822 5669 institutis,
870 5615 929 5660 ut
956 5605 1211 5660 nimirum
1258 5615 1510 5675 parentes
1540 5607 1807 5669 honoret,
1841 5614 1901 5658 ut

317 5711 424 5750 non
470 5698 774 5753 meechetur
797 5739 812 5763 ,
846 5714 950 5752 non
985 5698 1216 5764 occidat,
1251 5715 1354 5753 non
1381 5697 1614 5762 furetur,
1646 5713 1753 5752 non
1801 5697 1900 5750 tal-

318 5801 436 5843 sum
469 5789 832 5846 testimonium
852 5788 1118 5862 proferat,
1150 5805 1254 5846 non
1281 5805 1504 5846 uxorem
1534 5789 1781 5858 alterius,
1802 5802 1902 5846 nec

1933 4573 1980 4630 1)

2002 3327 2150 3395 prius
2181 3342 2402 3392 necesse
2439 3336 2524 3380 est
2551 3335 2611 3380 ut
2638 3326 2920 3397 utriusque
2953 3324 3285 3380 Testamenti
3332 3312 3596 3394 peragere

2001 3418 2253 3471 mandata
2300 3419 2611 3472 contendat.

2553 3508 2790 3565 CAPUT
2819 3507 3034 3564 XXVII.

2460 3603 2536 3657 De
2600 3601 2735 3656 Bala
2799 3612 2846 3656 el
2904 3601 3123 3672 Zelp/ta.

2075 3693 2179 3750 Sed
2209 3695 2336 3765 quia
2361 3695 2564 3749 electus
2593 3696 2850 3764 quisque,
2882 3693 3236 3763 perfectionis
3274 3709 3385 3749 sum
3420 3692 3590 3747 limite

2004 3801 2109 3838 non
2137 3794 2445 3851 contentus,
2472 3785 2611 3840 lilios
2643 3786 2805 3840 etiam
2843 3787 2953 3840 Deo
2977 3787 3199 3855 gignere
3245 3786 3472 3853 speciali
3514 3785 3591 3839 fe-
3637 3847 3641 3850 ,

2001 3877 2283 3932 cunditate
2311 3879 2603 3943 desiderat,
2651 3888 2935 3948 postquam
2979 3878 3264 3948 coniugale
3295 3877 3472 3931 fcedus
3499 3875 3592 3930 Ja-

2004 3967 2106 4021 cob
2145 3981 2266 4020 cum
2295 3967 2506 4021 duabus
2536 3967 2814 4021 sororibus
2865 3967 3046 4031 inivit,
3082 3969 3148 4020 ad
3179 3967 3587 4037 prepagandum

2005 4055 2271 4110 uberioris
2304 4072 2523 4126 germen
2562 4056 2764 4111 sobolis
2804 4056 3030 4111 ancillas
3073 4072 3288 4129 quoth
3331 4057 3399 4111 ad
3421 4071 3586 4128 gene-

2006 4147 2160 4200 randi
2192 4162 2346 4201 usutn
2397 4148 2670 4214 suscipere
2708 4161 2812 4200 nun
2862 4145 3099 4217 refugit;
3151 4157 3312 4217 atque.
3341 4187 3356 4211 ,
3389 4155 3444 4199 ut
3469 4163 3589 4200 om-

2005 4237 2093 4290 nia
2129 4237 2505 4306 spiritualibus
2549 4235 2921 4305 intelligantur
2950 4235 3251 4290 redundare
3281 4237 3586 4306 mysteriis,

2007 4329 2118 4397 ipsa
2147 4342 2362 4398 quoque.
2409 4327 2725 4381 ancillarmn
2765 4328 2980 4382 nomina
3021 4330 3121 4381 sub
3172 4328 3415 4400 mySticis
3459 4337 3592 4383 sunt

2001 4420 2356 4491 prmnuntiata
2371 4418 2473 4489 figo
2484 4419 2578 4472 ris.
2598 4417 2730 4472 Nam
2747 4418 2868 4472 Bala
2884 4419 3268 4488 interpretatur
3280 4421 3590 4487 inveterata;

2005 4527 2137 4567 sane
2179 4511 2304 4580 quia
2351 4507 2686 4563 intellectum
2735 4508 3034 4578 spiritualis
3079 4510 3397 4564 substantia:
3431 4510 3590 4565 nudis

2006 4604 2185 4661 verbis
2205 4603 2439 4656 humana
2477 4601 2654 4672 lingua
2683 4603 2869 4671 nequit
2897 4603 3232 4672 exprimere,
3265 4604 3590 4674 quandoque

2005 4695 2250 4749 doctrina
2288 4694 2569 4764 sapientia:
2601 4710 2697 4764 per
2719 4695 2981 4764 quasdam
3021 4709 3308 4765 corporeas
3339 4694 3590 4748 similitu-

2003 4772 2168 4841 dines
2193 4787 2499 4841 audientem
2532 4786 2724 4840 nititur
2753 4786 3068 4840 informare.
3105 4787 3177 4840 De
3211 4786 3376 4841 veteri
3407 4794 3590 4841 autem

2004 4879 2113 4932 vita
2143 4889 2198 4932 et
2221 4879 2530 4934 carnalibus
2559 4878 2810 4933 sensibus
2831 4879 3008 4933 dedita
3040 4893 3312 4946 corporeae
3348 4879 3591 4948 cogitan-

2003 4979 2092 5025 tur
2124 4972 2420 5042 imagines,
2461 4987 2691 5039 quarum
2729 4971 2978 5026 videlicet
3007 4971 3073 5024 ad
3114 4971 3411 5025 docendum
3457 4986 3590 5026 usus

2003 5063 2318 5128 assumitur,
2366 5079 2489 5117 cum
2513 5063 2716 5133 aliquid
2749 5077 2817 5116 ex
2853 5061 3392 5130 incomprehensibili
3422 5070 3479 5116 et
3507 5063 3592 5116 in-

2003 5157 2370 5213 commutabili
2393 5158 2631 5212 essentia
2657 5157 2956 5211 divinitatis
3000 5156 3234 5210 auditur.
3263 5155 3464 5210 Rachel
3489 5157 3592 5210 ita-

2004 5265 2109 5318 que
2134 5248 2324 5302 maluit
2353 5259 2627 5316 utcunque
2653 5248 2792 5302 filios
2819 5264 2884 5302 ex
2913 5246 3105 5301 ancilla
3137 5245 3410 5316 suscipere
3427 5260 3590 5314 quam

2005 5337 2226 5392 omnino
2270 5337 2471 5392 sterilis
2501 5352 2840 5407 permanere,
2858 5337 2984 5406 quia
3013 5337 3258 5389 doctrina
3285 5336 3594 5405 sapientiw,

2004 5428 2119 5482 sive
2149 5428 2321 5499 gratia
2363 5428 2834 5496 contemplationis
2859 5467 2873 5492 ,
2907 5441 3005 5497 per
3043 5426 3369 5480 exteriorem
3413 5425 3593 5479 scien-

2005 5517 2158 5579 tiam,
2187 5516 2268 5570 vel
2299 5516 2588 5571 visibilium
2623 5533 2802 5572 rerum
2836 5515 3039 5571 formas
3084 5516 3422 5570 auditoribus
3455 5513 3588 5568 inti-

2007 5606 2117 5663 tnat
2139 5607 2403 5678 quidquid
2432 5609 2497 5664 de
2521 5608 2825 5665 visibilibus
2852 5610 2990 5663 intra
3023 5622 3221 5662 arcana
3247 5604 3500 5668 occultat;
3537 5613 3593 5658 et

2007 5701 2085 5754 sic
2119 5700 2515 5768 quodammodo
2541 5716 2637 5770 per
2663 5699 2914 5755 ancillam
2945 5700 3083 5754 filios
3106 5697 3323 5767 accipit,
3347 5696 3471 5748 dum
3496 5709 3591 5763 per

2009 5806 2151 5859 eam,
2187 5807 2306 5862 qutc
2329 5792 2428 5847 sub
2458 5807 2514 5848 se
2542 5802 2644 5859 est,
2677 5793 2957 5849 scientiam
2987 5788 3296 5861 spiritualcs
3327 5785 3436 5841 Deo
3457 5785 3614 5840 filios.
