4078 6336
430 312 535 370 855

430 514 625 571 ancilla
654 515 775 571 illos
795 512 1252 582 tignratquorum,
1284 514 1337 569 in
1369 514 1751 583 prazdicatione
1778 528 2007 583 evange-

428 606 549 662 lica:
580 608 726 672 lidei,
750 623 811 662 os
843 607 1061 676 quidem
1096 605 1228 669 hiat,
1255 607 1349 661 sed
1374 621 1469 659 cor
1490 621 1598 660 non
1630 606 1764 660 hiat.
1794 606 1871 661 De
1892 606 2009 674 (ιιιί-

431 699 534 753 bus
561 699 811 754 videlicet
835 699 1098 767 scriptum
1129 709 1212 751 est
1242 716 1254 750 :
1301 716 1326 752 ι
1353 696 1590 768 Populus
1616 693 1704 754 hic
1734 697 1891 752 l..biis
1922 712 2009 751 me

432 790 681 849 honorat,
712 805 807 843 cor
831 797 1015 842 autem
1051 802 1242 842 eorum
1273 785 1428 855 longe
1453 794 1537 841 est
1574 802 1603 841 a
1634 801 1752 851 me;
1799 805 1818 836 ι
1868 795 1923 840 et
1945 785 2012 841 de

435 882 631 950 quibus
656 880 942 951 Apostolus
968 896 981 933 ς
1013 898 1030 928 ί
1052 878 1150 947 Qui
1174 877 1453 947 pricdieas,
1482 878 1673 949 inqui:,
1699 893 1802 932 non
1830 875 2017 930 furan-

437 972 585 1034 dum,
616 970 844 1024 l‘uraris:
882 989 900 1021 ›
938 978 1308 1023 verumtamen
1332 983 1397 1022 ex
1423 968 1524 1026 hac
1550 968 1744 1022 ancilla
1774 968 2016 1022 coluere-

438 1061 533 1117 des
563 1061 774 1115 futuros
798 1060 933 1114 alios
960 1059 1055 1114 Lia
1080 1057 1218 1114 ﬁlios
1244 1059 1471 1128 accepit,
1505 1058 1631 1127 quia
1658 1071 1799 1126 saepe
1823 1071 1917 1124 per
1937 1064 2014 1108 ta-

436 1151 517 1206 les
545 1153 926 1222 praedicatores
948 1151 1122 1204 aetiva
1153 1150 1259 1203 vita
1284 1149 1481 1203 multos
1510 1149 1662 1218 regni
1693 1148 1833 1201 lilios
1858 1146 2015 1214 adop-

442 1244 595 1297 tavit.
614 1244 686 1296 De
713 1243 910 1312 quibus
938 1239 1151 1295 Veritas
1180 1239 1309 1294 dicit
1334 1257 1348 1292 :
1379 1257 1398 1289 ‹
1429 1238 1558 1306 Qua:
1587 1238 1795 1299 dicunt,
1824 1235 2015 1300 facite;

440 1350 561 1404 qua:
599 1344 779 1389 autem
812 1332 1046 1396 faciunt,
1076 1332 1257 1387 facere
1303 1330 1467 1386 nolite
1500 1347 1515 1393 ;
1550 1349 1568 1381 ι
1609 1340 1663 1385 et
1689 1327 2016 1399 Apostolus:

448 1444 467 1477 σ
505 1425 653 1488 Sive,
691 1426 862 1494 inquit
886 1464 902 1489 ,
933 1439 996 1478 es
1040 1424 1345 1487 occasione,
1371 1422 1485 1475 sive
1522 1437 1587 1477 ex
1610 1422 1836 1475 veritam
1864 1419 2019 1473 Chri-

441 1526 559 1571 stus
612 1515 982 1579 annuntietur,
1012 1521 1065 1568 et
1101 1514 1156 1567 in
1204 1514 1308 1567 hoc
1350 1512 1598 1581 gaudeo,
1649 1511 1742 1565 sed
1791 1517 1847 1564 et
1887 1523 2018 1578 gau-

442 1608 602 1662 debo.
644 1626 664 1658 »
709 1606 821 1661 lloc
847 1617 1029 1660 autem
1066 1606 1117 1659 in
1162 1604 1245 1659 his
1269 1604 1718 1659 considerandum
1753 1618 1873 1657 esse
1909 1616 2025 1672 pet"

441 1700 749 1770 pendimus,
785 1700 931 1768 quia,
959 1698 1098 1754 sicut
1137 1696 1304 1753 Jacob
1334 1697 1501 1752 solius
1530 1696 1779 1752 Rachelis
1826 1695 2022 1749 intuitu

858 311 915 366 S.
958 311 1160 366 PETRl
1202 311 1481 367 DAMIANI
1519 309 1670 367 OPP.
1717 278 1952 368 TOMlES
1990 311 2120 369 SEU
2152 314 2331 371 PARS
2367 314 2453 370 Ill.
2483 344 2549 356 -ο
2583 312 2945 372 OPUSCULA
2991 311 3220 367 VARIA.

428 424 593 495 parit.
616 420 817 493 Zelpha
845 435 974 475 vero
996 422 1385 491 interpretatur
1412 439 1469 477 os
1498 421 1671 477 hians.
1692 421 1819 478 [iam
1842 422 2007 492 igitur
2031 432 2085 488 Α

3581 308 3700 367 856

2671 424 2898 482 CAPUT
2928 424 3120 480 XXIX.

2109 536 2262 601 Ouod
2306 536 2461 592 0mm
2499 536 2691 591 inuenit
2721 553 2886 616 aqua;
2926 536 3127 617 calidas
3164 537 3223 590 in
3242 535 3703 615 solitudint,duu

2528 618 2757 676 pasceret
2784 623 2957 660 (1811108
2967 625 2970 628 ’
2982 616 3148 675 patris
3170 622 3275 659 sur.

2177 696 2280 751 lste
2318 704 2401 749 est
2425 695 2577 751 Oaan
2617 696 2708 765 qui
2756 694 2959 749 invenit
2998 710 3167 763 aquas
3192 695 3393 750 calidas
3423 695 3477 750 in
3507 696 3708 751 solitu-

2110 786 2257 850 dine,
2294 787 2420 840 dum
2452 797 2701 857 pasceret
2731 788 2913 841 asinos
2947 785 3155 842 Seheon
3187 788 3387 857 pastris
3442 789 3542 843 sui.
3581 788 3706 845 Hoc

2112 877 2267 947 p'ane
2314 886 2574 945 quantum
2621 877 2690 930 ad
2735 876 2972 953 litteram
3001 878 3215 933 videtur
3244 877 3514 932 frivolum.
3556 877 3711 948 Quid

2113 970 2255 1022 enim
2280 969 2349 1023 ad
2376 984 2588 1024 sacram
2622 968 2957 1040 Scripturam
2983 971 3216 1040 pertinet
3243 981 3302 1025 ut
3324 972 3524 1027 relerat
3570 971 3710 1044 quia

2114 1070 2299 1115 custos
2328 1061 2604 1114 asinorum
2646 1077 2816 1130 aquas
2847 1062 3050 1130 reperit
3096 1062 3151 1116 in
3203 1061 3448 1117 deserto?
3478 1063 3584 1119 Sed
3611 1061 3709 1118 ubi

2117 1152 2169 1204 in
2198 1152 2370 1206 sacris
2398 1152 2593 1208 litteris
2632 1152 2774 1208 nulla
2807 1154 3022 1208 videtur
3067 1154 3295 1219 utilitas,
3332 1156 3398 1210 ad
3448 1156 3712 1226 spiritua-

2118 1240 2224 1295 lem
2278 1242 2688 1311 intelligentiam
2742 1257 2965 1297 necesse
2998 1252 3084 1297 est
3131 1251 3190 1297 ut
3234 1256 3387 1297 mens
3434 1251 3708 1299 recurrat.

2118 1328 2255 1396 Quid
2310 1339 2396 1385 est
2446 1331 2589 1387 enim
2641 1347 2737 1401 per
2788 1329 3034 1402 ﬁguram,
3096 1330 3249 1386 Onan
3304 1331 3358 1384 in
3413 1331 3717 1389 solitudine

2121 1420 2290 1491 patris
2337 1420 2520 1476 asinos
2570 1437 2816 1491 pascere,
2866 1422 2967 1476 nisi
3020 1420 3356 1492 Spiritualem
3400 1423 3717 1495 quempiam

2119 1512 2297 1566 virum
2334 1554 2349 1576 ,
2412 1514 2499 1567 cui
2552 1514 2696 1569 Deus
2746 1509 2917 1569 Pater'
2970 1523 3055 1568 est
3086 1557 3101 1581 ,
3164 1514 3438 1584 simplices
3506 1514 3721 1571 fratres

2124 1601 2223 1657 sub
2252 1601 2549 1673 disciplina:
2591 1604 2899 1660 remotioris
2925 1606 3104 1660 studio
3147 1605 3454 1661 custodire?
3487 1605 3553 1660 Et
3580 1607 3722 1676 quid

2123 1694 2286 1767 905
2308 1706 2393 1751 est
2420 1712 2586 1767 aquas
2608 1696 2810 1752 calidas
2833 1698 3097 1762 invenire,
3126 1699 3230 1752 nisi
3259 1698 3313 1752 in
3343 1696 3723 1768 compunctio-

443 1806 633 1846 ornnes
660 1791 776 1845 illas
807 1791 1060 1845 mulieres
1087 1790 1296 1861 accepit
1329 1807 1392 1845 ex
1421 1790 1614 1859 quibus
1644 1788 1780 1843 ﬁlios
1805 1787 2022 1857 genuit,
2058 1814 2101 1874 Β
2128 1790 2210 1844 uis
2238 1790 2522 1860 lacrymas,
2547 1806 2666 1861 qure
2695 1790 2761 1846 de
2792 1790 3003 1848 fervore
3027 1790 3199 1845 sancti
3222 1788 3455 1859 Spiritus
3478 1787 3723 1843 eliciun—

445 1883 523 1938 sie
541 1883 808 1952 quisquis,
826 1883 924 1937 sub
945 1880 1301 1936 dealbationis
1313 1881 1485 1950 gratia
1499 1877 1664 1950 90!;
1678 1877 2028 1941 constitutus,

443 1975 771 2029 fructificare
803 1974 912 2029 Deo
938 1973 1203 2044 spirituali
1231 1971 1559 2027 fecunditate
1585 1970 1855 2024 desiderat
1880 2007 1895 2030 ,
1938 1983 2033 2023 ne-

446 2081 599 2121 cesse
624 2074 707 2120 est
735 2075 792 2119 ut
816 2081 911 2135 per
942 2079 1102 2119 on'me
1132 2065 1274 2135 quod
1304 2063 1417 2135 agit
1452 2063 1518 2118 ad
1564 2058 2031 2130 contemplationis

447 2159 679 2230 gratiam
711 2172 927 2227 semper
952 2157 1156 2212 tendat.

988 2246 1216 2305 CAPUT
1260 2246 1491 2303 XXVIII.

562 2341 715 2408 Quod
746 2340 940 2395 Rachel
963 2356 1149 2394 nomen
1173 2337 1272 2408 lilii
1299 2338 1381 2391 sui
1405 2335 1682 2405 Benjamin
1708 2332 1922 2388 vocarit.

519 2432 842 2504 Egrediente
865 2432 1065 2494 anima,
1086 2428 1285 2485 Rachel
1301 2443 1407 2499 pra:
1429 2427 1632 2493 dolore,
1650 2439 1704 2479 et
1721 2424 2035 2479 imminente

445 2525 559 2596 jam
608 2535 805 2585 morte,
834 2521 1045 2576 vocavit
1089 2534 1283 2575 nomen
1335 2518 1431 2573 tibi
1459 2516 1542 2571 sui
1590 2516 1813 2579 Benoni,
1843 2514 1895 2567 id
1929 2517 2034 2575 cst,

452 2616 598 2685 [ilius
629 2615 825 2668 doloris
852 2614 982 2679 mei;
1024 2623 1177 2683 pater
1209 2626 1338 2667 vero
1364 2609 1649 2681 appellavit
1692 2624 1814 2663 eum
1843 2606 2037 2674 Benja-

452 2707 567 2760 min
587 2748 602 2771 ,
633 2706 684 2759 id
713 2714 795 2760 est
816 2704 954 2772 ﬁlius
982 2698 1233 2758 dealerw.
1253 2702 1356 2757 Per
1384 2700 1585 2756 Rachel
1612 2700 1756 2755 enim
1798 2696 2036 2753 Ecclesia

438 2792 560 2853 'non
589 2796 859 2852 immerito
888 2796 1220 2865 designatur,
1248 2810 1370 2864 qua:
1414 2793 1667 2847 nimirum
1691 2798 1745 2843 et
1770 2790 1835 2843 ad
1867 2789 2037 2843 instar

453 2896 572 2950 ovis
602 2895 917 2947 innocenter
939 2892 1088 2957 vivit,
1113 2900 1167 2946 et
1194 2906 1291 2960 per
1314 2888 1546 2944 studium
1570 2884 2038 2954 contemplationis

456 2985 523 3039 ad
547 2984 826 3038 videndam
844 2981 1216 3050 Redemptoris
1231 2980 1307 3033 sui
1329 2979 1559 3046 speciem
1576 2975 1874 3030 medelldus
1898 2974 2041 3027 inar-

457 3075 650 3138 descit,
680 3073 772 3143 qui
823 3072 889 3128 de
938 3087 997 3128 se
1034 3068 1433 3139 requirentibus
1463 3065 1662 3122 Judwis
1720 3064 1793 3118 ait
1823 3082 1836 3117 :
1875 3080 1893 3114 ι
1924 3062 2036 3131 Ego

2132 1892 2239 1948 tur,
2267 1884 2585 1954 erumpere?
2614 1883 2748 1939 Nam
2786 1894 2841 1940 et
2874 1884 2989 1954 ipsa
3025 1881 3404 1952 interpretatio
3433 1879 3724 1935 nominum

2128 1976 2289 2047 hujus
2320 1977 2503 2046 figura:
2527 1991 2632 2031 non
2656 1974 2853 2048 refugit
2884 1975 3240 2032 intellectum.
3267 1972 3419 2030 Onan
3447 1972 3727 2043 siquidem

2129 2067 2285 2121 dolor
2332 2069 2559 2121 tristitia:
2602 2084 2816 2132 eorum,
2862 2068 2977 2122 sive
3020 2067 3315 2122 mussitatio
3353 2065 3438 2120 vel
3482 2080 3726 2118 murmu-

2131 2159 2265 2212 ratio
2293 2158 2704 2227 interpretatur.
2730 2156 2985 2229 Quisquis
3008 2158 3154 2212 enim
3181 2172 3323 2212 vera:
3345 2154 3728 2224 eompunctio—

2132 2250 2219 2304 nis
2248 2251 2493 2305 tristatur
2518 2251 2724 2316 dolore,
2752 2251 2905 2320 quasi
2929 2251 3029 2306 sub
3050 2249 3286 2322 quadam
3305 2246 3528 2318 querula
3572 2260 3729 2302 mus-

2134 2338 2388 2395 sitatione
2417 2340 2702 2394 adversum
2734 2341 3055 2409 pravitatem
3084 2340 3209 2393 vita:
3236 2353 3346 2393 suae
3374 2349 3727 2393 murmurare

2134 2430 2496 2499 compellitur.
2537 2430 2657 2501 lpse
2696 2431 2895 2502 quippe
2944 2430 2997 2484 in
3045 2433 3301 2500 requitate
3347 2426 3731 2500 principaliter

2135 2530 2285 2585 stat,
2332 2521 2425 2589 qui
2480 2536 2511 2574 a
2556 2520 2785 2589 iustitia:
2830 2522 3153 2577 rectitudine
3207 2520 3354 2574 nulla
3401 2519 3733 2574 necessitate

2136 2620 2356 2666 coactus
2391 2612 2681 2667 exorbitat.
2731 2610 2885 2668 Onan
2924 2627 3053 2680 ergo
3094 2612 3220 2666 dum
3264 2611 3441 2682 patris
3500 2611 3585 2664 sui
3626 2610 3733 2664 Se-

2137 2701 2281 2757 beon
2320 2704 2503 2759 asinos
2552 2713 2822 2775 pasceret,
2871 2720 3041 2776 aquas
3087 2702 3291 2759 calidas
3327 2703 3551 2773 reperit,
3598 2704 3736 2773 quia

2138 2796 2381 2865 quisquis
2403 2812 2461 2852 se
2486 2812 2584 2866 per
2603 2798 2728 2852 vitae.
2758 2781 3133 2854 rectitudinem
3159 2798 3269 2852 Deo
3295 2797 3458 2851 lilium
3483 2798 3733 2864 exhibet,

2139 2901 2204 2941 ac
2230 2888 2293 2942 de
2319 2889 2557 2957 peccatis
2594 2891 2707 2945 suis
2742 2890 3051 2946 medullitus
3094 2891 3258 2955 dolet,
3303 2891 3429 2944 dum
3461 2906 3520 2946 se
3551 2892 3738 2946 reddit

2139 2978 2193 3032 in
2222 2981 2465 3052 pervigili
2512 2984 2739 3038 fratrum
2768 2999 2896 3039 cura
2925 2984 3233 3048 sollicitum,
3275 2983 3457 3038 divino
3505 3000 3738 3039 munere

2139 3070 2368 3140 percipit
2389 3073 2618 3143 gratiam
2648 3073 3031 3144 lacrymarnm.
3058 3072 3190 3128 Nam
3222 3068 3275 3128 et
3301 3073 3455 3128 beata
3492 3072 3581 3126 illa
3607 3088 3738 3143 pec-

455 3166 804 3236 principium,
852 3165 946 3235 qui
1000 3173 1056 3217 et
1105 3162 1296 3231 loquor
1343 3159 1513 3214 vobis.
1549 3178 1566 3208 ι
1612 3158 1715 3211 Per
1759 3154 2036 3224 Beniamin
2066 3162 2113 3225 ο
2143 3159 2314 3212 catt-ix
2346 3162 2495 3229 prius
2522 3162 2683 3230 pedes
2720 3163 2932 3218 Domini
2973 3173 3246 3234 unguento
3278 3163 3552 3233 perunxit,
3579 3172 3740 3233 post-

457 3273 732 3327 vero,qno
757 3265 1014 3311 nascente
1037 3264 1208 3308 mater
1228 3248 1719 3314 emoriturRachel,
1736 3248 2047 3315 designatur

464 3348 684 3411 Patrius,
715 3362 876 3415 quem
905 3345 971 3402 de
1002 3346 1101 3399 hac
1152 3344 1320 3413 stirpe
1359 3341 1629 3397 exstitisse
1660 3352 1817 3393 nemo
1843 3344 1926 3392 est
1955 3333 2045 3404 qui

464 3438 690 3493 dubitet.
721 3438 787 3491 Et
830 3436 1105 3507 Benjamin
1153 3436 1291 3490 bene
1344 3442 1620 3496 nascente,
1660 3439 1833 3485 mater
1876 3428 2047 3483 enmri

467 3527 843 3597 dieitur,quia,
868 3525 1332 3595 appropinquante
1358 3526 1424 3578 ad
1447 3523 1619 3576 lucem
1653 3535 1802 3573 novae
1825 3532 2049 3587 regene-

464 3618 695 3674 rationis
738 3616 919 3679 Saulo,
972 3615 1437 3685 pcrsecutionilms
1487 3611 1729 3666 EetlcSia
1776 3624 1873 3678 per
1925 3622 2048 3660 cum

467 3710 709 3779 graviter
738 3707 1098 3776 impngnatur.
1126 3704 1274 3759 Sicut
1308 3704 1480 3757 Lucas
1505 3703 1557 3755 in
1590 3701 1816 3755 Actibus
1838 3704 2052 3767 aposto-

467 3800 644 3856 lorum
676 3817 690 3852 :
723 3816 740 3849 ι
779 3796 993 3863 Saulus,
1022 3795 1213 3865 inquit,
1244 3794 1556 3849 devastabat
1582 3790 1902 3854 Ecclesium,
1956 3802 2052 3857 per

470 3892 660 3947 domos
690 3889 917 3949 intrans,
959 3895 1013 3942 ct
1040 3886 1260 3940 trahens
1290 3884 1436 3937 viros
1481 3898 1544 3937 ac
1571 3879 1838 3944 mulieres,
1872 3879 2021 3933 tza'le
2040 3907 2054 3919 ο

469 3982 562 4036 hat
596 3983 648 4035 in
688 3978 1007 4036 custodiam.
1040 3996 1059 4029 ι
1094 3977 1335 4045 Congrne
1366 3974 1547 4044 itaque
1596 3970 1796 4026 Rachel
1826 3969 2047 4034 Benoni,

472 4074 528 4128 id
551 4083 654 4138 est,
697 4071 864 4125 lilium
901 4068 1100 4124 doloris
1130 4067 1299 4122 nostri
1322 4075 1499 4130 vocat,
1531 4079 1690 4134 quem
1721 4061 1887 4115 Jaeob
1909 4059 2049 4112 Ben-

464 4164 663 4233 jamin,
687 4163 740 4218 id
770 4173 874 4228 est,
906 4161 1074 4215 lilium
1104 4160 1339 4214 dexterae
1366 4165 1659 4226 nuncupat,
1682 4156 1805 4225 quia
1832 4153 2052 4218 Paulus,

472 4255 567 4326 qui
624 4253 812 4308 matris
841 4251 1095 4307 Ecclesia:
1139 4249 1290 4303 dolor
1326 4248 1626 4311 exstiterat,
1656 4246 1744 4315 qui
1776 4261 1894 4301 eam
1924 4259 2057 4314 quo-

476 4347 781 4409 dammodo,
815 4345 941 4398 dum
968 4351 1302 4405 nasceretur,
1353 4338 1715 4409 impugnanda
1746 4338 1994 4406 peremit,
2025 4353 2055 4393 a

473 4437 589 4492 Deo
614 4436 773 4489 Patre
794 4433 934 4488 {ilius
957 4432 1191 4487 dexterze
1214 4437 1295 4485 est
1320 4429 1635 4498 appellatus,
1662 4428 1786 4480 dum
1814 4442 1911 4496 per
1932 4442 2055 4482 eum

475 4528 662 4583 divina
701 4523 935 4595 potentia
978 4524 1237 4576 adversus
1297 4531 1502 4591 gentes,
1535 4519 1685 4588 quasi
1734 4532 1830 4587 per
1863 4517 2055 4572 fortem
2087 4509 2135 4568 Ι)

477 4633 630 4672 suam
659 4616 955 4673 dexteram,
979 4610 1275 4674 dimicavit,
1298 4610 1582 4664 verborum
1606 4606 1781 4676 jacula
1817 4606 2057 4663 valenter

477 4710 713 4774 intorsit,
740 4707 985 4763 salubres
1004 4706 1245 4762 cor-tium
1264 4704 1458 4781 plagas
1489 4704 1687 4767 intulit,
1712 4712 1768 4757 et
1793 4719 1888 4773 per
1906 4718 2055 4771 eum,

478 4803 707 4859 devictis
730 4813 891 4871 atque
921 4798 1207 4869 prostratis
1232 4797 1497 4861 hostibus,
1522 4811 1642 4850 cum
1667 4795 1835 4865 gloria
1867 4794 2057 4849 trient-

479 4898 686 4970 phavit.
723 4895 856 4951 lline
886 4902 969 4949 est
1003 4890 1142 4963 quod
1168 4890 1305 4945 idem
1334 4888 1532 4944 Paulus
1570 4888 1636 4942 ad
1677 4886 1897 4942 Galatas
1932 4884 2007 4940 ait
2038 4903 2053 4938 :

487 5010 508 5043 ι
544 4990 675 5044 Cum
707 4986 911 5058 placuit
949 4993 1128 5037 autem
1159 4982 1207 5037 ci
1234 4981 1322 5050 qui
1356 4995 1441 5035 me
1476 4978 1777 5050 segregavit
1806 4993 1870 5032 ex
1902 4987 2059 5031 utero

484 5082 679 5137 matris
706 5096 836 5135 mete
862 5087 918 5131 et
945 5074 1159 5131 voeavit
1192 5090 1291 5144 per
1313 5072 1540 5141 gratiam
1570 5087 1743 5135 suam,
1770 5078 1829 5123 ut
1851 5067 2059 5122 revela-

485 5182 570 5228 Iet
598 5170 793 5226 Filium
833 5184 989 5223 suum
1021 5168 1073 5221 in
1107 5180 1210 5229 me,
1240 5175 1300 5217 ut
1328 5163 1753 5235 cvangelizarem
1785 5176 1907 5215 eum
1932 5175 2066 5230 geu-

484 5265 650 5328 tibus,
682 5261 938 5317 eontiuno
990 5274 1096 5313 non
1148 5257 1391 5328 acquievi
1440 5254 1589 5310 carni
1629 5262 1685 5309 et
1730 5252 1995 5322 sanguini.
2037 5271 2056 5303 ι

483 5355 603 5409 Νοιι
635 5368 762 5423 ergo
810 5351 1082 5407 immerito
1113 5350 1251 5404 ﬁlius
1291 5347 1527 5403 dextera:
1579 5344 1779 5400 Paulus
1819 5354 2060 5406 vocatur,

488 5462 589 5518 per
643 5460 802 5515 quem
877 5443 1053 5498 cumis
1119 5442 1357 5513 gentium
1413 5438 1743 5501 multitudo,
1815 5452 1934 5507 (tua:
1999 5436 2064 5490 a.l

478 5537 769 5601 dexteram
796 5536 886 5591 Dei
917 5534 1164 5605 ponenda
1187 5544 1291 5600 est,
1322 5533 1387 5589 ad
1412 5531 1532 5588 fidei
1558 5538 1896 5586 sacramenta
1916 5530 2067 5585 colli-

489 5639 646 5700 gitur.

2151 3250 2368 3304 modum
2418 3253 2747 3309 alabastrum
2797 3256 3051 3326 unguenti
3100 3254 3321 3326 pretiosi
3368 3269 3532 3324 super
3570 3266 3742 3322 caput

2151 3345 2517 3401 recumbentis
2542 3343 2748 3400 eﬂ’udit.
2768 3347 2940 3414 Caput
2965 3345 3165 3401 Christi
3189 3346 3326 3401 Deus
3349 3363 3362 3401 :
3389 3346 3553 3416 pedes
3572 3346 3740 3401 Chri-

2150 3438 2217 3492 sti
2249 3439 2388 3492 servi
2416 3437 2528 3492 Dei.
2567 3437 2718 3493 Sicut
2752 3438 2895 3493 enim
2930 3438 3040 3503 illa,
3070 3438 3196 3491 dum
3227 3437 3548 3492 lmmanitati
3577 3436 3743 3493 Chri-

2151 3527 2222 3582 sti
2251 3526 2500 3596 dependit
2527 3528 2863 3595 obsequium,
2893 3528 2958 3582 ad
2998 3527 3295 3582 divinitatis
3324 3529 3593 3598 attingere
3620 3543 3742 3584 me-

2153 3619 2262 3672 ruit
2308 3618 2666 3685 intellectum,
2689 3620 2767 3675 sic
2808 3619 2997 3675 doctor
3034 3619 3309 3684 Ecclesiae,
3339 3619 3463 3673 dum
3492 3617 3744 3674 membra

2153 3711 2426 3777 custodit,
2484 3711 2910 3782 contemplanda:
2963 3711 3264 3793 divinitatis
3320 3712 3550 3782 gratiam
3612 3726 3745 3787 pcr-

2153 3802 2305 3873 cipit.

2718 3893 2946 3951 CAPUT
3000 3893 3166 3949 XXX.

2251 3997 2523 4052 Descendit
2543 3997 2713 4052 ludas
2744 3999 2797 4053 in
2821 3997 3059 4053 Tlmmna
3095 3999 3165 4051 ad
3188 3998 3478 4053 tondcndas
3509 4014 3647 4052 oves.

2226 4089 2511 4143 Descendit
2552 4087 2716 4143 Judas
2768 4087 2823 4142 in
2867 4088 3110 4143 Thamna
3160 4087 3227 4143 ad
3274 4087 3569 4143 tondendas
3610 4101 3746 4142 oves

2155 4193 2279 4233 cum
2325 4178 2452 4233 llira
2487 4179 2722 4248 opiliune
2759 4180 2938 4250 gregis
2967 4179 3050 4233 sui
3095 4178 3433 4234 Odolamitte.
3462 4177 3747 4232 Thamuas

2159 4279 2339 4326 autem
2384 4271 2634 4339 deﬁciens
2688 4272 3105 4343 interpretatur;
3155 4286 3251 4342 per
3287 4286 3450 4342 quam
3489 4269 3747 4324 videlicet

2159 4377 2451 4435 synagoga,
2484 4364 2534 4418 in
2579 4377 2683 4434 qua
2714 4378 2868 4433 reges
2901 4372 2955 4418 et
2991 4364 3267 4433 prophetae
3307 4361 3639 4424 deiecerant,
3669 4361 3748 4414 si.

2160 4456 2270 4511 mul
2320 4464 2373 4510 et
2416 4456 2617 4517 unctio,
2665 4456 2835 4510 donec
2876 4457 3083 4510 veniret
3124 4454 3209 4508 cui
3257 4451 3553 4522 repositum
3601 4460 3745 4513 erat,

2159 4549 2480 4605 ostenditur.
2532 4548 2686 4603 Unde
2736 4548 2899 4602 etiam
2949 4562 3046 4616 per
3101 4545 3427 4616 Prophetam
3483 4544 3684 4623 dicitur
3731 4562 3745 4597 :

2162 4657 2181 4690 α
2217 4640 2351 4693 Cum
2376 4638 2585 4693 venerit
2613 4647 2833 4693 sanctus
2856 4646 3168 4692 sanetormn
3187 4678 3201 4697 ,
3231 4635 3465 4691 cessabit
3486 4634 3690 4687 unctio.
3723 4653 3745 4683 ι

2158 4731 2296 4795 Quid
2328 4730 2510 4800 itaque
2544 4744 2643 4799 per
2678 4727 2893 4797 Iudam,
2937 4729 3029 4798 qui
3072 4728 3139 4781 ad
3176 4727 3473 4783 toudendas
3517 4741 3648 4780 oves
3692 4725 3750 4779 in

2158 4819 2401 4875 Thamna
2442 4821 2609 4887 venit,
2658 4821 2759 4875 nisi
2812 4820 3139 4891 Redemptor
3184 4829 3371 4875 noster
3407 4816 3751 4886 intelligitur.

2156 4912 2323 4982 906
2348 4912 2440 4982 qui
2472 4920 2529 4965 ut
2556 4926 2704 4975 oves,
2733 4927 2851 4981 quae
2881 4912 3153 4980 perierant
3196 4912 3386 4964 domus
3424 4907 3615 4974 Israel,
3644 4923 3749 4962 ex-

2164 5011 2415 5057 oneraret
2435 5002 2689 5071 peccatis,
2704 5002 2769 5056 ad
2792 5000 3126 5072 Synagogam
3142 5000 3353 5054 venisse
3374 4996 3757 5067 cognoscitur?

2166 5090 2320 5148 Unde
2364 5106 2594 5161 sponsus
2648 5092 2715 5145 ad
2763 5105 3017 5160 sponsam
3069 5090 3125 5145 in
3177 5088 3457 5144 Canticis:
3496 5105 3515 5137 ι
3553 5085 3756 5142 Dentes

2169 5185 2243 5239 tui
2268 5184 2410 5239 sicut
2435 5198 2565 5253 grex
2589 5193 2891 5245 tonsarum,
2933 5198 3053 5253 qua:
3090 5180 3449 5236 ascenderunt
3494 5177 3565 5233 de
3598 5176 3755 5232 lava-

2168 5292 2278 5332 cro.
2317 5296 2335 5328 ι
2366 5274 2525 5331 Venit
2573 5276 2753 5346 itaque
2791 5274 2961 5331 ludas
3000 5275 3068 5329 ad
3110 5272 3406 5329 tondendas
3449 5283 3604 5335 oves,
3642 5282 3754 5324 non

2170 5367 2386 5438 quidem
2417 5366 2583 5431 solus,
2623 5367 2716 5422 sed
2744 5381 2869 5421 cum
2899 5372 3118 5437 pastore
3167 5379 3266 5417 suo
3313 5359 3639 5422 Odolamite,
3665 5357 3754 5412 cui

2173 5475 2366 5516 nomen
2392 5468 2508 5513 erat
2540 5459 2715 5514 lliras.
2744 5458 2881 5526 Quid
2915 5473 3010 5526 per
3039 5455 3418 5518 Odolamitem,
3447 5452 3548 5506 nisi
3588 5449 3758 5505 Joan.

2174 5568 2296 5607 nem
2335 5551 2716 5621 intelligimus?
2762 5551 3149 5619 Interpretatur
3197 5554 3377 5601 autem
3425 5541 3758 5599 Odolamitcs

2175 5646 2527 5700 testimonium
2567 5658 2620 5697 in
2646 5660 2806 5713 aqua.
2834 5640 2967 5695 Cum
2997 5640 3098 5695 hoc.
3127 5638 3283 5709 plane
3326 5634 3632 5692 testimonio
3658 5649 3757 5688 ve-

2179 5736 2257 5790 nit
2302 5734 2558 5789 Dominus
2591 5734 2656 5788 ad
2685 5747 2852 5802 aquas
2890 5730 3247 5805 baptismatis,
3291 5726 3497 5782 habens
3534 5724 3759 5797 quidem
