4078 6336
257 387 368 448 857

1514 393 1913 452 ALEXAND!“
1951 398 1991 452 ll
2035 399 2352 456 DlPLOMA.

3445 406 3548 462 858

262 503 439 573 majus
485 509 536 557 te
569 501 850 556 timoniuin
900 499 1153 564 Joannis,
1201 504 1315 570 sed,
1340 515 1562 575 propter
1606 507 1849 563 infirmas
1879 515 1923 571 Α
1953 511 2246 563 secundum
2278 525 2458 565 semen
2501 514 2748 578 Abranae,
2777 515 2871 569 sed
2900 527 2953 571 et
2973 514 3127 583 juxta
3162 519 3540 589 cognationem

264 606 419 655 Oves,
450 592 552 644 hoc
589 591 998 645 lestimoniouti
1029 593 1280 662 dignatus
1305 605 1386 649 est
1419 596 1469 649 in
1508 611 1667 665 aqua.
1704 596 1858 653 Unde

265 696 390 738 cum
415 682 620 736 videret
643 697 764 734 eum
794 683 858 736 ad
884 681 1135 736 Jordauis
1156 684 1356 739 ﬂuenta
1381 687 1854 756 propinquantem,

265 773 520 846 protinus
542 771 853 826 exclamans
883 773 954 825 ait
984 791 996 826 :
1033 793 1050 823 ι
1089 773 1130 826 Ε
1165 790 1229 828 ce
1256 777 1438 844 Agnus
1469 778 1584 841 Dei,
1617 794 1741 833 ecce
1765 781 1855 847 qui

266 862 407 920 tollit
435 872 652 932 peccata
686 863 890 916 mundi.
929 882 947 913 ι
977 864 1039 917 Et
1065 865 1400 936 Evangelista
1427 869 1550 922 dicit
1585 887 1596 920 :
1629 888 1647 920 ι
1677 869 1856 923 Testi-

267 953 511 1008 monium
539 954 809 1022 perhibuit
839 952 1093 1018 Joannes,
1128 957 1312 1010 dicens
1341 976 1353 1011 :
1379 958 1515 1024 Quia
1543 961 1649 1014 vidi
1680 960 1849 1029 Spiri-

270 1053 384 1098 tum
428 1044 843 1098 descendentem
896 1053 1152 1114 tanquam
1201 1047 1505 1102 columbam
1535 1051 1599 1105 de
1636 1050 1774 1104 cwlo
1802 1059 1858 1104 et

269 1143 579 1189 manentem
623 1134 782 1204 super
810 1149 955 1198 eum,
999 1145 1056 1190 et
1100 1153 1201 1208 ego
1244 1140 1549 1194 nesciebam
1591 1156 1734 1203 cum,
1761 1141 1856 1196 sed

269 1226 360 1296 qui
395 1226 541 1280 misit
575 1243 659 1280 tne
692 1226 974 1298 baptizare
1007 1231 1059 1284 in
1089 1246 1250 1300 aqua,
1282 1233 1370 1288 ille
1409 1235 1538 1288 tuilti
1570 1235 1732 1289 dixit:
1758 1234 1857 1289 Stt-

273 1333 371 1386 pzsr
395 1334 551 1388 quem
591 1319 792 1375 videris
817 1320 1075 1392 Spiritum
1100 1325 1516 1382 descendentem
1541 1337 1597 1382 et
1635 1343 1860 1381 manen-

275 1421 381 1466 tem
433 1427 597 1481 super
621 1427 767 1476 eum,
798 1415 885 1467 hic
915 1425 999 1469 est
1033 1417 1122 1486 qui
1152 1416 1390 1487 baptizat
1419 1418 1470 1472 in
1510 1417 1710 1488 Spiritu
1734 1434 1858 1473 san-

271 1511 380 1559 cto.
416 1523 433 1554 »
465 1504 560 1558 Cui
581 1521 710 1559 sane
741 1507 934 1562 vis’oni
959 1519 1009 1563 et
1041 1526 1232 1564 nomen
1259 1512 1490 1580 pastoris
1518 1512 1659 1566 illius
1685 1513 1851 1582 aptis-

273 1593 408 1648 sime
433 1596 700 1664 congruit.
738 1597 1130 1669 Interpretatur
1165 1603 1309 1656 enim
1343 1602 1520 1664 lliras,
1546 1602 1725 1670 fratris
1756 1605 1857 1656 mei

271 1686 420 1741 visio.
456 1686 582 1741 Erat
604 1688 800 1759 quippe
825 1689 1082 1748 Dominus
1101 1693 1268 1749 frater
1287 1693 1531 1759 Joannis,
1564 1711 1670 1749 non
1698 1695 1857 1749 modo

279 1851 3214 1890 m~~-—‘—_ﬂ—F-.W

1319 1865 2452 1880 -σ-σ-ορι--μυ-σ--σ--αια-σ--υ-

1961 600 2142 656 Maria:
2188 611 2245 656 et
2293 603 2583 657 Elisabetb.
2618 606 2761 659 Vidit
2811 607 2993 676 itaque
3035 606 3272 664 Joannes
3323 611 3548 666 fratrem

1960 707 2114 747 suum
2164 695 2338 748 adhuc
2370 694 2625 749 clausum
2669 696 2720 750 in
2767 709 2938 762 utero,
2986 700 3119 754 vidit
3152 701 3201 754 in
3247 702 3546 771 baptismo,

1961 784 2096 837 vidit
2117 785 2274 838 oculo
2295 786 2476 840 carnis
2500 786 2791 852 hominem,
2821 789 2955 842 vidit
2997 790 3046 843 in
3075 791 3268 860 spiritu
3301 791 3551 858 majesta-

1965 881 2095 928 tem.
2139 875 2293 930 l’nde
2332 878 2613 945 utriusque
2643 878 2800 943 hujus
2862 881 3097 936 hominis
3139 884 3547 953 interpretatio-

1963 982 2110 1029 nem,
2145 966 2302 1054 lliras
2351 969 2632 1032 videlicet,
2665 970 2805 1038 quod
2845 978 2924 1024 est
2958 971 3138 1040 fratris
3169 974 3271 1026 mei
3297 975 3370 1027 ris
3395 991 3455 1037 ο,
3497 983 3552 1030 et

1962 1059 2314 1125 Odolatnitcs,
2348 1062 2489 1131 quod
2521 1070 2678 1116 sonat
2711 1064 3062 1116 testimonium
3109 1065 3160 1116 in
3208 1081 3367 1135 aqua,
3408 1067 3548 1120 idem

1960 1149 2197 1204 Joannes
2235 1153 2333 1204 sub
2364 1151 2524 1205 unius
2575 1153 2858 1207 sententia:
2889 1153 3155 1207 versiculo
3194 1155 3550 1223 comprehen-

1963 1242 2058 1303 dit,
2088 1241 2310 1295 dicens:
2357 1259 2376 1292 ι
2427 1241 2540 1308 Ego
2581 1241 2710 1304 vidi,
2759 1250 2811 1296 et
2859 1242 3228 1296 testimonium
3277 1244 3547 1312 perhibui,

1963 1331 2086 1400 quia
2138 1332 2224 1386 hie
2263 1340 2346 1385 est
2397 1331 2564 1386 Filius
2610 1333 2723 1385 Dei.
2766 1352 2783 1383 ι
2822 1331 3083 1388 Veniente
3129 1349 3259 1404 ergo
3303 1333 3436 1387 Juda
3483 1335 3551 1388 ad

1963 1437 2093 1476 oves
2124 1423 2436 1486 tondendas,
2463 1424 2700 1477 Thamar
2723 1434 2892 1478 mutat
2933 1425 3196 1489 habitum,
3223 1426 3345 1495 quia
3377 1432 3552 1478 mutat

1963 1515 2242 1585 Spirituale
2289 1515 2628 1568 vocabulum.
2684 1515 2920 1568 Thamar
2972 1515 3169 1584 quippe
3221 1524 3548 1568 commntum

1963 1603 2382 1675 interpretatur;
2417 1618 2541 1657 nam
2570 1603 2635 1656 de
2658 1603 2937 1674 Synagoga
2981 1606 3038 1658 lit
3065 1604 3324 1658 Ecclesia.

2281 1695 2363 1750 Sit
2403 1711 2587 1750 nomen
2636 1693 2844 1749 Domini
2884 1696 3226 1750 benedictum.

2457 1865 3524 1896 Μ

1200 2022 2322 2142 ALEXAND!“
2430 2028 2579 2142 II

1669 2254 2136 2331 DIPLOMA

1087 2429 1175 2484 DE
1214 2428 1610 2487 LEGATlONE
1659 2431 1718 2486 S.
1774 2431 1982 2486 PETRI
2028 2433 2312 2489 DAMIANI
2356 2434 2422 2490 ΙΝ
2451 2434 2768 2492 GALLIAS.

1758 2597 2073 2612 ψ

348 2676 709 2750 907-908
738 2676 1086 2739 Acsxmosn,
1130 2694 1306 2732 servus
1352 2695 1615 2734 servorum
1645 2679 1761 2744 Dei,
1791 2679 1855 2736 ϐ.
1889 2687 1936 2746 Β
1967 2697 2136 2745 mum,
2177 2696 2240 2735 ac
2269 2680 2314 2734 si
2353 2679 2574 2750 speciali
2613 2678 2783 2733 nostri
2815 2678 3081 2734 examinis
3128 2677 3293 2734 fuerit
3335 2691 3550 2737 senten-

279 2768 545 2830 Remensi,
579 2769 644 2821 Β.
694 2768 1006 2829 Senonensi,
1064 2768 1130 2822 Β.
1181 2768 1493 2835 Turonensi,
1545 2771 1624 2826 Μ.
1668 2771 1864 2825 Bituri-

279 2862 440 2924 censi,
473 2859 534 2912 T.
558 2859 927 2928 Burdigalensi
957 2861 1376 2932 archiepiscopis,
1405 2864 1625 2918 salutem
1657 2875 1703 2918 et
1739 2881 1865 2934 apo-

280 2950 518 3004 stolicam
551 2951 977 3005 benedictionem.

352 3039 466 3094 Non
524 3042 736 3111 ignorat
787 3051 971 3096 sancta
1015 3049 1192 3096 vestra
1225 3041 1570 3108 fraternitas,
1618 3044 1864 3101 dilectis-

281 3132 423 3194 simi,
451 3134 592 3202 quod
628 3149 692 3186 ex
731 3135 1053 3188 auctoritate
1100 3135 1244 3190 sedis
1292 3137 1618 3206 apostolicae,
1647 3139 1730 3193 cui
1767 3155 1865 3194 nos

283 3226 532 3295 indignos
555 3227 839 3282 clementia
884 3228 1060 3282 divina
1094 3228 1355 3296 przel'ecit.
1387 3231 1549 3284 totius
1587 3231 1862 3286 universa-

281 3319 349 3373 lis
381 3319 636 3374 Ecclesiae
686 3321 952 3390 regendus
991 3338 1052 3374 ac
1100 3323 1463 3390 tlisponendns
1506 3323 1658 3379 nobis
1693 3334 1865 3380 status

285 3411 562 3467 incumbit.
595 3412 855 3478 Quoniam
903 3413 1083 3484 igitur,
1124 3414 1358 3481 pluribus
1383 3415 1737 3470 Ecclesiarunt
1773 3435 1864 3474 ne-

281 3505 432 3573 go:iis
455 3507 728 3574 occupati,‘
744 3507 810 3558 ad
834 3523 917 3558 ves
942 3506 1038 3574 ipsi
1064 3505 1231 3559 venire
1251 3522 1353 3560 non
1374 3522 1674 3578 possumus,
1706 3509 1865 3562 talem

281 3592 420 3647 vobis
450 3595 612 3646 rirnnt
656 3596 918 3649 destinare
961 3597 1277 3658 curavimus,
1315 3615 1414 3667 quo
1463 3599 1707 3652 nimirum
1752 3609 1868 3668 post

283 3699 377 3737 nos
403 3685 570 3753 major
585 3686 636 3738 in
657 3684 885 3739 Romano
917 3683 1150 3740 Ecclesia
1175 3690 1460 3741 auctoritas
1489 3704 1591 3742 non
1614 3689 1865 3743 habetur:

287 3774 498 3830 Petrum
534 3777 765 3831 videlicet
802 3777 1146 3841 Damianum,
1192 3780 1480 3834 Ostiensem
1524 3781 1816 3852 episcopum
1845 3795 1865 3834 :

281 3865 370 3934 qui
401 3866 644 3918 nimirum
677 3876 724 3919 et
765 3877 936 3920 noster
979 3879 1052 3920 es:
1093 3869 1274 3920 oculus
1323 3879 1369 3921 et
1407 3870 1701 3936 apostolici:
1729 3871 1867 3925 sedis

283 3955 546 4009 immobile
576 3959 987 4024 finmtmentunt.
1020 3957 1156 4012 lluic
1187 3959 1365 4027 itaque
1411 3960 1581 4014 vicem
1623 3970 1864 4015 nostram

1966 2774 2038 2828 tia
2071 2772 2486 2842 promulgatum.
2518 2771 2859 2839 Quapropter
2892 2770 3250 2825 venerabilem
3290 2774 3549 2827 sanctita-

1965 2873 2072 2918 tem
2098 2873 2330 2918 vestram
2356 2864 2592 2917 fraterna
2620 2863 2890 2917 charitate
2921 2878 3224 2924 monemus,
3253 2871 3306 2918 et
3331 2862 3548 2932 insuper

1963 2955 2257 3025 apostolica
2309 2954 2460 3008 vobis
2511 2954 2834 3008 auctoritate
2888 2955 3229 3024 praecipimus
3275 2963 3331 3009 ιιι
3386 2955 3547 3010 taleut

1965 3054 2281 3114 tantumque
2325 3045 2521 3105 virum,
2560 3053 2814 3119 tanquam
2862 3053 3104 3098 nostram
3137 3059 3445 3113 personam,
3469 3045 3550 3099 di-

1965 3151 2068 3208 gna
2109 3136 2373 3192 studentis
2403 3135 2689 3191 devotione
2736 3135 3030 3204 suscipere,
3077 3135 3300 3206 ejusque
3332 3147 3549 3190 senteno

1965 3229 2057 3284 tiis
2107 3237 2270 3298 atque
2310 3226 2531 3296 jutliciis
2579 3237 2800 3295 propter
2854 3227 2915 3280 Β.
2965 3227 3130 3290 Petri,
3181 3227 3548 3297 apostolorum

1966 3323 2246 3394 principis,
2291 3319 2648 3375 reverentiam
2698 3319 2972 3374 lmtniliter
3008 3320 3247 3374 obedire.
3295 3317 3550 3387 Quisquis

1967 3415 2112 3468 enim
2153 3414 2292 3468 fastu
2327 3413 2616 3481 superbiae,
2645 3413 2786 3482 quod
2828 3412 2992 3466 absit!
3038 3411 3276 3475 inflatus,
3303 3411 3443 3463 illius
3465 3411 3552 3480 ju-

1967 3505 2106 3560 dicio
2127 3505 2498 3560 contradictor
2522 3502 2601 3556 vel
2625 3504 2944 3558 adversatur
2965 3503 3255 3566 exstiterit,
3286 3517 3455 3570 usque
3481 3501 3551 3555 ad

1967 3599 2182 3667 dignam
2210 3596 2666 3660 satisfactionem,
2696 3605 2932 3649 nostram
2961 3596 3042 3649 vel
3085 3595 3340 3650 Romamn
3370 3592 3552 3648 Eccle-

1966 3690 2060 3744 siae
2086 3689 2314 3759 gratiam
2359 3704 2465 3742 non
2513 3688 2755 3742 habebit.
2810 3686 2944 3753 Quia
2997 3701 3128 3740 vero
3173 3701 3294 3738 cum
3336 3685 3403 3739 ad
3454 3698 3551 3738 vos

1967 3779 2263 3834 Girelmum
2289 3779 2554 3841 u'tisimus,
2583 3778 2760 3831 adhuc
2789 3777 3077 3830 adventum
3110 3775 3314 3846 prtel‘ati
3346 3773 3550 3829 domini

1967 3869 2110 3924 Petri
2145 3885 2242 3924 nos
2283 3869 2574 3937 impetrare
2625 3883 2780 3936 posse
2830 3866 3136 3920 nullatenus
3185 3879 3550 3935 speraretnus,

1967 3963 2214 4016 volumus
2261 3970 2320 4014 ιιι
2361 3961 2405 4014 si
2430 3961 2558 4028 quid
2612 3960 2750 4028 apud
2790 3974 2887 4012 vos
2930 3957 3200 4011 Gircltnus
3241 3956 3442 4024 cmpit,
3481 3953 3552 4008 ad

280 4046 442 4116 pleno
462 4048 583 4116 jure
613 4051 1006 4114 commisimus,
1030 4061 1086 4104 ut
1111 4051 1369 4120 quidquid
1397 4053 1448 4105 in
1477 4053 1578 4106 illis
1597 4055 1862 4121 partibus,
1893 4061 1937 4121 (ζ
1969 4055 2171 4109 domini
2216 4051 2360 4106 Petri
2403 4051 2770 4120 magisterium
2820 4050 3018 4114 veniat,
3043 4057 3099 4103 et
3133 4062 3227 4118 per
3275 4046 3394 4116 ejus
3435 4059 3552 4099 ma-

283 4135 396 4195 Deo
423 4143 736 4206 auxiliante,
779 4146 1048 4211 Sl'tlllClii,
1083 4146 1155 4200 ita
1195 4156 1368 4199 ratum
1403 4155 1648 4203 teneatur
1681 4160 1736 4204 et
1765 4151 1861 4203 fir-

1968 4163 2094 4201 ntnn
2128 4145 2388 4215 quidquid
2421 4143 2686 4214 agendum
2725 4150 2809 4195 est
2840 4141 2954 4195 fiat.

358 4278 434 4332 De
461 4278 560 4333 hac
593 4280 704 4349 ipsa
734 4281 1058 4334 sanetissitni
1085 4281 1374 4336 cardinalis
1401 4282 1690 4336 Galliarum
1723 4282 1992 4350 legatione
2016 4281 2059 4332 ςὲ
2089 4279 2240 4348 plura
2277 4277 2415 4330 scire
2439 4275 2734 4350 (lesideras,
2760 4273 2874 4343 lege
2895 4271 3132 4338 ejusdem
3165 4268 3325 4350 Oper.
3350 4275 3483 4350 ton);
3507 4265 3554 4331 Ι,

282 4346 378 4405 lib.
411 4366 482 4410 rt,
525 4335 680 4418 epist.
710 4351 763 4410 2,
798 4352 826 4403 ti
857 4366 908 4403 et
941 4353 992 4405 5.
1028 4351 1190 4404 Nobis
1226 4335 1444 4421 insuper
1471 4335 1578 4406 non
1613 4365 1694 4405 est
1738 4335 2310 4428 \istim_otnittendtnn
2337 4349 2483 4428 quod
2531 4355 2711 4426 narrat
2745 4359 3058 4428 'atttntyn‘t‘us
3107 4335 3550 4428 ltitttttlt‘gltlligl-IJ:

285 4413 573 4477 niarcwis,
605 4421 660 4474 Β.
697 4422 837 4475 Petri
887 4423 1127 4475 [lamiani
1161 4413 1485 4483 cntetaneus,
1539 4425 1590 4476 in
1639 4433 1870 4475 tractatu
1925 4420 2299 4495 Miraenlorutn
2336 4413 2666 4495 S.___llugoni.s
2709 4415 2940 4495 ιιξιὶιςιιὶις⁸
2967 4413 3355 4495 Chntiaeensis.
3385 4420 3550 4495 prope

285 4491 465 4542 finem.
496 4491 734 4546 (litteras
785 4525 850 4535 -—
878 4493 1246 4546 Nat-rationem
1297 4480 1483 4560 ipsam
1507 4494 1786 4561 legationis
1820 4495 1984 4546 babes
2015 4492 2170 4549 infra.
2201 4506 2320 4542 eam
2352 4489 2472 4543 aliis
2507 4480 2565 4542 S.
2610 4485 2754 4540 Petri
2793 4484 3034 4539 Datniani
3080 4480 3352 4551 opusculis
3383 4491 3558 4548 nuper

286 4561 355 4614 ab
388 4563 817 4620 eminentissimo
848 4566 1106 4620 cardinali
1136 4565 1274 4618 Maio
1297 4568 1529 4636 primum
1563 4564 1808 4636 vulgatis.
1846 4564 2001 4618 Ευιτ.
2032 4561 2270 4616 Parnm.

283 4719 448 4791 909
479 4720 643 4789 910
694 4719 776 4778 De
829 4719 1096 4778 adventu
1144 4719 1317 4780 Petri
1367 4721 1673 4784 Damiani,
1727 4717 2026 4802 Ostiensis
2079 4716 2414 4802 Episcopi,
2465 4714 2548 4774 ad
2577 4711 3037 4802 Cluniae-ensem
3086 4709 3448 4802 crciatum:
3493 4714 3548 4766 et

366 4795 637 4870 qualiter
688 4799 760 4856 Β.
818 4801 1007 4876 [Iugo
1066 4798 1418 4861 indiscreta?
1488 4802 1617 4880 rjas
1670 4791 2145 4877 reprehensioni
2189 4791 2466 4874 congruo
2529 4803 2582 4854 et
2635 4791 2973 4873 sufficienti
3028 4791 3396 4868 satisfecerit
3445 4804 3552 4846 rc-

363 4889 617 4948 sponso.

357 4991 622 5062 Tempore
669 4995 897 5065 quodam
944 5013 1164 5052 necesse
1216 4999 1314 5052 fuit
1363 5011 1553 5054 saneto
1602 5001 1720 5056 viro
1769 5015 1864 5068 pro
1896 4997 1942 5068 ι)
1970 5014 2074 5068 que
2103 4999 2182 5053 sic
2232 4997 2468 5062 attritus,
2501 5005 2560 5050 ut
2596 4996 2681 5050 vix
2725 5003 2906 5064 posset
2939 4992 3169 5046 inveniri
3216 4988 3407 5043 modus
3441 5003 3553 5056 quo

289 5087 501 5141 tuendis
528 5087 649 5141 [iiiis
682 5090 746 5142 ad
773 5089 1066 5144 Ecclesium
1096 5101 1318 5146 matrezn
1349 5108 1656 5156 recurrere,
1683 5101 1736 5147 et
1764 5093 1866 5144 llo-

286 5196 460 5233 mana:
489 5182 629 5232 sedis
654 5183 1008 5250 patrocinium
1040 5185 1324 5237 advocare.
1355 5184 1695 5254 Quapmpter
1719 5186 1867 5240 urbis

286 5269 430 5324 illius
466 5271 725 5340 refugium
761 5283 946 5340 petens
969 5291 1162 5344 magno
1192 5275 1375 5330 labore
1404 5289 1456 5331 ct
1493 5278 1804 5332 diflicultate
1834 5295 1862 5332 τι

285 5358 458 5414 latere.
491 5377 640 5431 pap;e
673 5362 914 5416 avulsmn
965 5365 1246 5418 Dominum
1275 5366 1528 5429 Petrum,
1558 5370 1863 5423 Ostiensem

284 5450 539 5505 videliezt
583 5454 917 5522 episcopum,
958 5467 1316 5524 cognomento
1357 5458 1677 5512 Damianum
1728 5461 1867 5512 obti-

285 5539 407 5594 nuit
437 5557 450 5569 ο
490 5549 545 5593 ut
571 5541 674 5595 sibi
709 5544 928 5598 daretur
954 5560 1050 5610 pro
1083 5562 1276 5616 magno
1316 5546 1472 5600 Petro
1498 5549 1865 5616 prtuliatstrus,

284 5637 342 5683 et
381 5632 723 5685 adversarios
771 5645 1142 5701 prostraturus
1183 5637 1417 5691 mirabili
1456 5655 1549 5690 sua
1584 5639 1864 5707 prudentia

288 5727 454 5788 atque
492 5720 761 5776 facundia.
815 5723 946 5777 Erat
987 5741 1219 5794 namque
1273 5728 1355 5781 vir
1399 5729 1485 5780 ille
1527 5729 1868 5784 abstinentia:

287 5811 578 5882 singulatis
611 5832 728 5881 usu,
757 5826 811 5871 et
841 5816 1139 5872 ferreorum
1168 5821 1501 5874 vinculorum
1540 5836 1678 5875 nexu
1712 5821 1868 5874 undi-

1971 5092 2086 5160 ejus
2134 5090 2378 5158 corporis
2432 5087 2771 5142 imbecillitas
2817 5084 3113 5146 foveretur,
3162 5081 3228 5134 ad
3273 5076 3550 5147 equitandi

1971 5198 2110 5237 onus
2139 5197 2302 5251 grave
2329 5191 2601 5249 utcunque
2634 5177 2970 5232 tolerandum
2996 5192 3006 5238 ;
3033 5182 3109 5236 et,
3135 5173 3259 5243 quia
3301 5169 3404 5224 levi
3437 5167 3550 5236 ple-

1973 5292 2199 5345 rumque.
2248 5275 2503 5329 seandalo
2544 5273 2740 5326 oﬂ'endi
2781 5278 3011 5340 poterat,
3053 5280 3275 5321 necesse
3318 5263 3554 5317 habebat

1972 5384 2114 5438 sccpe
2154 5366 2526 5422 satisfactione
2559 5363 2778 5432 placari.
2805 5361 2885 5415 Ad
2923 5375 3084 5430 qttam
3118 5373 3230 5412 rem
3268 5351 3553 5409 venerabi-

1971 5459 2036 5512 lis
2065 5459 2216 5528 llugo
2248 5459 2317 5511 ita
2343 5474 2400 5509 se
2435 5455 2746 5518 inclinabat,
2777 5461 2834 5506 ut
2864 5451 2980 5519 ejus
3009 5451 3244 5503 animum
3291 5447 3553 5501 reforma-

1975 5559 2057 5603 ret
2086 5551 2151 5603 ad
2193 5547 2660 5617 tranquillitatem,
2705 5560 2768 5597 ac
2815 5545 2856 5598 si
2903 5543 3040 5596 alter
3080 5540 3346 5594 Martinus
3385 5543 3551 5596 esset,

1974 5642 2064 5712 qui
2098 5640 2227 5694 nihil
2249 5645 2462 5710 putaret
2486 5637 2784 5706 indignum,
2811 5635 2952 5704 quod
2983 5633 3262 5688 humilitas
3281 5627 3550 5698 agendum

1977 5730 2245 5785 suaderet.
2297 5727 2429 5782 Cum
2476 5741 2604 5796 ergo
2649 5727 2884 5779 venisset
2917 5723 3233 5778 Cluniae-um
3284 5718 3417 5771 alter
3465 5712 3552 5766 me

1975 5821 2266 5891 Gregorius
2298 5836 2392 5891 per
2422 5819 2740 5890 eloquentia:
2769 5826 3090 5881 ubertatem,
3125 5829 3226 5867 non
3255 5819 3431 5864 tamen
3457 5818 3547 5876 pet
