4078 6336
553 351 662 409 839

1022 355 1079 411 ε.
1120 354 1322 409 PETRI
1353 355 1636 411 DAMIANI
1674 357 1826 414 OPP.
1860 359 2096 418 TOMUS
2127 361 2260 419 εει]
2309 362 2486 420 PARS
2522 364 2606 421 Ill.
2643 396 2712 407 -—
2743 365 3104 423 OPUSCUIA
3144 366 3373 422 VABIA.

3708 346 3851 416 sco"

552 466 861 537 apostolica
888 467 1012 523 vitae
1032 468 1418 539 aequalitatem,
1447 469 1778 540 vidissetque
1820 470 2131 526 bumanita-
2156 472 2442 544 Ajejunii,
2475 482 2680 531 tentate
2706 476 2857 546 prius
2895 464 3183 532 nobiscum.
3218 477 3428 546 pondus
3461 477 3693 541 laboris,
3730 482 3825 533 vel

552 564 662 612 tem
686 566 743 614 et
767 556 1129 626 disciplinam,
1158 559 1473 629 virgamque
1502 567 1560 615 et
1588 559 1835 615 baculum
1876 560 2134 616 contulis-

554 656 658 711 set,
702 647 868 717 coepit
898 646 1105 702 haerere
1143 662 1208 701 ac
1243 656 1478 718 stupere.
1509 648 1746 717 qualiter
1784 650 1956 704 sancti
1987 663 2130 712 esse.

550 747 645 790 aut
684 746 902 792 sanctos
939 739 1283 793 institutores
1311 738 1513 793 habere
1555 748 1796 811 possent,
1831 740 1925 811 qui
1967 741 2134 796 tantis

550 824 890 879 abundarent
914 824 1114 880 bonis:
1152 834 1207 880 et
1249 842 1464 882 rursum
1494 829 1766 897 quomodo
1804 844 1909 884 nou
1953 828 2130 884 sancti

548 928 671 969 esse
694 923 936 984 possent,
964 925 1058 970 aut
1092 915 1293 986 perire,
1315 916 1407 986 qui
1438 925 1549 971 tam
1571 917 1762 971 devote
1797 916 2133 972 sustinerent

548 1015 661 1061 tam
686 1020 850 1076 grave
891 1007 1100 1078 pondus
1136 1006 1359 1070 laboris,
1399 1015 1455 1061 et
1483 1006 1784 1063 custodiam
1816 1006 2131 1061 monasticae

548 1094 871 1164 disciplima.
922 1095 1224 1166 Aliquando
1270 1112 1400 1152 sane
1434 1096 1716 1167 judicabat
1755 1097 1999 1153 ciborum
2038 1110 2133 1151 co-

546 1189 716 1260 piam,
745 1189 1032 1259 aliquando
1061 1187 1360 1243 mirabatur
1380 1189 1523 1243 hanc
1542 1187 1914 1258 jejunantibus
1939 1187 2129 1242 deesse

549 1281 802 1351 gratiam.
834 1295 995 1349 quam
1029 1278 1147 1333 illos
1174 1279 1375 1334 habere
1403 1278 1640 1333 videbat.
1668 1276 2053 1332 Verumtamen
2084 1276 2129 1331 si

548 1367 669 1424 ﬁeri
719 1376 924 1438 posset,
973 1367 1114 1422 sicut
1157 1368 1272 1437 ipse
1316 1368 1552 1435 dicebat,
1594 1376 1654 1422 ut
1690 1376 1922 1436 utraque
1956 1367 2130 1422 virtus

550 1458 874 1514 obedientiae
909 1467 966 1514 et
1008 1457 1352 1513 abstinentiae
1389 1459 1695 1513 sociaretur
1749 1457 1803 1511 in
1847 1457 1960 1521 eis;
2015 1465 2128 1511 tum

545 1545 790 1616 profecto
813 1547 946 1602 nihil
976 1546 1285 1616 apostolica:
1307 1539 1615 1602 defuturum
1638 1546 1977 1616 perfectioni.
2003 1545 2125 1613 Qua

545 1638 616 1693 de
645 1654 704 1693 re
732 1637 1061 1717 conveniens
1082 1639 1339 1692 domuum
1371 1636 1619 1717 abbatem
1653 1637 1976 1692 obsecrabat
2007 1645 2065 1690 ut
2095 1651 2126 1691 a

543 1731 808 1801 sagimiue
836 1715 1047 1787 duabus
1074 1730 1268 1786 saltem
1310 1715 1461 1785 feriis
1490 1745 1550 1784 se
1578 1728 1994 1799 suspenderent,
2031 1728 2123 1797 qui

2234 580 2332 636 per
2365 574 2491 621 octo
2526 566 2735 622 dierum
2777 568 3033 638 spatium,
3081 577 3136 623 et
3180 568 3435 639 deinceps
3468 570 3824 626 aestimabitis

2234 656 2363 725 quid
2411 655 2774 725 adjiciendum
2819 671 3044 712 censere
3086 658 3344 712 debeatis.
3392 656 3525 711 Nam
3567 659 3823 728 quandiu

2232 760 2341 800 non
2372 745 2719 815 gustaveritis
2756 745 3112 815 pulmentum,
3152 746 3362 800 nescire
3399 747 3651 813 poteritis
3681 747 3823 815 quid

2232 837 2417 910 exigat
2450 838 2850 894 condimentum
2895 837 3057 902 salis;
3107 846 3162 893 et
3208 839 3252 892 si
3300 853 3406 892 non
3455 839 3826 893 adhibueritis

2232 928 2419 984 saltem
2450 930 2731 984 minimum
2762 929 2984 1001 digitum
3011 938 3269 993 vestrum,
3301 943 3640 999 nequaquam
3668 924 3824 995 judi-

2231 1034 2359 1076 care
2385 1021 2453 1075 de
2472 1036 2639 1076 onere
2663 1020 2907 1076 fraterno
2933 1021 3186 1084 discrete,
3213 1035 3278 1075 ac
3299 1021 3460 1091 digne
3478 1021 3757 1076 valebitis.
3792 1040 3817 1075 ι

2233 1109 2439 1178 Quibus
2471 1111 2560 1166 ille
2587 1112 2787 1166 auditis
2821 1112 3061 1166 sentiens
3090 1110 3253 1166 fascis
3282 1111 3589 1179 huiusmodi
3622 1112 3823 1183 gravi-

2232 1208 2397 1255 tatem
2443 1200 2556 1254 suis
2599 1200 2807 1255 vir.bus
2852 1200 3286 1269 importabilem,
3331 1203 3565 1255 cessavit
3602 1217 3635 1255 a
3675 1203 3824 1271 peli-

2234 1291 2378 1348 tione
2407 1290 2724 1361 ingravandi
2758 1292 3032 1360 ponderis,
3060 1300 3115 1345 et
3144 1292 3493 1360 semetipsum
3523 1294 3691 1363 coepit
3718 1308 3821 1348 re-

2230 1392 2536 1455 percutere,
2560 1385 2699 1439 uude
2723 1370 3049 1438 aliosterire
3078 1383 3268 1446 voluit,
3298 1383 3425 1452 quia
3456 1385 3713 1454 sagittam
3741 1383 3819 1441 ad

2230 1489 2325 1529 eos
2368 1473 2485 1528 sine
2529 1487 2631 1527 suo
2673 1472 2896 1528 vulnere
2938 1473 3182 1542 nequivit
3212 1473 3465 1542 dirigere,
3500 1472 3823 1544 intelligens

2229 1578 2483 1634 magnum
2510 1577 2632 1617 esse
2651 1577 2877 1632 pensum
2900 1562 3052 1628 illud,
3075 1576 3139 1617 ac
3167 1557 3363 1617 debere
3393 1560 3638 1617 suﬂicere
3662 1563 3823 1633 quod

2229 1654 2633 1724 apprehendere
2661 1653 2774 1723 ipse
2826 1667 2931 1707 non
2958 1662 3167 1724 posset,
3192 1654 3282 1723 qui
3319 1653 3370 1706 in
3406 1660 3559 1707 tanto
3583 1654 3786 1709 videba
3804 1686 3825 1696 -

2232 1755 2320 1802 tur
2347 1755 2493 1802 stare
2517 1747 2779 1800 virtutum
2807 1745 3065 1801 culmine.
3090 1744 3346 1799 Eruditus
3369 1744 3582 1815 itaque,
3612 1748 3822 1815 praesul

552 1822 606 1876 i"
651 1822 866 1877 emeris
897 1830 1007 1876 mm
1038 1821 1264 1892 Ιδθτίθθίί
1298 1832 1481 1876 essem
1514 1830 1575 1876 ¹¹ί
1613 1821 1954 1876 “amorem
1994 1819 2129 1874 nihil
2163 1839 2208 1898 Β
2235 1838 2403 1894 multo
2432 1839 2698 1895 eruditior
2728 1839 2888 1893 rediit
2907 1854 3068 1909 quam
3095 1839 3263 1903 venit,
3296 1854 3661 1909 magnumque
3692 1840 3823 1897 tlte-

546 1913 827 1968 deberent.
861 1912 959 1968 Cui
988 1913 1328 1968 venerandus
1366 1912 1539 1984 Hugo,
1573 1910 1917 1967 discretionis
1944 1921 2131 1964 custos

542 2004 847 2073 egregius:
903 2020 922 2054 ι
969 2003 1056 2065 Si.
1103 2003 1296 2072 inquit,
1348 2002 1512 2057 Pater
1565 2002 1921 2066 charissime,
1962 2000 2129 2055 vultis

543 2095 703 2149 nobis
731 2108 930 2165 augere
968 2109 1226 2150 coronam
1258 2095 1524 2150 mercedis
1569 2110 1665 2165 per
1704 2094 2128 2149 additamentum

2236 1946 2456 1987 sanrum
2490 1930 2755 2001 fugienda:
2780 1928 2956 1983 inanis
2983 1927 3169 1999 gloriae
3200 1936 3256 1982 et
3284 1928 3638 1999 capessendae
3672 1943 3827 1984 verae

2234 2024 2512 2080 humilitas
2537 2035 2722 2078 secum
2753 2021 3070 2091 reportavit.

556 2246 3815 2290 Μ

1790 2359 2047 2438 ACTA
2119 2351 2503 2433 SYNODI

540 2473 896 2549 911-912
931 2471 1006 2533 In
1049 2471 1272 2535 Galliis
1309 2474 1641 2537 celebratae
1678 2490 1710 2535 ε
1750 2435 2037 2533 BTPetro
2079 2467 2394 2551 Damiano
2430 2459 2733 2551 cardine“
2780 2435 3086 2549 episcopo
3107 2456 3412 2529 Ostiensi,
3444 2457 3825 2536 apostolica

672 2541 702 2593 -—
737 2541 895 2549 ⁷ή-
1685 2552 1857 2614 sedis
1903 2550 2135 2629 legato,
2178 2542 2523 2608 Alexandri
2565 2541 2956 2619 lljussione.

579 2664 917 2744 Synodalt's
951 2667 1251 2749 dif/initio
1302 2670 1466 2731 inter
1511 2669 1804 2731 damnum
1838 2668 2166 2749 [lagonam
2210 2661 2490 2749 abbatem
2526 2661 3010 2723 Clunacicnscm.
3045 2666 3104 2720 ct
3136 2657 3423 2719 damnum
3453 2659 3813 2722 Droconcm

1701 2744 2061 2829 episcopum
2095 2744 2612 2806 Mati'sconensem

1935 2862 2336 2880 _————__

606 2920 668 2980 1η
692 2926 910 2985 nomine
934 2939 1134 2985 sancta:
1161 2939 1217 2985 et
1245 2929 1533 2986 individua:
1559 2929 1865 2987 Trinitatis.

609 3017 971 3087 Temporibus
996 3021 1181 3077 domui
1208 3021 1502 3078 Alexandri
1534 3039 1687 3094 pzzpre
1716 3021 2039 3079 universalis
2065 3031 2121 3077 et

537 3113 735 3167 summi
765 3114 1060 3182 pontiﬁcis,
1089 3130 1301 3171 necnon
1328 3127 1589 3188 regnante
1625 3117 1841 3172 Henriei
1882 3119 2124 3189 impera-

544 3203 677 3258 toris
708 3203 818 3258 ﬁlio
856 3204 1116 3272 Henrico,
1151 3223 1276 3278 rege
1304 3223 1437 3264 vero
1471 3208 1807 3263 Francorum
1850 3208 2121 3278 Philippo.

547 3308 637 3348 an.
667 3294 736 3349 ab
760 3295 973 3351 lncarn.
1004 3297 1160 3352 Dom.
1193 3299 1351 3363 1063,
1384 3316 1583 3354 novum
1621 3301 1750 3368 quid
1778 3301 2122 3356 Cluniacensi

545 3385 877 3457 monasterio
894 3387 1142 3458 contigit,
1171 3391 1314 3458 quod
1344 3390 1410 3444 ad
1441 3391 1777 3460 posteritatis
1804 3393 2124 3446 memoriam

542 3472 814 3529 scbedulze
856 3476 1111 3531 duximus
1146 3481 1429 3533 adnotare.
1473 3478 1651 3535 D’rocn
1694 3481 1934 3545 scilicet,
1968 3496 2124 3537 reve-

545 3564 902 3620 rendissimus
932 3565 1188 3622 Ecclesia:
1228 3567 1642 3624 Matisconensis
1679 3571 1983 3641 episcopus,
2027 3572 2124 3626 do-

544 3651 894 3707 mesticorum
927 3669 1148 3709 suorum
1178 3665 1233 3710 et
1257 3656 1528 3726 prmcipue
1552 3657 1876 3712 clericorum
1903 3675 2122 3713 suorum

542 3739 795 3795 suasione
826 3741 1106 3811 pellectus,
1142 3754 1217 3810 et,
1257 3754 1317 3799 ut
1357 3745 1432 3800 ita
1462 3745 1657 3811 fatear,
1696 3749 1778 3803 eis
1805 3747 2010 3817 jugiter
2039 3750 2123 3803 iu-

542 3828 883 3887 sulllantibus
931 3834 1057 3905 igne
1110 3836 1215 3890 diri
1269 3836 1476 3893 l'omitis
1525 3836 1916 3904 inﬂammatus,
1960 3855 2125 3913 super

544 3920 688 3976 idem
717 3925 1108 3980 monasterium
1146 3927 1390 3983 tentabat
1418 3926 1507 3996 jus
1537 3932 1826 3999 potestatis
1851 3932 2121 4001 arripere,

541 4010 826 4083 locumque
840 4014 942 4073 sibi
964 4015 1353 4073 dominationis
1375 4021 1913 4094 quantulumcunque
1934 4033 2124 4080 contra

547 4103 693 4157 sedis
717 4107 1023 4174 apostolica)
1053 4109 1336 4180 privilegia
1367 4111 1660 4168 vindicare.
1695 4115 1936 4171 Vallatus
1966 4117 2125 4187 plane

542 4192 732 4247 cuneis
756 4194 1008 4261 mili:nm,
1038 4196 1267 4266 stipatus
1280 4199 1588 4269 agminibus
1608 4205 2125 4270 armatorum,velut

2145 2933 2191 2995 (ζ
2223 2932 2393 2981 strum
2416 2921 2886 2987 nuntium,eorum
2914 2920 3148 2976 maxime
3169 2921 3259 2991 qui
3285 2922 3472 2977 sanius
3499 2924 3813 2993 sapiebant,

2229 3018 2392 3074 corda
2420 3015 2759 3084 pereelleret,
2790 3022 2845 3068 et
2875 3021 3037 3068 tanta:
3066 3014 3341 3084 religionis
3378 3022 3639 3083 tanquam
3661 3016 3809 3072 cele-

2223 3112 2342 3167 bris
2381 3109 2542 3164 l'amas
2572 3108 2767 3170 locum,
2810 3122 2877 3160 ne
2905 3106 3299 3174 quantumlibet
3329 3122 3359 3160 a
3400 3107 3674 3161 libertatis
3701 3124 3819 3163 sua:

2224 3212 2368 3260 statu
2407 3209 2709 3263 corrueret,
2750 3198 2851 3268 piae
2891 3198 3284 3268 compassionis
3324 3200 3502 3253 studio
3549 3199 3818 3254 formida-

2225 3302 2367 3355 rent.
2394 3294 2539 3348 inter
2566 3299 2792 3346 caeteros
2823 3289 3014 3345 Petrus
3046 3289 3341 3345 Damianus
3388 3288 3659 3346 Ostiensis
3699 3293 3817 3361 epi-

2226 3400 2422 3456 scopus
2453 3400 2509 3440 se
2532 3383 2779 3453 protinus
2801 3382 3013 3447 obtulit,
3037 3397 3264 3451 seseque
3289 3382 3355 3435 ad
3378 3383 3813 3438 subveniendum

2227 3473 2577 3538 monasterio,
2622 3489 2719 3543 per
2767 3480 2875 3526 tam
2930 3472 3093 3544 longi,
3143 3482 3250 3527 tam
3294 3474 3494 3543 asperi,
3534 3482 3646 3528 tam
3689 3474 3816 3530 duri

2225 3566 2439 3620 itineris
2465 3563 2701 3635 pericula
2735 3564 3046 3619 destinavit.
3092 3564 3380 3619 Enimvero
3414 3566 3557 3635 apud
3591 3564 3815 3622 Cabilo-

2226 3671 2452 3711 nensem
2501 3654 2780 3709 civitatem
2820 3670 2887 3727 ex
2932 3655 3255 3710 auctoritate
3301 3656 3612 3725 apostolica
3663 3657 3814 3714 sedis

2223 3747 2489 3820 synodum
2520 3747 2888 3818 congregavit.
2939 3747 3214 3806 nonnulla.
3252 3763 3371 3817 qua:
3411 3762 3696 3818 perperam
3726 3750 3807 3804 vi-

2223 3840 2491 3896 debantur
2507 3854 2629 3894 esse
2651 3846 2990 3908 consumpta,
3014 3839 3289 3894 canonicae
3308 3840 3608 3894 sanctionis
3621 3842 3811 3911 vigore

2224 3932 2497 3996 correxit;
2522 3946 2747 4000 quasque
2783 3931 2983 3999 potuit,
3013 3929 3168 3999 juxta
3213 3930 3604 3985 ecclesiastica:
3650 3932 3813 3986 disci-

2225 4022 2385 4093 plinae
2407 4020 2665 4092 regulam,
2703 4021 2965 4075 servanda
2994 4021 3295 4084 constituit,
3325 4036 3655 4092 causamque
3683 4022 3813 4078 Clu-

2226 4114 2496 4169 niacensis
2511 4112 2847 4174 monasterii,
2863 4126 2962 4182 pro
2978 4127 3081 4180 qua
3104 4112 3405 4182 praesertim
3423 4113 3805 4182 componenda

2227 4205 2542 4269 devenerat,
2574 4203 2752 4258 divina
2789 4202 3082 4257 auxiliante
3114 4201 3398 4256 clementia
3428 4203 3638 4271 optimo
3656 4202 3810 4272 judi-

536 4285 1172 4359 prmdicandigratia,vel
1188 4291 1351 4346 etiam
1361 4290 1553 4361 judicii
1577 4295 1850 4364 synodalis
1871 4297 2117 4363 obtentu,
2151 4301 2197 4360 υ
2223 4295 2377 4352 cialis
2405 4294 2594 4350 calculi
2621 4296 2726 4349 ﬁne
2760 4292 3043 4349 conclusit.
3074 4292 3207 4347 Nam
3246 4294 3299 4348 in
3326 4303 3614 4364 conspectu
3645 4295 3814 4349 totius

538 4373 605 4428 ad
645 4372 703 4429 Β.
752 4375 933 4432 Maioli
986 4378 1317 4436 confessoris
1365 4381 1899 4442 Christi.basilicam
1948 4402 2123 4457 usque

542 4465 811 4533 pervenit,
838 4468 934 4523 sed
961 4469 1328 4526 resistentium
1368 4472 1587 4527 sibimet
1628 4473 1892 4531 infractus
1933 4477 2118 4531 obsta-

539 4555 685 4622 culo,
729 4557 933 4615 intrare
978 4576 1086 4616 non
1128 4563 1322 4632 potuit.
1372 4564 1486 4621 Hoc
1526 4567 1713 4638 itaque
1756 4570 2019 4633 tentabat,
2062 4577 2123 4625 ut

532 4648 724 4719 jugum
754 4653 1084 4709 monasterio
1107 4670 1259 4712 novae
1287 4660 1659 4731 usurpationis
1690 4662 1990 4729 induceret,
2014 4664 2123 4721 sic-

542 4755 650 4814 que
676 4745 1016 4814 postmodum
1051 4763 1120 4804 ex
1160 4751 1447 4808 occasione
1481 4754 1886 4824 quodammodo
1925 4772 2121 4827 super-

540 4839 717 4895 ducta:
752 4840 988 4911 litigaret
1020 4848 1448 4903 consuetudinis.
1481 4848 1633 4905 Tunc
1661 4849 1815 4921 llugo
1838 4853 2123 4908 venerabi-

536 4928 604 4985 lis
629 4930 795 4987 abbas
822 4931 1064 5003 ejusdem
1092 4933 1349 5004 cmnobii,
1374 4936 1630 4993 nimirum
1667 4955 1774 4994 non
1805 4940 1965 4997 modo
1994 4942 2122 4997 reli-

536 5019 743 5090 giosus,
777 5021 872 5078 sed
897 5030 949 5078 et
969 5032 1161 5079 cautus
1186 5032 1242 5080 et
1264 5026 1524 5097 prudens,
1546 5037 1604 5082 ut
1631 5043 1818 5084 revera
1842 5045 2124 5099 possessor

541 5111 831 5180 ingenuus,
848 5113 1036 5186 jugnm
1066 5116 1171 5172 hoc
1201 5118 1482 5188 degeneris
1511 5120 1788 5176 servitutis
1815 5124 2120 5191 exhorruit,

538 5210 596 5255 et
623 5209 877 5273 tanquam
915 5204 1075 5276 leprae
1107 5207 1260 5263 mala:
1291 5209 1698 5265 consuetudinis
1726 5213 1938 5267 noviter
1962 5214 2120 5269 obre-

536 5291 684 5362 penti
716 5292 1110 5351 medicamento
1139 5297 1587 5353 contradictionis
1630 5302 1891 5367 occurrit,
1934 5312 2123 5374 caput-

538 5398 644 5452 que
670 5384 812 5453 quod
847 5385 1173 5442 moliebatur
1202 5388 1413 5460 ingredi
1439 5390 1729 5446 vivacioris
1760 5391 1959 5461 ingenii
1984 5393 2122 5463 pede

538 5476 815 5532 contrivit.
848 5476 1147 5535 Romanam
1181 5481 1367 5552 itaque
1401 5482 1667 5552 synodqu
1705 5483 1936 5556 impiger
1963 5484 2117 5551 adiit,

536 5567 815 5636 querelam
843 5584 998 5624 suam
1028 5586 1211 5627 coram
1239 5580 1432 5629 sancto
1455 5574 1685 5630 concilio
1712 5575 1887 5632 ﬁdelis
1915 5576 2115 5633 relator

541 5659 813 5727 exposuit,
846 5676 991 5741 novo
1027 5661 1272 5734 periculo
1313 5662 1487 5719 sancti
1527 5663 1631 5721 loci
1678 5666 1886 5722 ruinam
1932 5668 2119 5739 procul

543 5748 707 5807 dubio
743 5751 1039 5822 minitanti,
1083 5764 1142 5810 ut
1176 5754 1441 5823 obviaret,
1479 5757 1672 5814 oravit.
1704 5758 1945 5831 Cumque
1990 5760 2120 5817 sini-

2225 4388 2401 4443 sancti
2435 4387 2650 4443 concilii
2688 4386 2884 4442 lectum
2921 4394 3005 4440 est
3033 4387 3423 4441 monimentum
3450 4387 3593 4455 quod
3626 4402 3813 4442 comes

2218 4476 2309 4532 ille
2366 4476 2681 4540 Willelmus,
2729 4477 2939 4547 primus
2989 4475 3094 4532 loci
3151 4475 3434 4540 fundator,
3466 4483 3521 4530 et
3563 4476 3807 4539 oblator,

2222 4566 2479 4632 instituit,
2520 4568 2611 4623 ubi
2656 4568 2908 4623 videlicet
2948 4579 3166 4638 propter
3205 4565 3369 4641 [σοῖν.
3399 4578 3615 4636 przeter.
3650 4560 3839 4640 Mn];

2220 4657 2525 4714 Romanum
2551 4659 2886 4728 pontiﬁcem,
2910 4657 3113 4713 nullum
3139 4658 3252 4727 jus,
3281 4657 3484 4712 nullum
3498 4658 3806 4713 dominium

2219 4748 2521 4817 cuicunque
2553 4747 2885 4813 mortalium,
2920 4747 3003 4802 vel
3034 4748 3258 4803 cuilibet
3293 4762 3517 4817 prorsus
3553 4746 3814 4802 Ecclesia:

2219 4838 2528 4909 dereliquit.
2582 4835 2744 4892 Lecta
2793 4853 3010 4907 quoque
3070 4837 3422 4891 nihilominus
3468 4844 3598 4891 sunt
3662 4836 3813 4892 sedis

2224 4930 2532 5001 apostolica:
2558 4928 2837 4999 privilegia
2858 4929 2925 4983 de
2948 4929 3197 4992 tuitione,
3227 4928 3549 4993 munitione,
3579 4944 3647 4983 ac
3673 4943 3816 4998 pm

2230 5021 2326 5076 fati
2356 5021 2669 5076 monasterii
2704 5029 2961 5092 perpetua
2999 5020 3248 5076 libertate
3271 5036 3369 5090 per
3403 5021 3815 5076 succedentium

2228 5113 2444 5196 sibimet
2468 5111 2835 5167 Romanorum
2864 5112 3176 5183 pontiﬁcum
3217 5112 3619 5168 vicissitudines
3651 5112 3813 5167 insti-

2228 5214 2365 5259 tuta.
2391 5205 2634 5276 lnquisiti
2658 5214 2781 5261 sunt
2804 5220 2993 5261 omnes
3018 5204 3278 5274 episcopi,
3307 5203 3351 5259 si
3382 5202 3665 5273 privilegia
3689 5218 3814 5271 qua:

2223 5296 2529 5359 audierant,
2555 5304 2671 5349 rata
2695 5295 3085 5357 decernerent;
3112 5309 3301 5349 omnes
3332 5307 3438 5346 uno
3464 5308 3560 5347 ore
3586 5305 3811 5371 concor

2222 5384 2365 5439 diter
2384 5383 2760 5449 laudaverunt,
2787 5395 2953 5455 atque
2976 5395 3034 5439 ut
3060 5395 3320 5455 perpetuo
3345 5383 3612 5438 servanda
3640 5392 3810 5453 atque

2221 5473 2425 5528 illibata
2470 5484 2845 5545 permaneant,
2879 5474 3152 5530 communi
3188 5475 3394 5544 judicio
3419 5475 3809 5529 decreverunt.

2221 5565 2307 5631 Et,
2327 5575 2580 5638 tanquam
2610 5585 2718 5623 non
2744 5568 2845 5623 hoc
2869 5569 3133 5639 judicium
3156 5569 3256 5623 sub
3283 5569 3539 5638 praeconii
3563 5584 3813 5622 commu-

2223 5661 2307 5715 nis
2351 5663 2738 5719 acclamatione
2785 5660 3093 5726 sutiiceret,
3158 5661 3365 5715 viritim
3430 5659 3813 5728 unusquisque

2222 5753 2541 5823 consulitur,
2590 5757 2703 5828 ipse
2745 5770 2958 5827 quoque
3004 5753 3415 5811 Matisconensis
3462 5751 3806 5823 inquii-itur:
