4078 6336
1387 367 1676 425 HYMNUS
1713 373 1801 427 DE
1839 373 2092 431 GLORIA
2131 376 2466 434 PABADISI.

266 475 356 543 qui
390 471 646 528 nimirum
668 489 774 530 non
799 475 978 530 minus
996 492 1157 546 quam
1181 478 1360 534 caeteri
1385 493 1574 536 omnes
1602 481 1839 551 episcopi
1869 495 1916 552 Α
1943 496 2159 557 petente
2205 488 2514 545 Matiscensi
2537 531 2554 556 ,
2620 491 2714 547 sed
2757 491 2995 548 ἀοηαηιρ
3045 492 3245 548 domno
3289 491 3525 548 ()sjiensi

264 573 384 621 rata
413 565 695 636 privilegia
729 575 783 620 et
820 566 1113 622 inviolabili
1157 583 1222 624 ac
1266 579 1528 639 perpetuo
1563 569 1688 639 jure
1728 586 1844 626 ser-

263 653 440 709 vanda
470 653 640 708 libere
670 654 880 709 cunctis
904 655 1246 711 audientibus
1283 657 1584 726 proﬁtetur.
1619 659 1686 713 Et
1715 660 1841 728 quia

263 743 320 801 In
343 746 544 800 eisdem
565 745 860 817 privilegiis
890 747 992 802 hoc
1015 748 1156 802 inter
1177 757 1373 803 caztera
1399 750 1499 804 sub
1527 752 1842 807 anathema-

264 833 337 889 tis
360 835 718 890 intentatione
746 846 965 892 cautum
996 845 1100 902 est,
1130 854 1198 894 ne
1223 839 1442 896 cuilibet
1468 841 1842 912 episcoporum

266 923 428 979 liceat
463 924 516 978 in
560 923 768 994 prtefati
809 925 1040 981 coenobii
1073 928 1370 983 monachos
1400 932 1843 986 excommunica-

265 1015 433 1070 tionis
454 1015 796 1088 promulgare
826 1019 1182 1084 sententiam;
1210 1020 1493 1092 episcOpus
1516 1033 1699 1077 autem
1732 1039 1838 1079 non

266 1105 516 1161 absolute
560 1106 662 1177 (sic
715 1121 774 1162 se
819 1108 1180 1182 913-914
1229 1109 1470 1167 funditus
1527 1114 1842 1186 excusabat)

265 1197 843 1251 excontmunicationis
867 1197 1107 1266 jaculum
1146 1200 1348 1265 intulit,
1380 1203 1477 1256 sed
1511 1202 1604 1264 ita,
1639 1212 1696 1256 ut
1722 1218 1846 1272 per-

267 1287 510 1354 hibebat,
545 1288 623 1342 ira
651 1299 974 1354 commotus,
1007 1292 1079 1345 ait
1116 1310 1128 1344 :
1168 1311 1184 1343 ι
1220 1292 1390 1362 Siqui
1418 1302 1545 1348 sunt
1576 1295 1678 1348 mei
1705 1293 1846 1362 juris

167 1423 182 1435 ,
267 1376 320 1428 in
353 1375 444 1429 illo
469 1379 812 1444 monasterio,
840 1394 976 1448 quos
1005 1380 1132 1434 mihi
1161 1381 1318 1436 liceat
1341 1383 1842 1448 exeommunicare,

266 1463 388 1519 illos
416 1468 846 1524 excommunico.
886 1489 905 1520 ι
949 1469 1082 1524 Cum
1114 1471 1277 1541 igitur
1307 1473 1358 1526 in
1403 1473 1501 1528 hac
1533 1489 1843 1528 excommu—

265 1554 541 1609 nicatioue
581 1557 895 1626 prmdictum
933 1560 1267 1630 episc0pum,
1309 1561 1436 1616 licet
1481 1563 1846 1632 ignorantem,

263 1656 452 1702 contra
507 1647 783 1716 privilegia
840 1649 1096 1707 Romanae
1145 1652 1398 1708 Ecclesia:
1441 1655 1848 1724 quomodolibet

262 1735 440 1806 egisse
455 1737 830 1804 convinceret;
859 1740 944 1796 ille
970 1752 1148 1798 autem
1174 1745 1576 1814 privilegiorum
1603 1755 1843 1801 tenorem

1944 578 2198 648 episcopo
2247 589 2639 636 remanserunt.
2687 581 2836 637 lllico
2885 581 3144 651 przefatus
3189 581 3527 638 Matiscensis

1943 669 2226 739 episc0pus
2253 670 2558 739 pavimento
2585 681 2889 740 prostratus
2919 673 3128 726 veniam
3165 673 3338 741 petiit,
3369 688 3516 728 sesc-

1945 773 2051 826 quc
2080 773 2330 827 peccasse
2349 758 2647 824 confessus,
2670 769 2874 830 septem
2902 761 3108 816 dierum
3134 762 3514 830 paenitentiam

1946 847 2000 902 in
2031 864 2168 918 pane
2195 858 2249 905 et
2291 864 2430 918 aqua
2453 851 2794 921 jejunaturus
2823 853 3054 921 accepit.
3079 852 3300 908 Postera
3347 863 3530 909 autem

1947 939 2054 1004 die,
2085 941 2272 995 eodem
2317 953 2505 996 sancto
2535 943 2800 998 residente
2846 945 3078 999 concilio
3104 986 3119 1011 ,
3153 944 3366 1000 clericis
3417 946 3531 999 suis

1946 1044 2147 1085 vesane
2177 1045 2240 1084 ac
2264 1032 2569 1100 procaciter
2613 1033 3020 1098 insistentibus,
3068 1035 3209 1090 idem
3239 1036 3528 1105 episcopus

1947 1122 2104 1190 petiit
2152 1131 2214 1176 ut
2257 1139 2368 1178 sum
2411 1139 2626 1194 quoque
2653 1125 2907 1182 Ecclesiae
2948 1125 3284 1196 privilegium
3316 1129 3456 1198 quod
3496 1143 3528 1183 ιι

1947 1229 2082 1284 papa
2109 1213 2311 1270 dudum
2354 1217 2580 1286 Agapito
2621 1218 2974 1272 constitutum
3007 1217 3198 1278 fuerat,
3238 1219 3525 1290 legeretur.

1947 1305 2003 1359 ιιι
2036 1320 2143 1376 quo
2167 1306 2419 1359 nimirum
2447 1307 2579 1361 nihil
2615 1323 2753 1376 pene
2779 1308 3081 1378 przeterjus
3114 1319 3273 1377 atque
3300 1324 3527 1363 consue-

1949 1399 2184 1454 tudinem
2217 1400 2633 1471 uniuscujusque
2666 1400 2920 1456 Ecclesitc
2973 1400 3258 1456 videbatur
3288 1401 3523 1470 peculia-

1947 1491 2081 1546 riter
2100 1490 2329 1546 'insitum
2349 1532 2364 1554 ,
2397 1491 2487 1546 sed
2516 1492 2656 1562 quod
2685 1493 2934 1548 omnibus
2980 1493 3110 1548 locis
3142 1494 3342 1548 sanctis
3375 1509 3524 1550 com-

1953 1585 2102 1637 muni
2132 1584 2466 1654 dignoscitur
2486 1583 2609 1653 jure
2636 1600 2981 1640 coneessum:
3006 1585 3256 1640 videlicet
3285 1594 3342 1640 ut
3361 1601 3426 1642 ne
3445 1585 3531 1641 vel

1947 1691 2009 1730 ea
2066 1692 2184 1746 quae
2237 1677 2318 1730 sui
2355 1676 2496 1745 juris
2550 1676 2660 1746 jam
2707 1687 2861 1732 erant
2906 1678 2990 1732 vel
3045 1678 3300 1746 deinceps
3349 1678 3530 1735 futura

1949 1777 2124 1833 erant,
2154 1769 2416 1838 quispiam
2445 1769 2711 1823 violentus
2739 1768 3012 1822 invaderet
3037 1809 3051 1832 ,
3080 1768 3173 1822 sed
3206 1783 3298 1821 sua
3342 1768 3524 1821 omnia

263 1842 330 1882 ac
371 1829 566 1883 seriem
614 1845 670 1885 se
711 1831 907 1899 legisse
953 1834 1036 1888 vel
1072 1837 1360 1906 agnovisse
1404 1837 1841 1893 constantissime

1950 1867 2130 1913 rector
2154 1859 2405 1913 Ecclesia:
2432 1857 2485 1913 in
2517 1860 2667 1927 pacis
2697 1874 2759 1913 ac
2789 1858 3194 1928 tranquillitatis
3221 1855 3332 1911 ot'io
3359 1857 3528 1926 possi-

264 1916 631 1986 pr0pulsaret;
669 1921 904 1985 tandem,
929 1933 1118 1978 sancto
1144 1924 1466 1980 decernente
1493 1925 1842 1990 conciliorad

264 2007 407 2060 hunc
447 2007 750 2065 decisiones
785 2010 944 2066 finem
989 2029 1151 2068 causa
1184 2016 1442 2084 perducta
1473 2026 1579 2080 est,
1610 2025 1670 2070 ut
1707 2020 1844 2089 pra:-

262 2094 408 2151 fatus
435 2099 720 2170 episcopus
741 2103 958 2172 propria
991 2121 1151 2159 manu
1182 2122 1345 2175 super
1375 2108 1576 2164 sanctis
1603 2108 1847 2180 Evange-

261 2185 354 2244 liis
383 2194 718 2261 superposita
744 2194 970 2264 juraret,
1007 2198 1195 2267 sicque
1234 2199 1378 2255 sedis
1406 2200 1719 2270 apostolicm
1765 2201 1844 2257 le—

263 2288 388 2350 gato
407 2292 716 2356 sanctoque
745 2287 973 2342 concilio
998 2288 1359 2345 satisfaceret.

719 2377 1017 2433 [ridiculum
1053 2382 1386 2436 sacramenti.

335 2463 553 2528 Audiat,
587 2467 759 2538 inquit
803 2470 1028 2541 (scilicet
1069 2472 1280 2526 Matisc.
1327 2475 1656 2545 episcOpus),
1691 2475 1845 2531 donn-

263 2571 379 2610 nus
411 2556 604 2614 Petrus
656 2560 924 2617 Ostiensis
978 2563 1261 2635 episcopus
1287 2606 1302 2628 ,
1348 2574 1403 2620 et
1443 2567 1620 2621 omnis
1660 2577 1847 2623 sancta

261 2647 500 2717 synodus
531 2689 545 2712 ,
591 2651 715 2719 quia
757 2666 822 2705 eo
875 2652 961 2706 die
1013 2669 1119 2722 quo
1172 2653 1489 2709 Cluuiacum
1544 2667 1848 2712 commotus

265 2736 476 2801 adveni,
506 2755 609 2793 non
650 2741 700 2794 in
742 2750 1054 2812 contemptu
1095 2745 1211 2800 sive
1247 2746 1504 2815 despectu
1533 2748 1676 2800 sedis
1716 2763 1849 2816 apo-

260 2828 489 2892 stolicm,
521 2830 602 2884 vel
637 2832 817 2885 domui
848 2832 1137 2888 Alexandri
1169 2835 1397 2890 Romani
1433 2836 1709 2906 pontificis
1743 2837 1845 2892 hoc

262 2916 368 2987 egi.
397 2928 452 2971 et
471 2920 872 2992 privilegiorum
901 2933 1138 2979 tenorem
1187 2941 1251 2981 ac
1294 2927 1513 2990 seriem,
1547 2941 1667 2996 quae
1693 2929 1850 2982 modo

264 3007 318 3060 in
343 3011 542 3064 nostris
571 3009 790 3067 auribus
824 3013 960 3069 lecta
1001 3025 1158 3081 sunt,
1193 3027 1320 3072 tunc
1350 3018 1418 3072 ad
1452 3018 1716 3087 liquidum
1745 3034 1850 3072 non

263 3101 511 3167 cognovi,
553 3103 634 3158 sic
665 3119 750 3160 me
790 3106 933 3162 Deus
964 3106 1205 3176 adjuvet,
1238 3118 1291 3164 et
1322 3111 1423 3165 ista
1457 3121 1641 3165 sancta
1670 3111 1850 3166 Evan-

1947 1949 2116 2003 deret.
2165 1949 2277 2003 lloc
2321 1950 2500 2018 itaque
2544 1950 2880 2020 privilegium
2936 1963 3123 2004 omnes
3175 1947 3409 2017 episcopi
3466 1946 3519 2000 in

1950 2051 2098 2094 tanto
2121 2042 2349 2095 concilio
2371 2042 2486 2096 sine
2509 2057 2670 2095 causa
2709 2042 2904 2095 lectum
2934 2056 3056 2095 esse
3082 2041 3326 2095 dicentes
3346 2079 3359 2099 ,
3392 2055 3528 2091 uua-

1949 2131 2168 2185 nimiter
2189 2132 2545 2186 decreverunt
2567 2131 2696 2185 nihil
2727 2133 2827 2184 hoc
2852 2128 3204 2198 pra‘judicare
3234 2127 3531 2197 privilegiis

1949 2221 2265 2276 monasterii
2293 2265 2303 2281 .
2332 2237 2452 2291 qua:
2493 2221 2667 2289 pridie
2699 2235 2880 2274 coram
2922 2217 3172 2272 omnibus
3230 2217 3366 2270 lecta
3419 2214 3535 2268 fue-

1951 2323 2074 2368 rant
2108 2333 2119 2367 :
2153 2314 2284 2368 nihil
2320 2315 2562 2369 minuere
2597 2313 2771 2368 dehis
2811 2326 2930 2381 quae
2973 2312 3023 2364 in
3068 2310 3171 2364 illis
3218 2308 3536 2376 legebantur

1949 2407 2016 2462 ab
2044 2406 2354 2477 apostolica:
2384 2406 2527 2459 sedis
2571 2405 2891 2459 liberalitate
2923 2417 3202 2457 concessa.
3233 2400 3322 2456 Sic
3352 2399 3536 2469 itaque

1949 2513 2047 2568 per
2087 2497 2374 2568 synodales
2402 2495 2690 2550 concilium
2722 2502 2975 2564 perpetua
3008 2491 3325 2547 monasterii
3363 2489 3530 2545 liber-

1953 2598 2064 2644 tate
2095 2587 2340 2652 ﬁrmata,
2383 2597 2735 2656 sanctumque
2776 2585 2951 2639 locum
2985 2584 3082 2638 soli
3115 2582 3395 2649 subjacere
3417 2582 3529 2634 Ro-

1953 2697 2125 2736 manae
2175 2678 2431 2734 Ecclesia:
2482 2675 2753 2731 communi
2795 2683 3104 2728 sanctorum
3155 2671 3531 2740 episc0pornm

1951 2771 2316 2826 decernentes
2365 2765 2673 2827 sententia,
2734 2778 2859 2816 mox
2913 2762 3054 2815 inter
3112 2760 3420 2828 episcOpum
3478 2765 3533 2809 et

1951 2860 2197 2914 abbatem
2227 2855 2402 2910 omnis
2433 2853 2818 2910 controversizr.
2843 2849 3060 2920 querela
3091 2849 3318 2918 sopitur,
3350 2845 3531 2899 omnis

1951 2945 2314 3004 animositatis
2359 2953 2523 3014 atque
2554 2941 2759 2997 dissidii
2804 2939 3037 2996 scissura
3069 2934 3412 3004 componitur
3435 2973 3451 2997 ,
3477 2941 3536 2986 et

1952 3038 2095 3095 inter
2123 3046 2412 3105 utrumque
2457 3032 2791 3103 Spiritualem
2845 3028 3094 3083 videlicet
3138 3025 3312 3078 virum
3375 3022 3528 3075 firma

1952 3147 2057 3203 pax
2088 3127 2371 3185 charit-atis
2417 3126 2626 3196 glutino
2667 3123 3012 3177 reformatur.
3066 3117 3190 3171 Haec
3231 3115 3394 3185 igitur
3440 3129 3537 3183 per

262 3189 419 3257 gelia.
465 3191 592 3247 Post
618 3209 745 3248 eum
792 3211 1008 3268 quoque
1052 3210 1285 3269 quatuor
1314 3200 1569 3257 Ecclesia:
1609 3202 1845 3272 ejusdem

1954 3189 2199 3275 ordinem
2236 3217 2386 3272 brevi
2433 3227 2683 3270 sermone
2711 3211 3035 3280 digessimus
3065 3249 3079 3270 ,
3127 3215 3186 3260 ut
3234 3205 3537 3275 purissima:

262 3283 445 3338 clerici
471 3287 524 3340 in
559 3301 851 3357 conspectu
876 3292 1117 3346 omnium
1147 3303 1495 3349 accesserunt
1520 3335 1534 3358 ,
1559 3305 1614 3348 et
1647 3293 1854 3365 jureju-

265 3375 470 3438 rando,
503 3381 643 3446 qnod
671 3379 761 3434 ille
779 3383 1058 3451 juraverat
1086 3426 1098 3448 ,
1133 3399 1298 3455 super
1339 3387 1527 3440 eadem
1559 3387 1850 3457 Evangelia

266 3461 635 3522 ﬁrmaverunt.
671 3469 785 3524 Duo
820 3483 998 3552 autem
1026 3476 1092 3530 de
1118 3479 1424 3546 septenario
1453 3493 1717 3543 numero,
1751 3477 1846 3548 qui

265 3553 333 3608 ad
349 3553 642 3622 jurandum
673 3576 702 3616 a
726 3572 920 3620 sancto
943 3566 1173 3621 concilio
1199 3567 1455 3637 praeﬁxos
1490 3566 1668 3622 fuerat
1692 3606 1708 3632 ,
1736 3581 1844 3621 non

1953 3311 2236 3370 relationis
2284 3309 2500 3372 rivum,
2538 3321 2697 3376 quem
2733 3303 2933 3358 nostris
2970 3298 3304 3368 temporibus
3350 3295 3535 3350 hausi-

1953 3424 2095 3468 mus.
2133 3407 2186 3460 in
2219 3416 2464 3476 posteros
2505 3403 2668 3456 etiam
2717 3415 2813 3461 per
2863 3397 3106 3454 veritatis
3150 3394 3362 3449 alveum
3395 3390 3536 3446 fideli

1948 3499 2141 3573 poculo
2172 3493 2631 3551 transfundamus.

264 3722 3492 3764 ____________________________________._____._.

869 3855 1224 3930 915'916
1279 3873 1712 3953 HYMNUS
1767 3873 1900 3949 DE
1959 3868 2344 3949 GLORIA
2398 3861 2869 3944 PARADlSI

787 4041 961 4104 Petri
994 4043 1307 4117 Damiani,
1345 4041 1691 4106 cardinalis
1721 4041 2057 4116 Ostiensis,
2091 4059 2169 4101 ea:
2199 4038 2387 4100 dictis
2431 4037 2596 4100 beati
2630 4032 2996 4114 Augustini.

267 4301 318 4354 ί.
346 4297 424 4351 Ad
451 4293 702 4366 perennis
725 4292 844 4347 vitae
870 4291 1073 4346 fontem
1099 4305 1250 4345 mens
1276 4290 1446 4345 sitivit
1474 4289 1646 4355 arida,

337 4389 584 4444 Claustra
609 4385 789 4440 carnis
812 4393 1008 4454 prmsto
1031 4383 1204 4454 frangi
1230 4383 1412 4438 clausa
1433 4383 1626 4452 quaerit
1646 4381 1849 4437 anima.

336 4477 548 4542 Gliscit,
577 4474 768 4537 ambit,
794 4474 1061 4530 eluctatur
1084 4474 1235 4528 exsul
1267 4474 1368 4528 frui
1395 4474 1592 4543 patria,

339 4568 478 4622 Dum
509 4565 782 4634 pressuris
809 4580 875 4619 ac
900 4565 1158 4618 mrumuis
1183 4579 1242 4618 se
1264 4567 1430 4634 gemit
1457 4561 1776 4626 obnoxiam;

336 4658 510 4727 Quam
549 4655 734 4710 amisit
761 4672 882 4710 cum
915 4655 1574 4725 deliquit,contemplatur
1601 4654 1850 4722 gloriam.

337 4752 588 4807 Prteseus
619 4751 818 4805 malum
855 4757 1014 4818 auget
1041 4748 1165 4802 boni
1189 4746 1380 4817 perditi
1408 4745 1744 4800 memoriam.

266 4841 322 4898 ἓ.
345 4842 478 4898 Nam
503 4844 622 4913 quis
643 4851 877 4912 promat,
902 4854 1126 4894 summa:
1145 4838 1293 4908 pacis
1315 4845 1512 4907 quanta
1541 4836 1612 4891 sit
1631 4834 1855 4890 laetitia?

344 4935 444 4991 Ubi
475 4936 612 4989 vivis
636 4934 942 5004 margaritis
973 4939 1202 4999 surgunt
1237 4929 1484 4984 mdiﬁcia.

336 5027 487 5082 Auro
503 5026 644 5081 celsa
674 5026 878 5078 micant
901 5031 1064 5084 tecta,
1091 5022 1302 5075 radiant
1332 5019 1600 5085 triclinia;

337 5117 482 5176 Solis
503 5119 734 5190 gemmis
759 5116 1010 5185 pretiosis
1035 5114 1152 5168 haec
1176 5122 1448 5167 structura
1479 5111 1734 5167 nectitur.

338 5210 487 5264 Auro
515 5209 715 5263 mundo
753 5216 1008 5276 tanquam
1041 5205 1182 5258 vitro
1221 5203 1370 5258 urbis
1398 5203 1482 5255 via
1510 5202 1773 5257 sternitur
1799 5219 1814 5256 :

336 5300 508 5357 Abest
536 5298 716 5362 limus,
745 5297 892 5350 deest
925 5294 1103 5355 fimus,
1131 5293 1246 5348 lues
1277 5291 1420 5346 nulla
1445 5291 1706 5346 cernitur.

338 5391 524 5447 Hiems
539 5391 955 5451 horrens,a:stas
967 5397 1176 5440 torrens
1190 5384 1297 5439 illic
1312 5398 1584 5453 nunquam
1601 5382 1850 5438 saeviunt.

336 5479 465 5537 Flos
486 5487 778 5550 perpetuus
815 5490 1061 5530 rosarum
1089 5489 1184 5528 ver
1213 5473 1324 5544 agit
1348 5481 1690 5543 perpetuum.

262 5567 325 5631 ὅ.
344 5568 594 5627 Gaudent
618 5568 748 5629 lilia.
768 5565 1005 5620 rubescit
1031 5580 1246 5628 crocus,
1271 5568 1428 5618 sudat.
1451 5562 1778 5618 balsamum.

345 5660 534 5716 Virent
558 5666 732 5729 prata,
757 5665 988 5712 vernant
1021 5665 1159 5721 sata,
1192 5656 1292 5711 rivi
1326 5655 1502 5711 mellis
1530 5653 1778 5718 influunt,

344 5752 750 5826 Pigmentorum
776 5749 950 5823 spirat
977 5749 1133 5815 odor,
1163 5749 1341 5820 liquor
1363 5756 1418 5804 et
1442 5755 1776 5812 aromatum;

1874 4294 1923 4353 D
2020 4288 2263 4342 Pendent
2293 4299 2449 4354 poma
2486 4281 2797 4335 ﬂoridorum
2832 4294 2936 4332 non
2986 4277 3200 4347 lapsura
3231 4289 3534 4330 nemorum.

2027 4377 2144 4432 Non
2175 4375 2406 4429 alternat
2444 4373 2567 4425 luna
2598 4371 2764 4434 vices,
2794 4369 2893 4434 sol,
2926 4368 3006 4421 vel
3037 4381 3229 4422 cursus
3253 4365 3490 4420 siderum
3520 4379 3536 4418 :

2025 4469 2210 4536 Agnus
2234 4474 2317 4520 est
2341 4463 2516 4518 felicis
2540 4461 2688 4516 urbis
2715 4460 2895 4514 lumen
2923 4457 3290 4513 inocciduum.

2026 4558 2144 4614 Nox
2171 4567 2222 4613 et
2249 4566 2458 4626 tempus
2483 4554 2680 4608 desunt
2716 4553 2791 4616 ei,
2824 4551 2965 4606 diem
2995 4550 3099 4604 fert
3127 4549 3465 4606 continuum.

2029 4651 2162 4705 Nam
2194 4659 2248 4706 et
2267 4649 2437 4706 sancti
2462 4661 2677 4717 quoque
2703 4645 2850 4700 velut
2875 4643 2954 4699 sol
2981 4642 3267 4712 praclarus
3290 4640 3536 4704 rutilant,

1961 4741 2010 4797 ι.
2037 4741 2163 4796 Post
2202 4739 2532 4808 triumphum
2565 4736 2809 4792 coronati
2846 4743 3031 4789 mutuo
3074 4731 3430 4802 conjubilant,

2027 4835 2094 4890 Et
2122 4832 2376 4904 prostrati
2409 4845 2614 4900 pugnas
2644 4828 2818 4882 hostis
2844 4825 2959 4896 jam
3009 4825 3182 4880 securi
3221 4826 3535 4884 numerant;

2029 4925 2184 4982 Omni
2217 4923 2336 4976 labe
2358 4920 2626 4983 deftccati,
2663 4919 2846 4974 carnis
2877 4915 3012 4972 bella
3044 4914 3310 4970 nesciunt.

2027 5016 2168 5072 Caro
2209 5012 2349 5068 facta
2399 5009 2720 5080 spiritualis.
2751 5017 2806 5062 et
2833 5021 2983 5060 mens
3014 5018 3177 5058 unum
3205 5001 3463 5056 sentiunt.

2027 5107 2166 5162 Pace
2197 5105 2363 5160 multa
2391 5102 2518 5173 perf
2519 5109 2758 5163 ruentes,
2797 5096 3052 5153 scandala
3079 5111 3183 5149 non
3212 5091 3487 5165 perferunt
3515 5107 3534 5148 :

2029 5197 2372 5254 Mutabilihus
2397 5192 2564 5256 exuti,
2599 5199 2846 5260 repetunt
2869 5190 3156 5259 originem,

2029 5291 2095 5346 Et
2121 5301 2441 5362 prmsentem
2468 5286 2712 5345 veritatis
2743 5281 3177 5352 contemplantur
3203 5276 3462 5348 speciem,

1958 5383 2010 5438 5.
2034 5381 2170 5437 Hinc
2202 5383 2416 5436 vitalem
2439 5379 2544 5434 vivi
2576 5377 2738 5432 fontis
2767 5373 3026 5430 hauriunt
3056 5369 3417 5425 dulcedinem.

2029 5475 2156 5530 lude
2187 5482 2389 5530 statum
2419 5485 2635 5542 semper
2663 5468 2824 5522 iidem
2857 5472 3116 5519 exeuntes
3142 5461 3390 5532 capiunt;

2028 5565 2196 5630 Clari,
2221 5564 2407 5626 vividi,
2431 5560 2677 5632 jucundi,
2703 5558 2862 5613 nullis
2897 5563 3080 5626 patent
3105 5553 3321 5608 casibus
3355 5569 3368 5604 :

2031 5660 2242 5713 Absunt
2271 5655 2444 5711 morbi
2475 5667 2690 5722 semper
2720 5650 2886 5715 sanis,
2920 5655 3172 5704 senectus
3191 5641 3500 5715 juvenibus.

2033 5748 2167 5805 Hinc
2193 5760 2430 5818 perenne
2455 5753 2638 5801 tenent
2665 5758 2804 5810 esse,
2831 5757 2952 5796 nam
2979 5735 3210 5793 transire
3241 5731 3456 5787 transiit
3480 5748 3496 5786 :
