4136 5308
401 292 509 356 865

1389 311 1447 366 S.
1486 312 1691 369 PETRI
1743 315 2026 372 DAMIANI
2065 316 2228 373 [TER
2267 311 2640 377 GALLICUM.

3545 325 3651 382 806

413 509 3662 564 WE:—

1069 667 1246 776 DE
1310 667 1914 783 GALLICA
1989 672 2984 788 PROFECTIONE

889 920 1484 1036 DOMNI
1631 928 2203 1040 PETRI
2335 929 3158 1047 DAMIANI

1228 1137 1331 1197 ET
1385 1139 1569 1200 EJUS
1603 1137 2272 1201 UL'I‘RAMONTANO
2307 1139 2634 1202 lTlNERE
2671 1143 2816 1222 (31).

1030 1465 1315 1508 PROLOGUS.

452 1561 504 1617 Ι.
534 1560 828 1618 Catholica:
857 1563 978 1618 ﬁdei
1006 1562 1357 1621 fundamento
1383 1566 1690 1622 balbutiens
1730 1568 1959 1625 solidata

375 1657 684 1722 rusticitas,
738 1657 985 1713 facunda)
1031 1660 1134 1713 sibi
1187 1661 1509 1716 urbanitatis
1560 1665 1958 1733 quodammodo

372 1747 665 1818 participat
690 1748 910 1816 prmmia
932 1789 947 1812 ,
977 1757 1031 1802 et
1054 1749 1241 1803 inculti
1283 1753 1550 1807 sermonis
1591 1755 1917 1824 conscriptio
1941 1797 1956 1821 ,

368 1833 663 1892 luculenta:
691 1839 974 1908 scriptura:
1002 1841 1267 1895 mercedis
1305 1843 1408 1895 sibi
1462 1844 1695 1898 vindieat
1737 1847 1960 1914 partici-

364 1929 551 2004 pium,
581 1932 704 2000 quia
748 1931 903 2002 cujus
955 1933 1200 1988 doctrina
1250 1936 1494 1992 excelsos
1550 1938 1955 2006 Scripturarum

363 2035 589 2080 montes
635 2041 760 2080 eum
813 2027 990 2081 cervis
1019 2029 1202 2097 nequit
1239 2029 1582 2097 ascendere,
1629 2038 1801 2084 tutum
1853 2031 1955 2085 sibi

362 2130 496 2174 cum
526 2119 714 2173 ericiis
743 2119 793 2173 in
819 2119 1005 2172 lmtnili
1032 2130 1181 2187 petra
1213 2120 1357 2175 valet
1386 2120 1653 2191 refugium
1684 2137 1959 2190 praepara-

361 2222 454 2264 re.
479 2208 751 2265 Balbntiat
783 2211 946 2281 igitur
976 2221 1163 2266 nostra
1195 2213 1491 2276 rusticitas,
1518 2214 1954 2282 quandoquidem

361 2298 502 2354 ntihi
529 2316 636 2353 non
659 2301 811 2355 adest
841 2301 1071 2355 facunda
1113 2303 1426 2367 urbanitas,
1453 2314 1528 2368 et,
1563 2304 1606 2358 si
1644 2304 1810 2373 polito
1841 2321 1955 2359 ser-

359 2404 532 2444 mone
563 2406 819 2460 perorare
840 2407 1074 2462 nequeo,
1107 2393 1474 2464 qualicunque
1516 2395 1677 2450 modo
1721 2394 1952 2450 audeam

360 2480 452 2537 vel
480 2483 699 2538 mutire.

893 2551 1122 2624 Explicit
1160 2555 1427 2625 profugus.

434 2640 492 2695 2.
535 2640 614 2696 Ad
659 2643 952 2697 multorum
1004 2646 1187 2711 itaque
1224 2646 1637 2701 :editicationem
1676 2648 1950 2704 credimus

355 2727 748 2799 profuturum,
797 2732 840 2785 si
880 2732 1001 2785 ﬁdis
1051 2732 1352 2788 litterarum
1407 2735 1653 2788 tradatur
1706 2737 1946 2807 apicibus

1990 1477 2040 1536 Δ
2071 1457 2320 1510 mebatur
2347 1457 2612 1522 angariis,
2668 1455 2868 1512 nullum
2902 1458 3011 1512 Deo
3064 1459 3394 1517 sacriﬁcium
3435 1463 3651 1522 Israeli-

2067 1546 2204 1599 ticns
2262 1546 2488 1615 populus
2553 1546 2747 1614 legitur
2803 1549 3085 1603 obtulisse.
3151 1553 3354 1609 Divinis
3415 1573 3578 1627 namq
3603 1577 3650 1613 τε

2063 1629 2273 1702 Moyses
2304 1636 2525 1688 vocibus
2547 1636 2822 1690 intonabat
2852 1653 2865 1689 :
2894 1637 3136 1700 Dimitte,
3165 1641 3338 1709 inquit
3362 1644 3639 1712 Dominus,

2059 1728 2308 1796 populum
2344 1745 2532 1793 meum,
2569 1739 2620 1782 ut
2654 1729 2909 1798 sacrificet
2943 1733 3069 1784 mihi
3119 1733 3171 1786 in
3219 1735 3438 1789 deserto.
3474 1739 3642 1794 lixeat

2061 1817 2311 1884 igiturde
2340 1817 2594 1888 Egypto,
2623 1829 2677 1872 nt
2709 1822 2902 1873 divina:
2947 1823 3224 1878 servitutis
3268 1827 3439 1892 possit
3480 1830 3635 1883 exni-

2059 1905 2191 1960 bere
2220 1907 2611 1971 ministerium;
2645 1908 2791 1961 nulla
2829 1911 2965 1962 enim
3003 1914 3270 1966 conventio
3298 1913 3492 1970 Christi
3516 1933 3635 1971 cum

2058 1993 2258 2060 Belial,
2290 1997 2434 2050 nulla
2462 2000 2683 2050 societas
2712 1999 2818 2053 luci
2856 2001 2924 2053 ad
2953 2003 3207 2056 tenebras.
3248 2005 3461 2061 Pharao
3484 2021 3632 2072 vero,

2057 2090 2378 2143 verberibus
2399 2092 2716 2160 castigatus,
2762 2101 2819 2147 ut
2858 2093 3033 2148 abiret
3067 2095 3293 2164 populus
3332 2100 3640 2166 acquievit;

2057 2179 2149 2231 sed
2179 2188 2236 2232 ιιι
2273 2195 2301 2233 a
2342 2195 2454 2234 sua“:
2485 2184 2768 2249 potestatis
2802 2183 3039 2237 dominio
3086 2200 3182 2253 per
3220 2187 3490 2257 integrum
3539 2191 3638 2246 tri-

2053 2265 2222 2320 duum
2264 2279 2636 2337 separaretur,
2679 2272 2842 2324 cruda
2878 2272 3128 2340 superbia
3165 2276 3398 2330 tumidus
3430 2277 3640 2333 refuta-

2055 2357 2164 2420 bat,
2195 2359 2320 2426 quin
2345 2359 2596 2412 inimicus
2627 2359 2735 2422 ille,
2761 2360 2852 2429 qui
2881 2375 2978 2429 per
3009 2361 3345 2417 Pharaonem
3384 2365 3637 2437 intelligi-

2055 2456 2162 2512 tur,
2200 2464 2305 2502 non
2332 2448 2444 2502 vult
2471 2465 2568 2502 nos
2603 2465 2699 2518 per
2729 2451 2997 2520 integrum
3032 2452 3266 2505 triduum
3290 2455 3357 2507 ab
3383 2469 3450 2509 eo
3475 2471 3640 2526 sepa-

2053 2538 2183 2590 rari.
2209 2538 2314 2590 Atil
2342 2538 2484 2590 enim
2511 2539 2832 2607 operatione
2851 2579 2866 2601 ,
2897 2550 2988 2592 aut
3018 2539 3318 2605 locutione,
3353 2547 3636 2600 autetiam

2053 2626 2412 2695 cogitatione,
2464 2627 2592 2680 lutei
2643 2629 2824 2695 operis
2875 2627 3144 2694 ardiﬁcia,
3201 2639 3255 2684 et
3305 2631 3349 2684 si
3381 2645 3488 2686 non
3527 2634 3636 2699 igni

2051 2717 2326 2781 obnoxia,
2381 2733 2594 2786 semper
2653 2727 2711 2771 ut
2770 2728 3154 2772 eonstruamns
3208 2719 3461 2788 imperat.
3527 2723 3635 2776 Sed

357 2816 603 2885 qualiter
667 2820 750 2872 vir
817 2822 1296 2876 reverentissinms
1359 2823 1548 2877 Petrus
1607 2824 1944 2890 Damianus,

2053 2807 2266 2862 lsraetis
2296 2809 2577 2871 liberator,
2611 2807 2831 2878 JEgypti
2863 2810 3125 2863 servitute
3162 2810 3406 2878 deposita
3427 2850 3442 2875 ,
3489 2811 3632 2867 Pha-

356 2903 634 2960 Osticnsis
662 2906 969 2976 cpiscopus,
998 2922 1095 2975 pro
1123 2923 1254 2977 pace
1277 2909 1648 2964 Cluniacensis
1683 2921 1948 2966 monaste-

353 2993 428 3048 rii
462 3008 520 3047 se
552 2994 723 3061 ipsum
755 2998 1080 3066 postposuit,
1110 3008 1161 3050 et
1197 3012 1294 3066 pro
1326 2998 1468 3052 illius
1496 3010 1697 3052 sanctae
1721 3016 1950 3071 congre-

351 3084 598 3155 gationis
626 3085 809 3154 quiete
840 3103 899 3141 se
942 3089 1104 3142 morti
1137 3088 1418 3143 ultroneus
1452 3091 1691 3142 tradidit.
1731 3090 1951 3145 Clunia-

349 3191 520 3231 cense
543 3177 806 3246 siquidem
835 3180 1222 3234 monasterium
1247 3181 1315 3234 ab
1340 3180 1456 3250 ipso
1481 3197 1589 3233 sure
1619 3179 1948 3236 fundationis

350 3264 546 3327 initio,
581 3265 653 3318 ita
694 3265 875 3319 nativa
923 3276 978 3320 et
1031 3282 1221 3322 secura
1270 3268 1518 3323 libertate
1569 3277 1784 3322 constat
1827 3284 1947 3324 esse

345 3354 693 3410 liberrimum
714 3396 730 3421 ,
765 3365 843 3420 ut,
881 3367 1078 3427 prmter
1102 3358 1404 3412 Romanum
1434 3359 1743 3427 pontificem
1767 3401 1780 3424 ,
1814 3360 1942 3416 nulli

346 3446 744 3502 ecclesiastica:
770 3447 856 3502 vel
892 3448 1141 3501 saeculari
1180 3463 1424 3517 personre
1456 3449 1649 3502 debeat
1672 3465 1792 3502 esse
1818 3450 1946 3503 sul:-

342 3540 620 3612 positum;
674 3539 855 3593 divina
902 3540 1109 3594 sriiieet
1151 3541 1473 3610 disponente
1519 3541 1840 3606 clementia,
1886 3550 1946 3596 ut

343 3647 458 3700 quo
481 3629 710 3699 alicujus
740 3639 968 3684 terrente
998 3632 1349 3700 subjectionis
1390 3634 1626 3702 pondere
1655 3632 1938 3703 levigatur,

342 3734 413 3776 eo
444 3718 642 3774 divina:
671 3719 918 3772 servituti
952 3719 1161 3788 plenius
1195 3721 1551 3790 mancipetnr,
1577 3731 1629 3773 et
1655 3737 1763 3790 quo
1788 3737 1943 3774 mun-

343 3811 510 3865 dana!
565 3807 786 3861 factioni
835 3825 941 3862 non
993 3811 1264 3877 reperitur
1318 3811 1656 3875 obnoxium,
1712 3827 1778 3865 eo
1827 3827 1944 3866 mo-

345 3901 579 3954 nasticae
607 3897 958 3966 professionis
988 3914 1212 3968 peusmn
1252 3901 1430 3953 valeat
1471 3903 1740 3970 integrum
1785 3904 1942 3958 exhi-

344 3988 505 4044 bere.
536 3986 675 4041 Vere
702 3985 896 4042 nobilis
921 3996 974 4041 et
1005 3987 1234 4053 ingenua
1276 3987 1476 4041 Christi
1518 3989 1784 4053 servitus,
1823 4005 1942 4057 qua:

345 4090 583 4135 terrena“:
628 4079 906 4132 servitutis
961 4077 1167 4131 nullum
1222 4078 1429 4148 patitur
1483 4078 1936 4134 contubernium!

2055 2899 2236 2951 raonis
2267 2897 2495 2967 imperio
2515 2898 2792 2961 derelicto,
2821 2899 2933 2951 vult
2963 2915 3062 2953 nos
3089 2900 3264 2953 triduo
3290 2901 3358 2954 ab
3388 2917 3452 2954 eo
3476 2917 3635 2970 sepa-

2052 2989 2184 3054 rari,
2221 2999 2275 3042 et
2304 2991 2354 3042 in
2384 2991 2673 3043 solituzine
2701 2989 2786 3042 illa
2819 2990 2920 3043 sibi
2947 2989 3262 3053 sacriﬁcari,
3298 2993 3350 3045 in
3377 3010 3478 3061 qua
3507 3010 3635 3062 pio-

2050 3081 2337 3148 phctarum
2371 3081 2458 3134 iile
2486 3082 2736 3144 eximius,
2761 3082 2874 3151 qui,
2906 3083 2958 3136 in
2984 3083 3147 3154 regali
3178 3084 3296 3135 aula
3324 3087 3551 3153 positus,
3579 3095 3635 3140 et

2048 3183 2114 3220 ex
2154 3178 2421 3238 potestate
2467 3170 2767 3224 Pharaonis
2813 3182 3039 3238 exutus,
3093 3188 3316 3226 manens
3368 3174 3624 3231 dicebat:

2050 3255 2186 3310 Ecce
2210 3258 2447 3326 elongavi
2474 3258 2696 3327 fugiens,
2728 3261 2899 3313 πιαιιεί
2926 3264 2981 3313 in
3010 3260 3320 3318 solitudine.

2116 3349 2170 3401 5.
2212 3346 2550 3405 Venerabilis
2580 3350 2761 3418 itaque
2807 3350 2894 3404 illa
2932 3351 3308 3407 Cluniacensis
3339 3367 3632 3424 congrega-

2050 3436 2144 3498 tio,
2176 3436 2228 3488 in
2260 3453 2364 3505 qua
2409 3438 2540 3492 nihil
2578 3439 2858 3493 servitutis
2893 3439 2994 3494 sibi
3046 3441 3281 3495 vindicat
3325 3443 3626 3514 1E3yptus,

2047 3527 2252 3580 nullum
2285 3528 2351 3581 de
2383 3529 2559 3584 triduo
2589 3528 2799 3582 Pharao
2829 3528 2930 3582 sibi
2961 3529 3154 3582 retinet
3181 3531 3624 3601 diem,.quantoa

2039 3620 2170 3689 jugo
2203 3630 2433 3674 terrente
2467 3621 2851 3676 dominationis
2886 3632 2968 3677 est
2997 3623 3163 3676 libera
3189 3664 3204 3686 ,
3253 3634 3401 3682 tanto
3433 3625 3628 3681 melius

2047 3712 2180 3764 vivit
2238 3712 2453 3766 devota.
2513 3713 2620 3766 Sed
2666 3714 2922 3782 antiquus
2970 3714 3058 3768 ille
3108 3716 3274 3768 totius
3319 3717 3632 3770 sanctitatis

2047 3804 2318 3867 inimicus,
2345 3804 2504 3874 hujus
2528 3803 2630 3857 loci
2661 3816 2861 3857 sanctm
2893 3803 3138 3858 invidens
3161 3804 3632 3874 Iibertati,quem—

2045 3896 2169 3948 dam
2201 3906 2390 3949 contra
2419 3911 2542 3949 eum
2583 3897 2895 3964 episeOpum
2934 3896 3046 3948 suis
3080 3894 3318 3948 stimulis
3363 3894 3629 3951 incitavit.

2045 3985 2220 4038 Droco
2239 3986 2349 4054 (5‘2)
2377 3985 2664 4052 siquidem,
2695 3985 3102 4038 Matisconensis
3126 3984 3372 4038 ecclesia:
3400 3986 3625 4054 pnes-nl,

2047 4077 2100 4130 in
2135 4077 2360 4143 prtefato
2382 4075 2674 4129 venerabili
2715 4075 3067 4137 monasterio,
3099 4075 3299 4128 illicitae
3327 4077 3428 4132 sibi
3477 4086 3632 4142 pote-

343 4169 601 4236 Quandiu
631 4167 776 4222 enim
808 4168 906 4222 sub
932 4167 1213 4222 Pharaone
1243 4166 1341 4220 luti
1384 4176 1434 4222 ct
1485 4166 1760 4236 palearum
1812 4183 1939 4224 orc-
1968 4165 2012 4226 C
2043 4166 2204 4222 statis
2228 4168 2316 4234 jus
2345 4165 2617 4236 quoddam
2652 4164 2893 4218 tentabat
2943 4165 3183 4232 arripere
3207 4206 3220 4229 ,
3270 4175 3326 4219 et
3374 4167 3626 4220 indebitae

424 4321 538 4394 (3t)
573 4318 775 4394 Prodit
810 4321 919 4394 hoc
968 4318 1288 4388 opusculum
1348 4333 1413 4374 ex
1471 4318 1692 4388 antiquo
1726 4317 1934 4394 codice

342 4389 615 4448 Vaticano
641 4389 805 4450 4920,
839 4391 992 4458 cujus
1024 4405 1212 4444 recens
1242 4406 1457 4459 quoque
1484 4389 1850 4459 apographum
1882 4390 1933 4443 in

341 4461 716 4518 Ottoboniano
765 4461 952 4514 codice
1005 4459 1109 4513 944
1177 4461 1304 4514 vidi.
1364 4462 1656 4514 Auctorem
1718 4468 1934 4513 constat

339 4532 515 4588 fuisse
545 4529 716 4583 sancti
748 4531 844 4584 viri
876 4530 1081 4600 socium
1116 4529 1167 4583 in
1195 4530 1558 4600 expeditione.
1593 4529 1684 4600 De
1717 4530 1818 4582 hoc
1847 4530 1934 4583 itio

344 4616 478 4656 nere
507 4614 609 4653 suo
639 4600 877 4668 loquitur
903 4602 1016 4668 ipse
1041 4598 1232 4653 Petrus
1269 4598 1565 4653 Damianus
1589 4599 1640 4651 in
1667 4600 1826 4666 epist.
1861 4600 1932 4654 ad

337 4670 757 4728 Gluniacensem
809 4671 1056 4723 abbatem
1105 4669 1384 4738 lIugoncm
1433 4670 1526 4723 lib.
1586 4685 1658 4733 γι,
1702 4672 1752 4722 I.
1800 4669 1932 4723 Item

340 4757 431 4811 ep.
464 4740 523 4794 4.
579 4739 751 4794 Porro
803 4741 856 4793 in
903 4741 1142 4811 editione
1189 4745 1422 4811 Uperum
1471 4739 1800 4811 sanctijviri
1838 4756 1934 4808 per

342 4809 687 4881 Cajetanum,
715 4819 844 4864 tom.
881 4810 971 4871 IV,
1003 4826 1054 4878 p.
1079 4810 1183 4864 459
1211 4826 1331 4879 sqq.
1357 4809 1608 4881 leguntur
1634 4809 1751 4881 ejus
1789 4809 1934 4879 lega-

346 4879 512 4936 tionis
542 4881 885 4948 documenta,
915 4880 1204 4934 Alexandri
1238 4881 1445 4935 scilicet
1472 4880 1509 4933 Il
1543 4893 1693 4948 papic
1717 4879 1929 4943 litterae,

351 4953 630 5005 decretum
674 4952 867 5021 synodi
911 4951 1306 5012 Cabilonensis,
1357 4958 1412 5002 et
1466 4951 1708 5004 narratio
1752 4951 1932 5003 brevis

349 5020 972 5090 qumdamﬁrei’CIuniaci
1019 5031 1200 5090 gestae.
1231 5021 1580 5090 Legationem
1623 5021 1765 5074 hanc
1810 5035 1932 5088 per-

348 5098 541 5162 actam
582 5089 746 5162 fuisse
773 5108 916 5145 anno
944 5091 1079 5144 1065
1101 5103 1316 5146 condat
1342 5106 1407 5143 ex
1430 5091 1568 5144 actis
1594 5091 1807 5161 synodi.
1830 5091 1933 5162 ῥε-

2039 4318 2310 4386 sequenti,
2342 4330 2504 4389 quam
2529 4330 2596 4371 ex
2627 4315 2733 4371 alio
2771 4324 2826 4370 et
2866 4324 3086 4370 recente
3142 4325 3391 4370 raticano
3431 4316 3624 4371 codice

2037 4391 2270 4444 edimus.

2439 4498 2759 4555 CLUSIACI
2797 4497 3223 4554 DESCRIPTIO.

2107 4593 2424 4670 Cluniacuin
2451 4594 2502 4670 in
2529 4593 2722 4647 zEduis
2750 4591 2939 4670 galliae
2967 4591 3212 4670 Celtica),
3234 4590 3286 4644 id
3311 4599 3393 4644 est
3416 4589 3623 4670 ετξ-βυτ-

2035 4665 2264 4735 gundia,
2302 4665 2556 4735 oppidum
2613 4675 2724 4726 est,
2759 4663 3058 4735 Matiscone
3109 4663 3333 4735 civitate
3366 4659 3621 4735 millibus

2035 4730 2290 4804 passuum
2318 4730 2434 4798 sex,
2453 4733 2713 4790 Cabilone
2743 4734 2957 4802 viginti,
2983 4733 3247 4800 Lugdune
3273 4730 3461 4796 viginti
3479 4742 3539 4804 et
3563 4743 3620 4782 ας

2037 4802 2156 4879 tuor
2181 4805 2413 4879 distans.
2445 4807 2710 4879 Oppidum
2752 4804 2926 4872 ipsum
2957 4804 3375 4879 d_i(eee.seos_est
3400 4802 3618 4879 quidem

2036 4876 2467 4936 Matiscmensis.
2493 4871 2603 4928 'sed
2635 4871 3161 4950 perexcmptioncm
3193 4871 3378 4950 abbati
3403 4871 3618 4950 Clunia-

2035 4948 2182 5000 Censi
2227 4955 2334 4998 tam
2391 4946 2442 4998 in
2490 4938 3094 5014 temporalitinsrquam
3143 4945 3194 4996 in
3247 4938 3620 5014 spirituaiibus

2034 5019 2237 5071 subest.
2281 5017 2337 5068 In
2369 5015 2470 5068 line
2496 5007 2692 5085 oppido
2723 5007 3024 5066 Gulielmus
3083 5007 3442 5082 cognomento
3470 5007 3620 5085 Pius,

2033 5086 2337 5157 Aquitania:
2385 5087 2492 5139 dux
2531 5080 2585 5139 et
2637 5084 2980 5162 Pictavorum
3010 5080 3246 5162 fomes,
3309 5080 3621 5162 cumvvirili
