4136 5308
562 333 665 389 867

1367 331 1594 388 ADDIT.
1638 332 1730 387 AD
1770 331 1933 389 ΤΟΜ.
1973 334 2039 389 Ill
2076 335 2222 392 OPP.
2270 334 2327 390 ε.
2367 334 2568 392 PETRI
2612 332 2913 390 DAMIANI.

3701 337 3808 393 868

563 449 669 502 sibi
698 463 942 504 censura:
967 447 1198 503 ferulam
1231 462 1392 518 super
1419 449 1666 518 ejusdem
1703 450 1803 505 loci
1847 453 2138 506 monachos
2167 459 2215 516 Α
2241 465 2294 507 et
2341 453 2466 508 huic
2514 452 2666 507 mala:
2706 452 3112 508 consuetudinis
3151 453 3280 507 vitio
3320 453 3526 509 valeret
3569 453 3807 509 obviari.

567 538 861 593 moderari.
891 537 974 592 Ad
999 546 1202 592 tantam
1241 538 1422 607 itaque
1452 539 1653 594 furoris
1705 541 1983 595 audaciam
2019 542 2136 613 epi-

566 641 763 696 scopus
793 627 881 680 ille
913 627 1148 691 devenit,
1171 635 1474 691 nt,armata
1502 646 1663 684 manu
1684 631 1913 685 militum
1940 633 2145 687 consti-

564 724 748 785 patus,
793 715 981 784 quasi°
1004 717 1326 772 temerarius
1362 718 1613 785 ,invasor,
1646 720 1713 772 ad
1753 722 2140 775 monasterium

563 822 736 876 usque
762 809 1134 876 pervenisset,
1166 809 1446 878 antiquam
1485 811 1644 880 hujus
1686 811 1788 867 loci
1829 811 2138 867 libertatem

562 895 795 966 superbo
829 897 964 967 pede
989 898 1332 964 conculcans,
1355 907 1430 962 et,
1459 899 1767 970 apostolica:
1792 901 1935 955 sedis
1972 901 2140 970 privi-

565 982 703 1056 legia
733 1001 832 1055 pro
861 986 1030 1042 nihilo
1067 988 1293 1052 ducens,
1333 988 1618 1043 ecclesiam
1677 987 1738 1043 S.
1798 989 1976 1044 Maioli
2023 1006 2143 1059 qua:

563 1075 814 1146 contigua
844 1085 926 1132 est
955 1078 1285 1132 monasterio
1328 1088 1383 1132 et
1410 1079 1594 1148 plures
1619 1079 1791 1150 ipsius
1822 1083 2140 1138 monasterii

563 1170 860 1223 monachos
890 1169 1196 1224 inconsulto
1221 1171 1563 1227 anathemate
1594 1174 1974 1243 praegravavit.

634 1258 859 1313 4.Ἰύηο
890 1261 1212 1315 venerabilis
1237 1260 1408 1332 Hugo,
1439 1260 1676 1330 ejusdem
1705 1265 2018 1319 monasterii
2047 1280 2143 1335 pa-

565 1355 649 1403 ter
680 1349 829 1419 (35),
861 1351 1021 1421 hujus
1049 1354 1482 1422 prtesumptionis
1528 1355 1768 1410 novitate
1814 1371 1920 1410 non
1969 1359 2143 1428 potuit

564 1455 672 1494 non
708 1439 929 1506 dolere;
965 1440 1225 1510 pastorali
1255 1441 1523 1512 siquidem
1557 1443 1772 1499 intuens
1803 1446 2142 1515 providentia

565 1540 618 1587 et
649 1547 681 1586 a
708 1547 819 1587 sua:
842 1532 1138 1587 nobilitatis
1162 1541 1302 1588 statu
1331 1534 1504 1588 locum
1535 1549 1639 1589 non
1669 1552 1860 1606 parum
1889 1537 2139 1605 deficere,

563 1631 620 1677 et
650 1622 815 1678 totius
839 1623 1270 1692 congregationis
1294 1625 1504 1678 animos
1530 1625 1744 1680 insolito
1770 1640 2002 1682 mterore
2031 1638 2143 1684 tur-

563 1713 686 1768 bari
713 1730 728 1779 ;
767 1715 862 1769 sed
901 1729 968 1768 ne
1006 1713 1168 1783 hujus
1197 1715 1483 1785 pravitatis
1519 1716 1667 1786 lepra
1697 1718 1849 1787 quasi
1878 1733 1974 1788 pro
2004 1736 2138 1775 con-

2242 541 2432 596 Nullus
2461 553 2638 596 tamen
2679 556 2867 596 eorum
2910 557 3045 611 quos
3087 543 3330 595 dictante
3363 541 3579 610 jnstitia
3622 551 3813 597 aucto-

2242 632 2377 686 ritas
2409 631 2853 693 commendabat.
2883 641 2938 685 et
2966 631 3162 699 quibus
3201 631 3360 698 hujus
3393 647 3570 686 causa:
3610 632 3816 686 deeisio

2244 721 2507 776 canonice
2537 720 2907 789 competebat,
2943 728 3051 773 tam
3083 718 3222 788 longi
3261 721 3490 785 itineris,
3515 728 3623 774 tam
3666 720 3816 774 labo-

2243 811 2401 866 riosa:
2421 809 2770 880 profectionis
2800 808 3038 863 laborem
3069 807 3423 878 profitebatur
3443 823 3500 864 se
3530 808 3667 864 velle
3695 823 3816 864 sus-

2245 899 2448 968 cipere-

2313 988 2364 1041 5.
2409 987 2558 1043 'l'uuc
2609 987 2932 1043 venerabilis
2977 987 3168 1044 Petrus
3211 988 3506 1044 Damianus
3549 985 3816 1042 Ostiensis

2242 1079 2556 1148 episcopus,
2587 1081 2695 1144 cui,
2726 1095 2823 1148 pro
2862 1095 2972 1134 suae
3025 1080 3330 1134 sanctitatis
3379 1082 3709 1146 reverentia,
3760 1089 3816 1134 et

2241 1168 2432 1224 all'ecta
2463 1170 2546 1224 sui
2577 1171 2821 1240 corporis
2851 1170 3157 1235 debilitate,
3188 1179 3243 1224 et
3273 1171 3565 1225 reverenda
3593 1186 3812 1225 suorum

2243 1269 2547 1330 temporum
2594 1260 2934 1322 maturitate,
2981 1274 3080 1314 nec
3117 1274 3254 1328 papa
3298 1274 3398 1314 nec
3437 1261 3812 1329 episcoporum

2241 1352 2325 1406 vel
2355 1351 2714 1407 cardinalium
2745 1351 2971 1422 quilibet
3002 1366 3107 1406 non
3138 1352 3314 1406 dicam
3353 1351 3685 1420 praacipere,
3717 1351 3814 1406 sed

2241 1442 2409 1495 etiam
2440 1456 2730 1512 suggerere
2756 1441 3119 1511 praesumebat
3136 1480 3152 1504 ,
3184 1440 3325 1494 inter
3353 1450 3580 1496 caeteros
3605 1455 3664 1496 se
3690 1455 3814 1510 pro-

2242 1532 2390 1586 tinus
2432 1532 2659 1596 obtulit,
2692 1541 2855 1600 atque
2886 1531 2939 1584 in
2972 1531 3058 1585 die
3089 1530 3210 1584 belli
3242 1547 3338 1601 pro
3369 1531 3528 1586 domo
3555 1530 3714 1586 Israel
3745 1546 3813 1584 ex

2242 1624 2474 1677 adverso
2511 1638 2571 1677 se
2596 1622 2927 1676 militaturus
2968 1621 3232 1692 Opposuit.
3270 1619 3382 1675 Hoc
3426 1620 3690 1690 siquidem
3734 1619 3816 1673 dio

2242 1718 2365 1771 vina
2395 1716 2729 1786 providentia
2771 1716 3043 1770 credimus
3084 1724 3453 1784 procuratum.
3499 1714 3651 1780 Nam,
3677 1716 3814 1770 sicut

568 1806 885 1870 suetudine,
924 1805 1068 1861 velut
1105 1807 1446 1876 importunus
1491 1822 1686 1862 cancer
1722 1809 2052 1879 inserperet,
2091 1822 2138 1868 el

2246 1806 2585 1876 postmodum
2615 1805 2783 1876 ipsius
2813 1805 2888 1858 rei
2916 1814 3141 1859 eventus
3171 1804 3384 1868 docuit,
3413 1803 3592 1858 nullus
3618 1813 3816 1873 prteter

561 1899 728 1948 tanta:
752 1892 1054 1949 sanctitatis
1079 1892 1228 1948 locus
1253 1893 1534 1964 degeneris
1560 1897 1962 1951 consuetudinis
1988 1908 2138 1967 post-

562 1985 780 2039 modum
828 1984 1101 2040 laboraret
1147 1983 1390 2050 infamia,
1416 1986 1730 2042 monasticze
1757 1988 2052 2058 disciplina:
2081 2007 2142 2047 se

563 2079 791 2133 munivit
820 2080 1048 2135 consilio
1068 2122 1082 2146 ,
1113 2097 1221 2150 quo
1249 2089 1303 2136 et
1331 2082 1397 2136 ab
1429 2082 1586 2153 hujus
1613 2083 1871 2138 molestite
1902 2084 2140 2138 novitate

563 2168 954 2222 monasterium
988 2169 1242 2225 nobiliter
1277 2170 1605 2237 defcnsavit,
1640 2183 1696 2227 et
1730 2174 2006 2229 Stecularis
2039 2191 2138 2245 po-

563 2259 750 2314 tentia:
782 2259 1016 2316 vindicta
1048 2260 1164 2329 eius
1195 2263 1540 2318 sanctitatem
1574 2279 1679 2318 non
1709 2264 2009 2319 oil'uscavit.
2044 2264 2139 2320 Vir

563 2347 746 2418 itaque
782 2349 902 2414 ille,
925 2351 1014 2419 qui
1044 2367 1149 2405 non
1182 2352 1352 2406 solum
1385 2353 1643 2422 religione
1668 2355 1763 2408 sed
1793 2364 1846 2408 et
1876 2355 2138 2424 pastorali

562 2440 853 2509 prudentia
886 2440 1086 2496 incedit
1112 2440 1267 2495 valde
1297 2443 1570 2501 munitus.
1601 2441 1752 2510 cuius
1782 2444 1945 2496 etiam
1977 2458 2140 2514 augeo

563 2528 668 2584 lica
713 2528 881 2585 facies
917 2531 1190 2586 interioris
1225 2532 1458 2586 hominis
1499 2532 1703 2587 indicat
1748 2533 2132 2599 sanctitatem,

567 2618 624 2674 in
654 2620 890 2689 praefatae
921 2624 1256 2692 tempestatis
1287 2624 1502 2678 turbine
1531 2625 1886 2690 constitutos,
1917 2637 2137 2695 aposto-

563 2709 682 2765 lica:
708 2712 851 2766 sedis
885 2713 1126 2767 decrevit
1159 2713 1310 2768 adire
1343 2714 1629 2769 concilium
1658 2731 1672 2780 ;
1701 2726 1756 2769 et
1783 2725 1841 2773 ut
1877 2731 1943 2771 ex
1981 2715 2140 2784 hujus

564 2803 989 2872 perturbationis
1023 2806 1233 2874 gurgite
1269 2807 1334 2860 ad
1383 2806 1582 2875 quietae
1625 2808 1876 2863 stationis
1923 2817 2136 2877 portum

561 2893 869 2959 perveniret
899 2895 1216 2959 incolumis,
1246 2896 1416 2950 solam
1449 2898 1626 2952 sancti
1666 2898 1812 2953 Petri
1849 2898 2130 2954 festinavit

562 2981 766 3038 intrare
817 2985 1136 3039 naviculam.
1191 2987 1342 3042 Tunc
1395 3003 1581 3042 coram
1638 3001 1825 3045 sancto
1868 2992 2131 3057 concilio,

561 3081 724 3140 prout
753 3082 872 3127 erat
900 3072 1166 3129 facundus
1196 3085 1398 3141 orator,
1434 3076 1537 3131 tida
1572 3086 1626 3132 et
1665 3078 1888 3134 honesta
1925 3081 2136 3150 procla-

560 3165 832 3232 matioue,
863 3167 933 3220 ita
963 3183 1070 3221 suae
1102 3169 1562 3224 incommoditatis
1592 3171 1865 3238 querelam
1891 3171 2137 3241 deposuit
2162 3155 2210 3218 ο

569 3265 623 3312 et
655 3257 808 3311 istius
839 3259 1036 3327 negotii
1061 3275 1280 3312 causam
1301 3299 1316 3322 ,
1347 3267 1504 3328 prout
1535 3269 1811 3326 evenerat,
1843 3264 2134 3329 peroravit,

562 3355 622 3402 ut
651 3347 719 3402 ad
751 3349 1178 3402 misericordiam
1211 3357 1266 3402 et
1296 3349 1560 3402 auxilium
1595 3351 1760 3404 corda
1798 3351 2134 3406 audientium

560 3448 902 3508 provocaret.
940 3438 1141 3493 Omnes
1171 3455 1363 3508 nempe
1404 3442 1496 3509 qui
1554 3441 1712 3510 hujus
1741 3442 1843 3496 loci
1873 3444 2135 3498 sanctita-
2171 3467 2186 3484 -

563 3535 677 3580 tem
716 3527 799 3580 vel
833 3529 950 3580 visu
990 3528 1210 3597 proprio
1245 3528 1329 3582 vel
1368 3529 1510 3583 fama
1543 3531 1829 3585 nuntiante
1865 3547 2133 3602 cognove-

562 3624 691 3670 rant
739 3631 806 3669 ex
848 3626 956 3671 tam
1015 3619 1242 3672 sinistro
1280 3635 1500 3674 rumore
1535 3621 1913 3686 turbabantur,
1953 3632 2009 3676 et
2043 3639 2138 3680 no-

559 3719 683 3761 vam
711 3707 854 3762 i.lius
879 3708 1113 3776 episcopi
1144 3709 1432 3763 factionem
1465 3711 1677 3778 publice
1703 3712 2132 3769 detestabantur.

559 3800 630 3856 Et
664 3814 732 3853 ne
771 3807 937 3852 tanta:
970 3800 1272 3854 sanctitatis
1311 3808 1582 3870 tantaque
1620 3801 1888 3856 libertatis
1920 3802 2066 3858 locus
2104 3821 2134 3858 a

561 3904 675 3945 sua:
701 3886 965 3943 libertatis
990 3887 1204 3942 tramite
1230 3888 1311 3942 vel
1338 3903 1526 3957 parum
1553 3890 1834 3955 deﬁceret,
1863 3893 1962 3961 pia:
1989 3909 2136 3948 com-

565 3980 837 4055 passionis
867 3978 1063 4034 intuitu
1093 3989 1376 4049 coeperunt
1410 3980 1602 4050 singuli
1639 3982 1878 4050 cogitare
1907 3999 2011 4052 qua
2043 4000 2134 4038 ra-

570 4073 744 4140 tione,
795 4085 969 4141 quove
1008 4070 1186 4138 modo,
1227 4078 1414 4125 sancto
1447 4070 1565 4126 loco
1594 4073 1858 4141 potuisset
1900 4076 2132 4141 consuli,

561 4226 751 4283 iisdem
784 4224 895 4280 fere
938 4223 1299 4294 temporibus,
1347 4225 1540 4294 quibus
1579 4225 1953 4282 Cisterciensis
2000 4229 2134 4285 ordo

562 4297 784 4366 initium,
808 4294 1040 4366 habuit,
1069 4296 1236 4366 multa
1269 4296 1594 4366 tuonasteria
1635 4306 1688 4350 et
1730 4297 1997 4366 prioratus
2024 4315 2134 4354 sua:

561 4365 914 4437 professionis
940 4363 1370 4437 divi_l3en_edicti_
1391 4366 1441 4418 in
1476 4363 1749 4420 meliorem
1784 4368 1993 4421 vivendi
2020 4371 2132 4422 for-

561 4433 705 4490 inam
740 4435 1005 4503 redigens,
1035 4433 1374 4487 Cluniacensi
1401 4437 1727 4490 monasterio
1757 4438 1979 4500 addixit,
2001 4437 2130 4492 Clu-

2242 1911 2466 1950 summa:
2497 1895 2639 1950 sedis
2669 1895 3018 1964 episcopum,
3053 1894 3209 1949 istius
3239 1909 3416 1948 causa:
3447 1894 3718 1963 negotium
3746 1894 3815 1947 ad

2241 1993 2639 2055 competentem
2669 1984 2931 2054 potuisset
2959 1984 3122 2038 finem
3161 1984 3455 2053 perducere
3479 2023 3494 2047 ,
3541 1983 3643 2037 nisi
3675 1982 3816 2037 illius

2241 2076 2546 2130 sanctitatis
2587 2075 2871 2145 prudentia
2903 2085 2957 2130 et
2985 2077 3102 2146 ejus
3134 2075 3363 2130 facunda
3395 2085 3448 2129 et
3477 2075 3816 2146 incompara-

2238 2165 2364 2220 bilis
2393 2165 2746 2220 interveniret
2768 2165 3108 2234 eloquentia;
3138 2180 3297 2235 quem
3324 2163 3540 2233 quidem
3564 2179 3671 2217 nun
3697 2172 3812 2215 tan-

2241 2273 2352 2314 tum
2381 2274 2476 2329 pro
2493 2259 2801 2329 apostolica:
2822 2258 2966 2312 sedis
2989 2258 3290 2312 reverentia
3307 2265 3563 2326 quantum
3583 2270 3680 2326 pro
3699 2255 3815 2324 ejus

2240 2349 2544 2406 sanctitatis
2587 2347 2880 2402 reverenda
2923 2347 3208 2417 praesentia
3242 2355 3351 2399 tota
3383 2345 3560 2400 Gallia
3589 2358 3817 2399 venera-

2237 2441 2415 2496 batur.
2447 2438 2542 2493 Vir
2572 2438 2753 2506 itaque
2778 2438 2879 2491 istc
2905 2435 3182 2490 mirandus
3211 2444 3266 2490 et
3298 2434 3590 2488 imitandus
3618 2441 3813 2502 sponte

2240 2539 2368 2585 tunc
2395 2529 2578 2600 gravis
2603 2528 2924 2583 obedientire
2951 2529 3159 2596 pondus
3185 2527 3386 2591 subiit,
3415 2526 3507 2595 qui
3540 2525 3815 2594 quondam

2238 2619 2470 2674 celebris
2496 2619 2817 2672 obedientite
2846 2633 3043 2671 muims
3073 2617 3272 2671 invitus
3302 2616 3556 2686 suscepit.
3589 2616 3665 2669 Ad
3696 2617 3814 2684 epi-

2237 2710 2471 2780 scopalis
2498 2725 2732 2778 namque
2759 2709 3009 2764 culminis
3037 2710 3350 2780 dignitatem
3378 2718 3621 2772 vocatus,
3651 2724 3813 2762 excu-

2237 2803 2474 2857 sationes
2504 2801 2788 2871 praetendit
2815 2801 3110 2870 plurimas,
3141 2816 3201 2855 se
3235 2801 3543 2870 indignum,
3575 2799 3815 2854 moribus

2235 2897 2574 2960 inornatum,
2628 2895 2919 2948 virtutibus
2969 2909 3196 2949 vacuum
3249 2902 3413 2962 atque
3463 2893 3588 2946 huic
3637 2890 3814 2944 ollicio

2237 2987 2498 3056 imparem
2528 3001 2586 3040 se
2611 3000 2732 3042 esse
2760 2984 3108 3047 clamitabat;
3140 2983 3206 3037 ad
3249 2982 3468 3038 Gallica:
3515 2996 3642 3034 vero
3685 2995 3810 3050 pro-

2237 3079 2487 3135 fectionis
2514 3077 2749 3132 laborem
2770 3119 2785 3142 ,
2814 3076 2956 3130 nulla
2985 3075 3334 3130 excusatione
3359 3072 3633 3143 praemissa
3655 3111 3668 3134 ,
3701 3085 3805 3122 non

2240 3181 2464 3226 vocatus
2493 3169 2737 3223 accessit.
2769 3167 2924 3221 Vera:
2955 3166 3171 3236 quidem
3198 3165 3517 3221 obedientize
3548 3164 3647 3217 ista
3679 3172 3805 3216 sunt

2239 3261 2560 3314 documenta
2605 3256 2839 3311 salubria
2870 3296 2883 3319 ,
2928 3265 2985 3309 ut
3027 3265 3082 3310 et
3123 3255 3400 3325 dignitatis
3449 3253 3808 3308 obedientiam

2239 3348 2441 3402 invitus
2488 3347 2686 3415 aliquis
2721 3347 2942 3411 subeat,
2979 3355 3035 3398 et
3068 3346 3188 3398 vilis
3232 3345 3553 3399 obedientite
3601 3343 3811 3414 pondus

2238 3438 2412 3491 libens
2456 3437 2734 3506 suscipiat.
2776 3436 2935 3489 Istius
2970 3450 3200 3504 uanique
3241 3436 3343 3488 viri
3391 3437 3626 3489 discreta
3679 3435 3810 3488 obe-

2237 3528 2438 3582 dientia
2480 3529 2710 3581 duorum
2750 3527 2990 3580 caelestis
3033 3527 3198 3579 curia:
3241 3525 3470 3579 militum
3512 3526 3652 3579 facta
3686 3542 3811 3595 pro-

2238 3619 2324 3673 cul
2376 3619 2539 3672 dubio
2592 3618 2854 3670 imitatur.
2907 3617 3119 3685 Moyses
3162 3616 3361 3685 quippe
3413 3625 3471 3670 ut
3508 3617 3806 3674 Israelitiro

2235 3717 2490 3778 praeesstst
2525 3707 2718 3776 popqu
2748 3715 2831 3761 est
2853 3707 3039 3777 jussus
3077 3723 3107 3760 a
3139 3707 3406 3773 Domino;
3440 3707 3639 3761 Paulus
3680 3724 3809 3765 vero

2237 3808 2295 3852 ut
2329 3798 2753 3868 Hierosolymam
2798 3807 3050 3868 pergeret
3091 3798 3350 3852 divinitus
3375 3808 3458 3854 est
3485 3799 3814 3854 admonitus.

2235 3889 2314 3945 Illi
2366 3898 2426 3944 ut
2473 3890 2753 3959 dignitatis
2801 3890 3062 3944 honorem
3108 3891 3410 3959 susciperet
3468 3892 3803 3961 imperatur;

2237 3981 2340 4035 iste
2369 3991 2424 4034 ut
2455 3980 2798 4034 adversitatis
2840 3980 3113 4034 sarcinam
3160 3981 3428 4050 acciperet
3467 3982 3804 4036 admonetur.
3853 4017 3856 4019 λ

2239 4071 2346 4126 Sed
2381 4070 2500 4136 ille,
2529 4069 2615 4126 cui
2648 4070 2882 4140 dignitas
2915 4071 3312 4140 imponebatur,
3343 4071 3587 4126 facunda:
3618 4071 3806 4142 loqua-

2237 4235 2448 4298 runtse
2478 4226 2729 4298 habuisse
2762 4227 3074 4298 pontifices,
3107 4227 3422 4298 Gregorium
3462 4229 3581 4290 VII,
3627 4227 3807 4282 Victo-

2237 4312 2353 4352 rem
2378 4295 2458 4358 III,
2490 4295 2771 4351 Urbanum
2797 4297 2859 4359 II,
2886 4307 2939 4350 et
2967 4295 3280 4361 Pascbalein
3311 4300 3371 4360 ll,
3400 4300 3488 4367 qui
3539 4299 3700 4352 etiam
3753 4300 3803 4352 in

2236 4382 2299 4420 eo
2321 4368 2654 4427 nionasterio
2689 4368 2928 4435 sepultus
2949 4377 3051 4420 est.
3092 4368 3319 4422 Protulit
3352 4369 3491 4421 idem
3533 4379 3802 4421 monaste-

2237 4437 2375 4488 rium
2407 4447 2460 4490 et
2487 4436 2620 4490 alios
2649 4437 2792 4491 viros
2824 4454 2944 4491 cum
2977 4437 3172 4492 litteris
3201 4449 3310 4492 tum
3355 4439 3478 4492 vitae
3523 4439 3805 4491 sanctitate

563 4500 985 4577 niacensenique
1009 4503 1250 4556 ordinem
1293 4505 1555 4577 norninari
1586 4505 1784 4572 voluit,
1844 4507 2132 4577 multisque
2158 4500 2207 4560 ι)
2234 4507 2430 4569 claros,
2480 4506 2620 4577 inter
2668 4521 2802 4576 quos
2851 4507 3068 4561 Petrum
3108 4517 3162 4562 et
3194 4508 3485 4562 Renerium
3542 4508 3761 4561 abbates
3785 4547 3800 4571 ,

560 4584 617 4646 et
647 4573 978 4646 admirandis
1003 4573 1338 4646 ornamentis
1368 4584 1421 4626 et
1453 4573 1569 4646 plus
1607 4592 1766 4646 quam
1809 4573 2130 4646 episcopali-

561 4643 673 4715 bus
725 4642 974 4696 abbatem
1048 4639 1465 4715 Cluniacensem'
1516 4639 1808 4715 insignivit.
1843 4639 2010 4699 ’Νηιιὶ
2072 4658 2128 4701 et

561 4714 796 4769 chrisma
822 4719 1210 4784 consecrat,_et
1245 4712 1564 4784 baptismum
1593 4712 1914 4784 ordinesque
1945 4732 2130 4772 sacros

559 4784 812 4840 omnibus
839 4783 891 4836 in
917 4797 1012 4836 sua
1045 4781 1248 4835 ditione
1274 4792 1329 4835 et
1357 4783 1546 4837 ordine
1567 4781 1872 4838 constitutis
1893 4785 2124 4850 confert,

563 4868 784 4931 regnum
809 4861 934 4931 ante
972 4866 1031 4906 se
1054 4851 1357 4931 prgeiiiittit,
1399 4853 1673 4931 pontiﬁcis
1717 4856 1907 4920 instar,
1951 4858 2132 4931 multis

561 4919 952 4994 episcopalibus
997 4919 1348 4994 mitris__binc
1397 4919 1519 4976 inde
1566 4925 1854 4994 vallatum,
1896 4919 2124 4994 millium

559 4990 905 5074 etiam’niore
930 4990 1463 5074 metropolitanortnu
1497 5003 1702 5073 gestat,
1748 4991 1802 5048 et
1842 4990 2038 5074 pilento
2071 5007 2128 5050 ut

2229 4591 2458 4648 (piorum
2491 4576 2556 4629 de
2588 4577 2859 4648 theol0gia
2886 4579 3142 4646 praeclara
3195 4579 3393 4647 scripta
3445 4586 3696 4648 exstant,
3749 4587 3806 4630 et

2229 4647 2468 4714 ipsorum
2497 4662 2724 4713 corpora
2756 4645 2939 4701 iutiltis
2980 4658 3265 4702 coruscant
3295 4645 3590 4700 miraculis.
3633 4645 3802 4700 liabet

2227 4716 2599 4770 Cluuiacensis
2626 4716 2794 4771 abbas
2825 4717 2875 4770 in
2905 4719 3289 4786 temporalibus
3319 4717 3547 4786 plurima
3575 4725 3629 4769 et
3651 4717 3803 4771 ditis-

2224 4787 2362 4857 .sima
2395 4787 2588 4854 oppida
2615 4787 2715 4840 sibi
2740 4787 2975 4850 subdita,
3004 4798 3058 4842 et
3086 4789 3313 4842 barones
3341 4789 3653 4857 innumeros
3677 4801 3800 4840 vas-

2228 4856 2410 4920 sallos,
2433 4857 2531 4927 qui
2560 4857 2728 4925 ipsius
2763 4857 3031 4911 inandatis
3066 4867 3285 4927 parent;
3327 4867 3516 4926 estque
3549 4855 3801 4927 Matisco:

2228 4927 2313 4980 his
2343 4926 2576 4979 civitatis
2604 4942 2786 4980 comes
2813 4936 2867 4979 et
2899 4927 3029 4981 baro
3047 4925 3074 4991 ;⁷
3093 4929 3144 4981 in
3167 4925 3534 4996 spiritualibus
3561 4940 3689 4979 vero
3735 4925 3799 4978 I6

2230 4998 2584 5074 monasteria,
2615 5010 2846 5066 quorum
2871 4999 3093 5052 abizates
3115 4998 3329 5074 mitram
3352 5005 3590 5074 gestant,
3625 4996 3798 5074 incre-
