4078 6336
313 329 418 385 869

1303 328 1362 387 8.
1399 329 1604 385 PETRI
1643 332 1924 387 DAMIANI
1962 334 2121 390 ITER
2159 335 2532 393 GALLICUM.

3462 342 3564 398 870

315 443 495 498 citatis
534 442 822 496 occasione
863 445 1157 510 praemissa,
1186 451 1240 498 et
1290 445 1646 512 impeditioris
1691 448 1886 518 lingua:
1911 460 1961 518 Α
1990 452 2078 519 qui
2115 466 2214 506 suo
2252 451 2391 506 lidéli
2424 451 2623 507 famqu
2651 458 2732 507 sic
2761 453 3008 514 promisit
3035 471 3048 506 :
3076 453 3189 524 Ego
3217 467 3339 509 ante
3367 466 3416 511 te
3449 461 3555 522 ibo;

313 531 630 602 allegatione
656 530 928 600 deposita,
960 534 1093 586 tanti
1123 533 1403 612 regimiuis
1426 536 1652 605 gloriam
1679 537 1891 608 fugiens

310 622 568 690 expavit;
615 620 741 684 iste,
787 621 872 674 cui
917 622 1053 674 tanti
1079 623 1277 677 laboris
1307 625 1515 693 pondus
1543 629 1892 696 przecipieba-

310 720 417 775 tur,
467 725 576 764 non
619 709 791 765 solum
833 727 939 766 non
988 714 1222 783 respuit,
1268 716 1362 770 sed
1407 718 1570 771 etiam
1612 721 1741 788 quid
1785 722 1888 777 sibi

308 796 700 868 Hierosolymis
742 800 1019 864 eveniret,
1061 815 1156 869 per
1183 803 1502 872 prophetam
1531 806 1773 876 Agabum
1804 823 1890 864 re-

306 902 674 958 cognoscens,
709 890 905 942 mentis
945 891 1178 958 puritate
1219 892 1486 958 conlisus,
1530 895 1603 949 ita
1651 901 1888 966 gaudens

305 978 560 1034 dicebat:
601 979 715 1049 Ego
755 989 930 1033 autent
972 998 1074 1034 non
1113 982 1282 1035 solum
1320 983 1562 1054 alligari,
1602 990 1690 1040 sed
1728 990 1885 1041 etiam

303 1071 438 1122 mori
485 1080 706 1138 paratus
751 1086 869 1123 sum
917 1087 1011 1140 pro
1059 1073 1266 1126 nomine
1313 1071 1551 1139 Christi;
1597 1091 1701 1128 non
1747 1078 1884 1130 enim

304 1157 442 1228 facio
483 1161 843 1228 pretiosiorem
885 1162 1115 1214 animant
1156 1179 1324 1215 meam
1367 1179 1522 1232 quam
1563 1180 1662 1218 me.
1704 1165 1881 1231 Ecce,

302 1250 388 1304 vir
414 1250 517 1304 iste
547 1251 600 1304 in
627 1251 970 1319 episcOpatus
1000 1249 1250 1321 fugiendo
1283 1252 1516 1307 culmine
1542 1269 1711 1307 novus
1737 1254 1885 1326 Moy-

302 1360 389 1400 ses
431 1347 584 1400 nobis
631 1346 980 1412 declaratur;
1025 1347 1077 1400 in
1117 1349 1296 1402 votivo
1340 1363 1469 1402 vero
1515 1348 1698 1404 labore
1739 1348 1879 1417 longi

302 1433 542 1501 itineris,
597 1435 762 1503 alter,
812 1436 1002 1490 doctor
1050 1436 1322 1506 gentium,
1373 1436 1572 1492 Paulus
1623 1436 1881 1492 Ecclesia:

299 1532 738 1592 t-epraasentatur.

729 1629 794 1667 DE
821 1628 1159 1670 INCGIPTIONE
1185 1630 1450 1688 lTlNEMSa

369 1705 421 1758 6.
461 1704 672 1760 interea
717 1714 917 1760 sanctae
945 1708 1395 1777 peregrinationis
1415 1706 1567 1761 labor
1591 1707 1869 1778 incipitur,

1989 550 2035 593 et
2059 540 2311 609 gloriosos
2333 551 2485 594 terra:
2515 541 2820 594 Itamiliabo.
2863 543 2977 610 Ipsa
3014 543 3178 609 etiam
3205 542 3426 599 Joviano
3446 546 3563 617 jam

1989 627 2139 681 dicta
2181 637 2238 682 et
2283 642 2426 697 smpe
2471 628 2694 682 dicenda
2744 629 3000 696 pericula,
3047 646 3167 698 qua:
3197 632 3283 685 vix
3323 649 3562 704 unquam

1988 726 2199 772 constat
2250 718 2415 777 fuisse
2458 719 2679 787 pervia,
2732 733 2852 786 quae
2899 721 3063 773 etiam
3114 724 3302 777 mortis
3353 726 3563 780 ruinam

1989 811 2396 864 transeuntibus
2425 823 2637 878 semper
2668 811 2958 874 minantur,
2991 812 3206 878 nullius,
3248 824 3308 868 ut
3340 817 3556 881 dicitur,

1987 898 2255 953 Marronis
2291 899 2404 970 (57)
2452 899 2740 952 subvectus
2791 899 3014 961 auxilio,
3063 917 3166 956 non
3213 905 3562 973 pedetentim,

1987 999 2045 1040 ut
2092 1004 2209 1042 mos
2250 1000 2333 1043 est
2378 989 2520 1042 illius
2566 989 2812 1054 itineris,
2863 993 3198 1058 peri-exisse,
3249 995 3341 1047 sed
3385 997 3566 1064 potius

1987 1077 2218 1131 vidimus
2258 1078 2584 1131 cucurrisse.
2636 1078 2742 1132 Sed
2795 1079 3027 1148 qualiter
3067 1095 3154 1133 vir
3203 1081 3304 1136 iste
3347 1084 3399 1136 in
3449 1093 3560 1138 tam

1985 1165 2122 1220 duro
2166 1166 2361 1220 itinere
2406 1182 2525 1220 sese
2565 1167 2816 1222 habuerit
2859 1168 3147 1223 utillimum
3173 1181 3336 1236 esset,
3369 1175 3412 1227 si
3444 1173 3561 1241 ejus

1984 1271 2115 1325 pace
2165 1257 2424 1324 potuisset
2468 1255 2620 1322 ﬁeri,
2656 1259 2900 1327 quaedam
2947 1260 3015 1314 de
3061 1261 3178 1330 ejus
3228 1265 3561 1320 continentia

1982 1343 2242 1406 scribere,
2275 1359 2374 1414 pro
2401 1344 2613 1399 illorum
2651 1345 2842 1400 saltem
2863 1349 3224 1405 aediﬁcatione
3255 1354 3371 1422 qui,
3403 1359 3559 1408 arreo‘

1980 1445 2071 1503 pta
2099 1437 2387 1490 occasione
2417 1435 2647 1504 alicujus
2687 1438 2918 1505 itineris,
2948 1450 3148 1496 statuta
3193 1445 3394 1498 silentii
3437 1446 3567 1517 jura-

1981 1523 2352 1593 confringunt,
2417 1529 2660 1580 consueti
2718 1528 2909 1598 jejunii
2978 1533 3218 1601 regulam
3279 1536 3560 1603 deserunt,

1977 1614 2295 1684 psalmodia:
2325 1631 2538 1686 quoque
2578 1628 2632 1672 et
2669 1623 2832 1674 totius
2863 1635 3000 1690 pene
3038 1627 3353 1680 monasticae
3399 1627 3562 1684 ἀίεςί-

1978 1704 2137 1775 plina:
2163 1721 2444 1760 censuram
2468 1710 2619 1776 quasi
2645 1708 2873 1770 licenter
2903 1711 3260 1768 confundunt.
3293 1716 3399 1770 Sed
3425 1717 3555 1787 quia

295 1807 347 1852 ei
376 1797 460 1851 via
487 1797 607 1851 duri
635 1797 842 1852 itineris
869 1798 1188 1864 festinatur;
1223 1808 1277 1852 et,
1305 1801 1432 1868 quia
1474 1800 1714 1854 clm-itas
1764 1816 1866 1854 ηοη
1901 1801 1942 1860 Β
1970 1795 2086 1864 ejus
2120 1796 2421 1850 sanctitatis
2440 1797 2697 1852 oliensam
2727 1798 3004 1856 incurrere
3045 1803 3228 1867 timeo,
3253 1806 3446 1862 melius
3473 1815 3560 1864 est

293 1901 412 1954 qua:
430 1903 528 1939 sua
549 1896 670 1940 sunt
695 1887 905 1957 quierit,
943 1889 1033 1942 sed
1056 1888 1313 1958 quazlesu
1339 1889 1559 1956 Christi,
1595 1901 1869 1945 monaste-

294 1978 373 2030 ria
430 1976 644 2033 novitcr
679 1980 748 2032 ab
780 1993 846 2032 eo
875 1978 1116 2048 plantata
1171 1981 1444 2050 irrigatori
1484 1983 1704 2036 Christo
1729 1999 1872 2036 com-

293 2069 545 2131 mittens,
585 2077 640 2123 et
670 2084 860 2124 omnes
897 2085 1109 2125 eremos
1143 2087 1280 2140 quas
1315 2071 1398 2126 vel
1424 2073 1626 2127 iecerat
1655 2073 1738 2127 vel
1766 2089 1866 2128 suo

293 2158 594 2225 patrocinio
616 2159 982 2228 gubernabat,
1017 2161 1294 2227 deserens,
1322 2165 1709 2217 monachorum
1732 2181 1870 2234 quo-

291 2263 398 2317 que
448 2250 662 2320 agmina
699 2265 820 2319 quae
857 2251 971 2320 ipse
1009 2251 1076 2305 ad
1125 2251 1414 2320 ingenuam
1450 2252 1653 2306 Christi
1694 2254 1868 2308 servi-

293 2348 459 2395 tutem
499 2341 821 2408 adduxerat,
849 2344 1250 2414 derelinquens,
1275 2345 1734 2400 ultramontamun
1765 2347 1870 2400 iter

290 2430 466 2486 tribus
494 2441 703 2485 tantum
741 2432 1021 2502 discipulis
1051 2435 1436 2488 comitantibus
1469 2434 1700 2490 festinus
1728 2436 1869 2490 arri-

290 2518 429 2587 puit.
461 2517 528 2572 Et
557 2519 686 2588 quia
713 2519 864 2588 fortis
894 2530 968 2574 est
1010 2531 1062 2573 ut
1107 2538 1248 2575 mors
1291 2521 1524 2587 dilectio,
1579 2539 1685 2578 non
1739 2539 1866 2578 eum

287 2605 527 2662 Joviana:
576 2608 761 2676 Alpes,
818 2625 924 2664 non
979 2609 1207 2666 Joviana
1253 2607 1492 2680 pericula
1527 2623 1862 2680 terruerunt,

289 2713 395 2752 non
424 2699 587 2752 etiam
621 2710 885 2754 terrarum
934 2701 1100 2765 invia,
1151 2717 1259 2758 non
1293 2703 1460 2756 multa
1500 2713 1554 2758 et
1585 2703 1866 2758 mortifera

287 2793 609 2862 praecipitia,
639 2810 745 2849 non
777 2795 996 2865 insuper
1029 2797 1216 2866 cycuei
1245 2797 1439 2865 capitis
1461 2809 1732 2868 aSpcctus,
1756 2814 1863 2852 non

287 2882 463 2937 debile
509 2893 564 2938 et
595 2884 940 2939 macilentutn
983 2901 1200 2955 corpus,
1247 2903 1351 2941 non
1389 2904 1511 2941 eum
1551 2890 1854 2959 grandaeva:

285 2974 580 3028 senectutis
625 2977 836 3044 pondus
865 2978 934 3030 ab
962 2976 1156 3031 itinere
1189 2989 1554 3033 removerunt.
1610 2980 1860 3034 Cadaloi-

285 3077 406 3116 cum
434 3064 594 3116 etiam
621 3065 770 3132 parvi
808 3067 994 3134 pendit
1037 3066 1298 3130 furorem,
1345 3069 1436 3137 qui
1471 3070 1636 3124 veluti
1666 3072 1856 3125 orbata

1971 1899 2084 1939 suae
2113 1885 2346 1940 lucerna:
2376 1887 2554 1942 lumen
2583 1889 2760 1944 adhuc
2785 1891 2884 1945 sub
2909 1891 3125 1946 silentio
3155 1902 3360 1964 tegere,
3389 1909 3554 1966 quam

1969 1975 2086 2044 ejus
2133 1976 2502 2045 indignatione
2549 1993 2711 2047 super
2757 1980 3138 2036 candelabrum
3173 2000 3391 2052 ponere.
3444 1986 3554 2042 Sed

1971 2068 2178 2121 obedire
2218 2078 2415 2136 Oportet
2440 2068 2550 2123 Deo
2581 2073 2746 2140 magis
2783 2088 2940 2142 quam
2979 2074 3302 2140 hominibus,
3344 2086 3400 2132 et
3437 2077 3558 2147 ejus

1967 2158 2226 2213 oliensam
2275 2162 2446 2231 magis
2501 2178 2662 2231 quam
2713 2163 2943 2232 alicujus
2990 2167 3236 2222 mortalis
3284 2171 3552 2225 convenit

1967 2253 2406 2319 perhorrescere.
2442 2252 2696 2308 Veritatis
2735 2255 2880 2309 enim
2913 2271 3008 2309 ore
3045 2257 3115 2309 ita
3140 2256 3400 2324 jubetur:
3432 2259 3546 2314 Lu-

1967 2353 2080 2396 ceat
2121 2342 2214 2396 (ua:
2252 2354 2422 2396 vestra
2455 2360 2630 2398 coram
2675 2346 2996 2412 hominibus,
3036 2359 3090 2400 ut
3133 2349 3338 2402 videant
3379 2361 3552 2407 uestra

1968 2434 2102 2488 bona
2125 2451 2303 2505 opera,
2332 2444 2380 2488 et
2410 2436 2699 2504 gloriﬁcent
2734 2437 2946 2491 Putrem
2963 2450 3187 2493 vestrum
3213 2443 3301 2510 qui
3328 2444 3381 2495 in
3408 2442 3553 2499 caelis

1965 2535 2063 2580 est.
2096 2525 2350 2592 Quaedam
2382 2543 2512 2597 ergo
2542 2529 2704 2590 illius,
2734 2530 2887 2598 quasi
2919 2533 3223 2586 communia
3252 2543 3308 2586 et
3332 2533 3554 2590 minimo

1966 2614 2221 2670 abscondi
2253 2615 2617 2685 debentiaJita
2643 2619 2918 2674 succincte
2946 2620 3248 2675 scribamus
3276 2633 3543 2690 quatenus
3587 2655 3590 2658 ~

1967 2706 2168 2761 nullius
2217 2709 2452 2762 rumoris
2486 2723 2656 2773 nzevo,
2687 2710 2889 2764 nullius
2939 2711 3114 2766 laudis
3157 2714 3391 2778 macula,
3436 2715 3554 2782 ejus

1965 2798 2224 2851 sanctitas
2249 2797 2564 2864 oﬂ‘uscetur,
2603 2811 2660 2854 et
2685 2800 3018 2854 audientium
3050 2802 3138 2869 pia
3168 2803 3383 2858 devotio
3431 2821 3546 2860 me-

1965 2885 2208 2952 lioretur,
2236 2896 2290 2941 et
2314 2887 2562 2942 Christus
2587 2902 2684 2957 per
2707 2905 2828 2943 eum
2857 2889 3207 2958 gloriﬁcetur.

1963 3015 2232 3063 ρυλιιτεῐι
2280 3015 2485 3055 οουΝυς
2533 3017 2736 3055 PETRUS
2790 3016 2847 3054 SE
2899 3016 3168 3056 HABUEBIT
3207 3019 3260 3056 LV
3309 3017 3534 3061 GALLICO

2651 3085 2893 3126 lTlNERE.

285 3155 441 3226 tigris
472 3155 590 3223 ejus
635 3159 957 3226 sanguinem
999 3159 1158 3212 auide
1194 3159 1445 3224 sitiebat;
1483 3171 1670 3215 contra
1701 3177 1860 3232 quem
1892 3152 1936 3212 C
2035 3162 2089 3215 8.
2116 3161 2172 3214 lu
2203 3162 2318 3231 ipso
2344 3177 2577 3230 namque
2618 3163 2808 3216 aestivo
2847 3171 3108 3230 tempore,
3141 3178 3248 3232 quo
3294 3164 3408 3219 dies
3431 3164 3551 3235 plus

284 3246 599 3312 Cadaloum,
630 3248 982 3304 Parmensem
1008 3250 1214 3305 scilicet
1247 3252 1583 3322 episcopum,
1609 3253 1700 3321 qui
1731 3263 1894 3308 tunc.

282 3353 436 3409 papae
456 3354 654 3394 nomen
677 3351 731 3394 et
775 3341 891 3409 ejus
929 3342 1163 3412 insignia
1201 3343 1412 3397 adulter
1449 3344 1762 3414 usurpabat,
1798 3346 1863 3400 li-

282 3430 439 3484 brum
470 3433 665 3501 prmsul
694 3433 796 3488 iste
833 3436 1255 3504 conscripserat,
1281 3437 1333 3490 in
1365 3453 1472 3506 quo
1506 3439 1861 3495 deridendam

280 3525 399 3595 ejus
439 3527 739 3592 vesaniam,
769 3535 822 3583 ct
847 3544 1000 3583 suam
1026 3529 1310 3585 nefandam
1346 3533 1675 3601 apostasiam
1709 3531 1858 3586 Scri-

281 3624 560 3684 pturarum
593 3619 916 3674 testimoniis
963 3621 1362 3676 condemnavit.
1419 3622 1588 3692 Ipsius
1645 3638 1859 3694 quoque

279 3707 521 3773 perversi
545 3708 782 3762 nominis
815 3710 1343 3779 interpretationem,
1373 3721 1424 3767 et
1449 3713 1574 3782 quid
1605 3713 1660 3766 in
1700 3713 1858 3782 hujus

279 3799 715 3868 prmsumptionis
746 3801 892 3854 exitu
927 3800 1189 3866 latitahat,
1223 3802 1295 3855 ita
1326 3803 1640 3873 prophetico
1669 3820 1857 3874 prom-

279 3890 387 3958 psit
414 3887 586 3958 clogio
615 3889 753 3958 (54),
786 3890 931 3959 quod
977 3891 1156 3944 divina
1191 3892 1544 3961 inspiratione
1588 3893 1860 3948 credimus

278 3983 692 4053 conscripsisse,
719 3985 845 4056 quia
877 3986 1021 4055 quod
1059 3987 1374 4055 scripserat,
1401 3989 1742 4058 postmodum
1779 3991 1858 4043 vi-

279 4075 457 4129 dimus
495 4075 741 4131 evenisse
791 4076 926 4147 (35).
961 4075 1108 4130 Inter
1139 4085 1334 4131 caetera
1387 4093 1600 4146 quoq-ue
1627 4093 1749 4146 qum
1791 4080 1858 4134 de

278 4166 423 4221 illius
461 4167 652 4221 canina
687 4167 836 4222 rabie
864 4167 1138 4222 luculento
1184 4182 1434 4222 sermone
1469 4169 1854 4238 descripserat,

278 4259 489 4314 eximia:
530 4258 910 4328 profunditatis
939 4267 993 4313 et
1027 4259 1175 4312 mira:
1211 4259 1630 4328 pulchritudinis
1667 4275 1854 4314 versus

278 4348 394 4419 ipse
418 4350 747 4418 composuit;
776 4365 912 4418 quos
935 4349 1006 4404 ob
1036 4350 1192 4404 istius
1223 4347 1430 4403 laudem
1460 4358 1513 4403 et
1539 4348 1684 4402 illius
1704 4348 1857 4418 igno-

275 4441 502 4497 miniam
526 4441 614 4494 hic
639 4455 866 4494 exarare
890 4441 1197 4495 studuimus
1224 4439 1356 4511 (56).

1963 3253 2123 3306 solito
2167 3252 2503 3321 protelantur
2540 3261 2593 3306 et
2646 3252 2847 3322 gulosis
2891 3253 3173 3306 monachis
3221 3255 3374 3323 quasi
3425 3254 3546 3312 sine

1966 3345 2194 3402 termino
2219 3360 2340 3400 esse
2371 3344 2642 3407 videntur,
2674 3345 2748 3398 ita
2789 3359 2899 3397 sua:
2947 3343 3278 3412 operationis
3300 3345 3548 3401 ordinem

1963 3435 2246 3498 retinebat,
2279 3442 2336 3487 ut
2373 3449 2473 3488 nec
2505 3432 2813 3502 psalmodia:
2845 3433 2926 3486 vel
2973 3433 3273 3501 vigiliarum
3315 3449 3548 3489 consue-

1964 3525 2205 3579 tudinem
2248 3524 2701 3592 pmtermitteret,
2731 3538 2828 3577 nec
2858 3523 3185 3592 jejuniorum
3231 3523 3312 3578 vel
3345 3524 3544 3580 silentii

1961 3628 2242 3668 censuram
2265 3622 2627 3682 postponeret.
2657 3611 2896 3677 Qualiter
2936 3622 3116 3666 autem
3157 3627 3253 3666 nos
3303 3613 3393 3680 qui
3444 3629 3544 3668 suo

1960 3706 2113 3761 lateri
2156 3704 2362 3775 jugiter
2383 3705 2804 3767 adhzrseramus,
2835 3704 2887 3756 in
2913 3717 3011 3757 suo
3045 3701 3274 3770 jejunio,
3305 3712 3362 3756 ut
3387 3713 3546 3774 puta-

1957 3801 2136 3865 batur,
2157 3799 2390 3869 decepit,
2415 3813 2519 3852 non
2545 3811 2786 3867 possum,
2809 3797 2932 3865 quia
2958 3811 3058 3850 nec
3081 3797 3269 3861 debeo,
3289 3799 3540 3853 reticere.

1956 3893 2109 3962 Apud
2141 3890 2321 3945 Gallos
2350 3904 2581 3959 itainque
2633 3889 2732 3942 ista
2766 3887 3084 3942 universalis
3112 3888 3255 3954 viget
3315 3903 3542 3941 consue-

1961 3982 2090 4036 tudo
2121 3989 2180 4034 ut
2209 3979 2416 4032 vinaria
2456 3976 2673 4031 vascula
2723 3976 3050 4029 intrinsecus
3080 3973 3229 4042 prius
3267 3975 3384 4043 pice
3419 3990 3542 4042 per-

1957 4072 2205 4136 fundant,
2235 4079 2291 4126 et
2319 4069 2582 4124 servanda
2607 4067 2727 4120 vina
2757 4066 2835 4121 sic
2881 4066 2932 4119 in
2962 4079 3026 4119 ea
3080 4064 3420 4133 postmodum
3451 4081 3539 4120 re-

1955 4162 2221 4227 condant;
2261 4174 2381 4230 qua:
2430 4159 2572 4212 illius
2613 4167 2766 4210 terra:
2795 4156 3058 4224 indigenae
3100 4156 3252 4223 quasi
3304 4156 3536 4224 quodam

1954 4255 2229 4325 pigmento
2255 4252 2443 4305 dicunt
2469 4265 2588 4304 esse
2619 4247 2854 4311 condita,
2890 4245 2984 4300 sed
3015 4243 3370 4299 adventantes
3419 4245 3550 4316 plu--

1955 4343 2077 4398 rimi
2107 4350 2434 4397 nauseantes
2460 4337 2888 4407 respuuntquasi
2911 4336 3030 4406 pice
3067 4345 3343 4405 corrupta.
3371 4335 3537 4393 Nobis

1953 4432 2260 4502 hujusmodi
2296 4431 2475 4484 vinum
2499 4430 2736 4498 pruritus
2763 4428 2900 4497 gulae
2928 4427 3087 4482 citius
3116 4428 3535 4494 commendavit;

347 4529 398 4583 7.
451 4529 544 4586 llis
566 4531 726 4599 igitur
772 4531 1054 4585 verborum
1085 4530 1204 4584 telis
1229 4496 1332 4584 ille,
1374 4530 1707 4595 vulneratus,
1742 4547 1852 4587 imo
1881 4496 1930 4556 Ι)
1956 4525 2044 4580 ille
2067 4537 2196 4578 νεεΐο
2227 4520 2387 4581 ﬁdeli»
2417 4531 2473 4573 υι
2505 4521 2849 4588 Putabam“:
2879 4518 3196 4586 deceptione
3236 4517 3311 4572 ila
3339 4519 3537 4573 ⁸⁸⁵³0³³·

277 4619 680 4690 Scripturarum
721 4619 1005 4690 aggeribus
1057 4618 1212 4673 vivus
1257 4619 1526 4681 humatus,
1587 4620 1844 4689 compita,

277 4709 618 4774 diverticula,
638 4709 816 4764 itineri
840 4724 1071 4778 quaeque
1095 4709 1302 4780 pervia,
1329 4724 1424 4779 per
1449 4725 1576 4765 suos
1594 4711 1852 4765 satellites

275 4800 631 4863 observabat,
663 4807 934 4867 quatenus
974 4799 1056 4852 vel
1089 4813 1211 4852 eum
1245 4799 1587 4865 occiderent,
1631 4800 1710 4855 vel
1740 4801 1853 4854 suis

274 4888 553 4944 obtutibus
589 4889 770 4942 vivum
814 4897 1288 4957 reprcesentarent.
1335 4887 1438 4943 Sed
1473 4889 1562 4943 ille
1591 4890 1873 4962 prudens,

273 4981 428 5054 quasi
477 4998 560 5039 reo
598 4984 912 5049 conlidens,
974 4982 1182 5038 itineris
1223 4983 1433 5038 diversa
1480 4981 1760 5053 pericula,
1799 4991 1854 5037 et

273 5076 420 5131 illius
445 5073 675 5130 furtivas
708 5075 953 5142 insidias,
985 5084 1187 5130 sancta:
1231 5075 1500 5145 superbiae
1527 5075 1664 5144 pede
1699 5076 1848 5143 parvi

273 5166 515 5238 pendens
537 5166 786 5222 calcavit.
830 5165 1094 5221 Nimirum
1126 5164 1267 5219 illius
1295 5164 1460 5219 fultus
1484 5173 1599 5220 erat
1626 5165 1848 5231 auxilio,

344 5293 558 5364 (54)],n
597 5293 847 5364 opusculo
888 5290 1505 5364 inscriptoudisceptatio
1552 5289 1848 5364 synodalis,

271 5361 400 5418 tom.
430 5363 546 5427 Ill,
585 5361 637 5433 p.
661 5363 753 5427 54,
784 5364 858 5433 ait
879 5361 1106 5418 Petrus:
1134 5361 1401 5433 (jadalous
1431 5376 1481 5433 a
1503 5361 1851 5433 cadendodi-

271 5443 416 5499 ctus,
452 5429 660 5488 ruinam
702 5432 882 5503 populi
913 5440 1103 5497 sonat;
1136 5429 1380 5503 Pressius
1421 5429 1513 5503 lib.
1540 5447 1576 5492 ι,
1606 5447 1710 5503 ep.,
1742 5431 1846 5484 20:

271 5504 448 5574 prima
479 5519 604 5573 pars
635 5499 794 5574 hujus
838 5503 1072 5574 nominis
1123 5500 1409 5574 manifeste
1440 5499 1721 5574 denuntiat
1771 5517 1851 5554 ca-

269 5569 677 5651 iutthsecunda
704 5569 990 5651 populum;
1026 5572 1144 5651 ἔρος
1175 5571 1440 5651 siquidem
1466 5569 1704 5651 populus.

344 5644 458 5766 ’35)
493 5643 614 5697 Rem
641 5639 798 5696 Ita'bes
849 5641 990 5712 apud
1015 5639 1225 5722 [felt-um
1252 5643 1305 5693 in
1330 5640 1581 5720 opusculo
1609 5639 1690 5702 18,
1720 5649 1845 5693 tom.

270 5713 334 5768 Η
381 5758 395 5781 ,
437 5731 489 5785 ρ.
516 5713 640 5770 206.
665 5713 799 5770 Item
837 5713 984 5782 epist.
1014 5712 1101 5765 lib.
1140 5726 1180 5777 ι,
1213 5711 1301 5766 20.
1331 5709 1649 5764 lnrecttones
1675 5719 1846 5764 autem

1956 4616 2064 4669 ruit
2088 4623 2266 4668 utnec
2293 4611 2456 4666 etiam
2483 4610 2754 4674 convivio,
2785 4609 2837 4663 in
2879 4624 2985 4678 quo
3012 4609 3221 4673 aderat,
3275 4608 3536 4664 interesse

1953 4704 2206 4758 voluerit.
2243 4702 2335 4756 Sic
2363 4716 2460 4770 per
2490 4710 2656 4755 totam
2684 4699 2912 4755 Galliam
2940 4698 3172 4754 districti
3218 4697 3406 4769 jejunii
3455 4709 3536 4752 te-

1955 4797 2072 4849 nuit
2095 4807 2402 4854 ceusuram,
2434 4793 2558 4860 quia
2585 4804 2928 4860 nequaquam
2960 4790 3210 4857 precibus
3240 4789 3534 4856 impetraro

1954 4886 2224 4956 potuimus
2246 4892 2306 4938 ut
2329 4881 2408 4936 vel
2449 4896 2666 4952 parvam
2691 4882 2803 4950 ipse
2825 4879 2982 4948 hujus
3011 4878 3117 4932 vini
3147 4889 3383 4932 sumeret
3415 4893 3535 4933 sor-

1958 4975 2328 5032 bitiunculam.
2353 4976 2505 5046 Aqua
2537 4991 2665 5030 vero
2692 4973 2832 5028 illius
2856 4973 3043 5042 patria:
3080 4971 3165 5025 vix
3210 4969 3406 5025 alicubi
3463 4969 3532 5024 ad

1955 5067 2246 5122 bibendum
2283 5065 2477 5120 habilis
2503 5065 2790 5119 invenitur.
2827 5062 3010 5117 Pisces
3036 5075 3248 5130 quoque
3285 5070 3339 5114 et
3370 5074 3531 5114 accu-

1956 5167 2104 5213 ratos
2132 5157 2284 5214 cibos
2305 5158 2590 5212 occasione
2619 5154 2857 5225 qualibet
2876 5152 3087 5224 penitus
3108 5149 3410 5222 respuebat.
3439 5150 3532 5208 Sic

1955 5292 2302 5345 acerbissima?
2325 5287 2472 5343 Petri
2510 5289 2564 5342 in
2586 5286 2879 5342 Cadaloum
2919 5285 3114 5355 passim
3164 5286 3217 5338 in
3240 5299 3354 5354 ejus
3395 5287 3528 5339 scri-

1953 5364 2054 5434 ptis
2077 5361 2337 5429 leguntur.
3422 5426 3431 5436 ⁸
3514 5426 3526 5437 _

2022 5432 2134 5500 (56)
2159 5429 2382 5500 Exstant
2406 5429 2516 5500 [nec
2537 5429 2771 5500 carmina
2801 5437 2937 5500 inter
2966 5436 3152 5481 etatem
3184 5424 3526 5500 P._D_amtam

1951 5502 2090 5556 edita
2119 5497 2246 5554 tom.
2277 5498 2306 5552 I
2325 5498 2383 5564 V,
2409 5515 2461 5564 p.
2491 5497 2578 5551 46.
2617 5503 2796 5567 Itaque
2817 5498 2904 5550 [tio
2929 5516 2989 5552 ea
3011 5497 3473 5567 pra’tet‘mittimus.

2023 5572 2135 5648 (57)
2189 5568 2462 5648 Mariane:
2491 5564 2720 5648 Alpium
2749 5567 2935 5623 incola:
2981 5564 3233 5638 quidam,
3283 5575 3342 5619 ut
3369 5564 3530 5621 docet

1951 5637 2182 5712 Cangius
2216 5640 2268 5694 in
2291 5637 2586 5694 Glossario.
