4078 6336
703 312 762 370 7!

1505 310 1731 372 ADDIT.
1772 313 1865 368 AD
1901 312 2067 369 του.
2107 311 2171 365 ιιι
2206 305 2357 365 OPP.
2401 306 2462 363 S.
2502 305 2707 362 PETRI
2744 306 3047 363 DAMIANI.

3809 314 3879 367 872

664 426 885 498 quidem
904 436 958 483 et
977 427 1147 485 :estivi
1169 427 1367 484 caloris
1380 429 1628 486 ardorem
1648 431 2061 501 sustinebatper
2077 430 2245 493 diem,
2276 429 2322 487 Α
2352 424 2613 480 Dominus
2646 426 2724 480 ait
2754 442 2767 480 :
2810 423 2980 480 Nemo
3000 426 3239 480 accendit
3271 430 3548 481 lucernam
3581 439 3628 483 et
3660 430 3781 497 posit
3801 448 3878 489 ean

662 527 722 575 et
751 519 1056 591 vigiliarum
1102 536 1199 590 per
1231 530 1442 576 noctem
1492 538 1598 577 non
1655 523 1939 578 deserebat
1982 521 2244 577 laborem.

663 604 775 663 Sed
826 622 931 662 non
992 607 1113 662 sine
1161 608 1520 663 admiratione
1554 609 1753 665 intueri
1810 610 1983 675 valeo,
2012 626 2136 664 cum
2165 610 2249 664 vir

659 697 764 755 iste
785 698 853 753 ad
877 698 1134 768 synodale
1180 696 1511 753 militaturus
1541 700 1868 769 properabat
1904 700 2169 770 prmlium,
2193 708 2249 757 et

660 800 763 857 pro
783 788 1063 856 ereptione
1086 785 1377 841 multorum
1395 787 1544 842 solus
1567 797 1901 857 pugnaturus
1921 799 2244 851 accesserat,

659 885 724 932 ut
744 878 891 933 vires
940 878 1040 933 sibi
1072 892 1197 932 sero
1219 878 1610 944 subtrahebat;
1650 889 1704 933 et
1743 889 1802 933 ut
1846 878 2249 947 prmdicationis

657 970 763 1024 sibi
819 970 1083 1024 tribueret
1119 969 1349 1038 copiam,
1384 970 1641 1024 continua
1690 970 2001 1024 maeerabat
2050 983 2249 1037 corpus

657 1056 860 1121 inedia,
886 1067 945 1111 et
989 1072 1058 1111 ne
1086 1055 1317 1125 alicujus
1358 1058 1794 1126 reprehensionis
1825 1065 2107 1113 notaretur
2133 1074 2253 1111 nia-

656 1147 800 1217 euia,
816 1147 968 1215 prius
991 1147 1044 1201 in
1062 1161 1172 1202 sua:
1191 1147 1523 1216 operationis
1545 1147 1736 1217 pagina
1760 1147 1957 1217 legerat
1985 1162 2105 1215 qua:
2124 1145 2249 1200 aiiis

658 1235 855 1291 melius
873 1236 1001 1304 quia
1025 1235 1290 1304 duplicius
1311 1238 1654 1305 przedicabat.
1671 1236 2007 1304 Castigabat,
2031 1246 2088 1289 ut
2109 1236 2251 1304 Apo-

657 1323 855 1388 stolus,
890 1339 1090 1396 corpus
1112 1326 1361 1381 servituti
1389 1326 1693 1392 subdendo,
1719 1340 1788 1381 ne
1818 1325 1958 1381 forte
1984 1326 2096 1397 ipse
2124 1326 2247 1382 alis

658 1416 967 1485 praedicans
997 1417 1336 1472 inveniretur
1363 1418 1645 1487 reprobus.
1702 1445 1709 1450 -

728 1506 782 1562 9.
812 1506 1171 1576 Comparetur
1195 1524 1339 1563 nunc
1368 1509 1523 1563 istius
1552 1508 1652 1562 viri
1676 1517 1863 1563 sancta
1892 1507 2080 1563 militia
2106 1508 2249 1564 illius

655 1598 898 1654 victoria:
936 1614 1251 1671 pugnaeque.
1281 1614 1403 1668 quae
1446 1600 1546 1655 sub
1575 1599 1795 1655 Gedeon
1831 1599 2001 1655 fuisse
2039 1601 2247 1655 descri-

655 1689 824 1749 bitur.
853 1689 1069 1747 Gedeon
1099 1700 1291 1746 contra
1345 1690 1666 1746 Madianitas
1703 1691 1996 1748 dimicasse
2025 1692 2243 1761 legitur,

2347 515 2443 569 sub
2488 517 2684 581 modio,
2724 518 2814 570 sed
2856 533 3015 585 super
3061 516 3472 571 candelabrum.
3529 517 3641 571 Non
3672 520 3793 574 enim
3814 538 3881 591 pro

2351 605 2636 673 temporali
2693 606 2979 661 commodo
3031 604 3212 659 lumcn
3248 607 3656 674 prmdicationis
3679 609 3881 665 estdise-

2348 696 2606 759 rendum,
2646 696 2740 748 sed
2793 710 2957 765 super
2985 695 3378 750 candelabrum
3409 697 3589 764 potius
3617 699 3879 767 ponendum,

2349 790 2616 851 quatenus
2643 797 2860 853 semper
2884 798 3047 853 supra
3066 800 3257 839 curam
3279 786 3535 854 corporis
3564 788 3729 858 vigeat
3751 790 3879 858 gratia

2347 873 2770 939 prtedicationis.

2422 962 2509 1017 i0.
2534 962 2631 1017 llis
2669 964 2837 1034 igitur
2870 964 3128 1021 virtutum
3155 967 3284 1023 telis
3316 967 3405 1023 vir
3433 968 3535 1024 iste
3557 970 3879 1034 vallati-emiti-

2349 1068 2564 1123 cunque
2594 1067 2655 1109 se
2698 1056 2914 1110 occasio
2964 1059 3296 1125 praibuerat,
3357 1058 3533 1112 divini
3566 1059 3704 1113 verbi
3742 1072 3879 1114 scissa

2348 1145 2657 1212 spargebat,
2687 1151 2742 1197 et
2763 1148 3019 1198 virtutum
3048 1146 3277 1202 arbores
3320 1146 3376 1200 in
3410 1154 3554 1201 terra
3584 1148 3881 1201 bumanicur-

2349 1234 2433 1287 dns
2462 1234 2762 1303 plantabat,
2790 1250 2930 1304 quas
2956 1239 3305 1304 postmodum
3346 1237 3598 1293 fecundis
3618 1239 3881 1293 exhortatio»

2349 1323 2509 1378 nibus
2539 1323 2817 1394 irrigabat.
2850 1325 3299 1395 Quandocunque
3325 1328 3634 1398 episcopus,
3657 1329 3798 1383 abbas
3813 1336 3880 1381 aut

2348 1411 2581 1481 alicujus
2610 1414 2937 1468 tonditiouis
2985 1413 3168 1480 homo,
3194 1416 3400 1472 debita:
3436 1417 3733 1471 reverentia:
3759 1430 3879 1470 causa

2350 1506 2416 1558 ad
2443 1522 2567 1559 cum
2606 1506 2927 1569 conﬂuebat,
2968 1522 3186 1577 semper
3204 1524 3322 1563 suae
3347 1508 3628 1582 sapientiae
3654 1506 3878 1562 recedebat

2347 1594 2460 1648 sale
2529 1595 2818 1660 conditus,
2874 1605 3078 1650 sancta:
3124 1597 3537 1666 praedicationis
3592 1595 3879 1650 medieamine

2347 1681 2518 1748 lotus,
2557 1683 2797 1740 fraterna
2836 1685 3207 1742 admonitione
3233 1688 3523 1752 deliuizue,
3545 1695 3694 1755 atque
3719 1686 3762 1738 in
3791 1700 3874 1738 om~

653 1783 752 1840 sed
772 1784 992 1844 milites.
1029 1800 1167 1854 quos
1191 1800 1387 1853 aquam
1425 1784 1664 1839 ﬂmninis
1696 1784 1942 1839 hausisse
1971 1784 2128 1838 ﬂexis
2149 1799 2246 1852 ge-
2275 1791 2319 1850 η
2348 1774 2507 1829 nibus
2545 1775 2618 1829 ita
2665 1775 2979 1830 mclioratus
3007 1778 3151 1845 quod
3183 1777 3346 1833 valde
3382 1785 3545 1832 antea
3572 1790 3670 1830 non
3715 1772 3875 1826 venisse

654 1875 818 1933 nibus
843 1878 1145 1946 conspexit,
1185 1893 1218 1932 a
1268 1876 1529 1933 bellorum
1573 1876 1853 1946 procinctu
1884 1879 2132 1946 protinus
2169 1866 2248 1933 re-

653 1965 856 2029 movit;
886 1980 1024 2035 quos
1055 1981 1183 2021 vero
1211 1976 1361 2021 recto
1388 1981 1526 2037 genu
1549 1982 1747 2035 aquam
1789 1967 1975 2022 bibere
2014 1968 2245 2031 viderat,

653 2069 841 2110 secum
874 2055 941 2109 ad
972 2056 1220 2124 praelium
1268 2056 1499 2111 insolitis
1549 2058 1717 2112 armis
1763 2058 2017 2113 muniens
2066 2058 2244 2114 duxit.

654 2142 904 2207 uomuit
960 2146 1071 2201 illic
1124 2147 1481 2212 dicitur,non
1534 2157 1793 2203 consueta
1849 2149 2056 2204 bellica:
2114 2152 2250 2205 art-Is

657 2236 961 2291 munitione
990 2252 1084 2292 eos
1107 2239 1362 2302 armavit,
1387 2242 1481 2293 sed
1514 2239 1566 2293 in
1599 2240 1819 2295 dextera
1857 2242 2036 2302 tubas,
2071 2242 2123 2295 in
2175 2242 2252 2295 si-

655 2325 833 2380 Iislra
876 2335 1071 2381 contra
1099 2328 1336 2382 hostium
1360 2329 1757 2384 multitudinem
1788 2329 2031 2399 lagenam
2055 2342 2243 2386 tenue-

656 2424 815 2481 runt;
842 2425 901 2470 et
926 2417 1029 2480 sic,
1046 2402 1139 2471 Dei
1156 2418 1540 2487 omnipotentis
1566 2418 1941 2487 dispositione,
1963 2421 2049 2474 his
2066 2436 2249 2476 armo-

655 2519 780 2561 rum
803 2507 1094 2577 generibus
1117 2508 1302 2563 hostes
1326 2509 1512 2566 territi
1542 2510 1612 2564 ad
1632 2509 1769 2581 fuga:
1795 2513 2159 2580 patrocinium
2182 2529 2244 2569 se

655 2600 910 2669 protinus
960 2611 1367 2656 converterunt.
1398 2602 1491 2658 Sic
1519 2603 1602 2656 vir
1649 2604 1755 2659 iste
1805 2604 2032 2660 bellicus
2060 2617 2115 2660 et
2146 2607 2250 2663 sub

655 2689 1029 2747 ecclesiastico
1071 2692 1474 2762 campidoctore
1535 2693 1795 2758 nutritus,
1824 2695 1925 2749 sub
1972 2698 2108 2751 duce
2148 2712 2248 2753 suo

651 2775 785 2836 Jesu
814 2795 1047 2851 pergens
1077 2780 1145 2835 ad
1193 2780 1468 2852 prmlium,
1500 2797 1698 2852 aquam
1724 2782 1962 2841 ﬂuminis
1989 2784 2129 2840 ﬂexo
2155 2802 2251 2855 po-

652 2872 784 2943 plite
831 2876 1055 2930 minime
1102 2877 1354 2946 sumpsit,
1410 2878 1539 2946 quia
1587 2878 1892 2933 doctrinam
1940 2881 2237 2949 sapientiai,

652 2978 818 3037 quam
857 2963 926 3018 de
947 2963 1356 3033 Seripturarum
1384 2963 1551 3021 ﬂuvio
1591 2966 1867 3021 sitibundo
1897 2978 2115 3035 pectore
2147 2970 2247 3024 uii-

652 3054 904 3110 rabiliter
932 3055 1133 3119 hausit,
1162 3065 1321 3111 recta.
1351 3057 1469 3124 ejus
1499 3059 1744 3128 Operatio
1769 3060 2090 3115 nobilitavit.
2123 3061 2246 3115 lllo-

658 3161 781 3202 rum
818 3147 965 3202 enim
1000 3148 1231 3204 militum
1261 3151 1596 3204 consortium
1625 3151 1780 3205 miles
1810 3152 1911 3207 iste
1945 3154 2057 3222 jam
2095 3169 2248 3223 spre-

657 3245 836 3302 verat,
876 3236 1072 3305 quibus
1102 3236 1301 3293 Paulus
1330 3239 1544 3294 dicebat
1575 3257 1588 3293 :
1622 3238 1921 3295 Dissolutns
1971 3257 2158 3295 manus
2196 3252 2246 3297 et

651 3342 824 3397 genua
882 3326 1076 3380 debilia
1118 3328 1380 3383 roborata.
1434 3328 1718 3399 Nunquam
1757 3332 1905 3386 enim
1962 3333 2244 3389 debilitate

650 3431 873 3487 operum
900 3418 1195 3488 spiritualis
1215 3419 1393 3473 hausit
1419 3419 1617 3475 ﬂuenta
1643 3421 1924 3477 doctrinm.
1951 3423 2243 3479 Dexteram

650 3522 785 3562 vero
820 3522 974 3562 suam
1021 3508 1171 3574 tuba,
1223 3508 1500 3563 sinistram
1534 3520 1717 3566 autem
1753 3512 1941 3581 lagena
1987 3516 2237 3579 munivit,

653 3596 783 3666 quia
835 3595 1233 3665 prtedicationis
1266 3596 1524 3661 cilicium,
1552 3615 1671 3669 quae
1699 3617 1795 3670 per
1834 3601 2015 3655 tubam
2045 3604 2245 3659 intelli-

654 3685 821 3755 gitur,
837 3684 1082 3738 fervidus
1105 3686 1424 3752 exercebat;
1456 3690 1704 3757 corporis
1725 3704 1852 3743 vero
1875 3690 2239 3759 fragilitatem,

653 3789 776 3845 quae
807 3776 862 3828 in
894 3773 1085 3845 lagona
1117 3774 1479 3845 signiﬁcatur,
1510 3779 1664 3847 quasi
1694 3793 1791 3848 pro
1818 3780 1988 3834 nihilo
2016 3782 2240 3851 ducens,

650 3864 807 3937 parvi
846 3864 1132 3933 pendebat.
1163 3865 1220 3919 lu
1262 3866 1482 3920 dextera
1510 3868 1672 3935 igitur
1704 3869 1909 3935 tubam,
1943 3871 1996 3925 in
2023 3873 2242 3932 sinistra

649 3952 864 4010 ferebat
913 3952 1184 4024 lagcnam,
1214 3956 1341 4025 quia
1393 3956 1630 4013 sinistrae
1655 3960 1781 4014 vitze
1828 3964 2240 4032 prosperitatem

650 4034 917 4116 respuens
953 4046 1023 4100 ad
1049 4047 1287 4103 dexterze
1309 4048 1435 4104 vita:
1460 4051 1654 4119 gaudia
1680 4052 1988 4108 medullitus
2012 4057 2241 4111 anhela-

651 4134 764 4191 bat.
811 4134 961 4190 Unde
1008 4144 1064 4189 et
1103 4136 1229 4191 huic
1282 4138 1419 4193 bene
1455 4154 1759 4209 congruere
1802 4144 2049 4198 cernitur
2095 4146 2240 4215 quod

648 4225 948 4284 electorum
976 4242 1107 4283 voce
1138 4228 1339 4282 dicitur
1380 4247 1394 4283 :
1434 4227 1592 4284 Lazva
1627 4230 1741 4298 eius
1769 4232 1866 4286 sub
1895 4235 2063 4303 capite
2102 4253 2237 4303 meo,

648 4327 701 4374 et
739 4318 956 4373 dextera
987 4317 1129 4373 illius
1169 4319 1557 4389 amplexabitur
1594 4338 1711 4389 me;
1750 4323 1875 4390 quia
1906 4326 2239 4394 prosperita-

649 4420 762 4467 tem
815 4410 985 4474 laevae,
1034 4425 1153 4479 qua:
1194 4411 1245 4464 in
1294 4413 1546 4481 przesenti
1580 4414 1689 4468 vita
1745 4414 2013 4478 subsistit.
2041 4417 2240 4472 mentis

2349 1864 2695 1919 tristebatur.
2729 1864 2825 1920 Sic
2853 1866 3070 1936 quidem
3110 1865 3348 1923 fecundo
3375 1868 3560 1923 labore
3581 1864 3782 1925 itineris,
3812 1862 3874 1929 qui

2344 1956 2414 2011 ad
2470 1957 2631 2012 unius
2689 1960 3003 2013 monasterii
3036 1959 3270 2014 salutem
3324 1960 3567 2015 fervidus
3627 1955 3873 2012 anhelila'.

2345 2045 2640 2102 multorum
2672 2048 3081 2104 infirmitatibus
3127 2051 3311 2106 obiter
3368 2049 3693 2120 providebat.
3719 2045 3766 2100 in
3804 2044 3873 2096 lioc

2347 2150 2539 2206 nempe
2565 2132 2835 2193 summum
2859 2139 3178 2209 magistrum
3211 2140 3417 2204 nobiljs
3446 2137 3724 2209 discipulus
3745 2134 3872 2189 imita-

2346 2226 2532 2281 batur.
2567 2229 2819 2284 Salvator
2840 2232 3042 2301 quippe
3079 2231 3267 2284 mnndi
3300 2247 3405 2302 pro
3432 2225 3801 2298 arcbisynagogi
3830 2222 3872 2275 li-

2348 2317 2433 2372 lia:
2464 2321 2880 2379 resuscitatione
2926 2323 3205 2393 pergebat.
3255 2324 3358 2377 sed
3418 2324 3470 2376 in
3530 2321 3641 2390 ipso
3682 2318 3867 2372 itinere:

2346 2408 2526 2465 ﬂuxus
2549 2414 2814 2479 sanguine
2848 2413 3121 2482 quandam
3152 2412 3418 2467 femi::am
3446 2428 3559 2467 sua:
3583 2409 3730 2465 vestis
3752 2402 3867 2458 mcdi‘

2348 2504 2563 2558 camine
2590 2504 2875 2569 liberavit;
2903 2514 2956 2559 et
2983 2506 3111 2559 dum
3140 2506 3222 2561 sui
3263 2505 3518 2575 corporis
3538 2498 3785 2572 praesentia
3826 2494 3869 2546 il-

2348 2591 2455 2657 lam
2482 2595 2748 2650 suscitare
2772 2596 3024 2665 dignatus
3050 2604 3157 2662 est,
3195 2596 3353 2665 prius
3402 2595 3562 2653 istam
3587 2588 3688 2647 sola
3713 2582 3867 2641 ίίιιὼτὶὶι

2348 2683 2580 2740 liberare
2605 2685 2791 2739 voluit.

2526 2791 2593 2829 DE
2633 2791 2809 2830 DOMNO
2847 2792 3093 2833 ADRALDO
3131 2791 3471 2833 ιιῐιειιετειιει
3511 2785 3720 2829 ΔΒΒᾹΤΒι

2425 2862 2510 2920 ll.
2540 2867 2863 2921 Adbzerebat
2909 2880 3167 2938 pneterca
3204 2870 3403 2923 nustro
3421 2864 3685 2924 comitatui
3704 2857 3860 2929 quidam

2349 2957 2676 3011 venerabilis
2704 2958 2895 3025 abbas,
2927 2959 3197 3013 Adraldus
3223 2961 3452 3015 nomine
3477 2958 3606 3027 (58).
3642 2954 3720 3023 qui
3741 2962 3863 3020 ‘l‘m'

2349 3046 2471 3102 dam
2501 3057 2705 3102 sancta:
2734 3050 2900 3102 vestis
2924 3050 3167 3103 habitum
3195 3049 3462 3105 Cluniaco
3490 3051 3760 3116 sumpserat
3783 3053 3861 3091 nio-

2276 3144 2321 3205 (1
2353 3137 2614 3201 nasterio,
2647 3149 2703 3191 et
2728 3136 3008 3202 cujusdam
3062 3137 3181 3206 ejus
3230 3138 3551 3195 monasterii
3582 3176 3596 3200 ,
3623 3124 3859 3189 Paternin

2350 3228 2569 3283 nomine
2596 3269 2610 3291 ,
2635 3228 2936 3297 primatum
2971 3229 3310 3300 aliquantum
3347 3238 3579 3286 reserat.
3624 3221 3860 3291 νὶτηυίρρο

2347 3319 2502 3374 valde
2535 3320 2836 3374 litterarum
2884 3320 3080 3375 studiis
3110 3322 3362 3376 eruditus
3388 3330 3445 3376 et
3495 3316 3764 3374 liberalium
3796 3322 3858 3361 ar-

2348 3413 2481 3463 tium
2513 3412 2707 3478 peritia
2734 3420 3052 3475 exornatus,
3074 3412 3362 3480 religiosus
3387 3414 3439 3466 in
3468 3423 3643 3479 opere,
3665 3399 3859 3459 facundus

2347 3498 2669 3553 mirabiliter
2712 3500 2764 3554 in
2801 3514 3072 3565 sermone,
3101 3501 3375 3559 celebrem
3424 3513 3478 3557 et
3523 3497 3729 3567 regalem
3770 3497 3859 3542 tunc

2346 3590 2609 3659 temporis
2638 3591 2935 3654 abbatiam,
2968 3590 3376 3649 Bremetensem
3424 3591 3644 3650 scilicet,
3663 3575 3857 3655 pastorali

2344 3682 2689 3752 providentia
2713 3682 3068 3753 gubernabat.
3115 3683 3217 3749 Qui
3246 3686 3468 3753 quidem
3507 3684 3559 3735 in
3600 3677 3751 3747 prim".
3779 3678 3857 3722 ⁵⁸⁸³

2345 3775 2673 3843 cognitionis
2722 3775 2907 3829 limine
2945 3775 3101 3844 quasi
3156 3775 3411 3830 aus'tcrus
3462 3783 3515 3828 et
3544 3760 3857 3825 inconvenietll

2335 3865 2642 3935 jndicatur;
2670 3869 2791 3932 sed,
2818 3878 3106 3937 postquam
3142 3869 3194 3925 in
3241 3868 3360 3937 ejus
3383 3848 3855 3948 fauiiliaritatisallii

2343 3958 2576 4026 corporis
2606 3958 2863 4024 residere,
2895 3967 3021 4033 tunc
3049 3958 3250 4023 subito,
3283 3960 3440 4030 quasi
3456 3957 3726 4027 ,alteratus.
3744 3945 3855 4033 bell"

2340 4060 2499 4115 guns,
2524 4050 2782 4117 prudens,
2818 4049 3119 4105 tractabilis
3149 4050 3445 4106 invenitur.
3479 4047 3580 4103 Sed
3613 4044 3731 4097 inter
3766 4031 3852 4102 pln-

2341 4138 2476 4192 rima
2510 4139 2667 4193 istius
2703 4139 2801 4192 viri
2849 4139 2988 4193 dona
3045 4139 3332 4207 virtutum,
3379 4148 3463 4196 est
3513 4132 3725 4205 qumdzun
3769 4128 3854 4187 ιιιιπ

2341 4228 2650 4285 hominibus
2674 4228 2822 4283 illmn
2853 4230 3007 4285 valde
3058 4234 3410 4287 commendat
3445 4239 3501 4286 et
3546 4228 3595 4283 in
3620 4217 3849 4277 multorum

2341 4319 2537 4374 devota
2560 4321 2848 4375 dilectione
2870 4323 3100 4378 validius
3125 4324 3339 4380 solidat.
3367 4324 3484 4379 Non
3507 4311 3706 4375 etiiinad
3725 4309 3851 4362 insul

2341 4411 2721 4469 Cluniacensis
2749 4414 3154 4479 muniﬁcentiae,
3194 4431 3374 4486 neque
3405 4410 3623 4481 alicujus
3655 4414 3747 4457 sum
3777 4404 3846 4461 1³³·

650 4501 951 4557 intentione
974 4500 1249 4565 calcabat;
1273 4511 1444 4555 totum
1462 4518 1521 4558 se
1549 4504 1600 4558 in
1629 4505 1838 4573 gremio
1865 4515 2084 4559 tutel-nte
2113 4503 2239 4559 bea-
2268 4492 2318 4551 Ι)
2346 4507 2461 4561 triae
2487 4507 2612 4569 viri,
2649 4507 2745 4561 sed
2784 4507 2937 4575 quasi
2971 4508 3124 4562 nobis
3161 4518 3352 4562 natura
3383 4506 3590 4562 Italicus
3630 4486 3849 4549 inunilirus

651 4589 925 4654 litudinis,
956 4604 1077 4659 qua:
1106 4605 1205 4660 per
1246 4590 1528 4647 dexteram
1579 4596 1864 4665 accipitur,
1915 4598 2236 4655 collocabat.

651 4682 783 4738 Erat
810 4682 994 4755 igitur,
1027 4692 1085 4736 ut
1115 4682 1371 4739 Salomon
1403 4686 1534 4743 dicit
1573 4705 1588 4741 :
1629 4687 1927 4759 Longitudo
1948 4692 2153 4745 dierum
2182 4694 2239 4748 in

649 4777 865 4830 dextera
895 4775 1030 4845 ejus,
1065 4775 1119 4829 in
1161 4777 1377 4831 sinislra
1415 4795 1536 4833 vero
1569 4777 1714 4832 illius
1744 4780 1938 4835 divitiis
1961 4790 2010 4835 et
2045 4782 2236 4852 gloria.

650 4867 943 4922 Incedebat
977 4881 1109 4938 ergo
1148 4868 1306 4923 miles
1362 4868 1465 4923 istc
1494 4869 1675 4924 taliter
1701 4882 1948 4926 armatus
1979 4890 1992 4926 :
2020 4882 2142 4928 erat
2179 4874 2237 4931 in

651 4960 875 5015 dextera
904 4959 1040 5029 ejus,
1076 4967 1136 5013 ut
1166 4959 1386 5025 dicitur,
1422 4959 1578 5029 ignea
1608 4960 1724 5025 lex;
1753 4970 1871 5017 erat
1896 4977 2129 5019 canorus
2181 4972 2237 5020 et

651 5052 914 5107 terribilis
942 5054 1083 5107 tuba:
1112 5052 1324 5107 sonitus
1344 5092 1359 5118 ,
1390 5054 1539 5122 parvi
1588 5055 1858 5122 pendebat
1901 5072 2117 5126 corpus,
2150 5073 2238 5112 τοο

650 5143 879 5199 borabat
932 5145 1183 5214 spiritum
1217 5183 1232 5207 ,
1272 5147 1591 5200 attcnuabat
1637 5161 1860 5200 carnem
1899 5186 1913 5211 ,
1956 5147 2238 5217 saginabat

648 5246 911 5300 mentem,
936 5237 1261 5292 exteriorem
1290 5237 1563 5292 hominem
1587 5237 1904 5308 castigabat,
1924 5238 2234 5294 interiorem

647 5326 859 5381 viribus
885 5326 1203 5393 roborabat,
1232 5328 1434 5383 nullius
1470 5329 1679 5384 timoris
1708 5327 1789 5384 vel
1816 5330 2018 5384 amoris
2042 5329 2237 5385 iutuittt

649 5434 763 5478 tua:
800 5422 1197 5493 pratdicationis
1227 5423 1506 5479 lucernam
1534 5424 1938 5495 exstinguebat,
1978 5426 2132 5497 quia,
2176 5434 2238 5481 ut

721 5614 836 5684 (38)
882 5614 956 5670 De
1001 5616 1104 5671 hoc
1155 5615 1375 5671 homine
1410 5615 1603 5671 Petrus
1656 5616 1771 5686 ipse
1825 5617 2121 5674 Damianus
2174 5620 2230 5675 in

647 5702 838 5760 epusc.
855 5700 1042 5754 xxxrv,
1055 5685 1112 5752 5,
1125 5689 1203 5741 sic
1219 5704 1233 5739 :
1257 5686 1472 5740 Adraldi
1487 5685 1766 5757 prudentis
1782 5696 1836 5743 et
1850 5686 2084 5760 religiosi
2104 5692 2227 5760 viri,

2342 4606 2398 4652 et
2430 4596 2614 4667 largus
2639 4611 2852 4666 semper
2879 4595 3126 4654 habetur.
3175 4596 3290 4653 lloc
3331 4608 3558 4665 namque
3603 4583 3845 4643 nostrorum

2342 4687 2670 4745 famulorum
2697 4705 2793 4744 ora
2833 4699 3126 4752 testantur,
3172 4704 3309 4760 quos
3363 4706 3468 4747 non
3514 4678 3729 4740 litediuis.
3769 4675 3844 4721 ““n

2339 4780 2537 4843 ovinis,
2575 4780 2670 4836 sed
2698 4780 2933 4850 vulpinis
2959 4779 3188 4850 pellibus
3220 4781 3375 4836 texit.
3416 4780 3705 4847 Quantillm"
3741 4765 3842 4811 ¹⁹⁰³⁹

2341 4880 2402 4928 ut
2425 4872 2646 4934 dicitur,
2678 4869 3013 4939 impediente
3041 4870 3279 4935 fortuna,
3307 4880 3543 4925 tenacem
3564 4854 3733 4939 Gallie
3755 4856 3841 4939 ιιξο·

2334 4981 2448 5020 I‘em
2502 4965 2558 5023 in
2610 4976 2698 5018 me
2748 4938 2865 5017 solo
2911 4962 3182 5026 servavit;
3241 4962 3336 5016 sed
3382 4975 3487 5016 non
3530 4951 3683 5009 debeo

2333 5059 2438 5115 viri
2469 5068 2649 5113 tacere
2678 5056 2954 5127 praaconia
2978 5095 2994 5121 ,
3025 5056 3239 5111 tametsi
3280 5056 3413 5111 mihi
3441 5050 3579 5109 nulla
3613 5027 3840 5097 (ῐοιιῑιιιθτΙι

2333 5149 2576 5221 praemia.
3627 5221 3645 5228 Δ
3705 5214 3716 5228 ⁸

2404 5241 2699 5310 Postquam
2742 5238 2825 5293 vir
2851 5238 2957 5293 iste
2984 5236 3155 5293 nostri
3198 5239 3406 5294 itineris
3442 5231 3594 5301 cot‘l’it
3622 5215 3837 5313 “ﬂip’f’

2344 5335 2515 5405 ticcps
2543 5342 2600 5387 et
2628 5331 2795 5387 totius
2827 5343 3028 5389 nostra:
3053 5331 3442 5385 convenientia:
3476 5319 3725 5405 contmth

2343 5426 2424 5495 pit
2454 5387 2659 5480 iiabere
2704 5423 3059 5488 consortium,
3093 5434 3312 5490 cuncta,
3360 5434 3477 5493 qua:
3518 5402 3693 5483 agenda
3718 5387 3833 5447 em"

2339 5619 2432 5688 qui
2488 5616 2823 5674 Brcmetensi
2876 5615 3163 5687 praeminet
3216 5609 3549 5673 monasterio,
3600 5583 3734 5654 didici
3771 5586 3834 5630 τε·

2324 5690 2556 5750 ,latione.
