4078 6336
242 331 350 387 8τ5

1241 326 1300 382 S.
1344 323 1550 381 PETRI
1587 321 1869 380 DAMIAM
1908 320 2068 375 ITER
2119 318 2488 376 GALLICUM.

3406 317 3502 374 871

237 448 359 518 ejus
387 443 616 502 consilio
643 441 1003 500 credebantur
1025 439 1248 512 ejusque
1274 437 1612 508 dispositioni
1644 435 1821 490 omnia
1852 437 1899 496 Α
1927 431 2202 487 servitutis
2239 430 2411 486 ofﬁcia
2441 431 2514 486 ita
2545 429 2684 501 apud
2711 445 2812 486 eos.
2843 430 3068 500 prmidc
3099 429 3508 500 distinguuntur

243 537 619 608 tradebantur.
652 535 770 605 Ipse
790 549 1009 604 quoque
1031 530 1405 588 Cluniacensis
1449 528 1618 584 abbas
1659 527 1734 582 ita
1769 526 1822 580 in

236 630 361 697 ejus
389 629 494 683 viri
524 627 810 698 prudentia
841 624 1149 679 conﬁdebat
1198 631 1257 677 ut
1297 620 1496 676 nullius
1536 619 1616 674 rei
1658 632 1825 687 nego-

245 722 378 776 tium
410 720 531 776 sine
577 716 694 787 ejus
721 715 952 773 consilio
979 730 1140 786 agere
1193 713 1525 785 disponeret.
1585 709 1824 766 Tandem

239 821 365 880 post
388 810 607 866 mstivos
635 809 884 872 sudores,
914 815 1036 876 post
1069 805 1337 861 maximos
1361 813 1417 859 et
1442 803 1640 857 multos
1677 800 1827 856 labo-

243 917 352 965 res,
383 910 508 970 post
535 899 702 955 multa
748 907 805 952 ct
857 899 1069 953 diversa
1102 895 1362 968 pericula,
1395 903 1518 966 post
1569 892 1825 948 immania

242 993 507 1047 montium
536 999 588 1045 et
615 990 947 1060 Alpiumpra:
962 987 1172 1058 cipitia,
1200 986 1266 1041 ad
1295 992 1702 1056 exspectantem
1725 997 1825 1037 nos

241 1081 490 1138 venimus
519 1079 858 1136 Cluniacum.
892 1078 967 1131 De
997 1084 1259 1148 apparatu
1288 1084 1469 1130 autem
1517 1071 1824 1143 processio-

242 1172 328 1228 nis
349 1180 404 1225 et
441 1184 653 1226 summa
684 1168 972 1224 devotione
1012 1175 1232 1222 nostra}.
1259 1163 1588 1234 receptionis
1637 1175 1825 1231 super-

245 1277 474 1318 vacuum
504 1269 589 1316 est
618 1259 882 1323 scribere,
929 1272 1052 1312 cum
1091 1272 1214 1311 eum
1245 1254 1362 1324 jam
1406 1253 1618 1309 devotis
1651 1251 1826 1306 mani-

240 1351 342 1408 bus
363 1361 686 1422 przesentem
709 1347 1096 1416 suscipiebant,
1119 1360 1282 1415 quem
1323 1359 1418 1414 pro
1452 1342 1594 1397 illius
1638 1355 1825 1395 mona-

237 1444 391 1498 sterii
420 1443 674 1500 libertate
709 1441 799 1496 ditt
839 1441 952 1512 jam
1002 1438 1290 1494 advenisse
1338 1435 1524 1492 multis
1571 1433 1824 1505 precibus

238 1533 575 1605 ﬂagitabant.
609 1531 762 1587 Tunc
782 1529 1056 1587 communi
1101 1527 1331 1584 consilio
1370 1525 1635 1606 coepimus
1683 1537 1823 1593 qua:-

241 1641 364 1680 rere
419 1625 550 1696 quid
600 1638 764 1693 super
806 1621 1067 1677 vocandis
1115 1620 1184 1675 ad
1239 1618 1506 1690 synodum
1557 1614 1824 1686 episcOpis

239 1718 408 1772 statui
446 1716 692 1770 deberet.
724 1713 859 1768 Nam
882 1713 1170 1783 episcopus
1206 1710 1294 1765 ille
1348 1708 1503 1780 cujus
1533 1705 1823 1762 temerario

1927 531 2088 591 atque
2109 522 2194 591 pia
2219 537 2283 576 cx
2326 522 2594 576 industria
2622 520 2984 592 prowlantur,
3026 529 3086 574 ut
3119 536 3220 577 nec
3249 515 3515 590 longiorir

1925 613 2032 669 diei
2061 614 2279 685 aliquod
2305 614 2537 684 spatium
2575 629 2606 668 a
2646 613 2828 670 divino
2859 629 3051 669 Vacare
3089 615 3260 682 possit
3295 611 3507 676 cilicio;

1926 705 2001 760 ita
2030 704 2176 759 enim
2209 704 2260 758 in
2295 704 2685 760 ecclesiasticis
2727 713 3032 760 atteruntur
3062 704 3259 762 ofﬁciis
3305 715 3367 762 ut
3418 707 3510 761 vix

1926 795 2250 852 claustrensi
2276 807 2333 851 et
2362 797 2588 851 honesta
2620 795 2912 858 locutione,
2949 796 3055 850 nisi
3102 796 3296 867 signis,
3336 797 3508 866 possit

1925 886 2062 942 alter
2087 887 2244 943 alteri
2272 887 2472 958 aliquid
2502 888 2785 952 intimare;
2829 902 2950 957 quae
2993 888 3210 958 quidem
3241 887 3316 943 ita
3350 900 3510 945 cauta

1926 987 1980 1032 et
2007 979 2312 1035 necessaria
2339 977 2662 1035 omnibusin
2687 977 2820 1034 locis
2849 978 2988 1032 facta
3029 978 3506 1048 deprehenduntur

1925 1076 1984 1122 ut
2021 1069 2222 1125 nullius
2274 1069 2532 1138 levitatis,
2575 1069 2773 1125 nullius
2811 1070 3253 1141 reprehensionis
3292 1072 3505 1128 valeant

1925 1159 2133 1214 macula
2186 1161 2454 1215 denotari.
2523 1160 2600 1216 De
2653 1160 2900 1216 ciborum
2953 1176 3082 1218 vero
3143 1161 3230 1218 vel
3274 1162 3506 1219 vestiunt

1924 1250 2260 1319 :equalitate,
2293 1253 2360 1308 de
2393 1251 2480 1322 pia
2526 1251 2866 1308 inﬁrmorurn
2922 1252 3300 1324 compassione
3347 1263 3505 1324 atque

1923 1340 2165 1396 omnium
2211 1357 2500 1398 causarum
2553 1357 2791 1422 congrua
2844 1343 3224 1400 distributione
3269 1345 3508 1400 scribere

1924 1434 2268 1504 supersedeo,
2297 1449 2421 1491 cum
2451 1451 2553 1492 nec
2575 1436 2690 1506 ipse
2714 1437 2883 1494 abbas
2903 1438 2985 1493 vel
3015 1439 3275 1510 sospitate
3297 1438 3507 1509 vigens,

1923 1525 2008 1582 vel
2040 1526 2353 1584 inﬁrmitate
2375 1537 2654 1600 gravatus,
2680 1529 2916 1600 aliquam
2953 1530 3058 1586 sibi
3100 1545 3376 1587 cameram
3426 1530 3508 1586 vel

1923 1617 2071 1673 aliud
2103 1621 2233 1690 quid
2262 1622 2596 1692 praecipuum
2625 1623 3021 1686 consuetussit
3041 1623 3340 1678 vindicare.

1997 1709 2082 1764 i5.
2127 1709 2172 1766 Ο
2219 1712 2415 1768 nobilis
2449 1723 2505 1768 et
2547 1713 2844 1770 lsraelitica
2879 1713 3084 1770 Christi
3112 1713 3344 1779 familia,
3388 1729 3508 1783 qua:

240 1822 376 1862 ausu
425 1805 582 1861 istius
609 1819 788 1859 causae
822 1803 1097 1874 negotium
1128 1801 1422 1873 agebatur,
1453 1805 1617 1868 prout
1661 1795 1823 1851 habet
1853 1799 1899 1860 Β
1926 1806 2250 1874 degenerem
2296 1803 2518 1878 [Egypu
2562 1807 2822 1862 deserens
2869 1807 3206 1870 servitutem,
3252 1813 3310 1861 ει
3359 1821 3507 1862 mare

239 1896 518 1952 smcularis
541 1895 763 1959 astutia,
805 1903 1091 1965 postquam
1121 1899 1365 1946 nostrum
1400 1889 1540 1944 fama
1569 1886 1822 1942 nuntian-

242 1997 297 2042 te
325 1987 577 2059 cognovit
618 1986 931 2050 adventum,
961 1983 1087 2054 quia
1137 1997 1245 2038 non
1301 1981 1447 2036 illius
1493 1988 1654 2034 terrae
1700 1984 1824 2033 erat

233 2078 516 2148 indigena,
546 2091 655 2148 quo
684 2075 927 2131 futurum
951 2072 1243 2130 concilium
1272 2070 1561 2128 occasione
1583 2067 1820 2138 quadam

239 2172 412 2225 vitare
440 2170 726 2240 potuisset,
754 2167 895 2238 apud
922 2181 1053 2222 suos
1079 2164 1289 2234 longius
1314 2176 1612 2235 properans
1643 2159 1824 2214 latita-

240 2264 353 2316 hat.
396 2262 501 2317 Sed
532 2262 773 2332 nequivit
800 2242 936 2332 fugae
982 2258 1288 2329 patrocinio
1314 2253 1679 2311 Cabillonensi
1709 2267 1822 2308 non

240 2356 508 2409 interesse
553 2353 808 2409 concilio.
859 2349 1148 2422 Synodalis
1189 2361 1424 2417 namque
1453 2345 1717 2401 terminus
1747 2343 1820 2398 ita

237 2446 462 2517 provide
483 2445 751 2500 statuitur
775 2444 920 2515 quod
946 2441 1222 2513 longinqui
1249 2447 1306 2494 et
1336 2437 1658 2493 remotiores
1685 2450 1825 2507 pra:-

238 2539 388 2595 sulcs
412 2540 910 2595 naviterinteresse
943 2533 1238 2607 potuerint.
1271 2531 1424 2586 Tunc
1445 2545 1515 2586 ex
1557 2529 1821 2600 apostoli-

230 2647 319 2687 ca:
363 2630 510 2687 sedis
579 2629 905 2684 auctoritate
947 2623 1377 2682 commonitorite
1422 2621 1490 2677 ad
1542 2621 1824 2690 episcopos

233 2722 547 2794 diriguntur
573 2717 840 2790 epistolae,
873 2717 1113 2773 debitam
1138 2715 1384 2771 Romano
1413 2711 1654 2782 pontifici
1695 2710 1824 2766 obc-

236 2813 499 2868 dientiam
525 2813 878 2882 imperantes,
907 2818 964 2864 et
996 2807 1380 2864 inobedientize
1405 2803 1700 2860 vindictam
1730 2817 1824 2858 ca-

237 2903 432 2958 nonice
469 2903 834 2967 intentantes,
867 2899 1049 2956 locum
1093 2910 1311 2969 quoque
1354 2904 1411 2952 et
1462 2894 1604 2950 diem
1651 2892 1821 2950 futuri

237 2995 451 3050 concilii
477 2995 811 3050 nuntiantes.

233 3141 370 3184 LAUS
407 3139 786 3183 CLUNIACENSIS
820 3138 1276 3181 CONGREGATIONIS
1312 3137 1539 3187 EJUSQUE
1576 3136 1815 3176 ABBATIS.

311 3260 397 3315 12.
431 3260 643 3316 interea
672 3269 798 3316 octo
824 3259 1034 3315 dierum
1079 3259 1256 3329 spatio
1281 3257 1580 3314 mansimus
1605 3255 1824 3312 Clunia-

233 3370 325 3410 co.
357 3354 639 3410 Veraciter
670 3355 744 3410 ibi
767 3353 964 3409 multos
988 3353 1164 3423 reperi
1194 3351 1414 3416 Paulos,
1441 3350 1702 3422 plurimos
1716 3349 1821 3402 vidi

237 3447 526 3512 Antonios,
557 3447 650 3516 qui
693 3446 798 3501 etsi
829 3445 1141 3501 solitudinis
1183 3443 1572 3500 habitationem
1603 3454 1710 3498 non
1740 3443 1825 3499 in-

233 3535 450 3600 colunt,
480 3537 930 3591 anachoritanum
959 3535 1239 3606 praemium
1267 3534 1572 3588 imitatione
1597 3548 1824 3602 operum

237 3643 352 3682 non
383 3627 662 3682 amittunt.
689 3626 822 3683 Cum
856 3627 1001 3682 enim
1024 3627 1167 3682 illius
1192 3626 1633 3698 congregationis
1679 3626 1826 3681 ordi-

240 3737 367 3777 nem
391 3730 647 3777 accurate
674 3722 814 3793 εαξρί
843 3722 1178 3792 perspicere,
1205 3730 1258 3777 et
1291 3729 1494 3777 mutuae
1523 3721 1826 3778 dilectionis

242 3815 386 3870 inter
401 3828 498 3870 eos
520 3829 740 3869 manere
763 3813 1194 3869 benevolentiam
1223 3823 1278 3868 et
1320 3815 1677 3870 monasticam
1707 3829 1826 3869 orn-

239 3907 392 3960 ninm
445 3920 733 3962 causarum
787 3905 994 3974 pollere
1032 3906 1489 3970 convenientiam,
1521 3906 1703 3961 statim
1757 3906 1825 3960 ad

237 3995 386 4050 illius
413 3995 700 4066 primitivae
744 3994 999 4049 Ecclesia:
1048 4009 1203 4049 mens
1255 3996 1486 4050 recurrit
1539 3994 1824 4058 familiam,

245 4089 314 4142 de
341 4086 493 4156 cujus
518 4086 674 4141 laude
703 4086 778 4142 ita
810 4085 986 4141 Lucas
1007 4085 1248 4156 loquitur
1277 4104 1289 4139 :
1324 4086 1681 4141 Multitudinis
1711 4102 1825 4140 cre-

236 4178 475 4230 dentium
500 4189 612 4231 erat
648 4193 739 4231 cor
770 4192 932 4231 unum
968 4187 1019 4231 et
1055 4177 1234 4231 anima
1264 4194 1390 4243 una,
1437 4189 1486 4232 et
1527 4189 1673 4233 erant
1719 4177 1824 4232 illis

240 4271 419 4324 omnia
446 4271 767 4325 communia.
815 4270 895 4325 Ad
945 4259 1126 4326 instar.
1145 4271 1292 4325 enim
1341 4270 1484 4326 illius
1539 4270 1826 4341 primitivze

238 4363 487 4428 familiae,
511 4364 685 4419 dicam
728 4365 910 4434 potius
935 4363 1178 4419 cmlcstis
1207 4364 1418 4434 patriae,
1466 4379 1573 4419 non
1617 4373 1703 4420 est
1753 4364 1825 4419 ibi

239 4452 470 4524 alicujus
496 4462 671 4508 metus
697 4453 910 4523 inopiae,
943 4454 1268 4524 nonpondus
1290 4453 1515 4524 alicujus
1552 4453 1782 4510 miseria:
1807 4472 1820 4506 :

1927 1894 2169 1951 Rubrum
2212 1896 2510 1954 submersis
2545 1898 2792 1956 hostibus
2825 1897 3108 1954 incolumis
3136 1889 3507 1966 pertranSivit,

1925 1993 1981 2041 et
2016 1985 2303 2058 superbam
2332 1987 2572 2055 Jericbo,
2620 1989 2831 2044 Domini
2860 1986 3252 2044 circumferens
3299 2002 3506 2050 arcam,

1927 2079 2155 2136 devicit!
2198 2081 2568 2151 importunum
2615 2095 2831 2152 quoque
2876 2079 3254 2145 Nabuzardan,
3299 2080 3507 2136 intesti-

1925 2185 2055 2225 num
2093 2171 2300 2228 scilicet
2326 2171 2536 2227 hostem
2569 2173 2783 2228 ratione
2819 2171 3169 2227 modera’ntiac
3205 2171 3421 2236 stravit,
3454 2180 3507 2226 et

1919 2265 2256 2334 petulantem
2286 2265 2687 2334 liolophernum
2718 2264 2873 2334 quasi
2899 2278 3036 2319 nova
3065 2262 3247 2318 ludith
3273 2261 3508 2316 funditus

1919 2356 2205 2428 iugulavit.
2241 2355 2397 2411 Nunc
2441 2355 2656 2412 cunctis
2695 2354 2910 2424 regibus
2940 2353 3229 2424 superatis,
3264 2351 3510 2407 hostibus

1925 2451 2082 2522 quasi
2106 2449 2341 2520 quadam
2369 2445 2807 2518 repromissionis
2833 2455 2979 2501 terra
3003 2445 3194 2509 utitur,
3223 2443 3291 2499 de
3314 2459 3422 2513 qua
3442 2444 3510 2497 ad

1923 2556 2111 2598 veram
2148 2540 2298 2596 lacte
2341 2549 2398 2596 ct
2449 2537 2607 2594 melle
2642 2545 2957 2600 manantem
2991 2535 3242 2607 operibus
3289 2550 3509 2592 currere

1925 2633 2161 2689 festinat.
2191 2631 2290 2687 Est
2316 2645 2534 2702 quoque
2562 2629 2704 2685 illius
2731 2629 2835 2686 loci
2867 2628 3017 2698 larga
3043 2640 3338 2698 pauperum
3363 2625 3509 2682 elec-

1925 2740 2186 2798 mosyna,
2243 2723 2516 2794 hospitum
2565 2731 2622 2778 et
2672 2719 3077 2777 adventantium
3131 2733 3342 2774 summa
3387 2716 3509 2775 dili~

1922 2814 2144 2887 gentia;
2177 2813 2354 2868 nullus
2399 2813 2544 2868 enim
2587 2825 2792 2881 pauper
2821 2809 3104 2865 famelicus
3133 2807 3216 2866 vel
3253 2807 3510 2864 immunis

1925 2907 2051 2963 inde
2098 2906 2336 2971 recedit;
2409 2903 2586 2960 nullus
2633 2903 3125 2974 supcrvenientium
3189 2900 3508 2958 insalutatus

1922 2997 2236 3068 suscipitur,
2281 2995 2366 3052 vel
2408 2996 2762 3051 inbonoratus
2805 2994 2958 3050 abire
3003 2993 3357 3066 permittitur.
3403 2991 3509 3052 Sed

1924 3089 2084 3159 hujus
2106 3097 2311 3144 sanctae
2329 3087 2660 3159 operationis
2677 3085 2870 3142 ﬂuvius
2891 3101 2957 3141 ex
2983 3085 3074 3141 illo
3091 3083 3242 3141 fonte
3265 3083 3506 3155 proﬂuit,

1849 3157 1894 3216 (ἶ
1928 3157 2086 3251 quem
2117 3181 2170 3234 in
2197 3194 2352 3235 sacro
2369 3157 2598 3248 pectore
2626 3177 2842 3232 abbatis
2868 3175 3104 3246 Spiritus
3133 3175 3305 3231 sancti
3335 3175 3508 3244 gratia

1930 3273 2255 3343 propinavit.
2289 3272 2364 3325 Ex
2409 3271 2500 3326 illo
2546 3269 2692 3324 enim
2739 3268 3031 3338 purissimo
3067 3268 3214 3324 fonte
3257 3269 3510 3323 hauriunt

1927 3364 2070 3434 quod
2097 3363 2175 3418 sic
2202 3361 2538 3418 abundanter
2562 3359 2752 3425 fluunt,
2775 3370 2829 3415 et
2863 3361 2918 3414 in
2946 3359 3088 3415 illius
3113 3360 3296 3431 operis
3323 3369 3377 3414 et
3412 3374 3511 3414 ex-

1928 3455 2253 3512 hortationis
2302 3452 2628 3508 bibliotheca
2683 3451 2867 3523 legunt
2912 3451 3147 3522 qualiter
3212 3453 3511 3508 monastiee

1928 3548 2131 3615 vivant,
2163 3545 2397 3615 qualiter
2426 3544 2622 3600 divina:
2660 3544 2993 3613 operationis
3037 3545 3280 3599 ordinem
3333 3552 3515 3600 custo-

1927 3636 2096 3692 diant.
2139 3637 2236 3693 Est
2274 3637 2418 3691 enim
2467 3650 2562 3691 sua
2607 3634 2917 3691 humilitate
2963 3633 3230 3699 amabilis,
3271 3635 3510 3690 moribus

1927 3729 2137 3784 cunctis
2179 3727 2479 3782 tractabilis
2525 3735 2581 3782 et
2611 3741 2803 3783 serena
2844 3727 2927 3781 sui
2958 3725 3140 3782 vultus
3185 3725 3516 3796 proceritate

1928 3822 2182 3878 omnibus
2212 3820 2487 3877 notabilis.
2523 3819 2695 3888 Quem
2747 3819 2890 3875 Deus
2927 3818 3268 3888 omnipOteus
3299 3820 3373 3874 ita
3411 3834 3512 3873 suo

1928 3914 2124 3968 timore
2163 3913 2464 3978 subditum,
2505 3921 2560 3966 et
2594 3925 2781 3966 amore
2832 3909 3119 3975 fervidum,
3145 3920 3204 3965 et
3251 3910 3514 3966 virtutum

1926 4006 2148 4062 floribus
2185 4005 2358 4060 voluit
2397 4019 2520 4060 esse
2549 4005 2924 4074 conspicuum,
2955 4013 3013 4058 ut
3063 4001 3208 4059 illius
3259 4003 3515 4059 Ecclesire

1927 4097 2198 4168 pastorale
2245 4096 2346 4166 ipsi
2385 4096 2755 4153 committeret
2784 4094 3036 4150 otiicium.
3078 4096 3320 4151 Dicerem
3349 4095 3513 4151 etiam

1928 4188 2105 4243 adhuc
2130 4188 2198 4242 de
2231 4185 2486 4242 extrariae
2512 4195 2568 4241 et
2595 4185 2873 4242 saecularis
2913 4186 2990 4241 rei
3022 4185 3177 4255 hujus
3207 4185 3308 4240 loci
3340 4187 3514 4240 abun-

1929 4281 2136 4342 dantia,
2183 4279 2303 4333 sine
2342 4294 2448 4348 qua
2490 4291 2728 4348 praesens
2778 4277 2890 4330 vita
2940 4276 3163 4330 minime
3201 4277 3511 4346 quempiam

1931 4369 2165 4424 transire
2202 4368 2424 4438 patitur,
2473 4367 2746 4436 quomodo
2776 4376 2987 4422 cuncta:
3029 4365 3253 4437 lapideae
3285 4365 3513 4422 oﬂicina:

1935 4461 2236 4516 monastico
2263 4459 2536 4530 disposita:
2564 4469 2689 4514 sunt
2715 4457 2941 4524 ordine;
2987 4458 3258 4529 quomodo
3287 4458 3515 4514 ecclesia

239 4547 316 4600 ibi
346 4545 587 4601 charitas
607 4554 823 4616 regnat,
856 4545 1138 4615 Spirituale
1167 4546 1421 4616 gaudium
1449 4546 1522 4600 ibi
1545 4546 1828 4616 tripudiat,
1859 4525 1905 4584 υ
1933 4553 2167 4608 maxima
2193 4561 2249 4608 ρι
2278 4525 2522 4618 ari-maia,
2553 4551 2802 4623 plurimis
2839 4525 3046 4607 ηιαηῖιξι
3075 4550 3358 4618 altaribus,
3395 4567 3518 4607 san-

240 4651 349 4706 pax
379 4644 608 4690 cunctus
641 4635 834 4699 nectit,
861 4649 1052 4690 omnes
1079 4634 1339 4705 patientia
1377 4634 1568 4689 tolerat
1593 4673 1608 4701 ,
1642 4635 1826 4705 longa-

240 4731 468 4788 nimitas
499 4731 625 4786 illos
675 4729 983 4796 modiﬁcat,
1012 4745 1137 4801 spes
1174 4728 1372 4798 erigit,
1421 4727 1556 4782 ﬁdes
1607 4726 1823 4790 solidat,

241 4824 474 4879 interius
503 4833 561 4878 et
606 4823 848 4879 exterius
897 4823 1124 4878 castitas
1178 4820 1423 4884 mundat,
1465 4819 1658 4874 devota
1707 4817 1825 4872 illos

243 4916 550 4972 obedientia
582 4927 796 4988 purgat,
825 4925 1026 4972 sanctae
1047 4925 1102 4970 et
1137 4913 1448 4970 monastica:
1477 4912 1824 4968 consuetudi-

247 5010 332 5063 nis
351 5008 488 5064 ordo
513 5009 836 5064 inconcusse
866 5016 1134 5071 servatur,
1165 5007 1342 5062 vivida
1370 5004 1715 5061 rnortiﬁcatio
1769 5013 1826 5058 et

243 5098 511 5168 regularis
547 5097 622 5154 ibi
674 5099 941 5155 districtio
989 5113 1206 5168 semper
1252 5098 1502 5152 habetur.
1567 5095 1704 5163 Quid
1761 5097 1826 5149 de

244 5191 470 5246 claustri
499 5191 744 5245 custodia
771 5192 854 5246 vel
899 5190 1284 5245 taciturnitatis
1309 5204 1445 5260 Opus
1469 5198 1553 5243 est
1596 5203 1826 5244 censura

245 5282 574 5347 describere,
602 5300 724 5339 cum
753 5298 850 5339 nec
873 5283 1057 5351 etiam,
1091 5293 1289 5354 prmter
1335 5280 1562 5350 alicujus
1605 5281 1682 5336 rei
1728 5295 1822 5334 ne-

247 5386 579 5450 cessitatem,
605 5385 742 5439 infra
767 5385 940 5454 ipsum
971 5381 1265 5435 claustrum
1305 5390 1468 5429 ausus
1509 5382 1594 5428 est
1628 5372 1824 5441 aliquis

247 5476 492 5545 spatiari,
525 5493 625 5532 nec
669 5477 786 5532 sine
833 5471 1255 5542 interrogatione
1281 5483 1344 5522 os
1379 5465 1446 5520 ad
1495 5463 1824 5533 loquendum

248 5566 412 5619 audet
441 5566 548 5625 ullo
599 5567 757 5620 modo
801 5562 1128 5634 aperire?ln
1155 5560 1388 5613 vestium
1445 5569 1576 5608 vero
1624 5551 1825 5607 vilitate

247 5668 410 5724 atque
444 5654 767 5712 lectulorum
796 5655 1142 5710 extremitate
1166 5651 1312 5704 nullo
1338 5647 1495 5702 modo
1525 5643 1696 5715 patris
1724 5642 1828 5697 Be-

248 5748 448 5804 nedicti
497 5748 970 5819 transgrediuntur
997 5753 1346 5815 prznccptum.
1380 5740 1582 5794 Divina:
1619 5751 1833 5805 quoque

611 5840 886 5900 PATROL.
925 5842 1167 5907 CXLV,

1932 4652 2147 4698 ctorurn
2181 4642 2424 4711 reliquiis
2452 4657 2558 4697 non
2598 4642 2809 4698 modice
2837 4642 3074 4707 condita,
3111 4641 3366 4697 thesauro
3399 4641 3517 4712 pln-

1932 4733 2072 4786 rimo
2117 4743 2174 4788 et
2220 4733 2436 4789 diverso
2463 4732 2751 4798 ditissima;
2803 4733 3072 4801 quomodo
3099 4731 3395 4788 claustrum
3435 4733 3519 4787 in-

1931 4835 2142 4896 genset
2187 4826 2301 4895 ipsa
2340 4825 2421 4880 sui
2452 4824 2851 4899 pulchritudine
2895 4824 2961 4878 ad
3005 4822 3411 4878 inhabitandam
3460 4840 3519 4878 se

1930 4918 2084 4986 quasi
2114 4917 2411 4972 monachos
2441 4917 2674 4971 invitare
2697 4915 2925 4981 videtur,
2951 4915 3220 4986 quomodo
3241 4914 3513 4972 sufﬁciens

1931 5016 2017 5063 est
2044 5009 2444 5072 dormitorium,
2473 5017 2527 5062 et
2553 5023 2666 5077 pra:
2695 5007 2948 5063 continuo
2979 5007 3139 5062 trium
3169 5007 3511 5063 lucernarum

1934 5099 2134 5154 lumine
2162 5099 2362 5170 aliquid
2392 5114 2628 5168 unquam
2671 5099 2920 5152 nocivum
2962 5099 3014 5150 in
3044 5112 3110 5154 eo
3145 5098 3329 5168 peragi
3361 5101 3515 5168 quasi

1933 5193 2002 5248 ab
2029 5193 2454 5262 eouprobibetur;
2484 5191 2754 5260 quomodo
2786 5189 3129 5246 refectorium
3158 5190 3304 5246 nulla
3327 5205 3522 5260 super-

1936 5283 2155 5337 stitione
2183 5282 2476 5352 depictum,
2517 5282 2610 5335 sed
2651 5289 2838 5334 sancta
2879 5280 3222 5334 extremitate
3267 5290 3521 5335 constru-

1933 5381 2105 5437 ctum,
2152 5373 2359 5439 largum
2398 5370 2766 5425 reﬁcientibns
2819 5369 3079 5426 fratribus
3133 5370 3338 5439 praebet
3390 5384 3518 5426 con-

1929 5470 2171 5524 sessum;
2217 5461 2488 5531 quomodo
2537 5476 2634 5530 per
2661 5469 2888 5516 cunctas
2919 5457 3162 5515 oﬂicinas
3207 5460 3516 5530 ubicunque

1933 5569 2073 5624 aqua
2111 5553 2416 5609 necessaria
2450 5553 2729 5622 quaeritur,
2760 5567 2855 5622 per
2879 5551 3120 5607 occultos
3153 5563 3364 5608 meatus
3399 5563 3510 5606 sta.-

1937 5647 2030 5701 tim
2063 5645 2383 5700 mirabiliter
2427 5655 2620 5715 sponte
2655 5644 2865 5698 difﬂuit.
2897 5642 3021 5698 Haec
3054 5652 3108 5698 et
3142 5643 3247 5697 alia
3287 5644 3351 5697 de
3380 5658 3515 5710 prm-

1938 5737 2080 5794 dicto
2112 5735 2440 5792 monasterio
2472 5735 2729 5800 dicerem,
2775 5735 2866 5790 sed
2915 5733 3038 5802 quia
3074 5734 3512 5789 Lernoiiccziseru

2954 5824 3032 5885 28
