4136 5308
602 289 707 346 875

1443 295 1667 352 ADDIT.
1711 299 1800 353 AD
1839 297 2002 357 TOM.
2043 299 2108 355 Ill
2145 297 2296 356 OPP.
2339 297 2398 352 S.
2440 297 2983 355 PETRI'DAMIANI.

3766 303 3872 360 876

595 410 846 468 laborem
878 407 1038 478 hujus
1052 409 1442 482 descriptionis
1473 414 1644 487 stylus
1671 432 1902 475 exarare
1950 418 2194 482 festinat,
2221 420 2272 479 Α
2301 418 2470 472 nostri
2517 419 2780 474 adventus
2820 433 3005 474 rumor
3039 419 3446 485 monachorum,
3477 422 3568 492 qui
3600 432 3871 479 monaste-

600 500 806 556 laboris
833 501 1028 556 intuitu
1061 501 1186 556 talia
1216 503 1457 560 scribere
1483 505 1706 561 devitat.

1025 609 1090 648 DE
1130 610 1479 652 LEMOVICENSI
1520 613 1744 653 ιΑΒοιιε.

669 683 756 738 id.
784 683 840 738 ln
874 684 1246 742 Lemovicensi
1276 705 1508 760 namque
1536 690 1756 746 civitate
1785 689 2015 756 celebre,
2033 692 2189 747 devo-

594 779 865 834 tissimum
905 788 1069 850 atque
1113 782 1443 838 ditissimum
1494 785 1546 839 in
1589 786 1793 840 honore
1830 787 2003 840 sancti
2041 786 2184 840 Mar-

593 871 740 925 tialis
769 873 1040 942 quoddam
1073 882 1157 929 est
1185 876 1598 941 monasterium,
1632 877 1772 946 quod
1811 876 2184 932 Cluniacensis

593 961 764 1018 abbas
793 964 1007 1017 noviler
1043 965 1403 1032 acquisierat;
1447 967 1540 1020 sed
1578 967 1701 1037 quia
1737 967 1879 1022 illius
1924 966 2025 1022 loci
2067 983 2181 1022 rno-

591 1051 752 1105 nachi
785 1051 885 1106 sibi
928 1067 1035 1106 non
1070 1052 1534 1122 obtemperabant,
1575 1057 1812 1110 maxima
1862 1056 1914 1110 in
1947 1072 2013 1112 eo
2054 1067 2182 1114 tunc

591 1140 852 1210 temporis
879 1141 1148 1196 discordia
1175 1142 1512 1198 versabatur.
1545 1143 1713 1216 Hujus
1743 1160 1976 1218 namque
2001 1145 2181 1216 acqui-

586 1232 803 1288 sitionis
826 1232 1043 1298 intuitu,
1073 1241 1129 1288 et
1158 1233 1401 1305 ejusdem
1425 1234 1636 1291 abbatis
1662 1236 1806 1301 odio,
1831 1243 1994 1306 prout
2020 1245 2178 1290 erant

587 1327 877 1382 saeculares
923 1326 1194 1391 monachi,
1243 1342 1272 1380 a
1315 1328 1645 1393 monasterio
1695 1328 2030 1393 recedentes,
2082 1341 2178 1398 per

585 1415 702 1484 ejus
741 1415 960 1471 cellulas
1001 1416 1263 1486 hospitari
1311 1425 1624 1487 coeperunt,
1679 1427 1734 1474 et
1781 1418 2173 1473 monasterium

585 1505 855 1560 hostiliter
884 1506 1272 1575 impugnabant
1308 1515 1364 1560 et
1397 1507 1806 1573 monachorum,
1836 1523 1974 1578 quos
2004 1506 2073 1562 ibi
2109 1509 2176 1562 de

585 1596 842 1652 Cluniaco
885 1605 1163 1666 posuerat,
1196 1597 1515 1668 sanguinem
1545 1597 1820 1654 sitiebant.
1848 1598 1930 1653 Ad
1969 1606 2171 1654 tantam

583 1704 799 1759 quoque
823 1703 1036 1744 vesanae
1068 1689 1265 1745 mentis
1306 1689 1588 1745 audaciam
1623 1690 1874 1745 monachi
1907 1690 2005 1760 ipsi
2046 1705 2172 1761 pro-

2293 509 2433 563 rium
2473 507 2825 580 infestabant,
2859 513 3021 566 corda
3049 523 3396 570 concusserat
3428 524 3484 570 et
3513 531 3609 573 eos
3638 517 3876 573 circurn-

2291 613 2504 669 quaque
2532 614 2628 668 per
2655 601 2964 657 diverticula
2995 601 3198 658 fecerat
3224 604 3458 660 latitare.
3490 605 3596 661 Sed
3633 621 3778 674 mox,
3813 617 3872 664 ut

2288 690 2555 756 venimus,
2589 691 2694 746 illis
2729 691 2923 747 littera:
2948 693 3287 749 destinantur
3311 705 3579 764 quatenus
3613 696 3872 754 Romanae

2287 783 2430 836 sedis
2463 783 2636 854 legato
2666 798 2723 839 se
2751 793 3201 855 repraesentarent
3223 795 3279 842 et
3307 787 3682 858 allegationem
3709 788 3870 857 hujus

2287 873 2509 942 negotii,
2539 874 2581 928 si
2604 871 2805 941 justam
2835 883 3138 944 sperarent,
3170 875 3287 930 sine
3317 875 3544 945 alicujus
3571 880 3870 932 contrarie-

2287 963 2414 1018 tatis
2458 965 2767 1035 suspicione
2802 963 3029 1033 justiti-ac
3077 966 3288 1022 ratione
3312 966 3688 1033 defenderent;
3736 969 3870 1024 alio-

2281 1054 2412 1123 quin
2461 1055 2562 1110 sub
2611 1055 2840 1129 imperio
2886 1057 3097 1112 abbatis
3147 1057 3402 1128 deinceps
3448 1058 3712 1114 viverent.
3758 1058 3868 1115 Sed

2281 1146 2406 1215 quia
2441 1146 2681 1216 pristinae
2704 1145 2957 1202 factionis
2981 1149 3184 1204 vermis
3209 1162 3396 1204 eorum
3432 1149 3641 1205 viscera
3677 1165 3866 1206 corro-

2280 1235 2472 1299 debat,
2520 1245 2575 1290 et
2608 1235 3016 1292 Cluniacensem
3061 1238 3306 1292 ordinem
3347 1239 3567 1295 omnino
3591 1241 3870 1311 suscipere

2277 1325 2596 1392 renuebant,
2629 1325 2695 1380 ad
2732 1327 3105 1382 denuntiatum
3133 1328 3475 1384 ratiocinium
3501 1330 3686 1384 venire
3715 1346 3866 1400 spre~

2275 1426 2501 1482 verunt,
2541 1417 2690 1472 illum
2721 1418 2826 1475 sibi
2868 1433 3102 1489 praeesse
3131 1420 3380 1476 abbatem
3431 1421 3649 1490 penitus
3693 1423 3864 1477 inter-

2275 1504 2548 1560 dixerunt.
2595 1506 2745 1561 Tunc
2786 1507 2930 1563 illius
2975 1509 3210 1564 civitatis
3254 1508 3508 1580 episcopo
3555 1511 3866 1581 comiteque

2274 1596 2542 1661 consulto,
2569 1597 2635 1651 ad
2664 1598 2824 1669 hujus
2851 1597 3178 1654 definitionis
3204 1599 3468 1654 calculum
3499 1614 3586 1654 res
3611 1601 3709 1654 ista
3743 1617 3858 1671 per

2273 1687 2526 1740 trahitur.
2551 1687 2610 1741 In
2634 1687 2791 1756 hujus
2810 1703 3042 1758 namque
3064 1690 3404 1760 episcopatus
3423 1689 3673 1756 ecclesia,
3696 1705 3862 1761 quam

581 1791 865 1854 ruperant,
895 1790 952 1837 ut
980 1781 1233 1853 burgum,
1257 1781 1310 1837 in
1341 1795 1450 1851 quo
1478 1782 1864 1839 monasterium
1893 1790 1998 1847 est,
2037 1797 2169 1838 con-
2199 1772 2465 1834 Bdevota
2490 1775 2789 1847 frequentia
2815 1779 3132 1849 populorum
3156 1779 3478 1849 repleverat,
3498 1780 3708 1836 illorum
3731 1797 3865 1838 ron-

579 1880 913 1938 cremarent,
943 1880 998 1928 et
1045 1881 1264 1938 cuncta,
1295 1887 1414 1942 qua:
1445 1873 1590 1928 circa
1619 1873 2008 1928 monasterium
2051 1871 2171 1927 fue-

579 1971 726 2024 rant.
759 1960 973 2034 ignibus
1000 1961 1366 2028 devastarent,
1395 1971 1452 2016 et
1480 1962 1584 2017 nisi
1607 1961 1848 2016 Romana
1876 1960 2172 2032 auctoritas

580 2055 931 2109 interveniret
972 2062 1027 2109 et
1068 2069 1136 2110 ex
1184 2053 1477 2124 apostolica
1538 2055 1668 2110 sede
1711 2054 2008 2110 reverenda
2068 2054 2170 2108 sibi

578 2160 812 2216 persona
855 2153 1222 2209 succurreret,
1274 2145 1562 2200 videbatur
1610 2145 1762 2202 locus
1809 2145 2166 2216 pessumdari.

581 2237 722 2304 Quid
745 2252 908 2307 super
933 2236 1037 2292 boc
1056 2237 1272 2307 negotio
1300 2236 1468 2292 abbas
1495 2235 1699 2292 faceret
1729 2237 2034 2308 ignorabat,
2061 2251 2169 2306 quo

575 2344 638 2383 se
679 2339 918 2384 verteret
969 2328 1264 2392 nesciebat,
1315 2327 1474 2396 hujus
1505 2329 1716 2384 itineris
1761 2330 1972 2399 pondus
2010 2329 2167 2383 nobis

576 2432 868 2488 suggerere
894 2417 1267 2472 verecundans
1291 2416 1534 2481 timebat,
1561 2432 1779 2472 causam
1804 2418 1990 2488 perfici
2010 2418 2168 2473 aliter

577 2521 738 2578 posse
785 2507 1006 2563 minime
1047 2507 1323 2579 sperabat.
1357 2507 1595 2564 Tandem
1644 2509 1822 2578 erupit
1870 2509 1922 2564 in
1977 2524 2164 2566 vocent

582 2599 727 2668 quod
756 2598 998 2654 scatebat
1029 2598 1084 2653 in
1116 2609 1317 2664 mente,
1346 2609 1400 2654 et
1427 2615 1532 2668 quo
1563 2599 1651 2655 ille
1689 2600 1935 2656 doluerat
1961 2607 2019 2655 ut
2045 2615 2162 2655 me-

575 2691 854 2746 dicaretur
889 2690 1087 2746 oravit.
1127 2691 1240 2746 Hoc
1271 2691 1387 2761 ipse
1422 2691 1588 2747 abbas
1626 2691 1872 2762 rogabat,
1919 2692 2022 2747 hoc
2053 2701 2163 2746 tota

580 2783 942 2854 congregatio
962 2783 1212 2853 precibus
1243 2781 1539 2855 ﬂagitabat.

573 2903 578 2907 ~
627 2876 734 2930 d5.
775 2875 929 2931 Tune
970 2883 1153 2930 noster
1177 2874 1442 2931 Ostiensis
1467 2874 1753 2945 episcopus
1780 2875 1923 2929 hunc
1945 2873 2046 2930 sibi
2079 2873 2160 2929 la-

571 2965 762 3021 borem
815 2964 1258 3036 superimponere
1311 2964 1590 3036 paululum
1643 2964 1910 3020 bmsitavit
1960 2972 2017 3018 et
2075 2965 2160 3018 vix

571 3069 732 3124 posse
776 3054 1036 3125 perficere
1075 3053 1322 3110 credidit.
1368 3053 1476 3108 Sed
1521 3053 1646 3123 quia
1690 3069 1797 3126 pro
1845 3054 2016 3110 salute
2044 3052 2160 3124 ejus

576 3148 889 3204 monasterii
919 3157 1159 3212 venerat,
1187 3147 1348 3206 citius
1372 3146 1662 3215 acquievit,
1689 3157 1744 3201 et
1770 3147 1824 3202 in
1853 3147 1966 3203 suis
1991 3163 2150 3203 mem-
2186 3149 2230 3215 (ζ

575 3241 688 3294 bris
727 3239 1154 3308 circumquaque
1192 3237 1382 3307 positis
1428 3237 1530 3307 ipsi
1579 3236 1828 3292 auxiliari
1873 3236 2157 3306 disposuit.

573 3331 680 3387 Sed
727 3340 852 3386 ante
897 3330 1066 3399 ipsius
1114 3329 1464 3397 profectionis
1507 3327 1740 3393 initium,
1785 3328 1996 3382 cunctis
2035 3343 2157 3382 cum

569 3423 832 3476 fratribus
875 3421 928 3475 in
957 3419 1192 3489 capitulo
1222 3420 1485 3480 residens.
1515 3429 1739 3488 peracto
1763 3433 2036 3484 sermone,
2074 3427 2156 3473 t0-

571 3524 656 3570 tus
699 3514 753 3567 in
791 3521 933 3567 terra
974 3511 1362 3580 prosternitur,
1409 3520 1461 3566 et
1504 3519 1562 3565 ut
1605 3511 1706 3566 sibi
1740 3509 2158 3576 auxiliarentur,

569 3603 756 3658 multis
813 3600 1097 3670 requisivit
1157 3602 1427 3670 precibus,
1484 3616 1853 3672 gyrovagum,
1909 3602 2156 3656 sarabai-

571 3702 683 3746 tam
711 3691 823 3763 (39)
853 3701 926 3756 et,
956 3699 1018 3745 ut
1041 3700 1417 3757 consueverat,
1448 3707 1506 3747 se
1546 3691 1804 3746 miserum
1831 3693 2156 3747 monachum

569 3781 905 3835 clamitabat.
933 3780 1082 3835 inter
1111 3782 1225 3837 bene
1253 3789 1394 3834 tanta
1427 3780 1525 3850 ipsi
1552 3780 1765 3836 ccelitus
1793 3781 2155 3854 lacrymarum

570 3873 830 3928 tribuitur
874 3872 1049 3944 cupia,
1091 3872 1236 3944 quod
1279 3888 1469 3928 omnes
1503 3887 1536 3928 a
1573 3873 1741 3929 fundo
1769 3874 1952 3929 cordis
1996 3874 2152 3946 longa

570 3975 790 4020 traxere
823 3965 1080 4035 suspiria,
1115 3973 1169 4019 et
1207 3965 1579 4035 unusquisque
1613 3963 1833 4020 sibimet
1866 3967 2156 4036 displicens

571 4055 651 4110 sic
690 4055 1060 4124 proclamabat
1088 4074 1101 4111 :
1143 4055 1188 4114 Ο
1215 4057 1357 4112 bone
1382 4054 1530 4124 Jesu,
1566 4056 1612 4111 si
1652 4055 1814 4112 homo
1844 4056 1965 4124 iste,
1993 4073 2155 4128 quem

571 4147 718 4203 ultra
757 4149 1004 4204 homines
1031 4151 1322 4218 credimus,
1360 4149 1439 4205 sic
1476 4149 1708 4206 ubertim
1741 4148 2049 4221 lacrymans
2083 4151 2154 4206 ti~

571 4249 702 4306 utet,
730 4240 860 4311 quid
889 4254 988 4295 nos
1020 4238 1280 4295 faciemus
1302 4241 1439 4295 aridi
1463 4248 1521 4296 et
1552 4240 1618 4295 ad
1647 4237 1764 4309 ejus
1792 4241 2155 4311 comparatio-

571 4345 694 4385 nem
723 4329 1014 4385 virtutibus
1041 4330 1234 4385 alieni?
1266 4327 1400 4384 Nam
1425 4329 1565 4385 sicut
1587 4331 1776 4396 abbas,
1802 4347 1892 4386 me
1919 4339 2152 4396 astante,

569 4420 917 4489 postmodum
955 4419 1160 4486 retulit,
1190 4419 1418 4476 multum
1464 4419 1580 4476 ista:
1627 4419 1878 4492 lacrymae
1903 4422 2154 4478 omnibus

2275 1875 2542 1924 tumacem
2568 1869 2867 1923 absentiam
2898 1883 3082 1924 coram
3108 1871 3360 1925 omnibus
3389 1871 3585 1940 praesul
3611 1871 3712 1927 iste
3735 1888 3868 1926 nan-

2274 1967 2486 2013 raverat
2516 1959 2750 2028 qualiter
2775 1960 3084 2030 apostolica:
3111 1962 3256 2016 sedis
3291 1961 3466 2032 legato
3498 1964 3861 2018 reverentiam

2271 2058 2327 2104 et
2375 2048 2556 2105 abbati
2601 2049 2840 2105 debitam
2892 2050 3255 2107 obedientiam
3312 2051 3653 2108 recusabant.
3705 2049 3860 2108 Tunc

2271 2139 2565 2210 apostolica
2595 2140 2932 2204 auctoritate,
2977 2141 3174 2212 populo
3203 2141 3560 2209 collaudante,
3603 2143 3866 2214 praecepit

2270 2240 2331 2285 ut
2356 2231 2461 2285 nisi
2488 2230 2576 2286 illa
2602 2231 2817 2286 hostilis
2839 2231 3062 2287 audacia
3089 2247 3119 2286 a
3150 2233 3464 2288 monasterii
3490 2243 3546 2287 et
3567 2236 3863 2292 monacho-

2269 2335 2390 2376 rum
2420 2321 2638 2378 larsione
2663 2331 2932 2388 cessaret,
2961 2323 3511 2379 excommunicationi
3541 2325 3732 2394 procul
3759 2325 3861 2381 du-

2267 2413 2358 2468 bio
2381 2412 2744 2482 subjacerent.
2771 2413 2948 2484 Super
2973 2415 3076 2470 hoc
3103 2429 3230 2470 vero
3253 2416 3395 2486 quod
3420 2415 3602 2472 abbati
3633 2417 3859 2474 obedire

2269 2507 2551 2569 nolebant,
2579 2505 2910 2561 delinitivam
2961 2506 3170 2562 distulit
3215 2506 3458 2576 proferre
3506 2511 3854 2565 sententiam.

2266 2596 2372 2651 lsto
2408 2595 2569 2666 igitur
2615 2595 2828 2666 negotio
2872 2595 3050 2650 taliter
3092 2596 3316 2652 definito
3342 2606 3398 2653 et
3429 2599 3759 2654 monasterio
3797 2599 3854 2653 in

2267 2685 2658 2758 tranquillitate
2701 2686 2814 2755 jam
2863 2687 3075 2758 posito,
3131 2702 3200 2743 ne
3247 2703 3278 2743 a
3326 2689 3522 2744 divina:
3569 2690 3856 2745 servitutis

2263 2777 2439 2834 officio
2463 2791 2589 2847 pars
2618 2778 2788 2832 nostri
2833 2778 3046 2835 itineris
3074 2779 3257 2850 aliqua
3289 2789 3541 2846 vacaret,
3575 2782 3854 2838 redeundo

2264 2869 2511 2924 venimus
2545 2865 2931 2924 Silvaniacum.

2317 2995 2385 3038 DE
2421 2998 2850 3040 CONSECRATIONE
2890 2997 3176 3047 £CCLESI£,
3215 2999 3286 3039 ΕΤ
3327 2999 3512 3040 ελδετι
3553 2999 3800 3041 ουιιοκις

2747 3069 2983 3109 CORPORIS
3022 3070 3370 3111 οοιηιυτλτο.

2334 3145 2417 3200 i6.
2459 3143 2797 3202 Silvaniacus
2851 3159 3045 3214 nempe
3098 3145 3488 3202 mercationum
3543 3145 3851 3216 frequentia

2261 3236 2412 3293 dives
2459 3246 2516 3293 et
2565 3237 2715 3292 locus
2757 3245 2844 3292 est
2889 3235 3316 3303 famosissimus,
3362 3248 3677 3294 sanctorum
3720 3253 3852 3296 vero

2260 3329 2576 3398 corporibus
2605 3327 2760 3383 valde
2775 3327 3190 3383 devotissimus.
3219 3327 3498 3395 Quoddam
3527 3343 3764 3400 namque
3791 3329 3850 3384 in

2259 3432 2326 3473 ea
2349 3425 2723 3472 constructum
2765 3426 2847 3472 est
2877 3419 3285 3483 monasterium,
3335 3419 3387 3474 in
3429 3434 3538 3488 quo
3567 3419 3848 3474 beatorum

2258 3510 2460 3565 Christi
2501 3509 2872 3566 confessorum
2912 3509 3090 3564 Maioli
3127 3511 3338 3566 scilicet
3370 3520 3425 3566 et
3457 3511 3706 3568 0dilonis
3731 3525 3847 3567 cor-

2257 3616 2388 3671 pora
2419 3601 2827 3671 conquiescunt.
2866 3600 3019 3666 Quod
3048 3601 3268 3670 quidem
3303 3603 3700 3657 monasterium
3737 3604 3845 3672 epi-

2259 3689 2463 3760 scopali
2499 3689 2677 3743 adhuc
2708 3687 3086 3742 benedictione
3115 3688 3340 3742 minime
3367 3688 3432 3743 ad
3460 3688 3682 3759 plenum
3719 3707 3845 3750 con-

2259 3777 2532 3833 firmatum
2566 3775 2766 3832 fuerat.
2811 3774 3033 3832 interim
3068 3776 3341 3848 synodalis
3373 3778 3635 3834 terminus
3671 3781 3845 3835 immi-

2259 3869 2439 3924 nebat.
2494 3865 2646 3924 Tunc
2695 3867 2880 3924 multis
2931 3853 3419 3926 intervenientibus
3471 3870 3744 3940 episcopis
3789 3879 3846 3924 et

2259 3960 2637 4018 innumerabili
2702 3959 3021 4030 populorum
3076 3959 3422 4031 frequentia,
3473 3977 3667 4032 magna
3718 3976 3842 4018 cum

2257 4051 2606 4107 veneratione
2647 4051 2877 4108 ecclesia
2920 4061 3270 4117 consecrata,
3313 4060 3372 4108 et
3418 4052 3560 4108 beati
3602 4051 3843 4108 0dilonis

2256 4154 2485 4210 corpore
2510 4148 2840 4196 commutato
2865 4148 2921 4196 et
2947 4140 3107 4196 altari
3142 4155 3241 4197 suo
3268 4140 3475 4196 nomini
3502 4141 3836 4212 consignato,

2255 4233 2649 4290 Cabillonensis
2670 4233 2927 4288 Ecclesiae
2954 4231 3150 4304 praesul
3178 4248 3392 4288 summa
3413 4247 3537 4288 cum
3558 4231 3842 4298 devotione

2257 4337 2357 4379 nos
2389 4322 2686 4378 honorifice
2713 4323 2970 4392 suscepit.

2696 4430 2762 4470 DE
2799 4429 3148 4470 CONGREGL’I'A
3186 4429 3406 4470 SYNODO.

559 4511 931 4579 profuerunt,
980 4508 1313 4564 audientium
1367 4509 1791 4566 melioraverunt
1840 4514 2051 4569 animos
2101 4523 2157 4568 et
2184 4499 2236 4560 ο
2332 4508 2418 4563 17.
2459 4507 2670 4564 Interea
2703 4507 2940 4578 synodus
2973 4517 3355 4578 congregatur,
3382 4505 3556 4562 vocati
3585 4504 3841 4575 praesules

569 4611 784 4658 mentes
836 4601 1295 4673 pr05pectantinm
1343 4601 1726 4657 solidaverunt.
1785 4603 1936 4660 Tunc
1987 4605 2154 4659 abbas

571 4693 848 4750 communi
875 4693 1104 4749 fratrum
1133 4693 1360 4748 consilio
1387 4694 1575 4747 statuit
1605 4703 1666 4748 ut
1691 4695 1888 4750 abhinc
1911 4711 2011 4766 pro
2034 4697 2154 4767 ejus

570 4801 756 4844 amore
781 4801 999 4857 semper
1033 4802 1171 4841 unus
1202 4796 1405 4857 pauper
1428 4794 1740 4855 pasceretur
1759 4797 1816 4842 et
1839 4788 2150 4854 vestiretur,

568 4890 622 4933 ct
653 4895 793 4935 unus
826 4884 1044 4949 semper
1071 4892 1170 4947 pro
1198 4892 1262 4932 eo
1297 4875 1536 4946 psalmus
1569 4876 1624 4930 in
1657 4879 1928 4933 communi
1963 4889 2151 4953 canta-

569 4982 746 5037 retur;
783 4983 862 5038 et,
899 4970 1218 5026 denuntiato
1251 4969 1355 5024 sibi
1383 4967 1500 5037 ejus
1525 4969 1699 5035 obitu,
1725 4983 1939 5039 semper
1962 4971 2018 5026 in
2051 4985 2150 5026 suo

568 5061 943 5117 anniversario
984 5060 1281 5116 solemnem
1328 5059 1382 5114 in
1430 5068 1696 5115 conventu
1739 5060 1963 5116 missam
2011 5060 2150 5116 cele-

565 5151 748 5216 brare,
774 5149 1017 5205 festivam
1043 5165 1330 5220 corporum
1357 5149 1707 5206 refectionem
1737 5149 1996 5210 fratribus
2020 5167 2153 5222 prae-

569 5255 764 5282 nnmrn
830 5251 886 5282 ρι
930 5241 1188 5282 mlidnnid
1239 5257 1267 5282 ει
1301 5256 1484 5282 manca
1523 5243 1843 5282 ramentum-il
1911 5256 2010 5282 nm
2037 5243 2151 5282 nine

2261 4601 2478 4665 adsunt,
2516 4612 2626 4653 non
2652 4598 2860 4653 modica
2881 4598 3049 4660 turba
3082 4599 3359 4653 hominum
3383 4599 3574 4654 devote
3599 4595 3837 4652 festinat.

2261 4690 2672 4746 Matisconensis
2705 4703 2921 4759 quoque
2953 4689 3238 4758 episcopus
3273 4701 3379 4742 non
3405 4687 3600 4741 dubius
3628 4693 3722 4740 aut
3747 4698 3836 4739 se-

2258 4784 2379 4853 gnis
2407 4782 2676 4847 occurrit;
2719 4781 2772 4834 in
2813 4794 2912 4835 sua
2949 4793 3184 4849 namque
3222 4776 3507 4849 prudentia
3552 4777 3655 4844 (est
3693 4775 3836 4830 enim

2256 4873 2456 4928 litteris
2483 4882 2536 4927 et
2565 4885 2814 4926 sermone
2844 4869 3057 4939 potens)
3089 4878 3143 4924 et
3171 4867 3524 4938 quorumdam
3556 4866 3835 4936 episcopo-

2259 4979 2378 5020 rum
2403 4961 2558 5034 quasi
2593 4961 2996 5031 conspiratione
3025 4960 3284 5024 confisus,
3322 4955 3478 5028 hujus
3498 4971 3675 5011 causa:
3704 4954 3834 5010 ami-

2255 5047 2485 5112 cabilem
2508 5052 2933 5115 transactionem
2968 5064 3249 5120 respuens.
3275 5049 3343 5105 ad
3373 5047 3682 5118 synodalem
3711 5059 3836 5100 eon-

2255 5147 2458 5201 ﬂictum
2489 5143 2645 5214 quasi
2677 5143 3106 5213 triumphaturus
3131 5138 3377 5195 fervidus
3397 5135 3628 5194 bellator
3647 5150 3834 5192 occur-

2256 5235 2345 5282 rit-
2391 5233 2536 5282 Pana
2572 5232 2717 5282 enim
2758 5247 2947 5282 omnes
2986 5229 3245 5282 episcopi.
3287 5229 3380 5282 oui
3423 5237 3550 5282 tunc
3588 5225 3831 5282 aderant.
