4108 5342
521 289 625 346 8Ἱ9

1341 291 1567 347 ADDIT.
1610 291 1701 346 AD
1740 291 1904 347 TUM.
1948 290 2011 346 Ill
2051 289 2202 347 OPP.
2245 289 2301 345 S.
2346 272 2552 345 PETRI
2593 285 2893 343 DAMIANI.

3680 279 3795 340 880

521 403 863 472 pescentibus
883 401 1136 458 dentibus
1159 402 1385 457 acerbos
1413 404 1525 473 ipse
1549 410 1917 459 consumeret.
1948 401 2100 471 Cogi-
2129 408 2177 466 Α
2207 402 2360 470 sequi
2400 400 2677 463 debemus,
2726 397 2930 451 sanctis
2972 395 3088 465 ejus
3144 391 3364 447 auribus
3394 391 3680 448 inculcavi.
3712 392 3795 453 De

515 494 671 551 tabat
698 492 823 562 quia
846 493 1046 548 beatius
1067 502 1143 548 est
1163 494 1289 549 dare
1309 511 1465 565 quam
1493 496 1760 566 accipere;
1792 503 1845 551 et
1870 514 1883 549 :
1910 481 2105 550 Beatus

516 583 609 651 qui
632 581 895 636 subtrahit
920 598 1108 637 manus
1156 598 1283 638 suas
1328 582 1393 636 ab
1432 583 1574 638 omni
1623 600 1858 640 munere.
1894 583 2018 639 Haec
2051 595 2107 640 et

518 672 627 728 alia
650 680 840 728 sancto
873 674 1069 729 mentis
1110 674 1363 730 examine
1393 675 1664 731 trutinans
1694 675 2100 746 compensabat.

519 765 677 822 Mane
714 775 897 822 autem
942 766 1111 832 facto,
1163 781 1251 821 me
1297 767 1533 836 primum
1584 766 1774 824 adesse
1828 768 2104 838 praecepit.

521 856 675 914 Tunc
694 858 799 915 sibi
829 855 1014 915 dilecti
1045 858 1290 913 Baruntii
1331 859 1669 925 memoriam,
1701 868 1861 931 prout
1910 860 2109 930 saepius

519 959 903 1014 consueverat,
926 949 1093 1019 coepit
1121 949 1342 1006 habere.
1375 948 1439 1018 Ο,
1478 950 1676 1020 inquit,
1707 950 1752 1006 si
1781 950 1870 1008 ille
1896 950 2109 1008 charis-

519 1043 690 1098 simus
715 1040 888 1096 frater
909 1049 1093 1096 noster
1113 1042 1325 1098 adesset
1345 1041 1639 1097 Baruntius
1670 1042 1812 1113 (45),
1836 1042 2106 1099 salutiferi

518 1132 732 1188 consilii
758 1130 920 1187 nobis
947 1130 1291 1201 propinasset
1314 1131 1600 1203 poculum!
1635 1131 1921 1204 Nunquam
1958 1133 2105 1189 enim

520 1221 653 1276 mihi
676 1227 738 1275 ut
763 1220 1064 1292 acciperem
1094 1221 1387 1291 persuasit,
1409 1221 1521 1277 imo
1549 1229 1614 1278 ut
1645 1228 1867 1279 terrena
1888 1234 2106 1292 sperne-

519 1325 637 1367 rem
668 1325 884 1382 semper
919 1310 1208 1382 suggessit.
1250 1311 1471 1369 Munera
1498 1312 1625 1380 ista,
1651 1327 1774 1383 quae
1822 1312 1918 1367 tali
1956 1312 2104 1369 vela—

520 1412 706 1460 mento
738 1403 899 1462 nobis
919 1403 1260 1473 deferuntur,
1294 1419 1402 1461 non
1431 1420 1553 1462 esse
1598 1405 1909 1477 accipienda
1952 1419 2108 1463 reco-

520 1493 951 1565 gito;jusdtiam
976 1495 1122 1551 enim
1156 1496 1253 1552 Dei
1280 1496 1572 1553 occasione
1602 1497 1846 1569 qualibet
1868 1499 2105 1555 vendere

520 1585 719 1652 timeo;
749 1593 1086 1643 terrenarum
1114 1601 1297 1643 rerum
1334 1588 1644 1658 negotiator
1690 1600 1810 1644 esse
1856 1603 1963 1644 non
2009 1589 2104 1646 de-

516 1678 639 1734 beo.
667 1676 807 1745 Quid
838 1678 933 1734 tibi
960 1692 1125 1748 super
1152 1678 1255 1734 hoc
1275 1678 1525 1755 videatur
1557 1677 1777 1735 edicito.
1811 1678 2104 1750 Postquam

2210 509 2317 563 quo
2342 492 2558 563 quidem
2611 489 2836 546 consilio
2883 503 2994 543 sum
3040 483 3380 556 paternitatis
3429 495 3584 539 amor
3606 484 3660 539 in
3702 498 3794 540 me

2209 586 2380 649 nasci,
2415 584 2496 640 vel
2522 584 2722 656 potius,
2756 590 2815 635 ut
2838 588 2986 651 puto,
3047 577 3211 647 cespit
3234 570 3447 646 augeri,
3477 590 3791 646 quanquam

2208 679 2471 733 hactenus
2501 689 2600 731 nec
2647 673 2713 728 ad
2759 669 2866 727 mei
2912 668 2996 724 vel
3043 664 3274 736 alicujus
3330 665 3579 721 notitiam
3636 681 3795 722 amor

2210 775 2326 846 ipse
2352 771 2696 844 pervenerit;
2729 769 2881 840 quasi
2909 768 3052 823 enim
3084 765 3323 837 quodam
3353 762 3474 836 gelu
3518 765 3694 820 adhuc
3733 763 3789 817 in

2210 880 2421 937 gemma
2452 862 2802 927 constrictus,
2839 875 2938 915 nec
2962 860 3031 914 ad
3080 857 3356 914 fructuum
3396 855 3789 915 maturitatem,

2210 971 2311 1012 nec
2339 955 2405 1010 ad
2434 954 2582 1009 ﬂoris
2612 950 3050 1015 teneritudinem,
3084 964 3185 1004 nec
3210 947 3374 1002 etiam
3403 945 3471 1000 ad
3516 944 3790 1000 frondium

2208 1047 2543 1101 viriditatem
2565 1043 2763 1114 erupit.
2796 1039 3037 1097 Tandem
3066 1054 3134 1094 ne
3170 1046 3386 1092 aeterna:
3414 1033 3794 1091 retributionis

2211 1139 2418 1194 fructus
2438 1136 2618 1207 aliquo
2646 1132 2801 1190 nobis
2823 1147 3046 1188 munere
3072 1130 3365 1202 deperiret,
3392 1137 3447 1183 et
3478 1125 3794 1198 temporalis

2209 1227 2409 1284 oblatio
2438 1226 2719 1297 praemium
2750 1235 3010 1281 aeternum
3039 1228 3404 1285 consumeret,
3449 1227 3708 1274 renuente
3737 1227 3794 1272 et

2208 1318 2615 1375 contradicente
2644 1316 2860 1380 abbate,
2886 1312 3146 1385 praedicta
3175 1306 3398 1366 munera
3434 1309 3609 1365 eidem
3634 1305 3796 1363 dimi-

2208 1414 2400 1477 simus,
2428 1418 2484 1467 et
2510 1409 2816 1480 huiusmodi
2861 1406 3100 1478 pondere
3141 1418 3242 1485 nos
3292 1416 3523 1458 onerare
3572 1399 3790 1472 penitus

2211 1503 2509 1567 renuimus,
2538 1500 2781 1572 nihilque
2806 1499 2873 1554 ab
2902 1514 2987 1565 eo,
3031 1505 3232 1569 prmtcr
3273 1495 3429 1550 nobis
3461 1491 3789 1557 necessaria,

2214 1604 2269 1652 et
2297 1611 2417 1666 qua":
2443 1594 2656 1653 itineris
2689 1590 2976 1662 prolixitas
3003 1589 3333 1660 requirebat,
3380 1602 3479 1642 nos
3517 1584 3794 1655 accepisse

2210 1691 2410 1747 recolo.
2442 1689 2534 1746 Sic
2567 1686 2757 1745 ciliciis
2783 1685 3129 1744 salutationis
3151 1701 3216 1739 ex
3240 1694 3471 1754 utraque
3517 1691 3671 1753 parte
3698 1695 3796 1736 ex-

518 1783 651 1827 vero
679 1771 840 1843 huius
873 1771 1009 1827 mihi
1036 1771 1253 1828 consilii
1289 1786 1483 1827 ausum
1526 1772 1734 1839 tribuit.
1769 1788 1878 1829 non
1909 1771 2105 1839 solum,
2140 1769 2182 1828 li
2212 1782 2422 1848 llibitis,
2462 1778 2678 1849 levigati
2705 1787 2761 1833 et
2789 1777 2998 1833 alacres
3026 1776 3094 1832 ad
3131 1774 3315 1831 dilecti
3340 1772 3508 1833 fontis
3546 1770 3816 1848 solitudi:

515 1861 646 1932 quia
678 1862 942 1928 voluerat,
973 1861 1211 1929 laudavi,
1244 1862 1340 1919 sed
1367 1872 1427 1918 ut
1456 1863 1662 1920 faceret
1706 1863 2102 1935 multispreei-

517 1955 618 2011 bus
642 1953 930 2026 postulavi,
951 1962 1009 2010 et
1027 1955 1171 2026 quod
1206 1969 1503 2027 pauperem
1530 1956 1809 2014 Christum
1835 1971 2101 2030 pauperes

592 2066 706 2151 (ᾧ)
730 2065 789 2123 S.
815 2065 1010 2150 Petrus
1032 2067 1093 2151 υτ
1128 2067 1180 2122 in
1208 2068 1575 2193 disputatione
1603 2070 1680 2126 De
1702 2069 1868 2126 variis
1891 2070 2105 2142 appari-

592 2140 1117 2193 nnhusetmlraeulls
1138 2154 1264 2193 can.
1316 2179 1330 2193 .
1349 2149 1455 2193 ait:
1472 2139 1943 2193 Barunciusnlane
1969 2141 2100 2193 mihi

527 2137 761 2211 tionibus
771 2147 826 2193 et
839 2137 1117 2211 miraculis
1130 2154 1238 2211 cap
1252 2179 1264 2192 .
1282 2137 1330 2203 ἱ,
1349 2140 1455 2194 ait:
1472 2139 1771 2196 Baruncius
1782 2137 1943 2211 plane
1962 2137 2100 2196 inihi

519 2210 690 2265 frater
720 2208 989 2264 unanimis
1033 2221 1091 2265 et
1126 2209 1181 2264 ill
1234 2212 1439 2267 amoris
1497 2212 1755 2282 praecipui
1782 2208 2099 2267 'dulcedine

524 2413 1116 2437 m

2213 1889 2336 1930 nem
2371 1871 2662 1929 redivimus
2693 1868 2936 1926 Avellani
2960 1867 3093 1951 (44).

2211 2071 2519 2142 singularis,
2555 2079 2662 2126 etc.

2283 2137 2568 2213 (“Hnno
2591 2142 2729 2197 1065
2752 2139 3042 2213 die5,ante
3064 2139 3184 2197 Kal.
3207 2139 3547 2198 Novembris.
3572 2137 3794 2198 Confer.

2204 2211 2350 2268 Petri
2374 2213 2437 2268 Ι).
2464 2214 2625 2283 epist.
2655 2212 2750 2268 lib.
2783 2227 2857 2278 vl,
2882 2212 2934 2266 5.

3141 2411 3798 2440 -Μ

1006 2578 1775 2697 EXPOSITIO
1889 2577 2511 2699 CANONIS
2622 2577 3092 2694 MISSE
3155 2555 3271 2630 (‘5’
3340 2618 3345 2622 ·

1580 2792 1956 2858 SECUNDUM
1980 2798 2284 2886 J’ETRUM
2333 2796 2617 2857 DAMIANI
2657 2798 2795 2874 (ιθ).

1982 2957 2336 2977 ﬂ

594 3068 643 3121 l.
679 3065 782 3132 Qui
814 3066 981 3135 pridie
1014 3081 1171 3136 quam
1193 3072 1476 3135 pateretur.
1511 3061 1669 3127 Ecce,
1698 3076 1824 3116 cum
1859 3076 2001 3117 nunc
2028 3060 2096 3116 ad
2122 3061 2169 3124 C
2201 3059 2481 3113 multitudo
2506 3058 2742 3129 ﬁliorum
2766 3057 2939 3115 Israel
2970 3060 3039 3114 ad
3066 3076 3355 3130 vesperam.
3388 3061 3458 3116 Et
3492 3070 3698 3118 sument
3730 3060 3798 3116 de

523 3159 718 3213 smnni
756 3158 1078 3214 sacramenti
1110 3157 1364 3211 virtutem
1405 3152 1751 3219 accedamus,
1790 3153 1973 3209 deﬁcit
2003 3156 2110 3212 lin-

527 3267 653 3320 gua,
680 3264 858 3307 sermo
879 3250 1139 3321 disparet,
1163 3257 1453 3318 superatur
1473 3246 1771 3317 ingenium,
1793 3248 2114 3319 opprimitur

502 3343 855 3398 intellectus.
885 3341 1017 3411 Quis
1041 3341 1184 3396 enim
1225 3341 1374 3395 novit
1414 3339 1661 3394 ordinem
1703 3339 1826 3395 caeli
1863 3348 1915 3395 et
1951 3351 2116 3412 ponat

529 3434 794 3488 rationem
823 3433 940 3505 ejus
980 3433 1031 3487 in
1067 3431 1252 3486 terra?
1285 3429 1392 3486 Sed
1418 3429 1698 3502 pulsenlus
1724 3432 1791 3487 ad
1814 3432 2034 3499 ostium,
2068 3434 2113 3488 si

530 3526 672 3579 forte
709 3523 880 3580 clavis
920 3522 1134 3593 aperire
1173 3521 1447 3593 dignetur,
1476 3531 1534 3577 ut
1563 3522 1933 3580 accommodet
1961 3526 2116 3581 nobis

528 3624 639 3669 tres
661 3629 849 3685 panes,
884 3614 975 3683 qui
1006 3612 1240 3667 maxime
1266 3612 1546 3667 nobiscum
1581 3622 1741 3669 erunt
1775 3613 1828 3668 in
1858 3613 1960 3670 hoc
1986 3631 2117 3672 con-

525 3707 670 3762 vivio
710 3706 1021 3762 necessarii.
1059 3703 1221 3760 Fides
1252 3692 1408 3759 enim
1451 3704 1586 3774 petit
1625 3714 1681 3759 ct
1721 3706 1951 3777 accipit;
1993 3722 2117 3777 spes

525 3797 719 3869 quaerit
745 3805 801 3853 et
830 3797 1064 3861 invenit;
1095 3794 1336 3850 cliaritas
1367 3793 1549 3865 pulsat
1586 3804 1633 3850 et
1661 3796 1865 3864 aperit;
1904 3798 2037 3866 petit
2064 3807 2118 3852 et

527 3890 725 3960 accipit
764 3890 967 3955 vitam;
1012 3886 1207 3957 quaerit
1264 3893 1319 3941 et
1366 3885 1573 3941 invenit
1617 3886 1791 3955 viam;
1838 3888 2023 3959 pulsat
2066 3900 2120 3945 et

529 3986 704 4055 aperit
754 3982 1041 4037 veritatem
1081 3994 1093 4031 ε
1131 3978 1180 4034 ls
1215 3978 1359 4033 enim
1404 3980 1488 4034 via
1525 3990 1630 4046 est,
1666 3981 1871 4039 veritas
1902 3993 1957 4040 et
1985 3985 2117 4040 vita.

530 4076 635 4141 Qui
663 4074 852 4145 pridie,
879 4087 946 4126 xv
981 4071 1105 4125 luna
1136 4071 1309 4152 prima
1339 4074 1562 4143 mensis,
1593 4089 1713 4145 qua:
1750 4083 1875 4132 tunc
1911 4079 2119 4134 exstitit

529 4175 680 4223 sexta
720 4164 876 4230 feria,
907 4178 1100 4234 passus
1131 4172 1216 4220 est
1250 4163 1532 4234 Dominus,
1563 4176 1618 4221 ct
1654 4168 1909 4238 priedicta
1940 4181 2116 4237 nocte,

530 4258 778 4314 videlicet
800 4272 892 4311 le
918 4254 1044 4311 luna
1074 4257 1244 4327 prima
1270 4258 1474 4313 mensis
1503 4258 1570 4314 ad
1600 4274 1871 4331 vesperas,
1903 4272 1961 4316 ut
1988 4261 2120 4334 legis

533 4350 735 4420 ﬁguras
779 4342 1061 4417 impleret,
1095 4356 1217 4418 post
1254 4348 1491 4420 typieum
1541 4349 1739 4422 pascha
1782 4352 2025 4420 corporis
2064 4362 2118 4408 et

535 4438 815 4509 sanguinis
842 4432 925 4493 sui
959 4450 1359 4496 sacramentum
1390 4440 1645 4505 instituit,
1674 4449 1725 4495 et
1754 4441 1977 4496 calicem
2009 4450 2118 4513 tra-

536 4531 672 4585 didit
707 4527 1177 4599 ftequentandum.
1211 4530 1304 4586 Sic
1337 4530 1480 4585 enim
1513 4530 1689 4585 fuerat
1716 4528 2115 4602 praefiguratum

533 4623 586 4676 in
615 4618 831 4676 Exodo:
855 4618 1069 4675 Decima
1093 4622 1176 4676 die
1196 4624 1351 4691 primi
1379 4623 1570 4677 mensis
1596 4622 1741 4677 tollat
1766 4626 2120 4695 unusquisque

538 4712 731 4783 agmini
761 4726 853 4780 per
889 4712 1070 4789 domos
1099 4724 1146 4766 et
1177 4710 1435 4791 familias,
1472 4722 1519 4767 et
1555 4713 1777 4767 servabit
1811 4730 1927 4803 eum
1961 4731 2120 4785 usque

535 4801 603 4855 ad
629 4817 717 4856 le
745 4798 882 4854 diem
904 4788 1096 4855 mensis
1117 4800 1293 4869 hujus,
1324 4788 1714 4871 inimolubitque
1736 4788 1849 4881 eiii}:
1875 4788 2119 4903 Einirersa

1768 4890 1773 4899 ι
1808 4868 1871 4903 ρῖι
1904 4868 1939 4903 is?

1768 4868 1939 4907 εὶῑιϋξῖ

610 4995 721 5065 (i5)
762 4995 1060 5067 Egregium
1088 4994 1193 5051 hoc
1220 4995 1241 5038 τ
1245 4995 1559 5066 opusculum
1595 4996 1934 5067 in_editione
1985 4998 2124 5067 0pc-

535 5064 654 5121 mm
684 5064 744 5120 S.
773 5064 929 5121 Petri
958 5067 1205 5121 Damiani
1243 5064 1340 5137 per
1376 5068 1558 5122 Const.
1588 5064 1903 5137 Cajetanuln
1937 5064 2121 5122 curata

539 5137 899 5217 desideratur,
941 5141 1117 5219 neque
1158 5136 1583 5219 id_'.l:r_i.tllemius
1619 5136 1780 5219 aliive
1837 5153 1936 5219 seu
1972 5146 2123 5192 vctu-

541 5216 733 5236 ιιΙιΛνΛα

872 5209 1195 5236 ηΑΑΑ-Λῖησηιιν
1224 5207 1577 5236 ΙιῖΙιΙῖΛηιηΑ-ιιιιζ
1613 5208 1827 5236 ιηησνῗειηιι

541 5291 732 5329 ιδεειιιι
762 5291 937 5331 tamen
967 5293 1021 5330 ιη
1059 5291 1308 5332 νθιιρειιιο
1346 5292 1494 5342 regio
1530 5291 1718 5339 COUICC
1749 5291 1854 5334 0‘14
1880 5294 2003 5332 CIIII]
2035 5294 2120 5333 re-

2217 3152 2470 3223 sanguine
2499 3167 2562 3205 ac
2589 3162 2780 3221 ponent
2807 3168 2961 3224 super
2990 3162 3268 3223 utrumque
3296 3164 3493 3225 postem
3524 3155 3578 3210 in
3613 3169 3796 3222 super.—

2216 3242 2546 3297 liminaribus
2579 3242 2879 3309 domorum,
2911 3244 2966 3297 in
2998 3242 3187 3315 quibus
3221 3245 3488 3300 comedent
3522 3246 3691 3301 illum.
3730 3244 3798 3300 Et

2215 3336 2365 3391 edent
2415 3353 2598 3391 carnes
2642 3346 2788 3392 nocte
2822 3338 2918 3390 illa
2957 3354 3105 3391 assus
3141 3338 3268 3407 igni,
3301 3348 3348 3392 et
3384 3355 3598 3410 azymos
3640 3354 3800 3410 partes

2219 3445 2334 3480 cum
2378 3425 2596 3481 lactucis
2640 3428 2949 3497 agrestibus.
2995 3426 3061 3481 Et
3107 3437 3227 3497 post
3268 3444 3439 3496 pauca
3477 3447 3490 3483 :
3531 3429 3627 3484 Est
3662 3431 3799 3485 enim

2219 3519 2421 3581 Pliase,
2475 3519 2529 3572 id
2578 3528 2650 3573 est
2699 3520 2971 3579 transitus
3008 3518 3238 3572 Domini.
3289 3519 3594 3573 Tl'ansitum
3645 3523 3798 3576 istum

2216 3616 2453 3672 Joannes
2475 3615 2785 3669 determinat
2814 3614 2992 3667 dicens
3020 3630 3037 3668 :
3070 3615 3201 3669 Ante
3226 3613 3367 3669 diem
3389 3612 3611 3668 Pasclta’
3633 3616 3801 3670 sciens

2218 3711 2373 3768 Iesus
2391 3710 2516 3783 quia
2538 3708 2676 3765 venit
2700 3709 2831 3762 liora
2854 3716 2910 3762 ut
2935 3718 3168 3764 transeat
3189 3706 3252 3764 de
3273 3709 3371 3763 hoc
3394 3707 3590 3761 mundo
3612 3707 3684 3762 ad
3696 3704 3803 3760 Pa-

2219 3811 2373 3868 trem,
2404 3815 2523 3856 cum
2559 3797 2827 3855 dilexisset
2864 3814 3020 3866 suos,
3062 3798 3116 3854 in
3162 3798 3322 3869 ﬁnem
3360 3797 3542 3865 dilexit
3581 3812 3689 3852 eos.
3732 3793 3797 3849 Et

2220 3894 2361 3964 facta
2414 3909 2590 3958 aena,
2646 3890 2937 3964 complevit
2988 3907 3053 3948 ea
3110 3905 3230 3961 qua:
3282 3888 3497 3957 fuerant
3549 3888 3794 3961 ﬁgurata.

2220 3985 2489 4057 Egyptus
2504 3994 2589 4042 est
2604 3986 2865 4052 mundus;
2886 3984 3295 4050 exterminatur,
3313 3981 3588 4049 diabolus;
3608 3996 3797 4053 agnus,

2221 4078 2506 4145 Christus;
2538 4077 2761 4149 sanguis
2785 4076 2939 4148 agni,
2966 4076 3150 4148 passio
3188 4073 3656 4140 Cllristi;__d0mus
3678 4074 3807 4135 ani-.

2222 4185 2454 4236 marum,
2477 4184 2705 4239 corpora
2723 4185 2738 4233 ;
2763 4166 2980 4222 familia:
3000 4167 3211 4235 domus,
3227 4165 3582 4238 cogitationes
3599 4160 3795 4225 cordis.

2223 4259 2336 4315 Hoc
2368 4259 2633 4331 sanguine
2658 4258 2917 4329 tingimnr
2945 4272 3043 4326 per
3067 4256 3336 4328 passionis
3356 4255 3552 4321 ﬁdem;
3584 4252 3670 4308 illa
3696 4251 3802 4305 tin-

2224 4351 2404 4422 gimur
2416 4364 2519 4419 per
2542 4347 3203 4419 passionisimitationem,
3222 4346 3435 4417 signum
3457 4344 3635 4399 crucis
3659 4343 3801 4395 intus

2148 4428 2195 4486 υ
2221 4451 2276 4495 et
2314 4440 2449 4495 foris
2488 4447 2819 4509 opponentes
2862 4447 3051 4493 contra
3098 4435 3442 4494 adversarius
3487 4439 3798 4505 potestates.

2221 4529 2462 4598 Denique
2498 4541 2691 4583 carnes
2735 4528 2858 4597 agni
2900 4526 3233 4582 comedimus
3265 4539 3387 4580 cum
3438 4524 3491 4578 in
3537 4519 3804 4577 sacriﬁcio

2222 4635 2420 4690 corpus
2451 4619 2651 4678 Christi
2686 4619 3044 4689 suscipimus,
3073 4628 3128 4674 et
3162 4632 3384 4690 azylnos
3422 4628 3608 4685 panes,
3640 4610 3693 4667 id
3719 4617 3807 4666 est

2225 4711 2436 4765 sincera
2470 4725 2656 4779 opera,
2702 4724 2821 4765 cum
2857 4707 3444 4779 lactucisagrestibus,
3489 4704 3542 4759 id
3571 4710 3800 4774 ealcum

2228 4798 2610 4855 amaritudine.

2227 5000 2468 5054 codicem
2520 4997 2628 5053 ΒΜ
2661 4998 2835 5067 ipsum
2865 5011 2988 5052 esse
3014 4994 3391 5067 Petavianum,
3419 5000 3546 5067 nota
3573 4997 3805 5045 tantum-

2229 5070 2389 5140 modo
2418 5062 2699 5140 imlnulata
2736 5067 3024 5140 numerali.
3048 5066 3382 5140 Opuscultlm
3411 5062 3627 5140 quidem
3646 5072 3805 5140 ,θορι-

2229 5138 2572 5194 mendatione
2596 5155 2714 5193 mea
2739 5153 2844 5193 non
2869 5130 3229 5207 indigelftum
3254 5136 3323 5189 ob
3344 5130 3583 5207 auctoris
3610 5130 3806 5207 gloriof

2721 5225 2752 5236 es
2780 5201 3009 5236 'nnnnln:
3032 5207 3365 5236 ειιιηηηδίθηιη
3401 5201 3721 5236 ιιιυαὶηηίιηη
3749 5203 3801 5236 (δ’

2228 5218 2361 5263 sun-sf
2381 5224 2574 5236 rutunda»

2230 5291 2496 5342 religiosa:
2522 5291 2737 5342 DlUlﬂllS
2763 5292 2953 5334 sensos
2977 5292 3229 5332 CXIIIHOS.
3286 5295 3288 5298 ’
