4078 6336
316 438 414 496 881

1441 435 1822 493 ἘΧΡΟΞΙΤΙΟ
1863 435 2156 492 (ἈΝΟΝῙΒ
2198 435 2440 490 MISSAZ.

3483 441 3590 496 £82

383 551 441 606 ‘2.
475 547 687 620 Accepit
715 549 921 619 panem.
955 549 1079 605 ideo
1111 564 1301 620 panem
1329 558 1384 607 et
1419 553 1602 608 vinum
1646 553 1699 609 in
1738 555 1899 608 sacri-
1935 559 1976 618 Α
2007 555 2148 624 quod
2178 563 2288 608 est:
2321 569 2382 608 ac
2412 553 2564 624 longe
2593 553 2762 625 majus
2790 564 2872 610 est
2903 557 3042 625 quod
3077 572 3180 610 non
3209 565 3291 611 est
3323 557 3388 611 de
3418 556 3588 612 nihile)

319 643 504 697 ficium
556 641 804 709 corporis
840 649 894 695 et
921 642 1200 712 sanguinis
1229 642 1310 696 sui
1352 641 1604 698 Christus
1652 643 1904 708 instituit,

318 735 464 804 quod
493 733 636 790 sicut
673 749 785 801 prae
826 735 1039 788 ett-teris
1081 734 1218 789 cibis
1261 735 1635 804 corporalibus
1669 735 1822 805 panis
1853 743 1908 791 et

317 827 504 880 vinum
541 823 815 888 reﬁciunt,
856 825 927 878 ita
976 839 1174 894 corpus
1211 836 1265 881 ct
1305 826 1526 896 sanguis
1559 826 1759 882 Christi
1795 841 1908 895 pra:

317 916 532 972 ueteris
563 916 698 972 cibis
730 925 786 971 et
824 916 1038 986 potibus
1065 917 1439 986 spiritualibus
1469 917 1779 974 interiorem
1813 919 1908 972 ho-

319 1008 522 1062 minem
548 1005 799 1062 reﬁciunt
827 1015 882 1060 et
904 1007 1175 1076 saginam.
1207 1007 1384 1074 Unde,
1411 1023 1534 1062 caro
1557 1025 1671 1063 mea
1696 1026 1809 1063 vere
1831 1019 1906 1063 est

317 1097 484 1160 cibus,
530 1105 582 1152 et
631 1098 848 1168 sanguis
903 1113 1048 1151 meus
1099 1114 1213 1152 rere
1255 1108 1327 1153 est
1378 1109 1550 1168 potus.
1595 1097 1734 1165 Quia
1778 1114 1906 1153 vero

318 1187 569 1244 Christus
593 1189 807 1258 accepit
835 1202 1029 1258 panem
1059 1197 1116 1244 et
1142 1188 1367 1244 calicem
1395 1189 1450 1244 in
1480 1198 1699 1244 sanctas
1727 1202 1792 1242 ac
1819 1201 1907 1241 ve-

319 1279 592 1336 nerahiles
629 1296 822 1336 manus
860 1275 1016 1345 suas;
1047 1289 1103 1336 et
1139 1280 1392 1337 sacerdos
1419 1280 1670 1349 exemplo
1703 1279 1906 1335 Christi

317 1385 540 1425 carnem
567 1381 624 1426 et
653 1372 969 1444 sanguinem
997 1372 1050 1427 in
1077 1387 1268 1429 manus
1291 1372 1584 1442 accipiens.
1616 1382 1906 1442 utrumque

319 1474 418 1532 per
440 1474 500 1516 se
531 1462 804 1518 benedieit
831 1463 1010 1518 crucis
1035 1463 1334 1534 signaculo.
1360 1463 1524 1519 Panis
1551 1463 1906 1518 fermentatus

317 1566 428 1606 non
465 1551 629 1608 debet
659 1551 844 1609 oﬁ'erri
882 1554 937 1608 in
965 1554 1316 1620 sacrificium,
1346 1563 1456 1610 tum
1503 1555 1712 1609 ratione
1753 1552 1902 1616 facti,

321 1653 434 1700 tum
482 1645 698 1700 ratione
743 1645 1007 1716 mysterii.
1048 1646 1138 1702 Sic
1179 1646 1374 1717 legitur
1424 1647 1476 1700 in
1519 1646 1722 1702 Exodo.
1775 1645 1907 1700 Fer-

317 1745 561 1793 mentum
599 1738 764 1793 etiam
803 1738 1208 1809 corruptionem
1247 1737 1538 1810 signiﬁcat,
1585 1747 1720 1794 teste
1763 1738 1908 1808 Apo-

316 1826 458 1884 stolo
480 1844 498 1883 :
522 1828 791 1883 modicum
813 1828 1127 1898 fermentum
1150 1839 1312 1884 totam
1335 1847 1565 1886 massam
1595 1832 1901 1900 corrumpit.

2013 658 2202 700 creare
2225 659 2385 714 quam
2410 645 2650 715 quodest
2670 645 2722 700 in
2751 647 2893 701 aliud
2920 655 3300 702 transmittare.
3320 647 3376 701 Si
3397 647 3594 704 dixerit

2011 737 2244 806 aliquis:
2273 736 2469 793 Certus
2507 752 2626 792 sum
2664 752 2764 808 ego
2803 738 3026 793 omnino
3059 737 3202 809 quod
3243 738 3452 803 valeat,
3485 755 3592 795 non

2010 844 2130 883 sum
2172 839 2352 884 certus
2393 829 2536 900 quod
2570 828 2729 895 velit;
2766 829 2810 884 si
2853 829 3064 885 dubitat
3095 847 3222 900 ergo
3260 833 3434 901 quod,
3469 848 3592 887 cum

2010 918 2260 975 Christus
2289 921 2590 989 accepisset
2616 934 2830 989 panem,
2862 920 3152 984 benedixit,
3181 924 3278 976 hoc
3304 934 3376 977 est
3404 940 3594 993 corpus

2010 1027 2205 1077 meum,
2232 1012 2447 1066 Veritas
2475 1013 2575 1066 hoc
2607 1011 2760 1076 dicit,
2786 1021 2842 1065 et
2865 1011 2986 1068 ideo
3012 1028 3199 1068 verum
3238 1022 3322 1068 est
3346 1015 3595 1070 omnino.

2010 1100 2076 1155 Et
2103 1100 2229 1156 alibi
2258 1100 2415 1155 :Nisi
2440 1102 2878 1157 manducaveritis
2900 1119 3113 1156 carnem
3143 1100 3269 1157 Filii
3294 1106 3520 1158 hominis
3553 1120 3597 1157 ('1

2009 1191 2243 1246 biberitis
2273 1191 2387 1260 ejus
2411 1192 2740 1262 sanguinem,
2771 1209 2872 1246 non
2899 1193 3150 1246 habebitis
3174 1193 3329 1247 vitam
3357 1194 3410 1247 in
3432 1195 3575 1247 vobis

2013 1281 2075 1336 Et
2097 1284 2164 1335 ad
2189 1281 2451 1351 majorem
2475 1269 2723 1338 veritatis
2745 1283 3149 1354 expressionem
3165 1283 3594 1356 adjunxit:Caro

2009 1389 2124 1426 mea
2167 1389 2280 1426 vere
2319 1383 2390 1426 est
2419 1375 2596 1439 cibus,
2637 1385 2686 1429 et
2725 1377 2939 1445 sanguis
2981 1392 3125 1430 meus
3169 1393 3283 1431 vere
3321 1387 3394 1432 est
3418 1386 3595 1445 potus.

2078 1464 2130 1519 4.
2175 1465 2286 1536 Ego
2314 1480 2445 1520 vero
2473 1466 2563 1535 qui
2591 1466 2754 1521 vitam
2779 1476 3038 1522 aeternam
3083 1467 3287 1524 habere
3313 1468 3590 1534 desidero,

2008 1569 2229 1611 carnem
2257 1556 2460 1611 Christi
2492 1557 2761 1614 veraciter
2794 1558 3017 1614 comedo
3047 1567 3101 1614 et
3125 1559 3446 1630 sanguinem
3476 1558 3595 1626 ejus

2007 1645 2278 1723 v‘eraeiter
2307 1646 2455 1714 bibo,
2495 1645 2641 1702 illam
2677 1647 2862 1718 utique
2889 1663 3108 1704 carnem
3140 1664 3301 1718 quam
3334 1649 3502 1705 traxit
3527 1650 3596 1704 de

2008 1734 2252 1806 Virgine,
2282 1744 2338 1791 et
2365 1735 2510 1791 illum
2549 1736 2867 1808 sanguinem
2907 1753 3064 1808 quem
3099 1735 3282 1793 eﬁ‘udit
3322 1739 3374 1793 in
3408 1751 3592 1794 cruce.

2010 1824 2162 1883 Sicut
2193 1834 2247 1881 et
2282 1827 2440 1882 vidua
2482 1825 2824 1898 Sarephtana
2880 1827 3122 1896 quotidie
3155 1827 3507 1893 comedebat,
3539 1835 3596 1881 et

317 1916 493 1976 Graeci
531 1928 712 1974 tamen
756 1921 809 1974 in
847 1935 945 1976 suo
983 1921 1288 1990 pertinaces
1325 1937 1512 1977 errore
1543 1923 1610 1978 de
1639 1921 1905 1978 fermento
1937 1925 1980 1984 Β
2008 1933 2114 1973 non
2144 1918 2551 1975 diminuebatur
2578 1918 2755 1974 farina
2796 1919 2861 1975 de
2899 1918 3113 1990 hydria,
3145 1929 3199 1976 et
3223 1919 3399 1975 oleum
3435 1923 3499 1976 de
3525 1919 3596 1976 lc.

317 2008 631 2066 conﬁciunt.
673 2009 904 2066 Elevatis
950 2012 1114 2066 oculis
1156 2013 1209 2067 in
1255 2013 1459 2068 calum.
1517 2014 1644 2069 Haec
1682 2014 1900 2085 quidem

315 2099 480 2153 verba
518 2099 698 2154 nullus
723 2100 1057 2171 evangelista
1091 2102 1368 2159 describit.
1404 2104 1536 2174 Quis
1575 2121 1704 2176 ergo
1737 2113 1902 2161 tanta:

314 2192 750 2262 praesumptionis
792 2194 1004 2249 exstitit
1045 2204 1138 2249 aut
1188 2197 1425 2252 audacia:
1474 2206 1534 2251 ut
1579 2196 1696 2253 hare
1735 2198 1800 2252 de
1845 2211 1903 2252 se

314 2283 583 2352 exponat?
615 2284 758 2338 Sane
791 2286 948 2340 istam
982 2284 1210 2341 formam
1243 2290 1311 2344 ab
1353 2290 1471 2359 ipso
1501 2288 1720 2345 Christo
1748 2305 1900 2346 acce-

313 2380 511 2441 perunt
547 2374 810 2443 apostoli,
843 2385 896 2430 et
923 2377 990 2430 ab
1025 2377 1154 2446 ipsis
1187 2378 1451 2436 Ecclesia.
1491 2379 1653 2434 Multa
1682 2380 1898 2449 quidem

314 2469 424 2517 tam
461 2464 530 2520 de
555 2466 735 2520 verbis
773 2483 936 2537 quam
961 2469 1026 2523 de
1059 2469 1216 2524 factis
1242 2472 1707 2540 prmtermiserunt
1737 2487 1900 2527 evan-

313 2558 540 2628 gelista},
579 2575 700 2628 quae
740 2571 916 2616 tamen
951 2563 1179 2631 apostoli
1215 2564 1634 2633 suppleverunt;
1675 2574 1900 2634 possunt

315 2661 496 2706 tamen
562 2653 676 2707 haec
728 2639 962 2708 ex'aliis
1018 2654 1150 2708 locis
1202 2655 1475 2726 Evangelii
1533 2656 1896 2726 comprobari.

311 2742 546 2800 Joannes
584 2747 728 2801 enim
771 2747 964 2803 Lazari
1012 2749 1423 2804 suseitationem
1456 2749 1772 2804 describens
1823 2758 1900 2804 te-

312 2847 489 2892 statur
510 2840 650 2908 quod
667 2839 822 2894 Jestts
837 2840 1047 2896 elevatis
1073 2858 1284 2896 sursum
1313 2841 1478 2896 oculis
1506 2843 1641 2896 dixit
1667 2861 1681 2895 ;
1712 2841 1895 2906 Pater,

309 2927 509 2995 gratias
549 2945 648 2999 ago
686 2929 776 2982 tibi
807 2933 1058 3000 quoniam
1091 2931 1289 2985 audisti
1325 2948 1426 2986 me.
1461 2931 1593 2988 Item
1627 2931 1792 2988 alibi:
1829 2929 1898 2985 Et

310 3017 588 3074 sublevatts
613 3021 667 3074 in
700 3020 886 3076 cadum
920 3022 1088 3077 oculis
1120 3023 1295 3078 dixit:
1320 3021 1502 3090 Pater,
1538 3025 1774 3094 clari/ica
1805 3022 1904 3079 Fi-i

309 3107 439 3163 lium
463 3119 633 3164 tuum.
661 3109 769 3167 Sed
795 3111 938 3168 sicut
965 3113 1020 3169 in
1043 3113 1240 3170 caelum
1268 3115 1453 3172 oculos
1481 3115 1676 3171 levavit
1704 3116 1770 3172 ad
1795 3114 1900 3172 Pa-

313 3208 484 3270 trem,
538 3217 664 3258 eum
711 3204 948 3260 animam
999 3204 1192 3261 Lazari
1239 3218 1524 3264 revocaret
1566 3206 1632 3262 ad
1675 3223 1896 3278 corpus,

310 3302 516 3361 quanto
555 3295 728 3367 magis
766 3297 1095 3354 credendum
1132 3307 1216 3355 est
1254 3300 1395 3370 quod
1437 3309 1565 3356 tunc
1602 3302 1789 3357 oculos
1829 3301 1896 3357 ad
1925 3279 1969 3341 (ἶ

310 3379 534 3441 Patrem
557 3384 612 3440 in
636 3385 833 3446 coelum
857 3386 1142 3455 levaverit,
1171 3403 1293 3444 cum
1325 3403 1521 3460 panem
1547 3399 1601 3444 et
1625 3391 1809 3444 vinum
1843 3390 1897 3444 in

311 3489 509 3545 corpus
545 3478 825 3549 proprium
868 3478 1259 3535 commutabat.
1302 3478 1514 3534 Gratias
1552 3497 1729 3551 agens.
1764 3479 1900 3536 Hinc

310 3582 530 3638 quoque
569 3569 842 3641 colligitur
892 3570 1036 3626 unde
1080 3571 1411 3628 sacriﬁcium
1459 3571 1650 3627 laudis.
1683 3570 1900 3626 Gratias

311 3659 509 3730 agebat
543 3675 650 3716 non
689 3676 788 3732 pro
826 3675 908 3729 se,
945 3663 1040 3719 sed
1072 3678 1172 3735 pro
1205 3665 1578 3736 redemptione
1619 3664 1898 3720 hominum

311 3750 391 3805 sic
418 3748 624 3806 futura.

383 3841 438 3896 '5.
466 3841 768 3900 Benedixit.
795 3844 1026 3914 Quidam
1050 3845 1305 3902 dixerunt
1325 3847 1467 3918 quod
1493 3845 1740 3903 Christus
1769 3861 1899 3902 eon-

312 3932 444 3990 fecit
481 3949 605 3992 cum
647 3937 946 4004 benedixit,
979 3938 1218 3993 litteram
1256 3948 1632 3995 construentes
1675 3940 1776 3995 hoc
1809 3954 1895 3996 or-

313 4023 438 4079 dine
465 4043 476 4077 :
507 4028 706 4096 accepit
731 4044 918 4097 panem
948 4038 995 4083 et
1018 4029 1310 4094 benedixit;
1336 4029 1768 4086 subaudiendum
1792 4040 1894 4096 est,

312 4114 491 4170 dicens
515 4132 534 4171 :
565 4115 681 4172 [Ioc
703 4128 778 4173 est
805 4135 994 4189 corpus
1027 4136 1221 4174 meum.
1259 4119 1420 4176 Prius
1447 4135 1575 4192 ergo
1601 4121 1685 4175 illa
1712 4130 1898 4191 protu-

316 4205 411 4272 lit,
441 4215 498 4261 ut
528 4207 607 4264 eis
636 4209 745 4264 vim
771 4209 1096 4266 conﬁciendi
1131 4212 1421 4276 tribueret;
1453 4212 1646 4268 deinde
1675 4212 1900 4282 protulit

312 4298 533 4363 eadem,
582 4308 641 4353 ut
683 4301 956 4370 apostolos
1003 4299 1234 4357 formam
1285 4302 1604 4358 conficiendi
1651 4303 1894 4359 doceret.

314 4387 458 4442 Sane
490 4389 593 4445 dici
626 4399 804 4458 potest
827 4391 968 4460 quod
999 4390 1249 4447 Christus
1276 4394 1477 4448 virtute
1501 4393 1682 4449 divina
1715 4393 1899 4451 confe-

311 4481 450 4536 cerit
480 4496 678 4553 corpus
713 4498 774 4539 ea
803 4481 979 4539 forma
1007 4500 1263 4556 expressa
1296 4487 1396 4543 sub
1434 4502 1538 4556 qua
1570 4488 1772 4557 posteri
1805 4489 1898 4544 be-

309 4575 653 4642 nedicerent;
696 4576 807 4648 ipse
845 4592 1078 4648 namque
1108 4597 1205 4649 per
1239 4596 1297 4636 se
1335 4582 1535 4636 virtute
1561 4583 1779 4654 pronria
1805 4583 1898 4639 be-

311 4665 550 4732 nedixit;
581 4682 678 4722 nos
701 4676 880 4722 autem
905 4683 971 4724 ex
1001 4668 1087 4723 illa
1110 4671 1313 4726 virtute
1333 4687 1498 4742 quam
1524 4672 1693 4728 edidit
1717 4671 1891 4729 nobis.

309 4755 444 4811 Cum
486 4773 624 4828 ergo.
657 4759 914 4815 sacerdos
955 4759 1044 4815 illa
1083 4761 1284 4816 Christi
1332 4763 1495 4818 verba
1537 4763 1892 4831 pronuntiat:

312 4845 430 4902 [Ioc
454 4859 527 4904 est
557 4867 748 4919 corpus
778 4867 973 4918 meum,
1004 4855 1090 4907 hic
1112 4863 1186 4907 est
1217 4856 1434 4926 sanguis
1464 4871 1631 4922 meus,
1664 4855 1819 4925 panis
1842 4864 1898 4912 et

309 4939 494 4995 viuum
521 4941 572 4996 in
598 4957 817 4998 carnem
842 4951 894 4998 et
924 4945 1240 5015 sanguinem
1265 4946 1599 5002 convertitur
1622 4946 1708 5001 illa
1740 4945 1897 5002 Verbi

311 5029 512 5087 virtute
550 5049 654 5103 qua
700 5032 922 5088 Verbum
965 5053 1090 5090 caro
1130 5037 1328 5104 {actum
1364 5046 1438 5091 est
1479 5047 1526 5092 et
1565 5037 1815 5092 habitavit
1844 5037 1897 5090 in

312 5122 490 5189 nobis;
519 5139 626 5194 qua
661 5126 793 5180 dixit
827 5136 875 5180 et
905 5127 1050 5197 facta
1090 5139 1244 5193 sunt;
1275 5144 1378 5198 qua
1413 5128 1668 5184 feminam
1703 5130 1754 5184 in
1793 5139 1897 5184 sta-

310 5223 458 5270 tuam
504 5219 764 5284 mutavit;
798 5234 905 5290 qua
945 5220 1150 5291 virgam
1188 5221 1454 5275 convertit
1495 5220 1547 5275 in
1575 5221 1891 5285 colubrum;

306 5318 416 5373 qua
443 5305 617 5364 fontes
649 5309 879 5364 mutavit
912 5309 963 5364 in
995 5310 1346 5385 sanguinem;
1384 5326 1489 5380 qua
1525 5325 1716 5381 aquam
1752 5326 1895 5365 com-

307 5396 536 5450 mutavit
561 5397 617 5452 in
648 5397 854 5453 vinum.
884 5398 1014 5454 Nam
1046 5401 1088 5457 si
1122 5401 1343 5456 verbum
1368 5399 1495 5455 Elite
1521 5400 1694 5470 potuit
1718 5401 1894 5470 ignem

306 5484 375 5540 de
429 5487 568 5544 coelo
622 5489 934 5560 deponere,
997 5490 1221 5547 verbum
1268 5491 1468 5548 Christi
1528 5507 1632 5547 non
1693 5494 1889 5562 poterit

307 5590 502 5644 panem
561 5578 611 5633 in
672 5595 896 5636 carnem
938 5583 1181 5637 mutare?
1215 5583 1348 5651 Quis
1393 5583 1494 5638 hoc
1540 5583 1738 5638 audeat
1793 5599 1893 5653 pu-

307 5678 427 5724 tare
457 5670 522 5725 de
555 5686 621 5726 eo
668 5674 756 5728 cui
793 5673 998 5729 nullum
1034 5674 1251 5730 verbum
1293 5683 1376 5730 est
1422 5673 1772 5746 impossibile,
1802 5693 1896 5745 per

306 5775 459 5828 quem
501 5764 684 5833 omnia
713 5764 858 5835 facta,
893 5775 1043 5836 sunt,
1075 5766 1188 5835 sine
1226 5784 1327 5836 quo
1373 5767 1571 5834 [artant
1616 5777 1689 5821 est
1729 5767 1904 5833 nihil?

307 5848 473 5906 Certe
504 5853 675 5923 magis
706 5864 788 5909 est
819 5871 1005 5911 creare
1033 5855 1173 5926 quod
1217 5871 1321 5911 non
1366 5865 1448 5911 est
1491 5872 1650 5926 quam
1683 5866 1892 5914 mutare

2004 2012 2197 2082 cytho;
2225 2010 2306 2067 sic
2341 2011 2592 2067 universa
2617 2011 2860 2068 Ecclesia
2895 2011 3138 2082 quotidie
3161 2013 3352 2077 sumit,
3383 2021 3436 2066 et
3462 2027 3592 2066 utm-

2003 2117 2165 2172 quam
2198 2101 2474 2157 consumit
2497 2116 2718 2159 carnem
2750 2112 2805 2158 et
2828 2102 3149 2172 sanguinem
3183 2102 3392 2157 Domini
3422 2101 3591 2158 nostri

2001 2191 2130 2249 Jesu
2160 2193 2385 2249 Christi.
2419 2193 2620 2249 Verum
2654 2209 2720 2248 an
2758 2202 2943 2263 partes
2982 2194 3034 2248 iu
3073 2202 3273 2263 partes,
3312 2208 3380 2247 an
3422 2202 3593 2249 totum

2003 2287 2054 2341 in
2100 2294 2270 2342 totum
2319 2294 2595 2352 transeat,
2641 2286 2790 2342 novit
2838 2285 2926 2341 ille
2969 2286 3061 2356 qui
3108 2283 3266 2350 facit;
3309 2299 3408 2356 ego
3448 2285 3593 2353 quod

2003 2377 2277 2432 residuum
2315 2385 2403 2433 est
2442 2377 2567 2448 igne
2600 2377 2882 2442 comburo,
2911 2393 3036 2431 nam
3062 2377 3286 2432 credere
3315 2375 3598 2445 jubemur,

2001 2469 2338 2539 distinguere
2372 2467 2748 2540 prohibemur.
2791 2468 2899 2525 Sed
2935 2469 3060 2539 quia
3103 2469 3265 2524 instat
3299 2469 3592 2538 quaerentis

2003 2561 2347 2631 improbitas,
2376 2557 2523 2616 salva
2566 2559 2670 2615 ﬁde
2701 2561 3060 2616 concedentes
3101 2560 3243 2630 quod
3290 2561 3410 2614 talis
3437 2562 3592 2631 panis

2003 2650 2056 2706 in
2085 2651 2189 2706 tale
2214 2667 2411 2722 corpus
2432 2661 2822 2718 commutatur,
2848 2666 2950 2708 nec
2970 2666 3097 2721 pars
3120 2651 3170 2705 in
3197 2660 3429 2720 partem.
3452 2651 3594 2706 Reor

2005 2755 2205 2810 tamen,
2231 2746 2378 2802 salva
2406 2747 2528 2802 ﬁdei
2556 2746 2857 2816 majestate,
2884 2748 3052 2817 quod,
3079 2747 3165 2802 ubi
3196 2748 3348 2817 panis
3369 2756 3451 2802 est
3473 2761 3594 2802 ceu

2001 2848 2269 2905 secratus,
2289 2849 2433 2895 totus
2455 2849 2539 2896 est
2558 2840 2809 2896 Christus
2831 2841 2883 2894 in
2912 2849 3018 2894 tota
3041 2840 3224 2910 specie
3247 2839 3424 2910 panis.
3451 2847 3593 2894 totus

2001 2932 2101 2986 sub
2128 2931 2354 3002 singulis
2373 2931 2636 3002 partibus,
2665 2940 2808 2986 totus
2836 2932 2889 2986 in
2915 2946 3131 3003 magno,
3159 2939 3300 2986 totus
3324 2930 3374 2985 in
3399 2945 3589 3000 parvo,

2005 3031 2150 3078 totus
2190 3021 2242 3076 in
2284 3021 2514 3091 integro,
2547 3030 2693 3078 totus
2737 3021 2792 3076 in
2839 3020 3036 3077 fracto.
3072 3019 3198 3076 Scio
3230 3030 3408 3075 tamen
3441 3023 3586 3092 quod

2001 3113 2202 3170 dicitur
2239 3128 2270 3168 a
2313 3113 2638 3184 quibusdam
2669 3131 2682 3168 :
2723 3111 2974 3180 Quandiu
3009 3113 3219 3184 species
3246 3113 3456 3185 integra
3485 3122 3593 3176 est,

2004 3205 2105 3261 sub
2147 3204 2298 3261 totali
2333 3204 2513 3274 specie
2545 3203 2711 3260 totalc
2741 3219 2942 3276 corpus
2970 3205 3188 3271 existit;
3227 3205 3318 3261 ubi
3349 3220 3480 3260 vero
3511 3204 3593 3260 di-

2001 3295 2226 3359 viditur,
2260 3296 2315 3351 in
2347 3294 2578 3366 singulis
2614 3295 2974 3352 divisionibus
3014 3295 3204 3365 incipit
3235 3310 3356 3351 esse
3394 3303 3594 3358 totum.

2001 3386 2144 3442 sicut
2172 3385 2227 3441 in
2259 3385 2500 3458 speculo,
2531 3386 2660 3441 dum
2684 3395 2768 3442 est
2799 3387 3094 3458 integrum,
3124 3401 3231 3440 una
3261 3395 3468 3442 tantum
3497 3401 3594 3454 ap-

2001 3484 2156 3546 paret
2182 3475 2522 3547 inspicientis
2549 3476 2756 3547 imago;
2783 3476 2900 3542 sed,
2931 3476 3050 3546 ipso
3083 3475 3280 3542 fracto,
3314 3485 3392 3531 tot
3420 3491 3554 3546 appa

2003 3575 2124 3623 rent
2160 3567 2424 3638 imagines
2458 3577 2589 3636 quot
2620 3576 2748 3623 sunt
2781 3567 3056 3623 fractum.
3089 3566 3362 3634 Quteritur
3400 3576 3585 3620 utrum

2002 3672 2199 3728 corpus
2225 3657 2566 3713 Dominicum
2597 3657 2667 3713 sit
2704 3657 2894 3724 locale,
2941 3667 3122 3713 utrum
3165 3657 3328 3713 faciat
3355 3656 3586 3712 localem

2001 3748 2340 3815 distantiam,
2372 3757 2552 3804 utrum
2581 3747 2684 3804 dici
2725 3748 2920 3806 debeat
2957 3749 3100 3820 quod
3123 3750 3271 3820 jacet
3311 3757 3404 3804 aut
3434 3749 3589 3804 sedet

2002 3847 2094 3894 aut
2115 3847 2252 3906 stat;
2276 3839 2370 3897 sed
2392 3847 2445 3895 et
2467 3840 2571 3896 alia
2596 3839 2761 3895 multa
2787 3843 2930 3897 circa
2953 3851 3274 3912 praesentem
3298 3840 3589 3896 articulum

2001 3931 2200 4002 inquiri
2231 3939 2483 4002 possent,
2513 3948 2633 4002 quae
2661 3932 2854 3986 melius
2885 3932 3088 3987 intacta
3119 3931 3240 3987 volo
3281 3930 3591 4000 relinquere

2001 4037 2160 4093 quam
2188 4031 2390 4077 temere
2416 4021 2674 4088 deﬁnire;
2706 4037 2828 4076 nam
2861 4021 3022 4075 bestia
3043 4037 3160 4091 qua:
3189 4021 3410 4091 tetigerit
3441 4037 3589 4074 mon-

2000 4124 2100 4166 tem
2132 4111 2472 4182 lapidabitur.
2502 4101 2694 4167 Td’lius
2723 4119 2806 4168 est
2837 4111 2888 4166 in
2928 4112 3130 4167 talibus
3155 4111 3290 4166 citra
3319 4113 3587 4167 rationem

2000 4202 2297 4258 subsistere
2328 4217 2490 4272 quam
2519 4202 2657 4256 ultra
2690 4187 2955 4256 rationem
2991 4202 3277 4268 excedere,
3316 4218 3384 4257 ne
3418 4202 3581 4258 forte.

1999 4295 2141 4364 quod
2168 4294 2328 4359 absit,
2345 4309 2469 4350 ossa
2488 4294 2633 4364 regis
2659 4293 2902 4350 ldumtece
2923 4294 3236 4366 redigantur
3251 4295 3302 4348 in
3320 4293 3583 4349 cinerem.

2069 4384 2122 4439 5.
2151 4382 2355 4455 Fregit.
2386 4384 2534 4450 Solet
2563 4399 2593 4439 a
2630 4384 2814 4440 multis
2846 4384 3068 4455 inquiri,
3094 4383 3189 4438 sed
3224 4400 3252 4438 a
3281 4384 3470 4454 paucis
3497 4383 3583 4439 in-

2002 4473 2187 4546 telligi,
2221 4475 2349 4545 quid
2393 4473 2666 4546 frangitur
2700 4475 2794 4542 ibi,
2837 4476 2964 4547 quid
3004 4490 3036 4530 a
3073 4490 3225 4531 mure
3254 4475 3584 4544 corraditur,

2005 4570 2135 4640 quid
2163 4571 2286 4626 inde
2307 4580 2586 4626 crematur
2610 4586 2731 4626 cum
2761 4580 3158 4626 sacramentum
3183 4577 3587 4627 concrematur.

2007 4665 2329 4738 Responsio.
2371 4663 2528 4721 Sicut
2563 4660 2884 4718 miraculose
2915 4661 3250 4715 convertitur
3288 4659 3593 4714 substantia

2007 4762 2061 4816 in
2084 4775 2281 4830 corpus
2304 4758 2643 4815 Dominicum
2668 4764 2722 4810 et
2744 4754 2928 4824 incipit
2952 4769 3072 4810 esse
3094 4754 3193 4808 sub
3216 4761 3588 4812 sacramento;

2006 4850 2084 4905 sic
2121 4849 2523 4920 quodammodo
2559 4845 2884 4902 miraculose
2920 4842 3231 4907 revertitur,
3257 4856 3379 4895 cum
3417 4843 3592 4912 ipsum

2007 4943 2076 4997 ibi
2112 4942 2316 4997 desinit
2342 4956 2482 4996 esse.
2516 4940 2580 4993 Et
2609 4953 2714 4992 non
2746 4937 2888 4989 valet
2923 4936 2994 4991 ibi
3025 4933 3174 4990 locus
3205 4949 3236 4988 a
3267 4933 3590 5004 conjugatis.

2006 5033 2096 5089 hic
2125 5041 2208 5088 est
2234 5031 2402 5096 calor,
2436 5046 2616 5100 sapor,
2643 5027 2874 5099 qualitas
2903 5037 2955 5081 et
2982 5026 3278 5096 quantitas,
3307 5041 3429 5081 cum
3461 5025 3594 5079 nihil

2005 5128 2072 5180 ab
2103 5126 2364 5182 alterutro
2401 5124 2474 5178 sit
2509 5121 2806 5177 coloratum
2840 5128 2932 5173 aut
2968 5126 3317 5189 saporatum,
3363 5117 3490 5187 quid
3531 5133 3595 5170 ac

2006 5218 2164 5290 quale
2202 5215 2559 5272 miraculum?
2605 5213 2814 5283 Quippe
2868 5212 3038 5266 vincit
3081 5220 3362 5275 naturam,
3399 5218 3454 5264 et
3491 5209 3593 5278 legi

2006 5309 2240 5366 detrahit
2268 5304 2631 5378 dispensatio;
2659 5320 2758 5359 nec
2781 5301 3032 5360 debueris
3064 5316 3308 5373 qumrere
3345 5310 3602 5355 naturam.

2006 5402 2059 5455 iu
2086 5399 2282 5470 gratia,
2315 5413 2414 5453 nec
2450 5395 2898 5452 consuetudinem
2925 5395 2977 5450 in
3009 5392 3292 5450 miraculo.
3329 5393 3473 5447 Sane
3501 5409 3597 5446 na-

2009 5502 2126 5548 tura
2165 5489 2257 5544 Dei
2296 5497 2381 5545 cst
2421 5487 2689 5552 Trinitas,
2732 5486 2981 5543 videlicet
3017 5484 3196 5552 Pater,
3238 5493 3292 5541 et
3315 5483 3503 5549 Filius,
3541 5493 3597 5538 et

2007 5584 2242 5654 Spiritus
2273 5592 2512 5637 sanctus.
2555 5580 2612 5636 lu
2653 5579 2931 5652 hypostasi
2962 5578 3085 5634 Filii
3125 5586 3179 5634 et
3227 5577 3442 5635 trinitas
3469 5577 3596 5632 sub-

2005 5674 2363 5740 stantiarum,
2412 5672 2667 5728 videlicet
2700 5671 2893 5736 deitas,
2940 5685 3136 5742 corpus
3176 5680 3228 5724 et
3284 5671 3491 5732 anima;
3541 5669 3596 5723 in

2005 5773 2348 5822 sacramento
2387 5764 2631 5834 corporis
2660 5762 2860 5819 Christi
2903 5771 2985 5818 est
3019 5761 3234 5816 trinitas
3269 5761 3590 5829 specierum,

2006 5860 2256 5916 videlicet
2279 5859 2452 5930 panis,
2477 5860 2685 5927 vinum,
2710 5867 2763 5914 et
2789 5871 2950 5928 aqua.
2977 5853 3031 5908 In
3057 5864 3247 5910 natura
3269 5853 3358 5910 Dei
3384 5869 3488 5908 non
3513 5860 3602 5907 est
