4108 5342
481 231 587 286 883
1467 239 1528 294 Τ.
1569 241 1657 296 AD
1712 242 1873 297 ΤΟΜ.
1918 243 1982 296 Ill
2017 243 2113 299 0Ρέ

2217 245 2266 298 5.
2306 246 2510 300 PETRI
2553 246 2634 299 DA
2646 243 2854 299 MIANL
3637 198 3745 300 θέει

482 347 733 452 accidens
760 349 812 400 in
839 348 1078 452 subsunt
1093 349 1157 413 in,
1177 362 1281 410 nec
1300 351 1602 408 substantia
1625 353 1727 410 sub
1752 353 2058 422 accidente;
2088 363 2113 416 λ

2217 370 2280 410 an
2310 356 2428 412 ideo
2456 366 2632 412 tamen
2673 366 2756 411 est
2783 353 3223 410 calumniandum
3252 349 3508 410 Ecclesia:
3534 356 3677 424 quod
3713 371 3749 410 δ

483 438 537 546 it!
571 439 842 546 hrpostasi
871 435 990 546 Filii
1018 451 1100 496 est
1125 442 1378 546 accidens
1415 444 1467 498 in
1499 445 1819 511 substantia,
1845 454 1898 500 et
1929 447 2056 500 sub-
2153 444 2350 514 jejunis
2383 447 2686 516 accipitur;
2719 443 2918 514 placuit
2950 444 3094 498 enim
3128 440 3356 515 Spiritui
3384 453 3576 500 sancto
3603 452 3664 498 ut
3691 445 3751 498 in

480 531 680 587 stantia
708 531 808 586 sub
828 531 1122 587 accidente.
1155 533 1403 589 Dicamus
1428 549 1556 604 ergo
1575 536 1641 590 ad
1662 537 1893 606 primum
1914 536 2058 605 quod
2159 537 2419 592 honorem
2454 537 2587 590 tanti
2627 535 2954 590 sacramenti
2987 534 3220 606 primum
3247 548 3310 589 os
3337 533 3631 590 Christiani
3665 532 3752 586 iu-

480 623 652 727 forma
680 624 837 694 panis
863 624 1131 727 frangitur
1150 633 1204 679 et
1228 626 1502 692 atteritur,
1525 626 1622 682 sed
1640 642 1835 696 corpus
1857 626 2058 682 Christi
2161 635 2350 682 traret.
2388 628 2659 698 Accipiens
2691 639 2737 681 et
2765 628 2904 680 hunc
2937 625 3253 696 prtvclarum
3292 628 3529 680 calicem.
3559 625 3752 681 Conti-

482 716 718 772 sumitur
742 724 797 771 et
828 717 1148 781 comeditur,
1177 732 1240 772 ea
1269 732 1386 786 qua:
1416 727 1605 773 notant
1633 721 2057 788 corruptionem,
2161 735 2296 774 nens
2325 721 2684 790 metonymice
2709 719 2926 788 ponitur
2951 733 3046 786 pro
3070 726 3346 772 contento.
3377 716 3479 771 Hic
3505 727 3579 771 est
3607 717 3751 771 satis

483 810 553 864 ad
584 807 818 864 formam
864 811 1017 880 panis
1063 809 1393 875 referentes;
1434 826 1501 864 ea
1539 826 1666 866 vero
1713 825 1834 880 quae
1875 817 2064 865 notant
2163 813 2435 882 sanguinis
2467 813 2586 876 mei,
2627 812 2745 864 novi
2780 820 2826 864 et
2869 809 3054 863 (ειετηί
3089 811 3406 871 testamenti,
3456 807 3508 862 id
3537 817 3622 864 est
3655 809 3752 863 fir-

483 902 880 972 acceptionem,
917 902 983 956 ad
1017 915 1214 971 corpus
1242 901 1464 956 Christi.
2165 906 2333 960 matio
2375 921 2525 960 novae
2571 913 2790 959 attenta:
2829 901 3226 972 promissionis.
3257 900 3530 968 Quaaritur
3571 910 3760 954 utrum

553 991 608 1094 ti.
651 992 822 1094 Dedit.
863 993 1132 1094 Qllml‘lllil‘
1157 1005 1338 1046 utrum
1375 1009 1574 1064 corpus
1619 1009 1774 1049 suum
1813 995 1866 1048 in
1908 1008 2068 1048 cmna
2167 1012 2304 1066 aqua
2339 1010 2459 1050 cum
2495 996 2622 1050 vino
2667 1002 3018 1049 convertatur
3051 994 3104 1048 in
3151 991 3513 1061 sanguinem?
3545 989 3759 1046 Dicitur

486 1083 694 1139 dederit
729 1084 951 1138 mortale
981 1099 1048 1137 an
1081 1084 1409 1149 immortale,
1441 1085 1690 1154 possibile
1722 1101 1788 1139 an
1824 1085 2068 1154 impassi-
2167 1089 2310 1143 enim
2333 1088 2474 1157 quod
2502 1104 2639 1158 aqua
2663 1087 2936 1155 significat
2959 1086 3234 1158 p0pulum,
3257 1094 3311 1140 et
3333 1086 3460 1138 vino
3479 1084 3764 1148 miscetur.

486 1170 596 1273 hil}:
679 1170 936 1273 Sltﬂircre
989 1172 1151 1227 credo
1199 1173 1243 1227 si
1278 1173 1520 1273 dicatur:
1565 1173 1676 1273 tale
1716 1173 1865 1228 dedit
1903 1173 2069 1273 quale
2168 1187 2228 1233 ut
2251 1179 2468 1234 Christo
2488 1178 2716 1249 populus
2740 1178 3004 1232 admistus
3029 1175 3388 1249 signiﬁcetur.
3410 1173 3540 1230 Dico
3563 1188 3764 1243 aquam

488 1261 687 1326 voluit;
722 1269 896 1330 potest
927 1272 1102 1317 tamen
1136 1263 1380 1328 concedi.
1425 1263 1570 1318 salva
1609 1265 1731 1328 ﬁde.
1776 1263 1920 1334 (ιυοά
1967 1264 2073 1319 tale
2173 1271 2405 1327 transire
2435 1271 2486 1324 in
2517 1271 2718 1332 vinum,
2752 1283 2875 1322 cum
2907 1267 3077 1321 multo
3106 1265 3233 1320 vino
3269 1264 3539 1320 modicum
3571 1261 3758 1319 infun-

493 1350 642 1454 θξδίι
670 1351 827 1454 (μηδὲ
856 1361 982 1407 ωηο
1019 1351 1227 1454 habili"
1260 1355 1490 1410 ηιοηίδίθ
1523 1354 1773 1410 νίάθίίεοι
1800 1363 1850 1410 Cl
1895 1354 2072 1425 PaSSi'
2173 1363 2334 1419 datur
2360 1374 2534 1430 aquae.
2565 1357 2836 1423 Qumritur
2861 1371 2929 1410 an
2957 1370 3156 1408 vanum
3185 1354 3258 1410 sit
3284 1352 3428 1422 quod
3455 1352 3683 1424 geritur,
3710 1350 3766 1405 si

491 1441 621 1507 me,
649 1456 756 1496 "0"
798 1451 975 1498 “me”
1012 1444 1155 1513 (ιιιοά
1183 1454 1366 1514 ινοεεει
1405 1444 1517 1514 Pa“
1560 1445 1661 1500 50b
1709 1455 2076 1511 εδοηιηιθηιοο
2174 1455 2314 1510 forte
2343 1466 2483 1522 aqua
2520 1446 3006 1521 prmtermittatur?
3053 1445 3211 1511 Dico,
3247 1444 3294 1500 si
3324 1443 3629 1515 ignorantia
3677 1442 3766 1498 vel

492 1534 588 1589 30d
615 1532 736 1601 (Ιηῖθ
764 1530 866 1587 ⁵ῑῶ
895 1542 1234 1589 sacramento
1261 1542 1471 1603 υοιθηη
1501 1533 1634 1604 Pali»
1665 1533 1934 1604 Passibms
1955 1549 2079 1590 εἴη’
2175 1545 2446 1602 oblivione
2472 1556 2666 1612 aquam
2693 1539 3042 1612 praetermisit
3065 1537 3284 1608 aliquis,
3313 1537 3551 1608 graviter
3574 1535 3771 1606 punia-

494 1623 726 1679 debatur
756 1636 854 1680 nec
881 1621 1194 1677 laed'ebatur.
1232 1622 1534 1693 Discipulis.
1567 1623 1716 1679 Solet
1747 1622 1981 1678 dubitari
2009 1639 2077 1678 an
2179 1641 2307 1700 iur;
2361 1646 2466 1688 non
2524 1638 2704 1685 tamen
2751 1628 2822 1682 sit
2868 1627 3036 1682 etiam
3077 1626 3295 1682 irritum
3343 1635 3775 1680 sacramentum.

493 1712 660 1770 ³³⁸³³³
684 1715 975 1785 εοοορθτῖιο-
1000 1713 1153 1782 Ουοά
1181 1715 1410 1781 νίάθιυτρ
1441 1729 1564 1770 Cum
1596 1714 1741 1770 diem
1770 1728 1785 1767 ε
1824 1713 1993 1768 Bibi“
2015 1729 2078 1766 εκ
2110 1714 2155 1773 Β
2183 1723 2380 1779 Tribus
2401 1738 2466 1778 ex
2495 1722 2676 1778 causis
2701 1728 3098 1775 sacramentum
3131 1717 3379 1786 corporis
3404 1725 3460 1772 et
3491 1715 3776 1784 sanguinis

496 1813 594 1860 hoc
615 1823 815 1862 omnes.
850 1805 959 1861 Sed
987 1807 1249 1875 quaeritur
1274 1819 1380 1874 qua
1429 1806 1637 1860 ratione
1668 1805 1908 1859 medicus
1936 1802 2080 1858 salu-

499 1895 635 1952 taris
666 1896 984 1951 medicinam
1011 1895 1415 1965 dabataegroto,
1443 1911 1603 1965 quam
1633 1895 1680 1951 ei
1705 1894 1914 1951 sciebat
1939 1910 2084 1949 mor-

500 1989 757 2044 tiferam?
802 1989 890 2044 Ad
923 1989 1023 2044 hoc
1063 1986 1268 2044 scilicet
1311 1987 1494 2052 dabat,
1546 1996 1605 2040 ut
1652 1999 1750 2041 suo
1800 1986 2086 2042 doceretur

503 2083 751 2153 exemplo
770 2083 911 2153 quod
941 2082 1192 2138 sacerdos
1216 2096 1318 2135 non
1348 2081 1506 2134 debet
1534 2078 1625 2132 ulli
1652 2079 2084 2134 communionem

503 2189 722 2244 negare,
750 2173 901 2243 cujus
927 2173 1152 2238 crimen,
1185 2171 1285 2226 etsi
1309 2169 1406 2225 sibi
1436 2169 1508 2224 sit
1536 2177 1742 2234 notum,
1776 2183 1879 2222 non
1907 2177 2088 2222 tamen

504 2265 785 2329 Ecclesizn,
825 2280 894 2319 ne
940 2263 1078 2318 forte
1120 2277 1224 2316 non
1257 2262 1326 2317 sit
1359 2269 1658 2324 corrector,
1692 2259 1786 2314 sed
1823 2257 2086 2328 proditor.

506 2358 736 2422 Accipite
769 2365 816 2410 et
861 2356 1192 2410 manducate.
1227 2353 1344 2408 Non
1391 2363 1473 2409 est
1512 2352 1916 2424 intelligendum
1948 2349 2092 2421 quod

507 2457 780 2516 sumptum
812 2461 1010 2517 corpus
1037 2437 1103 2500 de
1135 2459 1298 2498 manu
1341 2443 1550 2499 Domini
1582 2443 1685 2498 sibi
1716 2442 1961 2512 discipuli
1999 2441 2094 2496 ad-

511 2539 916 2599 ministrarent,
975 2536 1068 2591 sed
1099 2536 1190 2605 qui
1240 2534 1601 2598 consecravit,
1635 2533 1776 2586 idem
1827 2541 1881 2587 et
1933 2527 2094 2586 n'tini-

511 2636 728 2690 stravit.
767 2632 1039 2688 Fortassis
1081 2631 1261 2688 adhuc
1302 2621 1557 2701 cogitatio
1607 2627 1783 2698 pulsat
1829 2626 2094 2689 animum,

513 2740 763 2796 quaerens
797 2723 924 2795 qmd
955 2723 1050 2777 iiut
1094 2723 1159 2777 de
1189 2737 1414 2792 corpore
1443 2719 1644 2776 Christi
1673 2728 1958 2788 postquam
2000 2715 2098 2770 fuit

515 2829 788 2888 sumptum
818 2825 873 2872 et
901 2815 1238 2872 comestum?
1267 2813 1514 2869 Christus
1543 2811 1610 2866 de
1650 2825 1746 2866 ore
1796 2808 1992 2863 transit
2031 2806 2098 2861 ad

517 2927 652 2975 cor;
698 2910 887 2966 melius
919 2918 1002 2966 est
1041 2917 1101 2964 ut
1136 2907 1393 2977 procedat
1433 2907 1483 2960 in
1522 2913 1760 2960 mentem
1801 2917 1962 2972 quam
2009 2900 2100 2955 de-

519 3005 744 3059 scendat
769 3004 820 3058 in
854 3000 1294 3058 ventrem.Cibus
1316 2999 1401 3054 hic
1423 3015 1527 3054 non
1554 2997 1754 3062 carnis,
1785 2995 1877 3050 sed
1906 2994 2099 3049 animae

519 3094 670 3148 venit
695 3102 753 3148 ut
781 3093 1116 3154 comedatur,
1157 3104 1262 3143 non
1301 3097 1359 3141 ut
1397 3093 1778 3148 consumatur;
1832 3093 1889 3138 ut
1921 3090 2104 3153 guste-

523 3194 632 3250 tur,
661 3200 764 3240 non
797 3193 856 3237 ut
882 3183 1286 3250 incorporetur;
1314 3191 1410 3231 ore
1436 3175 1758 3238 comeditur,
1790 3173 1882 3226 sed
1915 3188 2017 3226 non
2051 3172 2102 3226 in

476 3321 480 3328 .
527 3275 807 3331 stomacho
850 3272 1140 3342 digeritur;
1177 3266 1348 3321 reiicit
1393 3266 1652 3330 animum,
1701 3278 1808 3317 non
1847 3261 2016 3317 etiluit
2052 3261 2106 3313 iu

527 3380 820 3424 secessum.
856 3361 1009 3428 Quod
1052 3360 1096 3413 si
1127 3358 1265 3412 forte
1305 3371 1550 3411 secessus
1589 3364 1682 3408 aut
1727 3355 1959 3408 vomitus
1990 3357 2110 3420 post

525 3457 700 3512 solam
746 3449 1096 3507 Eucharistia:
1144 3447 1528 3502 comestionem
1575 3443 1850 3505 evenerit,
1899 3443 1952 3495 in
2008 3441 2111 3494 hoc

529 3547 740 3616 species
795 3541 862 3595 ad
919 3539 1302 3609 pr0prietatem
1364 3536 1544 3591 sensui
1608 3532 1927 3592 famulatur,
1992 3545 2110 3600 quae

531 3642 794 3706 quantum
825 3629 891 3686 ad
924 3645 1023 3685 nos
1053 3637 1234 3686 servat
1261 3642 1355 3698 per
1381 3627 1560 3681 omnia
1605 3621 1976 3692 corruptibilis
2005 3620 2114 3676 cibi

534 3726 956 3784 similitudinem.
977 3723 1069 3779 sed
1099 3731 1357 3792 quantum
1387 3721 1453 3773 ad
1481 3733 1539 3773 se
1569 3734 1674 3772 non
1702 3714 1903 3769 amittit
1939 3714 2117 3768 invio-

537 3821 716 3878 labilis
748 3819 990 3890 corporis
1029 3815 1332 3873 veritatem.
1387 3813 1608 3885 Speoires
1657 3811 1872 3882 quidem
1924 3824 2116 3864 corro-

539 3917 686 3974 ditur
711 3924 765 3971 et
802 3912 1126 3977 maculatur,
1164 3909 1258 3966 sed
1308 3908 1511 3964 veritas
1561 3919 1834 3975 nunquam
1869 3917 2119 3958 corrum-

540 4015 687 4082 pitur
713 4020 806 4067 aut
853 4009 1255 4079 coinquinatur.
1299 4003 1575 4072 Siquando
1610 3999 1716 4055 tale
1745 3999 1872 4068 quid
1899 3996 2118 4058 videris,

545 4103 678 4160 nihil
700 4105 829 4158 time
851 4101 924 4156 illi
950 4117 965 4166 ;
997 4097 1089 4153 sed
1113 4105 1227 4151 esto
1250 4093 1511 4149 sollicitus
1537 4090 1652 4156 tibi,
1682 4104 1749 4144 ne
1774 4099 1828 4142 tu
1861 4085 2000 4142 forte
2031 4085 2124 4140 lte-

549 4196 718 4260 daris,
747 4195 790 4249 si
817 4193 953 4247 male
979 4187 1295 4245 credideris.

622 4289 675 4341 7.
705 4284 819 4339 Hoc
846 4293 920 4338 est
945 4298 1132 4350 corpus
1152 4296 1342 4334 meum.
1361 4275 1630 4344 Quaeritur
1651 4273 1777 4344 quid
1799 4273 2133 4328 demonstret

552 4377 808 4435 sacerdos
835 4388 932 4445 per
973 4372 1074 4425 hoc
1113 4384 1420 4439 praenomen
1467 4365 1604 4420 hoc?
1639 4363 1694 4420 Si
1743 4378 1959 4432 panem,
2003 4359 2128 4430 pani

553 4483 829 4539 nunquam
861 4462 1109 4534 congruit
1153 4476 1273 4516 esse
1303 4474 1498 4528 corpus
1525 4457 1746 4525 Christi,
1789 4455 1882 4512 sed
1913 4455 2135 4509 demon-

555 4569 694 4615 strat
731 4571 928 4627 corpus
964 4552 1196 4619 Christi;
1237 4551 1330 4605 sed
1377 4549 1592 4620 quando
1642 4546 1915 4617 profertur
1961 4543 2133 4611 ipsum

555 4665 876 4722 pronomen,
923 4646 1158 4702 nomium
1197 4652 1278 4700 est
1309 4637 1858 4697 transsubstantiatio.
1890 4635 2138 4702 Respon-

558 4721 755 4804 detur,
805 4737 946 4808 quod
987 4735 1240 4792 sacerdos
1285 4749 1392 4786 non
1435 4733 1795 4788 demonstrat,
1853 4740 1976 4779 cum
2034 4721 2140 4776 illis

560 4834 740 4890 verbis
772 4846 882 4886 non
923 4837 1108 4884 utatur
1138 4824 1471 4881 enunt’ative
1497 4821 1589 4876 sed
1617 4817 1917 4880 recitative,
1941 4827 2139 4897 quem-

564 4924 854 4980 admodum
903 4935 1026 4973 cum
1080 4916 1190 4971 ait:
1250 4913 1362 4983 Ego
1399 4928 1513 4965 sum
1562 4910 1678 4980 uitis
1710 4923 1858 4971 vera,
1929 4919 2020 4968 ego
2051 4901 2145 4955 lu:

569 5013 782 5073 mundi,
832 5018 893 5080 et
939 5009 1102 5062 multa
1154 5006 1278 5059 alia.
1329 5001 1498 5058 Simili
1538 5000 1712 5053 modo.
1764 4996 1876 5050 Sub
1922 5003 2152 5062 utraque

573 5105 753 5177 specie
779 5102 983 5157 scilicet
1019 5101 1171 5169 panis
1203 5111 1257 5152 et
1296 5099 1402 5151 vini
1433 5105 1738 5164 utrmnque,
1767 5092 1819 5144 id
1843 5099 1926 5146 est
1953 5102 2153 5159 corpus

572 5199 630 5248 et
663 5190 907 5259 sanguis,
935 5198 1311 5252 consecratur;
1339 5193 1525 5240 neutra
1560 5192 1736 5237 tamen
1768 5178 2064 5249 superﬂuit,
2095 5189 2160 5233 ut

575 5281 892 5342 ostendatur
924 5277 1067 5342 quod
1093 5276 1341 5331 Christus
1371 5284 1536 5330 tatam
1577 5273 1867 5328 humanam
1903 5277 2154 5324 naturam

2183 1815 2266 1871 sui
2307 1815 2406 1869 sub
2435 1811 2538 1867 alia
2569 1809 2750 1880 specie
2792 1807 3114 1864 sumendum
3157 1806 3428 1861 instituit:
3464 1805 3534 1859 ad
3566 1818 3778 1873 augen-

2185 1905 2311 1962 dum
2335 1903 2616 1966 meritum,
2640 1899 2709 1955 ad
2735 1898 3025 1956 fovendum
3053 1912 3274 1952 sensum
3297 1905 3353 1951 et
3396 1894 3464 1949 ad
3492 1892 3784 1948 vitandum

2187 1999 2507 2064 ridiculum;
2557 1997 2624 2050 ad
2663 1993 2970 2064 augendum
3011 1991 3283 2054 meritmn,
3330 1988 3455 2059 quia
3506 1986 3652 2042 aliud
3701 1985 3784 2042 ibi

2187 2091 2450 2155 cernitur,
2482 2098 2537 2144 et
2581 2087 2726 2142 aliud
2765 2084 3042 2147 creditur;
3080 2082 3146 2136 ad
3193 2079 3481 2135 fovendum
3528 2091 3782 2139 sensum,

2191 2199 2258 2237 ne
2289 2182 2608 2237 abhorreret
2632 2178 2845 2232 animus
2872 2173 3014 2246 quod
3053 2179 3304 2229 cerneret
3331 2169 3553 2233 oculus;
3597 2167 3666 2222 ad
3695 2166 3784 2220 vi—

2191 2276 2414 2330 tandum
2444 2271 2750 2334 ridiculum,
2784 2284 2851 2322 ne
2879 2265 3166 2321 insultaret
3193 2276 3431 2332 paganus
3451 2259 3498 2314 si
3521 2259 3573 2314 id
3598 2264 3788 2327 ageret

2191 2365 2551 2422 Christianus.
2604 2359 2912 2430 Mysterium
2970 2355 3114 2424 ﬁdei.
3171 2350 3481 2423 Mysterium
3541 2345 3792 2406 dicitur.

2194 2459 2319 2529 quia
2361 2455 2506 2510 aliud
2537 2453 2804 2518 cernitur,
2848 2448 2991 2502 aliud
3032 2445 3292 2501 creditur.
3336 2440 3441 2508 Qui
3482 2455 3574 2510 pro
3605 2437 3790 2492 multis

2195 2527 2494 2622 eﬁ‘undetur
2526 2546 2579 2600 in
2610 2543 2962 2598 remissionem
3002 2546 3358 2609 peccatorum.
3395 2532 3501 2587 Pro
3531 2527 3659 2586 solis
3685 2528 3789 2582 de-

2197 2617 2414 2698 stinatis
2444 2635 2645 2692 elTusus
2685 2641 2769 2689 est
2815 2628 2994 2701 quoad
3023 2625 3352 2689 eﬂicaciam;
3396 2637 3496 2680 uro
3535 2617 3799 2676 omnibus

2197 2734 2375 2806 quoad
2407 2728 2806 2786 suﬂicientiam.

2269 2825 2320 2880 8.
2350 2821 2398 2875 11
2405 2839 2478 2875 (rc
2497 2819 2902 2891 quotiescunque
2925 2813 3172 2884 feceritis.
3195 2809 3310 2866 Non
3331 2819 3618 2881 possumus
3637 2800 3803 2857 exire

2201 2916 2268 2970 de
2298 2914 2530 2985 Egypto
2580 2909 2686 2965 nisi
2740 2905 3068 2963 celebrando
3096 2902 3303 2966 Phase;
3352 2913 3482 2969 ergo
3520 2905 3580 2951 ut
3629 2893 3802 2948 deva~

2205 3013 2383 3063 stante
2404 2982 2600 3073 angelo
2630 3008 2998 3072 protegamur,
3029 3008 3226 3065 agnum
3251 2991 3493 3065 edamus.
3527 2982 3634 3041 Sed
3660 2995 3798 3051 quo-

2209 3095 2342 3151 ties?
2389 3072 2722 3164 Augustinus
2767 3089 2897 3143 dicit
2928 3106 2941 3140 :
2979 3084 3231 3152 Quotidie
3262 3094 3476 3137 sumere
3506 3091 3606 3131 nec
3634 3072 3801 3128 laudo

2207 3200 2309 3240 nec
2345 3163 2612 3253 vitupero.
2663 3181 2738 3233 De
2789 3175 3014 3230 Zacltaao
3057 3181 3112 3227 ct
3159 3170 3480 3228 centurione.
3519 3163 3749 3236 legimus
3778 3179 3796 3214 :

2208 3276 2359 3330 Alter
2387 3252 2624 3344 gaudens
2649 3266 2886 3333 suscepit
2911 3263 3186 3318 Christum
3218 3261 3269 3314 in
3300 3260 3460 3312 domo
3479 3271 3603 3321 sua;
3639 3252 3799 3316 alter,

2211 3365 2452 3427 Domine,
2485 3377 2587 3414 non
2617 3374 2732 3411 sum
2761 3356 2950 3423 dignus
2983 3362 3039 3405 ut
3066 3352 3228 3404 intres
3256 3349 3350 3402 sub
3376 3355 3565 3401 tectum
3606 3356 3801 3397 meum.

2212 3451 2326 3508 Non
2373 3452 2507 3506 alter
2536 3447 2693 3503 alteri
2745 3461 2802 3500 se
2849 3441 3164 3515 praeposuit.
3197 3438 3388 3494 Faciat
3427 3431 3803 3503 unusquisque

2214 3543 2356 3615 quod
2385 3541 2531 3612 pium
2557 3535 2852 3594 crediderit
2878 3549 3007 3612 esse
3035 3530 3380 3594 faciendum;
3403 3527 3595 3582 hortor
3621 3531 3802 3578 tamen

2215 3624 2467 3693 omnibus
2495 3631 2682 3687 diebus
2711 3627 3006 3684 Dominicis
3029 3638 3150 3680 esse
3177 3621 3519 3684 sumendum,
3551 3615 3596 3671 si
3623 3624 3803 3670 tamen

2219 3740 2372 3781 mens
2387 3739 2492 3778 non
2510 3723 2580 3776 sit
2603 3721 2654 3775 in
2678 3719 2872 3774 aﬂ'ectu
2888 3714 3170 3787 peccandi.
3187 3712 3254 3768 In
3277 3712 3375 3766 mei
3399 3706 3701 3763 memoriam
3717 3702 3803 3772 [a-

2221 3819 2387 3874 eietis.
2415 3817 2472 3872 Si
2495 3815 2617 3884 quis
2637 3827 2862 3885 peregre
2884 3808 3255 3881 proficiscens,
3287 3801 3501 3873 aliquod
3530 3799 3723 3870 pignus
3750 3794 3804 3848 ci

2223 3925 2383 3980 quem
2426 3907 2599 3977 diligit
2646 3901 2922 3972 relinquit,
2964 3908 3025 3954 ut
3069 3897 3281 3968 quoties
3320 3892 3451 3948 illud
3504 3885 3802 3980 aspexerit,

2227 4000 2370 4056 illius
2421 3997 2611 4052 debeat
2665 3991 2934 4049 amicitias
2963 4000 3286 4048 memorare,
3323 3983 3370 4038 is
3399 3979 3642 4052 profecto
3687 3973 3803 4027 sine

2229 4091 2354 4146 ﬂetu
2395 4104 2459 4142 ac
2505 4083 2776 4140 desiderio
2835 4080 3021 4149 nequit
3075 4076 3206 4130 illud
3251 4072 3516 4142 aspicere.
3562 4063 3708 4119 Unde
3759 4067 3810 4113 et

2231 4197 2506 4238 memores.
2538 4178 2672 4245 Quia
2704 4173 2965 4229 Dominus
2993 4171 3105 4241 ipse
3151 4171 3484 4238 praeceperat
3514 4167 3572 4214 ut
3605 4157 3708 4212 hoc
3755 4153 3811 4206 in

2235 4275 2318 4331 sui
2344 4271 2660 4328 memoriam
2710 4263 3036 4326 faceremus,
3089 4260 3290 4314 idcirco
3331 4255 3432 4311 tria
3487 4259 3814 4307 commemo-

2239 4366 2402 4421 randa
2430 4361 2682 4435 proponit
2731 4355 2999 4417 Ecclesia,
3039 4350 3243 4407 scilicet
3273 4346 3598 4418 passionem,
3632 4350 3812 4392 resur—

2241 4457 2560 4517 rectionem,
2593 4448 2997 4508 ascensionem;
3029 4454 3258 4511 quorum
3312 4435 3547 4510 primum
3592 4423 3818 4500 pullulat

2240 4513 2585 4608 charitatcm,
2617 4538 2919 4595 secundum
2956 4534 3173 4587 roborat
3202 4529 3384 4590 ﬁdem,
3427 4523 3645 4578 tertium
3677 4513 3816 4570 lacti-

2243 4637 2370 4692 ﬁcat
2399 4650 2567 4705 spem.
2607 4631 2743 4698 Quid
2776 4629 2828 4681 in
2863 4625 3018 4680 nobis
3068 4620 3238 4687 magis
3273 4614 3594 4673 charitatem
3621 4618 3816 4662 accen-

2244 4731 2336 4783 dat
2355 4697 2517 4796 quam
2547 4721 2687 4793 quod
2721 4718 2932 4788 proprio
2958 4729 3052 4768 suo
3087 4710 3227 4764 Filia
3254 4723 3355 4763 non
3390 4702 3610 4776 pepercit
3661 4697 3817 4752 Deus,

2245 4819 2334 4874 sed
2363 4783 2457 4887 εἶτα
2487 4783 2632 4868 nobis
2660 4783 2899 4864 οήιηςυηε
2932 4803 3151 4859 tradidit
3191 4798 3370 4855 illum?
3399 4793 3538 4863 Quid
3573 4791 3628 4846 in
3668 4783 3824 4841 nobis

2251 4881 2424 4979 magis
2468 4905 2629 4960 {idem
2676 4901 2983 4959 continuet,
3033 4907 3194 4964 quam
3238 4887 3381 4960 quod
3432 4881 3681 4938 Christus
3707 4887 3824 4930 sur-

2255 4974 2396 5056 rexit
2440 5012 2470 5052 a
2511 4991 2759 5054 mortuis,
2816 4986 3069 5058 primitiae
3125 4974 3505 5036 dormientium
3557 4979 3611 5024 et
3647 4976 3825 5021 resur-

2977 5084 2991 5100 ι
3021 5075 3072 5100 2..
3118 5071 3271 5098 ‘1‘...
3317 5079 3485 5094 -..ιαμ-ο
3511 5057 3804 5090 *Λνῗιιηιυν

3103 5115 3274 5124 .-ν-πηνν

2256 5090 2426 5146 rec-tio
2450 5090 2825 5142 monitorum?
2854 5090 2991 5131 ;:;;;:
3021 5091 3073 5127 επ
3103 5090 3274 5124 .::.:::
3315 5090 3423 5121 :77:

2256 5181 2333 5233 ita
2359 5179 2413 5230 in
2443 5173 2652 5229 Christo
2682 5181 2861 5224 omnes
2904 5159 3325 5230 vivificabuntur.
3369 5151 3507 5220 Quid
3563 5142 3736 5213 magis
3772 5139 3824 5192 in

2258 5250 2724 5331 nobis'amplifteet
2780 5268 2930 5325 spem
2977 5265 3139 5321 quam
3181 5245 3323 5318 quod
3369 5240 3823 5331 Christus-atreu-

3609 5323 3663 5342 12.
3699 5320 3826 5342 1-..-
