4078 6336
269 449 374 507 885

1398 449 1766 509 EXPOSITIO
1805 449 2100 508 CANONIS
2143 448 2391 506 lilSSzE.

3428 446 3540 509 88B

269 561 552 636 [partem],
583 563 830 622 recolens
852 565 906 621 in
936 564 1174 636 quinque
1203 565 1454 621 crucibus
1473 566 1707 635 quinque
1730 566 1840 636 pla.
1870 569 1921 628 Α
1949 575 2066 621 tum
2094 564 2161 619 ad
2195 563 2389 622 stolam
2439 563 2650 632 carnis;
2692 572 2740 620 et
2769 563 2987 632 calicem
3033 564 3219 620 salutis
3249 575 3534 636 perpetuw,

265 671 379 725 gas.
407 655 612 712 Deinde
642 673 740 728 per
765 665 873 712 tres
902 667 1082 728 partes
1112 657 1403 714 Dominicae
1427 659 1695 728 passionis
1723 673 1848 728 pro-

266 746 531 814 sequitur,
581 748 720 802 sicut
751 750 1142 818 subsequenter
1180 765 1246 804 ex
1292 751 1408 818 ipso
1461 748 1846 805 declarabitur.

264 835 478 891 Abhinc
509 837 670 906 igitur
701 854 868 908 usque
903 839 1030 894 dum
1056 840 1340 909 corporale
1365 840 1598 910 desuper
1622 840 1847 895 calicem

267 936 593 993 removetur,
625 930 834 985 Domini
878 932 1056 1001 passio
1102 942 1577 989 commemoratur.
1608 933 1742 988 Nam
1793 943 1852 988 ut

266 1018 403 1073 dicit
456 1020 736 1086 sacerdos,
785 1020 1011 1076 hostiam
1054 1037 1264 1093 puram,
1309 1024 1536 1078 hostium
1587 1035 1848 1091 sanctam,

265 1109 494 1164 hostium
521 1108 940 1178 immaculatum,
982 1129 1169 1182 panem
1203 1124 1443 1171 sanctum
1472 1114 1591 1169 vita:
1620 1123 1848 1182 wterna',

265 1209 313 1253 et
344 1199 558 1253 calicem
581 1198 768 1255 salutis
797 1212 1082 1272 perpetitur,
1109 1219 1274 1258 unum
1310 1205 1487 1259 crucis
1514 1205 1849 1277 signaculum

266 1290 596 1360 imprimitur
624 1307 786 1367 super
833 1293 1090 1362 oblatam,
1139 1296 1452 1368 signiﬁcans
1480 1297 1568 1352 illa
1623 1299 1853 1356 viventis

267 1391 432 1450 petrae
461 1381 752 1449 foramina,
784 1383 839 1439 in
878 1385 1073 1455 quibus
1125 1387 1330 1442 residet
1383 1388 1726 1445 immaculata
1755 1406 1851 1446 co—

265 1469 446 1525 lumba
475 1469 750 1528 fructuose
779 1473 1085 1532 nidiﬁcans.
1133 1475 1267 1533 Tres
1310 1487 1491 1534 autem
1513 1494 1704 1535 cruces
1726 1480 1853 1537 facit

268 1561 470 1631 pariter
499 1577 662 1634 super
685 1563 923 1620 oblatam
949 1577 1004 1621 et
1041 1566 1289 1634 calicem,
1316 1569 1573 1637 quoniam
1599 1570 1652 1624 in
1678 1571 1852 1627 tribus

271 1655 455 1710 verbis
480 1655 674 1726 primis
701 1665 932 1728 utraque
962 1659 1170 1729 species
1199 1658 1543 1730 intelligitur;
1575 1676 1852 1730 nunquam

269 1756 450 1802 autem
482 1747 536 1803 in
562 1749 744 1804 crucis
773 1750 1051 1821 signaculo
1075 1750 1232 1822 panis
1262 1761 1548 1824 separatur
1588 1769 1618 1808 a
1660 1753 1852 1820 calice,

277 1836 380 1892 nisi
410 1854 530 1892 cum
559 1841 852 1909 separatim
881 1842 1216 1898 nominatur.

340 1931 393 1985 9.
436 1930 534 1986 llic
563 1933 740 1987 oritur
778 1949 885 1988 non
933 1935 1307 2004 praetereunda
1339 1935 1554 1993 silentio
1601 1938 1849 2010 quaestio,
1880 1914 1930 1976 Β

269 2034 439 2090 quare
461 2036 623 2091 super
649 2021 885 2077 hostiam
925 2023 1264 2080 benedictam
1295 2033 1351 2080 et
1376 2025 1689 2096 plenissime
1719 2044 1852 2084 con-

271 2118 541 2165 socratam
575 2112 753 2168 adhuc
803 2112 1200 2170 benedictionis
1241 2115 1456 2187 signum
1499 2118 1857 2188 exprimitur?

269 2201 382 2257 lmo
411 2203 536 2257 talia
585 2213 710 2259 sunt
749 2205 992 2274 quasdam
1045 2204 1332 2275 subiuncta
1378 2209 1430 2263 in
1482 2224 1710 2278 canone,
1738 2227 1858 2283 qua:

273 2292 524 2348 videntur
554 2293 800 2361 innuere,
829 2298 971 2366 quod
994 2299 1232 2354 nondum
1262 2299 1336 2354 sit
1359 2303 1698 2356 consecratio
1729 2319 1858 2359 con-

271 2393 563 2439 summata.
593 2384 653 2440 lu
706 2401 916 2442 canone
965 2389 1233 2458 siquidem
1269 2390 1412 2456 aliud
1460 2391 1623 2447 verba
1652 2393 1858 2465 signiﬁ-

272 2484 421 2541 cant,
452 2475 598 2531 aliud
644 2477 797 2547 signa
852 2481 1182 2548 portendunt
1230 2483 1365 2554 (47).
1407 2484 1582 2540 Verba
1624 2501 1860 2556 namque

272 2565 644 2638 principaliter
687 2579 932 2640 spectant
967 2571 1032 2626 ad
1082 2572 1476 2631 Eucharistiam
1529 2593 1858 2633 consecran-

274 2658 419 2721 dam,
454 2657 608 2729 signa
630 2674 758 2714 vero
788 2661 1157 2732 principaliter
1181 2665 1456 2733 pertinent
1485 2665 1551 2721 ad
1578 2667 1859 2722 historiam

274 2743 640 2801 recolendam.
673 2746 787 2805 Hoc
815 2749 1110 2819 capitulum
1146 2753 1238 2823 qui
1269 2753 1438 2823 pridie
1475 2771 1637 2824 quam
1659 2766 1863 2827 putere-

276 2849 363 2891 tur
383 2837 438 2894 in
469 2838 575 2896 ﬁne
596 2843 821 2899 canonis
848 2844 1042 2914 subjici
1089 2845 1386 2912 debuisset,
1423 2848 1682 2920 quoniam
1715 2849 1767 2903 in
1797 2863 1862 2905 eo

278 2931 618 2986 consecratio
643 2942 1086 2999 consummatur;
1115 2934 1208 2988 sed
1258 2937 1514 3004 quoniam
1552 2936 1866 3006 impedisset

280 3018 526 3074 ordinem
558 3021 820 3088 historiae,
853 3023 1008 3092 quasi
1062 3023 1295 3094 quadam
1341 3024 1663 3080 necessitate
1713 3041 1862 3082 com-

277 3111 464 3182 pulsus
486 3114 782 3186 capitulum
813 3115 938 3170 illud
967 3116 1120 3186 quasi
1161 3130 1257 3171 cor
1286 3116 1527 3184 canonis,
1561 3118 1632 3171 ita
1668 3118 1720 3173 in
1753 3133 1865 3174 tne-

279 3204 367 3260 dio
391 3205 698 3275 collocavit,
723 3216 781 3263 ut
802 3224 918 3278 qua:
940 3218 1241 3280 sequuntur
1269 3209 1639 3281 intelligantur
1663 3226 1865 3281 prtece-

280 3295 430 3361 dere,
459 3297 756 3355 secundum
783 3298 929 3353 illam
983 3299 1210 3371 ﬁguram
1234 3317 1337 3371 qua
1364 3317 1504 3372 saepe
1546 3301 1625 3369 ﬁt,
1661 3311 1720 3358 ut
1743 3316 1864 3373 quae

281 3391 494 3446 ratione
524 3393 820 3448 succedunt
847 3394 1123 3450 intellectu
1171 3395 1498 3464 prmcedant.
1534 3395 1627 3452 Vel
1662 3397 1860 3467 potius,

281 3489 342 3534 ut
371 3493 476 3535 tam
508 3482 702 3538 litterae
750 3499 916 3555 quam
964 3487 1203 3541 historia:
1234 3502 1364 3541 suus
1413 3487 1545 3542 ordo
1594 3497 1859 3551 servetur,

280 3570 495 3627 dicatur
516 3575 659 3644 quod
688 3575 839 3646 signa
870 3577 1142 3646 pertinent
1172 3579 1240 3632 ad
1289 3577 1572 3634 historiam
1630 3579 1865 3634 recolen-

282 3663 428 3732 dam,
459 3667 620 3723 verba
654 3669 718 3723 ad
750 3680 1063 3729 consecrata
1108 3671 1209 3727 hoc
1234 3673 1422 3739 modo;
1450 3689 1549 3730 nos
1580 3673 1653 3727 tui
1683 3671 1862 3743 primi,

281 3757 532 3814 videlicet
559 3763 892 3827 sacerdotes,
925 3764 1017 3819 sed
1043 3774 1099 3819 et
1129 3763 1281 3835 plebs
1305 3774 1396 3819 tua
1421 3775 1629 3832 sancta,
1657 3765 1865 3821 scilicet

286 3849 516 3919 populus
541 3850 912 3920 Christianus;
945 3869 1070 3908 nam
1116 3853 1343 3925 populus
1374 3855 1485 3927 agit
1513 3865 1659 3922 voto,
1685 3870 1866 3911 sacer-

285 3943 438 3998 dotes
458 3955 724 4016 peragunt
750 3948 1031 4018 mysterio.
1387 3949 1389 3951 ’

348 4032 444 4106 10.
487 4033 768 4104 O/fers'mus
793 4038 1064 4109 prteclara:
1099 4041 1365 4110 majestati
1405 4052 1534 4107 tute,
1568 4043 1621 4097 id
1652 4051 1736 4098 est
1755 4057 1867 4113 pra:

285 4125 497 4181 carueris
523 4127 712 4194 clarte;
755 4145 882 4185 nam
933 4131 978 4185 si
1016 4131 1155 4201 justi
1193 4132 1464 4203 fulgebunt
1525 4133 1657 4186 sicut
1705 4133 1785 4186 sol
1814 4134 1868 4186 iu

286 4231 444 4285 regno
485 4217 685 4285 Putris,
718 4231 920 4290 quanto
952 4221 1156 4279 clarius
1195 4223 1376 4279 divina
1424 4226 1683 4296 majestas
1733 4240 1871 4295 pne.

286 4302 483 4374 fulget!
517 4306 593 4361 De
632 4309 735 4363 tuis
780 4309 965 4376 donis,
993 4313 1046 4368 id
1096 4322 1180 4368 est
1210 4314 1278 4369 de
1307 4313 1572 4370 fructibus
1602 4323 1864 4385 segetum,

286 4407 549 4465 quantum
578 4399 645 4453 ad
695 4416 887 4469 panem
915 4403 1008 4471 qui
1034 4412 1118 4458 est
1154 4414 1504 4460 consecratus
1544 4405 1596 4460 in
1623 4419 1866 4461 carnem.

287 4485 363 4538 Ac
384 4485 547 4553 datis,
573 4489 624 4544 id
653 4500 736 4546 est
770 4492 838 4546 de
889 4491 1155 4548 fructibus
1206 4495 1483 4560 arborum,
1515 4505 1774 4565 quantum
1804 4498 1868 4553 ad

287 4577 471 4677 pinum
507 4581 647 4648 quod
673 4593 754 4637 est
777 4594 1148 4639 consecratum
1177 4586 1230 4640 in
1266 4587 1604 4656 sanguinem.
1630 4587 1705 4642 De
1726 4588 1865 4651 istis,
1900 4617 1948 4678 υ

287 4665 531 4735 inquam,
554 4678 607 4723 et
632 4670 698 4725 de
722 4671 826 4727 illis
852 4674 1121 4742 oﬁ'erimus
1145 4677 1370 4732 hostiam
1398 4693 1606 4748 puram,
1646 4679 1869 4734 hostiam

289 4769 551 4826 sanctam,
582 4762 808 4817 hos:iam
831 4765 1248 4834 immaculatum,
1282 4768 1335 4822 id
1366 4777 1448 4823 est
1473 4768 1868 4825 Eucltaristiam

289 4851 586 4908 immunem
615 4855 682 4909 ab
712 4857 916 4910 omnini
943 4857 1098 4928 culpa
1141 4859 1412 4929 originali,
1449 4861 1648 4916 veniali
1680 4870 1734 4917 et
1757 4862 1868 4917 cri-

287 4942 505 5010 minali;
539 4943 619 4999 vel
647 4961 837 5015 puram
885 4957 1149 5018 quantum
1179 4951 1246 5004 ad
1299 4949 1700 5019 cogitationem,
1747 4930 1871 5004 san:

287 5041 708 5104 ctamquantum
731 5037 799 5092 ad
819 5037 1168 5106 locutionem,
1185 5039 1588 5096 immaculatam
1611 5050 1868 5110 quanttun

289 5123 358 5177 ad
387 5127 778 5194 operationem,
823 5131 951 5198 quia
1004 5140 1274 5199 peccatum
1323 5148 1426 5186 non
1477 5133 1622 5200 fecit,
1653 5149 1744 5186 nec
1789 5134 1873 5187 in-

287 5226 470 5271 ventus
495 5228 569 5272 est
600 5219 752 5275 dolus
777 5220 832 5275 in
863 5238 952 5276 ore
970 5222 1106 5292 ejus.
1145 5222 1258 5278 Hoc
1290 5231 1375 5278 est
1401 5240 1589 5294 panem
1613 5236 1873 5290 sanctum,

289 5307 344 5362 id
383 5317 467 5364 est
498 5312 952 5379 sanctiﬁcantem,
987 5312 1230 5368 datorem
1283 5313 1399 5368 vitis
1442 5323 1671 5378 teternw,
1705 5329 1875 5382 quan~

361 5503 476 5578 (ις-ι)
515 5505 675 5573 Cod.,
725 5507 834 5562 alia
857 5506 1014 5562 verba
1061 5505 1383 5578 signiﬁcant,
1415 5505 1524 5560 alia
1570 5505 1722 5560 verba
1752 5522 1876 5576 pro-

641 5649 698 5702 S.
730 5649 924 5704 Petrus
970 5647 1086 5701 sine
1130 5647 1293 5701 dubio
1335 5645 1552 5716 respicit
1607 5644 1689 5716 ad?
1728 5644 1872 5699 Flori

290 5714 505 5789 diaconi
565 5720 1000 5789 expositionem_
1037 5718 1304 5789 canonis._
1358 5714 1566 5789 Videsis
1620 5715 1872 5789 hiblioth.

293 5783 399 5859 PP.
426 5783 696 5859 LugduiL,
730 5801 862 5844 tom.
904 5786 1023 5859 XV,
1053 5801 1106 5855 p.
1133 5787 1220 5840 77.
1266 5786 1331 5841 G.
1375 5785 1626 5839 Vicissim
1655 5784 1875 5839 Petrtun

289 5855 400 5912 hoc
438 5855 556 5916 loco
580 5859 822 5916 imitatus
853 5855 1065 5914 videtur
1087 5859 1354 5928 interpres
1383 5870 1685 5928 auonymus
1715 5871 1876 5912 canu-

1953 645 2548 726 quantum'ad'stolam
2595 655 2810 710 animae.
2852 653 3030 725 Supra
3051 673 3171 726 qua:
3223 656 3448 726 propitio
3471 670 3536 709 ac

1951 764 2130 802 sereno
2159 747 2322 812 vultu,
2350 747 2402 801 id
2429 755 2513 806 est
2535 754 2784 816 respectu
2835 745 3087 816 placabili
3119 745 3347 816 digneris
3382 747 3541 814 respi-

1952 857 2099 907 cere;
2130 855 2237 895 non
2269 840 2410 910 quod
2437 838 2617 894 vultus
2665 836 2785 908 ejus
2829 831 3070 894 mittetur
3101 837 3405 907 aliquando,
3442 836 3552 890 sed

1953 940 2081 987 tunc
2105 931 2248 987 Deus
2276 930 2480 986 vultum
2508 945 2664 986 suum
2695 943 2858 1000 super
2887 943 2985 983 nos
3021 927 3289 982 illuminat
3313 935 3543 998 etisere-

1952 1033 2067 1088 nat,
2099 1038 2221 1078 cum
2251 1022 2677 1079 misericordiam
2727 1025 2882 1076 suam
2912 1035 3073 1090 super
3101 1035 3199 1074 nos
3244 1021 3462 1076 exhibet
3489 1027 3546 1075 et

1953 1115 2195 1172 declarat
2218 1115 2351 1190 (48),
2379 1114 2678 1171 secundum
2707 1112 2838 1188 illud
2887 1111 3110 1183 psalmi;
3141 1111 3394 1165 illuminet
3427 1109 3543 1165 vul-

1954 1219 2063 1263 tum
2088 1224 2243 1264 suum
2265 1225 2420 1279 super
2442 1223 2536 1263 nos
2567 1215 2618 1262 et
2670 1191 2986 1260 misereatur
3024 1205 3208 1258 nostri.
3251 1203 3417 1257 Sicuti
3447 1219 3542 1255 uc-

1956 1307 2101 1366 cepta
2134 1294 2321 1351 habere
2366 1296 2612 1367 dignatus
2666 1311 2720 1350 es
2762 1309 2981 1349 munera
3014 1292 3159 1356 Abel,
3205 1301 3310 1347 etc.
3339 1291 3547 1345 Adver-

1955 1388 2101 1442 bium
2128 1387 2272 1442 istud
2299 1387 2458 1442 sicuti
2488 1386 2898 1443 similitudinem
2924 1386 3122 1450 innuit,
3155 1399 3261 1439 non
3285 1382 3546 1453 exprimit

1955 1478 2344 1550 quantitatem;
2379 1476 2550 1534 multo
2571 1477 2788 1548 quidem
2817 1475 3093 1547 acceptius
3133 1484 3218 1530 est
3242 1475 3346 1529 hoc
3375 1472 3549 1528 sacri-

1956 1569 2137 1625 ﬁcium
2166 1584 2329 1640 quam
2356 1567 2502 1638 quod
2527 1567 2722 1623 obtulit
2756 1565 2912 1633 Abel,
2938 1566 3238 1630 Abraham,
3267 1563 3549 1619 Melchise-

1956 1661 2127 1728 dech;
2173 1661 2317 1715 valet
2366 1659 2512 1715 enim
2568 1674 2655 1715 res
2706 1648 2827 1730 plus
2871 1673 3034 1728 quam
3081 1658 3298 1721 umbra;
3343 1657 3548 1711 veritas

1957 1767 2118 1823 quam
2152 1753 2341 1824 ﬁgura.
2382 1750 2686 1808 Oll‘eramus
2737 1765 2867 1821 ergo
2927 1750 3067 1804 sicut
3114 1747 3272 1813 Abel,
3303 1747 3395 1822 qui
3451 1761 3548 1803 cor

1959 1862 2114 1902 suum
2141 1846 2354 1911 obtulit,
2385 1852 2440 1900 et
2471 1859 2531 1899 se
2579 1833 2753 1899 tetum
2783 1843 2894 1897 Deo
2935 1840 3194 1904 subdidit,
3224 1848 3280 1894 et
3323 1840 3445 1894 ideo
3471 1838 3550 1893 di-

1958 1938 2034 1993 cit
2064 1952 2080 1992 :
2114 1936 2364 2006 Respexit
2405 1935 2551 1990 Deus
2579 1935 2649 1989 ad
2702 1933 2825 1988 Abel
2859 1943 2906 1988 et
2933 1933 3001 1986 ad
3047 1948 3265 1986 munera
3291 1930 3424 2000 ejus,
3454 1929 3552 2002 sed

1956 2027 2106 2098 prius
2133 2027 2373 2097 respexit
2410 2025 2478 2081 ad
2527 2024 2658 2080 Abel
2703 2039 2866 2093 quam
2921 2023 2988 2078 ad
3028 2035 3273 2076 munera.
3321 2020 3548 2077 Sacriﬁ-

1956 2120 2100 2174 cium
2151 2115 2466 2182 oll‘eramus,
2517 2115 2804 2170 arietinam
2868 2113 3220 2184 proterviam,
3277 2110 3561 2167 feritatem

1958 2210 2245 2273 taurinam,
2278 2207 2654 2278 hircinamque
2704 2206 2984 2262 libidinem
3025 2203 3356 2276 jugulantes,
3393 2203 3550 2273 juxta

1959 2299 2086 2356 illud
2116 2299 2309 2371 psalmi
2345 2314 2360 2353 :
2396 2297 2724 2353 Holocuustu
2753 2296 3038 2352 medullula
3064 2297 3283 2366 oﬂ'eram
3314 2295 3406 2348 tibi
3431 2311 3563 2348 cum-

1959 2393 2168 2446 incenso
2187 2393 2431 2456 arietum,
2458 2390 2678 2460 oﬁ’eram
2722 2388 2815 2442 tibi
2845 2388 2992 2442 boves
3040 2403 3156 2440 cum
3196 2387 3377 2440 hircis.
3409 2383 3553 2440 Sun-

1960 2483 2098 2537 ctum
2128 2482 2472 2551 sacriﬁcium,
2498 2480 2892 2536 immaculatam
2919 2479 3166 2534 hostium.
3198 2477 3312 2532 Hoc
3344 2476 3561 2532 addidit

1963 2574 2018 2630 in
2046 2589 2254 2629 canone
2280 2574 2390 2630 Leo
2417 2589 2576 2645 papa.

2035 2665 2122 2720 ll.
2163 2664 2433 2738 Supplices
2462 2673 2511 2719 te
2542 2681 2805 2735 rogamus.
2840 2662 2969 2720 Post
3000 2677 3213 2718 etenam
3239 2661 3364 2716 exiit
3389 2659 3546 2715 Iesus

1964 2760 2022 2811 in
2061 2768 2289 2813 montem
2322 2757 2545 2823 Oliveti,
2575 2768 2625 2813 et
2689 2773 2995 2828 progressus
3033 2754 3284 2825 pusillum
3323 2754 3553 2824 procidit

1965 2853 2020 2905 in
2069 2851 2258 2920 faciem
2304 2867 2457 2904 suum
2507 2865 2684 2904 orans.
2737 2848 2864 2904 ideo
2900 2847 3156 2902 sacerdos
3191 2844 3460 2900 inclinans
3495 2860 3555 2898 se

1965 2950 2109 2997 orat.
2144 2940 2298 2997 Tunc
2328 2941 2560 2997 accessit
2600 2939 2832 2994 traditor
2867 2948 2913 2994 et
2971 2937 3240 2992 osculatus
3276 2945 3350 2990 est
3389 2950 3545 2998 eum;

1967 3035 2111 3104 quod
2142 3040 2497 3104 repraesentat
2526 3030 2782 3087 sacerdos
2815 3045 2912 3102 per
2940 3030 3188 3086 osculum
3229 3027 3437 3082 altaris.
3478 3027 3548 3082 Et

1967 3127 2094 3198 quia
2131 3125 2293 3182 Jesus
2325 3125 2498 3196 factus
2535 3124 2589 3178 in
2623 3124 2816 3196 agonia
2855 3122 3114 3194 prolixius
3145 3122 3362 3187 orabat,
3397 3122 3551 3175 tertio

1968 3218 2144 3271 dicens
2173 3215 2413 3269 eumdem
2437 3229 2727 3268 sermonem
2751 3226 2770 3264 :
2811 3210 3070 3268 sacerdos
3107 3210 3236 3265 facit
3276 3220 3386 3264 tres
3421 3224 3552 3264 cru-

1969 3322 2083 3373 ces,
2131 3307 2362 3376 primam
2411 3313 2466 3360 et
2497 3303 2789 3359 secundam
2816 3303 3074 3359 distincte
3113 3317 3278 3373 super
3313 3301 3548 3356 oblatam

1968 3408 2021 3453 et
2062 3398 2290 3453 calicem
2332 3396 2560 3452 dicens:
2605 3395 2942 3465 Sacriﬁcium
2980 3393 3112 3449 Filii
3153 3395 3230 3448 tui
3268 3386 3459 3463 corpus
3497 3403 3549 3448 et

1967 3493 2272 3562 sanguinem
2301 3489 2677 3558 sumpserimus
2702 3506 2720 3553 ;
2749 3486 2965 3543 tertiam
2992 3500 3051 3542 se
3079 3485 3255 3556 ipsum
3285 3483 3550 3554 signando

1969 3584 2021 3636 in
2048 3581 2184 3636 facie
2201 3595 2322 3635 cum
2350 3579 2510 3634 dicit:
2530 3577 2686 3633 Omni
2702 3579 3056 3634 benedictione
3085 3575 3276 3632 scelesti
3304 3584 3353 3629 et
3382 3575 3556 3645 gratia

1973 3672 2283 3742 repleamur.
2328 3668 2466 3738 Quia
2503 3669 2674 3740 [uetus
2723 3679 2798 3724 est
2845 3668 3012 3724 sudor
3053 3667 3170 3737 ejus
3216 3665 3372 3720 sicuti
3394 3671 3556 3734 guttas

1971 3765 2248 3836 sanguinis
2285 3763 2615 3818 decurrentis
2650 3764 2703 3816 in
2734 3772 2962 3824 terram,
3016 3759 3156 3815 forte
3201 3765 3427 3828 propter
3460 3771 3556 3812 su-

1973 3857 2160 3911 dorem
2215 3854 2461 3924 corporis
2511 3869 2728 3909 crucem
2785 3851 3051 3922 imprimit
3100 3863 3266 3921 super
3316 3861 3512 3918 corpus
3541 3887 3556 3907 .

1968 3956 2196 4018 propter
2244 3955 2426 4016 guttas
2479 3943 2758 4015 sanguinis
2811 3957 3030 3998 crucem
3082 3940 3344 4011 impritnit
3392 3952 3560 4007 super

1973 4038 2334 4106 sanguinem;
2387 4035 2512 4105 quia
2549 4034 2782 4110 procidit
2817 4033 2873 4088 in
2914 4031 3142 4097 faciem,
3181 4045 3398 4086 crucem
3452 4030 3557 4083 im-

1974 4126 2160 4197 primit
2197 4127 2248 4181 in
2287 4125 2503 4180 faciem.
2539 4122 2634 4178 Vel
2680 4138 2778 4193 per
2813 4123 2948 4178 duas
2985 4135 3178 4176 cruces
3220 4133 3358 4189 quas
3417 4115 3550 4172 facit

1975 4217 2232 4272 sacerdos
2281 4230 2442 4285 super
2486 4228 2686 4284 corpus
2716 4223 2771 4268 et
2800 4213 3118 4282 sanguinem
3144 4251 3158 4278 ,
3203 4205 3567 4280 designantur

1974 4308 2190 4363 vincula
2243 4317 2300 4362 et
2353 4304 2597 4375 ﬂagella,
2654 4303 2855 4374 quibus
2901 4301 3114 4357 elicitus
3164 4309 3249 4354 est
3296 4297 3554 4368 sanguis,

1973 4398 2130 4467 cujus
2157 4397 2328 4452 livore
2356 4394 2531 4450 sanati
2563 4408 2791 4458 sumus;
2825 4407 2921 4463 per
2961 4405 3179 4447 crucem
3221 4403 3384 4458 quam
3429 4385 3558 4441 facit

1973 4488 2076 4545 sibi
2127 4489 2184 4543 in
2227 4486 2399 4554 facie,
2440 4483 2702 4541 recolitur
2745 4483 2874 4539 illud
2917 4481 3060 4554 quod
3109 4478 3446 4549 exspuebant
3495 4478 3551 4532 in

1975 4581 2170 4638 faciem
2217 4579 2360 4650 ejus,
2411 4588 2467 4636 et
2510 4578 2718 4648 palmas
2760 4577 2816 4632 in
2869 4576 3062 4631 faciem
3093 4574 3296 4630 dabant
3323 4581 3378 4628 et
3407 4571 3558 4627 vela-

1973 4675 2106 4730 bant
2135 4672 2350 4728 faciem.

2048 4765 2136 4820 12.
2178 4763 2317 4818 Jube
2356 4762 2468 4818 lucc
2505 4761 2747 4832 perferri.
2784 4758 2970 4813 Tantm
3005 4763 3132 4811 sunt
3168 4751 3554 4824 profunditatis

1987 4857 2105 4911 haec
2135 4853 2302 4911 verba
2331 4862 2387 4906 ut
2419 4850 2727 4906 intellectus
2761 4849 3030 4904 humanus
3068 4845 3156 4898 vix
3196 4839 3427 4896 sufﬁciat
3465 4855 3561 4911 pe-

1977 4956 2232 5009 netrare;
2287 4959 2410 4999 nam
2459 4952 2515 4997 et
2563 4943 2753 4996 beatus
2800 4936 3126 5009 Gregorius.
3178 4934 3309 4988 tanti
3360 4934 3554 4988 secreti

1978 5039 2249 5106 interpres
2285 5033 2430 5104 (49),
2481 5031 2549 5087 de
2593 5032 2726 5085 hora
2772 5024 3160 5083 immolationis
3209 5020 3556 5076 ineﬁ‘abiliter

1978 5129 2248 5198 loquens:
2295 5124 2466 5192 Quis,
2519 5122 2768 5191 inquam,
2818 5116 3055 5172 ﬁdelium
3097 5113 3299 5169 habere
3329 5111 3556 5167 dubium

1977 5222 2150 5291 possit
2179 5220 2232 5274 in
2264 5219 2380 5297 ipsa
2424 5211 2807 5270 immolationis
2835 5211 2970 5266 hora
3009 5209 3076 5263 ad
3114 5204 3414 5264 sacerdotis
3464 5221 3590 5260 vo-.

1977 5327 2094 5366 cem
2127 5309 2296 5365 caelos
2327 5295 2562 5376 aperiri,
2596 5304 2648 5358 in
2680 5302 2772 5359 illo
2807 5299 3065 5371 mysterio
3097 5299 3296 5353 choros
3330 5295 3552 5369 angelo-

1977 5506 2062 5558 nis
2088 5504 2286 5566 missae,
2337 5499 2534 5556 saeculo
2573 5515 2641 5553 xv
2690 5497 2830 5568 typis
2892 5497 3211 5568 impressus,
3234 5507 3396 5568 quem
3440 5490 3557 5560 lego

1979 5575 2031 5629 iu
2065 5571 2249 5628 codice
2275 5563 2523 5625 Palatino
2555 5570 2656 5624 607
2666 5609 2691 5641 ._
2712 5563 2983 5641 il)issir_l_et'
3005 5580 3133 5620 vero
3162 5563 3361 5641 ubique
3386 5576 3554 5641 expo-

1978 5645 2102 5699 sitio
2125 5641 2380 5705 Canonis,
2410 5649 2630 5695 auctore
2658 5637 2843 5693 Odone
2881 5635 3283 5705 Cameracensi,
3307 5646 3427 5703 qua:
3458 5635 3557 5683 illl-

1978 5716 2165 5784 pressa
2202 5704 2396 5784 legitur
2416 5710 2546 5766 bibl.
2579 5708 2744 5784 prsed.
2779 5704 3091 5784 tom_:_XXl.
3131 5774 3168 5784 Ἀ
3212 5781 3220 5784 _
3418 5777 3429 5784 _

2011 5802 2015 5804 ν
2050 5782 2165 5855 (49)
2220 5774 2316 5836 Hic
2349 5774 2842 5851 quoque'imitatur
2874 5775 3095 5833 Florum
3131 5774 3341 5836 Petrus,
3381 5777 3435 5826 et
3474 5774 3544 5822 ωε

2011 5854 2190 5908 erdutu
2221 5852 2367 5908 alibi.

1981 5852 2190 5912 tcrduiu
2221 5852 2367 5908 alibi.
