4078 6336
521 412 631 476 $.87

1359 420 1586 478 ADDlT.
1625 421 1719 478 AD
1756 421 1920 483 ΤΟΜ.
1964 425 2026 480 Ill
2061 424 2211 481 OPP.
2257 424 2315 481 S.
2357 424 2559 483 PETRI
2596 427 2900 517 υᾼΜΙΑΝΙν.

3697 434 3827 492 888

522 548 637 590 rum
666 532 879 597 adesse,
908 534 1138 589 Summis
1168 536 1273 592 ima
1300 539 1495 595 sociari
1518 581 1539 605 ,η
1566 551 1767 595 terram
1796 541 2109 597 coelestibus
2134 553 2181 606 Α
2212 544 2355 614 quod
2380 544 2670 614 deputatus
2694 555 2779 601 est
2810 547 2880 601 ab
2905 546 3169 617 apostolis
3205 547 3271 604 ad
3311 546 3679 603 ministerium
3723 549 3824 602 vi-

522 622 699 695 iungi,
739 639 907 681 unum
939 637 997 681 et
1022 626 1164 681 idem
1197 644 1264 684 cx
1293 630 1595 687 visibilibus
1640 640 1697 686 et
1745 634 2106 690 inrisibilibus

521 714 683 774 ﬁeri?
727 716 795 771 Et
836 718 969 775 alibi
1018 720 1193 776 dicit:
1249 722 1368 781 Uno
1414 725 1719 795 eodemque
1758 737 2003 798 tempore
2039 744 2105 785 ac

521 819 796 865 momento
833 820 890 866 et
930 811 982 865 in
1014 812 1181 869 cmlos
1212 815 1421 885 rapitur
1451 818 1757 875 ministerio
1785 820 2103 892 angelorum

522 910 902 957 consecratum
940 917 1140 973 corpus
1179 904 1418 971 Christi,
1457 915 1513 963 et
1554 917 1680 963 ante
1707 910 1894 966 oculos
1923 927 2106 967 sacer-

522 988 660 1047 dotis
684 990 907 1048 videtur
934 994 990 1048 in
1017 992 1205 1059 altari,
1237 996 1389 1051 salvo
1417 1005 1596 1054 tamen
1624 1000 1840 1056 occulto
1867 1001 2109 1060 ctelcstis

524 1081 726 1143 oraculi
754 1093 1118 1140 sacramento.
1150 1085 1383 1142 Possunt
1410 1090 1597 1153 verba,
1629 1090 1757 1146 licet
1782 1092 2107 1163 simplicius,

524 1182 706 1235 tamen
732 1177 976 1232 securius
1006 1178 1095 1232 hic
1124 1177 1378 1251 intelligi.
1418 1181 1545 1250 jube
1574 1183 1718 1246 hwc,
1767 1185 1820 1239 id
1861 1193 1947 1241 est
1983 1196 2108 1242 vota

524 1264 761 1325 tulelium
781 1309 797 1331 ,
830 1268 1081 1326 videlicet
1110 1271 1530 1340 supplicationes
1552 1282 1608 1329 et
1633 1289 1854 1344 preces,
1885 1278 2111 1348 perferri

525 1369 613 1418 rer
645 1371 833 1411 manus
861 1358 1029 1412 sancti
1058 1360 1231 1430 angeli
1255 1361 1363 1427 tui,
1391 1361 1493 1418 hoc
1515 1372 1600 1419 est
1623 1378 1722 1433 per
1747 1366 2109 1422 ministerium
2168 1379 2172 1383 ‘

527 1448 875 1519 angelorum,
925 1453 1225 1508 secundum
1276 1453 1407 1511 illud
1455 1458 1601 1527 quod
1638 1458 1720 1514 ait
1753 1459 1980 1531 angelus
2038 1463 2109 1517 ad

528 1538 751 1596 Tobiam
776 1555 794 1591 :
837 1541 1065 1609 Quando
1102 1544 1293 1600 arabas
1326 1563 1451 1602 cum
1489 1549 1738 1620 lacrymis
1759 1592 1775 1617 ,
1812 1568 1906 1623 ego
1944 1553 2113 1609 obtuli

530 1630 811 1687 irationem
836 1642 991 1686 tuam
1005 1632 1424 1691 Domina—In
1462 1637 1684 1694 sublime
1719 1639 1891 1696 altare
1927 1653 2109 1710 tuum,

528 1721 632 1777 hoc
660 1731 744 1777 est
770 1724 822 1778 in
853 1733 1205 1794 conspectum
1232 1726 1431 1784 divina;
1460 1726 1759 1797 maiestatis
1784 1739 1910 1788 tum.
1937 1730 2112 1791 Porro

555 1811 668 1868 icut
689 1815 882 1871 beatus
903 1816 1239 1886 Augustinus
1266 1817 1595 1893 determinat
1612 1861 1627 1887 ,
1657 1836 1765 1878 non
1791 1822 1993 1880 dicitur
2016 1839 2112 1881 an-

2208 635 2468 702 duarum;
2506 643 2562 690 et
2590 636 2711 693 ideo
2738 637 2911 693 inboc
2933 637 3078 708 quod
3107 638 3324 693 feminis
3345 647 3435 693 est
3457 639 3825 709 praepositus,

2209 734 2403 782 testem
2429 727 2627 782 meruit
2656 729 3045 785 sincerissima:
3068 730 3359 786 castitatis.
3387 718 3578 785 PoSset
3611 739 3827 786 tamen

2210 833 2317 874 non
2337 819 2691 891 evangelista,
2722 823 2818 877 sed
2866 822 3107 894 Baptista
3130 823 3369 879 Joannes
3396 821 3647 897 intelligi;
3708 839 3829 879 nec

2210 913 2388 966 obstat
2437 913 2581 982 quod
2632 915 2981 984 pramittitur
3017 924 3130 972 tum
3175 914 3435 987 apostolis
3483 924 3596 970 tum
3629 915 3825 971 etiam

2212 1003 2563 1073 martyribus,
2616 1017 2740 1059 cum
2789 1004 3037 1076 Baptista
3086 1006 3287 1062 merito
3339 1006 3483 1063 inter
3527 1015 3831 1079 martyres

2212 1099 2385 1164 possit
2411 1098 2707 1153 numerari.
2742 1095 2865 1152 Non
2888 1099 3182 1155 (estimator
3213 1099 3407 1153 meriti.
3455 1096 3572 1151 Non
3607 1111 3830 1152 secun-

2214 1188 2341 1242 dum
2366 1188 2694 1259 exigentiam
2721 1189 3037 1243 meritorum
3067 1188 3318 1245 retribuit
3344 1229 3360 1253 ,
3389 1189 3484 1244 sed
3511 1188 3650 1243 citra
3681 1202 3832 1243 con—

2214 1278 2433 1352 dignum
2484 1280 2778 1349 puniendo,
2836 1287 2893 1335 et
2942 1292 3105 1352 supra
3159 1279 3485 1351 condignum
3551 1276 3829 1333 renuntie-

2215 1372 2403 1425 rando.
3617 1366 3627 1382 “
3666 1422 3667 1425 η

2287 1460 2373 1515 M.
2419 1458 2524 1515 Per
2560 1477 2710 1533 quem
2759 1462 2872 1517 licet:
2910 1464 3111 1529 omnia,
3135 1462 3374 1529 Domine,
3424 1479 3625 1539 semper
3668 1462 3833 1518 bona

2217 1566 2384 1605 creas.
2415 1549 2551 1605 Nam
2580 1552 2759 1605 omnia
2780 1566 2876 1622 per
2901 1551 3072 1622 ipsum
3111 1552 3255 1622 facta
3281 1560 3403 1606 sunt
3430 1560 3487 1608 et
3514 1551 3638 1606 vidit
3670 1551 3830 1608 Deus

2218 1653 2407 1697 cuncta
2427 1658 2544 1714 aute
2570 1628 2785 1712 fecerat,
2830 1653 2879 1698 et
2916 1654 3066 1698 erant
3093 1642 3244 1700 valde
3265 1643 3421 1698 bona.
3464 1641 3644 1707 Creas,
3680 1657 3830 1713 ergo

2219 1734 2502 1790 condendo
2533 1730 2818 1801 naturam;
2868 1732 3191 1803 sancti/iras,
3225 1734 3602 1808 consecrando
3648 1742 3827 1788 natu-

2220 1842 2377 1890 ram;
2435 1825 2693 1895 vieiﬁcas,
2750 1824 3318 1881 transsuhstantiando
3366 1833 3720 1889 creaturam;
3772 1832 3828 1878 et

528 1901 684 1970 gclns
720 1903 999 1964 orationes
1037 1918 1255 1964 nostras
1289 1908 1491 1966 offerre
1529 1911 1790 1980 Domino,
1821 1914 1952 1985 quia
1984 1924 2117 1974 tunc
2145 1908 2189 1968 Β
2218 1917 2498 1981 benedicis,
2526 1915 2921 1972 accumulando
2944 1916 3194 1986 gratiam.
3235 1913 3333 1969 Est
3364 1912 3547 1969 autem
3576 1912 3827 1983 simplex

527 1993 707 2066 primo
734 1996 949 2052 noverit
977 1996 1122 2053 Deus
1152 1999 1298 2069 quod
1323 1999 1573 2058 volumus
1592 2042 1609 2068 ,
1634 2002 1764 2072 quia
1793 2004 1937 2060 Deus
1965 2006 2117 2061 novit

527 2085 708 2143 omnia
748 2095 1040 2158 antequam
1085 2090 1253 2153 ﬁant,
1284 2091 1380 2147 sed
1406 2093 1532 2163 quia
1563 2108 1789 2150 necesse
1816 2096 1983 2151 habet
2028 2112 2117 2151 ra—

531 2177 755 2232 tionalis
786 2192 1039 2235 creatura
1069 2180 1397 2251 temporales
1423 2200 1621 2241 causas
1648 2186 1715 2243 ad
1754 2187 2114 2244 aeternitatem

532 2271 774 2337 ret‘errc,
816 2272 933 2329 sive
970 2275 1351 2346 petendoqute
1377 2280 1617 2347 gratiose
1651 2279 1812 2346 ﬁunt,
1842 2283 1956 2339 sive
1982 2298 2116 2340 cou-

534 2359 765 2417 snlcndo
801 2363 930 2432 quid
970 2363 1167 2431 faciat,
1209 2374 1269 2421 ut
1305 2368 1451 2436 quod
1488 2368 1598 2424 Deo
1626 2368 1854 2437 jubente
1892 2373 2119 2442 implen-

533 2451 663 2505 dum
697 2467 821 2508 esse
860 2456 1206 2526 cognoverit,
1235 2457 1317 2512 vel
1349 2459 1630 2514 evidenter
1657 2461 1740 2516 vel
1767 2460 2000 2518 latenter
2029 2479 2118 2520 rc-

531 2553 731 2599 rsortet.
768 2545 905 2603 Hinc
934 2548 1104 2605 etiam
1128 2550 1414 2606 evidenter
1437 2561 1663 2622 apparet
1689 2552 1836 2624 quod
1861 2556 2036 2627 angeli
2066 2558 2120 2612 in

541 2636 809 2694 neriﬁcio
839 2652 1058 2709 semper
1086 2641 1370 2697 assistunt.

608 2725 694 2783 l3.
736 2726 1021 2798 Memento,
1051 2730 1293 2788 Domine.
1340 2733 1474 2793 Orat
1518 2736 1606 2805 pia
1655 2746 1831 2793 mater
1877 2739 2122 2809 Ecclesia

537 2835 654 2876 non
676 2819 849 2878 solum
877 2836 975 2892 pro
1003 2822 1162 2889 vivis,
1184 2823 1289 2882 sed
1315 2826 1483 2882 etiam
1511 2843 1610 2898 pro
1640 2828 1932 2897 defunctis,
1948 2842 2005 2887 et
2031 2847 2129 2889 eos

536 2928 711 2969 sacrae.
748 2912 1142 2972 intercessione
1179 2918 1471 2975 oblationis
1497 2923 1846 2978 commendat
1874 2925 2122 2991 sanctis;

537 3005 651 3061 sive
698 3005 829 3075 quia
876 3008 1099 3078 sanguis
1143 3008 1245 3066 iste
1296 3010 1601 3081 pretiosus,
1653 3012 1745 3082 qui
1796 3028 1897 3084 pro
1938 3014 2127 3070 multis

538 3098 854 3173 eﬂ’ususwest
896 3102 951 3157 in
985 3102 1360 3160 remissionem
1393 3113 1743 3173 peccatorum
1762 3145 1777 3170 ,
1809 3121 1918 3162 non
1948 3107 2127 3164 solum

539 3194 607 3248 ad
632 3193 864 3251 salutem
909 3195 1239 3262 viventium,
1280 3197 1377 3273 sed
1416 3197 1582 3253 etiam
1623 3198 1693 3253 ad
1718 3197 2125 3256 absolutionem

2214 2010 2568 2083 providentia:
2595 2007 3010 2064 demonstratio.
3040 2006 3172 2062 Hec
3206 2007 3346 2075 enim
3386 2006 3589 2071 omnia,
3629 2005 3688 2058 id
3735 2012 3829 2059 est

2217 2115 2432 2172 panem,
2467 2099 2649 2155 vinum
2676 2107 2732 2155 et
2761 2113 2983 2168 aquam.
3005 2113 3208 2168 semper
3237 2096 3372 2151 bona
3407 2111 3578 2162 creas,
3610 2108 3825 2150 secun-

2219 2194 2345 2249 dum
2399 2206 2595 2249 causas
2644 2189 3065 2262 primordialcs;
3119 2186 3457 2250 sanctiﬁcas,
3510 2184 3828 2240 secundum

2221 2301 2415 2344 causas
2469 2281 2929 2348 sacramentalcs;
2991 2281 3261 2351 vivi/icas,
3312 2288 3373 2333 ut
3416 2284 3709 2334 transeant
3765 2275 3827 2329 in

2221 2393 2442 2436 carnem
2494 2386 2551 2432 et
2600 2375 2954 2447 sanguinem;
2985 2382 3035 2428 et
3079 2370 3375 2435 benedicis,
3425 2377 3486 2424 ut
3531 2365 3830 2425 conferant

2224 2471 2487 2526 unitatem
2536 2477 2599 2524 ct
2638 2467 2996 2533 charitatem;
3052 2481 3146 2536 per
3190 2465 3382 2535 ipsum,
3417 2470 3683 2531 tanquam
3725 2474 3827 2530 per

2224 2562 2613 2626 mediatorem;
2649 2575 2768 2614 cum
2793 2559 2927 2630 ipso,
2960 2566 3221 2627 tanquam
3259 2553 3557 2624 coasquali;
3590 2553 3647 2607 in
3676 2553 3819 2623 ipso,

2225 2661 2483 2721 tanquam
2514 2645 3005 2713 consubstantiaii;
3045 2645 3098 2700 in
3141 2644 3304 2700 Patre
3349 2642 3551 2714 quippe
3598 2651 3829 2723 notatur

2226 2742 2547 2807 auctoritas,
2579 2739 2634 2794 in
2663 2738 2800 2794 Filio
2828 2737 3137 2808 aequalitas,
3171 2735 3225 2791 in
3256 2734 3464 2806 Spiritu
3494 2743 3693 2789 sancto
3722 2748 3822 2787 co—

2226 2837 2434 2893 azvitas.
2480 2833 2795 2890 Auctoritas
2847 2830 2901 2887 in
2943 2830 3109 2887 Patre
3161 2839 3385 2901 propter
3447 2826 3827 2900 principium;

2227 2927 2513 3001 :equalitas
2561 2926 2615 2980 in
2665 2923 2804 2980 Filio
2863 2933 3088 2994 propter
3139 2923 3413 2989 medium;
3460 2921 3724 2978 cumvitas
3765 2919 3825 2974 in

2230 3019 2437 3091 Spiritu
2464 3024 2655 3072 saneto
2677 3023 2903 3086 propter
2926 3011 3287 3069 consortium.
3331 3010 3499 3069 Sexta
3519 3010 3661 3069 feria
3692 3026 3824 3065 cru-

2229 3108 2424 3166 ciﬁxus
2453 3116 2540 3164 est
2573 3107 2834 3163 Dominus
2874 3105 3009 3160 hora
3053 3102 3216 3161 tertia
3261 3103 3461 3175 linguis
3483 3101 3831 3165 indecorum,

2231 3199 2375 3271 quod
2426 3206 2615 3253 narrat
2662 3196 2910 3263 Marcus;
2964 3205 3153 3263 sexta,
3203 3196 3458 3251 manibus
3507 3193 3821 3265 gentilium.

542 3282 771 3356 [valeat]
787 3284 1186 3342 defunctorum.
1216 3258 1323 3354 Qui
1347 3304 1467 3342 cum
1487 3289 1637 3361 signa
1665 3288 1813 3359 ﬁdei.
1836 3289 1955 3345 Non
1982 3293 2126 3361 quod
2154 3258 2200 3321 Ο
2233 3258 2376 3362 quod
2405 3299 2595 3347 narrat
2619 3288 2861 3351 Joannes
2873 3258 2904 3357 ;⁷
2920 3297 2977 3345 et
3004 3258 3150 3346 circa
3181 3289 3374 3345 horam
3421 3258 3643 3351 nonam,
3667 3284 3829 3340 incli-

541 3375 620 3430 ibi
655 3376 729 3431 sit
766 3376 941 3443 ﬁdes,
970 3378 1099 3449 mnia
1139 3379 1276 3439 ﬁdes
1305 3390 1363 3435 et
1387 3395 1512 3451 spes
1558 3383 1993 3449 evacuabuntur,
2033 3387 2127 3441 sed

545 3466 762 3536 signum
789 3468 914 3525 tidei
939 3483 1039 3539 pro
1060 3468 1381 3527 charactere
1407 3470 1827 3530 christianitatis
1858 3475 2131 3545 accipitur

545 3572 653 3625 quo
678 3557 868 3615 ﬁdeles
892 3561 964 3616 ab
988 3560 1299 3618 inﬁdelibus
1324 3562 1732 3619 discernuntur.
1763 3563 1832 3620 Et
1858 3567 2129 3622 dormiunt

542 3650 600 3705 in
619 3664 800 3704 soonno
824 3650 991 3716 pacis.
1021 3649 1331 3708 Secundum
1359 3652 1488 3709 illud
1519 3672 1538 3707 ι
1561 3655 1633 3709 In
1654 3671 1784 3723 pace
1819 3658 1876 3710 in
1899 3657 2129 3728 idipstm

545 3739 829 3795 dormiam.
868 3738 1037 3797 Sacra
1075 3740 1356 3814 Scriptura
1403 3744 1637 3816 appellat
1672 3747 2030 3815 dormientes,
2069 3760 2129 3806 ut

543 3825 950 3897 aitApostoltts:
984 3827 1246 3891 Nolumus
1267 3849 1356 3888 vos
1382 3835 1625 3903 ignorare
1644 3837 1709 3891 de
1731 3838 2128 3896 dormientibus.

548 3917 615 3972 Et
649 3917 908 3975 Dominus
943 3920 997 3975 in
1048 3920 1344 3993 Evangelia
1378 3942 1390 3976 :
1422 3923 1658 3980 Lazarus
1716 3928 1919 3982 amicus
1957 3938 2134 3984 uoster

544 4011 764 4067 dormit.
798 4013 1122 4084 Propitiare,
1166 4015 1412 4082 Domine,
1450 4026 1497 4071 et
1524 4019 1765 4075 omnibus
1818 4021 1873 4074 in
1922 4019 2132 4077 Christo

543 4104 947 4173 quiescentibus.
984 4106 1042 4162 lu
1080 4107 1182 4165 hoc
1210 4108 1330 4165 loco
1356 4108 1634 4174 sacerdos,
1662 4124 1892 4181 quorum
1926 4112 2136 4167 malue-

547 4196 643 4262 rit,
672 4197 837 4254 debet.
860 4213 1036 4271 agere-
1053 4202 1377 4257 memoriam
1408 4202 1719 4273 specialem.
1747 4202 1950 4258 Locum
1977 4204 2134 4274 refri-

544 4288 700 4358 gerii,
738 4290 792 4344 in
825 4306 936 4364 quo
976 4308 1086 4349 non
1120 4301 1205 4348 est
1239 4294 1403 4349 ardor
1435 4302 1801 4363 peccatorum.
1851 4295 2025 4357 Lucis,
2078 4297 2132 4351 in

551 4394 662 4448 quo
690 4394 798 4435 non
818 4390 905 4436 est
929 4380 1616 4439 obscuritastenebrarum.
1645 4382 1717 4438 Et
1741 4387 1912 4454 pacis,
1943 4386 1998 4441 in
2025 4398 2135 4456 quo

548 4477 633 4524 est
658 4468 953 4527 conﬂictus
967 4485 1276 4540 pmnamm.
1309 4473 1480 4528 Nobis
1515 4491 1720 4547 quoque
1749 4479 2130 4546 peccatoribus.

550 4556 683 4611 Nam
721 4560 768 4614 si
792 4560 1079 4619 dixerimus
1106 4565 1248 4635 quod
1265 4574 1535 4635 peccatum
1569 4583 1671 4621 nou
1702 4568 1971 4635 habemus,
2016 4587 2135 4627 nos.

555 4657 651 4702 stet
675 4648 815 4719 ipsos
851 4650 1172 4713 seducimus.
1194 4664 1241 4707 et
1274 4654 1460 4709 reritas
1485 4655 1540 4710 in
1573 4656 1721 4710 nobis
1751 4673 1853 4712 non
1879 4668 1974 4713 est.
2001 4658 2133 4715 Cum

552 4739 782 4807 Joanne,
805 4737 1091 4812 Stephano,
1127 4742 1375 4813 Matthia,
1407 4744 1682 4803 Barnaba.
1719 4748 1775 4803 in
1817 4749 1922 4806 hac
1947 4767 2139 4808 secun-

549 4832 620 4887 da
678 4841 1194 4896 commemoratione
1249 4850 1563 4899 sanctorum
1616 4858 1681 4900 ex
1735 4861 1931 4918 magna
1985 4859 2138 4920 parte

552 4926 873 4997 supplentur
915 4944 1037 5000 quae
1090 4932 1163 4986 de
1192 4934 1487 5004 praemissis
1533 4938 1739 4994 sanctis
1780 4938 2133 5008 jubebantur.

553 5017 661 5073 Sed
709 5019 972 5088 queritur
1021 5037 1193 5092 quare
1235 5024 1475 5084 Joannes
1527 5028 1823 5099 repetitur,
1870 5040 1925 5088 et
1973 5048 2144 5104 quare

553 5108 865 5180 Stephanus
911 5114 1156 5171 sociatur
1198 5116 1423 5187 Joanni,
1470 5129 1527 5199 et
1578 5137 1749 5192 quare
1798 5125 2140 5193 praemittitur

551 5203 793 5262 Matthie
853 5218 910 5263 et
964 5209 1268 5268 Barnabm?
1330 5211 1477 5270 Sane
1551 5213 1787 5274 Joannes
1848 5217 1902 5273 in
1963 5220 2136 5289 prima

552 5299 1067 5355 commemoratione
1116 5317 1240 5358 cum
1278 5302 1401 5359 aliis
1425 5305 1732 5376 disponitur
1758 5319 1978 5379 propter
2004 5324 2136 5379 apo-

555 5386 837 5454 stolatutn;
874 5390 959 5445 -in
1017 5392 1120 5449 hac
1162 5397 1697 5452 commemoratione
1760 5398 2025 5468 repe'itur
2083 5405 2138 5455 ct

553 5494 675 5534 cum
705 5478 983 5551 Stephano
1016 5484 1258 5541 sociatur
1286 5496 1507 5558 propter
1540 5488 1886 5563 privilegium
1923 5490 2137 5546 cteliba-

553 5583 663 5635 tns,
692 5572 930 5645 virgines
962 5576 1109 5640 enim
1138 5587 1286 5632 sunt.
1321 5579 1615 5651 Propterea
1649 5580 1867 5636 czcteris
1898 5582 2137 5652 puemit~

553 5662 683 5717 titur
710 5664 1060 5735 rirginitaset
1088 5669 1323 5724 maxime
1347 5670 1781 5737 commendatur,
1812 5673 1937 5742 quia
1982 5670 2142 5726 Chri-

554 5752 747 5811 stusin
773 5770 936 5813 cruce
965 5765 1194 5813 matrem
1210 5759 1483 5833 Virginem
1500 5763 1692 5834 virgini
1718 5764 2141 5832 commendavit.

556 5842 814 5917 Sfcplzatli
852 5863 980 5904 vero
1008 5836 1291 5921 virginitas
1342 5866 1410 5908 ex
1457 5866 1522 5909 eo
1551 5854 1787 5911 maxime
1827 5856 2141 5926 deputatur,

2236 3391 2358 3437 nato
2399 3381 2590 3450 capite,
2617 3378 2791 3433 emisit
2832 3378 3098 3448 spiritum.
3167 3377 3248 3433 Ad
3296 3375 3639 3433 recolendam
3691 3387 3829 3445 ergo

2234 3470 2681 3535 cruciﬁxionem,
2735 3483 2857 3539 qua:
2900 3466 3039 3524 hora
3092 3468 3253 3524 tertia
3297 3467 3441 3523 facta
3488 3475 3575 3522 est
3616 3465 3829 3533 linguis

2234 3563 2542 3619 Iudaeorum
2591 3571 2674 3617 ter
2717 3560 3116 3628 clamantium;
3160 3559 3445 3629 Cruciﬁge,
3492 3567 3549 3613 et
3597 3570 3823 3611 rursus:

2239 3654 2421 3720 Tolle,
2469 3653 2621 3717 tolle,
2667 3652 2936 3722 cruciﬁge,
2993 3652 3249 3708 sacerdos
3298 3650 3428 3706 facit
3476 3659 3587 3704 tres
3627 3661 3836 3709 cruces

2236 3763 2401 3818 super
2423 3747 2664 3802 oblatam
2700 3754 2754 3802 et
2779 3744 3027 3810 calicem,
3059 3759 3184 3801 cum
3209 3743 3340 3801 dicit
3382 3740 3706 3809 sanctiﬁeas,
3742 3737 3827 3791 ri-

2235 3841 2440 3910 eiﬁras,
2476 3837 2756 3894 benedicis.
2804 3837 2886 3893 Ad
2934 3837 3279 3894 recolendam
3325 3850 3456 3892 vero
3503 3834 3826 3891 cruciﬁxio-

2238 3947 2384 3996 nem,
2417 3945 2536 4000 quae
2562 3938 2684 3999 post
2710 3928 3055 3984 intervallum
3084 3927 3249 3984 trium
3273 3927 3533 3983 horarum
3569 3924 3712 3980 facta
3737 3933 3833 3980 est

2239 4023 2493 4078 manibus
2527 4019 2833 4091 gentilium,
2862 4020 2996 4076 facit
3026 4020 3156 4076 item
3203 4027 3314 4075 tres
3344 4033 3537 4075 cruces
3562 4031 3688 4072 cum
3720 4015 3831 4070 ho-

2238 4112 2364 4178 stia,
2395 4110 2624 4167 dicendo
2645 4124 2807 4181 super
2834 4110 3059 4167 calicem
3081 4126 3204 4181 :per
3231 4109 3423 4180 ipsum,
3453 4120 3503 4162 et
3532 4123 3651 4161 cum
3684 4107 3829 4175 ipso.

2238 4212 2285 4256 et
2315 4201 2369 4256 in
2396 4202 2529 4271 ipso.
2555 4198 2907 4256 Postmodum
2937 4214 3068 4256 vero
3096 4199 3165 4254 ad
3191 4197 3578 4269 designandam
3602 4194 3833 4249 divisio.

2238 4307 2365 4349 nem
2392 4292 2580 4348 carnis
2608 4301 2665 4347 et
2694 4291 2891 4347 animus
2914 4289 3128 4346 Domini
3168 4289 3481 4355 morientis,
3524 4285 3658 4341 facit
3689 4285 3835 4341 duas

2238 4399 2430 4440 cruces
2452 4383 2504 4437 in
2529 4397 2629 4439 ore
2649 4381 2854 4447 calicis,
2869 4396 2993 4437 cum
3019 4380 3177 4436 dicit:
3204 4380 3318 4436 Tibi
3343 4372 3453 4435 Deo
3474 4377 3626 4433 Patri
3648 4378 3832 4434 enini-

2238 4475 2432 4545 potenti
2461 4474 2515 4528 in
2538 4473 2740 4528 unitate
2768 4472 2994 4543 Spiritus
3018 4473 3208 4539 sancti,
3240 4470 3397 4526 Deus.
3428 4470 3567 4525 Dum
3592 4469 3736 4524 enim
3772 4468 3831 4522 in

2240 4565 2461 4621 Christo
2506 4572 2619 4619 tres
2661 4562 2770 4618 sint
2815 4562 2981 4618 unita:
3023 4560 3363 4626 substantiae,
3408 4558 3711 4614 divinitatis
3758 4557 3835 4610 ad

2239 4673 2469 4729 corpus,
2497 4654 2800 4713 divinitatis
2828 4656 2898 4712 ad
2925 4654 3187 4720 annnam,
3216 4662 3272 4709 et
3299 4652 3497 4707 anima:
3534 4651 3602 4705 ad
3629 4661 3841 4718 corpus

2240 4751 2471 4809 divisum
2518 4750 2587 4805 ab
2607 4749 2813 4813 anima,
2852 4756 3140 4819 propterea
3188 4762 3297 4801 non
3349 4743 3524 4799 tribus
3550 4737 3831 4802 crucibus,

2240 4844 2333 4899 sed
2361 4843 2570 4898 duabus
2594 4854 2742 4897 mors
2768 4839 2980 4895 Domini
3009 4838 3342 4909 designatur.

2314 4932 2397 4988 l5.
2437 4931 2711 4989 Sacerdos
2741 4932 2909 4987 etiam
2948 4944 3112 5001 super
3137 4944 3382 4985 mensam
3418 4926 3609 4983 altaris
3635 4938 3839 4980 manus

2242 5025 2507 5090 extendit,
2550 5024 2681 5094 quia
2704 5021 2954 5079 Christus
3003 5034 3169 5092 super
3217 5035 3367 5075 aram
3416 5018 3597 5076 crucis
3634 5031 3839 5073 manus

2244 5118 2521 5191 expandit.
2551 5114 2819 5173 Subtilius
2867 5125 3050 5171 tamen
3096 5130 3161 5171 ac
3184 5112 3506 5184 profundius
3547 5111 3667 5167 haec
3707 5124 3834 5181 pos-
3894 5108 3899 5109 “

2202 5240 2205 5243 ν
2244 5225 2431 5266 sumus
2459 5207 2727 5280 ﬁgurare;
2768 5216 2881 5263 tres
2906 5196 3106 5278 quippe
3143 5220 3335 5262 cruces
3370 5202 3689 5275 signiﬁcant
3718 5209 3837 5257 tres

2242 5302 2520 5357 cruciatus
2554 5314 2691 5370 quos
2716 5299 2970 5356 Christus
3008 5299 3063 5353 in
3120 5310 3282 5354 cruce
3313 5295 3592 5364 sustinuit,
3638 5292 3833 5350 videli-

2220 5403 2330 5448 'cet
2373 5392 2682 5462 passionem
2710 5431 2726 5458 ,
2783 5389 3196 5462 propassionem
3257 5397 3313 5445 et
3357 5385 3830 5458 compassionem:

2244 5486 2555 5557 passionem
2602 5483 2657 5539 in
2705 5498 2935 5552 corpore
2960 5523 2973 5547 ,
3046 5482 3455 5553 propassionem
3518 5480 3573 5535 in
3630 5488 3828 5539 mente.

2246 5576 2674 5649 cempassionem
2700 5577 2761 5630 in
2786 5575 2972 5629 corde.
3002 5573 3077 5628 De
3100 5572 3356 5643 passione
3378 5571 3509 5627 dicit
3535 5569 3799 5642 propheta
3816 5608 3830 5620 .

2246 5667 2291 5722 0
2335 5684 2460 5733 vos,
2506 5668 2597 5739 qui
2638 5665 2876 5720 transitis
2915 5682 3008 5736 per
3053 5665 3226 5733 riam,
3282 5665 3535 5719 attendite
3573 5672 3623 5716 et
3671 5660 3832 5717 ridete

2244 5761 2287 5813 si
2320 5768 2415 5823 est,
2459 5768 2566 5814 etc.
2611 5757 2827 5813 Etiam:
2856 5754 3130 5811 Foderunt
3170 5772 3360 5811 manus
3402 5770 3545 5808 meas
3585 5762 3631 5806 et
3676 5751 3833 5823 pales

2244 5865 2403 5906 meos.
2436 5849 2513 5905 De
2536 5847 2893 5922 propassione
2937 5848 3138 5906 mentis
3163 5847 3425 5904 Dominus
3471 5842 3687 5916 inquit:
3713 5838 3832 5898 Tri-
