  <div class='ocr_page' id='page_1' title='image "/cluster/home/n/w/nwhite01/storage/ocr_20150623/145/hvd.32044015471824/452.png"; bbox 0 0 4078 6336; ppageno 0'>
   <div class='ocr_carea' id='block_1_1' title="bbox 285 409 388 464">
    <p class='ocr_par' dir='ltr' id='par_1_1' title="bbox 285 409 388 464">
     <span class='ocr_line' id='line_1_1' title="bbox 285 409 388 464; baseline 0.01 -1"><span class='ocrx_word' id='word_1_1' title='bbox 285 409 388 464; x_wconf 76' lang='lat'><strong>8.39</strong></span> 
     </span>
    </p>
   </div>
   <div class='ocr_carea' id='block_1_2' title="bbox 1436 396 2429 488">
    <p class='ocr_par' dir='ltr' id='par_1_2' title="bbox 1436 396 2429 488">
     <span class='ocr_line' id='line_1_2' title="bbox 1436 396 2429 488; baseline 0.003 -20"><span class='ocrx_word' id='word_1_2' title='bbox 1436 396 1800 468; x_wconf 70' lang='lat' dir='ltr'><strong>sxrosmo</strong></span> <span class='ocrx_word' id='word_1_3' title='bbox 1845 411 2143 470; x_wconf 68' lang='lat' dir='ltr'><strong>CANONIS</strong></span> <span class='ocrx_word' id='word_1_4' title='bbox 2178 412 2429 488; x_wconf 64' lang='lat' dir='ltr'><strong>MISSE.</strong></span> 
     </span>
    </p>
   </div>
   <div class='ocr_carea' id='block_1_3' title="bbox 3467 421 3574 478">
    <p class='ocr_par' dir='ltr' id='par_1_3' title="bbox 3467 421 3574 478">
     <span class='ocr_line' id='line_1_3' title="bbox 3467 421 3574 478; baseline -0.019 0"><span class='ocrx_word' id='word_1_5' title='bbox 3467 421 3574 478; x_wconf 72' lang='lat'><strong>8‘30</strong></span> 
     </span>
    </p>
   </div>
   <div class='ocr_carea' id='block_1_4' title="bbox 287 507 3574 598">
    <p class='ocr_par' dir='ltr' id='par_1_4' title="bbox 287 507 3574 598">
     <span class='ocr_line' id='line_1_4' title="bbox 287 507 3574 598; baseline 0.002 -19"><span class='ocrx_word' id='word_1_6' title='bbox 287 526 382 579; x_wconf 72' lang='lat' dir='ltr'><strong>ssis</strong></span> <span class='ocrx_word' id='word_1_7' title='bbox 425 533 498 578; x_wconf 82' lang='lat' dir='ltr'><strong>est</strong></span> <span class='ocrx_word' id='word_1_8' title='bbox 535 526 714 578; x_wconf 87' lang='lat' dir='ltr'><strong>anima</strong></span> <span class='ocrx_word' id='word_1_9' title='bbox 757 533 982 588; x_wconf 61' lang='lat' dir='ltr'><strong>metuet</strong></span> <span class='ocrx_word' id='word_1_10' title='bbox 1013 524 1140 579; x_wconf 84' lang='lat' dir='ltr'><strong>item</strong></span> <span class='ocrx_word' id='word_1_11' title='bbox 1167 542 1182 580; x_wconf 92' lang='lat'><strong>:</strong></span> <span class='ocrx_word' id='word_1_12' title='bbox 1209 525 1370 596; x_wconf 62' lang='lat' dir='ltr'><strong>(Sumit</strong></span> <span class='ocrx_word' id='word_1_13' title='bbox 1410 526 1567 582; x_wconf 83' lang='lat' dir='ltr'><strong>Jesus</strong></span> <span class='ocrx_word' id='word_1_14' title='bbox 1607 543 1791 596; x_wconf 81' lang='lat' dir='ltr'><strong>parere</strong></span> <span class='ocrx_word' id='word_1_15' title='bbox 1835 534 1883 577; x_wconf 85' lang='lat' dir='ltr'><strong>cl</strong></span> <span class='ocrx_word' id='word_1_16' title='bbox 1913 527 1958 586; x_wconf 81' lang='grc' dir='ltr'>Α</span> <span class='ocrx_word' id='word_1_17' title='bbox 1989 525 2143 594; x_wconf 89' lang='lat' dir='ltr'><strong>quies</strong></span> <span class='ocrx_word' id='word_1_18' title='bbox 2187 524 2446 596; x_wconf 89' lang='lat' dir='ltr'><strong>quinque,</strong></span> <span class='ocrx_word' id='word_1_19' title='bbox 2496 507 2616 598; x_wconf 81' lang='lat' dir='ltr'><strong>qua:</strong></span> <span class='ocrx_word' id='word_1_20' title='bbox 2643 536 2769 582; x_wconf 91' lang='lat' dir='ltr'><strong>sunt</strong></span> <span class='ocrx_word' id='word_1_21' title='bbox 2827 527 2986 582; x_wconf 83' lang='lat' dir='ltr'><strong>simul</strong></span> <span class='ocrx_word' id='word_1_22' title='bbox 3029 528 3119 584; x_wconf 64' lang='lat' dir='ltr'><strong>Q5.</strong></span> <span class='ocrx_word' id='word_1_23' title='bbox 3165 529 3266 596; x_wconf 87' lang='lat' dir='ltr'><strong>Qui</strong></span> <span class='ocrx_word' id='word_1_24' title='bbox 3315 546 3574 589; x_wconf 85' lang='lat' dir='ltr'><strong>numerus</strong></span> 
     </span>
    </p>
   </div>
   <div class='ocr_carea' id='block_1_5' title="bbox 288 617 1885 688">
    <p class='ocr_par' dir='ltr' id='par_1_5' title="bbox 288 617 1885 688">
     <span class='ocr_line' id='line_1_5' title="bbox 288 617 1885 688; baseline -0.001 -15"><span class='ocrx_word' id='word_1_25' title='bbox 288 618 503 673; x_wconf 67' lang='lat' dir='ltr'><strong>trudere.</strong></span> <span class='ocrx_word' id='word_1_26' title='bbox 560 617 635 672; x_wconf 90' lang='lat' dir='ltr'><strong>De</strong></span> <span class='ocrx_word' id='word_1_27' title='bbox 675 617 1055 688; x_wconf 87' lang='lat' dir='ltr'><strong>compassione</strong></span> <span class='ocrx_word' id='word_1_28' title='bbox 1098 619 1278 673; x_wconf 80' lang='lat' dir='ltr'><strong>cordis</strong></span> <span class='ocrx_word' id='word_1_29' title='bbox 1326 635 1423 688; x_wconf 92' lang='lat' dir='ltr'><strong>pro</strong></span> <span class='ocrx_word' id='word_1_30' title='bbox 1470 618 1885 675; x_wconf 82' lang='lat' dir='ltr'><strong>erucifixoribus</strong></span> 
     </span>
    </p>
   </div>
   <div class='ocr_carea' id='block_1_6' title="bbox 291 694 1887 779">
    <p class='ocr_par' dir='ltr' id='par_1_6' title="bbox 291 694 1887 779">
     <span class='ocr_line' id='line_1_6' title="bbox 291 694 1887 779; baseline 0.002 -16"><span class='ocrx_word' id='word_1_31' title='bbox 291 709 472 764; x_wconf 87' lang='lat' dir='ltr'><strong>oravit</strong></span> <span class='ocrx_word' id='word_1_32' title='bbox 497 694 716 774; x_wconf 19' lang='lat' dir='ltr'><strong>:IPater,</strong></span> <span class='ocrx_word' id='word_1_33' title='bbox 745 707 966 779; x_wconf 80' lang='lat' dir='ltr'><strong>ignosce</strong></span> <span class='ocrx_word' id='word_1_34' title='bbox 1000 707 1123 764; x_wconf 85' lang='lat' dir='ltr'><strong>illis.</strong></span> <span class='ocrx_word' id='word_1_35' title='bbox 1153 709 1278 765; x_wconf 89' lang='lat' dir='ltr'><strong>ldeo</strong></span> <span class='ocrx_word' id='word_1_36' title='bbox 1309 726 1436 767; x_wconf 92' lang='lat' dir='ltr'><strong>vero</strong></span> <span class='ocrx_word' id='word_1_37' title='bbox 1467 711 1727 767; x_wconf 88' lang='lat' dir='ltr'><strong>sacerdos</strong></span> <span class='ocrx_word' id='word_1_38' title='bbox 1757 711 1887 767; x_wconf 92' lang='lat' dir='ltr'><strong>facit</strong></span> 
     </span>
    </p>
   </div>
   <div class='ocr_carea' id='block_1_7' title="bbox 292 799 1887 874">
    <p class='ocr_par' dir='ltr' id='par_1_7' title="bbox 292 799 1887 874">
     <span class='ocr_line' id='line_1_7' title="bbox 292 799 1887 874; baseline 0.002 -20"><span class='ocrx_word' id='word_1_39' title='bbox 292 800 394 855; x_wconf 88' lang='lat' dir='ltr'><strong>has</strong></span> <span class='ocrx_word' id='word_1_40' title='bbox 423 813 618 855; x_wconf 86' lang='lat' dir='ltr'><strong>cruces</strong></span> <span class='ocrx_word' id='word_1_41' title='bbox 653 814 776 853; x_wconf 90' lang='lat' dir='ltr'><strong>cum</strong></span> <span class='ocrx_word' id='word_1_42' title='bbox 810 799 987 855; x_wconf 89' lang='lat' dir='ltr'><strong>hostia</strong></span> <span class='ocrx_word' id='word_1_43' title='bbox 1019 814 1181 871; x_wconf 85' lang='lat' dir='ltr'><strong>super</strong></span> <span class='ocrx_word' id='word_1_44' title='bbox 1211 801 1457 869; x_wconf 81' lang='lat' dir='ltr'><strong>calicem,</strong></span> <span class='ocrx_word' id='word_1_45' title='bbox 1487 804 1613 874; x_wconf 84' lang='lat' dir='ltr'><strong>quia</strong></span> <span class='ocrx_word' id='word_1_46' title='bbox 1640 803 1887 858; x_wconf 86' lang='lat' dir='ltr'><strong>Christus</strong></span> 
     </span>
    </p>
   </div>
   <div class='ocr_carea' id='block_1_8' title="bbox 295 886 1886 962">
    <p class='ocr_par' dir='ltr' id='par_1_8' title="bbox 295 886 1886 962">
     <span class='ocr_line' id='line_1_8' title="bbox 295 886 1886 962; baseline 0.002 -18"><span class='ocrx_word' id='word_1_47' title='bbox 295 886 602 958; x_wconf 89' lang='lat' dir='ltr'><strong>hujusmodi</strong></span> <span class='ocrx_word' id='word_1_48' title='bbox 651 889 928 945; x_wconf 89' lang='lat' dir='ltr'><strong>cruciatus</strong></span> <span class='ocrx_word' id='word_1_49' title='bbox 987 889 1040 943; x_wconf 91' lang='lat' dir='ltr'><strong>in</strong></span> <span class='ocrx_word' id='word_1_50' title='bbox 1089 905 1319 959; x_wconf 88' lang='lat' dir='ltr'><strong>corpore</strong></span> <span class='ocrx_word' id='word_1_51' title='bbox 1374 906 1537 962; x_wconf 90' lang='lat' dir='ltr'><strong>super</strong></span> <span class='ocrx_word' id='word_1_52' title='bbox 1588 891 1886 962; x_wconf 77' lang='lat' dir='ltr'><strong>patibulum</strong></span> 
     </span>
    </p>
   </div>
   <div class='ocr_carea' id='block_1_9' title="bbox 297 977 1885 1052">
    <p class='ocr_par' dir='ltr' id='par_1_9' title="bbox 297 977 1885 1052">
     <span class='ocr_line' id='line_1_9' title="bbox 297 977 1885 1052; baseline 0.001 -18"><span class='ocrx_word' id='word_1_53' title='bbox 297 977 600 1051; x_wconf 77' lang='lat' dir='ltr'><strong>[pertulit];</strong></span> <span class='ocrx_word' id='word_1_54' title='bbox 643 993 742 1049; x_wconf 90' lang='lat' dir='ltr'><strong>per</strong></span> <span class='ocrx_word' id='word_1_55' title='bbox 767 979 991 1035; x_wconf 82' lang='lat' dir='ltr'><strong>calicem</strong></span> <span class='ocrx_word' id='word_1_56' title='bbox 1019 980 1165 1034; x_wconf 90' lang='lat' dir='ltr'><strong>enim</strong></span> <span class='ocrx_word' id='word_1_57' title='bbox 1207 981 1387 1050; x_wconf 83' lang='lat' dir='ltr'><strong>passio</strong></span> <span class='ocrx_word' id='word_1_58' title='bbox 1418 981 1760 1052; x_wconf 74' lang='lat' dir='ltr'><strong>designatur:</strong></span> <span class='ocrx_word' id='word_1_59' title='bbox 1805 996 1885 1036; x_wconf 48' lang='lat' dir='ltr'><strong>se.</strong></span> 
     </span>
    </p>
   </div>
   <div class='ocr_carea' id='block_1_10' title="bbox 297 1068 1885 1144">
    <p class='ocr_par' dir='ltr' id='par_1_10' title="bbox 297 1068 1885 1144">
     <span class='ocr_line' id='line_1_10' title="bbox 297 1068 1885 1144; baseline -0.001 -18"><span class='ocrx_word' id='word_1_60' title='bbox 297 1070 532 1126; x_wconf 89' lang='lat' dir='ltr'><strong>cundum</strong></span> <span class='ocrx_word' id='word_1_61' title='bbox 580 1068 694 1140; x_wconf 83' lang='lat'><strong>(50)</strong></span> <span class='ocrx_word' id='word_1_62' title='bbox 738 1069 868 1124; x_wconf 91' lang='lat' dir='ltr'><strong>illud</strong></span> <span class='ocrx_word' id='word_1_63' title='bbox 911 1068 1137 1134; x_wconf 85' lang='lat' dir='ltr'><strong>:Puter,</strong></span> <span class='ocrx_word' id='word_1_64' title='bbox 1181 1072 1226 1124; x_wconf 83' lang='lat' dir='ltr'><strong>si</strong></span> <span class='ocrx_word' id='word_1_65' title='bbox 1262 1071 1380 1139; x_wconf 78' lang='lat' dir='ltr'><strong>ﬁeri</strong></span> <span class='ocrx_word' id='word_1_66' title='bbox 1419 1083 1608 1144; x_wconf 78' lang='lat' dir='ltr'><strong>potest,</strong></span> <span class='ocrx_word' id='word_1_67' title='bbox 1653 1083 1885 1127; x_wconf 74' lang='lat' dir='ltr'><strong>transeat</strong></span> 
     </span>
    </p>
   </div>
   <div class='ocr_carea' id='block_1_11' title="bbox 298 1158 1886 1236">
    <p class='ocr_par' dir='ltr' id='par_1_11' title="bbox 298 1158 1886 1236">
     <span class='ocr_line' id='line_1_11' title="bbox 298 1158 1886 1236; baseline 0.001 -21"><span class='ocrx_word' id='word_1_68' title='bbox 298 1179 330 1215; x_wconf 91' lang='lat' dir='ltr'><strong>u</strong></span> <span class='ocrx_word' id='word_1_69' title='bbox 352 1177 432 1216; x_wconf 86' lang='lat' dir='ltr'><strong>me</strong></span> <span class='ocrx_word' id='word_1_70' title='bbox 455 1159 595 1215; x_wconf 69' lang='lat' dir='ltr'><strong>calix</strong></span> <span class='ocrx_word' id='word_1_71' title='bbox 620 1161 734 1215; x_wconf 82' lang='lat' dir='ltr'><strong>iste.</strong></span> <span class='ocrx_word' id='word_1_72' title='bbox 769 1158 900 1214; x_wconf 68' lang='lat' dir='ltr'><strong>Dure</strong></span> <span class='ocrx_word' id='word_1_73' title='bbox 921 1175 1051 1216; x_wconf 87' lang='lat' dir='ltr'><strong>vero</strong></span> <span class='ocrx_word' id='word_1_74' title='bbox 1073 1175 1286 1223; x_wconf 84' lang='lat' dir='ltr'><strong>cruces,</strong></span> <span class='ocrx_word' id='word_1_75' title='bbox 1311 1176 1446 1236; x_wconf 85' lang='lat' dir='ltr'><strong>quas</strong></span> <span class='ocrx_word' id='word_1_76' title='bbox 1472 1161 1604 1217; x_wconf 82' lang='lat' dir='ltr'><strong>facit</strong></span> <span class='ocrx_word' id='word_1_77' title='bbox 1635 1163 1688 1216; x_wconf 94' lang='lat' dir='ltr'><strong>in</strong></span> <span class='ocrx_word' id='word_1_78' title='bbox 1717 1163 1886 1217; x_wconf 90' lang='lat' dir='ltr'><strong>latere</strong></span> 
     </span>
    </p>
   </div>
   <div class='ocr_carea' id='block_1_12' title="bbox 299 1252 1888 1331">
    <p class='ocr_par' dir='ltr' id='par_1_12' title="bbox 299 1252 1888 1331">
     <span class='ocr_line' id='line_1_12' title="bbox 299 1252 1888 1331; baseline -0.001 -23"><span class='ocrx_word' id='word_1_79' title='bbox 299 1252 508 1331; x_wconf 84' lang='lat' dir='ltr'><strong>calieis,</strong></span> <span class='ocrx_word' id='word_1_80' title='bbox 552 1252 839 1322; x_wconf 87' lang='lat' dir='ltr'><strong>designant</strong></span> <span class='ocrx_word' id='word_1_81' title='bbox 885 1252 990 1307; x_wconf 91' lang='lat' dir='ltr'><strong>duo</strong></span> <span class='ocrx_word' id='word_1_82' title='bbox 1035 1262 1404 1320; x_wconf 87' lang='lat' dir='ltr'><strong>sacramenta,</strong></span> <span class='ocrx_word' id='word_1_83' title='bbox 1456 1269 1577 1324; x_wconf 60' lang='lat' dir='ltr'><strong>quia</strong></span> <span class='ocrx_word' id='word_1_84' title='bbox 1615 1253 1683 1308; x_wconf 91' lang='lat' dir='ltr'><strong>de</strong></span> <span class='ocrx_word' id='word_1_85' title='bbox 1717 1252 1888 1308; x_wconf 90' lang='lat' dir='ltr'><strong>latere</strong></span> 
     </span>
    </p>
   </div>
   <div class='ocr_carea' id='block_1_13' title="bbox 300 1336 1888 1419">
    <p class='ocr_par' dir='ltr' id='par_1_13' title="bbox 300 1336 1888 1419">
     <span class='ocr_line' id='line_1_13' title="bbox 300 1336 1888 1419; baseline 0.002 -19"><span class='ocrx_word' id='word_1_86' title='bbox 300 1336 516 1402; x_wconf 80' lang='lat' dir='ltr'><strong>Domini</strong></span> <span class='ocrx_word' id='word_1_87' title='bbox 551 1344 955 1416; x_wconf 88' lang='lat' dir='ltr'><strong>profluxerunt,</strong></span> <span class='ocrx_word' id='word_1_88' title='bbox 983 1345 1241 1402; x_wconf 89' lang='lat' dir='ltr'><strong>videlicet</strong></span> <span class='ocrx_word' id='word_1_89' title='bbox 1277 1361 1417 1416; x_wconf 87' lang='lat' dir='ltr'><strong>aqua</strong></span> <span class='ocrx_word' id='word_1_90' title='bbox 1461 1347 1888 1419; x_wconf 74' lang='lat' dir='ltr'><strong>regenerationis</strong></span> 
     </span>
    </p>
   </div>
   <div class='ocr_carea' id='block_1_14' title="bbox 301 1434 1887 1508">
    <p class='ocr_par' dir='ltr' id='par_1_14' title="bbox 301 1434 1887 1508">
     <span class='ocr_line' id='line_1_14' title="bbox 301 1434 1887 1508; baseline 0 -15"><span class='ocrx_word' id='word_1_91' title='bbox 301 1443 358 1493; x_wconf 85' lang='lat' dir='ltr'><strong>et</strong></span> <span class='ocrx_word' id='word_1_92' title='bbox 386 1435 606 1506; x_wconf 83' lang='lat' dir='ltr'><strong>sanguis</strong></span> <span class='ocrx_word' id='word_1_93' title='bbox 632 1435 1039 1506; x_wconf 83' lang='lat' dir='ltr'><strong>redemptionis.</strong></span> <span class='ocrx_word' id='word_1_94' title='bbox 1070 1434 1364 1505; x_wconf 88' lang='lat' dir='ltr'><strong>Corporale</strong></span> <span class='ocrx_word' id='word_1_95' title='bbox 1399 1435 1632 1508; x_wconf 87' lang='lat' dir='ltr'><strong>desuper</strong></span> <span class='ocrx_word' id='word_1_96' title='bbox 1665 1436 1887 1492; x_wconf 80' lang='lat' dir='ltr'><strong>calicem</strong></span> 
     </span>
    </p>
   </div>
   <div class='ocr_carea' id='block_1_15' title="bbox 299 1524 1890 1598">
    <p class='ocr_par' dir='ltr' id='par_1_15' title="bbox 299 1524 1890 1598">
     <span class='ocr_line' id='line_1_15' title="bbox 299 1524 1890 1598; baseline -0.002 -16"><span class='ocrx_word' id='word_1_97' title='bbox 299 1535 630 1586; x_wconf 81' lang='lat' dir='ltr'><strong>removetur.</strong></span> <span class='ocrx_word' id='word_1_98' title='bbox 673 1525 798 1596; x_wconf 88' lang='lat' dir='ltr'><strong>quia</strong></span> <span class='ocrx_word' id='word_1_99' title='bbox 830 1524 1008 1581; x_wconf 83' lang='lat' dir='ltr'><strong>velum</strong></span> <span class='ocrx_word' id='word_1_100' title='bbox 1057 1526 1244 1598; x_wconf 86' lang='lat' dir='ltr'><strong>templi</strong></span> <span class='ocrx_word' id='word_1_101' title='bbox 1286 1525 1520 1583; x_wconf 91' lang='lat' dir='ltr'><strong>scissum</strong></span> <span class='ocrx_word' id='word_1_102' title='bbox 1560 1535 1666 1591; x_wconf 90' lang='lat' dir='ltr'><strong>est,</strong></span> <span class='ocrx_word' id='word_1_103' title='bbox 1696 1541 1890 1582; x_wconf 84' lang='lat' dir='ltr'><strong>secun-</strong></span> 
     </span>
    </p>
   </div>
   <div class='ocr_carea' id='block_1_16' title="bbox 301 1615 1882 1687">
    <p class='ocr_par' dir='ltr' id='par_1_16' title="bbox 301 1615 1882 1687">
     <span class='ocr_line' id='line_1_16' title="bbox 301 1615 1882 1687; baseline -0.002 -15"><span class='ocrx_word' id='word_1_104' title='bbox 301 1616 429 1672; x_wconf 89' lang='lat' dir='ltr'><strong>dum</strong></span> <span class='ocrx_word' id='word_1_105' title='bbox 455 1617 599 1687; x_wconf 91' lang='lat' dir='ltr'><strong>quod</strong></span> <span class='ocrx_word' id='word_1_106' title='bbox 629 1616 696 1671; x_wconf 90' lang='lat' dir='ltr'><strong>de</strong></span> <span class='ocrx_word' id='word_1_107' title='bbox 730 1630 796 1671; x_wconf 91' lang='lat' dir='ltr'><strong>eo</strong></span> <span class='ocrx_word' id='word_1_108' title='bbox 825 1617 1088 1685; x_wconf 89' lang='lat' dir='ltr'><strong>scriptum</strong></span> <span class='ocrx_word' id='word_1_109' title='bbox 1129 1626 1267 1682; x_wconf 87' lang='lat' dir='ltr'><strong>erat,</strong></span> <span class='ocrx_word' id='word_1_110' title='bbox 1299 1618 1560 1674; x_wconf 87' lang='lat' dir='ltr'><strong>hactenus</strong></span> <span class='ocrx_word' id='word_1_111' title='bbox 1595 1625 1712 1673; x_wconf 90' lang='lat' dir='ltr'><strong>erat</strong></span> <span class='ocrx_word' id='word_1_112' title='bbox 1740 1615 1882 1672; x_wconf 81' lang='lat' dir='ltr'><strong>clau-</strong></span> 
     </span>
    </p>
   </div>
   <div class='ocr_carea' id='block_1_17' title="bbox 304 1707 1888 1778">
    <p class='ocr_par' dir='ltr' id='par_1_17' title="bbox 304 1707 1888 1778">
     <span class='ocr_line' id='line_1_17' title="bbox 304 1707 1888 1778; baseline 0 -16"><span class='ocrx_word' id='word_1_113' title='bbox 304 1721 449 1775; x_wconf 90' lang='lat' dir='ltr'><strong>sum,</strong></span> <span class='ocrx_word' id='word_1_114' title='bbox 478 1716 534 1762; x_wconf 87' lang='lat' dir='ltr'><strong>et</strong></span> <span class='ocrx_word' id='word_1_115' title='bbox 572 1707 774 1777; x_wconf 81' lang='lat' dir='ltr'><strong>lignum</strong></span> <span class='ocrx_word' id='word_1_116' title='bbox 809 1707 1033 1762; x_wconf 90' lang='lat' dir='ltr'><strong>missum</strong></span> <span class='ocrx_word' id='word_1_117' title='bbox 1057 1716 1143 1762; x_wconf 91' lang='lat' dir='ltr'><strong>est</strong></span> <span class='ocrx_word' id='word_1_118' title='bbox 1175 1709 1227 1764; x_wconf 90' lang='lat' dir='ltr'><strong>in</strong></span> <span class='ocrx_word' id='word_1_119' title='bbox 1252 1709 1407 1778; x_wconf 88' lang='lat' dir='ltr'><strong>aquis</strong></span> <span class='ocrx_word' id='word_1_120' title='bbox 1430 1708 1662 1774; x_wconf 81' lang='lat' dir='ltr'><strong>Marath,</strong></span> <span class='ocrx_word' id='word_1_121' title='bbox 1691 1718 1744 1765; x_wconf 92' lang='lat' dir='ltr'><strong>et</strong></span> <span class='ocrx_word' id='word_1_122' title='bbox 1773 1708 1888 1763; x_wconf 86' lang='lat' dir='ltr'><strong>dul-</strong></span> 
     </span>
    </p>
   </div>
   <div class='ocr_carea' id='block_1_18' title="bbox 305 1796 1887 1870">
    <p class='ocr_par' dir='ltr' id='par_1_18' title="bbox 305 1796 1887 1870">
     <span class='ocr_line' id='line_1_18' title="bbox 305 1796 1887 1870; baseline 0.003 -21"><span class='ocrx_word' id='word_1_123' title='bbox 305 1805 506 1852; x_wconf 66' lang='lat' dir='ltr'><strong>corataa</strong></span> <span class='ocrx_word' id='word_1_124' title='bbox 531 1805 679 1852; x_wconf 91' lang='lat' dir='ltr'><strong>sunt.</strong></span> <span class='ocrx_word' id='word_1_125' title='bbox 723 1796 876 1853; x_wconf 88' lang='lat' dir='ltr'><strong>Tunc</strong></span> <span class='ocrx_word' id='word_1_126' title='bbox 913 1797 1208 1853; x_wconf 84' lang='lat' dir='ltr'><strong>exaltatum</strong></span> <span class='ocrx_word' id='word_1_127' title='bbox 1249 1815 1543 1870; x_wconf 87' lang='lat' dir='ltr'><strong>parumper</strong></span> <span class='ocrx_word' id='word_1_128' title='bbox 1584 1816 1887 1855; x_wconf 84' lang='lat' dir='ltr'><strong>sacramen-</strong></span> 
     </span>
    </p>
   </div>
   <div class='ocr_carea' id='block_1_19' title="bbox 1986 617 3572 688">
    <p class='ocr_par' dir='ltr' id='par_1_19' title="bbox 1986 617 3572 688">
     <span class='ocr_line' id='line_1_19' title="bbox 1986 617 3572 688; baseline 0.006 -17"><span class='ocrx_word' id='word_1_129' title='bbox 1986 631 2082 686; x_wconf 89' lang='lat' dir='ltr'><strong>per</strong></span> <span class='ocrx_word' id='word_1_130' title='bbox 2113 631 2170 670; x_wconf 88' lang='lat' dir='ltr'><strong>se</strong></span> <span class='ocrx_word' id='word_1_131' title='bbox 2192 617 2389 672; x_wconf 88' lang='lat' dir='ltr'><strong>ductus</strong></span> <span class='ocrx_word' id='word_1_132' title='bbox 2413 633 2628 687; x_wconf 89' lang='lat' dir='ltr'><strong>semper</strong></span> <span class='ocrx_word' id='word_1_133' title='bbox 2662 617 2716 671; x_wconf 90' lang='lat' dir='ltr'><strong>in</strong></span> <span class='ocrx_word' id='word_1_134' title='bbox 2757 633 2815 673; x_wconf 93' lang='lat' dir='ltr'><strong>sc</strong></span> <span class='ocrx_word' id='word_1_135' title='bbox 2861 619 3034 688; x_wconf 85' lang='lat' dir='ltr'><strong>ipsum</strong></span> <span class='ocrx_word' id='word_1_136' title='bbox 3087 621 3395 688; x_wconf 85' lang='lat' dir='ltr'><strong>reducitur;</strong></span> <span class='ocrx_word' id='word_1_137' title='bbox 3447 641 3572 682; x_wconf 85' lang='lat' dir='ltr'><strong>nam</strong></span> 
     </span>
    </p>
   </div>
   <div class='ocr_carea' id='block_1_20' title="bbox 1987 705 3570 780">
    <p class='ocr_par' dir='ltr' id='par_1_20' title="bbox 1987 705 3570 780">
     <span class='ocr_line' id='line_1_20' title="bbox 1987 705 3570 780; baseline 0.008 -22"><span class='ocrx_word' id='word_1_138' title='bbox 1987 705 2273 775; x_wconf 81' lang='lat' dir='ltr'><strong>quinquies</strong></span> <span class='ocrx_word' id='word_1_139' title='bbox 2302 707 2541 776; x_wconf 83' lang='lat' dir='ltr'><strong>quinque</strong></span> <span class='ocrx_word' id='word_1_140' title='bbox 2570 716 2695 761; x_wconf 90' lang='lat' dir='ltr'><strong>sunt</strong></span> <span class='ocrx_word' id='word_1_141' title='bbox 2718 707 2822 774; x_wconf 73' lang='lat'><strong>‘25;</strong></span> <span class='ocrx_word' id='word_1_142' title='bbox 2861 709 3151 780; x_wconf 83' lang='lat' dir='ltr'><strong>quinquies</strong></span> <span class='ocrx_word' id='word_1_143' title='bbox 3176 710 3245 766; x_wconf 71' lang='grc'>25</span> <span class='ocrx_word' id='word_1_144' title='bbox 3271 722 3399 768; x_wconf 87' lang='lat' dir='ltr'><strong>sunt</strong></span> <span class='ocrx_word' id='word_1_145' title='bbox 3434 714 3570 771; x_wconf 61' lang='lat'><strong>£25:</strong></span> 
     </span>
    </p>
   </div>
   <div class='ocr_carea' id='block_1_21' title="bbox 1989 783 3577 870">
    <p class='ocr_par' dir='ltr' id='par_1_21' title="bbox 1989 783 3577 870">
     <span class='ocr_line' id='line_1_21' title="bbox 1989 783 3577 870; baseline 0.006 -20"><span class='ocrx_word' id='word_1_146' title='bbox 1989 797 2093 851; x_wconf 64' lang='lat'><strong>1:25</strong></span> <span class='ocrx_word' id='word_1_147' title='bbox 2143 797 2433 866; x_wconf 89' lang='lat' dir='ltr'><strong>quinquies</strong></span> <span class='ocrx_word' id='word_1_148' title='bbox 2495 807 2620 853; x_wconf 89' lang='lat' dir='ltr'><strong>sunt</strong></span> <span class='ocrx_word' id='word_1_149' title='bbox 2646 797 2788 860; x_wconf 66' lang='lat'><strong>6‘25;</strong></span> <span class='ocrx_word' id='word_1_150' title='bbox 2848 808 2902 854; x_wconf 92' lang='lat' dir='ltr'><strong>et</strong></span> <span class='ocrx_word' id='word_1_151' title='bbox 2952 783 3026 853; x_wconf 85' lang='lat' dir='ltr'><strong>ita</strong></span> <span class='ocrx_word' id='word_1_152' title='bbox 3079 815 3291 870; x_wconf 88' lang='lat' dir='ltr'><strong>semper</strong></span> <span class='ocrx_word' id='word_1_153' title='bbox 3341 803 3577 859; x_wconf 80' lang='lat' dir='ltr'><strong>abundat</strong></span> 
     </span>
    </p>
   </div>
   <div class='ocr_carea' id='block_1_22' title="bbox 1988 888 3574 960">
    <p class='ocr_par' dir='ltr' id='par_1_22' title="bbox 1988 888 3574 960">
     <span class='ocr_line' id='line_1_22' title="bbox 1988 888 3574 960; baseline 0.007 -22"><span class='ocrx_word' id='word_1_154' title='bbox 1988 888 2271 958; x_wconf 88' lang='lat' dir='ltr'><strong>quinarius</strong></span> <span class='ocrx_word' id='word_1_155' title='bbox 2295 905 2554 948; x_wconf 91' lang='lat' dir='ltr'><strong>numerus</strong></span> <span class='ocrx_word' id='word_1_156' title='bbox 2576 889 2704 944; x_wconf 88' lang='lat' dir='ltr'><strong>etin</strong></span> <span class='ocrx_word' id='word_1_157' title='bbox 2725 904 2783 944; x_wconf 90' lang='lat' dir='ltr'><strong>se</strong></span> <span class='ocrx_word' id='word_1_158' title='bbox 2809 889 2984 960; x_wconf 91' lang='lat' dir='ltr'><strong>ipsum</strong></span> <span class='ocrx_word' id='word_1_159' title='bbox 3012 892 3310 958; x_wconf 85' lang='lat' dir='ltr'><strong>reducitur,</strong></span> <span class='ocrx_word' id='word_1_160' title='bbox 3341 894 3384 948; x_wconf 89' lang='lat' dir='ltr'><strong>si</strong></span> <span class='ocrx_word' id='word_1_161' title='bbox 3406 895 3574 948; x_wconf 81' lang='lat' dir='ltr'><strong>duca-</strong></span> 
     </span>
    </p>
   </div>
   <div class='ocr_carea' id='block_1_23' title="bbox 1991 977 3574 1050">
    <p class='ocr_par' dir='ltr' id='par_1_23' title="bbox 1991 977 3574 1050">
     <span class='ocr_line' id='line_1_23' title="bbox 1991 977 3574 1050; baseline 0.004 -19"><span class='ocrx_word' id='word_1_162' title='bbox 1991 988 2078 1032; x_wconf 90' lang='lat' dir='ltr'><strong>tur</strong></span> <span class='ocrx_word' id='word_1_163' title='bbox 2101 978 2153 1031; x_wconf 91' lang='lat' dir='ltr'><strong>in</strong></span> <span class='ocrx_word' id='word_1_164' title='bbox 2186 977 2480 1044; x_wconf 88' lang='lat' dir='ltr'><strong>infinitum,</strong></span> <span class='ocrx_word' id='word_1_165' title='bbox 2511 979 2811 1050; x_wconf 83' lang='lat' dir='ltr'><strong>quamlibet</strong></span> <span class='ocrx_word' id='word_1_166' title='bbox 2829 995 2950 1034; x_wconf 90' lang='lat' dir='ltr'><strong>eum</strong></span> <span class='ocrx_word' id='word_1_167' title='bbox 2987 981 3332 1050; x_wconf 85' lang='lat' dir='ltr'><strong>multiplices.</strong></span> <span class='ocrx_word' id='word_1_168' title='bbox 3361 982 3574 1038; x_wconf 85' lang='lat' dir='ltr'><strong>Eucha-</strong></span> 
     </span>
    </p>
   </div>
   <div class='ocr_carea' id='block_1_24' title="bbox 1992 1070 3483 1144">
    <p class='ocr_par' dir='ltr' id='par_1_24' title="bbox 1992 1070 3483 1144">
     <span class='ocr_line' id='line_1_24' title="bbox 1992 1070 3483 1144; baseline 0.005 -23"><span class='ocrx_word' id='word_1_169' title='bbox 1992 1070 2156 1123; x_wconf 79' lang='lat' dir='ltr'><strong>ristiae</strong></span> <span class='ocrx_word' id='word_1_170' title='bbox 2182 1079 2580 1144; x_wconf 72' lang='lat' dir='ltr'><strong>sacramentum</strong></span> <span class='ocrx_word' id='word_1_171' title='bbox 2613 1087 2829 1142; x_wconf 87' lang='lat' dir='ltr'><strong>semper</strong></span> <span class='ocrx_word' id='word_1_172' title='bbox 2857 1072 2998 1126; x_wconf 90' lang='lat' dir='ltr'><strong>idem</strong></span> <span class='ocrx_word' id='word_1_173' title='bbox 3029 1080 3112 1128; x_wconf 90' lang='lat' dir='ltr'><strong>est</strong></span> <span class='ocrx_word' id='word_1_174' title='bbox 3133 1073 3483 1134; x_wconf 84' lang='lat' dir='ltr'><strong>sacrificium.</strong></span> 
     </span>
    </p>
   </div>
   <div class='ocr_carea' id='block_1_25' title="bbox 2062 1149 3576 1233">
    <p class='ocr_par' dir='ltr' id='par_1_25' title="bbox 2062 1149 3576 1233">
     <span class='ocr_line' id='line_1_25' title="bbox 2062 1149 3576 1233; baseline 0.005 -21"><span class='ocrx_word' id='word_1_175' title='bbox 2062 1159 2147 1212; x_wconf 78' lang='lat' dir='ltr'><strong>l7.</strong></span> <span class='ocrx_word' id='word_1_176' title='bbox 2181 1159 2296 1215; x_wconf 81' lang='lat' dir='ltr'><strong>Non</strong></span> <span class='ocrx_word' id='word_1_177' title='bbox 2344 1160 2518 1216; x_wconf 89' lang='lat' dir='ltr'><strong>solum</strong></span> <span class='ocrx_word' id='word_1_178' title='bbox 2568 1171 2750 1216; x_wconf 91' lang='lat' dir='ltr'><strong>autem</strong></span> <span class='ocrx_word' id='word_1_179' title='bbox 2800 1149 2979 1217; x_wconf 88' lang='lat' dir='ltr'><strong>crueis</strong></span> <span class='ocrx_word' id='word_1_180' title='bbox 3027 1161 3330 1233; x_wconf 86' lang='lat' dir='ltr'><strong>impressio,</strong></span> <span class='ocrx_word' id='word_1_181' title='bbox 3387 1179 3576 1220; x_wconf 87' lang='lat' dir='ltr'><strong>verum</strong></span> 
     </span>
    </p>
   </div>
   <div class='ocr_carea' id='block_1_26' title="bbox 1989 1252 3576 1333">
    <p class='ocr_par' dir='ltr' id='par_1_26' title="bbox 1989 1252 3576 1333">
     <span class='ocr_line' id='line_1_26' title="bbox 1989 1252 3576 1333; baseline 0.004 -27"><span class='ocrx_word' id='word_1_182' title='bbox 1989 1253 2154 1306; x_wconf 85' lang='lat' dir='ltr'><strong>etiam</strong></span> <span class='ocrx_word' id='word_1_183' title='bbox 2190 1252 2338 1308; x_wconf 91' lang='lat' dir='ltr'><strong>vocis</strong></span> <span class='ocrx_word' id='word_1_184' title='bbox 2365 1254 2646 1324; x_wconf 84' lang='lat' dir='ltr'><strong>expressio</strong></span> <span class='ocrx_word' id='word_1_185' title='bbox 2677 1270 2795 1324; x_wconf 85' lang='lat' dir='ltr'><strong>quae</strong></span> <span class='ocrx_word' id='word_1_186' title='bbox 2822 1263 2972 1324; x_wconf 85' lang='lat' dir='ltr'><strong>gesta</strong></span> <span class='ocrx_word' id='word_1_187' title='bbox 2995 1265 3120 1333; x_wconf 87' lang='lat' dir='ltr'><strong>sunt</strong></span> <span class='ocrx_word' id='word_1_188' title='bbox 3156 1253 3312 1324; x_wconf 80' lang='lat' dir='ltr'><strong>juxta</strong></span> <span class='ocrx_word' id='word_1_189' title='bbox 3357 1272 3576 1312; x_wconf 83' lang='lat' dir='ltr'><strong>crucem</strong></span> 
     </span>
    </p>
   </div>
   <div class='ocr_carea' id='block_1_27' title="bbox 1989 1343 3574 1420">
    <p class='ocr_par' dir='ltr' id='par_1_27' title="bbox 1989 1343 3574 1420">
     <span class='ocr_line' id='line_1_27' title="bbox 1989 1343 3574 1420; baseline 0.004 -22"><span class='ocrx_word' id='word_1_190' title='bbox 1989 1344 2284 1401; x_wconf 89' lang='lat' dir='ltr'><strong>insinuant.</strong></span> <span class='ocrx_word' id='word_1_191' title='bbox 2325 1343 2593 1404; x_wconf 89' lang='lat' dir='ltr'><strong>Sacerdos</strong></span> <span class='ocrx_word' id='word_1_192' title='bbox 2614 1347 2760 1402; x_wconf 90' lang='lat' dir='ltr'><strong>enim</strong></span> <span class='ocrx_word' id='word_1_193' title='bbox 2803 1362 2932 1402; x_wconf 89' lang='lat' dir='ltr'><strong>voce</strong></span> <span class='ocrx_word' id='word_1_194' title='bbox 2981 1347 3256 1420; x_wconf 84' lang='lat' dir='ltr'><strong>paululum</strong></span> <span class='ocrx_word' id='word_1_195' title='bbox 3295 1363 3574 1418; x_wconf 85' lang='lat' dir='ltr'><strong>expressa,</strong></span> 
     </span>
    </p>
   </div>
   <div class='ocr_carea' id='block_1_28' title="bbox 1988 1438 3578 1510">
    <p class='ocr_par' dir='ltr' id='par_1_28' title="bbox 1988 1438 3578 1510">
     <span class='ocr_line' id='line_1_28' title="bbox 1988 1438 3578 1510; baseline -0.001 -18"><span class='ocrx_word' id='word_1_196' title='bbox 1988 1451 2251 1508; x_wconf 88' lang='lat' dir='ltr'><strong>percusso</strong></span> <span class='ocrx_word' id='word_1_197' title='bbox 2293 1449 2536 1508; x_wconf 89' lang='lat' dir='ltr'><strong>pectore,</strong></span> <span class='ocrx_word' id='word_1_198' title='bbox 2571 1438 2846 1494; x_wconf 88' lang='lat' dir='ltr'><strong>silentium</strong></span> <span class='ocrx_word' id='word_1_199' title='bbox 2875 1439 3250 1510; x_wconf 86' lang='lat' dir='ltr'><strong>interrumpit,</strong></span> <span class='ocrx_word' id='word_1_200' title='bbox 3282 1454 3578 1510; x_wconf 52' lang='lat' dir='ltr'><strong>repraesen-</strong></span> 
     </span>
    </p>
   </div>
   <div class='ocr_carea' id='block_1_29' title="bbox 1992 1526 3578 1597">
    <p class='ocr_par' dir='ltr' id='par_1_29' title="bbox 1992 1526 3578 1597">
     <span class='ocr_line' id='line_1_29' title="bbox 1992 1526 3578 1597; baseline 0.001 -16"><span class='ocrx_word' id='word_1_201' title='bbox 1992 1535 2113 1583; x_wconf 88' lang='lat' dir='ltr'><strong>tans</strong></span> <span class='ocrx_word' id='word_1_202' title='bbox 2169 1528 2561 1584; x_wconf 89' lang='lat' dir='ltr'><strong>contritionem</strong></span> <span class='ocrx_word' id='word_1_203' title='bbox 2617 1536 2671 1583; x_wconf 89' lang='lat' dir='ltr'><strong>et</strong></span> <span class='ocrx_word' id='word_1_204' title='bbox 2722 1526 3119 1584; x_wconf 82' lang='lat' dir='ltr'><strong>confessionem</strong></span> <span class='ocrx_word' id='word_1_205' title='bbox 3175 1529 3435 1597; x_wconf 89' lang='lat' dir='ltr'><strong>latronis;</strong></span> <span class='ocrx_word' id='word_1_206' title='bbox 3490 1529 3578 1584; x_wconf 86' lang='lat' dir='ltr'><strong>vel</strong></span> 
     </span>
    </p>
   </div>
   <div class='ocr_carea' id='block_1_30' title="bbox 1989 1620 3577 1693">
    <p class='ocr_par' dir='ltr' id='par_1_30' title="bbox 1989 1620 3577 1693">
     <span class='ocr_line' id='line_1_30' title="bbox 1989 1620 3577 1693; baseline 0.001 -17"><span class='ocrx_word' id='word_1_207' title='bbox 1989 1622 2155 1676; x_wconf 89' lang='lat' dir='ltr'><strong>etiam</strong></span> <span class='ocrx_word' id='word_1_208' title='bbox 2182 1620 2542 1678; x_wconf 81' lang='lat' dir='ltr'><strong>exsultatione</strong></span> <span class='ocrx_word' id='word_1_209' title='bbox 2562 1622 2732 1688; x_wconf 84' lang='lat' dir='ltr'><strong>vocis,</strong></span> <span class='ocrx_word' id='word_1_210' title='bbox 2757 1629 2814 1678; x_wconf 91' lang='lat' dir='ltr'><strong>et</strong></span> <span class='ocrx_word' id='word_1_211' title='bbox 2843 1621 3095 1678; x_wconf 90' lang='lat' dir='ltr'><strong>tunsione</strong></span> <span class='ocrx_word' id='word_1_212' title='bbox 3120 1623 3359 1693; x_wconf 86' lang='lat' dir='ltr'><strong>pectoris</strong></span> <span class='ocrx_word' id='word_1_213' title='bbox 3387 1623 3577 1693; x_wconf 88' lang='lat' dir='ltr'><strong>expri-</strong></span> 
     </span>
    </p>
   </div>
   <div class='ocr_carea' id='block_1_31' title="bbox 1988 1714 3579 1786">
    <p class='ocr_par' dir='ltr' id='par_1_31' title="bbox 1988 1714 3579 1786">
     <span class='ocr_line' id='line_1_31' title="bbox 1988 1714 3579 1786; baseline 0 -18"><span class='ocrx_word' id='word_1_214' title='bbox 1988 1714 2158 1769; x_wconf 83' lang='lat' dir='ltr'><strong>mitur</strong></span> <span class='ocrx_word' id='word_1_215' title='bbox 2190 1714 2344 1781; x_wconf 90' lang='lat' dir='ltr'><strong>illud,</strong></span> <span class='ocrx_word' id='word_1_216' title='bbox 2375 1714 2517 1784; x_wconf 88' lang='lat' dir='ltr'><strong>quod</strong></span> <span class='ocrx_word' id='word_1_217' title='bbox 2545 1714 2779 1770; x_wconf 84' lang='lat' dir='ltr'><strong>centurio</strong></span> <span class='ocrx_word' id='word_1_218' title='bbox 2804 1725 2850 1768; x_wconf 89' lang='lat' dir='ltr'><strong>et</strong></span> <span class='ocrx_word' id='word_1_219' title='bbox 2881 1716 2970 1786; x_wconf 85' lang='lat' dir='ltr'><strong>qui</strong></span> <span class='ocrx_word' id='word_1_220' title='bbox 3003 1731 3120 1768; x_wconf 89' lang='lat' dir='ltr'><strong>cum</strong></span> <span class='ocrx_word' id='word_1_221' title='bbox 3145 1730 3205 1770; x_wconf 84' lang='lat' dir='ltr'><strong>eo</strong></span> <span class='ocrx_word' id='word_1_222' title='bbox 3234 1724 3408 1780; x_wconf 87' lang='lat' dir='ltr'><strong>erant,</strong></span> <span class='ocrx_word' id='word_1_223' title='bbox 3454 1716 3579 1770; x_wconf 83' lang='lat' dir='ltr'><strong>visis</strong></span> 
     </span>
    </p>
   </div>
   <div class='ocr_carea' id='block_1_32' title="bbox 1989 1800 3574 1874">
    <p class='ocr_par' dir='ltr' id='par_1_32' title="bbox 1989 1800 3574 1874">
     <span class='ocr_line' id='line_1_32' title="bbox 1989 1800 3574 1874; baseline 0.001 -18"><span class='ocrx_word' id='word_1_224' title='bbox 1989 1802 2052 1856; x_wconf 80' lang='lat' dir='ltr'><strong>iis</strong></span> <span class='ocrx_word' id='word_1_225' title='bbox 2073 1820 2188 1874; x_wconf 74' lang='lat' dir='ltr'><strong>qum</strong></span> <span class='ocrx_word' id='word_1_226' title='bbox 2211 1804 2426 1872; x_wconf 78' lang='lat' dir='ltr'><strong>ﬁebant,</strong></span> <span class='ocrx_word' id='word_1_227' title='bbox 2451 1805 2735 1858; x_wconf 87' lang='lat' dir='ltr'><strong>timuerunt</strong></span> <span class='ocrx_word' id='word_1_228' title='bbox 2761 1803 2908 1858; x_wconf 81' lang='lat' dir='ltr'><strong>valde</strong></span> <span class='ocrx_word' id='word_1_229' title='bbox 2933 1804 3202 1859; x_wconf 79' lang='lat' dir='ltr'><strong>dicentes:</strong></span> <span class='ocrx_word' id='word_1_230' title='bbox 3247 1802 3372 1858; x_wconf 82' lang='lat' dir='ltr'><strong>Vere</strong></span> <span class='ocrx_word' id='word_1_231' title='bbox 3393 1800 3442 1855; x_wconf 82' lang='lat' dir='ltr'><em>F</em></span> <span class='ocrx_word' id='word_1_232' title='bbox 3446 1803 3574 1858; x_wconf 84' lang='lat' dir='ltr'><strong>ilius</strong></span> 
     </span>
    </p>
   </div>
   <div class='ocr_carea' id='block_1_33' title="bbox 306 1879 3575 1966">
    <p class='ocr_par' dir='ltr' id='par_1_33' title="bbox 306 1879 3575 1966">
     <span class='ocr_line' id='line_1_33' title="bbox 306 1879 3575 1966; baseline 0.002 -23"><span class='ocrx_word' id='word_1_233' title='bbox 306 1896 418 1944; x_wconf 91' lang='lat' dir='ltr'><strong>tum</strong></span> <span class='ocrx_word' id='word_1_234' title='bbox 466 1890 534 1945; x_wconf 92' lang='lat' dir='ltr'><strong>de</strong></span> <span class='ocrx_word' id='word_1_235' title='bbox 575 1889 734 1944; x_wconf 90' lang='lat' dir='ltr'><strong>altari</strong></span> <span class='ocrx_word' id='word_1_236' title='bbox 776 1891 1036 1947; x_wconf 88' lang='lat' dir='ltr'><strong>sacerdos</strong></span> <span class='ocrx_word' id='word_1_237' title='bbox 1079 1892 1301 1963; x_wconf 91' lang='lat' dir='ltr'><strong>deponit</strong></span> <span class='ocrx_word' id='word_1_238' title='bbox 1342 1893 1455 1964; x_wconf 89' lang='lat' dir='ltr'><strong>ipse</strong></span> <span class='ocrx_word' id='word_1_239' title='bbox 1496 1902 1552 1950; x_wconf 91' lang='lat' dir='ltr'><strong>et</strong></span> <span class='ocrx_word' id='word_1_240' title='bbox 1591 1885 1884 1961; x_wconf 88' lang='lat' dir='ltr'><strong>diaconus,</strong></span> <span class='ocrx_word' id='word_1_241' title='bbox 1917 1879 1962 1938; x_wconf 79' lang='grc' dir='ltr'><strong>Β</strong></span> <span class='ocrx_word' id='word_1_242' title='bbox 1995 1896 2090 1949; x_wconf 81' lang='lat' dir='ltr'><strong>Dei</strong></span> <span class='ocrx_word' id='word_1_243' title='bbox 2116 1906 2228 1950; x_wconf 84' lang='lat' dir='ltr'><strong>erat</strong></span> <span class='ocrx_word' id='word_1_244' title='bbox 2276 1897 2404 1960; x_wconf 86' lang='lat' dir='ltr'><strong>iste;</strong></span> <span class='ocrx_word' id='word_1_245' title='bbox 2451 1905 2498 1950; x_wconf 90' lang='lat' dir='ltr'><strong>et</strong></span> <span class='ocrx_word' id='word_1_246' title='bbox 2521 1897 2863 1966; x_wconf 86' lang='lat' dir='ltr'><strong>percutientes</strong></span> <span class='ocrx_word' id='word_1_247' title='bbox 2901 1906 3113 1966; x_wconf 85' lang='lat' dir='ltr'><strong>pectora</strong></span> <span class='ocrx_word' id='word_1_248' title='bbox 3163 1901 3575 1951; x_wconf 78' lang='lat' dir='ltr'><strong>revertebantur.</strong></span> 
     </span>
    </p>
   </div>
   <div class='ocr_carea' id='block_1_34' title="bbox 307 1979 1892 2051">
    <p class='ocr_par' dir='ltr' id='par_1_34' title="bbox 307 1979 1892 2051">
     <span class='ocr_line' id='line_1_34' title="bbox 307 1979 1892 2051; baseline 0.006 -19"><span class='ocrx_word' id='word_1_249' title='bbox 307 1980 432 2050; x_wconf 88' lang='lat' dir='ltr'><strong>quia</strong></span> <span class='ocrx_word' id='word_1_250' title='bbox 475 1980 621 2035; x_wconf 85' lang='lat' dir='ltr'><strong>venit</strong></span> <span class='ocrx_word' id='word_1_251' title='bbox 655 1979 854 2051; x_wconf 74' lang='lat' dir='ltr'><strong>Ioseph</strong></span> <span class='ocrx_word' id='word_1_252' title='bbox 897 1981 966 2037; x_wconf 93' lang='lat' dir='ltr'><strong>ab</strong></span> <span class='ocrx_word' id='word_1_253' title='bbox 1005 1983 1334 2048; x_wconf 80' lang='lat' dir='ltr'><strong>Arimathia,</strong></span> <span class='ocrx_word' id='word_1_254' title='bbox 1378 1985 1528 2040; x_wconf 86' lang='lat' dir='ltr'><strong>venit</strong></span> <span class='ocrx_word' id='word_1_255' title='bbox 1565 1995 1619 2041; x_wconf 91' lang='lat' dir='ltr'><strong>et</strong></span> <span class='ocrx_word' id='word_1_256' title='bbox 1663 1984 1892 2041; x_wconf 79' lang='lat' dir='ltr'><strong>Nicodc-</strong></span> 
     </span>
    </p>
   </div>
   <div class='ocr_carea' id='block_1_35' title="bbox 309 2069 1894 2145">
    <p class='ocr_par' dir='ltr' id='par_1_35' title="bbox 309 2069 1894 2145">
     <span class='ocr_line' id='line_1_35' title="bbox 309 2069 1894 2145; baseline 0.005 -21"><span class='ocrx_word' id='word_1_257' title='bbox 309 2085 449 2135; x_wconf 90' lang='lat' dir='ltr'><strong>mus,</strong></span> <span class='ocrx_word' id='word_1_258' title='bbox 486 2079 542 2125; x_wconf 91' lang='lat' dir='ltr'><strong>et</strong></span> <span class='ocrx_word' id='word_1_259' title='bbox 582 2069 926 2141; x_wconf 91' lang='lat' dir='ltr'><strong>impetratum</strong></span> <span class='ocrx_word' id='word_1_260' title='bbox 975 2088 1005 2128; x_wconf 91' lang='lat' dir='ltr'><strong>a</strong></span> <span class='ocrx_word' id='word_1_261' title='bbox 1047 2073 1222 2128; x_wconf 82' lang='lat' dir='ltr'><strong>Pilato</strong></span> <span class='ocrx_word' id='word_1_262' title='bbox 1264 2089 1462 2144; x_wconf 92' lang='lat' dir='ltr'><strong>corpus</strong></span> <span class='ocrx_word' id='word_1_263' title='bbox 1498 2075 1625 2131; x_wconf 82' lang='lat' dir='ltr'><strong>.lesu</strong></span> <span class='ocrx_word' id='word_1_264' title='bbox 1672 2077 1894 2145; x_wconf 90' lang='lat' dir='ltr'><strong>sepelie-</strong></span> 
     </span>
    </p>
   </div>
   <div class='ocr_carea' id='block_1_36' title="bbox 310 2161 1891 2236">
    <p class='ocr_par' dir='ltr' id='par_1_36' title="bbox 310 2161 1891 2236">
     <span class='ocr_line' id='line_1_36' title="bbox 310 2161 1891 2236; baseline 0.004 -22"><span class='ocrx_word' id='word_1_265' title='bbox 310 2169 452 2215; x_wconf 82' lang='lat' dir='ltr'><strong>runt.</strong></span> <span class='ocrx_word' id='word_1_266' title='bbox 495 2161 564 2216; x_wconf 87' lang='lat' dir='ltr'><strong>Et</strong></span> <span class='ocrx_word' id='word_1_267' title='bbox 601 2163 728 2232; x_wconf 88' lang='lat' dir='ltr'><strong>quia</strong></span> <span class='ocrx_word' id='word_1_268' title='bbox 767 2163 1004 2218; x_wconf 87' lang='lat' dir='ltr'><strong>advolvit</strong></span> <span class='ocrx_word' id='word_1_269' title='bbox 1057 2179 1250 2219; x_wconf 87' lang='lat' dir='ltr'><strong>saxum</strong></span> <span class='ocrx_word' id='word_1_270' title='bbox 1293 2180 1546 2236; x_wconf 86' lang='lat' dir='ltr'><strong>magnum</strong></span> <span class='ocrx_word' id='word_1_271' title='bbox 1587 2165 1655 2220; x_wconf 93' lang='lat' dir='ltr'><strong>ad</strong></span> <span class='ocrx_word' id='word_1_272' title='bbox 1693 2166 1891 2220; x_wconf 90' lang='lat' dir='ltr'><strong>ostium</strong></span> 
     </span>
    </p>
   </div>
   <div class='ocr_carea' id='block_1_37' title="bbox 311 2256 1895 2328">
    <p class='ocr_par' dir='ltr' id='par_1_37' title="bbox 311 2256 1895 2328">
     <span class='ocr_line' id='line_1_37' title="bbox 311 2256 1895 2328; baseline 0.002 -20"><span class='ocrx_word' id='word_1_273' title='bbox 311 2256 686 2321; x_wconf 89' lang='lat' dir='ltr'><strong>monumenti,</strong></span> <span class='ocrx_word' id='word_1_274' title='bbox 741 2256 1002 2312; x_wconf 90' lang='lat' dir='ltr'><strong>diaconus</strong></span> <span class='ocrx_word' id='word_1_275' title='bbox 1049 2272 1214 2328; x_wconf 91' lang='lat' dir='ltr'><strong>super</strong></span> <span class='ocrx_word' id='word_1_276' title='bbox 1261 2273 1324 2312; x_wconf 92' lang='lat' dir='ltr'><strong>os</strong></span> <span class='ocrx_word' id='word_1_277' title='bbox 1373 2256 1557 2312; x_wconf 91' lang='lat' dir='ltr'><strong>calicis</strong></span> <span class='ocrx_word' id='word_1_278' title='bbox 1618 2257 1895 2327; x_wconf 88' lang='lat' dir='ltr'><strong>corporale</strong></span> 
     </span>
    </p>
   </div>
   <div class='ocr_carea' id='block_1_38' title="bbox 310 2350 1890 2423">
    <p class='ocr_par' dir='ltr' id='par_1_38' title="bbox 310 2350 1890 2423">
     <span class='ocr_line' id='line_1_38' title="bbox 310 2350 1890 2423; baseline 0.002 -18"><span class='ocrx_word' id='word_1_279' title='bbox 310 2351 540 2418; x_wconf 87' lang='lat' dir='ltr'><strong>reponit.</strong></span> <span class='ocrx_word' id='word_1_280' title='bbox 588 2350 726 2418; x_wconf 84' lang='lat' dir='ltr'><strong>Quia</strong></span> <span class='ocrx_word' id='word_1_281' title='bbox 769 2366 912 2408; x_wconf 91' lang='lat' dir='ltr'><strong>nunc</strong></span> <span class='ocrx_word' id='word_1_282' title='bbox 947 2353 1122 2422; x_wconf 87' lang='lat' dir='ltr'><strong>factus</strong></span> <span class='ocrx_word' id='word_1_283' title='bbox 1159 2361 1237 2408; x_wconf 85' lang='lat' dir='ltr'><strong>est</strong></span> <span class='ocrx_word' id='word_1_284' title='bbox 1283 2353 1337 2409; x_wconf 86' lang='lat' dir='ltr'><strong>in</strong></span> <span class='ocrx_word' id='word_1_285' title='bbox 1379 2369 1510 2423; x_wconf 83' lang='lat' dir='ltr'><strong>pace</strong></span> <span class='ocrx_word' id='word_1_286' title='bbox 1547 2354 1705 2409; x_wconf 81' lang='lat' dir='ltr'><strong>locus</strong></span> <span class='ocrx_word' id='word_1_287' title='bbox 1753 2353 1890 2419; x_wconf 86' lang='lat' dir='ltr'><strong>eius,</strong></span> 
     </span>
    </p>
   </div>
   <div class='ocr_carea' id='block_1_39' title="bbox 309 2440 1895 2514">
    <p class='ocr_par' dir='ltr' id='par_1_39' title="bbox 309 2440 1895 2514">
     <span class='ocr_line' id='line_1_39' title="bbox 309 2440 1895 2514; baseline 0.003 -20"><span class='ocrx_word' id='word_1_288' title='bbox 309 2440 569 2496; x_wconf 91' lang='lat' dir='ltr'><strong>diaconus</strong></span> <span class='ocrx_word' id='word_1_289' title='bbox 608 2456 849 2497; x_wconf 90' lang='lat' dir='ltr'><strong>mensam</strong></span> <span class='ocrx_word' id='word_1_290' title='bbox 877 2441 1067 2497; x_wconf 85' lang='lat' dir='ltr'><strong>altaris</strong></span> <span class='ocrx_word' id='word_1_291' title='bbox 1101 2443 1400 2514; x_wconf 83' lang='lat' dir='ltr'><strong>osculatur.</strong></span> <span class='ocrx_word' id='word_1_292' title='bbox 1445 2444 1581 2513; x_wconf 85' lang='lat' dir='ltr'><strong>Quia</strong></span> <span class='ocrx_word' id='word_1_293' title='bbox 1616 2445 1790 2514; x_wconf 79' lang='lat' dir='ltr'><strong>factus</strong></span> <span class='ocrx_word' id='word_1_294' title='bbox 1818 2455 1895 2499; x_wconf 87' lang='lat' dir='ltr'><strong>est</strong></span> 
     </span>
    </p>
   </div>
   <div class='ocr_carea' id='block_1_40' title="bbox 308 2533 1894 2607">
    <p class='ocr_par' dir='ltr' id='par_1_40' title="bbox 308 2533 1894 2607">
     <span class='ocr_line' id='line_1_40' title="bbox 308 2533 1894 2607; baseline 0.004 -22"><span class='ocrx_word' id='word_1_295' title='bbox 308 2533 632 2603; x_wconf 76' lang='lat' dir='ltr'><strong>principatus</strong></span> <span class='ocrx_word' id='word_1_296' title='bbox 671 2550 828 2604; x_wconf 86' lang='lat' dir='ltr'><strong>super</strong></span> <span class='ocrx_word' id='word_1_297' title='bbox 867 2535 1143 2591; x_wconf 82' lang='lat' dir='ltr'><strong>humerum</strong></span> <span class='ocrx_word' id='word_1_298' title='bbox 1181 2537 1329 2607; x_wconf 89' lang='lat' dir='ltr'><strong>ejus,</strong></span> <span class='ocrx_word' id='word_1_299' title='bbox 1372 2536 1632 2593; x_wconf 87' lang='lat' dir='ltr'><strong>diaconus</strong></span> <span class='ocrx_word' id='word_1_300' title='bbox 1673 2553 1894 2592; x_wconf 90' lang='lat' dir='ltr'><strong>manum</strong></span> 
     </span>
    </p>
   </div>
   <div class='ocr_carea' id='block_1_41' title="bbox 310 2624 905 2696">
    <p class='ocr_par' dir='ltr' id='par_1_41' title="bbox 310 2624 905 2696">
     <span class='ocr_line' id='line_1_41' title="bbox 310 2624 905 2696; baseline 0.007 -18"><span class='ocrx_word' id='word_1_301' title='bbox 310 2624 579 2696; x_wconf 87' lang='lat' dir='ltr'><strong>pontificis</strong></span> <span class='ocrx_word' id='word_1_302' title='bbox 607 2625 905 2682; x_wconf 89' lang='lat' dir='ltr'><strong>osculatur.</strong></span> 
     </span>
    </p>
   </div>
   <div class='ocr_carea' id='block_1_42' title="bbox 381 2712 1892 2790">
    <p class='ocr_par' dir='ltr' id='par_1_42' title="bbox 381 2712 1892 2790">
     <span class='ocr_line' id='line_1_42' title="bbox 381 2712 1892 2790; baseline 0.003 -22"><span class='ocrx_word' id='word_1_303' title='bbox 381 2712 471 2769; x_wconf 75' lang='grc'><strong>16.</strong></span> <span class='ocrx_word' id='word_1_304' title='bbox 495 2712 838 2770; x_wconf 90' lang='lat' dir='ltr'><strong>Sacrificium</strong></span> <span class='ocrx_word' id='word_1_305' title='bbox 871 2716 1036 2786; x_wconf 82' lang='lat' dir='ltr'><strong>igitur</strong></span> <span class='ocrx_word' id='word_1_306' title='bbox 1065 2725 1270 2786; x_wconf 91' lang='lat' dir='ltr'><strong>septem</strong></span> <span class='ocrx_word' id='word_1_307' title='bbox 1304 2718 1518 2774; x_wconf 89' lang='lat' dir='ltr'><strong>vicibus</strong></span> <span class='ocrx_word' id='word_1_308' title='bbox 1565 2721 1812 2790; x_wconf 86' lang='lat' dir='ltr'><strong>signatur</strong></span> <span class='ocrx_word' id='word_1_309' title='bbox 1839 2718 1892 2773; x_wconf 92' lang='lat' dir='ltr'><strong>in</strong></span> 
     </span>
    </p>
   </div>
   <div class='ocr_carea' id='block_1_43' title="bbox 311 2804 1893 2874">
    <p class='ocr_par' dir='ltr' id='par_1_43' title="bbox 311 2804 1893 2874">
     <span class='ocr_line' id='line_1_43' title="bbox 311 2804 1893 2874; baseline 0.002 -16"><span class='ocrx_word' id='word_1_310' title='bbox 311 2816 551 2871; x_wconf 86' lang='lat' dir='ltr'><strong>canone;</strong></span> <span class='ocrx_word' id='word_1_311' title='bbox 591 2804 765 2874; x_wconf 89' lang='lat' dir='ltr'><strong>prima</strong></span> <span class='ocrx_word' id='word_1_312' title='bbox 795 2805 912 2861; x_wconf 89' lang='lat' dir='ltr'><strong>vice</strong></span> <span class='ocrx_word' id='word_1_313' title='bbox 945 2814 1046 2870; x_wconf 89' lang='lat' dir='ltr'><strong>ter,</strong></span> <span class='ocrx_word' id='word_1_314' title='bbox 1071 2806 1163 2861; x_wconf 92' lang='lat' dir='ltr'><strong>ubi</strong></span> <span class='ocrx_word' id='word_1_315' title='bbox 1192 2807 1416 2873; x_wconf 90' lang='lat' dir='ltr'><strong>dicitur,</strong></span> <span class='ocrx_word' id='word_1_316' title='bbox 1441 2809 1553 2863; x_wconf 77' lang='lat' dir='ltr'><strong>lucc</strong></span> <span class='ocrx_word' id='word_1_317' title='bbox 1582 2810 1744 2873; x_wconf 89' lang='lat' dir='ltr'><strong>dona,</strong></span> <span class='ocrx_word' id='word_1_318' title='bbox 1783 2809 1893 2862; x_wconf 66' lang='lat' dir='ltr'><strong>hac</strong></span> 
     </span>
    </p>
   </div>
   <div class='ocr_carea' id='block_1_44' title="bbox 312 2894 1892 2968">
    <p class='ocr_par' dir='ltr' id='par_1_44' title="bbox 312 2894 1892 2968">
     <span class='ocr_line' id='line_1_44' title="bbox 312 2894 1892 2968; baseline 0.003 -20"><span class='ocrx_word' id='word_1_319' title='bbox 312 2908 550 2958; x_wconf 84' lang='lat' dir='ltr'><strong>munera,</strong></span> <span class='ocrx_word' id='word_1_320' title='bbox 579 2894 690 2949; x_wconf 66' lang='lat' dir='ltr'><strong>haec</strong></span> <span class='ocrx_word' id='word_1_321' title='bbox 716 2906 899 2949; x_wconf 87' lang='lat' dir='ltr'><strong>sancta</strong></span> <span class='ocrx_word' id='word_1_322' title='bbox 921 2897 1180 2965; x_wconf 82' lang='lat' dir='ltr'><strong>sacriﬁcia</strong></span> <span class='ocrx_word' id='word_1_323' title='bbox 1204 2897 1409 2951; x_wconf 82' lang='lat' dir='ltr'><strong>illibata</strong></span> <span class='ocrx_word' id='word_1_324' title='bbox 1443 2907 1662 2968; x_wconf 82' lang='lat' dir='ltr'><strong>propter</strong></span> <span class='ocrx_word' id='word_1_325' title='bbox 1684 2909 1892 2954; x_wconf 88' lang='lat' dir='ltr'><strong>tcrnam</strong></span> 
     </span>
    </p>
   </div>
   <div class='ocr_carea' id='block_1_45' title="bbox 313 2983 1892 3058">
    <p class='ocr_par' dir='ltr' id='par_1_45' title="bbox 313 2983 1892 3058">
     <span class='ocr_line' id='line_1_45' title="bbox 313 2983 1892 3058; baseline 0.004 -20"><span class='ocrx_word' id='word_1_326' title='bbox 313 2983 518 3039; x_wconf 83' lang='lat' dir='ltr'><strong>Christi</strong></span> <span class='ocrx_word' id='word_1_327' title='bbox 561 2985 1072 3058; x_wconf 76' lang='lat' dir='ltr'><strong>traditionem,qu:e</strong></span> <span class='ocrx_word' id='word_1_328' title='bbox 1093 2987 1234 3042; x_wconf 88' lang='lat' dir='ltr'><strong>facta</strong></span> <span class='ocrx_word' id='word_1_329' title='bbox 1255 2998 1340 3043; x_wconf 86' lang='lat' dir='ltr'><strong>est</strong></span> <span class='ocrx_word' id='word_1_330' title='bbox 1369 2989 1437 3045; x_wconf 89' lang='lat' dir='ltr'><strong>de</strong></span> <span class='ocrx_word' id='word_1_331' title='bbox 1455 3002 1521 3044; x_wconf 91' lang='lat' dir='ltr'><strong>eo</strong></span> <span class='ocrx_word' id='word_1_332' title='bbox 1545 3006 1575 3042; x_wconf 90' lang='lat' dir='ltr'><strong>a</strong></span> <span class='ocrx_word' id='word_1_333' title='bbox 1618 2988 1757 3044; x_wconf 68' lang='lat' dir='ltr'><strong>Iuda</strong></span> <span class='ocrx_word' id='word_1_334' title='bbox 1785 2999 1839 3045; x_wconf 87' lang='lat' dir='ltr'><strong>et</strong></span> <span class='ocrx_word' id='word_1_335' title='bbox 1861 3007 1892 3044; x_wconf 91' lang='lat' dir='ltr'><strong>a</strong></span> 
     </span>
    </p>
   </div>
   <div class='ocr_carea' id='block_1_46' title="bbox 313 3066 1895 3149">
    <p class='ocr_par' dir='ltr' id='par_1_46' title="bbox 313 3066 1895 3149">
     <span class='ocr_line' id='line_1_46' title="bbox 313 3066 1895 3149; baseline 0.005 -24"><span class='ocrx_word' id='word_1_336' title='bbox 313 3070 532 3128; x_wconf 59' lang='lat' dir='ltr'><strong>ludatis.</strong></span> <span class='ocrx_word' id='word_1_337' title='bbox 565 3071 813 3130; x_wconf 91' lang='lat' dir='ltr'><strong>Secunda</strong></span> <span class='ocrx_word' id='word_1_338' title='bbox 850 3076 970 3132; x_wconf 82' lang='lat' dir='ltr'><strong>vice</strong></span> <span class='ocrx_word' id='word_1_339' title='bbox 996 3066 1310 3146; x_wconf 86' lang='lat' dir='ltr'><strong>quinquies,</strong></span> <span class='ocrx_word' id='word_1_340' title='bbox 1349 3079 1439 3133; x_wconf 89' lang='lat' dir='ltr'><strong>ubi</strong></span> <span class='ocrx_word' id='word_1_341' title='bbox 1470 3079 1669 3133; x_wconf 79' lang='lat' dir='ltr'><strong>dicitur</strong></span> <span class='ocrx_word' id='word_1_342' title='bbox 1702 3096 1895 3149; x_wconf 87' lang='lat' dir='ltr'><strong>:quum</strong></span> 
     </span>
    </p>
   </div>
   <div class='ocr_carea' id='block_1_47' title="bbox 314 3162 1896 3240">
    <p class='ocr_par' dir='ltr' id='par_1_47' title="bbox 314 3162 1896 3240">
     <span class='ocr_line' id='line_1_47' title="bbox 314 3162 1896 3240; baseline 0.004 -22"><span class='ocrx_word' id='word_1_343' title='bbox 314 3162 628 3220; x_wconf 82' lang='lat' dir='ltr'><strong>ablutionem</strong></span> <span class='ocrx_word' id='word_1_344' title='bbox 651 3176 731 3236; x_wconf 89' lang='lat' dir='ltr'><strong>tu,</strong></span> <span class='ocrx_word' id='word_1_345' title='bbox 759 3168 919 3235; x_wconf 85' lang='lat' dir='ltr'><strong>Deus,</strong></span> <span class='ocrx_word' id='word_1_346' title='bbox 947 3169 1176 3240; x_wconf 82' lang='lat' dir='ltr'><strong>digneris</strong></span> <span class='ocrx_word' id='word_1_347' title='bbox 1202 3170 1376 3240; x_wconf 73' lang='lat' dir='ltr'><strong>facere</strong></span> <span class='ocrx_word' id='word_1_348' title='bbox 1411 3170 1760 3236; x_wconf 84' lang='lat' dir='ltr'><strong>benedictum,</strong></span> <span class='ocrx_word' id='word_1_349' title='bbox 1789 3185 1896 3224; x_wconf 83' lang='lat' dir='ltr'><strong>.as-</strong></span> 
     </span>
    </p>
   </div>
   <div class='ocr_carea' id='block_1_48' title="bbox 313 3240 1967 3331">
    <p class='ocr_par' dir='ltr' id='par_1_48' title="bbox 313 3240 1967 3331">
     <span class='ocr_line' id='line_1_48' title="bbox 313 3240 1967 3331; baseline 0.007 -27"><span class='ocrx_word' id='word_1_350' title='bbox 313 3253 532 3323; x_wconf 88' lang='lat' dir='ltr'><strong>criptam</strong></span> <span class='ocrx_word' id='word_1_351' title='bbox 556 3265 605 3311; x_wconf 88' lang='lat' dir='ltr'><strong>et</strong></span> <span class='ocrx_word' id='word_1_352' title='bbox 634 3266 826 3324; x_wconf 90' lang='lat' dir='ltr'><strong>rutam,</strong></span> <span class='ocrx_word' id='word_1_353' title='bbox 858 3269 914 3313; x_wconf 93' lang='lat' dir='ltr'><strong>ut</strong></span> <span class='ocrx_word' id='word_1_354' title='bbox 944 3259 1044 3329; x_wconf 80' lang='lat' dir='ltr'><strong>ﬁat</strong></span> <span class='ocrx_word' id='word_1_355' title='bbox 1065 3276 1252 3330; x_wconf 89' lang='lat' dir='ltr'><strong>corpus</strong></span> <span class='ocrx_word' id='word_1_356' title='bbox 1282 3270 1330 3315; x_wconf 87' lang='lat' dir='ltr'><strong>et</strong></span> <span class='ocrx_word' id='word_1_357' title='bbox 1369 3261 1621 3331; x_wconf 82' lang='lat' dir='ltr'><strong>sanguis;</strong></span> <span class='ocrx_word' id='word_1_358' title='bbox 1672 3270 1896 3330; x_wconf 89' lang='lat' dir='ltr'><strong>propter</strong></span> <span class='ocrx_word' id='word_1_359' title='bbox 1922 3240 1967 3304; x_wconf 70' lang='grc' dir='ltr'>Ο</span> 
     </span>
    </p>
   </div>
   <div class='ocr_carea' id='block_1_49' title="bbox 314 3347 1900 3425">
    <p class='ocr_par' dir='ltr' id='par_1_49' title="bbox 314 3347 1900 3425">
     <span class='ocr_line' id='line_1_49' title="bbox 314 3347 1900 3425; baseline 0.004 -23"><span class='ocrx_word' id='word_1_360' title='bbox 314 3347 556 3420; x_wconf 86' lang='lat' dir='ltr'><strong>quinque</strong></span> <span class='ocrx_word' id='word_1_361' title='bbox 585 3361 770 3420; x_wconf 90' lang='lat' dir='ltr'><strong>partes</strong></span> <span class='ocrx_word' id='word_1_362' title='bbox 800 3353 1122 3417; x_wconf 89' lang='lat' dir='ltr'><strong>venditoris,</strong></span> <span class='ocrx_word' id='word_1_363' title='bbox 1147 3353 1243 3409; x_wconf 89' lang='lat' dir='ltr'><strong>sed</strong></span> <span class='ocrx_word' id='word_1_364' title='bbox 1270 3361 1326 3408; x_wconf 90' lang='lat' dir='ltr'><strong>et</strong></span> <span class='ocrx_word' id='word_1_365' title='bbox 1352 3353 1561 3410; x_wconf 88' lang='lat' dir='ltr'><strong>venditi</strong></span> <span class='ocrx_word' id='word_1_366' title='bbox 1592 3364 1649 3409; x_wconf 90' lang='lat' dir='ltr'><strong>et</strong></span> <span class='ocrx_word' id='word_1_367' title='bbox 1684 3363 1900 3425; x_wconf 90' lang='lat' dir='ltr'><strong>empto-</strong></span> 
     </span>
    </p>
   </div>
   <div class='ocr_carea' id='block_1_50' title="bbox 311 3441 1898 3510">
    <p class='ocr_par' dir='ltr' id='par_1_50' title="bbox 311 3441 1898 3510">
     <span class='ocr_line' id='line_1_50' title="bbox 311 3441 1898 3510; baseline 0.005 -16"><span class='ocrx_word' id='word_1_368' title='bbox 311 3456 462 3508; x_wconf 84' lang='lat' dir='ltr'><strong>rum,</strong></span> <span class='ocrx_word' id='word_1_369' title='bbox 493 3441 743 3500; x_wconf 88' lang='lat' dir='ltr'><strong>videlicet</strong></span> <span class='ocrx_word' id='word_1_370' title='bbox 775 3443 1146 3510; x_wconf 84' lang='lat' dir='ltr'><strong>sacerdotum,</strong></span> <span class='ocrx_word' id='word_1_371' title='bbox 1177 3443 1492 3501; x_wconf 83' lang='lat' dir='ltr'><strong>Scribarum</strong></span> <span class='ocrx_word' id='word_1_372' title='bbox 1520 3453 1576 3501; x_wconf 88' lang='lat' dir='ltr'><strong>et</strong></span> <span class='ocrx_word' id='word_1_373' title='bbox 1599 3445 1898 3502; x_wconf 68' lang='lat' dir='ltr'><strong>Pharisteo-</strong></span> 
     </span>
    </p>
   </div>
   <div class='ocr_carea' id='block_1_51' title="bbox 312 3537 1894 3609">
    <p class='ocr_par' dir='ltr' id='par_1_51' title="bbox 312 3537 1894 3609">
     <span class='ocr_line' id='line_1_51' title="bbox 312 3537 1894 3609; baseline 0.003 -19"><span class='ocrx_word' id='word_1_374' title='bbox 312 3551 454 3591; x_wconf 88' lang='lat' dir='ltr'><strong>rum.</strong></span> <span class='ocrx_word' id='word_1_375' title='bbox 497 3537 680 3593; x_wconf 88' lang='lat' dir='ltr'><strong>Tertia</strong></span> <span class='ocrx_word' id='word_1_376' title='bbox 719 3538 838 3593; x_wconf 86' lang='lat' dir='ltr'><strong>vice</strong></span> <span class='ocrx_word' id='word_1_377' title='bbox 886 3538 990 3604; x_wconf 90' lang='lat' dir='ltr'><strong>bis,</strong></span> <span class='ocrx_word' id='word_1_378' title='bbox 1022 3539 1112 3593; x_wconf 89' lang='lat' dir='ltr'><strong>ubi</strong></span> <span class='ocrx_word' id='word_1_379' title='bbox 1137 3538 1353 3604; x_wconf 89' lang='lat' dir='ltr'><strong>dicitur,</strong></span> <span class='ocrx_word' id='word_1_380' title='bbox 1382 3539 1644 3609; x_wconf 80' lang='lat' dir='ltr'><strong>accipiens</strong></span> <span class='ocrx_word' id='word_1_381' title='bbox 1686 3554 1894 3609; x_wconf 89' lang='lat' dir='ltr'><strong>panem,</strong></span> 
     </span>
    </p>
   </div>
   <div class='ocr_carea' id='block_1_52' title="bbox 312 3627 1898 3702">
    <p class='ocr_par' dir='ltr' id='par_1_52' title="bbox 312 3627 1898 3702">
     <span class='ocr_line' id='line_1_52' title="bbox 312 3627 1898 3702; baseline 0.001 -22"><span class='ocrx_word' id='word_1_382' title='bbox 312 3627 573 3682; x_wconf 76' lang='lat' dir='ltr'><strong>benedixit</strong></span> <span class='ocrx_word' id='word_1_383' title='bbox 600 3639 648 3684; x_wconf 87' lang='lat' dir='ltr'><strong>et</strong></span> <span class='ocrx_word' id='word_1_384' title='bbox 672 3629 844 3699; x_wconf 80' lang='lat' dir='ltr'><strong>fregit.</strong></span> <span class='ocrx_word' id='word_1_385' title='bbox 874 3628 1132 3686; x_wconf 83' lang='lat' dir='ltr'><strong>Similiter</strong></span> <span class='ocrx_word' id='word_1_386' title='bbox 1157 3639 1205 3684; x_wconf 88' lang='lat' dir='ltr'><strong>et</strong></span> <span class='ocrx_word' id='word_1_387' title='bbox 1230 3631 1368 3684; x_wconf 85' lang='lat' dir='ltr'><strong>hunc</strong></span> <span class='ocrx_word' id='word_1_388' title='bbox 1407 3629 1724 3702; x_wconf 75' lang='lat' dir='ltr'><strong>praeclarum</strong></span> <span class='ocrx_word' id='word_1_389' title='bbox 1769 3629 1898 3684; x_wconf 88' lang='lat' dir='ltr'><strong>cali-</strong></span> 
     </span>
    </p>
   </div>
   <div class='ocr_carea' id='block_1_53' title="bbox 312 3721 1894 3792">
    <p class='ocr_par' dir='ltr' id='par_1_53' title="bbox 312 3721 1894 3792">
     <span class='ocr_line' id='line_1_53' title="bbox 312 3721 1894 3792; baseline 0.001 -20"><span class='ocrx_word' id='word_1_390' title='bbox 312 3734 444 3782; x_wconf 85' lang='lat' dir='ltr'><strong>cem,</strong></span> <span class='ocrx_word' id='word_1_391' title='bbox 481 3721 677 3791; x_wconf 84' lang='lat' dir='ltr'><strong>gratias</strong></span> <span class='ocrx_word' id='word_1_392' title='bbox 699 3737 879 3791; x_wconf 82' lang='lat' dir='ltr'><strong>agens,</strong></span> <span class='ocrx_word' id='word_1_393' title='bbox 902 3721 1181 3784; x_wconf 71' lang='lat' dir='ltr'><strong>benedixit,</strong></span> <span class='ocrx_word' id='word_1_394' title='bbox 1213 3731 1435 3792; x_wconf 85' lang='lat' dir='ltr'><strong>propter</strong></span> <span class='ocrx_word' id='word_1_395' title='bbox 1461 3721 1894 3776; x_wconf 81' lang='lat' dir='ltr'><strong>benedictionem</strong></span> 
     </span>
    </p>
   </div>
   <div class='ocr_carea' id='block_1_54' title="bbox 313 3809 1900 3881">
    <p class='ocr_par' dir='ltr' id='par_1_54' title="bbox 313 3809 1900 3881">
     <span class='ocr_line' id='line_1_54' title="bbox 313 3809 1900 3881; baseline 0.003 -19"><span class='ocrx_word' id='word_1_396' title='bbox 313 3809 472 3878; x_wconf 88' lang='lat' dir='ltr'><strong>panis</strong></span> <span class='ocrx_word' id='word_1_397' title='bbox 491 3811 582 3881; x_wconf 88' lang='lat' dir='ltr'><strong>qui</strong></span> <span class='ocrx_word' id='word_1_398' title='bbox 618 3810 1167 3867; x_wconf 86' lang='lat' dir='ltr'><strong>transsubstantiatur</strong></span> <span class='ocrx_word' id='word_1_399' title='bbox 1187 3812 1239 3865; x_wconf 93' lang='lat' dir='ltr'><strong>in</strong></span> <span class='ocrx_word' id='word_1_400' title='bbox 1271 3826 1514 3878; x_wconf 90' lang='lat' dir='ltr'><strong>carnem,</strong></span> <span class='ocrx_word' id='word_1_401' title='bbox 1537 3822 1593 3867; x_wconf 88' lang='lat' dir='ltr'><strong>et</strong></span> <span class='ocrx_word' id='word_1_402' title='bbox 1616 3811 1728 3866; x_wconf 92' lang='lat' dir='ltr'><strong>vini</strong></span> <span class='ocrx_word' id='word_1_403' title='bbox 1756 3812 1900 3881; x_wconf 90' lang='lat' dir='ltr'><strong>quod</strong></span> 
     </span>
    </p>
   </div>
   <div class='ocr_carea' id='block_1_55' title="bbox 317 3902 1901 3974">
    <p class='ocr_par' dir='ltr' id='par_1_55' title="bbox 317 3902 1901 3974">
     <span class='ocr_line' id='line_1_55' title="bbox 317 3902 1901 3974; baseline 0.003 -19"><span class='ocrx_word' id='word_1_404' title='bbox 317 3903 874 3959; x_wconf 86' lang='lat' dir='ltr'><strong>transsubstantiatur</strong></span> <span class='ocrx_word' id='word_1_405' title='bbox 894 3903 948 3957; x_wconf 91' lang='lat' dir='ltr'><strong>in</strong></span> <span class='ocrx_word' id='word_1_406' title='bbox 985 3903 1326 3973; x_wconf 85' lang='lat' dir='ltr'><strong>sanguinem.</strong></span> <span class='ocrx_word' id='word_1_407' title='bbox 1362 3902 1568 3970; x_wconf 88' lang='lat' dir='ltr'><strong>Quarta</strong></span> <span class='ocrx_word' id='word_1_408' title='bbox 1595 3905 1714 3960; x_wconf 87' lang='lat' dir='ltr'><strong>vice</strong></span> <span class='ocrx_word' id='word_1_409' title='bbox 1744 3904 1901 3974; x_wconf 85' lang='lat' dir='ltr'><strong>quin-</strong></span> 
     </span>
    </p>
   </div>
   <div class='ocr_carea' id='block_1_56' title="bbox 312 3995 1897 4065">
    <p class='ocr_par' dir='ltr' id='par_1_56' title="bbox 312 3995 1897 4065">
     <span class='ocr_line' id='line_1_56' title="bbox 312 3995 1897 4065; baseline 0.003 -17"><span class='ocrx_word' id='word_1_410' title='bbox 312 3995 492 4064; x_wconf 79' lang='lat' dir='ltr'><strong>quies,</strong></span> <span class='ocrx_word' id='word_1_411' title='bbox 523 3996 614 4052; x_wconf 86' lang='lat' dir='ltr'><strong>ubi</strong></span> <span class='ocrx_word' id='word_1_412' title='bbox 639 3995 843 4051; x_wconf 83' lang='lat' dir='ltr'><strong>dicitur</strong></span> <span class='ocrx_word' id='word_1_413' title='bbox 867 4013 882 4050; x_wconf 86' lang='lat'><strong>:</strong></span> <span class='ocrx_word' id='word_1_414' title='bbox 908 3996 1134 4050; x_wconf 85' lang='lat' dir='ltr'><strong>hostium</strong></span> <span class='ocrx_word' id='word_1_415' title='bbox 1161 4012 1371 4064; x_wconf 83' lang='lat' dir='ltr'><strong>purum,</strong></span> <span class='ocrx_word' id='word_1_416' title='bbox 1393 3996 1617 4050; x_wconf 85' lang='lat' dir='ltr'><strong>hostium</strong></span> <span class='ocrx_word' id='word_1_417' title='bbox 1639 4009 1897 4065; x_wconf 87' lang='lat' dir='ltr'><strong>sanctum,</strong></span> 
     </span>
    </p>
   </div>
   <div class='ocr_carea' id='block_1_57' title="bbox 316 4085 1899 4157">
    <p class='ocr_par' dir='ltr' id='par_1_57' title="bbox 316 4085 1899 4157">
     <span class='ocr_line' id='line_1_57' title="bbox 316 4085 1899 4157; baseline 0.003 -17"><span class='ocrx_word' id='word_1_418' title='bbox 316 4085 544 4142; x_wconf 76' lang='lat' dir='ltr'><strong>hostium</strong></span> <span class='ocrx_word' id='word_1_419' title='bbox 575 4087 994 4154; x_wconf 87' lang='lat' dir='ltr'><strong>immaculatum,</strong></span> <span class='ocrx_word' id='word_1_420' title='bbox 1022 4103 1208 4157; x_wconf 87' lang='lat' dir='ltr'><strong>panem</strong></span> <span class='ocrx_word' id='word_1_421' title='bbox 1233 4098 1475 4141; x_wconf 81' lang='lat' dir='ltr'><strong>sanctum</strong></span> <span class='ocrx_word' id='word_1_422' title='bbox 1524 4089 1643 4142; x_wconf 80' lang='lat' dir='ltr'><strong>rita:</strong></span> <span class='ocrx_word' id='word_1_423' title='bbox 1688 4099 1899 4144; x_wconf 67' lang='lat' dir='ltr'><strong>aeternae</strong></span> 
     </span>
    </p>
   </div>
   <div class='ocr_carea' id='block_1_58' title="bbox 312 4175 1898 4248">
    <p class='ocr_par' dir='ltr' id='par_1_58' title="bbox 312 4175 1898 4248">
     <span class='ocr_line' id='line_1_58' title="bbox 312 4175 1898 4248; baseline 0.002 -18"><span class='ocrx_word' id='word_1_424' title='bbox 312 4185 362 4231; x_wconf 90' lang='lat' dir='ltr'><strong>ct</strong></span> <span class='ocrx_word' id='word_1_425' title='bbox 401 4175 618 4232; x_wconf 85' lang='lat' dir='ltr'><strong>calicem</strong></span> <span class='ocrx_word' id='word_1_426' title='bbox 645 4176 834 4232; x_wconf 86' lang='lat' dir='ltr'><strong>salutis</strong></span> <span class='ocrx_word' id='word_1_427' title='bbox 856 4186 1137 4246; x_wconf 65' lang='lat' dir='ltr'><strong>perpetuat,</strong></span> <span class='ocrx_word' id='word_1_428' title='bbox 1167 4186 1389 4248; x_wconf 84' lang='lat' dir='ltr'><strong>propter</strong></span> <span class='ocrx_word' id='word_1_429' title='bbox 1411 4178 1652 4248; x_wconf 89' lang='lat' dir='ltr'><strong>quinque</strong></span> <span class='ocrx_word' id='word_1_430' title='bbox 1683 4179 1898 4234; x_wconf 90' lang='lat' dir='ltr'><strong>Domini</strong></span> 
     </span>
    </p>
   </div>
   <div class='ocr_carea' id='block_1_59' title="bbox 313 4267 1900 4340">
    <p class='ocr_par' dir='ltr' id='par_1_59' title="bbox 313 4267 1900 4340">
     <span class='ocr_line' id='line_1_59' title="bbox 313 4267 1900 4340; baseline 0.002 -20"><span class='ocrx_word' id='word_1_431' title='bbox 313 4267 519 4340; x_wconf 78' lang='lat' dir='ltr'><strong>plagas.</strong></span> <span class='ocrx_word' id='word_1_432' title='bbox 548 4268 746 4336; x_wconf 89' lang='lat' dir='ltr'><strong>Quinta</strong></span> <span class='ocrx_word' id='word_1_433' title='bbox 799 4269 920 4324; x_wconf 86' lang='lat' dir='ltr'><strong>vice</strong></span> <span class='ocrx_word' id='word_1_434' title='bbox 965 4270 1069 4335; x_wconf 88' lang='lat' dir='ltr'><strong>bis,</strong></span> <span class='ocrx_word' id='word_1_435' title='bbox 1121 4268 1213 4324; x_wconf 84' lang='lat' dir='ltr'><strong>ubi</strong></span> <span class='ocrx_word' id='word_1_436' title='bbox 1243 4269 1462 4335; x_wconf 91' lang='lat' dir='ltr'><strong>dicitur,</strong></span> <span class='ocrx_word' id='word_1_437' title='bbox 1506 4279 1900 4323; x_wconf 86' lang='lat' dir='ltr'><strong>sacrosanctum</strong></span> 
     </span>
    </p>
   </div>
   <div class='ocr_carea' id='block_1_60' title="bbox 312 4361 1895 4431">
    <p class='ocr_par' dir='ltr' id='par_1_60' title="bbox 312 4361 1895 4431">
     <span class='ocr_line' id='line_1_60' title="bbox 312 4361 1895 4431; baseline 0.002 -20"><span class='ocrx_word' id='word_1_438' title='bbox 312 4375 501 4429; x_wconf 85' lang='lat' dir='ltr'><strong>corpus</strong></span> <span class='ocrx_word' id='word_1_439' title='bbox 522 4370 569 4413; x_wconf 88' lang='lat' dir='ltr'><strong>et</strong></span> <span class='ocrx_word' id='word_1_440' title='bbox 591 4376 918 4430; x_wconf 75' lang='lat' dir='ltr'><strong>sanguinem,</strong></span> <span class='ocrx_word' id='word_1_441' title='bbox 950 4369 1174 4430; x_wconf 89' lang='lat' dir='ltr'><strong>propter</strong></span> <span class='ocrx_word' id='word_1_442' title='bbox 1205 4361 1418 4415; x_wconf 87' lang='lat' dir='ltr'><strong>vincula</strong></span> <span class='ocrx_word' id='word_1_443' title='bbox 1458 4362 1511 4415; x_wconf 89' lang='lat' dir='ltr'><strong>in</strong></span> <span class='ocrx_word' id='word_1_444' title='bbox 1535 4361 1734 4430; x_wconf 84' lang='lat' dir='ltr'><strong>quibus</strong></span> <span class='ocrx_word' id='word_1_445' title='bbox 1759 4361 1895 4431; x_wconf 83' lang='lat' dir='ltr'><strong>liga-</strong></span> 
     </span>
    </p>
   </div>
   <div class='ocr_carea' id='block_1_61' title="bbox 315 4450 1896 4522">
    <p class='ocr_par' dir='ltr' id='par_1_61' title="bbox 315 4450 1896 4522">
     <span class='ocr_line' id='line_1_61' title="bbox 315 4450 1896 4522; baseline 0.003 -21"><span class='ocrx_word' id='word_1_446' title='bbox 315 4461 431 4503; x_wconf 86' lang='lat' dir='ltr'><strong>tum</strong></span> <span class='ocrx_word' id='word_1_447' title='bbox 459 4459 544 4505; x_wconf 84' lang='lat' dir='ltr'><strong>est</strong></span> <span class='ocrx_word' id='word_1_448' title='bbox 573 4466 789 4521; x_wconf 88' lang='lat' dir='ltr'><strong>corpus,</strong></span> <span class='ocrx_word' id='word_1_449' title='bbox 817 4461 872 4506; x_wconf 90' lang='lat' dir='ltr'><strong>et</strong></span> <span class='ocrx_word' id='word_1_450' title='bbox 892 4450 1099 4521; x_wconf 83' lang='lat' dir='ltr'><strong>ﬂagella</strong></span> <span class='ocrx_word' id='word_1_451' title='bbox 1123 4452 1320 4521; x_wconf 90' lang='lat' dir='ltr'><strong>quibus</strong></span> <span class='ocrx_word' id='word_1_452' title='bbox 1348 4451 1514 4507; x_wconf 89' lang='lat' dir='ltr'><strong>elisus</strong></span> <span class='ocrx_word' id='word_1_453' title='bbox 1537 4461 1620 4506; x_wconf 89' lang='lat' dir='ltr'><strong>est</strong></span> <span class='ocrx_word' id='word_1_454' title='bbox 1657 4452 1896 4522; x_wconf 82' lang='lat' dir='ltr'><strong>sanguis.</strong></span> 
     </span>
    </p>
   </div>
   <div class='ocr_carea' id='block_1_62' title="bbox 315 4540 1900 4612">
    <p class='ocr_par' dir='ltr' id='par_1_62' title="bbox 315 4540 1900 4612">
     <span class='ocr_line' id='line_1_62' title="bbox 315 4540 1900 4612; baseline 0.001 -17"><span class='ocrx_word' id='word_1_455' title='bbox 315 4540 480 4595; x_wconf 85' lang='lat' dir='ltr'><strong>Sexta</strong></span> <span class='ocrx_word' id='word_1_456' title='bbox 509 4542 626 4596; x_wconf 86' lang='lat' dir='ltr'><strong>vice</strong></span> <span class='ocrx_word' id='word_1_457' title='bbox 655 4550 756 4607; x_wconf 91' lang='lat' dir='ltr'><strong>ter,</strong></span> <span class='ocrx_word' id='word_1_458' title='bbox 787 4542 878 4597; x_wconf 91' lang='lat' dir='ltr'><strong>ubi</strong></span> <span class='ocrx_word' id='word_1_459' title='bbox 908 4542 1125 4603; x_wconf 84' lang='lat' dir='ltr'><strong>dicitur,</strong></span> <span class='ocrx_word' id='word_1_460' title='bbox 1153 4542 1477 4610; x_wconf 84' lang='lat' dir='ltr'><strong>suncti/icus,</strong></span> <span class='ocrx_word' id='word_1_461' title='bbox 1522 4543 1772 4612; x_wconf 78' lang='lat' dir='ltr'><strong>uiuiﬁcus,</strong></span> <span class='ocrx_word' id='word_1_462' title='bbox 1817 4543 1900 4596; x_wconf 84' lang='lat' dir='ltr'><strong>be-</strong></span> 
     </span>
    </p>
   </div>
   <div class='ocr_carea' id='block_1_63' title="bbox 317 4631 1898 4701">
    <p class='ocr_par' dir='ltr' id='par_1_63' title="bbox 317 4631 1898 4701">
     <span class='ocr_line' id='line_1_63' title="bbox 317 4631 1898 4701; baseline 0.004 -19"><span class='ocrx_word' id='word_1_463' title='bbox 317 4631 534 4695; x_wconf 87' lang='lat' dir='ltr'><strong>netlicis,</strong></span> <span class='ocrx_word' id='word_1_464' title='bbox 582 4640 804 4701; x_wconf 85' lang='lat' dir='ltr'><strong>propter</strong></span> <span class='ocrx_word' id='word_1_465' title='bbox 850 4631 1256 4688; x_wconf 88' lang='lat' dir='ltr'><strong>crucifixionem</strong></span> <span class='ocrx_word' id='word_1_466' title='bbox 1292 4647 1412 4701; x_wconf 57' lang='lat' dir='ltr'><strong>quae</strong></span> <span class='ocrx_word' id='word_1_467' title='bbox 1462 4632 1601 4688; x_wconf 90' lang='lat' dir='ltr'><strong>facta</strong></span> <span class='ocrx_word' id='word_1_468' title='bbox 1639 4641 1723 4688; x_wconf 88' lang='lat' dir='ltr'><strong>est</strong></span> <span class='ocrx_word' id='word_1_469' title='bbox 1767 4634 1898 4688; x_wconf 87' lang='lat' dir='ltr'><strong>hora</strong></span> 
     </span>
    </p>
   </div>
   <div class='ocr_carea' id='block_1_64' title="bbox 317 4721 1896 4795">
    <p class='ocr_par' dir='ltr' id='par_1_64' title="bbox 317 4721 1896 4795">
     <span class='ocr_line' id='line_1_64' title="bbox 317 4721 1896 4795; baseline 0.001 -20"><span class='ocrx_word' id='word_1_470' title='bbox 317 4723 474 4776; x_wconf 81' lang='lat' dir='ltr'><strong>tertia</strong></span> <span class='ocrx_word' id='word_1_471' title='bbox 506 4722 703 4793; x_wconf 88' lang='lat' dir='ltr'><strong>linguis</strong></span> <span class='ocrx_word' id='word_1_472' title='bbox 725 4721 1034 4778; x_wconf 58' lang='lat' dir='ltr'><strong>Iudaeorum</strong></span> <span class='ocrx_word' id='word_1_473' title='bbox 1071 4724 1425 4778; x_wconf 83' lang='lat' dir='ltr'><strong>clamantium</strong></span> <span class='ocrx_word' id='word_1_474' title='bbox 1457 4733 1541 4780; x_wconf 87' lang='lat' dir='ltr'><strong>ter</strong></span> <span class='ocrx_word' id='word_1_475' title='bbox 1575 4741 1590 4779; x_wconf 89' lang='lat'><strong>:</strong></span> <span class='ocrx_word' id='word_1_476' title='bbox 1617 4724 1896 4795; x_wconf 74' lang='lat' dir='ltr'><strong>Cruci/iga.</strong></span> 
     </span>
    </p>
   </div>
   <div class='ocr_carea' id='block_1_65' title="bbox 318 4811 1900 4883">
    <p class='ocr_par' dir='ltr' id='par_1_65' title="bbox 318 4811 1900 4883">
     <span class='ocr_line' id='line_1_65' title="bbox 318 4811 1900 4883; baseline 0.003 -21"><span class='ocrx_word' id='word_1_477' title='bbox 318 4811 561 4881; x_wconf 82' lang='lat' dir='ltr'><strong>Septima</strong></span> <span class='ocrx_word' id='word_1_478' title='bbox 595 4812 710 4867; x_wconf 88' lang='lat' dir='ltr'><strong>vice</strong></span> <span class='ocrx_word' id='word_1_479' title='bbox 738 4812 1050 4881; x_wconf 85' lang='lat' dir='ltr'><strong>quinquies,</strong></span> <span class='ocrx_word' id='word_1_480' title='bbox 1081 4812 1171 4866; x_wconf 88' lang='lat' dir='ltr'><strong>ubi</strong></span> <span class='ocrx_word' id='word_1_481' title='bbox 1225 4811 1446 4878; x_wconf 87' lang='lat' dir='ltr'><strong>dicitur,</strong></span> <span class='ocrx_word' id='word_1_482' title='bbox 1500 4830 1593 4883; x_wconf 81' lang='lat' dir='ltr'><strong>per</strong></span> <span class='ocrx_word' id='word_1_483' title='bbox 1626 4814 1821 4882; x_wconf 87' lang='lat' dir='ltr'><strong>ipsum,</strong></span> <span class='ocrx_word' id='word_1_484' title='bbox 1852 4824 1900 4868; x_wconf 89' lang='lat' dir='ltr'><strong>et</strong></span> 
     </span>
    </p>
   </div>
   <div class='ocr_carea' id='block_1_66' title="bbox 314 4906 1901 4978">
    <p class='ocr_par' dir='ltr' id='par_1_66' title="bbox 314 4906 1901 4978">
     <span class='ocr_line' id='line_1_66' title="bbox 314 4906 1901 4978; baseline 0.001 -19"><span class='ocrx_word' id='word_1_485' title='bbox 314 4923 433 4960; x_wconf 77' lang='lat' dir='ltr'><strong>cum</strong></span> <span class='ocrx_word' id='word_1_486' title='bbox 465 4908 600 4975; x_wconf 87' lang='lat' dir='ltr'><strong>ipso,</strong></span> <span class='ocrx_word' id='word_1_487' title='bbox 630 4918 676 4961; x_wconf 88' lang='lat' dir='ltr'><strong>et</strong></span> <span class='ocrx_word' id='word_1_488' title='bbox 713 4907 764 4961; x_wconf 88' lang='lat' dir='ltr'><strong>in</strong></span> <span class='ocrx_word' id='word_1_489' title='bbox 790 4908 922 4978; x_wconf 84' lang='lat' dir='ltr'><strong>ipso,</strong></span> <span class='ocrx_word' id='word_1_490' title='bbox 956 4907 1049 4959; x_wconf 86' lang='lat' dir='ltr'><strong>tibi</strong></span> <span class='ocrx_word' id='word_1_491' title='bbox 1087 4906 1195 4959; x_wconf 85' lang='lat' dir='ltr'><strong>Deo</strong></span> <span class='ocrx_word' id='word_1_492' title='bbox 1254 4906 1396 4976; x_wconf 87' lang='lat' dir='ltr'><strong>patri</strong></span> <span class='ocrx_word' id='word_1_493' title='bbox 1453 4907 1794 4977; x_wconf 86' lang='lat' dir='ltr'><strong>omnipotenti</strong></span> <span class='ocrx_word' id='word_1_494' title='bbox 1845 4907 1901 4960; x_wconf 87' lang='lat' dir='ltr'><strong>in</strong></span> 
     </span>
    </p>
   </div>
   <div class='ocr_carea' id='block_1_67' title="bbox 323 4994 1902 5070">
    <p class='ocr_par' dir='ltr' id='par_1_67' title="bbox 323 4994 1902 5070">
     <span class='ocr_line' id='line_1_67' title="bbox 323 4994 1902 5070; baseline -0.001 -17"><span class='ocrx_word' id='word_1_495' title='bbox 323 4999 523 5053; x_wconf 84' lang='lat' dir='ltr'><strong>unitate</strong></span> <span class='ocrx_word' id='word_1_496' title='bbox 551 4998 782 5068; x_wconf 84' lang='lat' dir='ltr'><strong>Spiritus</strong></span> <span class='ocrx_word' id='word_1_497' title='bbox 827 4999 1022 5062; x_wconf 84' lang='lat' dir='ltr'><strong>sancti,</strong></span> <span class='ocrx_word' id='word_1_498' title='bbox 1072 5007 1154 5053; x_wconf 89' lang='lat' dir='ltr'><strong>ter</strong></span> <span class='ocrx_word' id='word_1_499' title='bbox 1207 5011 1371 5068; x_wconf 90' lang='lat' dir='ltr'><strong>super</strong></span> <span class='ocrx_word' id='word_1_500' title='bbox 1417 4994 1642 5054; x_wconf 88' lang='lat' dir='ltr'><strong>calicem</strong></span> <span class='ocrx_word' id='word_1_501' title='bbox 1679 5008 1902 5070; x_wconf 88' lang='lat' dir='ltr'><strong>propter</strong></span> 
     </span>
    </p>
   </div>
   <div class='ocr_carea' id='block_1_68' title="bbox 318 5087 1896 5161">
    <p class='ocr_par' dir='ltr' id='par_1_68' title="bbox 318 5087 1896 5161">
     <span class='ocr_line' id='line_1_68' title="bbox 318 5087 1896 5161; baseline 0.001 -18"><span class='ocrx_word' id='word_1_502' title='bbox 318 5100 431 5144; x_wconf 89' lang='lat' dir='ltr'><strong>tres</strong></span> <span class='ocrx_word' id='word_1_503' title='bbox 474 5089 748 5144; x_wconf 87' lang='lat' dir='ltr'><strong>cruciatus</strong></span> <span class='ocrx_word' id='word_1_504' title='bbox 793 5103 930 5158; x_wconf 89' lang='lat' dir='ltr'><strong>quos</strong></span> <span class='ocrx_word' id='word_1_505' title='bbox 983 5087 1230 5144; x_wconf 87' lang='lat' dir='ltr'><strong>Christus</strong></span> <span class='ocrx_word' id='word_1_506' title='bbox 1272 5088 1575 5161; x_wconf 87' lang='lat' dir='ltr'><strong>sustinuit,_</strong></span> <span class='ocrx_word' id='word_1_507' title='bbox 1602 5089 1896 5158; x_wconf 86' lang='lat' dir='ltr'><strong>passionis,</strong></span> 
     </span>
    </p>
   </div>
   <div class='ocr_carea' id='block_1_69' title="bbox 317 5179 1894 5250">
    <p class='ocr_par' dir='ltr' id='par_1_69' title="bbox 317 5179 1894 5250">
     <span class='ocr_line' id='line_1_69' title="bbox 317 5179 1894 5250; baseline -0.001 -17"><span class='ocrx_word' id='word_1_508' title='bbox 317 5181 691 5250; x_wconf 75' lang='lat' dir='ltr'><strong>propassionis</strong></span> <span class='ocrx_word' id='word_1_509' title='bbox 716 5190 773 5236; x_wconf 88' lang='lat' dir='ltr'><strong>et</strong></span> <span class='ocrx_word' id='word_1_510' title='bbox 828 5181 1254 5250; x_wconf 87' lang='lat' dir='ltr'><strong>eompassionis;</strong></span> <span class='ocrx_word' id='word_1_511' title='bbox 1286 5189 1342 5236; x_wconf 88' lang='lat' dir='ltr'><strong>et.</strong></span> <span class='ocrx_word' id='word_1_512' title='bbox 1377 5180 1458 5235; x_wconf 93' lang='lat' dir='ltr'><strong>bis</strong></span> <span class='ocrx_word' id='word_1_513' title='bbox 1488 5180 1542 5234; x_wconf 94' lang='lat' dir='ltr'><strong>in</strong></span> <span class='ocrx_word' id='word_1_514' title='bbox 1570 5179 1740 5234; x_wconf 88' lang='lat' dir='ltr'><strong>latere</strong></span> <span class='ocrx_word' id='word_1_515' title='bbox 1761 5180 1894 5234; x_wconf 85' lang='lat' dir='ltr'><strong>cali-</strong></span> 
     </span>
    </p>
   </div>
   <div class='ocr_carea' id='block_1_70' title="bbox 317 5274 1900 5347">
    <p class='ocr_par' dir='ltr' id='par_1_70' title="bbox 317 5274 1900 5347">
     <span class='ocr_line' id='line_1_70' title="bbox 317 5274 1900 5347; baseline -0.001 -18"><span class='ocrx_word' id='word_1_516' title='bbox 317 5277 398 5329; x_wconf 87' lang='lat' dir='ltr'><strong>cis</strong></span> <span class='ocrx_word' id='word_1_517' title='bbox 427 5285 646 5346; x_wconf 90' lang='lat' dir='ltr'><strong>propter</strong></span> <span class='ocrx_word' id='word_1_518' title='bbox 675 5291 871 5347; x_wconf 89' lang='lat' dir='ltr'><strong>aquam</strong></span> <span class='ocrx_word' id='word_1_519' title='bbox 900 5284 954 5331; x_wconf 89' lang='lat' dir='ltr'><strong>et</strong></span> <span class='ocrx_word' id='word_1_520' title='bbox 974 5274 1290 5346; x_wconf 84' lang='lat' dir='ltr'><strong>sanguinem</strong></span> <span class='ocrx_word' id='word_1_521' title='bbox 1325 5275 1415 5344; x_wconf 89' lang='lat' dir='ltr'><strong>qui</strong></span> <span class='ocrx_word' id='word_1_522' title='bbox 1450 5275 1516 5329; x_wconf 91' lang='lat' dir='ltr'><strong>de</strong></span> <span class='ocrx_word' id='word_1_523' title='bbox 1545 5274 1716 5328; x_wconf 89' lang='lat' dir='ltr'><strong>latere</strong></span> <span class='ocrx_word' id='word_1_524' title='bbox 1742 5274 1900 5329; x_wconf 89' lang='lat' dir='ltr'><strong>Chri-</strong></span> 
     </span>
    </p>
   </div>
   <div class='ocr_carea' id='block_1_71' title="bbox 317 5364 1896 5438">
    <p class='ocr_par' dir='ltr' id='par_1_71' title="bbox 317 5364 1896 5438">
     <span class='ocr_line' id='line_1_71' title="bbox 317 5364 1896 5438; baseline -0.003 -16"><span class='ocrx_word' id='word_1_525' title='bbox 317 5369 386 5423; x_wconf 86' lang='lat' dir='ltr'><strong>sti</strong></span> <span class='ocrx_word' id='word_1_526' title='bbox 419 5367 812 5438; x_wconf 86' lang='lat' dir='ltr'><strong>profluxerunt.</strong></span> <span class='ocrx_word' id='word_1_527' title='bbox 853 5367 1000 5422; x_wconf 89' lang='lat' dir='ltr'><strong>lntcr</strong></span> <span class='ocrx_word' id='word_1_528' title='bbox 1027 5366 1124 5420; x_wconf 89' lang='lat' dir='ltr'><strong>has</strong></span> <span class='ocrx_word' id='word_1_529' title='bbox 1155 5376 1361 5436; x_wconf 88' lang='lat' dir='ltr'><strong>septem</strong></span> <span class='ocrx_word' id='word_1_530' title='bbox 1388 5365 1533 5419; x_wconf 87' lang='lat' dir='ltr'><strong>vices</strong></span> <span class='ocrx_word' id='word_1_531' title='bbox 1569 5364 1896 5419; x_wconf 84' lang='lat' dir='ltr'><strong>sacrificium</strong></span> 
     </span>
    </p>
   </div>
   <div class='ocr_carea' id='block_1_72' title="bbox 319 5456 1900 5531">
    <p class='ocr_par' dir='ltr' id='par_1_72' title="bbox 319 5456 1900 5531">
     <span class='ocr_line' id='line_1_72' title="bbox 319 5456 1900 5531; baseline -0.005 -15"><span class='ocrx_word' id='word_1_532' title='bbox 319 5459 567 5531; x_wconf 80' lang='lat' dir='ltr'><strong>signatur</strong></span> <span class='ocrx_word' id='word_1_533' title='bbox 591 5461 802 5516; x_wconf 89' lang='lat' dir='ltr'><strong>duabus</strong></span> <span class='ocrx_word' id='word_1_534' title='bbox 831 5460 1040 5514; x_wconf 91' lang='lat' dir='ltr'><strong>vicibus</strong></span> <span class='ocrx_word' id='word_1_535' title='bbox 1067 5458 1167 5522; x_wconf 90' lang='lat' dir='ltr'><strong>bis,</strong></span> <span class='ocrx_word' id='word_1_536' title='bbox 1198 5467 1254 5512; x_wconf 91' lang='lat' dir='ltr'><strong>et</strong></span> <span class='ocrx_word' id='word_1_537' title='bbox 1296 5458 1468 5512; x_wconf 88' lang='lat' dir='ltr'><strong>tribus</strong></span> <span class='ocrx_word' id='word_1_538' title='bbox 1494 5456 1703 5511; x_wconf 85' lang='lat' dir='ltr'><strong>vicibus</strong></span> <span class='ocrx_word' id='word_1_539' title='bbox 1747 5456 1900 5523; x_wconf 74' lang='lat' dir='ltr'><strong>quin-</strong></span> 
     </span>
    </p>
   </div>
   <div class='ocr_carea' id='block_1_73' title="bbox 317 5547 1901 5622">
    <p class='ocr_par' dir='ltr' id='par_1_73' title="bbox 317 5547 1901 5622">
     <span class='ocr_line' id='line_1_73' title="bbox 317 5547 1901 5622; baseline -0.002 -17"><span class='ocrx_word' id='word_1_540' title='bbox 317 5550 495 5622; x_wconf 90' lang='lat' dir='ltr'><strong>quies,</strong></span> <span class='ocrx_word' id='word_1_541' title='bbox 527 5560 583 5608; x_wconf 90' lang='lat' dir='ltr'><strong>et</strong></span> <span class='ocrx_word' id='word_1_542' title='bbox 607 5551 818 5608; x_wconf 88' lang='lat' dir='ltr'><strong>duabus</strong></span> <span class='ocrx_word' id='word_1_543' title='bbox 851 5551 1059 5606; x_wconf 90' lang='lat' dir='ltr'><strong>vicibus</strong></span> <span class='ocrx_word' id='word_1_544' title='bbox 1082 5557 1204 5615; x_wconf 89' lang='lat' dir='ltr'><strong>ter;</strong></span> <span class='ocrx_word' id='word_1_545' title='bbox 1238 5547 1397 5603; x_wconf 87' lang='lat' dir='ltr'><strong>simul</strong></span> <span class='ocrx_word' id='word_1_546' title='bbox 1444 5548 1698 5603; x_wconf 84' lang='lat' dir='ltr'><strong>omnibus</strong></span> <span class='ocrx_word' id='word_1_547' title='bbox 1743 5547 1901 5618; x_wconf 89' lang='lat' dir='ltr'><strong>quin-</strong></span> 
     </span>
    </p>
   </div>
   <div class='ocr_carea' id='block_1_74' title="bbox 389 5687 970 5760">
    <p class='ocr_par' dir='ltr' id='par_1_74' title="bbox 389 5687 970 5760">
     <span class='ocr_line' id='line_1_74' title="bbox 389 5687 970 5760; baseline -0.003 -18"><span class='ocrx_word' id='word_1_548' title='bbox 389 5687 504 5760; x_wconf 79' lang='lat'><strong>(50)</strong></span> <span class='ocrx_word' id='word_1_549' title='bbox 541 5688 699 5760; x_wconf 70' lang='grc' dir='ltr'><strong>ϐοά..</strong></span> <span class='ocrx_word' id='word_1_550' title='bbox 743 5705 916 5760; x_wconf 81' lang='lat' dir='ltr'><strong>super.</strong></span> <span class='ocrx_word' id='word_1_551' title='bbox 962 5751 970 5758; x_wconf 28' lang='grc' dir='ltr'><em>ι</em></span> 
     </span>
    </p>
   </div>
   <div class='ocr_carea' id='block_1_75' title="bbox 393 5687 1900 5830">
    <p class='ocr_par' dir='ltr' id='par_1_75' title="bbox 393 5687 1900 5830">
     <span class='ocr_line' id='line_1_75' title="bbox 393 5687 1763 5828; baseline -0.006 -86"><span class='ocrx_word' id='word_1_552' title='bbox 393 5687 506 5828; x_wconf 63' lang='grc' dir='ltr'><strong>(5οζ</strong></span> <span class='ocrx_word' id='word_1_553' title='bbox 541 5688 699 5751; x_wconf 88' lang='lat' dir='ltr'><strong>Cod.,</strong></span> <span class='ocrx_word' id='word_1_554' title='bbox 743 5705 916 5760; x_wconf 81' lang='lat' dir='ltr'><strong>super.</strong></span> <span class='ocrx_word' id='word_1_555' title='bbox 962 5751 970 5758; x_wconf 28' lang='grc' dir='ltr'><em>ι</em></span> <span class='ocrx_word' id='word_1_556' title='bbox 1483 5754 1496 5767; x_wconf 49' lang='lat'><em>.</em></span> <span class='ocrx_word' id='word_1_557' title='bbox 1637 5753 1647 5764; x_wconf 42' lang='grc'><strong><em>⁸</em></strong></span> <span class='ocrx_word' id='word_1_558' title='bbox 1753 5754 1763 5764; x_wconf 47' lang='grc'><strong><em>.</em></strong></span> 
     </span>
     <span class='ocr_line' id='line_1_76' title="bbox 393 5754 1900 5830; baseline -0.006 -17"><span class='ocrx_word' id='word_1_559' title='bbox 393 5759 478 5830; x_wconf 82' lang='lat'><strong>(5|</strong></span> <span class='ocrx_word' id='word_1_560' title='bbox 541 5759 633 5813; x_wconf 91' lang='lat' dir='ltr'><strong>Sic</strong></span> <span class='ocrx_word' id='word_1_561' title='bbox 660 5770 714 5813; x_wconf 91' lang='lat' dir='ltr'><strong>et</strong></span> <span class='ocrx_word' id='word_1_562' title='bbox 745 5775 1043 5830; x_wconf 81' lang='lat' dir='ltr'><strong>anonymus</strong></span> <span class='ocrx_word' id='word_1_563' title='bbox 1082 5756 1376 5830; x_wconf 82' lang='lat' dir='ltr'><strong>palatinos,</strong></span> <span class='ocrx_word' id='word_1_564' title='bbox 1407 5772 1498 5825; x_wconf 82' lang='lat' dir='ltr'><strong>qui</strong></span> <span class='ocrx_word' id='word_1_565' title='bbox 1528 5754 1713 5830; x_wconf 77' lang='lat' dir='ltr'><strong>addit:</strong></span> <span class='ocrx_word' id='word_1_566' title='bbox 1745 5756 1900 5830; x_wconf 49' lang='lat' dir='ltr'><strong>idest</strong></span> 
     </span>
    </p>
   </div>
   <div class='ocr_carea' id='block_1_76' title="bbox 318 5823 1897 5900">
    <p class='ocr_par' dir='ltr' id='par_1_76' title="bbox 318 5823 1897 5900">
     <span class='ocr_line' id='line_1_77' title="bbox 318 5823 1897 5900; baseline -0.008 -14"><span class='ocrx_word' id='word_1_567' title='bbox 318 5823 846 5900; x_wconf 66' lang='lat' dir='ltr'><strong>tttpcrcxrrcsrentiu,</strong></span> <span class='ocrx_word' id='word_1_568' title='bbox 873 5823 930 5884; x_wconf 73' lang='lat' dir='ltr'><strong>eo</strong></span> <span class='ocrx_word' id='word_1_569' title='bbox 953 5823 1238 5900; x_wconf 40' lang='lat' dir='ltr'><strong>quod-nihil</strong></span> <span class='ocrx_word' id='word_1_570' title='bbox 1265 5829 1316 5882; x_wconf 90' lang='lat' dir='ltr'><strong>in</strong></span> <span class='ocrx_word' id='word_1_571' title='bbox 1347 5844 1406 5881; x_wconf 83' lang='lat' dir='ltr'><strong>ea</strong></span> <span class='ocrx_word' id='word_1_572' title='bbox 1427 5823 1439 5825; x_wconf 60' lang='grc'><strong><em>“</em></strong></span> <span class='ocrx_word' id='word_1_573' title='bbox 1456 5825 1650 5896; x_wconf 75' lang='lat' dir='ltr'><strong>petitur</strong></span> <span class='ocrx_word' id='word_1_574' title='bbox 1679 5823 1816 5892; x_wconf 83' lang='lat' dir='ltr'><strong>quod</strong></span> <span class='ocrx_word' id='word_1_575' title='bbox 1846 5823 1897 5875; x_wconf 86' lang='lat' dir='ltr'><strong>in</strong></span> 
     </span>
    </p>
   </div>
   <div class='ocr_carea' id='block_1_77' title="bbox 1996 1987 3574 2059">
    <p class='ocr_par' dir='ltr' id='par_1_77' title="bbox 1996 1987 3574 2059">
     <span class='ocr_line' id='line_1_78' title="bbox 1996 1987 3574 2059; baseline 0.001 -18"><span class='ocrx_word' id='word_1_576' title='bbox 1996 1989 2130 2056; x_wconf 83' lang='lat' dir='ltr'><strong>Quia</strong></span> <span class='ocrx_word' id='word_1_577' title='bbox 2160 2004 2290 2043; x_wconf 90' lang='lat' dir='ltr'><strong>vero</strong></span> <span class='ocrx_word' id='word_1_578' title='bbox 2311 1987 2464 2042; x_wconf 84' lang='lat' dir='ltr'><strong>Jesus</strong></span> <span class='ocrx_word' id='word_1_579' title='bbox 2487 1988 2721 2042; x_wconf 88' lang='lat' dir='ltr'><strong>clamans</strong></span> <span class='ocrx_word' id='word_1_580' title='bbox 2753 2005 2870 2044; x_wconf 87' lang='lat' dir='ltr'><strong>voce</strong></span> <span class='ocrx_word' id='word_1_581' title='bbox 2893 2005 3084 2059; x_wconf 85' lang='lat' dir='ltr'><strong>magna</strong></span> <span class='ocrx_word' id='word_1_582' title='bbox 3112 1989 3282 2043; x_wconf 82' lang='lat' dir='ltr'><strong>emisit</strong></span> <span class='ocrx_word' id='word_1_583' title='bbox 3309 1988 3574 2058; x_wconf 84' lang='lat' dir='ltr'><strong>spiritum,</strong></span> 
     </span>
    </p>
   </div>
   <div class='ocr_carea' id='block_1_78' title="bbox 1996 2078 3578 2150">
    <p class='ocr_par' dir='ltr' id='par_1_78' title="bbox 1996 2078 3578 2150">
     <span class='ocr_line' id='line_1_79' title="bbox 1996 2078 3578 2150; baseline -0.001 -17"><span class='ocrx_word' id='word_1_584' title='bbox 1996 2079 2409 2135; x_wconf 86' lang='lat' dir='ltr'><strong>lcvatsaccrdos</strong></span> <span class='ocrx_word' id='word_1_585' title='bbox 2430 2095 2620 2135; x_wconf 84' lang='lat' dir='ltr'><strong>vocem</strong></span> <span class='ocrx_word' id='word_1_586' title='bbox 2645 2078 2893 2144; x_wconf 90' lang='lat' dir='ltr'><strong>dicendo,</strong></span> <span class='ocrx_word' id='word_1_587' title='bbox 2924 2095 3016 2150; x_wconf 87' lang='lat' dir='ltr'><strong>per</strong></span> <span class='ocrx_word' id='word_1_588' title='bbox 3049 2079 3227 2132; x_wconf 86' lang='lat' dir='ltr'><strong>omnia</strong></span> <span class='ocrx_word' id='word_1_589' title='bbox 3249 2079 3446 2134; x_wconf 79' lang='lat' dir='ltr'><strong>swcula</strong></span> <span class='ocrx_word' id='word_1_590' title='bbox 3475 2094 3578 2134; x_wconf 78' lang='lat' dir='ltr'><strong>ste-</strong></span> 
     </span>
    </p>
   </div>
   <div class='ocr_carea' id='block_1_79' title="bbox 1995 2169 3578 2250">
    <p class='ocr_par' dir='ltr' id='par_1_79' title="bbox 1995 2169 3578 2250">
     <span class='ocr_line' id='line_1_80' title="bbox 1995 2169 3578 2250; baseline -0.002 -23"><span class='ocrx_word' id='word_1_591' title='bbox 1995 2173 2256 2227; x_wconf 79' lang='lat' dir='ltr'><strong>ruforum.</strong></span> <span class='ocrx_word' id='word_1_592' title='bbox 2286 2169 2548 2228; x_wconf 79' lang='lat' dir='ltr'><strong>Videlicet</strong></span> <span class='ocrx_word' id='word_1_593' title='bbox 2575 2170 2700 2242; x_wconf 89' lang='lat' dir='ltr'><strong>quia</strong></span> <span class='ocrx_word' id='word_1_594' title='bbox 2726 2169 2969 2250; x_wconf 78' lang='lat' dir='ltr'><strong>mulieres</strong></span> <span class='ocrx_word' id='word_1_595' title='bbox 2999 2169 3427 2224; x_wconf 83' lang='lat' dir='ltr'><strong>lamentabantur</strong></span> <span class='ocrx_word' id='word_1_596' title='bbox 3443 2169 3578 2240; x_wconf 78' lang='lat' dir='ltr'><strong>ﬂen-</strong></span> 
     </span>
    </p>
   </div>
   <div class='ocr_carea' id='block_1_80' title="bbox 1997 2260 3574 2332">
    <p class='ocr_par' dir='ltr' id='par_1_80' title="bbox 1997 2260 3574 2332">
     <span class='ocr_line' id='line_1_81' title="bbox 1997 2260 3574 2332; baseline -0.003 -16"><span class='ocrx_word' id='word_1_597' title='bbox 1997 2275 2070 2317; x_wconf 75' lang='lat' dir='ltr'><strong>tes</strong></span> <span class='ocrx_word' id='word_1_598' title='bbox 2111 2262 2416 2328; x_wconf 88' lang='lat' dir='ltr'><strong>Dominum,</strong></span> <span class='ocrx_word' id='word_1_599' title='bbox 2455 2263 2654 2316; x_wconf 89' lang='lat' dir='ltr'><strong>chorus</strong></span> <span class='ocrx_word' id='word_1_600' title='bbox 2695 2262 2851 2332; x_wconf 87' lang='lat' dir='ltr'><strong>quasi</strong></span> <span class='ocrx_word' id='word_1_601' title='bbox 2884 2260 3234 2316; x_wconf 89' lang='lat' dir='ltr'><strong>lamentando</strong></span> <span class='ocrx_word' id='word_1_602' title='bbox 3265 2261 3574 2329; x_wconf 83' lang='lat' dir='ltr'><strong>respondet,</strong></span> 
     </span>
    </p>
   </div>
   <div class='ocr_carea' id='block_1_81' title="bbox 1997 2348 3575 2424">
    <p class='ocr_par' dir='ltr' id='par_1_81' title="bbox 1997 2348 3575 2424">
     <span class='ocr_line' id='line_1_82' title="bbox 1997 2348 3575 2424; baseline -0.004 -16"><span class='ocrx_word' id='word_1_603' title='bbox 1997 2372 2168 2408; x_wconf 80' lang='lat' dir='ltr'><strong>amen.</strong></span> <span class='ocrx_word' id='word_1_604' title='bbox 2195 2353 2352 2410; x_wconf 79' lang='lat' dir='ltr'><strong>Jesus</strong></span> <span class='ocrx_word' id='word_1_605' title='bbox 2381 2369 2515 2410; x_wconf 81' lang='lat' dir='ltr'><strong>voce</strong></span> <span class='ocrx_word' id='word_1_606' title='bbox 2545 2367 2740 2424; x_wconf 84' lang='lat' dir='ltr'><strong>magna</strong></span> <span class='ocrx_word' id='word_1_607' title='bbox 2765 2351 3070 2407; x_wconf 89' lang='lat' dir='ltr'><strong>clamabat:</strong></span> <span class='ocrx_word' id='word_1_608' title='bbox 3101 2348 3285 2414; x_wconf 87' lang='lat' dir='ltr'><strong>Pater,</strong></span> <span class='ocrx_word' id='word_1_609' title='bbox 3310 2351 3362 2404; x_wconf 90' lang='lat' dir='ltr'><strong>in</strong></span> <span class='ocrx_word' id='word_1_610' title='bbox 3387 2365 3575 2402; x_wconf 77' lang='lat' dir='ltr'><strong>manus</strong></span> 
     </span>
    </p>
   </div>
   <div class='ocr_carea' id='block_1_82' title="bbox 1997 2435 3576 2512">
    <p class='ocr_par' dir='ltr' id='par_1_82' title="bbox 1997 2435 3576 2512">
     <span class='ocr_line' id='line_1_83' title="bbox 1997 2435 3576 2512; baseline -0.001 -15"><span class='ocrx_word' id='word_1_611' title='bbox 1997 2454 2114 2498; x_wconf 85' lang='lat' dir='ltr'><strong>tuus</strong></span> <span class='ocrx_word' id='word_1_612' title='bbox 2162 2443 2468 2498; x_wconf 85' lang='lat' dir='ltr'><strong>commendo</strong></span> <span class='ocrx_word' id='word_1_613' title='bbox 2510 2441 2752 2512; x_wconf 84' lang='lat' dir='ltr'><strong>spiritum</strong></span> <span class='ocrx_word' id='word_1_614' title='bbox 2795 2455 3015 2505; x_wconf 70' lang='lat' dir='ltr'><strong>~meum;</strong></span> <span class='ocrx_word' id='word_1_615' title='bbox 3058 2448 3114 2494; x_wconf 88' lang='lat' dir='ltr'><strong>et</strong></span> <span class='ocrx_word' id='word_1_616' title='bbox 3153 2438 3275 2494; x_wconf 88' lang='lat' dir='ltr'><strong>ideo</strong></span> <span class='ocrx_word' id='word_1_617' title='bbox 3321 2435 3576 2496; x_wconf 72' lang='lat' dir='ltr'><strong>sacerdos</strong></span> 
     </span>
    </p>
   </div>
   <div class='ocr_carea' id='block_1_83' title="bbox 1996 2523 3578 2602">
    <p class='ocr_par' dir='ltr' id='par_1_83' title="bbox 1996 2523 3578 2602">
     <span class='ocr_line' id='line_1_84' title="bbox 1996 2523 3578 2602; baseline -0.008 -13"><span class='ocrx_word' id='word_1_618' title='bbox 1996 2534 2208 2589; x_wconf 90' lang='lat' dir='ltr'><strong>elevata</strong></span> <span class='ocrx_word' id='word_1_619' title='bbox 2263 2547 2398 2586; x_wconf 90' lang='lat' dir='ltr'><strong>voce</strong></span> <span class='ocrx_word' id='word_1_620' title='bbox 2446 2531 2788 2601; x_wconf 88' lang='lat' dir='ltr'><strong>pronuntiat:</strong></span> <span class='ocrx_word' id='word_1_621' title='bbox 2841 2526 3003 2582; x_wconf 84' lang='lat' dir='ltr'><strong>Pater</strong></span> <span class='ocrx_word' id='word_1_622' title='bbox 3050 2536 3244 2602; x_wconf 84' lang='lat' dir='ltr'><strong>noster,</strong></span> <span class='ocrx_word' id='word_1_623' title='bbox 3287 2525 3376 2596; x_wconf 77' lang='lat' dir='ltr'><strong>qui</strong></span> <span class='ocrx_word' id='word_1_624' title='bbox 3426 2539 3482 2578; x_wconf 85' lang='lat' dir='ltr'><strong>es</strong></span> <span class='ocrx_word' id='word_1_625' title='bbox 3522 2523 3578 2576; x_wconf 88' lang='lat' dir='ltr'><strong>in</strong></span> 
     </span>
    </p>
   </div>
   <div class='ocr_carea' id='block_1_84' title="bbox 1997 2612 3580 2690">
    <p class='ocr_par' dir='ltr' id='par_1_84' title="bbox 1997 2612 3580 2690">
     <span class='ocr_line' id='line_1_85' title="bbox 1997 2612 3580 2690; baseline -0.008 -12"><span class='ocrx_word' id='word_1_626' title='bbox 1997 2625 2157 2678; x_wconf 62' lang='lat' dir='ltr'><strong>caelis.</strong></span> <span class='ocrx_word' id='word_1_627' title='bbox 2191 2623 2346 2678; x_wconf 82' lang='lat' dir='ltr'><strong>Hanc</strong></span> <span class='ocrx_word' id='word_1_628' title='bbox 2391 2623 2694 2677; x_wconf 89' lang='lat' dir='ltr'><strong>orationem</strong></span> <span class='ocrx_word' id='word_1_629' title='bbox 2743 2628 2868 2690; x_wconf 89' lang='lat' dir='ltr'><strong>post</strong></span> <span class='ocrx_word' id='word_1_630' title='bbox 2913 2633 3177 2674; x_wconf 91' lang='lat' dir='ltr'><strong>canonem</strong></span> <span class='ocrx_word' id='word_1_631' title='bbox 3235 2617 3424 2670; x_wconf 88' lang='lat' dir='ltr'><strong>beatus</strong></span> <span class='ocrx_word' id='word_1_632' title='bbox 3449 2612 3580 2670; x_wconf 85' lang='lat' dir='ltr'><strong>Gre-</strong></span> 
     </span>
    </p>
   </div>
   <div class='ocr_carea' id='block_1_85' title="bbox 1999 2703 3579 2784">
    <p class='ocr_par' dir='ltr' id='par_1_85' title="bbox 1999 2703 3579 2784">
     <span class='ocr_line' id='line_1_86' title="bbox 1999 2703 3579 2784; baseline -0.009 -15"><span class='ocrx_word' id='word_1_633' title='bbox 1999 2715 2184 2784; x_wconf 81' lang='lat' dir='ltr'><strong>gorius</strong></span> <span class='ocrx_word' id='word_1_634' title='bbox 2227 2713 2444 2769; x_wconf 85' lang='lat' dir='ltr'><strong>censuit</strong></span> <span class='ocrx_word' id='word_1_635' title='bbox 2497 2710 2908 2780; x_wconf 44' lang='lat' dir='ltr'><strong>recitari&#39;super</strong></span> <span class='ocrx_word' id='word_1_636' title='bbox 2943 2707 3226 2772; x_wconf 86' lang='lat' dir='ltr'><strong>hostiam;</strong></span> <span class='ocrx_word' id='word_1_637' title='bbox 3269 2706 3384 2760; x_wconf 80' lang='lat' dir='ltr'><strong>haec</strong></span> <span class='ocrx_word' id='word_1_638' title='bbox 3431 2703 3579 2759; x_wconf 88' lang='lat' dir='ltr'><strong>enim</strong></span> 
     </span>
    </p>
   </div>
   <div class='ocr_carea' id='block_1_86' title="bbox 1997 2791 3577 2861">
    <p class='ocr_par' dir='ltr' id='par_1_86' title="bbox 1997 2791 3577 2861">
     <span class='ocr_line' id='line_1_87' title="bbox 1997 2791 3577 2861; baseline -0.009 0"><span class='ocrx_word' id='word_1_639' title='bbox 1997 2807 2173 2861; x_wconf 88' lang='lat' dir='ltr'><strong>oratio</strong></span> <span class='ocrx_word' id='word_1_640' title='bbox 2216 2805 2430 2860; x_wconf 63' lang='lat' dir='ltr'><strong>caeteris</strong></span> <span class='ocrx_word' id='word_1_641' title='bbox 2458 2803 2710 2858; x_wconf 91' lang='lat' dir='ltr'><strong>omnibus</strong></span> <span class='ocrx_word' id='word_1_642' title='bbox 2749 2799 2932 2856; x_wconf 90' lang='lat' dir='ltr'><strong>multis</strong></span> <span class='ocrx_word' id='word_1_643' title='bbox 2983 2798 3282 2854; x_wconf 89' lang='lat' dir='ltr'><strong>rationibus</strong></span> <span class='ocrx_word' id='word_1_644' title='bbox 3337 2791 3577 2849; x_wconf 89' lang='lat' dir='ltr'><strong>antecel-</strong></span> 
     </span>
    </p>
   </div>
   <div class='ocr_carea' id='block_1_87' title="bbox 1998 2883 3580 2960">
    <p class='ocr_par' dir='ltr' id='par_1_87' title="bbox 1998 2883 3580 2960">
     <span class='ocr_line' id='line_1_88' title="bbox 1998 2883 3580 2960; baseline -0.008 -10"><span class='ocrx_word' id='word_1_645' title='bbox 1998 2897 2078 2960; x_wconf 91' lang='lat' dir='ltr'><strong>lit,</strong></span> <span class='ocrx_word' id='word_1_646' title='bbox 2123 2895 2331 2951; x_wconf 87' lang='lat' dir='ltr'><strong>scilicet</strong></span> <span class='ocrx_word' id='word_1_647' title='bbox 2363 2893 2685 2949; x_wconf 87' lang='lat' dir='ltr'><strong>auctoritate</strong></span> <span class='ocrx_word' id='word_1_648' title='bbox 2722 2890 2985 2954; x_wconf 91' lang='lat' dir='ltr'><strong>doctoris,</strong></span> <span class='ocrx_word' id='word_1_649' title='bbox 3029 2887 3268 2944; x_wconf 85' lang='lat' dir='ltr'><strong>bonitate</strong></span> <span class='ocrx_word' id='word_1_650' title='bbox 3290 2883 3580 2950; x_wconf 90' lang='lat' dir='ltr'><strong>sermonis,</strong></span> 
     </span>
    </p>
   </div>
   <div class='ocr_carea' id='block_1_88' title="bbox 1997 2974 3582 3058">
    <p class='ocr_par' dir='ltr' id='par_1_88' title="bbox 1997 2974 3582 3058">
     <span class='ocr_line' id='line_1_89' title="bbox 1997 2974 3582 3058; baseline -0.011 -13"><span class='ocrx_word' id='word_1_651' title='bbox 1997 2988 2312 3045; x_wconf 70' lang='lat' dir='ltr'><strong>sufficientia</strong></span> <span class='ocrx_word' id='word_1_652' title='bbox 2335 2985 2636 3058; x_wconf 88' lang='lat' dir='ltr'><strong>petitionis,</strong></span> <span class='ocrx_word' id='word_1_653' title='bbox 2654 2982 2987 3042; x_wconf 84' lang='lat' dir='ltr'><strong>fecunditate</strong></span> <span class='ocrx_word' id='word_1_654' title='bbox 3007 2978 3414 3052; x_wconf 86' lang='lat' dir='ltr'><strong>mysteriorum.</strong></span> <span class='ocrx_word' id='word_1_655' title='bbox 3440 2974 3582 3030; x_wconf 84' lang='lat' dir='ltr'><strong>Sunt</strong></span> 
     </span>
    </p>
   </div>
   <div class='ocr_carea' id='block_1_89' title="bbox 1999 3066 3576 3151">
    <p class='ocr_par' dir='ltr' id='par_1_89' title="bbox 1999 3066 3576 3151">
     <span class='ocr_line' id='line_1_90' title="bbox 1999 3066 3576 3151; baseline -0.01 -15"><span class='ocrx_word' id='word_1_656' title='bbox 1999 3081 2088 3137; x_wconf 91' lang='lat' dir='ltr'><strong>hic</strong></span> <span class='ocrx_word' id='word_1_657' title='bbox 2104 3089 2309 3151; x_wconf 88' lang='lat' dir='ltr'><strong>septem</strong></span> <span class='ocrx_word' id='word_1_658' title='bbox 2336 3078 2628 3149; x_wconf 90' lang='lat' dir='ltr'><strong>petitiones</strong></span> <span class='ocrx_word' id='word_1_659' title='bbox 2654 3091 2774 3147; x_wconf 65' lang='lat' dir='ltr'><strong>qua:</strong></span> <span class='ocrx_word' id='word_1_660' title='bbox 2810 3074 3138 3145; x_wconf 89' lang='lat' dir='ltr'><strong>adaptantur</strong></span> <span class='ocrx_word' id='word_1_661' title='bbox 3163 3077 3369 3141; x_wconf 90' lang='lat' dir='ltr'><strong>septem</strong></span> <span class='ocrx_word' id='word_1_662' title='bbox 3399 3066 3576 3132; x_wconf 87' lang='lat' dir='ltr'><strong>donis,</strong></span> 
     </span>
    </p>
   </div>
   <div class='ocr_carea' id='block_1_90' title="bbox 1998 3161 3582 3247">
    <p class='ocr_par' dir='ltr' id='par_1_90' title="bbox 1998 3161 3582 3247">
     <span class='ocr_line' id='line_1_91' title="bbox 1998 3161 3582 3247; baseline -0.011 -17"><span class='ocrx_word' id='word_1_663' title='bbox 1998 3187 2202 3247; x_wconf 89' lang='lat' dir='ltr'><strong>septem</strong></span> <span class='ocrx_word' id='word_1_664' title='bbox 2227 3170 2538 3235; x_wconf 85' lang='lat' dir='ltr'><strong>virtutibus,</strong></span> <span class='ocrx_word' id='word_1_665' title='bbox 2576 3177 2780 3239; x_wconf 89' lang='lat' dir='ltr'><strong>septem</strong></span> <span class='ocrx_word' id='word_1_666' title='bbox 2802 3161 3249 3227; x_wconf 88' lang='lat' dir='ltr'><strong>beatitudinibus,</strong></span> <span class='ocrx_word' id='word_1_667' title='bbox 3278 3166 3467 3216; x_wconf 92' lang='lat' dir='ltr'><strong>contra</strong></span> <span class='ocrx_word' id='word_1_668' title='bbox 3498 3171 3582 3213; x_wconf 90' lang='lat' dir='ltr'><strong>sc-</strong></span> 
     </span>
    </p>
   </div>
   <div class='ocr_carea' id='block_1_91' title="bbox 1997 3247 3582 3336">
    <p class='ocr_par' dir='ltr' id='par_1_91' title="bbox 1997 3247 3582 3336">
     <span class='ocr_line' id='line_1_92' title="bbox 1997 3247 3582 3336; baseline -0.011 -16"><span class='ocrx_word' id='word_1_669' title='bbox 1997 3277 2146 3336; x_wconf 87' lang='lat' dir='ltr'><strong>ptem</strong></span> <span class='ocrx_word' id='word_1_670' title='bbox 2173 3263 2301 3319; x_wconf 90' lang='lat' dir='ltr'><strong>vitia</strong></span> <span class='ocrx_word' id='word_1_671' title='bbox 2324 3259 2598 3331; x_wconf 87' lang='lat' dir='ltr'><strong>capitalia.</strong></span> <span class='ocrx_word' id='word_1_672' title='bbox 2629 3257 2801 3313; x_wconf 83' lang='lat' dir='ltr'><strong>Homo</strong></span> <span class='ocrx_word' id='word_1_673' title='bbox 2834 3254 2977 3310; x_wconf 87' lang='lat' dir='ltr'><strong>enim</strong></span> <span class='ocrx_word' id='word_1_674' title='bbox 3008 3261 3093 3309; x_wconf 87' lang='lat' dir='ltr'><strong>est</strong></span> <span class='ocrx_word' id='word_1_675' title='bbox 3119 3259 3374 3322; x_wconf 79' lang='lat' dir='ltr'><strong>:egrotus,</strong></span> <span class='ocrx_word' id='word_1_676' title='bbox 3399 3247 3582 3303; x_wconf 66' lang='lat' dir='ltr'><strong>Domir</strong></span> 
     </span>
    </p>
   </div>
   <div class='ocr_carea' id='block_1_92' title="bbox 1999 3342 3581 3419">
    <p class='ocr_par' dir='ltr' id='par_1_92' title="bbox 1999 3342 3581 3419">
     <span class='ocr_line' id='line_1_93' title="bbox 1999 3342 3581 3419; baseline -0.012 -5"><span class='ocrx_word' id='word_1_677' title='bbox 1999 3371 2102 3414; x_wconf 90' lang='lat' dir='ltr'><strong>nus</strong></span> <span class='ocrx_word' id='word_1_678' title='bbox 2148 3365 2234 3412; x_wconf 89' lang='lat' dir='ltr'><strong>est</strong></span> <span class='ocrx_word' id='word_1_679' title='bbox 2269 3354 2540 3419; x_wconf 87' lang='lat' dir='ltr'><strong>medicus;</strong></span> <span class='ocrx_word' id='word_1_680' title='bbox 2575 3351 2704 3406; x_wconf 91' lang='lat' dir='ltr'><strong>vitia</strong></span> <span class='ocrx_word' id='word_1_681' title='bbox 2753 3357 2883 3405; x_wconf 89' lang='lat' dir='ltr'><strong>sunt</strong></span> <span class='ocrx_word' id='word_1_682' title='bbox 2930 3347 3245 3418; x_wconf 84' lang='lat' dir='ltr'><strong>languores,</strong></span> <span class='ocrx_word' id='word_1_683' title='bbox 3290 3342 3581 3415; x_wconf 84' lang='lat' dir='ltr'><strong>petitiones</strong></span> 
     </span>
    </p>
   </div>
   <div class='ocr_carea' id='block_1_93' title="bbox 1997 3437 3585 3518">
    <p class='ocr_par' dir='ltr' id='par_1_93' title="bbox 1997 3437 3585 3518">
     <span class='ocr_line' id='line_1_94' title="bbox 1997 3437 3585 3518; baseline -0.011 -15"><span class='ocrx_word' id='word_1_684' title='bbox 1997 3454 2124 3503; x_wconf 87' lang='lat' dir='ltr'><strong>sunt</strong></span> <span class='ocrx_word' id='word_1_685' title='bbox 2150 3446 2422 3518; x_wconf 89' lang='lat' dir='ltr'><strong>planctus,</strong></span> <span class='ocrx_word' id='word_1_686' title='bbox 2452 3445 2592 3500; x_wconf 89' lang='lat' dir='ltr'><strong>dona</strong></span> <span class='ocrx_word' id='word_1_687' title='bbox 2616 3449 2746 3498; x_wconf 90' lang='lat' dir='ltr'><strong>sunt</strong></span> <span class='ocrx_word' id='word_1_688' title='bbox 2787 3437 3052 3502; x_wconf 90' lang='lat' dir='ltr'><strong>antidota,</strong></span> <span class='ocrx_word' id='word_1_689' title='bbox 3087 3437 3320 3490; x_wconf 86' lang='lat' dir='ltr'><strong>virtutes</strong></span> <span class='ocrx_word' id='word_1_690' title='bbox 3345 3439 3471 3490; x_wconf 89' lang='lat' dir='ltr'><strong>sunt</strong></span> <span class='ocrx_word' id='word_1_691' title='bbox 3496 3447 3585 3487; x_wconf 87' lang='lat' dir='ltr'><strong>sa—</strong></span> 
     </span>
    </p>
   </div>
   <div class='ocr_carea' id='block_1_94' title="bbox 1998 3522 3582 3604">
    <p class='ocr_par' dir='ltr' id='par_1_94' title="bbox 1998 3522 3582 3604">
     <span class='ocr_line' id='line_1_95' title="bbox 1998 3522 3582 3604; baseline -0.011 -9"><span class='ocrx_word' id='word_1_692' title='bbox 1998 3541 2220 3604; x_wconf 87' lang='lat' dir='ltr'><strong>nitates,</strong></span> <span class='ocrx_word' id='word_1_693' title='bbox 2273 3535 2636 3593; x_wconf 89' lang='lat' dir='ltr'><strong>beatitudines</strong></span> <span class='ocrx_word' id='word_1_694' title='bbox 2677 3541 2805 3588; x_wconf 87' lang='lat' dir='ltr'><strong>sunt</strong></span> <span class='ocrx_word' id='word_1_695' title='bbox 2842 3529 3034 3602; x_wconf 87' lang='lat' dir='ltr'><strong>gaudia</strong></span> <span class='ocrx_word' id='word_1_696' title='bbox 3081 3526 3377 3585; x_wconf 83' lang='lat' dir='ltr'><strong>felicitatis.</strong></span> <span class='ocrx_word' id='word_1_697' title='bbox 3429 3522 3582 3592; x_wconf 85' lang='lat' dir='ltr'><strong>Quod</strong></span> 
     </span>
    </p>
   </div>
   <div class='ocr_carea' id='block_1_95' title="bbox 1997 3612 3584 3700">
    <p class='ocr_par' dir='ltr' id='par_1_95' title="bbox 1997 3612 3584 3700">
     <span class='ocr_line' id='line_1_96' title="bbox 1997 3612 3584 3700; baseline -0.014 -13"><span class='ocrx_word' id='word_1_698' title='bbox 1997 3629 2246 3700; x_wconf 84' lang='lat' dir='ltr'><strong>sequitur</strong></span> <span class='ocrx_word' id='word_1_699' title='bbox 2266 3635 2488 3685; x_wconf 60' lang='lat' dir='ltr'><strong>secretw</strong></span> <span class='ocrx_word' id='word_1_700' title='bbox 2519 3623 2815 3687; x_wconf 91' lang='lat' dir='ltr'><strong>silentium,</strong></span> <span class='ocrx_word' id='word_1_701' title='bbox 2839 3621 3077 3690; x_wconf 88' lang='lat' dir='ltr'><strong>quietem</strong></span> <span class='ocrx_word' id='word_1_702' title='bbox 3100 3615 3375 3688; x_wconf 85' lang='lat' dir='ltr'><strong>significat</strong></span> <span class='ocrx_word' id='word_1_703' title='bbox 3400 3612 3584 3669; x_wconf 83' lang='lat' dir='ltr'><strong>Domi-</strong></span> 
     </span>
    </p>
   </div>
   <div class='ocr_carea' id='block_1_96' title="bbox 1999 3704 3582 3790">
    <p class='ocr_par' dir='ltr' id='par_1_96' title="bbox 1999 3704 3582 3790">
     <span class='ocr_line' id='line_1_97' title="bbox 1999 3704 3582 3790; baseline -0.014 -14"><span class='ocrx_word' id='word_1_704' title='bbox 1999 3722 2137 3776; x_wconf 60' lang='lat' dir='ltr'><strong>nica:</strong></span> <span class='ocrx_word' id='word_1_705' title='bbox 2157 3719 2466 3790; x_wconf 63' lang='lat' dir='ltr'><strong>sepultura}.</strong></span> <span class='ocrx_word' id='word_1_706' title='bbox 2491 3715 2549 3771; x_wconf 85' lang='lat' dir='ltr'><strong>In</strong></span> <span class='ocrx_word' id='word_1_707' title='bbox 2575 3713 2815 3769; x_wconf 89' lang='lat' dir='ltr'><strong>Sabbato</strong></span> <span class='ocrx_word' id='word_1_708' title='bbox 2846 3708 3101 3765; x_wconf 84' lang='lat' dir='ltr'><strong>Christus</strong></span> <span class='ocrx_word' id='word_1_709' title='bbox 3129 3704 3430 3760; x_wconf 90' lang='lat' dir='ltr'><strong>secundum</strong></span> <span class='ocrx_word' id='word_1_710' title='bbox 3459 3715 3582 3756; x_wconf 86' lang='lat' dir='ltr'><strong>car-</strong></span> 
     </span>
    </p>
   </div>
   <div class='ocr_carea' id='block_1_97' title="bbox 1999 3795 3583 3884">
    <p class='ocr_par' dir='ltr' id='par_1_97' title="bbox 1999 3795 3583 3884">
     <span class='ocr_line' id='line_1_98' title="bbox 1999 3795 3583 3884; baseline -0.015 -15"><span class='ocrx_word' id='word_1_711' title='bbox 1999 3830 2122 3869; x_wconf 92' lang='lat' dir='ltr'><strong>nem</strong></span> <span class='ocrx_word' id='word_1_712' title='bbox 2153 3812 2358 3884; x_wconf 90' lang='lat' dir='ltr'><strong>quievit</strong></span> <span class='ocrx_word' id='word_1_713' title='bbox 2383 3810 2436 3864; x_wconf 95' lang='lat' dir='ltr'><strong>in</strong></span> <span class='ocrx_word' id='word_1_714' title='bbox 2469 3807 2748 3880; x_wconf 89' lang='lat' dir='ltr'><strong>sepulcro;</strong></span> <span class='ocrx_word' id='word_1_715' title='bbox 2774 3803 3072 3860; x_wconf 90' lang='lat' dir='ltr'><strong>secundum</strong></span> <span class='ocrx_word' id='word_1_716' title='bbox 3096 3798 3333 3854; x_wconf 90' lang='lat' dir='ltr'><strong>animam</strong></span> <span class='ocrx_word' id='word_1_717' title='bbox 3359 3795 3583 3850; x_wconf 85' lang='lat' dir='ltr'><strong>descen-</strong></span> 
     </span>
    </p>
   </div>
   <div class='ocr_carea' id='block_1_98' title="bbox 1999 3887 3578 3965">
    <p class='ocr_par' dir='ltr' id='par_1_98' title="bbox 1999 3887 3578 3965">
     <span class='ocr_line' id='line_1_99' title="bbox 1999 3887 3578 3965; baseline -0.016 -4"><span class='ocrx_word' id='word_1_718' title='bbox 1999 3907 2080 3961; x_wconf 90' lang='lat' dir='ltr'><strong>dit</strong></span> <span class='ocrx_word' id='word_1_719' title='bbox 2107 3906 2173 3959; x_wconf 86' lang='lat' dir='ltr'><strong>ad</strong></span> <span class='ocrx_word' id='word_1_720' title='bbox 2197 3902 2419 3964; x_wconf 84' lang='lat' dir='ltr'><strong>inferos,</strong></span> <span class='ocrx_word' id='word_1_721' title='bbox 2451 3907 2508 3954; x_wconf 87' lang='lat' dir='ltr'><strong>ut</strong></span> <span class='ocrx_word' id='word_1_722' title='bbox 2544 3899 2736 3955; x_wconf 89' lang='lat' dir='ltr'><strong>fortior</strong></span> <span class='ocrx_word' id='word_1_723' title='bbox 2773 3892 3165 3965; x_wconf 83' lang='lat' dir='ltr'><strong>superveniens</strong></span> <span class='ocrx_word' id='word_1_724' title='bbox 3218 3887 3416 3942; x_wconf 90' lang='lat' dir='ltr'><strong>fortem</strong></span> <span class='ocrx_word' id='word_1_725' title='bbox 3449 3897 3578 3952; x_wconf 88' lang='lat' dir='ltr'><strong>spo-</strong></span> 
     </span>
    </p>
   </div>
   <div class='ocr_carea' id='block_1_99' title="bbox 2001 3975 3584 4056">
    <p class='ocr_par' dir='ltr' id='par_1_99' title="bbox 2001 3975 3584 4056">
     <span class='ocr_line' id='line_1_100' title="bbox 2001 3975 3584 4056; baseline -0.018 -1"><span class='ocrx_word' id='word_1_726' title='bbox 2001 4000 2160 4054; x_wconf 88' lang='lat' dir='ltr'><strong>liaret</strong></span> <span class='ocrx_word' id='word_1_727' title='bbox 2223 4005 2512 4051; x_wconf 86' lang='lat' dir='ltr'><strong>armatum.</strong></span> <span class='ocrx_word' id='word_1_728' title='bbox 2569 3993 2758 4046; x_wconf 88' lang='lat' dir='ltr'><strong>Libera</strong></span> <span class='ocrx_word' id='word_1_729' title='bbox 2810 4005 2924 4051; x_wconf 87' lang='lat' dir='ltr'><strong>nos,</strong></span> <span class='ocrx_word' id='word_1_730' title='bbox 2984 3997 3310 4056; x_wconf 71' lang='lat' dir='ltr'><strong>quiesumns,</strong></span> <span class='ocrx_word' id='word_1_731' title='bbox 3343 3975 3584 4030; x_wconf 84' lang='lat' dir='ltr'><strong>Domine.</strong></span> 
     </span>
    </p>
   </div>
   <div class='ocr_carea' id='block_1_100' title="bbox 2003 4067 3586 4150">
    <p class='ocr_par' dir='ltr' id='par_1_100' title="bbox 2003 4067 3586 4150">
     <span class='ocr_line' id='line_1_101' title="bbox 2003 4067 3586 4150; baseline -0.016 -2"><span class='ocrx_word' id='word_1_732' title='bbox 2003 4093 2128 4148; x_wconf 81' lang='lat' dir='ltr'><strong>llaec</strong></span> <span class='ocrx_word' id='word_1_733' title='bbox 2156 4090 2334 4147; x_wconf 89' lang='lat' dir='ltr'><strong>oratio</strong></span> <span class='ocrx_word' id='word_1_734' title='bbox 2361 4083 2927 4144; x_wconf 86' lang='lat' dir='ltr'><strong>dieiturembolismus</strong></span> <span class='ocrx_word' id='word_1_735' title='bbox 2951 4079 3090 4150; x_wconf 76' lang='lat'><strong>(5|),</strong></span> <span class='ocrx_word' id='word_1_736' title='bbox 3124 4083 3179 4130; x_wconf 90' lang='lat' dir='ltr'><strong>et</strong></span> <span class='ocrx_word' id='word_1_737' title='bbox 3209 4085 3294 4128; x_wconf 89' lang='lat' dir='ltr'><strong>est</strong></span> <span class='ocrx_word' id='word_1_738' title='bbox 3323 4067 3586 4140; x_wconf 83' lang='lat' dir='ltr'><strong>expositio</strong></span> 
     </span>
    </p>
   </div>
   <div class='ocr_carea' id='block_1_101' title="bbox 2001 4161 3587 4248">
    <p class='ocr_par' dir='ltr' id='par_1_101' title="bbox 2001 4161 3587 4248">
     <span class='ocr_line' id='line_1_102' title="bbox 2001 4161 3587 4248; baseline -0.015 -14"><span class='ocrx_word' id='word_1_739' title='bbox 2001 4181 2311 4234; x_wconf 71' lang='lat' dir='ltr'><strong>novissima:</strong></span> <span class='ocrx_word' id='word_1_740' title='bbox 2339 4174 2617 4248; x_wconf 90' lang='lat' dir='ltr'><strong>petitionis</strong></span> <span class='ocrx_word' id='word_1_741' title='bbox 2640 4171 2907 4228; x_wconf 87' lang='lat' dir='ltr'><strong>orationis</strong></span> <span class='ocrx_word' id='word_1_742' title='bbox 2935 4165 3252 4222; x_wconf 84' lang='lat' dir='ltr'><strong>Dominicae.</strong></span> <span class='ocrx_word' id='word_1_743' title='bbox 3301 4161 3432 4215; x_wconf 88' lang='lat' dir='ltr'><strong>Post</strong></span> <span class='ocrx_word' id='word_1_744' title='bbox 3461 4171 3587 4228; x_wconf 90' lang='lat' dir='ltr'><strong>pas-</strong></span> 
     </span>
    </p>
   </div>
   <div class='ocr_carea' id='block_1_102' title="bbox 2000 4249 3585 4328">
    <p class='ocr_par' dir='ltr' id='par_1_102' title="bbox 2000 4249 3585 4328">
     <span class='ocr_line' id='line_1_103' title="bbox 2000 4249 3585 4328; baseline -0.018 0"><span class='ocrx_word' id='word_1_745' title='bbox 2000 4273 2171 4328; x_wconf 87' lang='lat' dir='ltr'><strong>sionis</strong></span> <span class='ocrx_word' id='word_1_746' title='bbox 2194 4269 2470 4325; x_wconf 90' lang='lat' dir='ltr'><strong>tristitiam</strong></span> <span class='ocrx_word' id='word_1_747' title='bbox 2504 4266 2574 4320; x_wconf 91' lang='lat' dir='ltr'><strong>ad</strong></span> <span class='ocrx_word' id='word_1_748' title='bbox 2598 4259 3013 4320; x_wconf 86' lang='lat' dir='ltr'><strong>resurrectionis</strong></span> <span class='ocrx_word' id='word_1_749' title='bbox 3037 4255 3290 4327; x_wconf 84' lang='lat' dir='ltr'><strong>gaudium</strong></span> <span class='ocrx_word' id='word_1_750' title='bbox 3319 4249 3585 4321; x_wconf 84' lang='lat' dir='ltr'><strong>pervenit,</strong></span> 
     </span>
    </p>
   </div>
   <div class='ocr_carea' id='block_1_103' title="bbox 2003 4337 3585 4424">
    <p class='ocr_par' dir='ltr' id='par_1_103' title="bbox 2003 4337 3585 4424">
     <span class='ocr_line' id='line_1_104' title="bbox 2003 4337 3585 4424; baseline -0.019 -5"><span class='ocrx_word' id='word_1_751' title='bbox 2003 4362 2295 4420; x_wconf 90' lang='lat' dir='ltr'><strong>secundum</strong></span> <span class='ocrx_word' id='word_1_752' title='bbox 2327 4359 2488 4414; x_wconf 90' lang='lat' dir='ltr'><strong>illud:</strong></span> <span class='ocrx_word' id='word_1_753' title='bbox 2533 4355 2611 4410; x_wconf 83' lang='lat' dir='ltr'><strong>Ad</strong></span> <span class='ocrx_word' id='word_1_754' title='bbox 2636 4367 2899 4424; x_wconf 82' lang='lat' dir='ltr'><strong>vesperum</strong></span> <span class='ocrx_word' id='word_1_755' title='bbox 2924 4345 3282 4401; x_wconf 83' lang='lat' dir='ltr'><strong>demorabitur</strong></span> <span class='ocrx_word' id='word_1_756' title='bbox 3302 4341 3492 4410; x_wconf 81' lang='lat' dir='ltr'><strong>ﬂetus;</strong></span> <span class='ocrx_word' id='word_1_757' title='bbox 3517 4337 3585 4390; x_wconf 88' lang='lat' dir='ltr'><strong>ad</strong></span> 
     </span>
    </p>
   </div>
   <div class='ocr_carea' id='block_1_104' title="bbox 2002 4449 2550 4510">
    <p class='ocr_par' dir='ltr' id='par_1_104' title="bbox 2002 4449 2550 4510">
     <span class='ocr_line' id='line_1_105' title="bbox 2002 4449 2550 4510; baseline -0.018 0"><span class='ocrx_word' id='word_1_758' title='bbox 2002 4453 2321 4510; x_wconf 84' lang='lat' dir='ltr'><strong>matutinum</strong></span> <span class='ocrx_word' id='word_1_759' title='bbox 2342 4449 2550 4504; x_wconf 68' lang='lat' dir='ltr'><strong>futtilia.</strong></span> 
     </span>
    </p>
   </div>
   <div class='ocr_carea' id='block_1_105' title="bbox 2077 4533 3586 4603">
    <p class='ocr_par' dir='ltr' id='par_1_105' title="bbox 2077 4533 3586 4603">
     <span class='ocr_line' id='line_1_106' title="bbox 2077 4533 3586 4603; baseline -0.015 -3"><span class='ocrx_word' id='word_1_760' title='bbox 2077 4543 2463 4603; x_wconf 74' lang='lat' dir='ltr'><strong>‘18.Diaconus</strong></span> <span class='ocrx_word' id='word_1_761' title='bbox 2495 4549 2552 4595; x_wconf 91' lang='lat' dir='ltr'><strong>et</strong></span> <span class='ocrx_word' id='word_1_762' title='bbox 2601 4535 2970 4593; x_wconf 89' lang='lat' dir='ltr'><strong>subdiaconus</strong></span> <span class='ocrx_word' id='word_1_763' title='bbox 3031 4536 3253 4602; x_wconf 84' lang='lat' dir='ltr'><strong>portant</strong></span> <span class='ocrx_word' id='word_1_764' title='bbox 3305 4533 3586 4597; x_wconf 86' lang='lat' dir='ltr'><strong>patenam,</strong></span> 
     </span>
    </p>
   </div>
   <div class='ocr_carea' id='block_1_106' title="bbox 2006 4611 3591 4709">
    <p class='ocr_par' dir='ltr' id='par_1_106' title="bbox 2006 4611 3591 4709">
     <span class='ocr_line' id='line_1_107' title="bbox 2006 4611 3591 4709; baseline -0.016 -18"><span class='ocrx_word' id='word_1_765' title='bbox 2006 4652 2170 4709; x_wconf 87' lang='lat' dir='ltr'><strong>quam</strong></span> <span class='ocrx_word' id='word_1_766' title='bbox 2198 4631 2456 4690; x_wconf 89' lang='lat' dir='ltr'><strong>sacerdos</strong></span> <span class='ocrx_word' id='word_1_767' title='bbox 2498 4627 2774 4698; x_wconf 89' lang='lat' dir='ltr'><strong>accipiens</strong></span> <span class='ocrx_word' id='word_1_768' title='bbox 2810 4623 3110 4684; x_wconf 87' lang='lat' dir='ltr'><strong>osculatur,</strong></span> <span class='ocrx_word' id='word_1_769' title='bbox 3165 4629 3216 4674; x_wconf 92' lang='lat' dir='ltr'><strong>et</strong></span> <span class='ocrx_word' id='word_1_770' title='bbox 3245 4632 3369 4672; x_wconf 92' lang='lat' dir='ltr'><strong>cum</strong></span> <span class='ocrx_word' id='word_1_771' title='bbox 3400 4629 3465 4671; x_wconf 88' lang='lat' dir='ltr'><strong>ea</strong></span> <span class='ocrx_word' id='word_1_772' title='bbox 3515 4611 3591 4666; x_wconf 84' lang='lat' dir='ltr'><strong>si-</strong></span> 
     </span>
    </p>
   </div>
   <div class='ocr_carea' id='block_1_107' title="bbox 2010 4709 3591 4804">
    <p class='ocr_par' dir='ltr' id='par_1_107' title="bbox 2010 4709 3591 4804">
     <span class='ocr_line' id='line_1_108' title="bbox 2010 4709 3591 4804; baseline -0.02 -18"><span class='ocrx_word' id='word_1_773' title='bbox 2010 4745 2172 4804; x_wconf 86' lang='lat' dir='ltr'><strong>gnum</strong></span> <span class='ocrx_word' id='word_1_774' title='bbox 2203 4725 2386 4782; x_wconf 91' lang='lat' dir='ltr'><strong>crucis</strong></span> <span class='ocrx_word' id='word_1_775' title='bbox 2423 4723 2525 4779; x_wconf 90' lang='lat' dir='ltr'><strong>sibi</strong></span> <span class='ocrx_word' id='word_1_776' title='bbox 2561 4720 2692 4775; x_wconf 90' lang='lat' dir='ltr'><strong>facit</strong></span> <span class='ocrx_word' id='word_1_777' title='bbox 2741 4719 2795 4772; x_wconf 91' lang='lat' dir='ltr'><strong>in</strong></span> <span class='ocrx_word' id='word_1_778' title='bbox 2843 4715 3073 4804; x_wconf 59' lang='lat' dir='ltr'><strong>faciem.</strong></span> <span class='ocrx_word' id='word_1_779' title='bbox 3109 4709 3170 4764; x_wconf 92' lang='lat' dir='ltr'><strong>lli</strong></span> <span class='ocrx_word' id='word_1_780' title='bbox 3204 4717 3314 4804; x_wconf 83' lang='lat' dir='ltr'><strong>tam</strong></span> <span class='ocrx_word' id='word_1_781' title='bbox 3360 4715 3591 4804; x_wconf 70' lang='lat' dir='ltr'><strong>nurnero</strong></span> 
     </span>
    </p>
   </div>
   <div class='ocr_carea' id='block_1_108' title="bbox 2009 4794 3588 4893">
    <p class='ocr_par' dir='ltr' id='par_1_108' title="bbox 2009 4794 3588 4893">
     <span class='ocr_line' id='line_1_109' title="bbox 2009 4794 3588 4893; baseline -0.02 -18"><span class='ocrx_word' id='word_1_782' title='bbox 2009 4794 2172 4893; x_wconf 65' lang='lat' dir='ltr'><strong>quam</strong></span> <span class='ocrx_word' id='word_1_783' title='bbox 2213 4815 2476 4886; x_wconf 86' lang='lat' dir='ltr'><strong>obsequio</strong></span> <span class='ocrx_word' id='word_1_784' title='bbox 2526 4819 2736 4868; x_wconf 87' lang='lat' dir='ltr'><strong>stantes</strong></span> <span class='ocrx_word' id='word_1_785' title='bbox 2791 4807 2912 4862; x_wconf 91' lang='lat' dir='ltr'><strong>illas</strong></span> <span class='ocrx_word' id='word_1_786' title='bbox 2949 4802 3203 4893; x_wconf 85' lang='lat' dir='ltr'><strong>mulieres</strong></span> <span class='ocrx_word' id='word_1_787' title='bbox 3257 4794 3588 4893; x_wconf 69' lang='lat' dir='ltr'><strong>significant,</strong></span> 
     </span>
    </p>
   </div>
   <div class='ocr_carea' id='block_1_109' title="bbox 2010 4885 3591 4972">
    <p class='ocr_par' dir='ltr' id='par_1_109' title="bbox 2010 4885 3591 4972">
     <span class='ocr_line' id='line_1_110' title="bbox 2010 4885 3591 4972; baseline -0.02 -4"><span class='ocrx_word' id='word_1_788' title='bbox 2010 4885 2222 4968; x_wconf 75' lang='lat' dir='ltr'><strong>scilicet</strong></span> <span class='ocrx_word' id='word_1_789' title='bbox 2275 4908 2502 4962; x_wconf 86' lang='lat' dir='ltr'><strong>Mariam</strong></span> <span class='ocrx_word' id='word_1_790' title='bbox 2551 4900 2922 4972; x_wconf 84' lang='lat' dir='ltr'><strong>Magdalenam</strong></span> <span class='ocrx_word' id='word_1_791' title='bbox 2953 4906 3008 4951; x_wconf 91' lang='lat' dir='ltr'><strong>et</strong></span> <span class='ocrx_word' id='word_1_792' title='bbox 3055 4892 3276 4949; x_wconf 85' lang='lat' dir='ltr'><strong>Mariam</strong></span> <span class='ocrx_word' id='word_1_793' title='bbox 3319 4885 3505 4942; x_wconf 77' lang='lat' dir='ltr'><strong>Jacobi</strong></span> <span class='ocrx_word' id='word_1_794' title='bbox 3535 4892 3591 4938; x_wconf 89' lang='lat' dir='ltr'><strong>ct</strong></span> 
     </span>
    </p>
   </div>
   <div class='ocr_carea' id='block_1_110' title="bbox 2013 4984 3595 5072">
    <p class='ocr_par' dir='ltr' id='par_1_110' title="bbox 2013 4984 3595 5072">
     <span class='ocr_line' id='line_1_111' title="bbox 2013 4984 3595 5072; baseline -0.02 -12"><span class='ocrx_word' id='word_1_795' title='bbox 2013 5005 2249 5069; x_wconf 88' lang='lat' dir='ltr'><strong>Salome,</strong></span> <span class='ocrx_word' id='word_1_796' title='bbox 2288 5015 2408 5072; x_wconf 72' lang='lat' dir='ltr'><strong>qua:</strong></span> <span class='ocrx_word' id='word_1_797' title='bbox 2447 5003 2726 5069; x_wconf 89' lang='lat' dir='ltr'><strong>portantes</strong></span> <span class='ocrx_word' id='word_1_798' title='bbox 2769 4999 3042 5062; x_wconf 89' lang='lat' dir='ltr'><strong>patenam,</strong></span> <span class='ocrx_word' id='word_1_799' title='bbox 3087 4985 3142 5039; x_wconf 90' lang='lat' dir='ltr'><strong>id</strong></span> <span class='ocrx_word' id='word_1_800' title='bbox 3169 4989 3258 5072; x_wconf 86' lang='lat' dir='ltr'><strong>est</strong></span> <span class='ocrx_word' id='word_1_801' title='bbox 3278 4984 3372 5035; x_wconf 78' lang='lat' dir='ltr'><strong>c&#39;or</strong></span> <span class='ocrx_word' id='word_1_802' title='bbox 3400 4986 3595 5047; x_wconf 88' lang='lat' dir='ltr'><strong>patens</strong></span> 
     </span>
    </p>
   </div>
   <div class='ocr_carea' id='block_1_111' title="bbox 2009 5071 3592 5151">
    <p class='ocr_par' dir='ltr' id='par_1_111' title="bbox 2009 5071 3592 5151">
     <span class='ocr_line' id='line_1_112' title="bbox 2009 5071 3592 5151; baseline -0.02 0"><span class='ocrx_word' id='word_1_803' title='bbox 2009 5095 2294 5151; x_wconf 87' lang='lat' dir='ltr'><strong>latitudine</strong></span> <span class='ocrx_word' id='word_1_804' title='bbox 2313 5071 2628 5151; x_wconf 89' lang='lat' dir='ltr'><strong>charitatis,</strong></span> <span class='ocrx_word' id='word_1_805' title='bbox 2659 5085 2712 5140; x_wconf 91' lang='lat' dir='ltr'><strong>in</strong></span> <span class='ocrx_word' id='word_1_806' title='bbox 2741 5079 3064 5150; x_wconf 89' lang='lat' dir='ltr'><strong>obsequium</strong></span> <span class='ocrx_word' id='word_1_807' title='bbox 3112 5071 3405 5144; x_wconf 69' lang='lat' dir='ltr'><strong>sepulturae</strong></span> <span class='ocrx_word' id='word_1_808' title='bbox 3443 5081 3592 5123; x_wconf 82' lang='lat' dir='ltr'><strong>emc-</strong></span> 
     </span>
    </p>
   </div>
   <div class='ocr_carea' id='block_1_112' title="bbox 2009 5162 3593 5241">
    <p class='ocr_par' dir='ltr' id='par_1_112' title="bbox 2009 5162 3593 5241">
     <span class='ocr_line' id='line_1_113' title="bbox 2009 5162 3593 5241; baseline -0.019 -1"><span class='ocrx_word' id='word_1_809' title='bbox 2009 5192 2138 5241; x_wconf 91' lang='lat' dir='ltr'><strong>runt</strong></span> <span class='ocrx_word' id='word_1_810' title='bbox 2201 5187 2462 5235; x_wconf 89' lang='lat' dir='ltr'><strong>aromata.</strong></span> <span class='ocrx_word' id='word_1_811' title='bbox 2540 5174 2691 5229; x_wconf 80' lang='lat' dir='ltr'><strong>Hanc</strong></span> <span class='ocrx_word' id='word_1_812' title='bbox 2745 5185 2876 5240; x_wconf 80' lang='lat' dir='ltr'><strong>ergo</strong></span> <span class='ocrx_word' id='word_1_813' title='bbox 2934 5175 3208 5238; x_wconf 88' lang='lat' dir='ltr'><strong>patenam,</strong></span> <span class='ocrx_word' id='word_1_814' title='bbox 3253 5162 3307 5216; x_wconf 90' lang='lat' dir='ltr'><strong>id</strong></span> <span class='ocrx_word' id='word_1_815' title='bbox 3356 5167 3441 5215; x_wconf 90' lang='lat' dir='ltr'><strong>est</strong></span> <span class='ocrx_word' id='word_1_816' title='bbox 3495 5172 3593 5213; x_wconf 92' lang='lat' dir='ltr'><strong>cor</strong></span> 
     </span>
    </p>
   </div>
   <div class='ocr_carea' id='block_1_113' title="bbox 2000 5243 3591 5345">
    <p class='ocr_par' dir='ltr' id='par_1_113' title="bbox 2000 5243 3591 5345">
     <span class='ocr_line' id='line_1_114' title="bbox 2000 5243 3591 5345; baseline -0.018 -16"><span class='ocrx_word' id='word_1_817' title='bbox 2000 5274 2235 5345; x_wconf 87' lang='lat' dir='ltr'><strong>amplum</strong></span> <span class='ocrx_word' id='word_1_818' title='bbox 2280 5267 2559 5324; x_wconf 88' lang='lat' dir='ltr'><strong>latitudine</strong></span> <span class='ocrx_word' id='word_1_819' title='bbox 2614 5262 2914 5325; x_wconf 86' lang='lat' dir='ltr'><strong>charitatis,</strong></span> <span class='ocrx_word' id='word_1_820' title='bbox 2970 5254 3223 5312; x_wconf 85' lang='lat' dir='ltr'><strong>sacerdos</strong></span> <span class='ocrx_word' id='word_1_821' title='bbox 3262 5249 3484 5345; x_wconf 80' lang='lat' dir='ltr'><strong>accipit,</strong></span> <span class='ocrx_word' id='word_1_822' title='bbox 3535 5243 3591 5345; x_wconf 79' lang='lat' dir='ltr'><strong>id</strong></span> 
     </span>
    </p>
   </div>
   <div class='ocr_carea' id='block_1_114' title="bbox 2000 5338 3590 5428">
    <p class='ocr_par' dir='ltr' id='par_1_114' title="bbox 2000 5338 3590 5428">
     <span class='ocr_line' id='line_1_115' title="bbox 2000 5338 3590 5428; baseline -0.021 -4"><span class='ocrx_word' id='word_1_823' title='bbox 2000 5338 2361 5424; x_wconf 37' lang='lat' dir='ltr'><strong>est-Christus</strong></span> <span class='ocrx_word' id='word_1_824' title='bbox 2384 5366 2649 5428; x_wconf 88' lang='lat' dir='ltr'><strong>acccptat.</strong></span> <span class='ocrx_word' id='word_1_825' title='bbox 2681 5354 2818 5423; x_wconf 83' lang='lat' dir='ltr'><strong>Quia</strong></span> <span class='ocrx_word' id='word_1_826' title='bbox 2847 5367 2972 5407; x_wconf 89' lang='lat' dir='ltr'><strong>vero</strong></span> <span class='ocrx_word' id='word_1_827' title='bbox 3027 5346 3322 5404; x_wconf 76' lang='lat' dir='ltr'><strong>crucifixus</strong></span> <span class='ocrx_word' id='word_1_828' title='bbox 3377 5338 3590 5396; x_wconf 89' lang='lat' dir='ltr'><strong>ardenti</strong></span> 
     </span>
    </p>
   </div>
   <div class='ocr_carea' id='block_1_115' title="bbox 2003 5430 3589 5522">
    <p class='ocr_par' dir='ltr' id='par_1_115' title="bbox 2003 5430 3589 5522">
     <span class='ocr_line' id='line_1_116' title="bbox 2003 5430 3589 5522; baseline -0.018 -10"><span class='ocrx_word' id='word_1_829' title='bbox 2003 5454 2276 5512; x_wconf 89' lang='lat' dir='ltr'><strong>desiderio</strong></span> <span class='ocrx_word' id='word_1_830' title='bbox 2317 5452 2682 5522; x_wconf 85' lang='lat' dir='ltr'><strong>quaerebatur,</strong></span> <span class='ocrx_word' id='word_1_831' title='bbox 2741 5445 2896 5514; x_wconf 84' lang='lat' dir='ltr'><strong>juxta</strong></span> <span class='ocrx_word' id='word_1_832' title='bbox 2943 5441 3088 5512; x_wconf 90' lang='lat' dir='ltr'><strong>quod</strong></span> <span class='ocrx_word' id='word_1_833' title='bbox 3136 5436 3314 5506; x_wconf 88' lang='lat' dir='ltr'><strong>inquit</strong></span> <span class='ocrx_word' id='word_1_834' title='bbox 3364 5430 3589 5502; x_wconf 84' lang='lat' dir='ltr'><strong>angelus</strong></span> 
     </span>
    </p>
   </div>
   <div class='ocr_carea' id='block_1_116' title="bbox 2003 5527 3586 5608">
    <p class='ocr_par' dir='ltr' id='par_1_116' title="bbox 2003 5527 3586 5608">
     <span class='ocr_line' id='line_1_117' title="bbox 2003 5527 3586 5608; baseline -0.017 -6"><span class='ocrx_word' id='word_1_835' title='bbox 2003 5543 2360 5602; x_wconf 88' lang='lat' dir='ltr'><strong>mulieribus:</strong></span> <span class='ocrx_word' id='word_1_836' title='bbox 2397 5532 2519 5596; x_wconf 79' lang='lat' dir='ltr'><strong>Scio</strong></span> <span class='ocrx_word' id='word_1_837' title='bbox 2551 5538 2690 5608; x_wconf 87' lang='lat' dir='ltr'><strong>quod</strong></span> <span class='ocrx_word' id='word_1_838' title='bbox 2740 5535 2926 5590; x_wconf 85' lang='lat' dir='ltr'><strong>Jesum</strong></span> <span class='ocrx_word' id='word_1_839' title='bbox 2963 5532 3198 5604; x_wconf 80' lang='lat' dir='ltr'><strong>quteritis</strong></span> <span class='ocrx_word' id='word_1_840' title='bbox 3242 5527 3586 5593; x_wconf 72' lang='lat' dir='ltr'><strong>crucifixum;</strong></span> 
     </span>
    </p>
   </div>
   <div class='ocr_carea' id='block_1_117' title="bbox 2007 5662 3590 5750">
    <p class='ocr_par' dir='ltr' id='par_1_117' title="bbox 2007 5662 3590 5750">
     <span class='ocr_line' id='line_1_118' title="bbox 2007 5662 3590 5750; baseline -0.018 -14"><span class='ocrx_word' id='word_1_841' title='bbox 2007 5680 2318 5750; x_wconf 74' lang='lat' dir='ltr'><strong>prwcedenti</strong></span> <span class='ocrx_word' id='word_1_842' title='bbox 2362 5673 2902 5750; x_wconf 74' lang='lat' dir='ltr'><strong>Dominicaorutione</strong></span> <span class='ocrx_word' id='word_1_843' title='bbox 2929 5670 3146 5749; x_wconf 77' lang='lat' dir='ltr'><strong>petitum</strong></span> <span class='ocrx_word' id='word_1_844' title='bbox 3183 5681 3296 5750; x_wconf 19' lang='lat' dir='ltr'><strong>Anon</strong></span> <span class='ocrx_word' id='word_1_845' title='bbox 3342 5662 3470 5750; x_wconf 44' lang='lat' dir='ltr'><strong>siti</strong></span> <span class='ocrx_word' id='word_1_846' title='bbox 3496 5672 3590 5750; x_wconf 69' lang='lat' dir='ltr'><strong>nec</strong></span> 
     </span>
    </p>
   </div>
   <div class='ocr_carea' id='block_1_118' title="bbox 2004 5741 3588 5818">
    <p class='ocr_par' dir='ltr' id='par_1_118' title="bbox 2004 5741 3588 5818">
     <span class='ocr_line' id='line_1_119' title="bbox 2004 5741 3588 5818; baseline -0.015 -14"><span class='ocrx_word' id='word_1_847' title='bbox 2004 5741 2178 5804; x_wconf 76' lang='lat' dir='ltr'><strong>tamen</strong></span> <span class='ocrx_word' id='word_1_848' title='bbox 2223 5749 2518 5818; x_wconf 84' lang='lat' dir='ltr'><strong>super/luit,</strong></span> <span class='ocrx_word' id='word_1_849' title='bbox 2559 5745 2680 5816; x_wconf 79' lang='lat' dir='ltr'><strong>quia</strong></span> <span class='ocrx_word' id='word_1_850' title='bbox 2727 5753 2802 5799; x_wconf 78' lang='lat' dir='ltr'><strong>est</strong></span> <span class='ocrx_word' id='word_1_851' title='bbox 2853 5741 3109 5813; x_wconf 67' lang='lat' dir='ltr'><strong>expositio</strong></span> <span class='ocrx_word' id='word_1_852' title='bbox 3147 5748 3194 5789; x_wconf 86' lang='lat' dir='ltr'><strong>et</strong></span> <span class='ocrx_word' id='word_1_853' title='bbox 3240 5741 3472 5803; x_wconf 76' lang='lat' dir='ltr'><strong>repetitio</strong></span> <span class='ocrx_word' id='word_1_854' title='bbox 3503 5741 3588 5781; x_wconf 80' lang='lat' dir='ltr'><strong>se-</strong></span> 
     </span>
    </p>
   </div>
   <div class='ocr_carea' id='block_1_119' title="bbox 2004 5819 3536 5891">
    <p class='ocr_par' dir='ltr' id='par_1_119' title="bbox 2004 5819 3536 5891">
     <span class='ocr_line' id='line_1_120' title="bbox 2004 5819 3536 5891; baseline -0.005 -18"><span class='ocrx_word' id='word_1_855' title='bbox 2004 5822 2175 5889; x_wconf 64' lang='lat' dir='ltr'><strong>ptima?</strong></span> <span class='ocrx_word' id='word_1_856' title='bbox 2199 5819 2479 5891; x_wconf 80' lang='lat' dir='ltr'><strong>petitionis.</strong></span> <span class='ocrx_word' id='word_1_857' title='bbox 2809 5822 2816 5828; x_wconf 89' lang='lat'>&#39;</span> <span class='ocrx_word' id='word_1_858' title='bbox 2846 5823 2849 5825; x_wconf 82' lang='lat'>&#39;</span> <span class='ocrx_word' id='word_1_859' title='bbox 3460 5841 3496 5865; x_wconf 48' lang='lat'><strong>.»</strong></span> <span class='ocrx_word' id='word_1_860' title='bbox 3527 5838 3536 5849; x_wconf 85' lang='lat'><strong>-</strong></span> 
     </span>
    </p>
   </div>
  </div>
