4078 6336
537 426 634 483 891

1387 419 1614 476 ADDIT.
1653 420 1746 475 AD
1785 417 1948 474 T051.
1992 417 2056 472 111
2091 416 2241 473 OPP.
2277 416 2337 472 S.
2374 414 2576 472 PETRI
2614 411 2918 472 DAMIANI.

3695 405 3812 462 88‘3

536 541 660 595 ideo
687 552 820 595 crux
840 549 962 590 cum
988 541 1186 604 patens
1207 530 1539 606 imprimitur
1566 531 1621 585 in
1649 529 1810 595 facie;
1825 527 2117 597 statimque
2145 531 2194 592 Α
2221 525 2548 596 signiﬁcent,
2577 523 2800 593 Sergius
2832 534 2970 592 papa
3009 517 3354 584 determinat,
3380 515 3566 573 dicens
3601 533 3615 569 :
3652 536 3670 570 ι
3706 518 3814 570 tri-

535 627 795 686 sacerdos
817 623 1094 681 osculatur
1114 621 1695 694 patenam,ostendens
1713 619 1857 690 quod
1869 617 2121 674 Christus

533 720 817 776 confestim
843 717 1086 786 implevit
1111 715 1438 771 desiderium
1463 713 1783 778 mulierum;
1814 726 1939 772 mox
1966 709 2112 765 enim

532 812 770 868 occurrit
791 811 874 866 eis
898 811 1085 864 dicens
1111 825 1123 862 :
1145 809 1320 862 Aucte.
1346 806 1498 860 Tunc
1523 804 1777 865 sacerdos
1801 803 2002 874 frangit
2024 802 2123 856 ho-

533 903 692 957 stiam
727 903 780 959 in
804 910 915 956 tres
943 909 1162 971 partes;
1193 908 1248 953 et
1274 897 1483 952 duabus
1507 905 1659 952 extra
1693 893 1917 951 calicem
1946 907 2122 948 reser-

533 995 691 1057 vatis,
733 1008 855 1048 cum
891 991 995 1045 alia
1033 993 1243 1060 signum
1286 989 1464 1044 crucis
1492 986 1623 1042 facit
1655 980 1821 1056 super
1853 984 2119 1048 calicem.

532 1095 587 1142 et
627 1085 734 1140 alta
757 1099 889 1139 voce
917 1083 1146 1138 dicendo
1179 1100 1191 1134 :
1224 1080 1344 1137 Pas:
1379 1079 1588 1134 Domini
1612 1079 1682 1132 sit
1718 1092 1921 1146 semper
1947 1075 2120 1129 uobis-

531 1193 670 1240 cum,
697 1174 1018 1245 particulam
1042 1173 1228 1228 hostia:
1254 1171 1308 1228 in
1339 1169 1563 1226 calicem
1585 1167 1826 1225 dimittit.
1850 1165 2122 1220 Sacerdos

532 1265 700 1336 igitur
733 1265 969 1320 hostiam
1021 1263 1240 1333 frangit,
1263 1271 1322 1321 ut
1351 1261 1403 1314 in
1447 1259 1713 1314 fractione
1753 1255 1913 1328 panis
1944 1255 2113 1308 Deum

532 1367 942 1424 cognoscamus,
967 1352 1108 1408 sicut
1129 1352 1205 1409 illi
1239 1349 1486 1422 discipuli
1527 1349 1582 1404 in
1635 1348 1912 1403 Emmaus.
1973 1344 2118 1400 Con-

527 1442 737 1512 iunctio
786 1444 948 1515 panis
971 1443 1162 1499 etvini
1202 1443 1475 1514 signiﬁcat
1523 1441 1781 1497 unionem
1829 1438 2014 1495 carnis
2067 1445 2124 1492 et

531 1537 728 1592 animae
767 1537 822 1591 in
851 1536 1254 1592 resurrectione
1278 1532 1482 1591 Christi
1515 1533 1694 1588 denuo
1719 1528 2110 1601 supervenien-

534 1637 662 1684 tom.
712 1626 838 1682 Ideo
868 1635 950 1682 ter
971 1626 1186 1696 signum
1221 1625 1542 1694 producitur
1587 1637 1712 1678 cum
1742 1620 1919 1676 hostia
1947 1631 2115 1689 super

531 1717 726 1782 calice,
756 1717 886 1786 quia
931 1717 1108 1772 virtus
1143 1715 1437 1771 Trinitatis
1466 1714 1705 1770 animam
1747 1709 1997 1767 cruciﬁxi
2036 1723 2122 1764 re-

531 1806 685 1859 duxit
713 1806 778 1860 ad
810 1820 1054 1860 carnem.
1093 1805 1214 1860 Ideo
1237 1805 1400 1859 etiam
1425 1803 1565 1858 ﬁunt
1589 1812 1701 1858 tres
1729 1816 1920 1857 cruces
1948 1813 2114 1869 super

2222 619 2396 675 lorme
2452 625 2537 674 est
2583 630 2779 686 corpus
2818 612 3053 678 Christi;
3086 627 3214 682 pars
3243 610 3440 667 oblatae
3486 611 3540 665 in
3568 610 3811 667 calicem

2221 711 2388 766 missa
2428 723 2624 778 corpus
2664 705 2888 770 Christi,
2917 703 3058 774 quod
3080 703 3191 774 jam
3218 705 3542 770 resurrexit,
3572 705 3815 760 demon-

2223 810 2393 866 strat;
2421 815 2550 871 pars
2573 807 2839 860 comesta.
2869 811 3066 866 corpus
3117 795 3402 851 ambulans
3429 796 3604 850 adhuc
3631 810 3814 864 super

2223 902 2456 956 terram;
2506 902 2635 958 pars
2659 888 2712 943 in
2740 887 2896 942 altari
2941 897 3114 957 usque
3148 886 3215 941 ad
3265 885 3426 940 ﬁnem
3481 886 3661 940 missa:
3725 901 3817 939 re-

2222 996 2472 1046 manens,
2505 994 2703 1050 corpus
2720 977 2910 1049 jacens
2931 978 2985 1033 in
3012 977 3284 1048 sepulcro,
3308 978 3434 1048 quia
3457 992 3630 1048 usque
3651 979 3713 1032 in
3750 977 3818 1032 li-

2223 1092 2348 1133 nem
2377 1074 2563 1131 saaculi
2590 1087 2820 1144 corpora
2855 1080 3168 1128 sanctorum
3195 1071 3248 1126 in
3273 1071 3541 1142 sepulcris
3570 1079 3767 1125 erunt.
3791 1087 3810 1120 s

2223 1166 2343 1222 Pas:
2368 1165 2581 1220 Domini
2603 1165 2670 1220 sit
2690 1179 2892 1234 semper
2904 1163 3190 1218 vobiscum.
3212 1161 3328 1218 Hoc
3351 1161 3623 1232 signiﬁcat
3652 1159 3816 1230 quod

2223 1257 2376 1314 stetit
2399 1255 2558 1313 Iesus
2581 1256 2635 1310 in
2658 1255 2836 1310 medio
2859 1253 3270 1325 discipulorum,
3295 1262 3349 1310 et
3368 1253 3502 1309 dixit
3532 1255 3650 1309 eis:
3685 1252 3819 1307 Pas:

2222 1351 2383 1406 vobis.
2437 1349 2574 1417 Quia
2611 1363 2742 1404 vero
2779 1347 2963 1405 statim
3011 1346 3161 1402 dedit
3209 1347 3291 1402 eis
3343 1353 3670 1416 potestatem
3721 1359 3817 1399 re-

2223 1441 2470 1497 mittendi
2501 1448 2754 1512 peccata;
2791 1455 3036 1512 quorum,
3065 1437 3262 1508 inquit,
3288 1437 3591 1493 remiseritis
3619 1451 3820 1504 pecca-

2225 1545 2303 1602 ta,
2351 1545 2484 1600 etc.,
2525 1534 2728 1590 idcirco
2764 1533 2965 1588 chorus
3014 1532 3217 1587 clamat
3256 1529 3325 1584 ad
3370 1530 3543 1598 ipsum
3583 1528 3818 1598 :Agnu

2227 1624 2345 1690 Dei,
2385 1626 2477 1696 qui
2505 1624 2650 1680 tollis
2677 1635 2891 1696 peccata
2921 1623 3129 1689 mundi,
3156 1623 3401 1677 miserere
3432 1620 3604 1676 nobis.
3643 1619 3718 1674 Et
3746 1633 3818 1673 ne

2225 1713 2512 1785 loquamur
2539 1729 2746 1784 pacem,
2775 1723 2832 1770 et
2859 1729 2967 1770 non
2999 1712 3298 1768 habeamus
3331 1711 3382 1766 in
3409 1711 3598 1775 corde,
3639 1710 3818 1782 lnneé

2227 1808 2438 1862 centius
2465 1805 2615 1876 pacis
2640 1804 2885 1861 osculum
2915 1803 3031 1858 dari
3061 1801 3302 1858 decrevit
3331 1809 3385 1857 et
3407 1802 3662 1857 omnibus
3714 1804 3815 1856 da-

530 1911 596 1951 os
631 1897 839 1962 calicis,
869 1898 995 1968 quia
1020 1905 1131 1952 tres
1154 1896 1413 1952 mulieres
1437 1895 1754 1966 quaerebant
1782 1891 2113 1948 cruciﬁxum
2145 1887 2190 1947 B
2221 1905 2329 1959 tur,
2357 1905 2420 1952 ut
2456 1871 2672 1952 constet
2697 1894 2951 1965 populum
3001 1893 3070 1968 ad
3104 1893 3308 1958 omnia,
3361 1907 3482 1963 quae
3539 1871 3822 1964 mysterio.

531 1990 599 2044 ad
633 1990 830 2044 ostium
864 1991 1230 2055 monumenti;
1285 1991 1352 2046 de
1387 2004 1496 2058 quo
1551 1989 1814 2044 diaconus
1865 1993 2114 2040 removet

530 2080 836 2149 corporale,
861 2081 1150 2153 designans
1166 2081 1308 2150 quod
1327 2080 1542 2150 angelus
1562 2079 1777 2134 Domini
1795 2077 2007 2133 revolvit
2030 2075 2114 2130 la-

529 2169 703 2238 pidem
749 2171 814 2226 ab
845 2171 978 2226 ostio
1007 2172 1351 2225 monumenti.
1394 2169 1534 2238 Quid
1581 2178 1761 2226 autem
1791 2167 1896 2224 illae
1925 2174 2112 2236 partes

2222 1997 2454 2060 aguntur
2488 1997 2544 2043 et
2574 1988 2629 2043 in
2654 1986 2896 2043 Ecclesia
2923 1985 3288 2050 celebrantur,
3317 2000 3473 2041 suum
3501 1986 3816 2057 praebuisse

2223 2093 2573 2135 οοιιεεηευδη.

934 2307 1224 2388 Explicit
1257 2306 1602 2387 Expositio
1638 2305 1912 2368 Cononis
1945 2301 2146 2363 missas
2197 2297 2536 2363 secundum
2565 2297 2808 2359 beatum
2838 2295 3093 2357 Petrum
3126 2292 3436 2355 Damiani.
3465 2297 3474 2324 ‘

541 2435 3816 2478 MM

1005 2565 1731 2684 TESTIMON
1746 2566 1884 2680 [Α
1967 2566 2318 2684 NOVI
2379 2558 3136 2680 TESTAMEN
3149 2557 3294 2674 TI

2113 2803 2255 2858 QUE

757 2957 846 3018 De
877 2957 1199 3038 opusculis
1233 2957 1397 3021 beati
1420 2957 1597 3022 Petri
1625 2956 1916 3020 Damiani
1951 2955 2205 3036 quidam
2239 2956 2370 3036 ejus
2407 2953 2762 3035 discipulus
2794 2972 3124 3036 excerpere
3152 2953 3400 3018 curarit
3617 3009 3619 3012 .

1401 3136 2054 3218 TESTIMONIA
2109 3135 2238 3214 nx
2295 3105 2948 3216 Evsuennns.

2042 3318 2400 3331 _—

1062 3416 1156 3472 ΕΚ
1207 3417 1582 3477 ΜΑΤΤΗᾸΞΟ.

861 3522 976 3562 CAP!
987 3523 1124 3564 TDLA
1147 3523 1421 3566 εεςυκυυιι
1450 3527 1518 3565 ΗΑ
1528 3526 1783 3568 TTHEUH.

539 3595 594 3654 ι.
620 3595 776 3670 Quod
817 3598 873 3650 in
894 3597 1213 3670 ﬁgenealogia
1258 3601 1467 3656 Domini
1499 3603 1924 3670 repreliensibiles
1951 3602 2118 3658 solum

611 3666 856 3743 mulieres
886 3666 1309 3743 interponuntur,
1353 3682 1401 3725 et
1427 3666 1564 3743 quod
1601 3672 1886 3743 Matt/_ta‘us
1917 3675 2123 3727 descen-

609 3735 783 3806 dendo
798 3751 859 3806 at
890 3740 1246 3802 generationes
1275 3735 1570 3802 enumerat,
1595 3759 1709 3795 cum
1740 3741 1910 3796 Lucas
1940 3758 2121 3798 tum

611 3805 942 3878 ascendendo
992 3809 1270 3878 describat.
1303 3839 1373 3850 -—
1400 3811 1456 3864 2.
1497 3809 1600 3865 Vos
1630 3814 1753 3866 estis
1808 3813 1889 3866 sal
1927 3824 2120 3878 term;

611 3875 658 3929 si
679 3873 763 3927 sal
789 3876 1074 3950 evanuerit,
1101 3879 1154 3950 _in
1174 3896 1276 3948 quo
1305 3883 1618 3936 condietur.’
1671 3912 1741 3922 --
1790 3884 1845 3938 5.
1881 3883 2003 3937 Non
2028 3873 2124 3950 po;

611 3952 709 3998 test
739 3944 896 3998 arbor
921 3945 1059 4022 mala
1085 3944 1289 4017 fructus
1323 3951 1484 4006 bonos
1511 3951 1707 4022 facere.
1766 3984 1834 3993 —
1889 3954 1944 4007 4.
1974 3944 2124 4006 Inter

611 4025 762 4092 natos
827 4014 1229 4092 mulierumnon
1255 4024 1488 4075 surrexit
1511 4014 1715 4092 ’νησίον
1759 4023 1967 4077 Joanne
2014 4022 2124 4076 Ba-

611 4085 792 4164 ptista.
821 4113 893 4164 ‘—
929 4085 986 4164 5.
1018 4086 1262 4164 Colligite
1292 4092 1519 4164 primum
1556 4085 1786 4159 ziiania,
1831 4105 1880 4148 et
1909 4093 2122 4162 alligata

523 4173 530 4176 ’λ
611 4153 891 4225 ιαεεὶσιιιοε
918 4156 986 4209 ad
1008 4153 1437 4216 comburendunt.

537 4269 580 4315 ι.
618 4271 671 4313 IN
700 4269 1050 4312 EXPOSITIONE
1085 4276 1315 4316 EIUSDEM
1347 4277 1628 4318 EVANGELII
1665 4280 1760 4320 SEU
1795 4277 1847 4320 IN
1873 4277 2122 4322 εεκΜοΝι

529 4365 532 4368 ~
1036 4345 1102 4386 ne
1133 4349 1334 4388 sucro
1361 4350 1496 4390 LUCA
1523 4335 1660 4407 (ὃὸ).

611 4421 745 4476 Illud
785 4437 915 4478 vero
949 4423 1211 4494 quosdam
1251 4440 1468 4480 movere
1512 4442 1619 4479 non
1670 4426 2123 4482 irrationabiliter

540 4521 722 4582 potest
753 4529 848 4568 cur
883 4525 1106 4570 sanctus
1151 4515 1484 4585 evangelista
1529 4517 1986 4587 reprcheusibiles
2035 4535 2122 4574 so-

543 4603 820 4660 lummodo
847 4606 1100 4662 mulieres
1132 4607 1183 4661 in
1213 4605 1411 4662 Christi
1439 4610 1752 4680 genealogia
1778 4611 2122 4680 interponere

539 4695 768 4759 studuit,
805 4707 1020 4752 sanctas
1049 4712 1177 4752 vero
1205 4708 1260 4753 et
1289 4698 1494 4768 absque
1541 4700 1648 4753 ulla
1689 4701 2120 4757 contradictione

2144 3425 2189 3488 (ζ
2221 3429 2365 3476 ctum
2391 3433 2474 3476 est
2503 3429 2584 3487 ut,
2608 3419 2733 3477 dum
2756 3419 3090 3492 Redemptor
3117 3428 3305 3478 noster
3328 3421 3396 3478 de
3424 3424 3816 3494 peccatoribus

2221 3518 2386 3566 natus
2433 3524 2556 3568 esse
2602 3513 2950 3578 describitur,
2982 3529 3082 3584 pro
3123 3513 3501 3585 peccatoribus
3551 3515 3617 3572 de
3669 3517 3817 3574 coelo

2221 3603 2289 3657 ad
2313 3619 2531 3673 pinnam
2562 3603 2908 3660 descendisse
2938 3605 3222 3671 credatur;
3269 3605 3555 3662 descendit
3583 3607 3815 3678 quippe,

2221 3703 2280 3747 ut
2305 3702 2525 3762 peccata
2567 3699 2750 3748 nostra
2797 3693 2912 3762 ipse
2957 3700 3229 3764 portaret;
3261 3696 3508 3751 ascendit
3558 3711 3714 3762 vero,
3744 3707 3818 3752 ut

2222 3783 2518 3838 divinitatis
2571 3797 2684 3840 sua:
2731 3799 2831 3840 nos
2872 3786 3164 3855 participes
3217 3786 3464 3852 faceret,
3519 3788 3663 3844 sicut
3709 3803 3818 3857 per

2220 3872 2534 3943 Apostolum
2558 3873 2778 3940 dicitur,
2817 3876 2943 3944 quia
2975 3887 3212 3930 mortuus
3248 3885 3325 3932 est
3355 3888 3567 3948 propter
3590 3888 3816 3947 peccato

2223 3974 2443 4028 nostra,
2499 3975 2546 4018 et
2604 3966 2886 4020 resurrexit
2943 3976 3164 4035 propter
3212 3967 3657 4038 iustiﬁcationem
3706 3982 3816 4022 no-

2222 4068 2412 4115 stram.
2450 4059 2591 4116 llinc
2620 4069 2702 4116 est
2731 4060 2875 4117 enim
2920 4061 3064 4132 quod
3113 4061 3400 4118 Mattliazus
3425 4062 3816 4118 descendendo

2223 4165 2319 4220 per
2349 4150 2716 4219 Salomoncm,
2765 4153 2919 4224 cujus
2968 4163 3197 4209 matrem
3235 4155 3670 4225 concupiscendo
3702 4154 3817 4208 Da-

2221 4240 2310 4296 vid
2341 4243 2606 4311 peccavit,
2636 4259 2703 4298 χι.
2730 4245 3110 4316 generationes
3132 4255 3445 4312 enumerat;
3477 4262 3599 4302 cum
3628 4245 3815 4303 Lucas

2222 4333 2562 4388 ascendendo
2597 4351 2696 4404 per
2749 4335 2991 4402 Mallian,
3047 4351 3147 4406 per
3190 4336 3343 4406 cujus
3388 4337 3624 4392 nominis
3673 4351 3806 4406 pro-

2223 4424 2441 4492 phetam
2464 4435 2748 4495 peccatum
2770 4427 2936 4480 David
2961 4427 3222 4507 pxpiavit,
3250 4445 3356 4484 Lxx
3385 4437 3440 4484 et
3471 4445 3543 4482 vn
3576 4443 3817 4499 genera-

2223 4514 2397 4570 tiones
2441 4516 2732 4572 describat.
2780 4517 2884 4572 Pcr
2935 4517 3246 4574 Mattlitcum
3291 4519 3491 4588 quippe
3528 4519 3804 4587 signatur,

2224 4606 2350 4677 quia
2382 4607 2584 4662 idcirco
2617 4606 2711 4660 Dei
2739 4607 2908 4663 Filius
2933 4609 2999 4662 ad
3031 4623 3129 4663 nos
3159 4618 3474 4679 peccatores
3503 4609 3812 4674 descendit,

2223 4707 2282 4752 ut
2309 4698 2656 4754 mortalitatis
2699 4708 2902 4754 nostra:
2932 4701 3204 4770 particeps
3254 4701 3440 4766 ﬁeret;
3474 4716 3570 4772 per
3600 4699 3811 4754 Lucam

539 4783 842 4844 laudabiles
885 4787 1098 4844 silentio
1140 4791 1459 4858 prseterivit.
1504 4789 1610 4846 Sed
1660 4791 1763 4846 hoc
1795 4792 1999 4848 idcirco
2035 4792 2119 4848 fa-
2148 4785 2196 4844 D
2225 4808 2354 4848 vero
2387 4793 2629 4848 inuuitur
2671 4794 2798 4865 quia
2841 4792 3045 4850 idcirco
3073 4803 3194 4865 post
3236 4794 3692 4850 resurrectionem
3738 4793 3813 4846 ad

521 4999 524 5002 .
606 4943 733 5020 _(52)
777 4915 834 4999 in
873 4945 1130 5020 editione
1155 4945 1416 5020 _Operum
1458 4945 1514 5001 S.
1551 4947 1787 5002 doctoris
1834 4947 1984 5003 Petri
2016 4950 2126 5005 Da-
2226 4951 2317 5013 cit,
2342 4950 2560 5020 reperiri
2609 4950 2822 5003 minime
2860 4959 3157 5020 potuerunt.
3193 4947 3299 5003 Sed
3333 4955 3483 5020 certe
3512 4945 3809 5020 Cajetauus

545 5016 711 5088 ntiani
736 5030 830 5082 per
863 5015 1051 5088 Const.
1075 5015 1392 5088 Cajetanum
1420 5026 1630 5088 curata,
1655 5026 1874 5088 exstant
1902 5019 2120 5088 quidem

545 5085 880 5139 collectanea
913 5086 1348 5140 testimoniorum
1404 5103 1468 5140 ex
1522 5085 1704 5141 Veteri
1745 5085 2119 5154 Testamento,

544 5170 854 5224 quanquam
889 5155 994 5209 ﬁne
1047 5156 1320 5220 carentia;
1360 5157 1454 5211 sed
1497 5157 1828 5212 collectanea
1872 5173 1938 5212 ex
1971 5159 2120 5214 Novo

545 5223 1098 5296 desideratitur,_qtta
1141 5241 1304 5296 super
1339 5241 1397 5281 re
1432 5227 1510 5281 sic
1561 5226 1796 5294 loquitur
1828 5229 2120 5296 praedictus

545 5293 726 5376 editor
749 5303 875 5376 tom:
905 5294 995 5361 1V,
1031 5309 1151 5376 pag.
1188 5294 1332 5376 158‘;
1352 5293 1751 5376 Admonendum
1779 5293 2118 5376 te'p‘utamus,

546 5362 726 5437 (_ectgr'
763 5365 973 5437 optime,
1028 5362 1332 5437 ltujnsmodi
1381 5367 1696 5421 collectanea
1746 5383 1812 5421 ea:
1843 5362 2122 5437 Operibus

522 5430 1063 5506 'S._Pctri:Damiani
1082 5430 1344 5504 excerpta,
1375 5453 1566 5506 magna
1609 5452 1725 5506 cum
1773 5430 2045 5506 diligentia
2090 5456 2124 5492 a

545 5503 693 5572 nobis
720 5505 883 5572 fuisse
911 5506 1201 5572 conquisita
1226 5522 1244 5568 ;
1269 5507 1359 5560 sed
1385 5503 1558 5560 tamen
1579 5507 1633 5560 in
1671 5504 1837 5560 Vetus
1862 5503 2123 5561 duntaxat

549 5569 957 5646 Testamentum,
999 5569 1162 5646 eaque
1214 5576 1540 5646 imperfecta,
1606 5586 1944 5646 uthapparet,
2001 5593 2120 5645 quae

543 5657 684 5695 nunc
694 5643 758 5715 _i_n
795 5642 962 5715 lugent
982 5641 1194 5715 damus,
1217 5641 1623 5713 fuissc'inventa.
1661 5641 1802 5699 Nam
1838 5641 2117 5715 expositio-

546 5725 660 5785 nes“
683 5709 1344 5785 Noui_Testantenti,_quas
1373 5716 1553 5785 etiam,
1569 5723 1633 5785 ut
1661 5725 1805 5770 vetus
1847 5709 2116 5785 inscriptio

544 5782 764 5848 indicat,
791 5779 929 5837 idem
951 5791 1154 5850 auctor,
1180 5779 1237 5838 S.
1265 5784 1496 5840 doctoris
1521 5784 1829 5854 discipulus,
1857 5779 2111 5856 compila-

2227 5016 2565 5091 diligentiam
2586 5035 2744 5091 suam
2787 5021 2840 5073 in
2861 5016 2968 5073 hoc
2989 5034 3153 5086 opere
3176 5016 3493 5091 vestigando
3515 5026 3672 5091 extra
3701 5016 3812 5070 Va-

2225 5086 2458 5145 ticaitatn
2492 5087 2876 5144 bibliothecam
2913 5089 3280 5158 exprompsit;
3314 5086 3437 5142 nam
3461 5086 3622 5158 hujus
3649 5097 3811 5158 vetus

2225 5161 2396 5216 codex
2419 5159 2583 5225 4930,
2615 5160 2770 5228 cujus
2799 5169 2881 5214 est
2903 5156 3100 5215 recens
3129 5156 3498 5230 apographum
3542 5156 3804 5211 Ottobon.

2218 5229 2346 5294 982,
2377 5243 2608 5297 utraque
2633 5227 2966 5287 cellectanea
3016 5238 3126 5284 tam
3163 5227 3257 5282 ἐί
3292 5227 3474 5283 Veteri
3525 5241 3688 5297 quam
3738 5239 3803 5278 es

2231 5299 2380 5356 Novo
2423 5294 2778 5355 Testamento
2827 5299 3085 5354 continet.
3128 5298 3311 5355 Placet
3360 5294 3806 5368 igitur'Operutn

2228 5371 2366 5496 {and
2403 5371 2641 5426 doctoris
2670 5369 2962 5426 editionem
2997 5371 3100 5428 hoc
3141 5370 3306 5425 etiam
3350 5369 3554 5438 scripto
3606 5381 3805 5420 cumu-

2251 5457 2364 5496 are.

2251 5457 2364 5498 are.

2297 5511 2412 5581 (55)
2443 5511 2638 5568 Sermo
2665 5511 2733 5566 de
2758 5509 2816 5565 S.
2849 5508 3016 5582 Luca,
3065 5511 3277 5582 in__quo
3302 5506 3506 5582 partim
3545 5505 3843 5582 leguntur.

2226 5575 2530 5654 seqtteittia,
2555 5590 2734 5654 exstat
2759 5582 2812 5636 in
2842 5580 3095 5654 ed._tom_.
3127 5575 3202 5654 ιεξ
3220 5597 3270 5651 p.
3296 5575 3423 5654 279:
3449 5577 3558 5654 sed
3582 5575 3808 5654 exposi-

2226 5644 2318 5706 tio.
2337 5652 2451 5708 sive
2475 5644 2526 5706 in
2556 5651 2867 5708 Matthamm
2907 5651 3023 5706 sive
3064 5652 3117 5706 in
3149 5644 3350 5706 Lucam
3391 5648 3453 5704 S.
3505 5644 3672 5704 Petri
3701 5644 3805 5700 Da-

2225 5722 2412 5791 tniani,
2436 5723 2480 5778 si
2507 5721 2646 5780 forte
2675 5724 2904 5787 exstitit,
2940 5722 3084 5778 nulla
3115 5722 3260 5778 edita
3293 5721 3544 5777 habetur.
