4078 6336
285 434 390 491 893

1229 415 1731 493 consonum
1770 437 1861 493 ex
1900 437 2089 495 novo
2126 436 2616 500 rasa-sumre.

3443 440 3549 499 895

285 575 501 629 Patrem
541 553 808 638 ascendit,
855 580 913 626 ut
962 588 1059 629 nos
1103 574 1402 629 divinitatis
1445 589 1557 630 suae
1583 583 1863 630 consortes

1973 554 2241 611 damnavit
2266 567 2546 628 peceatum
2589 561 2642 613 in
2671 573 2854 616 carne.
2885 558 3020 616 Cum
3054 557 3201 614 enim
3234 557 3368 615 dicit
3401 555 3552 614 misit

285 662 556 726 elliceret;
583 660 724 716 sicut
753 675 850 732 per
893 663 1170 732 egregium
1201 663 1612 732 praedicatorem
1635 662 1864 717 dicitur:

288 751 444 818 Quod
475 760 652 803 autem
683 751 940 816 ascendit,
984 751 1114 821 quid
1151 762 1258 816 est,
1304 751 1404 805 nisi
1449 753 1572 822 quia
1605 751 1868 805 descendit

284 840 514 910 primum
553 838 608 891 in
641 837 914 907 inferiores
963 849 1138 908 partes
1185 841 1377 894 terrm?
1424 838 1528 906 'Qui
1578 840 1868 906 descendit,

288 933 398 997 ipsc
424 937 574 984 estet
601 928 693 994 qui
720 929 956 983 ascendit
993 945 1152 1000 super
1193 947 1371 984 omnes
1402 931 1578 996 ccelos,
1611 940 1665 984 ut
1697 931 1869 984 adim-

287 1019 450 1088 pleret
482 1021 679 1075 omnia.
718 1020 821 1076 Per
857 1036 1140 1075 numerum
1179 1030 1357 1076 autem
1397 1038 1556 1092 quem
1588 1021 1870 1076 Matthaaus

289 1114 526 1179 ordinat,
559 1114 830 1183 susceptio
861 1113 1148 1168 laboriosae
1184 1113 1566 1179 mortalitatis;
1595 1128 1694 1183 per
1719 1112 1870 1167 illum

289 1221 420 1262 vero
443 1220 604 1276 quem
637 1205 810 1259 Lucas
853 1205 1054 1273 posuit,
1087 1205 1351 1260 humana!
1377 1205 1702 1276 exprimitur
1737 1204 1870 1258 aha-

293 1299 412 1354 litio
439 1297 742 1368 pravitatis.
773 1296 878 1350 Per
902 1297 1394 1369 quadragenarium
1446 1296 1642 1366 quippe
1679 1307 1869 1351 nume-

289 1402 409 1443 rum
435 1385 588 1440 labor
613 1385 954 1454 exprimitur,
982 1401 1089 1455 quo
1115 1385 1369 1441 videlicet
1399 1383 1647 1441 Christus
1675 1385 1728 1439 in
1752 1398 1874 1440 cor-

289 1489 423 1548 pore
451 1489 570 1540 suo,
604 1475 747 1544 quod
775 1484 858 1530 est
889 1474 1156 1541 Ecclesia,
1192 1491 1290 1547 per
1319 1476 1532 1531 diversa
1563 1475 1688 1530 vita:
1714 1472 1872 1544 hujus

293 1574 534 1637 tempora
559 1564 840 1634 fatigatur.
869 1564 1009 1621 llinc
1036 1573 1120 1621 est
1145 1569 1287 1636 quod
1315 1566 1524 1638 Moyses
1553 1576 1610 1622 et
1635 1565 1781 1622 Elias
1799 1565 1872 1621 40

294 1656 506 1714 dierum
539 1657 930 1712 continuavere
962 1656 1262 1728 jejunium;
1303 1657 1400 1713 sed
1439 1665 1495 1713 et
1541 1656 1654 1729 ipse
1691 1657 1874 1712 Domi-

291 1762 395 1803 nus
436 1749 538 1805 sub
587 1747 778 1804 eodem
824 1762 1054 1804 numero
1099 1747 1360 1803 abstinuit
1407 1747 1754 1820 perceptione
1794 1747 1873 1806 ci-

289 1840 506 1894 borum.

361 1928 466 1983 Per
517 1927 736 2000 Moysen
796 1929 978 1999 itaque
1027 1929 1154 1996 lex,
1197 1946 1294 2001 per
1342 1931 1516 1986 Eliam
1564 1932 1865 2005 prophetia,
1896 1901 1946 1961 Β

289 2035 387 2092 per
409 2019 686 2075 Christum
715 2034 844 2074 vero
878 2018 1012 2075 Novi
1041 2017 1368 2074 Testamenti
1399 2032 1646 2091 patenter
1675 2021 1871 2077 intelli-

298 2111 443 2182 gitur
482 2111 677 2180 gratia.
713 2110 817 2165 Per
855 2109 1202 2166 atllictionem
1233 2127 1361 2181 ergo
1387 2112 1539 2182 legis,
1575 2113 1872 2184 prophetia:

289 2201 447 2257 simul
488 2210 543 2256 ct
587 2200 773 2271 gratia:
803 2201 955 2256 labor
987 2201 1230 2256 innuitur
1257 2201 1579 2256 universalis
1606 2201 1866 2258 Ecclesia:

288 2307 387 2363 per
431 2291 680 2345 universa
708 2291 954 2347 mortalis
997 2290 1156 2360 hujus
1203 2292 1328 2346 vitae
1374 2291 1571 2346 satcula
1615 2291 1867 2362 fatigatze.

285 2379 428 2435 Hinc
459 2388 542 2435 est
573 2379 715 2449 quod
755 2379 846 2434 lilii
876 2379 1064 2444 Israel,
1093 2379 1352 2435 wrumnis
1391 2388 1554 2449 atque
1597 2379 1874 2435 laboribus

291 2468 515 2523 diutina:
544 2467 998 2538 peregrinationis
1025 2468 1195 2523 attriti
1227 2477 1348 2539 post
1369 2467 1439 2521 40
1465 2484 1638 2523 annos
1669 2477 1871 2523 terram

290 2570 417 2616 sunt
433 2560 809 2631 promissionis
829 2560 1082 2632 ingressi;
1101 2561 1227 2632 quia
1243 2560 1694 2616 videlicetomnes
1715 2559 1872 2614 electi

287 2660 410 2722 post
429 2665 706 2706 emensum
739 2649 896 2722 hujus
919 2651 1373 2722 peregrinationis
1401 2665 1713 2716 excursum,
1747 2665 1869 2704 mox

288 2739 634 2794 hazreditario
655 2739 777 2810 jure
808 2747 1008 2794 terram
1044 2740 1339 2794 viventium
1367 2739 1740 2808 possidebunt.
1770 2738 1875 2792 Per

289 2829 760 2900 scptuagenarium
786 2844 915 2884 vero
943 2844 1250 2893 numerum,
1283 2844 1441 2898 quem
1469 2829 1640 2884 Lucas
1667 2828 1872 2898 posuit,

207 2917 220 2929 ’
288 2917 543 2973 remissio
570 2927 918 2988 peccatorum
946 2919 1287 2988 exprimitur,
1313 2919 1451 2972 sicut
1481 2919 1593 2987 ipse
1617 2918 1874 2972 Dominus

289 3009 346 3062 in
379 3007 669 3078 Evangelio
713 3018 965 3064 testatur.
998 3010 1131 3064 Cum
1169 3009 1312 3065 enim
1351 3009 1547 3066 Petrus
1573 3011 1874 3080 interroga-

291 3106 375 3154 ret
399 3099 621 3154 dicens:
653 3097 906 3166 Domine,
944 3101 1144 3170 quoties
1173 3102 1455 3170 peccaverit
1493 3102 1546 3155 in
1587 3117 1668 3155 me
1707 3101 1875 3171 frater

288 3206 458 3254 meus,
487 3190 750 3244 dimittam
800 3191 849 3244 ei
902 3207 1062 3262 usque
1101 3191 1332 3261 septies?
1378 3192 1701 3262 respondit:
1749 3190 1872 3246 Non

289 3283 407 3337 dico
444 3252 541 3336 tibi
600 3299 763 3352 usque
816 3252 1033 3351 septies,
1093 3252 1184 3337 sed
1244 3299 1404 3352 usque
1451 3252 1740 3353 s-eptuagies
1791 3252 1946 3338 se-C

288 3375 442 3444 pties.
469 3373 719 3443 Congrue
748 3381 929 3428 autem
953 3389 1051 3444 per
1075 3373 1547 3444 septuagenarium
1583 3389 1869 3428 numerum

287 3475 634 3538 peccatorum
668 3465 916 3520 remissio
941 3465 1276 3537 designatur,
1304 3466 1429 3536 quia
1473 3466 1541 3520 ab
1573 3465 1873 3521 undenario

291 3539 349 3611 et
376 3557 682 3628 septenario
723 3557 1008 3610 nascitur:
1041 3556 1294 3612 undecim
1322 3571 1557 3625 namque
1597 3555 1642 3610 si
1670 3557 1872 3626 septies

288 3642 741 3715 multiplicemur,
790 3645 857 3699 77
904 3660 1189 3702 numerum
1225 3643 1448 3700 faciunt.
1477 3645 1742 3701 Denarius
1769 3661 1871 3700 au-

291 3747 399 3790 tem
428 3749 690 3790 numerus
725 3733 997 3805 perfectus
1034 3751 1154 3791 esse
1189 3735 1542 3806 dignoscitur,
1573 3751 1670 3806 per
1708 3751 1870 3806 quem

289 3835 346 3882 et
376 3826 672 3897 Decalogus
717 3826 1053 3898 designatur.
1106 3826 1213 3882 Sed
1251 3827 1297 3882 si
1327 3828 1583 3883 denarius
1624 3836 1709 3882 est
1743 3843 1868 3898 per-

291 3919 502 3984 fectus,
540 3927 709 3974 restat
741 3919 1050 3974 necessario
1080 3927 1141 3973 ut
1178 3916 1250 3973 sit
1287 3918 1619 3974 undenarius
1665 3919 1868 3988 imper-

290 4008 486 4066 fectus.
535 4009 672 4077 Quid
708 4017 792 4066 est
821 4019 1000 4065 autem
1032 4020 1336 4080 peccatum,
1369 4009 1473 4063 nisi
1506 4010 1870 4080 transgressio

291 4099 464 4170 legis?
505 4098 561 4154 Si
591 4115 720 4170 ergo
764 4116 860 4170 per
889 4101 1169 4156 denarium
1211 4100 1295 4154 lex
1347 4099 1691 4170 intelligitur,
1723 4113 1872 4158 recte

290 4205 389 4261 per
412 4191 769 4245 undenarium
795 4192 928 4263 legis
960 4192 1319 4263 transgressio
1364 4193 1660 4262 ﬁguratur;
1696 4200 1890 4262 septe~

291 4282 451 4336 nario
497 4296 630 4336 vero
677 4298 904 4338 numero
951 4291 1062 4338 tota
1113 4282 1294 4338 smculi
1344 4280 1505 4349 hujus
1548 4282 1874 4337 universitas

290 4372 620 4437 continetur,
649 4373 774 4442 quia
807 4383 1013 4444 septem
1045 4374 1235 4429 diebus
1261 4372 1439 4426 omnis
1460 4372 1722 4428 decursus
1753 4372 1877 4427 vita:

291 4466 575 4534 praesentis
609 4465 898 4522 evolvitur.
948 4467 1053 4522 Per
1102 4467 1460 4521 undenarium
1507 4481 1639 4535 ergo
1671 4471 1876 4537 septies

292 4555 709 4626 multiplicatum
763 4566 953 4612 cuncta
991 4566 1172 4613 nostra
1221 4567 1446 4628 peccata
1495 4557 1560 4611 ad
1593 4568 1874 4628 septuagec

293 4644 488 4701 simum
512 4648 801 4716 septimum
830 4648 1167 4702 deducuntur
1195 4662 1503 4712 numerum,
1535 4649 1586 4701 in
1615 4663 1720 4717 quo
1742 4665 1870 4703 vera

292 4737 532 4791 omnium
571 4738 628 4791 lit
656 4738 902 4793 remissio
935 4749 1303 4809 peccatorum.
1339 4738 1492 4794 Unde
1529 4738 1870 4809 elegantera

256 4825 509 4883 ’Christo
559 4838 614 4882 ct
660 4829 930 4899 baptismo
977 4831 1089 4884 lucc
1125 4829 1418 4884 secundum
1456 4829 1658 4884 Lucam
1703 4831 1874 4885 series

292 4918 601 4983 inchoatur,
655 4928 710 4973 et
766 4921 818 4972 in
877 4919 968 4974 Dei
1026 4919 1204 4974 Patris
1271 4935 1501 4988 persona
1551 4918 1755 4973 (initur.
1816 4918 1870 4974 in

289 5009 562 5078 baptismo
609 5011 756 5065 enim
804 5010 1006 5067 Christi
1042 5011 1283 5064 omnium
1325 5011 1483 5065 nobis
1525 5021 1872 5082 peccatorum

291 5100 545 5156 remissio
579 5102 828 5170 provenit
869 5117 968 5172 per
1009 5100 1272 5170 Spiritum
1313 5111 1559 5157 sanctum
1591 5103 1680 5172 qui
1711 5118 1876 5172 super

291 5192 624 5263 baptizatum
656 5193 940 5248 Dominum
969 5193 1023 5248 in
1069 5193 1248 5262 specie
1279 5192 1542 5248 columbae
1571 5193 1872 5249 descendit.

294 5284 388 5339 Sic
416 5300 513 5354 per
557 5285 838 5341 Christum
889 5285 1178 5355 redempti,
1217 5293 1272 5338 et
1307 5299 1404 5354 per
1439 5282 1674 5353 Spiritus
1702 5284 1874 5340 sancti

291 5377 524 5447 gratiam
582 5376 794 5441 abluti,
853 5376 1270 5432 reconciliamur
1330 5375 1440 5430 Deo
1489 5372 1659 5428 Patri.
1726 5373 1874 5441 Quos

293 5465 578 5535 utriusque
633 5464 976 5537 evangelistte
1025 5478 1218 5520 sensus
1267 5463 1458 5518 beatus
1514 5463 1715 5518 Paulus
1764 5478 1872 5518 una

291 5559 560 5614 sententia
587 5559 1000 5629 comprehendit
1025 5559 1250 5614 dicens:
1293 5556 1437 5612 Misit
1484 5557 1627 5612 Deus
1676 5557 1871 5613 Filium

293 5665 451 5707 suum
485 5652 540 5709 in
566 5653 976 5710 similitudinem
1008 5652 1188 5708 carnis
1211 5649 1442 5723 peccati,
1473 5659 1528 5705 et
1557 5651 1623 5706 de
1649 5659 1872 5721 peccato

1969 645 2111 700 Deus
2148 645 2346 701 Filium
2391 663 2546 703 suum
2575 649 2632 704 in
2658 647 3065 704 similitudinem
3095 647 3280 705 carnis
3316 650 3550 719 peccati,

1968 746 2314 802 peccatorum
2363 747 2672 794 nostrorum
2704 739 3102 807 susceptionem
3139 738 3428 795 manifeste
3459 740 3554 795 de-

1968 829 2163 892 clarat,
2187 842 2348 895 quam
2375 829 2611 882 ostendit
2633 827 2918 884 Matthteus
2939 843 3064 883 cum
3084 829 3460 885 descendendo
3483 844 3555 884 ιι.

1970 922 2351 994 generationes
2390 929 2695 976 enumerat.
2725 920 2860 975 Cum
2893 935 3026 976 vero
3071 922 3340 992 sequitur,
3383 929 3440 977 et
3486 920 3557 977 de

1969 1023 2194 1085 peccato
2231 1015 2510 1069 damnavit
2533 1024 2813 1084 peccatum
2858 1015 2913 1069 in
2953 1029 3140 1078 carne,
3184 1016 3555 1086 expiationem

1969 1105 2214 1160 omnium
2244 1113 2558 1159 nostrorum
2587 1104 2879 1160 criminum
2920 1103 3155 1167 indicat,
3184 1119 3348 1174 quam
3377 1104 3558 1163 Lucas

1969 1195 2249 1266 exprimit,
2302 1209 2428 1250 cum
2459 1193 2800 1250 ascendendo
2839 1209 3024 1249 Lxxvrt
3052 1195 3435 1264 generationes
3461 1195 3558 1251 de-

1971 1286 2182 1343 scribit.

2184 1392 2245 1432 tt.
2287 1391 2341 1431 tu
2383 1389 2623 1431 sentiens
2665 1391 2923 1431 srnonsu
2963 1389 3166 1431 renuo
3196 1373 3336 1446 (54).

2051 1468 2154 1524 Vos
2183 1469 2304 1523 estis
2333 1469 2414 1523 sat
2446 1478 2618 1523 terra.
2645 1467 2918 1523 Plurimus
2948 1467 3107 1538 plane
3135 1467 3294 1522 cibus
3319 1466 3558 1546 subuna

1974 1561 2112 1616 mole
2159 1560 2474 1631 congeritur
2519 1559 2612 1630 qui
2659 1569 2841 1614 tamen
2879 1561 3076 1630 exiguo
3122 1557 3238 1614 sale
3267 1559 3556 1627 conditur;

1969 1663 2025 1710 et
2062 1651 2262 1708 multus
2303 1660 2387 1707 est
2403 1651 2633 1722 populus
2656 1649 3020 1717 Christianus,
3060 1651 3131 1706 ad
3155 1649 3311 1720 cujus
3337 1664 3560 1722 compa-

1972 1744 2239 1798 rationem
2287 1741 2614 1812 perexiguus
2643 1749 2728 1795 est
2757 1756 3015 1796 numerus
3050 1741 3427 1806 sacerdotum;
3459 1741 3557 1797 sed

1971 1832 2098 1887 dum
2129 1830 2308 1902 populi
2338 1829 2623 1884 multitudo
2651 1828 3006 1884 sacerdotalis
3042 1829 3244 1899 eloquii
3282 1828 3397 1884 sale
3429 1843 3560 1884 con-

1974 1920 2266 1991 spergitur,
2299 1919 2539 1975 caelestis
2565 1919 2846 1990 sapientiae
2871 1935 3034 1990 sapor
3073 1921 3127 1974 in
3155 1934 3344 1975 eorum
3374 1919 3560 1975 cordi-

1972 2013 2074 2068 bus
2113 2010 2371 2083 gignitur,
2399 2019 2458 2065 et
2483 2019 2672 2080 gustus
2702 2011 2902 2066 mentis
2947 2011 3197 2065 humana:
3235 2011 3288 2065 in
3320 2010 3560 2066 delecta-

1959 2105 2121 2184 tione
2168 2103 2474 2160 cmlcstium
2523 2102 2769 2158 suaviter
2815 2102 3158 2157 obduleatur.
3195 2102 3253 2157 ln
3301 2118 3410 2172 quo
3463 2118 3559 2158 ea-

1973 2201 2207 2256 vendum
2244 2207 2327 2256 est
2378 2199 2533 2255 valde
2582 2200 2726 2270 quod
2774 2198 3010 2255 dicitur:
3045 2198 3108 2256 Si
3153 2198 3236 2254 sal
3265 2201 3560 2267 evanuerit,

1973 2294 2028 2347 in
2054 2307 2156 2359 quo
2180 2291 2495 2345 condietur?
2520 2288 2656 2344 Nam
2679 2304 2803 2345 cum
2832 2287 3135 2344 sacerdotis
3161 2302 3258 2344 cor
3279 2288 3348 2344 ab
3375 2304 3563 2347 amore

1973 2398 2220 2454 superna:
2247 2382 2553 2438 dulcedinis
2593 2381 2903 2447 evanescit,
2950 2370 3244 2439 amarescit
3279 2383 3423 2440 illico
3460 2399 3564 2454 per

1974 2474 2302 2544 salsuginem
2361 2484 2591 2528 terrenae
2637 2473 3125 2543 concupiscentiae,
3173 2475 3404 2547 ideoque
3445 2474 3562 2546 jam

1975 2579 2082 2620 non
2124 2563 2325 2636 poterit
2356 2563 2535 2619 aliena
2567 2563 2731 2619 corda
2759 2563 2944 2620 salire.
2988 2591 2996 2597 -

2293 2671 2377 2712 111.
2421 2672 2472 2710 IN
2508 2672 2764 2712 EPISTOLA
2803 2673 2872 2714 AD
2910 2672 3230 2714 GEBIZOKEN.

2403 2748 2544 2819 (Ed.
2578 2759 2706 2805 tont.
2739 2749 2792 2814 I,
2822 2767 2944 2821 pag.
2973 2751 3132 2821 192.)

2051 2837 2174 2892 Non
2196 2848 2362 2907 potest
2388 2840 2546 2893 arbor
2571 2840 2712 2894 mala
2743 2840 2946 2909 fructus
2972 2841 3134 2896 bonos
3161 2841 3354 2911 facere.
3386 2839 3566 2897 Arbor

1976 2945 2110 2985 sane
2141 2930 2389 2984 voluntas
2421 2929 2769 3002 intelligenda
2815 2939 2917 2998 est,
2957 2945 3065 2984 non
3115 2945 3386 3001 persona;
3436 2945 3562 2984 nam

1976 3019 2167 3075 eadem
2221 3035 2451 3089 persona
2506 3019 2827 3074 hominiset
2880 3005 3019 3074 bona
3067 3017 3280 3090 operari
3326 3017 3470 3072 valet
3509 3025 3565 3072 et

1976 3112 2140 3178 mala,
2181 3112 2320 3168 sicut
2356 3127 2421 3166 ex
2464 3111 2654 3166 eadem
2692 3121 2838 3168 terra
2891 3119 2948 3167 et
2998 3110 3132 3167 ficus
3181 3107 3460 3181 profertur
3506 3117 3564 3165 et

1977 3207 2152 3276 spina.
2192 3204 2298 3261 Sed
2347 3205 2488 3260 sicut
2516 3204 2657 3260 mala
2685 3207 2850 3260 arbor
2880 3218 3157 3274 nunquam
3194 3201 3336 3258 bona
3366 3201 3566 3272 germi-

1979 3305 2072 3350 nat
2094 3311 2272 3366 poma,
2302 3296 2371 3350 ita
2404 3296 2470 3350 de
2499 3297 2730 3365 superba
2761 3295 3058 3361 voluntate,
3088 3309 3208 3364 qua:
3241 3292 3432 3363 procul
3465 3292 3562 3346 du-

1976 3386 2068 3441 bio
2117 3384 2255 3439 mala
2307 3393 2425 3450 cst,
2478 3401 2754 3455 nunquam
2803 3400 2954 3441 mera
3007 3383 3094 3439 vel
3141 3381 3564 3438 incontaminata

1975 3474 2220 3545 procedit
2268 3473 2582 3540 humilitas;
2633 3484 2688 3529 et
2737 3476 2880 3530 sicut
2925 3473 3110 3528 radice
3160 3471 3310 3538 laesa,
3397 3472 3565 3525 totius

1974 3563 2189 3618 arboris
2228 3562 2364 3618 rami
2394 3571 2789 3634 consequenter
2818 3569 3077 3619 arescunt
3103 3603 3120 3629 ,
3153 3561 3234 3618 sic
3279 3577 3347 3618 ex
3378 3568 3562 3615 mente

1973 3653 2236 3723 superba,
2270 3651 2316 3706 si
2353 3651 2484 3722 quid
2518 3653 2647 3707 boni
2687 3651 2872 3724 operis
2916 3652 2984 3707 ad
3032 3660 3247 3722 tempus
3291 3650 3565 3706 virescere

1972 3744 2236 3809 cernitur,
2261 3743 2410 3824 velut
2438 3745 2668 3801 humore
2694 3745 2962 3802 convallis
2999 3745 3291 3813 exhausto,
3329 3743 3387 3800 in
3423 3757 3564 3815 prte-

1973 3835 2115 3905 rupti
2142 3834 2259 3889 saxi
2290 3821 2547 3890 ariditate
2567 3835 2826 3891 siccatur.

2102 3942 2177 3984 IV.
2222 3942 2274 3982 IN
2311 3942 2550 3983 SERMONE
2590 3943 2656 3984 DE
2690 3943 2892 3984 θηεῖτο
2926 3943 3124 3984 ῘΟΔΝΠΕ
3162 3942 3448 3984 BAPTISTA.

2318 4018 2445 4089 (Ed.
2479 4028 2606 4072 tam.
2639 4018 2728 4086 II,
2758 4036 2880 4090 pag.
2915 4019 3017 4074 116
3045 4019 3213 4090 seqq.)

2047 4109 2196 4163 Inter
2220 4117 2369 4163 natos
2409 4110 2690 4163 mulierum
2737 4127 2842 4164 non
2882 4110 3113 4164 surrexit
3155 4109 3330 4178 major
3348 4107 3562 4165 Joanne

1977 4197 2234 4266 Baptista.
2296 4196 2537 4252 Exclusit
2590 4196 2773 4268 itaque
2827 4199 3122 4268 majorem,
3172 4213 3280 4252 non
3343 4197 3564 4267 negavit

1975 4287 2260 4357 aequalem.
2287 4286 2424 4341 Illnc
2444 4295 2527 4342 est
2550 4289 2694 4355 quod
2717 4288 2783 4342 ad
2808 4287 3127 4342 Zachariam
3150 4287 3372 4359 angelus
3393 4287 3558 4342 dicit:

1959 4375 2099 4448 Ipse
2127 4377 2382 4447 prazcedet
2401 4386 2521 4430 ante
2552 4375 2704 4432 illum
2735 4378 2792 4431 in
2825 4378 3084 4448 sapientia
3117 4387 3165 4432 et
3191 4377 3376 4432 virtute
3400 4375 3559 4430 Elite.

1977 4466 2085 4521 Par
2127 4480 2256 4536 ergo
2290 4465 2418 4519 Elia:
2457 4463 2693 4520 Joannes
2728 4466 2963 4531 videtur,
3004 4466 3058 4520 in
3108 4465 3262 4536 cujus
3291 4465 3560 4536 sapientia

1979 4566 2034 4610 et
2061 4555 2259 4610 virtute
2285 4562 2546 4610 venturus
2569 4556 2852 4620 asseritur,
2882 4557 3182 4627 prmsertim
3208 4572 3330 4612 cum
3357 4565 3411 4612 et
3433 4555 3560 4612 alibi

1981 4649 2092 4719 ipsa
2138 4646 2350 4702 Veritas
2394 4648 2578 4702 dicat:
2630 4647 2780 4702 Elias
2810 4649 2929 4720 jam
2971 4651 3130 4714 venit,
3162 4658 3208 4703 et
3239 4665 3342 4702 non
3365 4663 3562 4718 cogno-

1975 4738 2156 4792 verunt
2186 4753 2324 4802 eum,
2365 4737 2455 4790 sed
2487 4737 2719 4807 fecerunt
2753 4738 2807 4791 in
2847 4753 2965 4791 eum
2999 4737 3342 4808 quodcunque
3385 4734 3562 4792 volue-

1976 4838 2133 4891 runt;
2161 4837 2207 4881 et
2251 4828 2296 4881 si
2327 4827 2478 4881 vultis
2509 4828 2672 4892 scire,
2718 4825 2951 4880 Joannes
2977 4828 3098 4896 ipse
3139 4835 3214 4878 est
3247 4824 3415 4878 Elias.
3451 4821 3560 4879 Sed

1975 4933 2103 4974 ecce
2124 4936 2155 4972 e
2183 4918 2397 4974 diverso
2423 4917 2549 4972 illud
2589 4918 2852 4982 occurrit,
2877 4918 3021 4987 quod
3048 4917 3258 4971 Eliseus
3288 4916 3556 4986 duplicem

1977 5009 2107 5064 Elia:
2136 5008 2407 5080 spiritum,
2426 5007 2578 5076 juxta
2607 5009 2824 5062 modum
2856 5023 2968 5062 suae
2997 5007 3296 5078 petitionis,
3325 5009 3555 5079 accepit.

1980 5099 2228 5166 Obsecro,
2279 5101 2472 5170 inquit,
2518 5110 2574 5153 ut
2599 5100 2692 5168 fiat
2723 5097 2940 5170 spiritus
2981 5111 3102 5154 tuus
3129 5099 3322 5169 duplex
3359 5100 3415 5154 in
3455 5117 3557 5154 me.

1977 5192 2132 5260 Quod
2157 5193 2202 5248 si
2232 5193 2413 5247 Eliam'
2431 5192 2654 5247 Elisaaus
2675 5191 2960 5262 dupliciter
2981 5191 3276 5255 antecellit,
3297 5191 3560 5262 aequalem

1963 5285 2109 5343 Elia:
2160 5283 2420 5340 Joannem
2451 5283 2748 5353 ‘quomodo
2790 5289 3034 5352 superat,
3083 5298 3192 5352 quo
3241 5282 3380 5336 inter
3405 5289 3561 5336 natos

1981 5377 2266 5433 mulierum
2325 5375 2499 5445 major
2553 5389 2712 5431 nemo
2771 5373 3046 5430 surrexit?
3088 5373 3470 5432 Verumtamen
3503 5380 3563 5428 ut

1981 5468 2221 5524 solvatur
2247 5467 2495 5538 quaestio,
2548 5464 2932 5537 ponderandus
2957 5473 3042 5521 est
3069 5479 3290 5529 sensus,
3327 5473 3391 5518 ut
3415 5462 3559 5534 quod

1981 5562 2174 5616 durum
2205 5560 2258 5614 in
2288 5559 2468 5614 verbis
2515 5558 2880 5614 exterioribus
2925 5567 3104 5623 sonat,
3158 5558 3226 5613 de
3250 5557 3335 5630 pia
3383 5556 3560 5611 inten-

1982 5653 2124 5707 tione
2150 5649 2441 5722 procedere
2469 5647 2724 5706 discretio
2755 5649 2934 5707 sobrie
2970 5649 3254 5706 sentientis
3276 5645 3556 5717 intelligat.

367 5827 480 5900 (54)
519 5827 576 5887 in
620 5830 855 5888 editione
893 5839 1033 5917 tom.
1068 5827 1131 5899 ll,
1163 5845 1285 5903 pag.
1335 5829 1462 5897 398,
1509 5829 1638 5886 nihil
1666 5837 1844 5886 exstat
1870 5840 2067 5902 praeter
2095 5828 2454 5903 fragmentum
2487 5831 2755 5890 sermonis
2787 5781 2949 5903 primi
2977 5827 3270 5903 synodalia.
