4078 6336
581 412 694 475 895

1478 413 1708 471 ADDlT.
1749 413 1863 470 AD‘
1890 413 2045 471 ron.
2084 409 2147 466 ιη
2187 409 2356 466 ore.
2385 405 2444 464 s.
2485 405 2689 463 PETRI
2729 382 3039 464 DAMlANl.

3786 412 3895 468 896

584 526 791 583 Durum
816 524 1017 595 quippe
1061 525 1243 581 sonuit
1272 527 1416 595 quod
1457 524 1980 595 Eliscusduplicem
2010 520 2182 593 magi—
2208 522 2260 581 Α
2286 516 2437 575 culos
2489 519 2557 574 ad
2608 517 3039 576 comburendum
3087 517 3335 587 zizania;
3384 521 3587 592 quippe
3634 521 3899 581 fasciculi

586 614 690 677 sui
734 615 985 684 spiritum
1039 616 1215 686 petiit,
1261 631 1385 672 cum
1438 633 1544 671 non
1585 617 1657 672 sit
1693 616 1987 685 discipulus
2020 629 2183 682 super

582 707 779 777 magis!
791 720 911 761 rum
936 723 950 771 ;
980 708 1078 761 sed
1125 722 1194 763 ex
1220 722 1353 777 pura
1382 712 1564 763 monte
1592 707 1783 777 petitio
1832 706 1932 761 ista
1964 720 2182 775 proces—

588 799 683 862 sit,
708 798 837 867 quia
870 812 980 854 non
1005 807 1282 855 terrenum
1308 799 1536 868 aliquid,
1567 800 1664 854 sed
1692 798 2032 868 spiritualem
2060 812 2184 867 gra-

589 889 721 941 tiam
746 888 1074 956 postulavit;
1125 889 1267 947 unde
1295 897 1351 943 et
1386 890 1533 944 E’ias
1559 890 1712 958 quasi
1742 888 2180 957 subimlignatus,

584 976 806 1031 incauta
866 976 1114 1046 discipuli
1168 978 1329 1032 verba
1388 979 1685 1050 redarguit,
1734 992 1859 1032 cum
1889 977 2015 1030 ait:
2057 976 2181 1031 Rem

580 1066 845 1137 diﬁcilem
865 1067 1183 1137 postulasti;
1226 1069 1624 1139 simplicitatem
1653 1084 1780 1125 vero
1804 1070 1907 1138 piae
1928 1069 2184 1125 intentio-

576 1159 672 1223 nis
696 1158 970 1228 aspiciens
1012 1169 1212 1230 prtesto
1246 1162 1567 1233 subjungit:
1621 1164 1865 1215 Attamen
1904 1161 1949 1216 si
1992 1160 2181 1215 videris

588 1266 693 1313 me,
742 1251 953 1322 quando
983 1252 1146 1306 tollar
1169 1270 1201 1306 rt
1228 1263 1300 1318 te,
1338 1253 1434 1308 erit
1474 1254 1616 1323 quod
1642 1254 1862 1323 petisti;
1892 1269 1998 1307 non
2029 1251 2180 1308 vide-

588 1337 716 1395 licet
741 1339 1051 1409 duptieizas,
1098 1356 1263 1412 quam
1292 1343 1543 1398 incautus
1570 1356 1755 1398 sermo
1788 1342 2051 1412 profudit,
2085 1341 2181 1398 sed

580 1430 788 1488 donum
813 1433 1062 1504 spiritus,
1112 1435 1256 1503 quod
1280 1434 1471 1490 humili
1494 1448 1558 1490 ac
1591 1436 1805 1491 sincera
1831 1450 1987 1491 mens
2007 1435 2182 1491 inteno

579 1520 738 1589 $3006
773 1524 1046 1593 quaesivit.
1081 1524 1193 1581 Hoc
1222 1524 1408 1595 itaque
1432 1528 1594 1583 modo
1648 1540 1991 1598 nequaquam
2019 1526 2182 1583 Joan-

574 1626 712 1669 nem
765 1623 986 1683 Superat
1034 1615 1281 1681 Eliseus,‘
1323 1615 1471 1671 sicut
1513 1630 1614 1672 nec
1665 1614 1842 1686 major
1884 1624 1970 1672 est
2017 1630 2179 1686 quam

576 1701 750 1757 'Elias.
802 1704 1190 1761 Verumtamen
1242 1706 1289 1761 si
1325 1719 1499 1762 sacra:
1552 1706 1794 1763 historizr
1823 1714 2067 1763 tenorem
2100 1707 2182 1762 in-

571 1793 843 1861 spicimus
869 1794 1178 1864 diligenter,
1234 1798 1544 1854 uberiorem
1578 1797 1694 1853 sive
1720 1796 2011 1853 clariorem
2061 1797 2176 1853 Eli-

571 1897 735 1939 seum
770 1900 932 1956 quam
964 1886 1137 1942 Etiam
1167 1889 1223 1943 in
1260 1889 1648 1945 miraculorum
1674 1887 1842 1944 luisse
1881 1887 2178 1944 virtutibus

572 1976 910 2033 invenimus.
958 1978 1052 2034 llle
1097 1980 1353 2036 nimirum
1380 1981 1570 2037 vivens
1605 1979 1921 2036 defunctum
1949 1995 2175 2049 puerum

571 2067 706 2124 .vita:
737 2068 992 2131 restituit,
1037 2071 1139 2126 iste
1176 2071 1291 2139 jam
1346 2076 1595 2128 mortuus
1634 2080 1909 2129 mortuum
1943 2071 2176 2128 suscita-

570 2160 679 2233 .vit.
711 2156 809 2215 Illo
836 2160 1194 2231 prophetante
1246 2163 1437 2233 hydria
1476 2163 1665 2218 farinae
1697 2172 1753 2217 et
1783 2162 2032 2233 lecythus
2070 2160 2175 2217 olei

570 2264 691 2305 .non
718 2248 938 2315 defecit,
968 2251 1073 2308 iste
1099 2252 1336 2309 obsessae
1364 2264 1421 2309 et
1450 2254 1661 2308 atllictac
1682 2253 1889 2308 civitati
1926 2254 2176 2324 protinus

570 2340 639 2413 in
676 2342 818 2399 diem
866 2344 1097 2400 alterum
1149 2345 1494 2402 incredibiles
1544 2345 1821 2402 hostilium
1870 2354 2173 2402 castrorum

581 2433 768 2504 cipias
815 2435 1034 2500 obtulit,
1089 2444 1274 2507 atque,
1328 2446 1389 2491 ut
1431 2439 1486 2492 in
1520 2437 1674 2493 brevi
1720 2448 1922 2494 cuncta
1958 2438 2176 2493 conclu—

581 2524 739 2590 dam,
767 2524 912 2580 Elius
945 2526 1033 2592 12,
1074 2526 1303 2594 Eliseus,
1333 2538 1391 2584 ut
1432 2528 1728 2599 Scriptura:
1758 2531 1959 2586 veritas
1989 2531 2173 2598 tradit,

579 2613 651 2669 25
688 2615 1076 2673 miraculorum
1118 2618 1288 2689 signis
1321 2620 1519 2675 enituit
1543 2660 1558 2684 ,
1599 2636 1740 2690 quae,
1770 2620 2020 2676 videlicet
2048 2621 2175 2691 quia

584 2707 862 2764 fastidium
888 2709 1212 2778 devitamus,
1244 2712 1333 2768 hic
1359 2728 1682 2769 enumerare
1707 2713 2101 2784 postponimus.

639 2800 939 2867 QuomoJo
973 2816 1105 2873 ergo
1155 2801 1317 2873 hujus
1362 2818 1448 2860 me
1485 2804 1627 2859 nodo
1670 2804 1986 2875 qumstionis
2015 2818 2177 2874 expe-

586 2886 746 2955 J'am,
785 2899 844 2947 ut
863 2889 1077 2961 prolata
1111 2893 1179 2947 de
1209 2894 1586 2965 magnitudine
1620 2892 1848 2951 Joannis
1877 2909 1985 2950 non
2010 2893 2176 2950 vacil-

578 2976 648 3032 let
684 2980 957 3035 sententia
995 2982 1244 3040 veritatis
1266 3021 1286 3051 ,
1332 2999 1442 3054 qua
1468 2983 1673 3041 dicitur
1709 2984 1937 3040 innatis
1972 2984 2171 3042 mulie-

568 3084 701 3123 rum
741 3085 849 3126 non
901 3086 1023 3129 esse
1053 3071 1318 3144 majorem
1367 3074 1578 3131 Joanne
1623 3073 1911 3146 Baptista?
1964 3075 2100 3131 Nam
2128 3075 2177 3132 si

578 3159 754 3231 major
790 3170 874 3218 est
917 3162 1133 3231 Eliseus
1175 3181 1340 3237 quam
1388 3166 1567 3231 Elius,
1614 3182 1745 3238 ergo
1787 3165 1962 3237 major
2002 3175 2173 3225 estet

577 3248 812 3317 Joanne,
849 3255 994 3322 quod
1026 3255 1144 3311 ﬁeri
1182 3257 1521 3327 impossibile
1565 3266 1670 3315 est.
1715 3257 1822 3314 Sed
1872 3258 2171 3315 notandum

572 3340 726 3414 quod
754 3341 903 3399 aliud
941 3354 1026 3400 est
1062 3362 1320 3419 magnum
1347 3347 1479 3418 quid
1518 3362 1681 3420 agere
1717 3349 1771 3403 in
1802 3347 1973 3419 signis
2008 3347 2177 3405 mira-

574 3433 847 3501 culorum,
873 3435 1023 3491 aliud
1066 3452 1320 3509 magnum
1355 3453 1476 3495 esse
1503 3438 1558 3493 in
1595 3437 1916 3496 excellentia
1943 3438 2170 3494 merito-

582 3539 740 3590 rum;
793 3540 918 3580 nam
962 3526 1007 3581 si
1039 3526 1106 3582 de
1154 3527 1432 3584 miraculis
1476 3528 1688 3600 agitur,
1727 3527 1935 3583 nullum
1976 3527 2171 3584 fecisse

578 3614 901 3670 miraculum
933 3614 1174 3674 Joannes
1206 3618 1260 3673 in
1293 3619 1696 3689 Scripturarum
1725 3619 1939 3688 paginis
1962 3619 2170 3675 inveni-

472 3752 487 3763 .
579 3711 688 3760 tur.
730 3703 838 3762 Sed
864 3708 1107 3778 nunquid
1135 3719 1359 3780 propter
1402 3711 1505 3767 hoc
1549 3710 1769 3766 intimus
1797 3710 1903 3765 erit
1927 3710 2167 3767 omnium

576 3806 918 3865 sanctorum,
970 3800 1095 3868 quia
1130 3802 1274 3857 nulla
1308 3802 1543 3857 traditur
1585 3802 1743 3874 signa
1776 3801 1973 3859 fecisse
2002 3802 2170 3856 virtu-

577 3885 740 3943 tum?
776 3886 993 3947 Eliseus
1041 3905 1175 3962 ergo
1224 3891 1400 3962 major
1425 3902 1509 3948 est
1549 3908 1713 3963 quam
1753 3892 1897 3949 Elius
1933 3893 2171 3961 inexhi-

575 3977 785 4035 bitione
814 3979 1126 4052 signorum,
1163 3999 1326 4055 quem
1356 3994 1532 4042 tamen
1563 4001 1902 4057 nequaquam
1951 3994 2171 4056 superat

578 4066 632 4121 iu
663 4067 883 4127 cumulo
931 4072 1272 4129 meritorum.
1330 4075 1406 4130 Ita
1448 4085 1505 4132 et
1530 4075 1770 4132 Joannes
1815 4092 1914 4146 par
1950 4075 2167 4145 quidem

573 4166 657 4213 est
681 4158 831 4225 Elite,
854 4161 980 4231 quia
1010 4163 1153 4220 sicut
1180 4165 1269 4221 ille
1296 4181 1473 4236 praeco
1498 4168 1714 4224 futurus
1732 4177 1817 4225 est
1841 4168 2069 4233 Judicis,
2095 4169 2168 4223 ita

564 4263 628 4315 et
654 4249 743 4306 hic
771 4264 1077 4320 praecursor
1105 4254 1277 4312 lactus
1308 4265 1392 4312 est
1425 4256 1844 4329 Redemptoris;
1877 4257 1971 4314 sed
1995 4257 2168 4327 major

573 4339 710 4407 Eia,
767 4342 895 4412 quia
949 4358 1112 4414 quem
1162 4346 1574 4413 demonstravit,
1628 4352 1795 4405 etiam
1847 4351 2163 4420 baptizavit.

562 4433 811 4493 Joannes
847 4436 1035 4509 itaque
1076 4438 1443 4496 humanorum
1497 4441 1654 4499 limes
1692 4451 1778 4499 est
1803 4443 2160 4510 meritorum;

2283 608 2592 681 alligantur.
2624 608 2750 678 quia
2777 609 2834 664 in
2877 609 2968 664 illo
2992 620 3266 681 perpetuae
3303 612 3673 670 damnationis
3702 615 3901 671 inccn-

2285 701 2395 770 dio,
2434 700 2716 756 homicida:
2741 716 2863 755 cum
2894 702 3200 769 homicidia,
3255 703 3487 760 adulteri
3515 720 3639 760 cum
3676 706 3902 762 adulte-

2284 789 2380 854 ris,
2421 787 2624 859 perjuri
2654 804 2779 844 cum
2802 788 3052 859 perjnris,
3087 791 3381 848 incestuosi
3427 809 3551 849 cum
3597 794 3894 850 incestuo-

2283 877 2382 943 sis,
2444 890 2554 934 non
2605 878 2823 935 diverso
2879 881 3180 949 ptenalium
3235 892 3630 940 tormentorum
3688 901 3902 957 genere

2283 969 2770 1039 constringuntur;
2850 971 2962 1027 illic
3027 986 3123 1029 eos
3177 973 3403 1030 inﬁnitas
3455 989 3633 1046 poena:
3694 984 3903 1049 patens

2284 1061 2544 1133 gehennae
2590 1062 2907 1119 barathrum
2937 1067 3182 1130 devorat,
3233 1068 3326 1138 qui
3357 1068 3445 1123 his
3471 1082 3532 1124 se
3559 1078 3903 1140 arroganter

2284 1152 2340 1207 in
2362 1151 2628 1221 superbiae
2669 1154 2928 1210 cornibus
2956 1155 3331 1224 extollebant;
3385 1157 3497 1214 illic
3531 1173 3739 1214 eorum
3772 1174 3898 1215 car-

2282 1256 2383 1297 nes
2410 1249 2574 1312 atque
2596 1242 2855 1298 medullas
2877 1244 3082 1315 saginis
3112 1246 3344 1318 irriguas
3358 1247 3639 1317 crepitans
3667 1245 3899 1303 ﬂamma

2285 1334 2561 1405 depaseet,
2585 1335 2678 1405 qui
2707 1334 2797 1390 hic
2826 1351 3015 1393 arsere
3042 1337 3247 1395 deliciis
3268 1338 3350 1406 let
3378 1339 3667 1394 mstuantis
3691 1340 3892 1410 exple-

2283 1431 2478 1480 verunt
2512 1423 2801 1482 illecebras
2843 1426 3158 1499 voluptatis.
3217 1428 3364 1484 Bene
3394 1429 3579 1499 itaque
3598 1413 3899 1486 “dicuntur

2285 1514 2533 1574 fasciculi
2554 1515 2787 1588 alligari,
2831 1517 2961 1589 quia
2990 1532 3333 1590 nequaquam
3363 1534 3459 1575 eos
3501 1528 3633 1576 tunc
3662 1531 3893 1593 separat

2284 1604 2576 1664 diversitas
2632 1606 2878 1671 ultionis,
2940 1622 3078 1680 quos
3119 1609 3209 1665 hic
3250 1610 3550 1666 similitudo
3580 1611 3898 1670 sociaverat

2283 1698 2611 1769 pravitatis;
2642 1708 2699 1756 et
2725 1699 2821 1772 qui
2863 1716 3009 1758 nunc
3038 1702 3245 1759 eisdem
3274 1703 3603 1760 criminibus
3631 1712 3777 1766 sunt
3797 1705 3896 1764 οὓς

2285 1791 2433 1846 noxii
2462 1790 2705 1861 ejusdem
2757 1794 3007 1864 supplicii
3036 1796 3379 1865 postmodum
3425 1803 3691 1851 tenentur
3716 1796 3894 1853 anim-

2209 1866 2253 1927 Β
2280 1885 2602 1942 adversione
2657 1886 2962 1942 constricti.
3026 1886 3104 1942 De
3155 1886 3355 1957 quibus
3418 1886 3681 1943 omnibus
3761 1874 3890 1943 alibi

2277 1979 2377 2033 sub
2405 1978 2565 2033 unius
2591 1990 2835 2047 persona:
2882 1978 3065 2047 specie
3107 1966 3310 2034 dicitur
3336 1991 3355 2030 :
3402 1977 3608 2048 Ligatis
3637 1980 3889 2033 manibus

2275 2078 2323 2125 et
2352 2069 2590 2140 pedibus,
2617 2067 2805 2124 mittite
2849 2069 3003 2124 illum
3047 2071 3103 2125 in
3129 2071 3369 2126 tenebras
3416 2071 3735 2126 exteriores.
3777 2070 3890 2126 [ilic

2276 2159 2522 2215 membra
2559 2159 2801 2231 ligantur
2842 2160 2910 2216 ad
2941 2174 3180 2231 pcenam,
3220 2176 3340 2232 qum
3369 2161 3458 2216 hic
3485 2160 3667 2217 soluta
3712 2176 3781 2217 ac
3828 2160 3887 2215 li-

2277 2248 2407 2304 bera
2465 2247 2783 2305 ferebantur
2820 2251 2889 2307 ad
2935 2250 3192 2321 culpam;
3240 2249 3327 2305 vel
3380 2259 3511 2305 tunc
3545 2249 3717 2321 digne
3760 2265 3888 2306 cos:-

2276 2340 2588 2413 stringenda
2617 2350 2743 2397 sunt
2773 2342 2827 2397 in
2857 2342 3159 2412 suppliciis,
3194 2356 3313 2412 qua:
3341 2358 3486 2398 nunc
3521 2342 3671 2398 male
3719 2342 3882 2415 ligata

2277 2439 2408 2486 sunt
2464 2446 2495 2484 a
2549 2431 2770 2502 pietatis
2818 2432 3075 2503 operibus
3124 2432 3489 2503 peragendis;
3529 2430 3643 2487 illic
3692 2433 3883 2486 anima:

2274 2519 2628 2590 reproborum
2689 2536 2813 2576 cum
2866 2522 3187 2593 corporibus
3230 2520 3391 2577 simul
3447 2520 3881 2592 iuexstingnibili

2275 2610 2588 2665 cruciantur
2625 2611 2902 2678 incendio,
2955 2612 3099 2668 sicut
3130 2613 3222 2669 hic
3249 2613 3305 2667 in
3333 2611 3699 2668 exsecutione
3734 2612 3881 2683 pravi

2274 2699 2457 2769 operis
2471 2698 2859 2772 jungebantur.
2907 2702 3057 2759 Unde
3085 2714 3140 2759 et
3175 2718 3271 2774 per
3289 2704 3611 2774 prophetam
3638 2705 3878 2758 dicitur:

2274 2791 2664 2848 Descendeth
2706 2794 2775 2848 ad
2816 2795 3102 2865 ‘infernum
3155 2812 3276 2868 cum
3317 2795 3483 2849 annis
3517 2796 3672 2859 suis;
3733 2811 3879 2852 arma

2276 2882 2478 2956 quippe
2525 2884 2871 2954 peccantium
2901 2885 3147 2942 membra
3192 2895 3323 2942 sunt
3355 2885 3627 2957 corporis,
3689 2886 3881 2957 quibus

2277 2971 2496 3043 reprobi
2545 2972 2798 3030 homines
2847 2974 3064 3031 diabolo
3114 2972 3355 3030 militant
3401 2982 3460 3029 et
3484 2974 3603 3046 ejus
3650 2974 3879 3045 imperio

2275 3076 2530 3133 perverse
2560 3062 2792 3120 vivendo
2827 3064 3161 3121 ministrant.
3200 3062 3376 3120 Simul
3430 3078 3563 3135 ergo
3589 3078 3723 3119 cum
3766 3063 3881 3119 ani-

2278 3151 2470 3208 mabus
2499 3160 2556 3208 et
2581 3166 2812 3224 corpora
2843 3153 2899 3209 in
2924 3162 3130 3211 aeterna
3162 3163 3336 3210 morte
3357 3153 3710 3220 damnantur,
3760 3168 3881 3226 qua

2229 3248 2246 3273 ‘
2275 3242 2436 3298 simul
2473 3242 2529 3297 in
2563 3244 2721 3313 pravi
2770 3243 2957 3315 Operis
3002 3244 3408 3316 perpetratione
3455 3243 3761 3312 vixerunt;
3815 3243 3881 3301 de

2274 3334 2470 3404 quibus
2490 3335 2755 3406 propheta
2781 3334 2916 3391 dicit
2940 3352 2955 3389 :
2999 3333 3027 3388 I
3031 3335 3082 3388 bi
3112 3335 3283 3389 Assur
3305 3343 3352 3390 et
3378 3333 3619 3405 sepulcra
3642 3334 3791 3406 ejus.

2874 3437 2969 3492 EX
2999 3436 3262 3494 MARCO.

2584 3545 2622 3586 Ι.
2660 3546 2713 3586 IN
2738 3544 2980 3587 SERIONE
3007 3545 3076 3585 DE
3111 3545 3315 3586 διὶΝοΤο
3346 3544 3545 3585 ΙΑΒΕΟ.

2719 3618 2848 3689 (Ed.
2881 3628 3008 3673 tom.
3037 3617 3125 3685 11,
3166 3635 3292 3690 pag.
3320 3619 3439 3691 64.)

2342 3712 2600 3782 Quisquis
2648 3712 3000 3783 Evangelium
3042 3712 3190 3768 beati
3234 3710 3400 3768 Marci
3431 3710 3613 3768 subtili
3644 3711 3879 3767 medita-

2272 3803 2419 3859 tione
2468 3802 2812 3868 considerat,
2863 3812 2919 3858 et
2958 3802 3103 3866 alta,
3140 3816 3201 3859 ut
3236 3803 3458 3875 dignum
3488 3815 3593 3870 est,
3651 3804 3878 3876 indaga-

2269 3894 2418 3950 tione
2437 3900 2754 3964 pertractat,
2793 3893 3017 3950 rudibus
3060 3894 3277 3963 quidem
3328 3902 3384 3949 et
3429 3908 3539 3948 non
3589 3896 3872 3947 accuratis

2278 3983 2611 4053 descriptum
2640 3982 2845 4049 verbis,
2876 3982 2969 4038 sed
3015 3982 3306 4039 uberrimis
3354 3982 3589 4039 inveniet
3631 3981 3878 4041 caelestis

2271 4072 2647 4144 intelligentiae
2699 4072 3006 4144 redundare
3058 4073 3354 4145 mysteriis.
3400 4073 3499 4128 Est
3539 4071 3695 4143 plane
3743 4071 3877 4144 styli

2270 4163 2538 4218 brevitate
2562 4156 2923 4228 succinctum,
2946 4163 3039 4219 sed
3065 4161 3327 4233 profunda
3353 4162 3594 4236 mysterii
3613 4162 3875 4233 spiritua-

2269 4252 2338 4310 lis
2368 4253 2615 4310 ubertate
2642 4252 2920 4311 ditl‘usum.
2951 4253 3363 4309 Perscrutantes
3403 4268 3635 4322 namque
3674 4267 3874 4309 omnes

2268 4343 2386 4401 fere
2428 4345 2657 4417 paginas
2688 4344 3118 4415 Scripturarum,
3151 4345 3394 4401 invenire
3445 4346 3534 4400 vix
3580 4360 3874 4415 possumus

2269 4436 2528 4508 Spiritum
2582 4437 2830 4495 veritatis
2883 4439 3096 4495 cautius
3142 4439 3226 4494 vel
3272 4439 3720 4508 circumspectius
3771 4456 3872 4506 pe:-

571 4534 1057 4597 quantumcunque
1107 4532 1253 4586 enim
1303 4533 1584 4604 apostolici
1649 4545 1870 4591 senatus
1937 4537 2166 4593 excellat
2194 4529 2433 4627 Dalium
2479 4530 2775 4601 quemlibet
2818 4545 2980 4601 quam
3025 4545 3124 4602 per
3170 4546 3232 4587 os
3278 4531 3423 4587 beati
3484 4530 3650 4585 Marci
3698 4530 3869 4586 fuisse

570 4617 891 4685 auctoritas,
922 4628 1421 4692 quamtumcunque
1446 4623 1532 4678 vel
1561 4624 1997 4694 patriarcharum
2030 4625 2165 4683 ﬁdes
2195 4617 2236 4627 '
2268 4620 2528 4688 locutum,
2557 4620 2695 4679 adeo
2722 4630 2782 4677 ιιι
2829 4622 2943 4693 ipsa
2981 4622 3362 4692 descriptionis
3406 4622 3576 4678 εθνίθδ
3621 4629 3680 4676 (⁵⁸
3723 4624 3866 4678 0⁸·αο

569 4705 627 4760 in
651 4705 835 4763 divina
866 4707 1145 4779 agnitiOne
1170 4710 1439 4781 proﬁciat,
1475 4713 1558 4768 vel
1590 4714 1977 4784 prophetarum
2002 4716 2164 4773 mira-

569 4797 688 4853 cula
725 4799 793 4854 ad
830 4801 1146 4856 reseranda
1196 4816 1399 4859 arcana
1457 4806 1714 4876 mysteria
1755 4805 2159 4872 convalescant,

569 4889 965 4957 quantumlibet
1007 4901 1158 4949 certe
1189 4895 1493 4951 cumuletur
1526 4898 1968 4968 triumphantium
1990 4899 2157 4968 gloria

571 4990 892 5050 martyrum,
944 4986 1296 5052 quantumvis
1335 4987 1581 5043 cillerent
1613 5003 1852 5046 vernans
1895 4989 2154 5060 pudicitia

568 5067 857 5139 virginum,
905 5073 992 5130 vel
1022 5073 1079 5130 in
1107 5075 1273 5133 verbo
1307 5077 1434 5133 vitae
1462 5094 1521 5135 se
1555 5090 1809 5136 exerceat
1841 5079 2022 5151 lingua
2050 5081 2151 5138 do-

566 5169 798 5226 ctorum,
857 5166 1005 5222 citra'
1038 5178 1238 5225 metam
1293 5169 1518 5227 Joannis
1562 5172 1749 5230 omnia
1801 5172 2149 5240 cohibentur,

570 5249 812 5323 nihilque
840 5255 1058 5313 virtutis
1086 5259 1353 5327 humana),
1380 5262 1513 5319 nihil
1538 5260 1835 5335 religionis,
1876 5263 2008 5319 nihil
2031 5278 2153 5335 per-

570 5339 822 5402 fectionis
849 5345 990 5404 ultra
1015 5352 1385 5422 progreditur.

747 5448 799 5491 ν.
838 5451 893 5492 ιε
916 5453 1153 5497 εεκκοκε
1188 5457 1258 5498 DE
1286 5457 1488 5501 διίησι-ο
1513 5459 1786 5502 ΒΤΕΡΒΑΝΟ
1821 5460 1975 5502 ΡΔΡΔ.

985 5530 1114 5602 (Ed.
1145 5542 1273 5589 tam.
1305 5534 1390 5601 Il,
1428 5552 1549 5606 pug.
1581 5535 1728 5605 18$.)

639 5615 881 5690 Colligite
912 5622 1138 5690 primum
1164 5625 1370 5680 zizania
1394 5666 1409 5691 ,
1456 5636 1504 5680 et
1533 5625 1747 5697 alligata
1775 5626 2054 5695 fascicuios
2083 5629 2154 5682 ad

566 5709 987 5769 coniburenrlum.
1029 5713 1309 5773 Pensanda
1336 5728 1462 5773 sunt
1483 5719 1767 5790 diligenter
1798 5722 1959 5776 verba
1995 5719 2150 5775 Veri-

568 5802 693 5857 tatis
721 5820 780 5861 ac
810 5821 930 5862 cum
964 5797 1158 5865 timere
1195 5810 1390 5881 quibus
1414 5811 1625 5868 dicitur
1670 5832 1682 5867 :
1712 5813 1939 5884 Alligate
1990 5813 2138 5870 fasc:-

2269 4714 2559 4770 verborum
2587 4729 2842 4786 magnum
2872 4714 3150 4770 contineat
3170 4714 3593 4770 sacramentum.
3622 4712 3780 4780 Quod
3807 4721 3868 4770 ut

2267 4803 2484 4860 facilius
2516 4803 2806 4872 elucescat,
2837 4806 2891 4859 in
2922 4805 3040 4875 ipso
3067 4804 3190 4860 libri
3212 4806 3328 4876 ejus
3357 4804 3582 4859 exordio
3606 4820 3707 4861 nos
3736 4806 3863 4862 bre-

2267 4895 2407 4949 viter
2434 4895 2689 4951 intimare
2716 4910 2820 4949 non
2852 4895 3050 4966 pigeat.
3073 4894 3316 4951 Primum
3349 4908 3585 4965 namque
3619 4897 3861 4953 miracu-

2263 4985 2375 5040 lum
2405 4985 2581 5057 ponit,
2608 5001 2715 5055 quo
2763 4986 3024 5042 Dominus
3066 4987 3364 5042 daemonem
3408 4999 3507 5056 per
3534 5001 3596 5042 os
3626 4986 3863 5043 hominis

2260 5079 2589 5134 clamantem
2614 5089 2795 5136 tacere
2815 5081 3090 5151 praecepit,
3109 5096 3344 5151 cumque
3365 5081 3613 5152 protinus
3631 5082 3855 5152 expulit.

2257 5169 2585 5237 Obmutesce,
2619 5170 2815 5240 inquit,
2841 5180 2888 5226 et
2920 5172 3005 5227 exi
3029 5172 3095 5226 ab
3131 5172 3360 5227 homine.
3393 5169 3706 5227 Secundum
3756 5172 3854 5225 mi-

2257 5263 2502 5318 raculum
2544 5272 2649 5331 est,
2701 5278 2809 5334 quo
2850 5261 3249 5320 febricitantem
3297 5278 3514 5320 socrum
3565 5263 3714 5319 Petri
3765 5265 3853 5320 de-

2256 5356 2412 5427 pulso
2442 5358 2552 5428 typi
2579 5356 2760 5413 calore
2785 5358 3017 5432 sanavit.
3043 5358 3299 5413 Tertium
3318 5366 3423 5425 est,
3448 5372 3559 5427 quo
3584 5355 3852 5428 leprosum

2263 5448 2441 5521 tetigit
2468 5457 2523 5503 et
2548 5450 2819 5522 purgavit.
2866 5449 3131 5517 Quartum
3179 5463 3397 5520 quoque
3426 5457 3530 5514 est,
3562 5463 3672 5519 quo
3702 5463 3830 5519 para

2262 5538 2484 5609 lyticum
2506 5536 2791 5609 grabatum
2827 5537 3015 5593 tollere
3061 5546 3117 5593 et
3145 5537 3295 5594 abire
3320 5537 3594 5609 praecepit.
3643 5536 3747 5604 Qui
3778 5536 3854 5591 vi-

2260 5628 2455 5685 delicet
2478 5629 2634 5695 ordo,
2661 5628 2708 5684 si
2736 5628 2978 5700 diligenti
3008 5644 3139 5684 cura
3164 5627 3540 5700 perpenditur,
3568 5624 3851 5681 manifeste

2261 5720 2418 5775 docet
2450 5730 2651 5789 quanta
2682 5720 2979 5803 magisterii
3013 5731 3130 5775 arte
3174 5720 3410 5796 Spiritus
3448 5729 3696 5795 sanctus.
3718 5715 3851 5782 scri-

2194 5800 2199 5805 ⁴
2256 5809 2434 5867 δξηῑίε
2460 5809 2726 5866 calamum
2775 5789 2973 5877 ternuit;
3020 5819 3077 5865 ct
3125 5811 3192 5866 ad
3216 5789 3605 5866 declarandum
3640 5789 3845 5862 redem-
