4078 6336
225 314 328 370 897

1160 309 1664 368 COLLECTANEA
1704 309 1796 366 EX
1839 305 2025 366 Νωτο
2068 304 2538 365 TESTAMENTO

3403 311 3512 367 898

227 419 428 492 ptionis
460 419 707 474 humante
740 418 1076 491 mysterium,
1108 419 1259 489 quasi
1310 435 1407 490 per
1436 419 1725 488 quamdam
1759 419 1820 473 li-
1852 427 1895 484 Α
1927 419 2020 475 alii
2066 418 2410 489 evangelista:
2448 419 2657 486 dicunt,
2690 421 2759 473 ita
2808 421 2967 476 debet
3001 419 3250 491 intelligi,
3284 431 3342 476 ut
3371 424 3515 478 trina

229 527 409 574 neam.
475 511 657 565 omnia
711 511 1064 580 dispensavit.
1123 510 1179 565 in
1237 511 1532 580 dejectione
1588 526 1824 580 namque

231 603 388 673 primi
422 600 654 655 hominis
677 600 941 670 principio
975 595 1238 656 diabolus
1265 600 1475 656 locutus
1503 610 1589 656 est
1619 616 1683 656 ac
1730 616 1824 670 po-

231 709 379 750 mum
407 692 633 746 vetitum
658 691 866 746 comedi
899 691 1186 762 persuasit.
1219 693 1424 747 Deinde
1454 691 1668 756 mulier,
1701 692 1822 759 quia

230 791 286 840 in
360 783 738 839 delectationis
808 781 1300 851 concupiscentiam
1372 782 1610 846 corruit,
1681 780 1828 835 velut

234 875 521 932 aestuantis
542 874 797 928 ardorem
829 873 994 928 febris
1023 873 1268 928 incurrit.
1312 875 1486 928 Adam
1512 889 1639 928 vero
1683 880 1830 942 post-

237 980 399 1036 quam
444 965 512 1019 de
554 962 735 1018 fructu
781 962 911 1034 ligni
957 961 1098 1017 male
1142 961 1530 1018 conscntiendo
1569 962 1829 1031 gustavit,

239 1055 481 1113 omnium
520 1069 643 1110 mox
693 1054 947 1108 vitiorum
981 1053 1126 1124 lepra
1156 1052 1442 1122 perfusus,
1479 1061 1752 1123 postremo
1779 1061 1834 1106 et

245 1160 499 1217 tanquam
535 1145 865 1218 paralyticos
888 1161 918 1199 a
949 1145 1158 1201 cunctis
1182 1145 1338 1200 bonis
1365 1145 1622 1214 operibus
1645 1153 1727 1200 est
1753 1143 1835 1196 in-

242 1237 459 1292 terioris
484 1235 722 1292 hominis
753 1235 1011 1306 languore
1039 1235 1390 1290 constrictus.
1422 1234 1560 1302 Quia
1590 1249 1720 1304 ergo
1745 1233 1836 1287 Fi-

246 1327 350 1383 lius
365 1327 480 1392 Dei,
501 1327 890 1383 sicutJoannes
914 1327 1046 1382 dicit
1066 1329 1366 1400 apostolus,
1390 1331 1668 1385 destruere
1691 1330 1836 1385 venit

247 1433 414 1492 opera
425 1418 646 1484 diaboli,
661 1434 759 1489 per
769 1420 1014 1474 eamdem
1031 1421 1168 1474 viam
1182 1430 1596 1491 persecutusest
1608 1431 1834 1478 mortem

249 1525 356 1580 qua
385 1509 473 1564 illa
512 1510 751 1582 ingressa
782 1508 958 1565 fuerat
989 1511 1043 1566 in
1071 1513 1258 1567 orbem
1306 1523 1574 1569 terrarum
1601 1530 1615 1580 ;
1665 1522 1720 1569 et
1748 1515 1838 1569 ubi

252 1602 430 1657 fusum
475 1609 560 1655 est
601 1600 918 1669 perditionis
964 1611 1166 1656 nostrzc
1193 1618 1485 1670 venenum,
1533 1604 1838 1659 animarum

240 1689 494 1746 medicus
514 1691 704 1748 salutis
731 1691 928 1761 objecit
957 1693 1259 1748 antidOtum
1283 1710 1298 1760 ;
1333 1704 1494 1764 atque
1523 1696 1665 1750 unde
1695 1711 1841 1750 mor-

255 1793 361 1835 tem
384 1780 554 1836 hostis
577 1781 802 1838 callidus
826 1782 1144 1847 introduxit,
1166 1798 1265 1854 per
1288 1785 1536 1840 eumdem
1565 1786 1837 1841 tramitem
1870 1794 1914 1854 Β

256 1877 580 1948 Redemptor
627 1886 812 1932 noster
858 1878 1138 1934 redeuntis
1168 1879 1292 1934 vitae
1333 1879 1627 1949 primordia
1669 1880 1839 1936 refor-

254 1967 452 2023 mavit:
471 1977 737 2039 quatenus
763 1977 816 2022 et
840 1968 1138 2034 diabolum,
1163 1971 1254 2040 qui
1281 1969 1335 2024 in
1358 1971 1571 2025 ruinam
1600 1980 1840 2026 nostram

258 2056 468 2113 locutus
489 2058 684 2123 fuerat,
727 2055 948 2127 jamjam
982 2069 1164 2116 tacere
1192 2061 1556 2132 compelleret,
1591 2069 1646 2117 et
1674 2063 1840 2116 Evam

256 2163 287 2202 a
340 2148 579 2204 febribus
626 2149 911 2204 :estuantis
957 2151 1412 2220 concupiscentia:
1468 2152 1760 2219 liberaret;
1813 2169 1842 2208 a

257 2239 376 2295 viro
398 2255 504 2294 non
538 2241 698 2294 modo
729 2240 935 2310 lepram
965 2242 1218 2296 vitiorum
1247 2244 1624 2314 scelerumque
1661 2246 1840 2300 deter-

257 2345 430 2405 geret,
470 2333 562 2389 sed
607 2333 855 2389 eumdem
880 2349 1096 2405 quoque
1119 2345 1343 2392 eatenus
1376 2337 1735 2408 paralyticum
1779 2339 1846 2394 ad

258 2425 558 2480 exercenda
590 2425 808 2494 pietatis
834 2441 1000 2494 opera
1031 2429 1265 2484 validum
1318 2429 1656 2501 liberumque
1700 2432 1840 2486 laxa-

259 2525 363 2570 ret.
397 2514 550 2571 Sicut
570 2531 700 2586 ergo
732 2517 784 2571 in
820 2516 926 2571 illis
959 2517 1270 2575 hominibus
1294 2527 1466 2574 totum
1492 2522 1656 2592 periit
1683 2537 1850 2594 genus

263 2607 581 2673 humanum,
611 2609 690 2663 sic
719 2608 772 2662 in
801 2608 920 2666 istis
957 2627 986 2664 a
1033 2610 1313 2667 Salvatore
1352 2614 1558 2668 curatis
1584 2621 1668 2669 est
1696 2628 1853 2684 supe-

261 2698 424 2752 rioris
471 2697 659 2768 figura:
709 2701 972 2771 mysterio
1013 2699 1173 2756 saluti
1218 2702 1468 2772 pristina:
1515 2704 1848 2759 restitutum.

261 2789 318 2844 In
349 2790 586 2861 capitulo
613 2790 776 2860 igitur
799 2791 1074 2863 Evangelii
1120 2794 1279 2864 hujus
1321 2794 1444 2850 libri
1473 2796 1747 2852 studiosus
1776 2797 1852 2852 le-

260 2889 384 2936 ctor
411 2880 673 2946 addiscat,
703 2883 981 2952 sequentis
1005 2883 1127 2954 styli
1163 2885 1334 2940 series
1362 2900 1524 2956 quam
1555 2885 1850 2955 profunda,

265 2987 427 3040 quam
461 2973 682 3044 mystica
727 2974 1118 3030 charismatum
1165 2986 1506 3032 sacramenta
1556 2980 1850 3034 contineat.

266 3059 376 3129 Nec
402 3062 618 3129 mirum,
645 3079 767 3117 cum
793 3062 930 3120 liber
956 3063 1044 3118 ille
1071 3079 1176 3118 non
1208 3065 1329 3134 plus
1359 3064 1524 3121 Marci
1567 3081 1726 3136 quam
1760 3069 1856 3122 Pe-

1925 509 2014 564 illa
2047 509 2265 579 negatio
2296 520 2420 562 ante
2449 509 2574 578 galli
2617 510 2835 579 quidem
2862 519 3082 565 cantum
3113 510 3281 566 fuerit
3312 521 3514 582 empta,-

1926 600 2020 653 SCii
2060 607 2345 668 postquam
2392 600 2557 653 semel
2604 600 2824 667 cecinit,
2869 601 2938 655 sit
2983 599 3216 670 expleta,
3261 610 3342 665 ut,
3385 617 3522 671 quo-

1929 691 2070 745 niam
2104 691 2156 744 in
2184 690 2484 760 Scripturis
2513 707 2639 761 pars
2665 693 2801 748 solet
2829 693 2954 762 poni
2983 709 3082 764 pro
3115 703 3250 759 toto,
3289 695 3341 750 id
3371 694 3518 765 quod

1930 796 2026 852 per
2055 781 2366 836 Matthmum
2395 783 2594 837 dicitur
2618 798 2634 836 :
2657 783 2948 852 Antequam
2991 784 3164 853 gallus
3202 793 3399 850 cantet,
3439 794 3520 839 ter

1931 889 2012 926 me
2044 874 2277 944 negabis,
2311 873 2390 927 sic
2419 872 2751 944 intelligatur
2779 883 3033 942 tanquam
3066 875 3292 940 diceret,
3325 883 3406 928 ter
3435 890 3523 930 me

1934 972 2264 1032 negaturus,
2317 972 2607 1033 antequam
2656 962 2829 1034 gallus
2874 971 3054 1017 cantet
3112 965 3368 1034 incipies,
3423 965 3538 1024 sed

1933 1049 2180 1104 eamdem
2231 1050 2597 1119 negationem,
2643 1058 2930 1122 postquam
2979 1049 3150 1104 semel
3199 1051 3522 1116 cantaverit,

1935 1152 2228 1214 antequam
2269 1153 2493 1200 cantare
2531 1145 2614 1200 bis
2658 1144 2896 1214 adjiciat,
2955 1145 3380 1200 consummabis.
3431 1143 3524 1199 Sic

1937 1235 2124 1304 itaque
2152 1245 2206 1289 et
2233 1233 2377 1304 quod
2407 1234 2620 1290 Marcus
2649 1235 2722 1289 ait
2755 1251 2771 1290 :
2800 1231 3122 1305 Priusquam
3147 1234 3322 1306 gallus
3350 1243 3524 1290 cantet

1939 1326 2040 1391 bis,
2065 1333 2119 1380 et
2141 1326 2286 1394 quod
2317 1325 2409 1380 alii
2440 1325 2629 1380 dicunt
2658 1343 2670 1379 :
2695 1325 2986 1397 Antequam
3018 1325 3190 1396 gallus
3223 1335 3416 1388 cantet,
3448 1336 3528 1382 ter

1939 1434 2020 1472 me
2048 1419 2278 1488 negabis,
2320 1417 2450 1472 licet
2488 1417 2669 1472 verbis
2696 1417 2984 1471 videantur
3027 1416 3386 1472 exterioribus
3413 1416 3527 1472 dis-

1941 1523 2155 1570 sonare,
2179 1507 2664 1578 congruentissima
2697 1508 3042 1577 reperiuntur
3061 1507 3368 1563 intentione
3389 1522 3524 1564 con.-

1941 1613 2158 1670 gruere.

2569 1689 2662 1745 EX
2702 1687 2903 1744 LUCA.

2333 1796 2450 1836 CAP!
2459 1797 2598 1837 TULA
2635 1795 2912 1836 SECUNDUM
2950 1795 3146 1837 LUCAI.

1945 1877 1996 1929 1.
2041 1876 2194 1942 Quod
2235 1875 2406 1929 Lucas
2448 1874 2592 1928 solus
2631 1875 2769 1942 inter
2809 1882 3022 1928 ca’teros
3057 1872 3400 1940 evangelistas
3427 1873 3532 1927 tria

2015 1941 2218 2000 cantica
2245 1944 2524 1997 describat.
2547 1974 2616 1983 —
2639 1944 2691 1996 ‘2.
2723 1941 2860 1995 Ecce
2884 1943 3041 2005 enim,
3070 1952 3123 1995 ut
3163 1944 3306 2010 facta
3327 1953 3401 1996 est
3431 1958 3531 1997 vox

2014 2016 2349 2070 salutationis
2410 2024 2514 2068 tute
2577 2014 2630 2067 in
2673 2013 2886 2066 auribus
2951 2012 3099 2075 meis,
3159 2011 3438 2066 exsultavit
3477 2014 3533 2066 in

2015 2086 2208 2154 gaudio
2253 2084 2428 2153 infans
2479 2085 2533 2136 in
2584 2093 2743 2154 utero
2780 2097 2916 2154 meo.
2959 2081 3357 2154 —3._Rcversi
3414 2092 3536 2134 sunt

2017 2151 2190 2217 autem
2235 2151 2380 2209 mm.
2421 2169 2540 2207 cum
2582 2152 2778 2222 gaudio
2817 2151 3085 2222 dicentes:
3109 2151 3350 2217 Domine,
3375 2153 3534 2204 etiam

2017 2228 2278 2280 rltcntonia
2338 2221 2693 2292 subjiciuntur
2753 2221 2901 2292 nobis
2967 2223 3023 2274 in
3064 2223 3272 2275 nomine
3315 2232 3537 2289 tuo,—

2017 2298 2070 2350 4.
2109 2295 2206 2349 ‘De
2247 2312 2306 2350 eo
2349 2289 2488 2364 quod
2509 2333 2522 2358 ,
2554 2293 2767 2346 docente
2806 2289 3060 2364 Domino,
3098 2292 3375 2364 nuntiatur
3411 2292 3539 2364 quia

2023 2363 2230 2418 Pilatus
2259 2360 2603 2420 Calilworum
2629 2361 2937 2432 sanguinem
2979 2378 3097 2415 cunt
3129 2360 3405 2430 sacriﬁciis
3435 2363 3539 2415 imo

2017 2437 2309 2490 miscuerit.

2070 2563 2110 2602 ι.
2152 2561 2204 2600 ιη
2245 2560 2500 2601 ειδιετοιιιι
2541 2560 2606 2599 ιιι)
2645 2560 2929 2600 uoucsrvst
2968 2559 3256 2601 uouxcuuu
3296 2543 3434 2617 (55).
3527 2535 3532 2539 ’

2023 2635 2220 2692 Beatus
2264 2635 2480 2701 Lucas,
2527 2636 2618 2706 qui
2664 2635 2818 2691 vituli
2867 2638 3104 2708 speciem
3162 2643 3539 2716 repraesentat,

1954 2725 2082 2796 quia
2131 2726 2393 2782 videlicet
2429 2727 2630 2782 vitulus
2679 2727 2732 2782 in
2771 2726 3102 2783 sacrificium
3147 2728 3378 2784 mactari
3408 2743 3540 2784 con-

1954 2824 2192 2880 suescat,
2245 2815 2390 2870 solus
2437 2816 2580 2870 inter
2626 2825 2856 2871 caeteros
2896 2816 3260 2888 evangelistas
3309 2816 3410 2872 tria
3451 2817 3544 2872 de-

1955 2905 2197 2960 scribere
2230 2905 2443 2959 cantiea
2489 2905 2788 2974 reperitur;
2839 2905 3074 2975 primum
3112 2906 3410 2973 Zachariae,
3457 2902 3543 2961 Se-

1957 2995 2192 3049 cundum
2238 2992 2439 3060 Mariae,
2492 2994 2710 3048 tertium
2763 2991 3064 3058 Simeonis;
3108 3006 3163 3051 et
3209 3011 3331 3050 cum
3369 2996 3547 3050 nullus

1958 3087 2410 3158 evangelistarum
2453 3087 2591 3141 alius
2635 3086 2856 3157 proprio
2901 3087 3042 3159 stylo
3090 3089 3364 3144 canticum
3406 3079 3549 3143 inse-

269 3151 338 3204 “'i
365 3151 714 3252 Ρενιξηιείξῑυΐ
739 3155 966 3221 θρυδῑοίί
993 3155 1461 3252 ξξιξιίιιίιιιίαειιῑω
1488 3158 1591 3212 is“?
1614 3158 1852 3228 δοτῖρδίῑι
1882 3147 1928 3209 C
1962 3147 2154 3247 ruerit,
2205 3179 2307 3234 iste
2345 3147 2753 3250 duntaxat,-qui
2792 3147 3021 3235 formam
3056 3179 3108 3234 in
3149 3196 3208 3236 se
3239 3179 3425 3252 legalis
3452 3181 3550 3235 ho-

266 3262 332 3297 ex
360 3258 456 3298 ore
482 3243 624 3299 beati
656 3247 901 3316 magistri
931 3245 1179 3311 callidus,
1214 3257 1272 3302 ut
1295 3249 1366 3302 ita
1399 3251 1648 3318 dixerim,
1675 3253 1858 3322 explo-

271 3345 422 3390 rator
448 3335 672 3390 audivit.

733 3444 794 3483 ll.
838 3445 890 3482 ΙΝ
928 3444 1108 3484 EODEM
1150 3445 1408 3485 SERHONE.

699 3539 847 3611 (Ed.
883 3549 1012 3595 tom.
1041 3541 1128 3608 II,
1153 3561 1277 3614 pag.
1301 3543 1433 3614 ϐό.)
1489 3587 1497 3594 .

345 3633 421 3686 De
447 3648 506 3705 eo
532 3635 670 3702 quod
700 3631 914 3705 Mar_cus
954 3635 1008 3705 in
1037 3636 1350 3705 quibusdam
1382 3637 1546 3692 verbis
1575 3641 1637 3693 ab
1670 3639 1788 3695 aliis

462 3693 718 3768 dissonat,
745 3693 836 3758 sed
861 3693 1123 3760 intellectu
1151 3707 1414 3776 spirituali
1445 3723 1714 3764 consonat.

349 3792 519 3848 Porro
555 3805 737 3849 autem
776 3795 1036 3850 nonnulla
1076 3797 1442 3866 reperiuntur,
1469 3815 1589 3868 qua:
1625 3801 1702 3854 sic
1739 3810 1864 3856 sunt

277 3899 308 3937 a
350 3883 510 3939 beato
555 3883 739 3938 Marco
761 3885 994 3956 digesta,
1030 3893 1089 3940 ut
1131 3887 1356 3958 reliquis
1394 3891 1742 3960 evangelistis
1780 3895 1865 3946 vi-

277 3977 509 4031 deantur
557 3992 678 4032 esse
730 3978 1028 4032 contraria.
1091 3977 1220 4044 Qua:
1280 3988 1458 4034 tamen
1521 3981 1566 4036 si
1620 3983 1866 4054 sagacius

275 4076 710 4136 perscrutentur,
749 4075 802 4122 et
836 4068 1050 4123 cameris
1083 4083 1355 4135 consona,
1394 4080 1451 4125 et
1484 4069 1866 4130 sincerissima:

280 4158 405 4214 fidei
443 4159 790 4228 reperiuntur
821 4160 1049 4215 veritate
1082 4159 1329 4216 fundata.
1380 4159 1684 4256 Sicut\est,
1723 4167 1867 4237 quod

279 4249 465 4303 caeteri
499 4249 632 4304 liora
668 4258 843 4317 sexta,
878 4251 969 4307 hic
1001 4253 1196 4308 asserit
1233 4253 1366 4308 hora
1400 4249 1560 4308 tertia
1580 4254 1867 4312 Dominum

281 4337 635 4405 crucifixum;
681 4355 801 4411 qua:
848 4340 1094 4410 profecto
1134 4343 1422 4400 diversitas
1474 4346 1549 4402 ita
1573 4347 1866 4415 dirimitur,

285 4437 343 4482 ut
375 4431 630 4499 quoniam
666 4433 799 4488 hora
833 4433 989 4488 tertia
1031 4434 1342 4490 tumultuati
1377 4448 1507 4492 sunt
1544 4453 1559 4494 :
1600 4440 1866 4510 cruciﬁge,

284 4521 558 4594 cruci/ige,
603 4527 794 4582 eadem
831 4528 963 4583 hora
992 4529 1282 4585 Dominum
1325 4531 1505 4603 lingua
1537 4534 1871 4590 crucifixerit

285 4610 631 4682 Iudaeorum,
692 4633 852 4687 quem
910 4620 1041 4674 hora
1096 4620 1263 4688 [sexta
1326 4625 1680 4693 corporaliter
1735 4626 1872 4683 clavi

286 4705 560 4764 confixere
603 4710 904 4781 gentilium.
964 4712 1042 4767 llli
1087 4713 1271 4782 itaque
1309 4715 1465 4784 juxta
1513 4718 1869 4787 corporalem,

288 4807 349 4852 ut
385 4799 457 4853 ita
499 4799 712 4870 loquar,
755 4803 830 4857 rei
873 4811 1036 4873 gesta:
1083 4803 1378 4872 loquuntur
1421 4807 1728 4874 historiam,
1773 4812 1872 4867 istc

287 4890 625 4958 spiritualem
650 4893 871 4963 protulit.
891 4893 957 4947 de
989 4893 1191 4949 furiosa
1216 4894 1525 4963 Iudaeorum
1543 4901 1873 4958 crudelitate

288 4962 749 5037 sententiatnallli
783 4995 1044 5053 pratterea
1080 4962 1320 5041 referunt
1351 5001 1476 5044 ante
1497 4992 1622 5062 galli
1657 5004 1874 5048 cantum

292 5081 373 5123 ter
409 5069 620 5126 aPetro
641 5071 928 5128 Dominum
964 5073 1130 5129 fuisse
1170 5086 1464 5146 negatum;
1512 5081 1613 5136 iste
1646 5084 1735 5152 qui
1774 5086 1876 5139 hoc

287 5176 358 5215 ex
400 5177 494 5216 ore
537 5163 742 5219 scilicet
785 5166 950 5234 ipsius
990 5169 1238 5236 negantis
1276 5170 1517 5235 audivit,
1573 5188 1680 5227 non
1722 5187 1878 5230 ante-

290 5267 456 5320 quam
499 5255 672 5324 gallus
712 5265 978 5323 cantaret,
1022 5258 1116 5313 sed
1157 5266 1446 5329 antequam
1484 5262 1568 5318 bis
1607 5273 1886 5327 cantaret,

292 5345 642 5412 negationem,
663 5347 802 5402 hanc
826 5347 1023 5402 factam
1059 5363 1180 5404 esse
1206 5351 1541 5420 perscripsit.
1574 5353 1726 5419 Quod
1748 5371 1878 5424 pro-

292 5435 435 5490 f'ecto
458 5436 610 5505 juxta
641 5440 800 5495 fidem
832 5441 908 5495 rei
935 5441 1200 5496 veraciter
1225 5442 1536 5512 contigisse,
1565 5447 1704 5500 sicut
1731 5447 1874 5502 Mar-

294 5540 392 5580 cus
426 5532 651 5596 asserit,
701 5533 1069 5588 indubitanter
1115 5534 1443 5604 agnoscitur.
1493 5537 1643 5603 Quod
1693 5552 1871 5596 autem

371 5642 485 5725 (2:55)
529 5643 610 5697 Ad
643 5644 938 5725 Honestum
970 5648 1559 5725 mon:_t_c_hum_e_pistola
1591 5669 1690 5725 seu
1744 5671 1877 5725 Opus

301 5714 508 5769 sculuin
537 5726 714 5770 exstat
745 5719 797 5771 in
827 5721 910 5774 ed.
947 5728 1077 5772 tom.
1100 5717 1185 5785 ill,
1208 5735 1257 5788 p.
1290 5714 1412 5787 577,
1445 5724 1536 5778 sed
1567 5723 1638 5778 ibi
1671 5725 1756 5780 hic
1781 5714 1885 5781 Ῥε-

1961 3271 2077 3326 stia:
2105 3269 2252 3325 solus
2277 3269 2554 3339 exprimit,
2585 3271 2794 3325 cantica
2820 3271 3031 3326 diversa
3059 3271 3344 3336 describit;
3375 3271 3552 3347 primo

1963 3361 2181 3433 quidem
2215 3361 2534 3428 sacerdotis,
2569 3362 2762 3417 deinde
2794 3361 3050 3433 Virginis,
3098 3373 3375 3433 postremo
3415 3365 3550 3435 justi

1961 3452 2135 3518 senis;
2169 3459 2228 3505 ut
2254 3467 2354 3521 per
2380 3453 2479 3506 hoc
2513 3452 2833 3507 ostendatur
2857 3453 3113 3523 quoniam
3152 3453 3226 3507 illi
3252 3468 3363 3523 pra:
3386 3463 3550 3509 caete-

1965 3541 2040 3597 ris
2073 3542 2128 3596 in
2168 3542 2489 3598 excellentia
2519 3543 2748 3597 canendi
2785 3544 3014 3599 debetur
3057 3543 3292 3599 ofﬁcium
3323 3544 3412 3615 qui
3462 3559 3557 3600 se-

1965 3639 2255 3708 metipsum
2291 3637 2404 3706 jam
2448 3637 2556 3692 Deo
2593 3637 2860 3693 veraciter
2909 3637 3107 3692 obtulit
3154 3638 3553 3716 holocaustum,

1964 3727 2136 3785 Canat
2178 3745 2308 3800 ergo
2344 3729 2523 3785 siccus
2561 3737 2617 3785 et
2654 3729 2869 3793 aridus,
2914 3745 3019 3784 non
3058 3729 3151 3800 qui
3184 3729 3394 3786 deliciis
3437 3728 3559 3786 ﬂuit

1967 3825 2254 3881 humectus
2288 3829 2343 3876 et
2371 3817 2584 3875 uvidus.
2619 3820 2752 3876 Ovis
2793 3821 2955 3892 plane
2983 3823 3170 3877 vivens
3195 3823 3360 3888 halat,
3405 3839 3559 3878 tuor-

1968 3925 2060 3969 tua
2101 3922 2317 3979 cantat;
2357 3913 2509 3968 arida
2557 3913 2761 3968 chorda
2815 3914 3044 3979 clarum,
3097 3913 3317 3968 humida
3365 3928 3558 3969 sonum

1967 4004 2144 4059 reddit
2188 4005 2461 4059 obtusum.
2502 4004 2812 4059 Cavendum
2856 4014 3098 4074 estergo
3129 4005 3197 4060 de
3236 4005 3432 4060 src-culo
3463 4019 3560 4060 ve-

1968 4093 2272 4158 nientibus,
2337 4093 2757 4149 et'tcrribiliter
2807 4092 3208 4151 formidandum
3238 4134 3254 4160 ,
3311 4110 3380 4150 ne
3431 4096 3558 4150 dum

1969 4183 2256 4237 inundana:
2283 4183 2713 4238 conversationis
2760 4183 2986 4252 laqueos
3030 4183 3262 4255 fugiunt,
3306 4185 3483 4242 mollis
3506 4195 3562 4239 et

1968 4271 2128 4327 fluxa:
2174 4272 2301 4328 vitae
2343 4258 2586 4328 nexibus
2624 4262 2864 4330 deterius
2903 4273 3273 4340 innectantur,
3323 4276 3416 4347 qui
3457 4277 3560 4346 etsi

1971 4364 2080 4419 Deo
2111 4363 2235 4420 boni
2273 4364 2477 4434 aliquid
2506 4364 2758 4433 offerant,
2791 4365 3158 4424 sacrificantis
3197 4367 3404 4424 oblatio
3448 4385 3559 4424 non

1973 4455 2286 4526 suscipitur,
2337 4454 2443 4510 nisi
2491 4465 2548 4510 et
2592 4456 2638 4511 is
2677 4456 2769 4526 qui
2797 4455 2974 4524 offert,
3003 4457 3348 4529 quibusdam,
3386 4468 3445 4512 ut
3487 4460 3562 4513 ita

1973 4543 2188 4613 loquar,
2214 4543 2521 4599 devotionis
2553 4561 2661 4600 sua:
2689 4545 2938 4604 manibus
2985 4546 3266 4604 offeratur.
3316 4545 3453 4601 lline
3479 4556 3566 4603 est

1973 4638 2115 4705 quod
2142 4635 2275 4690 Cain
2305 4637 2540 4693 inaniter
2568 4636 2850 4705 offerebat,
2881 4641 3006 4711 quia
3041 4641 3391 4710 semetipsum
3416 4641 3564 4712 prius

1972 4727 2172 4783 ofl‘erre
2209 4729 2542 4800 neglexerat.

1973 4833 2031 4870 ll.
2058 4833 2105 4870 IN
2129 4833 2366 4873 SERMONE
2387 4833 2450 4872 »τε
2472 4833 2801 4876 ΝΔΤΠΊΤΔΤΞ
2824 4836 3010 4875 ΒΛΝΕΤΙ
3029 4835 3240 4875 JOALVNIS
3261 4809 3560 4876 ΒᾸΡΤῘΞΤᾸΞ.

2400 4911 2539 4979 (Ed.
2569 4922 2695 4965 tom.
2725 4911 2808 4977 ιι,
2840 4929 2960 4982 pag.
2993 4911 3142 4983 55.1.)

2056 4999 2215 5063 Ecce,
2270 5001 2444 5072 inquit
2498 5003 2806 5069 Elisabeth,
2860 5014 2914 5057 ut
2963 5003 3103 5072 facta
3153 5013 3226 5056 est
3265 5021 3378 5071 .roa:
3421 5003 3567 5059 sala-

1983 5091 2192 5144 lationis
2251 5102 2356 5146 tua:
2411 5095 2465 5147 in
2522 5094 2736 5148 auribus
2784 5094 2948 5158 meis,
3002 5092 3279 5148 exsultavit
3333 5095 3387 5148 in
3439 5112 3570 5166 gau-

1985 5179 2071 5231 rlio
2128 5179 2304 5249 infans
2347 5182 2400 5234 in
2461 5193 2605 5236 utero
2658 5199 2790 5237 meo.
2851 5184 3084 5252 Spiritus
3134 5185 3279 5240 enim
3324 5197 3566 5254 sanctus,

1985 5270 2074 5339 qui
2107 5287 2229 5324 eum
2262 5281 2552 5342 antequam
2585 5274 2774 5329 vitales
2804 5290 2965 5330 auras
2994 5286 3241 5346 carperet
3286 5277 3564 5341 animavit,

1992 5361 2162 5429 ipsum
2209 5378 2423 5434 quoque
2463 5366 2692 5420 materni
2735 5365 2956 5436 pudoris
3003 5369 3325 5440 hospitium,
3370 5371 3422 5425 in
3463 5386 3570 5442 quo

1992 5454 2215 5524 degebat
2249 5457 2510 5526 implevit,
2541 5458 2682 5513 unde
2717 5474 2838 5514 cum
2877 5461 3102 5516 necdum
3132 5473 3310 5532 posset
3341 5465 3572 5518 homini-

1985 5544 2086 5600 bus
2118 5549 2278 5602 verba
2315 5549 2652 5619 depromere,
2681 5537 2853 5622 potuit
2877 5552 3197 5616 exsultando
3231 5555 3483 5610 latentem
3515 5555 3572 5610 in

1989 5661 2051 5739 tri
2097 5671 2306 5739 tractus
2340 5681 2445 5719 non
2485 5666 2702 5734 legitur,
2737 5683 3045 5738 quanquam
3085 5669 3570 5739 hujusargutuenv

1996 5737 2104 5783 tuin
2142 5734 2206 5787 ab
2237 5734 2377 5790 illius
2409 5739 2648 5806 epusculi
2678 5734 2952 5808 preposiio
2982 5754 3086 5794 non
3120 5734 3394 5797 abhorret.
