4108 5342
569 307 674 366 899

1339 302 1564 359 ADDIT.
1606 301 1698 357 AD
1734 299 1895 356 ΤΟΜ.
1939 299 2003 356 III
2043 297 2194 357 ΟΡΡ.
2232 296 2290 355 S.
2327 297 2530 354 PETRI
2568 295 2872 354 DAMIANI.‘

3741 300 3853 358 900

565 411 724 478 utero
750 417 980 490 virginls
1007 430 1187 488 regem
1223 414 1345 472 caeli
1383 413 1646 472 maternis
1675 411 1975 469 visceribus
2016 425 2156 465 nun-
2188 415 2235 474 Α
2264 411 2453 464 bemus
2494 406 2815 479 intelligere,
2849 407 2940 478 qui
2981 411 3204 478 paratus
3233 418 3318 464 est
3348 409 3563 480 semper
3605 410 3855 469 homines

565 514 725 569 tiare.
755 511 858 568 Ubi
888 508 1238 582 quaerendum
1267 517 1352 562 est
1372 507 1644 578 quomodo
1671 505 1788 560 fieri
1816 504 1992 575 potuit
2020 512 2081 557 ut
2104 503 2158 558 in

567 619 691 661 eum
716 603 950 674 Spiritus
970 607 1190 656 sanctus
1211 615 1307 654 sua
1330 601 1469 656 dona
1491 597 1838 662 diffunderet,
1863 611 1983 650 cum
2004 593 2159 663 juxta

568 695 736 750 ritum
785 691 1112 747 conditionis
1156 690 1408 746 humanae
1453 689 1632 743 adhuc
1685 689 1738 742 in
1788 683 2160 755 iniquitatibus

565 793 860 853 conceptus
904 783 1179 844 existeret,
1237 791 1288 836 et
1340 781 1571 836 necdum
1619 778 1899 850 originalis
1951 777 2157 848 peccati

565 876 843 932 vinculum
869 883 1119 945 percepta
1150 873 1335 944 legalis
1360 871 1722 927 observantia:
1748 869 2158 925 circumcisione

563 963 844 1029 solvisset;
880 979 1002 1019 cum
1044 978 1143 1035 per
1180 961 1399 1031 Moysen
1443 961 1622 1016 divina
1666 976 1770 1014 vox
1815 959 2000 1013 dicat:
2035 957 2156 1011 Ma-

565 1057 764 1122 sculus,
815 1056 967 1126 cujus
1010 1056 1254 1126 prwputii
1299 1070 1423 1108 caro
1469 1054 1780 1107 circumcisa
1827 1067 1930 1104 non
1977 1050 2155 1119 fuerit,

562 1146 750 1215 peribit
789 1147 967 1198 anima
997 1145 1090 1199 illa
1116 1145 1180 1200 de
1210 1143 1404 1215 populo
1435 1160 1552 1206 suo,
1591 1143 1713 1214 quia
1741 1153 1952 1212 pactum
1987 1155 2156 1194 meum

562 1237 773 1292 irritum
803 1237 945 1306 fecit.
975 1235 1083 1292 Sed
1125 1235 1418 1291 notandum
1450 1244 1534 1288 est
1561 1235 1686 1304 quia
1715 1233 1948 1303 Spiritus
1981 1233 2155 1287 sancti

568 1329 742 1402 gratis
773 1327 889 1397 lege
931 1344 1039 1382 non
1085 1327 1392 1396 stringitur,
1421 1325 1767 1381 necessitatis
1805 1323 2020 1378 vinculo
2050 1337 2156 1376 non

564 1426 814 1483 tenetur;
841 1417 933 1472 sed
963 1417 1104 1472 sicut
1131 1416 1219 1470 ubi
1246 1416 1350 1470 vult
1394 1416 1581 1486 spirat,
1625 1415 1705 1469 sic
1744 1423 1798 1468 et
1823 1413 2019 1481 quibus
2045 1411 2158 1465 vult

568 1509 738 1579 gratis
761 1521 858 1563 sua
885 1508 1022 1562 dona
1049 1505 1348 1575 dispensat.
1386 1504 1520 1558 Nam
1546 1513 1604 1559 et
1631 1502 1938 1559 Cornelium
1965 1514 2154 1557 centu-

567 1600 801 1663 sionem,
831 1607 1120 1667 antequam
1152 1596 1405 1666 baptismi
1429 1595 1726 1666 susciperet
1753 1593 2044 1658 lavacrum,
2069 1592 2157 1647 in-

564 1689 826 1759 spiravit,
875 1697 932 1742 et
978 1688 1031 1740 in
1080 1687 1342 1756 quosdam
1386 1685 1562 1746 adhuc
1606 1683 1853 1754 gentiles,
1903 1682 2154 1753 loquente

2259 499 2614 555 oﬁ'ensionum
2651 501 2848 555 ictibus
2877 499 3200 556 verberare?
3239 500 3391 558 Unde
3417 512 3472 557 et
3509 504 3719 573 virgam
3760 521 3858 561 su-

2258 606 2357 661 per
2376 593 2632 646 humeros
2656 591 2932 647 hominum
2955 601 3144 649 tenere
3165 593 3364 650 dicitur
3386 611 3482 665 per
3502 599 3822 668 prOphetam
3839 639 3853 659 ,

2267 678 2503 750 Virgam,
2551 681 2743 752 inquit,
2791 683 2995 738 humeri
3023 684 3137 754 ejus
3180 688 3458 754 superasti,
3489 689 3622 740 sicut
3665 690 3720 742 in
3761 690 3854 745 die

2260 769 2503 825 Madian.
2535 771 2677 838 Quid
2718 787 2848 831 vero
2879 778 3118 844 sanguis,
3147 776 3249 830 nisi
3281 779 3538 846 peccata?
3581 780 3708 848 quid
3757 796 3850 836 sa-

2259 861 2495 923 criﬁcia,
2531 863 2634 916 nisi
2676 874 2853 919 rectas
2890 875 2944 919 et
2988 867 3348 936 acceptabilcs
3392 867 3502 922 Deo
3543 871 3853 939 significant

2258 953 2537 1008 actiones?
2582 954 2785 1010 Pilatus
2831 972 2962 1028 ergo
3004 956 3346 1012 Galilaeorum
3376 962 3696 1032 sanguinem
3721 977 3849 1014 cum

2257 1043 2539 1100 sacriﬁciis
2568 1045 2800 1108 miscuit,
2842 1046 2966 1114 quia
2995 1048 3262 1118 malignus
3295 1049 3520 1118 spiritus
3540 1048 3624 1103 vel
3648 1051 3850 1105 oratio-

2258 1146 2356 1185 nes
2385 1141 2596 1186 nostras
2626 1133 2809 1202 pravis
2851 1134 3270 1202 cogitationibus
3314 1135 3524 1203 polluit,
3556 1136 3640 1190 vel
3681 1152 3848 1206 opera

2257 1222 2395 1277 bona
2425 1224 2631 1291 peccati
2669 1222 2957 1290 cujuslibet
3000 1227 3413 1281 attaminatione
3441 1230 3754 1298 corrumpit,
3785 1237 3850 1284 ut

2259 1315 2478 1383 sanguis
2501 1315 2824 1369 sacrilicium‘
2848 1315 3071 1384 polluat,
3099 1317 3224 1371 dum
3251 1326 3435 1372 reatus
3453 1317 3678 1372 oﬂ‘ensio
3698 1317 3850 1373 obla-

2262 1411 2368 1456 tam
2401 1403 2511 1459 Deo
2558 1406 2693 1459 recti
2737 1405 2918 1474 operis
2948 1405 3224 1460 victimam
3276 1405 3463 1460 ltedat.
3514 1407 3666 1463 Unde
3705 1409 3843 1463 scri-

2257 1502 2408 1562 ptum
2451 1504 2556 1560 est,
2605 1495 2730 1566 quia
2775 1510 2898 1549 cum
2941 1497 3212 1551 Abraham
3262 1498 3370 1552 Deo
3415 1498 3740 1553 sacriﬁcium
3775 1501 3845 1555 de

2257 1585 2544 1653 pecoribus
2588 1600 2653 1640 ac
2698 1585 3008 1640 volucribus
3035 1587 3262 1642 devotus
3291 1586 3540 1652 olferret,
3567 1587 3846 1642 descende—

2262 1685 2381 1743 runt
2426 1676 2656 1732 volucres
2701 1693 2858 1749 super
2904 1678 3184 1743 cadavera,
3222 1688 3270 1732 et
3297 1678 3531 1748 abigebat
3556 1695 3645 1734 eas
3675 1678 3848 1732 Abra-

563 1775 752 1844 Petro,
784 1793 891 1833 non
924 1776 1120 1840 solum,
1148 1785 1206 1830 ut
1228 1774 1507 1845 Scriptura
1531 1781 1783 1837 testatur,
1813 1771 2031 1836 cecidit,
2063 1769 2157 1826 sed
2185 1768 2232 1828 Β
2259 1772 2401 1826 llam.
2431 1770 2570 1839 Quid
2613 1772 2758 1827 enim
2795 1773 3104 1842 exprimunt
3141 1770 3404 1837 volucres,
3435 1770 3536 1825 nisi
3581 1769 3843 1842 malignos

561 1871 729 1928 etiam
773 1877 834 1924 ut
879 1867 1076 1938 linguis
1122 1867 1494 1937 loquerentur,
1527 1865 1802 1920 instruxit.
1846 1862 1984 1929 Quid
2027 1878 2156 1933 ergo

565 1959 799 2023 mirum,
852 1957 896 2011 si
944 1957 1161 2013 beatum
1205 1954 1469 2010 Joannem
1514 1964 1639 2009 ante
1684 1953 1871 2025 legalis
1917 1953 2157 2008 mandati

564 2047 922 2116 quodcunque
983 2045 1276 2099 remedium
1330 2045 1552 2116 spiritus
1610 2053 1830 2098 sanctus
1884 2041 2154 2112 implevit,

565 2150 727 2208 quem
757 2136 927 2206 ipsius
958 2135 1091 2206 legis
1130 2143 1184 2191 et
1211 2135 1600 2205 prophetarum
1647 2148 1714 2188 ac
1754 2133 1918 2188 totius
1961 2132 2158 2188 veteris

567 2225 862 2282 testimonii
904 2226 1128 2280 limitem
1175 2225 1466 2295 quemdam
1509 2234 1692 2295 atque,
1724 2233 1784 2279 ut
1825 2224 1900 2280 ita
1943 2223 2155 2293 loquar,

565 2314 1062 2371 lntransmeabilem
1108 2315 1404 2370 terminum
1428 2314 1767 2384 prOvidentia
1809 2313 1992 2368 divina
2027 2327 2158 2371 con-

563 2407 778 2462 stituit?
817 2405 927 2462 Lea:
955 2407 1101 2462 enim
1143 2415 1191 2461 et
1235 2407 1518 2476 prop/terre,
1546 2417 1604 2461 ttt
1633 2405 1848 2462 Veritas
1873 2407 1968 2470 ait,
1998 2421 2157 2476 usque

563 2501 634 2554 ad
655 2499 935 2554 Joannem.
964 2497 1203 2554 Joannes
1225 2499 1369 2553 enim
1393 2497 1496 2552 iste
1525 2513 1648 2552 cum
1669 2497 1899 2556 Domino
1925 2497 2154 2556 circurn-

562 2589 770 2645 cisi‘one
813 2605 920 2644 non
961 2589 1127 2660 eguit,
1173 2588 1266 2644 sed
1294 2602 1418 2643 eum
1449 2602 1609 2658 supra
1639 2587 1832 2657 legem,
1863 2602 2028 2657 supra
2057 2587 2157 2640 bu-

564 2695 741 2736 manze
787 2679 1113 2734 conditionis
1144 2677 1391 2733 ordinem
1433 2677 1626 2731 electio
1663 2675 1840 2732 divina
1888 2678 2153 2746 provexit.

563 2771 661 2826 Cui
692 2772 855 2826 etiam
902 2771 1037 2826 tanti
1081 2771 1303 2825 honoris
1331 2770 1524 2825 collata
1561 2777 1645 2825 est
1674 2769 1843 2838 gloria
1875 2780 1933 2824 ut
1964 2770 2155 2826 nativi-

561 2864 661 2918 tati
690 2863 805 2932 ejus
830 2865 942 2934 ipsa
973 2864 1066 2917 Dei
1092 2862 1339 2918 Genitrix
1370 2864 1677 2928 interesset,
1706 2862 1927 2933 ejusque
1955 2863 2156 2931 princi-

560 2957 708 3027 pimn
752 2956 929 3010 latens
960 2956 1013 3010 in
1051 2963 1207 3010 utero
1237 2955 1420 3010 mundi
1450 2954 1708 3008 Conditor
1733 2971 1828 3008 sua
1867 2955 2152 3023 praesentia

562 3047 858 3100 dedicaret.
892 3046 1146 3100 Testatur
1191 3047 1293 3102 hoc
1324 3043 1496 3100 Lucas
1527 3045 1855 3116 evangelista
1899 3061 2022 3099 cum
2068 3046 2152 3099 di-

2258 1863 2481 1932 spiritus
2506 1877 2602 1932 per
2629 1877 2754 1917 aera
2782 1862 3103 1920 volitantes?
3135 1861 3394 1917 Volucres
3435 1876 3565 1932 ergo
3599 1877 3630 1915 a
3673 1862 3842 1915 sacri-

2260 1954 2384 2008 licio
2431 1962 2616 2009 nostro
2646 1952 2977 2024 repellimus,
3009 1967 3132 2008 cum
3161 1967 3384 2022 operum
3429 1959 3736 2006 nostrorum
3767 1951 3844 2005 vi-

2259 2046 2451 2102 ctimas
2476 2061 2507 2099 a
2545 2045 2794 2116 malignis
2823 2045 3103 2116 spiritibus
3129 2059 3222 2100 eas
3263 2042 3470 2100 lmdare
3515 2043 3844 2099 tentantibus

2257 2138 2478 2209 provide
2502 2139 2856 2194 custodimus.
3127 2187 3130 2190 .

2841 2227 2935 2284 EX
2970 2228 3252 2286 JOANNE.

2337 2336 2375 2375 I.
2416 2336 2468 2376 IN
2507 2330 2745 2378 SIIIIONE
2784 2336 2852 2376 DE
2889 2337 3267 2378 EIALTATIONE
3305 2337 3521 2378 ελκοτε
3557 2336 3766 2379 CBICIS.

2696 2411 2822 2483 (Ed.
2855 2426 2980 2467 tom.
3011 2398 3060 2475 I,
3090 2430 3210 2483 pag.
3237 2413 3389 2484 255.)

2329 2499 2694 2571 Quadraginta
2729 2512 2777 2556 et
2812 2519 2904 2557 sea:
2937 2504 3092 2557 annis
3127 2503 3444 2572 redi/iculum
3484 2513 3560 2558 est
3591 2505 3842 2573 templum

2255 2595 2373 2659 hoc,
2397 2606 2443 2648 et
2480 2604 2536 2648 tu
2565 2595 2740 2648 triduo
2770 2595 2905 2649 illud
2940 2594 3265 2666 rewdiﬁcas?
3297 2597 3404 2652 Sex
3436 2611 3626 2667 nempe
3652 2597 3842 2652 diebus

2257 2687 2598 2754 omnipotens
2621 2686 2761 2740 Deus
2788 2687 2965 2741 omnia
2997 2703 3091 2742 sua
3122 2702 3284 2757 opera
3310 2689 3570 2752 condidit,
3602 2695 3658 2743 et
3684 2698 3840 2743 sexto

2256 2774 2343 2830 die
2379 2776 2649 2834 hominem
2692 2775 2758 2830 ad
2799 2792 2953 2831 suam
2999 2777 3286 2846 imaginem
3329 2777 3842 2846 similitudinemque

2257 2865 2529 2922 formavit.
2583 2859 2744 2920 Sexta
2772 2882 2986 2936 quoque
3010 2875 3168 2922 aetate
3193 2867 3396 2932 stecttli,
3428 2867 3594 2922 Filius
3632 2868 3722 2921 Dei
3759 2867 3844 2919 [διο

2258 2966 2378 3011 ctus
2404 2965 2488 3011 est
2515 2952 2656 3011 ﬁlius
2683 2957 2938 3022 hominis,
2975 2964 3035 3012 ut
3067 2972 3165 3012 nos
3195 2956 3514 3012 reformarct
3540 2957 3607 3011 ad
3643 2956 3838 3025 imagi-

2261 3061 2382 3100 nem
2412 3047 2528 3101 Dei.
2570 3045 2736 3102 Sexta
2778 3048 2998 3117 insuper
3026 3047 3160 3102 feria
3201 3048 3315 3117 ipse
3356 3047 3613 3102 Dominus
3647 3061 3840 3116 passus

563 3139 683 3192 cit:
719 3137 914 3190 Mansit
962 3147 1137 3190 autem
1182 3134 1358 3189 Maria
1387 3152 1505 3189 cum
1549 3134 1663 3199 illa,
1696 3133 1940 3191 videlicet
1985 3135 2152 3188 Elisa-
2180 3123 2226 3192 C
2257 3144 2370 3199 est,
2419 3145 2479 3190 ut
2532 3152 2595 3191 ea
2645 3137 2898 3194 nimirum
2949 3138 3034 3191 die
3080 3138 3242 3192 homo
3295 3137 3449 3192 fieret
3497 3135 3616 3205 ejus
3662 3145 3842 3190 morte

560 3227 714 3291 beth,
743 3228 896 3298 quasi
928 3229 1188 3280 mensibus
1219 3226 1406 3291 tribus,
1437 3235 1484 3280 et
1509 3243 1718 3280 reversa
1759 3235 1833 3280 est
1864 3228 1918 3282 in
1944 3226 2155 3280 domum

559 3333 735 3371 suam.
770 3317 813 3370 Α
856 3317 1208 3385 conceptione
1239 3316 1438 3385 quippe
1469 3315 1678 3370 Domini
1709 3332 1878 3387 usque
1904 3316 1970 3371 ad
2015 3317 2158 3370 nati-

559 3407 780 3462 vitatem
809 3407 948 3461 beati
977 3406 1199 3461 Joannis
1229 3415 1339 3460 tres
1373 3421 1584 3461 menses
1619 3418 1766 3462 sunt.
1806 3406 2030 3465 Nolcbat
2059 3411 2159 3460 ita-

561 3514 669 3569 que
695 3498 865 3552 Maria
891 3498 1191 3563 discedere,
1229 3498 1400 3553 donec
1427 3498 1725 3568 grandaevae
1748 3513 2027 3569 puerperae
2057 3499 2160 3552 mi-

561 3590 846 3644 nisterium
875 3589 1178 3646 sedulitatis
1207 3589 1561 3661 impenderet,
1590 3599 1642 3646 et
1675 3605 1794 3660 quae
1827 3591 2072 3662 gestabat
2104 3591 2158 3645 in

563 3676 686 3732 aula
710 3677 792 3733 sui
823 3679 1065 3748 corporis
1091 3693 1293 3750 regem,
1319 3687 1568 3734 cerneret
1593 3681 1803 3736 anteire
1828 3695 2154 3750 praeconem,

892 3781 975 3822 III.
1014 3783 1067 3821 IN
1105 3783 1363 3824 EPISTOLA
1401 3784 1469 3822 AD
1508 3784 1826 3826 GEBIZONEI.

994 3857 1123 3928 (Ed.
1157 3869 1281 3914 tom.
1317 3859 1401 3925 Il,
1431 3877 1551 3931 pag.
1585 3861 1734 3932 I92.)
1854 3854 1861 3861 ”

557 3967 560 3970 '
633 3947 846 4007 Reversi
895 3960 1018 4007 sunt
1066 3961 1238 4006 autem
1286 3968 1438 4008 Lxxtt
1487 3969 1604 4007 cum
1645 3953 1838 4024 gaudio
1883 3954 2156 4009 dicentes:

559 4040 803 4108 Domine,
853 4051 903 4096 et
948 4041 1209 4096 datmonia
1254 4043 1610 4114 subjiciuntur
1653 4043 1800 4098 nobis
1843 4044 1898 4098 in
1947 4043 2157 4096 nomine

560 4142 672 4186 tuo.
703 4130 842 4198 Quid
883 4131 949 4186 ad
988 4131 1105 4186 hsce
1136 4131 1225 4186 ille
1253 4134 1346 4204 qtti
1373 4135 1550 4189 cordis
1578 4134 1807 4189 attendit
1838 4149 2036 4190 arcana
2069 4149 2156 4190 re-

567 4222 826 4293 spondit?
864 4220 1136 4288 Videbam,
1185 4222 1382 4292 inquit,
1424 4221 1678 4279 Satanam
1709 4225 1842 4278 sicut
1885 4224 2066 4294 fulgur
2089 4223 2155 4278 de

558 4312 688 4369 calo
716 4312 1019 4379 cadentem;
1047 4329 1110 4368 ac
1141 4312 1185 4369 si
1214 4315 1357 4370 dicat
1387 4333 1400 4370 ς
1436 4315 1611 4370 videte
1637 4331 1706 4370 ne
1737 4314 1865 4370 dum
1901 4316 2155 4384 nequitiae

560 4407 786 4476 spiritus
827 4409 1026 4463 vestris
1072 4409 1373 4467 subdantur
1415 4411 1672 4482 imperiis,
1720 4421 1928 4467 mentes
1958 4424 2150 4468 vestrae

551 4495 685 4567 jugo
710 4507 1026 4566 premantur
1050 4498 1321 4566 elationis,
1348 4502 1473 4572 quia
1501 4501 1547 4556 si
1578 4500 1810 4556 Satanas
1837 4515 1934 4570 per
1961 4516 2148 4570 snper-

557 4584 706 4640 biam
747 4585 943 4642 cmlum
995 4589 1229 4656 perdidit
1270 4589 1412 4659 quod
1462 4589 1709 4654 tenebat,
1761 4589 1922 4644 homo
1963 4605 2150 4660 super-

556 4671 712 4732 biens
743 4692 1081 4749 nequaquam
1109 4681 1254 4737 valet
1283 4682 1530 4737 invenire
1561 4682 1703 4751 quod
1731 4687 1933 4749 sperat.

557 4783 630 4825 ιν.
655 4784 709 4824 IN
727 4784 986 4827 IPISTOLA
1006 4789 1073 4827 AD
1097 4789 1414 4829 οεδιυειιιωι
1437 4787 1682 4828 ΔΒΒΑΤΕΙ
1701 4787 1818 4835 QUE
1843 4789 2147 4830 'I'I'I'ULATIJB

845 4877 848 4881 '
979 4865 1059 4919 De
1089 4867 1397 4938 quibusdam
1433 4864 1701 4919 miraculis

966 4953 1092 5026 (Ed.
1125 4966 1251 5010 tom.
1283 4955 1402 5020 III,
1435 4972 1556 5026 pag.
1587 4955 1737 5027 587.)

627 5041 768 5109 Quid
796 5045 1022 5113 prodest
1065 5045 1297 5100 hostiam
1346 5046 1456 5100 Deo
1502 5045 1678 5101 laudis
1705 5045 1922 5112 oﬂ‘erre,
1969 5056 2028 5104 et
2057 5063 2153 5119 per

557 5139 836 5199 torporem
866 5133 1208 5203 negligentia:
1251 5134 1412 5190 (mdis
1456 5151 1574 5189 eam
1618 5138 2038 5208 cogitationibus
2071 5142 2155 5194 in-

558 5221 824 5259 nninnra?
859 5221 1008 5260 I'nnn
1055 5241 1216 5262 nosH-ﬂ
1246 5229 1368 5262 Ιιιιηῖ
1417 5228 1651 5264 malit-Isso
1683 5229 1967 5266 micis-suam
1999 5231 2147 5268 Innu-

2262 3227 2764 3297 redemptus,‘quo
2811 3228 3010 3283 dudum
3074 3227 3250 3284 fuerat
3298 3229 3465 3298 ipsius
3523 3227 3839 3298 operatione

2259 3311 2578 3387 pla’smatus.
2630 3317 2827 3372 Eodem
2861 3333 3023 3387 porro
3051 3318 3138 3372 die
3168 3319 3232 3374 de
3262 3328 3410 3373 costa
3458 3317 3562 3373 viri
3603 3316 3836 3371 formata

2259 3417 2340 3460 est
2373 3406 2480 3459 Eva
2510 3446 2526 3470 ,
2573 3420 2680 3473 quo
2727 3406 2791 3459 de
2829 3405 2996 3460 latere
3040 3405 3238 3460 Christi
3282 3421 3378 3475 per
3407 3421 3599 3478 aquam
3636 3413 3689 3459 et
3715 3420 3838 3458 san-

2260 3498 2473 3568 guinem
2503 3496 2667 3552 exivit
2697 3495 2958 3550 Ecclesia.
3004 3494 3298 3550 Videamus
3341 3497 3522 3564 itaque
3567 3495 3834 3566 quomodo

2259 3607 2355 3662 per
2382 3591 2629 3645 eumdem
2664 3589 2936 3644 senarium
2968 3603 3250 3644 nuniernm
3291 3589 3554 3643 Dominici
3595 3588 3836 3658 corporis

2262 3678 2515 3748 templum
2565 3677 2761 3733 divinae
2810 3663 3161 3748 providentia:
3191 3678 3403 3732 sit’arte
3440 3686 3833 3733 constructum.

2259 3769 2540 3839 Templum
2587 3782 2720 3825 sane
2769 3767 2898 3823 illud
2951 3767 3283 3822 Hierusalem
3328 3783 3426 3838 per
3467 3767 3537 3822 46
3569 3781 3831 3822 annorum

2257 3860 2523 3916 curricula
2587 3859 2763 3917 fuerat
2832 3859 3196 3924 fabricatum;
3258 3858 3399 3914 unde
3441 3867 3496 3913 et
3555 3873 3586 3912 a
3635 3854 3834 3912 Iudicis

2257 3949 2484 4007 Domino
2505 3949 2706 4006 dicitur
2745 3967 2759 4004 :
2803 3947 3169 4019 Quadraginta
3193 3959 3240 4002 et
3273 3965 3365 4003 sea:
3393 3950 3566 4012 annis,
3593 3957 3698 4004 etc.
3730 3945 3832 4012 Qui

2255 4041 2509 4096 videlicet
2533 4056 2790 4097 numerus
2812 4080 2829 4107 ,
2876 4040 2922 4095 si
2968 4055 3065 4109 per
3108 4041 3382 4096 senarium
3412 4040 3644 4106 ducitur,
3671 4051 3832 4093 onme

2257 4142 2470 4204 tempus
2494 4150 2601 4206 quo
2628 4134 2888 4190 Dominus
2915 4135 2967 4188 in
2997 4134 3188 4190 matris
3234 4144 3390 4190 utero
3419 4134 3614 4189 mansit
3643 4132 3829 4204 imple-

2256 4233 2364 4279 tur.
2398 4223 2534 4279 Nam
2565 4225 2886 4295 quadragies
2916 4226 3094 4281 sexies
3121 4226 3236 4280 seni
3270 4225 3378 4280 275
3402 4227 3516 4282 dies
3557 4226 3710 4289 liunt,
3737 4225 3829 4294 qui

2255 4318 2466 4372 dierum
2520 4333 2778 4373 numerus
2840 4317 3074 4387 complet
3123 4333 3315 4373 novem
3365 4333 3577 4374 menses
3629 4327 3684 4372 et
3732 4331 3829 4372 sex

2256 4408 2390 4472 dies,
2417 4409 2510 4478 qui
2543 4408 2791 4463 videlicet
2833 4416 3088 4477 tanquam
3116 4409 3302 4465 decem
3333 4425 3546 4465 menses
3568 4409 3828 4480 parienti-

2254 4499 2352 4552 bus
2383 4499 2596 4553 feminis
2628 4499 2976 4568 imputantur,
3015 4515 3120 4554 non
3170 4501 3294 4570 quia
3341 4515 3529 4556 omnes
3577 4499 3830 4554 mulieres

2254 4589 2320 4642 ad
2358 4597 2566 4644 sextam
2593 4590 2734 4644 diem
2774 4600 2895 4660 post
2921 4606 3122 4646 nonum
3152 4606 3388 4647 mensem
3430 4592 3686 4661 paritura:
3709 4605 3830 4659 per?

2256 4681 2494 4746 veniant,
2527 4682 2619 4737 scd
2649 4683 2773 4754 quia
2829 4693 2906 4737 tot
2953 4683 3142 4739 diebus
3195 4685 3264 4737 ad
3307 4693 3520 4753 partum
3571 4684 3826 4751 perducta

2255 4774 2368 4844 ipsa
2402 4773 2662 4844 perfectio
2693 4774 2958 4830 Dominiei
3003 4775 3248 4844 corporis
3289 4775 3638 4844 comperitur,
3689 4773 3828 4828 sicut

2256 4883 2287 4922 a
2317 4867 2614 4938 majoribus
2643 4867 2876 4921 traditur
2921 4874 2976 4920 et
3023 4867 3175 4921 lirtna
3223 4866 3545 4922 auctoritate
3573 4863 3827 4920 Ecclesia!

2254 4963 2575 5016 custoditur.
2605 4962 2809 5016 Octavo
2839 4976 3072 5031 namque
3102 4960 3370 5015 Kalendas
3405 4958 3606 5029 Aprilis
3629 4971 3828 5011 conce-

2253 5062 2379 5124 ptus
2409 5051 2672 5118 creditur,
2695 5066 2804 5122 quo
2830 5060 2884 5106 et
2908 5065 3141 5122 passus;
3165 5065 3232 5105 eo
3260 5048 3508 5104 videlicet
3532 5048 3620 5104 die
3642 5045 3820 5116 sepnlo

2255 5153 2340 5200 tus
2366 5155 2449 5200 est
2481 5146 2532 5198 in
2557 5155 2905 5200 monumento
2951 5160 3109 5209 novo,
3162 5142 3250 5199 ubi
3297 5157 3397 5198 nec
3431 5150 3554 5197 ante
3583 5157 3683 5197 nec
3707 5144 3826 5210 post

2253 5242 2534 5268 ﬂuuiana-cans
2587 5246 2667 5268 ac!
2707 5242 2912 5268 nncilne
2955 5243 3288 5268 maris-Arum
3376 5249 3484 5268 nun
3532 5242 3818 5268 (insanandus:
