4078 6336
258 282 394 351 θυι

1213 280 1715 338 COLLECTANEA
1755 282 1845 338 EX
1885 282 2068 340 NOVO
2110 284 2594 366 τεδτΑδιΕδτο.

3455 296 3561 352 90!

295 399 413 465 Quo
440 396 608 467 igitur
638 402 866 450 numero
890 392 1158 464 lapideum
1184 394 1313 448 illud
1341 393 1598 464 templum
1636 395 1871 464 antiqui-
1904 402 1947 460 Α
1982 397 2181 452 ιωιῐιίω
2218 399 2459 455 l'criatur.
2506 402 2574 459 [ι
2615 418 2745 475 ergo
2788 404 2855 461 ad
2901 404 3043 462 hanc
3086 404 3420 463 Dominicata
3466 419 3565 480 per

295 499 383 542 tus
409 496 493 541 est
527 484 850 540 aulillcatum
876 525 890 549 ,
931 485 1118 539 eodem
1166 498 1380 555 quoque
1409 500 1634 540 numero
1663 496 1714 540 et
1744 497 1878 540 tctu-

294 577 444 647 plum
507 575 774 633 Dominici
833 576 1076 645 corporis
1131 590 1226 645 per
1292 578 1567 631 senarium
1621 586 1700 633 est
1756 590 1877 649 per;

292 668 518 731 fectum,
551 668 654 723 hac
695 668 1069 723 tantummodo
1112 669 1439 725 discretione
1465 679 1700 735 servata,
1732 672 1877 741 quod

294 757 351 812 in
385 757 777 812 constitutione
806 756 991 827 templi
1024 772 1289 813 annorum
1330 774 1587 814 numerus
1633 762 1871 829 ponitur,

295 849 351 904 in
404 847 759 903 aedificatione
802 863 931 901 vero
962 848 1206 918 corporis
1256 848 1465 903 Domini
1521 850 1729 905 dierum
1761 852 1875 907 cal-

296 938 451 994 culus
480 946 823 1008 supputatur.
870 936 1149 992 Annorum
1206 937 1367 1008 igitur
1411 954 1667 995 numerus
1695 933 1874 1011 templi

296 1030 439 1087 illius
468 1031 700 1101 antiqui,
733 1030 777 1086 si
809 1047 905 1101 per
934 1031 1207 1087 senarium
1246 1032 1481 1099 ducitur,
1507 1048 1693 1090 omnes
1737 1036 1872 1103 dies,

296 1122 492 1192 quibus
533 1121 733 1175 mansit
784 1120 1042 1175 Dominus
1089 1120 1143 1175 in
1190 1120 1430 1192 virgineo
1476 1131 1684 1188 ventre,
1732 1139 1878 1179 com-

296 1212 531 1282 plentur.
574 1210 874 1282 Conjuncto
912 1212 1094 1281 itaque
1130 1226 1355 1267 numero
1383 1227 1491 1281 quo
1522 1212 1665 1268 Deus
1709 1230 1873 1284 opera

297 1318 393 1356 sua
426 1300 553 1356 fecit
597 1316 722 1356 cum
754 1301 844 1356 illo
872 1316 980 1371 quo
1019 1301 1273 1372 templum
1316 1310 1399 1357 est
1435 1304 1737 1370 conditmn,
1771 1305 1874 1360 Do-

295 1395 428 1450 mini
457 1409 655 1463 corpus
679 1391 932 1460 efﬁcitur,
980 1402 1041 1449 ut
1088 1394 1243 1449 nobis
1291 1394 1449 1450 detur
1493 1395 1714 1465 intelligi
1750 1397 1874 1466 quia

292 1501 392 1557 per
438 1486 569 1541 illud
620 1486 917 1541 divinitatis
969 1486 1266 1557 templum,
1329 1488 1475 1558 quod
1530 1488 1582 1542 in
1644 1486 1875 1557 Virginis

295 1586 451 1631 utero
500 1584 874 1633 constructum
926 1585 1051 1641 est,
1103 1576 1356 1631 universa
1407 1584 1531 1631 sunt
1581 1576 1672 1632 Dei
1712 1592 1875 1646 opera

296 1676 597 1723 restaurata
628 1706 641 1731 ,
690 1666 831 1721 sicut
887 1666 1021 1721 dicit
1070 1664 1381 1734 Apostolus,
1433 1667 1560 1735 quia
1604 1669 1873 1737 proposuit

1981 488 2264 545 sabbatum
2302 489 2576 546 valeamus
2621 504 2982 565 congruenter
3020 496 3306 568 attingere,
3337 512 3564 554 necesse

1978 589 2064 633 est
2095 596 2192 636 nos
2223 598 2365 637 nunc
2407 598 2622 638 crucem
2654 594 2776 653 post
2803 585 2987 641 Jesum
3028 586 3327 656 bajulautcs
3351 599 3561 645 sextam

1972 670 2175 740 jugitcr
2230 672 2419 727 feriam
2483 673 2779 730 celebrare.
2832 677 3085 746 Alioquin
3138 680 3182 733 si
3236 689 3564 750 prmpostcro

1978 764 2170 819 ordine
2202 780 2347 818 nunc
2378 765 2476 819 sub
2511 767 2690 821 carnis
2738 767 2852 837 lege
2899 752 3164 834 viventes,
3190 770 3348 841 quasi
3375 771 3563 827 Domi-

1980 856 2157 909 nicam
2189 858 2458 924 ducimus,
2490 858 2674 927 procul
2707 859 2870 915 dubio
2907 865 3247 931 postmodum
3288 879 3394 918 non
3428 881 3561 935 gau-

1980 947 2127 1001 dium
2167 948 2363 1016 gaudio
2390 989 2404 1013 ,
2464 949 2557 1003 sed
2605 950 2952 1005 tribulatione
2995 964 3286 1009 mutamus.
3316 954 3453 1010 llinc
3482 966 3567 1011 est

1977 1037 2119 1090 enim
2149 1038 2290 1107 quod
2334 1038 2591 1094 Dominus
2630 1040 2768 1096 sicut
2793 1040 2862 1095 40
2890 1041 3078 1097 diebus
3102 1044 3154 1097 in
3192 1058 3374 1100 eremo
3409 1048 3563 1114 vixit,

1979 1132 2309 1201 totidemque
2336 1141 2458 1202 post
2480 1134 2931 1209 resurrectionem
2959 1151 3081 1190 cum
3121 1138 3399 1209 discipulis
3442 1140 3562 1204 fuit,

1979 1223 2052 1276 ita
2100 1224 2263 1277 etiam
2316 1224 2383 1278 ab
2432 1225 2551 1294 ipso
2605 1241 2718 1280 sua:
2768 1228 2960 1282 mortis
3006 1229 3234 1284 articulo
3291 1248 3461 1301 usque
3496 1235 3564 1289 ad

1977 1314 2272 1370 diluculum
2326 1317 2745 1375 resurrectionis
2807 1318 2876 1373 40
2931 1318 3095 1376 horas
3146 1322 3352 1383 habuit.
3414 1322 3567 1379 Sicut

1978 1406 2145 1478 igitur
2189 1407 2401 1462 illorum
2449 1408 2659 1464 dierum
2702 1424 2949 1476 numero,
2998 1411 3074 1467 ita
3125 1413 3475 1470 nihilominus
3511 1425 3567 1471 et

1978 1496 2260 1563 horarum,
2298 1513 2437 1567 quas
2480 1500 2718 1555 diximus
2749 1501 2912 1555 totius
2960 1482 3083 1557 vitae
3128 1512 3327 1559 nostra:
3356 1514 3566 1576 tempus

1975 1590 2334 1658 exprimitur;
2384 1598 2443 1643 ut
2505 1590 2644 1644 sicut
2697 1590 2784 1645 ille
2831 1592 3262 1662 quadragenario
3308 1595 3565 1663 horarum

1978 1693 2202 1732 numero
2226 1688 2471 1733 mortuus
2500 1682 2731 1747 mansit,
2764 1682 2834 1736 ita
2868 1692 2923 1737 et
2963 1698 3061 1738 nos
3100 1684 3172 1738 illi
3214 1686 3563 1752 commortui,

293 1759 435 1817 Deus
465 1759 517 1811 in
545 1760 930 1828 dispensatione
963 1758 1304 1828 plenitudinis
1349 1768 1637 1828 temporum
1668 1760 1871 1813 instau-
1908 1758 2211 1837 Bquandiu
2242 1769 2330 1825 hic
2352 1769 2607 1836 vivimus,
2634 1772 2688 1826 iu
2712 1774 2893 1828 carnis
2918 1788 3131 1845 semper
3152 1777 3567 1833 mortiﬁcatione

296 1868 415 1905 rare
445 1852 620 1903 omnia
648 1851 700 1904 in
733 1848 964 1915 Christo,
1009 1866 1127 1919 qua:
1166 1850 1219 1903 in
1251 1849 1391 1902 caelis
1415 1858 1461 1901 et
1495 1850 1549 1902 in
1575 1850 1728 1902 terris
1750 1859 1870 1903 sunt

294 1942 349 1997 in
376 1944 507 2010 ipso.
542 1942 649 1997 Sed
685 1942 787 1997 hoc
816 1942 1062 2011 corporis
1092 1940 1367 2009 templum,
1410 1940 1550 2009 quod
1591 1955 1688 2011 per
1714 1955 1872 1995 sena-

294 2033 435 2088 rium
466 2047 747 2086 numerum
775 2032 888 2086 fieri
919 2032 1098 2086 divina
1125 2032 1460 2101 providentia
1489 2031 1676 2097 voluit,
1704 2032 1876 2087 tribus

294 2124 447 2178 boris
487 2122 711 2180 Judaica
761 2123 1036 2193 impietate
1084 2124 1398 2189 resolutum,
1432 2124 1611 2178 triduo
1642 2124 1874 2179 reaedili-

295 2215 458 2279 cavit,
488 2216 627 2270 sicut
659 2215 772 2284 ipse
800 2216 967 2283 dicit:
1013 2214 1209 2270 Solvite
1252 2214 1499 2285 templum
1528 2216 1648 2279 hoc,
1683 2225 1731 2269 et
1759 2225 1876 2287 post

294 2306 525 2359 triduum
555 2304 880 2381 reardiﬁcabo
918 2305 1072 2359 illud.
1121 2304 1235 2359 Hoc
1280 2316 1473 2369 autem,
1505 2306 1680 2376 inquit
1709 2322 1873 2362 evan-

296 2395 529 2465 gelista,
577 2394 779 2449 dicebat
836 2396 900 2450 de
948 2395 1137 2466 templo
1186 2397 1420 2464 corporis
1465 2398 1569 2450 sui.
1614 2395 1727 2453 Nec
1775 2399 1876 2454 mi-

296 2499 455 2548 rum,
521 2484 568 2540 si
623 2486 766 2555 quod
825 2501 925 2555 per
984 2486 1259 2541 senarium
1326 2484 1528 2542 factum
1601 2498 1721 2553 est,
1780 2504 1877 2559 per

297 2576 597 2631 ternarium
663 2578 735 2632 sit
800 2577 1066 2637 solutum.
1135 2591 1234 2646 per
1306 2578 1602 2632 ternarium
1665 2594 1877 2650 quoque

296 2683 490 2726 rursus
518 2670 921 2739 retuditicatum,
950 2686 1073 2725 cum
1102 2680 1157 2726 et
1185 2671 1300 2741 ipse
1336 2672 1582 2727 senarius
1628 2672 1771 2728 sicut
1808 2688 1875 2728 ex

296 2761 540 2818 ternario
568 2762 806 2829 crescit,
851 2763 925 2817 ita
970 2763 1320 2819 nihilominus
1366 2772 1421 2820 et
1470 2765 1522 2819 in
1573 2766 1873 2819 ternarium

296 2853 635 2921 resolvatur;
676 2871 817 2911 unus
856 2856 1033 2920 enim,
1070 2856 1177 2911 duo
1222 2866 1278 2913 et
1314 2869 1453 2922 tres,
1494 2873 1588 2913 sex
1631 2857 1790 2924 liunt,
1820 2873 1881 2914 e»

294 2944 575 3015 reciproco
609 2946 890 3002 dimidium
940 2948 1164 3012 senarii,
1217 2957 1327 3004 tres
1373 2957 1521 3014 sunt,
1559 2951 1712 3004 tertia
1748 2964 1874 3019 pars

295 3035 423 3099 duo,
469 3045 619 3090 sexta
662 3053 867 3104 unum;
928 3039 1020 3108 qui
1070 3038 1321 3095 videlicet
1361 3056 1623 3097 numerus
1671 3041 1873 3099 idcirco

292 3126 566 3196 perlectus
588 3128 787 3183 dicitur
812 3169 825 3195 ,
868 3132 995 3201 quia
1023 3132 1103 3188 sic
1142 3148 1209 3187 ex
1238 3133 1352 3188 suis
1374 3133 1618 3202 partibus
1640 3143 1870 3189 constat.
1903 3112 1946 3173 Β

296 3220 418 3277 Uno
471 3222 631 3292 plane
669 3223 757 3278 die
799 3224 1008 3295 integro
1053 3234 1109 3280 et
1154 3224 1362 3281 duabus
1400 3226 1647 3281 noctibus
1690 3225 1744 3280 in
1792 3241 1875 3281 se-

294 3315 484 3385 pulcro
515 3314 773 3371 Dominus
805 3314 999 3383 jacuit,
1027 3316 1153 3386 quia
1194 3333 1296 3373 una
1325 3316 1407 3371 sui
1436 3316 1679 3386 corporis
1705 3325 1877 3372 morte

295 3418 325 3456 a
354 3404 561 3458 duabus
605 3419 725 3470 nos,
766 3406 972 3468 anitum
1016 3406 1267 3461 videlicet
1293 3414 1348 3460 et
1389 3406 1654 3475 corporis,
1683 3406 1876 3462 morti-

294 3490 397 3547 bus
423 3492 689 3549 liberavit.
723 3495 788 3549 Et
812 3504 956 3551 recte
985 3511 1082 3565 per
1111 3497 1253 3553 diem
1298 3511 1445 3553 mors
1487 3497 1703 3552 Domini
1737 3496 1879 3551 desi-

303 3592 523 3652 gnatur,
546 3600 652 3653 qua
675 3598 776 3640 nos
796 3586 860 3639 ad
888 3585 1061 3639 lucem
1088 3586 1397 3641 reducimur
1422 3602 1436 3651 ;
1479 3596 1664 3640 nostra
1696 3595 1876 3640 autem

296 3689 450 3730 mors
484 3683 713 3744 utraque
740 3691 837 3745 per
860 3684 1103 3741 noctem,
1156 3690 1278 3746 quae
1324 3676 1579 3731 nimirum
1618 3676 1775 3733 nobis
1811 3690 1879 3730 ex

257 3786 261 3789 Α
295 3773 522 3833 peccato
551 3764 795 3820 debetur.
825 3764 1020 3820 Totum
1046 3775 1227 3821 autem
1260 3766 1494 3821 triduum
1535 3767 1588 3822 in
1629 3768 1879 3822 humanae

252 3875 259 3881 ·
296 3856 488 3913 salutis
508 3859 832 3929 cxpeuditur
853 3859 1258 3915 evidentissime
1282 3869 1680 3914 sacramentum
1707 3874 1722 3924 ;
1753 3874 1877 3913 nam

297 3958 456 4005 sexta
488 3949 621 4005 feria
652 3966 868 4019 passus,
896 3949 1134 4005 Sabbato
1164 3950 1219 4005 in
1252 3949 1502 4019 sepulcro
1541 3949 1766 4018 quievit,
1790 3949 1880 4003 die

295 4037 580 4094 Dominico
625 4040 941 4094 resurrexit.
996 4037 1132 4093 Tota
1178 4047 1358 4093 autem
1408 4039 1524 4093 luec
1569 4038 1677 4092 vita
1726 4038 1881 4094 nobis

298 4138 451 4184 sexta
483 4129 620 4185 feria
643 4138 745 4196 est,
773 4130 901 4199 quia
925 4129 1178 4185 videlicet
1203 4143 1420 4185 crucem
1441 4137 1564 4199 post
1589 4129 1879 4184 Dominum

296 4219 541 4290 baiulare
558 4221 829 4291 iubemur.
858 4221 905 4276 Α
937 4221 1025 4276 die
1063 4229 1243 4276 autem
1272 4220 1450 4276 exitus
1495 4219 1665 4274 nostri
1709 4232 1881 4288 usque

298 4313 368 4367 ad
393 4312 682 4382 judicium,
715 4314 867 4384 quasi
901 4313 1181 4369 sabbatum
1208 4313 1445 4378 ducitur,
1488 4310 1617 4382 quia
1662 4310 1878 4366 interim

296 4402 455 4458 beata
486 4404 672 4474 requie
696 4405 892 4460 anima:
938 4404 1329 4475 perfruuntur;
1388 4402 1443 4457 in
1482 4401 1879 4458 resurrectione

1978 1859 2240 1913 vivamus.

2331 2052 2390 2091 ll.
2435 2052 2486 2092 IN
2516 2053 2757 2095 SEBIONE
2790 2054 2856 2095 DE
2887 2056 3208 2097 VIBGINIDUS.

2404 2166 2533 2239 (Ed.
2567 2178 2694 2224 tom.
2724 2168 2811 2236 11,
2842 2187 2963 2242 pag.
2993 2170 3143 2243 364.)

2051 2304 2177 2360 Non
2226 2306 2295 2359 ad
2346 2323 2657 2361 mensuram
2686 2308 2780 2361 dat
2839 2307 2978 2362 Deus
3030 2308 3293 2375 spiritum.
3352 2303 3568 2365 Movere

1979 2402 2176 2462 potest,
2220 2409 2317 2448 cur
2361 2393 2598 2450 Joannes
2646 2395 2886 2466 Baptista
2940 2396 3244 2466 perhibeat,
3287 2396 3417 2467 quia
3457 2412 3566 2453 non

1978 2483 2045 2538 ad
2081 2499 2391 2538 mensuram
2441 2485 2529 2539 dat
2580 2484 2724 2540 Deus
2765 2486 3052 2558 spiritum,
3106 2502 3229 2542 cum
3288 2486 3485 2542 Paulus
3536 2501 3569 2542 θ

1978 2574 2257 2629 contrario
2293 2575 2476 2629 dicat:
2530 2573 2825 2647 Unicuique
2863 2585 3099 2632 nostrum
3134 2577 3261 2632 data
3291 2587 3366 2633 est
3392 2577 3568 2647 gratia

1979 2666 2267 2720 secundum
2316 2681 2616 2721 mensuram
2665 2668 2961 2723 donationis
3015 2666 3233 2723 Cltristi.
3286 2668 3568 2736 Quomodo

1978 2772 2109 2828 ergo
2139 2774 2242 2811 non
2281 2760 2350 2811 ad
2379 2775 2698 2823 mensuram,
2730 2767 2786 2815 et
2811 2760 3081 2829 quomodo
3109 2760 3395 2814 secundum
3419 2775 3568 2815 men-

1978 2850 2202 2904 suram?
2247 2847 2355 2903 Sed
2384 2849 2529 2921 quod
2577 2848 2815 2904 Joannes
2862 2849 3064 2904 asserit
3115 2849 3318 2904 nonad
3347 2863 3570 2904 mensu-

1959 2935 2093 3025 Pram
2152 2939 2402 3009 spiritum
2450 2938 2588 3002 dari,
2638 2938 2705 2994 de
2734 2938 3099 3009 Redemptore
3144 2947 3330 2993 nostro
3378 2941 3568 3008 procul

1966 3030 2143 3104 dubio
2166 3034 2327 3088 debet
2355 3031 2596 3101 intelligi,
2636 3032 2692 3085 in
2731 3047 2835 3103 quo
2862 3031 3115 3087 videlicet
3163 3030 3363 3084 habitat
3393 3031 3564 3084 omnis

1976 3124 2245 3196 plenitudo
2268 3123 2556 3177 divinitatis
2578 3122 2949 3192 corporaliter;
2970 3123 3111 3193 quod
3136 3131 3383 3192 patenter
3403 3137 3567 3193 agno-

1979 3217 2175 3281 scitur,
2207 3215 2252 3269 si
2298 3214 2416 3283 ipsa
2460 3222 2641 3268 textus
2670 3213 2967 3283 evangelici
3015 3212 3187 3268 series
3231 3214 3564 3268 attendatur.

1979 3308 2112 3362 Nam
2144 3322 2266 3362 cum
2317 3305 2669 3376 praemisisset
2713 3320 2814 3358 non
2855 3304 2923 3358 ad
2968 3318 3267 3359 mensuram
3290 3301 3383 3355 dat
3425 3300 3567 3356 Deus

1976 3396 2253 3465 spiritum,
2295 3392 2545 3461 protinus
2596 3391 2831 3447 intulit:
2876 3387 3038 3443 Pater
3096 3388 3269 3460 diligit
3326 3386 3565 3453 Filium,

1977 3496 2028 3539 et
2072 3485 2249 3538 omnia
2296 3483 2440 3536 dedit
2490 3483 2545 3535 in
2588 3496 2748 3535 manu
2782 3479 2915 3549 ejus.
2952 3478 3104 3537 Unde
3147 3490 3201 3534 et
3238 3477 3368 3533 alibi
3393 3476 3563 3532 dicit:

1982 3574 2095 3629 Nos
2117 3574 2180 3626 de
2205 3572 2528 3642 plenitudine
2574 3571 2689 3640 ejus
2732 3570 3050 3647 accepimus.
3084 3568 3395 3625 Concordat
3437 3582 3568 3639 ergo

1980 3679 2103 3719 cum
2134 3662 2416 3719 Psalmista
2442 3661 2702 3728 Joannes,
2747 3662 2877 3732 quia
2920 3660 3052 3743 huic
3110 3662 3213 3716 iste
3256 3673 3567 3715 mensuram

1982 3759 2140 3823 tollit,
2176 3773 2339 3829 quem
2392 3757 2482 3813 ille
2532 3766 2753 3813 unctum
2809 3771 2921 3826 prae
2973 3752 3563 3831 consortibusasserit.

1980 3851 2135 3919 Quod
2183 3860 2362 3905 autem
2410 3848 2702 3920 Apostolus
2753 3863 3062 3903 mensuram
3099 3846 3288 3916 ponit,
3343 3844 3448 3900 hoc
3501 3842 3570 3897 de

1980 3943 2286 4014 quibusque
2314 3941 2561 3996 ﬁdelibus
2592 3940 2710 3995 vult
2754 3938 3017 4008 intelligi;
3067 3936 3221 4006 juxta
3256 3947 3568 3990 mensuram

1982 4050 2218 4104 namque
2243 4033 2465 4104 spiritus
2487 4032 2629 4087 inest
2651 4031 2846 4095 cuique
2879 4042 3137 4084 mensura
3163 4025 3380 4081 virtutis
3404 4034 3568 4095 atque

1982 4125 2336 4190 constantiae,
2388 4133 2448 4177 ut
2491 4122 2576 4177 vel
2619 4121 2765 4176 vitiis
2806 4117 3200 4174 attentantibus
3224 4116 3277 4169 in
3304 4130 3437 4186 pace
3483 4129 3577 4169 τρο·

1983 4218 2164 4279 sistat,
2216 4194 2303 4268 vel
2364 4212 2418 4266 in
2468 4211 2767 4267 certamine
2819 4209 3141 4263 constitutus
3184 4205 3569 4275 insuperabilia

1986 4315 2255 4363 tormenta
2279 4310 2586 4374 percurrat.
2611 4300 2843 4356 Samson
2870 4296 3086 4367 quippe,
3107 4296 3280 4351 donec
3302 4295 3570 4348 vncrines

1996 4395 2205 4457 habuit,
2238 4390 2617 4461 insuperabilis
2643 4388 2764 4456 fuit,
2802 4397 2857 4443 et
2900 4387 2991 4456 qui
3045 4383 3375 4456 septiformis
3409 4384 3573 4437 habet

296 4503 481 4550 autem
507 4468 795 4567 ου’τροι-υω
822 4536 838 4562 ,
886 4468 1159 4566 ρᾷεεωιίε
1201 4468 1358 4552 nobis
1400 4495 1578 4550 οτίιυι·
1611 4493 1748 4551 σερε,
1788 4493 1879 4561 qui
1912 4477 1960 4538 D
1988 4488 2177 4561 gratiae
2208 4485 2500 4555 Spiritum,
2529 4468 2788 4537 invictum
2809 4494 2867 4535 se
2890 4478 3112 4549 praebet,
3137 4478 3417 4549 ingruente
3437 4488 3572 4545 quo-

295 4584 447 4642 nulla
497 4586 605 4644 ﬁne
656 4588 1017 4655 concluditur,
1064 4588 1160 4646 sed
1215 4592 1488 4657 perpetua:
1533 4584 1879 4656 jucunditate

1986 4578 2247 4635 rumlibet
2275 4584 2597 4648 tempestate
2623 4572 2906 4629 bellorum.

1057 4820 1223 4911 EX
1288 4817 1786 4911 ACTIBUS
1872 4814 2807 4909 APOSTOLORUM.

332 5078 390 5122 ut
425 5075 680 5119 sets'rou
718 5075 787 5115 an
823 5070 1180 5114 suamsuam:
1216 5069 1390 5110 per“
1428 5036 1496 5108 ne
1532 5066 1845 5111 sonantis

761 5141 1131 5185 CANONICOBUI
1170 5141 1414 5181 PECUNlA.

688 5174 1493 5293 (eii'iigi'i'ii,Egilia.)
1570 5174 1575 5219 ί

371 5340 473 5409 Qui
503 5349 695 5409 captus
720 5345 805 5393 est
844 5350 1031 5391 amore
1072 5334 1316 5404 pecuniae
1338 5371 1354 5396 ,
1393 5344 1735 5401 nequaquam
1765 5328 1879 5383 ido-

296 5447 436 5488 neus
469 5441 552 5486 est
577 5431 643 5485 ad
666 5426 1022 5484 ministranda
1060 5424 1224 5479 verba
1247 5422 1540 5478 doctrinae:
1576 5421 1719 5490 quod
1745 5418 1881 5473 bene

298 5523 358 5579 in
396 5538 463 5578 eo
490 5523 632 5593 quod
675 5521 922 5590 superius
958 5519 1335 5590 proposuimus
1373 5516 1671 5587 apostolico
1696 5513 1875 5568 docta--

302 5613 739 5682 raturexemplo.
768 5611 901 5677 Nam
932 5627 1053 5667 cum
1082 5611 1361 5679 Scriptura
1383 5608 1676 5679 praemittat
1700 5621 1714 5658 :
1737 5603 1879 5658 Mul-

299 5708 545 5763 titudinis
583 5705 907 5764 credentium
945 5714 1056 5761 erat
1100 5719 1191 5760 cor
1222 5719 1384 5761 unum
1422 5710 1472 5759 et
1513 5700 1694 5757 anima
1733 5715 1876 5766 una;

1988 5064 2219 5119 moxque
2248 5046 2535 5117 subiungat
2560 5062 2573 5099 :
2608 5042 2719 5099 Nec
2753 5043 3029 5113 quisquam
3058 5057 3238 5096 eorum
3263 5057 3382 5111 qua
3405 5042 3571 5112 possi-

1987 5145 2141 5199 debat
2170 5183 2188 5210 ,
2217 5141 2418 5211 aliquid
2444 5152 2598 5193 suum
2624 5151 2734 5197 esse
2760 5135 2965 5190 dicebat
2994 5173 3009 5197 ,
3039 5132 3129 5186 sed
3157 5141 3306 5187 erant
3332 5131 3439 5187 illis
3460 5149 3571 5186 om-

1990 5238 2078 5291 nia
2109 5232 2406 5289 communia
2431 5273 2446 5296 ,
2490 5228 2737 5299 protinus
2778 5225 2984 5281 addidit
3013 5243 3027 5279 :
3063 5224 3130 5277 Et
3160 5224 3349 5279 uirtute
3377 5241 3568 5294 magna

1990 5325 2273 5381 reddebant
2320 5322 2539 5391 apostoli
2578 5319 2933 5373 testimonium
2984 5317 3381 5371 resurrectionis
3438 5314 3569 5369 Iesu

1989 5414 2184 5472 Christi
2210 5413 2419 5468 Domini
2447 5412 2647 5477 nostri,
2681 5421 2729 5465 et
2758 5411 2928 5480 gratia
2957 5425 3146 5480 magna
3173 5418 3284 5462 erat
3312 5409 3365 5460 in
3399 5405 3570 5460 omni-

1989 5508 2086 5562 bus
2114 5504 2242 5559 illis.
2276 5501 2478 5559 Deinde
2504 5501 2800 5557 subinl‘ert:
2824 5500 2935 5555 Nec
2960 5501 3097 5555 enim
3120 5499 3395 5569 quisquam
3418 5511 3571 5567 egens

1985 5612 2095 5655 erat
2122 5600 2257 5652 inter
2283 5595 2422 5649 illos.
2451 5594 2591 5662 Quid
2610 5608 2739 5664 ergo
2764 5594 2864 5648 sibi
2892 5593 3028 5655 vult,
3048 5593 3190 5662 quod
3214 5590 3375 5661 lmjus
3401 5604 3571 5644 sacra:

1988 5691 2221 5763 scriptor
2249 5687 2492 5746 historia:
2511 5726 2527 5756 ,
2558 5686 2685 5745 dum
2710 5686 2777 5743 de
2802 5685 3136 5744 continentia
3159 5682 3398 5755 loquitur
3428 5692 3564 5750 apo-
