4108 5342
521 285 627 357 903‘

1359 294 1586 352 ADDIT.
1628 296 1718 353 Al)
1758 295 1918 352 ἹυΜ.
1962 295 2026 349 ill
2065 293 2215 350 OPP.
2258 293 2315 348 S.
2352 285 2553 349 PETRI
2592 288 2904 351 DAMIANI.~

3676 310 3783 369 904

521 414 735 474 stolica‘
764 424 817 473 ct
844 396 1129 473 communi
1164 394 1284 470 vita
1313 456 1327 481 ,
1369 413 1591 484 repente
1619 413 1772 484 quasi
1821 410 2107 466 materiam
2137 412 2185 470 Α
2214 409 2409 475 minis;
2450 419 2505 464 et
2541 411 2668 480 quia
2698 412 2861 483 rebus
2886 411 3035 468 exuti
3060 410 3188 469 solis
3220 414 3669 482 virtutum-armis
3695 437 3791 478 ac-

518 507 902 577 interrumpit,
930 504 1001 561 et
1030 506 1096 562 ad
1130 498 1488 560 enarrandam
1528 500 1930 574 praedicationis
1967 516 2104 557 con-

517 599 774 656 stantiam
803 638 818 662 ,
851 606 1107 666 tanquam
1135 604 1346 651 mutato
1381 595 1520 667 stylo
1545 593 1759 664 prosilit
1783 593 1967 649 dicens
1992 610 2006 649 :
2033 592 2106 647 Et

525 688 714 749 uirtute
751 706 943 759 magna
972 687 1253 743 reddebant
1279 687 1501 758 apostoii
1542 686 1893 741 testimonium
1933 701 2107 740 resur-

518 776 803 833 rectionis?
842 775 954 831 Cur
1005 776 1101 831 uni
1144 776 1386 832 materia:
1432 774 1594 831 aliam
1641 776 1969 846 interpolat,
2012 774 2107 845 qui

517 878 753 939 emptam
773 867 1029 938 persequi
1051 876 1106 923 et
1124 868 1448 923 continuare
1473 867 1759 932 debuerat,
1791 866 1894 922 nisi
1923 876 1983 921 ut
2012 880 2109 936 pa-

516 969 699 1016 tenter
736 960 991 1017 ostendat
1036 960 1165 1029 quia
1214 959 1289 1015 illi
1337 960 1600 1015 duntaxat
1644 959 1822 1015 idonei
1867 967 1994 1015 sunt
2038 959 2107 1037 ad

519 1053 924 1122 praedicationis
944 1051 1200 1118 ofﬁcium,
1231 1053 1324 1122 qui
1352 1052 1557 1107 nullum
1578 1062 1807 1108 terrente
1834 1046 2107 1107 facultatis

519 1144 801 1212 possident
849 1143 1059 1198 lucrum
1087 1184 1101 1209 ,
1137 1151 1212 1209 et,
1257 1143 1385 1197 dum
1439 1141 1645 1212 aliquid
1692 1141 1964 1213 singulare
2000 1157 2105 1196 non

520 1232 744 1300 habent,
778 1234 1139 1291 communiter
1164 1233 1347 1288 omnia
1382 1234 1703 1303 possident,
1739 1233 1873 1288 nihil
1902 1234 2111 1291 scilicet

521 1326 769 1380 habentes
812 1335 860 1380 et
897 1327 1075 1381 omnia
1111 1324 1478 1399 possidentes?
1523 1325 1589 1380 lii
1633 1327 1935 1395 nimirum,
1982 1331 2107 1385 dum

521 1414 688 1471 nullis
724 1412 1064 1471 terrenarum
1105 1432 1287 1473 rerum
1328 1415 1737 1488 praepediuntur
1780 1419 2106 1487 obstaculis,

519 1508 763 1577 expediti
794 1517 941 1564 stant
965 1524 1064 1580 pro
1091 1510 1383 1566 Dominicis
1408 1509 1606 1566 castris
1631 1509 1683 1565 in
1714 1526 1907 1569 camoo
1935 1524 2111 1571 certa-

2212 501 2404 568 cincti,
2446 502 2624 572 gladio
2658 500 2877 574 spiritus
2920 502 3185 561 adversus
3230 509 3485 565 vitiorum
3531 506 3796 565 dimicant

2211 584 2389 663 acies,
2428 595 2607 652 idonei
2635 595 2931 653 bellatores
2974 606 3099 652 sunt
3138 597 3532 656 obluctantium
3558 600 3794 667 hostium

2212 688 2543 744 obtruncare
2603 688 2847 746 cervices
2881 707 2895 744 :
2927 689 3015 747 cui
3060 690 3313 747 nimirum
3366 691 3510 747 bello
3564 691 3797 763 impares

2212 766 2358 845 sunt,
2390 790 2446 836 et
2476 780 2750 837 cnervitcr
2777 782 2993 845 cedunt,
3019 783 3112 853 qui
3133 784 3513 839 communibus
3536 801 3641 840 non
3666 801 3795 841 con-

2215 856 2371 938 tenti,
2398 872 2592 944 peculii
2622 872 2912 945 singularis
2932 873 3179 928 ambiunt
3208 874 3537 943 proprietate
3556 876 3789 946 gravari.

2212 962 2353 1043 ilinc
2406 973 2490 1021 est
2541 965 2685 1035 quod
2734 965 2788 1019 in
2826 965 3250 1022 Deuteronomio
3306 966 3675 1038 gradientibus
3718 962 3796 1022 'atl

2213 1056 2455 1128 praelium
2494 1054 2693 1111 dicitur
2730 1073 2743 1109 :
2783 1054 3031 1126 Quisquis
3081 1065 3156 1111 est
3200 1058 3356 1112 homo
3417 1058 3508 1130 qui
3541 1057 3794 1129 plantavit

2213 1149 2439 1216 vineam,
2460 1159 2507 1203 et
2528 1148 2746 1203 necdum
2769 1149 2889 1221 fecit
2918 1165 3032 1203 eam
3053 1165 3164 1204 esse
3189 1164 3512 1207 communem
3536 1160 3585 1204 et
3609 1149 3673 1204 de
3690 1166 3796 1221 qua

2215 1241 2346 1295 vesci
2385 1240 2624 1294 omnibus
2659 1238 2851 1305 liceat,
2908 1239 3067 1295 vadat
3100 1247 3149 1293 et
3179 1248 3468 1295 revertatur
3490 1237 3560 1293 ad
3585 1242 3796 1293 (tantum

2215 1345 2368 1384 suam
2390 1370 2405 1393 ,
2433 1345 2496 1383 ne
2522 1329 2657 1400 forte
2691 1329 2949 1385 moriatur
2969 1331 3021 1385 in
3051 1328 3216 1396 bello,
3254 1340 3304 1386 et
3338 1328 3475 1386 alius
3503 1329 3656 1386 homo
3683 1329 3795 1400 ejus

2217 1425 2471 1497 [ungatur
2498 1423 2699 1494 ofﬁcio.
3322 1410 3327 1415 ’
3764 1426 3795 1437 “’

1385 1725 1552 1815 EX
1621 1724 2247 1819 EPISTOLIS
2314 1724 2863 1819 JOANNIS.

524 1956 580 1997 IN
614 1955 867 1997 EPISTOLA
898 1958 966 1997 an
996 1956 1353 2000 ALEXANDRUI
1382 1958 1576 2008 μνη,
1616 1960 1703 2000 um
1732 1958 2107 2010 concessurus
2136 1948 2180 2006 Β
2209 1943 2351 1998 cnim
2426 1944 2636 2013 primus
2708 1945 2872 1999 homo
2938 1950 3176 1999 tentatus
3238 1943 3551 2016 agnoscitur
3580 1983 3597 2009 ,
3662 1945 3804 1999 sicut

808 2028 876 2067 DE
912 2028 1231 2071 INSOLENTIA
1266 2030 1521 2073 IALORUH
1558 2030 1825 2071 HOMINUH.

966 2123 1095 2194 (Ed.
1127 2135 1253 2180 tom.
1291 2124 1354 2192 1,
1383 2143 1505 2197 pag.
1536 2124 1651 2197 35.)

598 2212 767 2269 Omne
813 2216 952 2284 quod
994 2224 1069 2268 est
1110 2216 1387 2270 inmundo
1433 2216 1851 2285 concupiscentia
1896 2216 2106 2281 carnis,

518 2313 575 2359 et
592 2295 1017 2375 concupiscentia
1044 2303 1344 2371 oculorum,
1384 2315 1432 2360 et
1454 2306 1698 2376 superbia
1730 2306 1867 2360 vitte.
1891 2305 2108 2361 Concu-

523 2396 786 2469 piscentia
809 2396 1018 2454 scilicet
1041 2400 1225 2454 carnis
1245 2399 1312 2454 ad
1336 2399 1581 2470 corporis
1602 2399 1953 2468 voluptatem,
1975 2413 2108 2454 con-

518 2487 860 2559 ‘cupiscentia
903 2489 1184 2545 oculorum
1220 2490 1289 2546 ad
1317 2488 1608 2544 visibilium
1639 2504 1819 2545 rerum
1873 2490 2112 2560 pertinet

526 2576 1289 2653 pulchritudinem;superbia
1317 2596 1448 2639 vero
1473 2582 1600 2639 vita:
1637 2582 1840 2639 terreni
1887 2581 2112 2637 honoris

529 2676 694 2735 atque
751 2668 956 2742 fastigii
1012 2672 1270 2744 exprimit
1340 2672 1752 2730 sublimitatem.
1824 2670 1932 2728 Per
1994 2670 2113 2728 htec

2213 2037 2497 2108 Scriptura
2533 2045 2763 2092 testatur
2806 2053 2819 2090 :
2856 2035 3044 2101 Vidit,
3117 2037 3330 2108 inquit,
3400 2037 3593 2093 mulier
3660 2040 3802 2108 quod

2196 2118 2406 2199 bonum
2445 2143 2575 2184 esset
2614 2128 2812 2199 lignum
2855 2130 2924 2182 ad
2969 2129 3278 2184 vescendum
3306 2170 3321 2195 ,
3369 2143 3498 2186 ecce
3546 2132 3804 2201 concupi-

2217 2218 2424 2275 scentia
2457 2218 2670 2285 carnis;
2718 2217 2912 2275 deinde
2936 2219 3181 2289 sequitur
3214 2236 3228 2272 :
3261 2226 3312 2272 et
3333 2217 3608 2289 pulchrum
3634 2220 3803 2273 oculis

2217 2317 2530 2381 aspectuque
2551 2308 2877 2373 delectabile,
2901 2323 3029 2365 ecce
3054 2308 3306 2379 superbia
3335 2307 3614 2364 oculorum
3642 2323 3659 2374 ;
3701 2323 3805 2379 per

2215 2398 2404 2453 oculos
2444 2397 2589 2452 enim
2634 2398 2920 2468 superbire
2957 2396 3298 2454 convincitur
3335 2398 3583 2469 quisquis
3618 2398 3675 2452 in
3719 2397 3806 2452 bis

2215 2504 2337 2559 qua;
2376 2488 2520 2545 Deus
2560 2487 2813 2559 prohibet
2854 2487 3190 2557 delectatur;
3218 2488 3472 2560 superbia
3508 2503 3643 2545 vero
3674 2487 3805 2545 vita

2216 2578 2353 2644 fuit,
2402 2592 2525 2634 cum
2555 2577 2749 2634 mulier
2790 2578 2982 2635 eadem
3026 2594 3090 2635 ex
3137 2594 3236 2635 ore
3275 2578 3541 2651 serpentis
3572 2577 3807 2635 libenter

2219 2669 2463 2726 audivit:
2489 2666 2658 2723 Eritis
2681 2669 2814 2725 sicut
2835 2669 2917 2725 dii
2944 2671 3162 2726 scientes
3191 2671 3386 2726 bonum
3418 2680 3467 2725 et
3493 2668 3718 2725 malum.

1641 2865 1811 2958 EX
1868 2862 2644 2958 APOCALYPSI.

635 3048 676 3091 Ι.
718 3049 772 3090 η(
805 3050 1044 3092 ΒΕΒΠΟΝΒ
1073 3052 1141 3092 DE
1176 3052 1510 3094 ΝΔΤΙἫΤΔΤΒ
1545 3050 1766 3093 ελκοτε
1805 3050 2008 3093 ΗΔΒΙΒ.

956 3125 1085 3198 (Ed.
1121 3139 1248 3183 tom.
1278 3127 1344 3183 II
1360 3169 1376 3195 ,
1406 3144 1528 3200 pag.
1557 3126 1722 3199 219.)

603 3221 722 3277 Non
752 3221 966 3291 cuiqam
999 3220 1197 3277 sullicit
1231 3221 1298 3280 ad
1342 3220 1675 3290 capessenda
1713 3219 1938 3291 praemia
1978 3216 2123 3274 solus

531 3312 707 3381 pudor
731 3310 1027 3382 virgineus,
1055 3311 1159 3366 nisi
1183 3319 1237 3366 et
1257 3310 1379 3365 aliis
1402 3309 1566 3365 fuerit
1586 3310 1790 3365 ditatus
1808 3306 2119 3364 virtutibus.

532 3400 744 3469 .loauni
767 3401 965 3472 quippe
995 3402 1049 3455 in
1091 3399 1414 3472 Apocalypsi
1452 3415 1553 3470 per
1586 3400 1837 3469 angelum
1863 3398 2065 3455 dicitur
2103 3414 2120 3453 :

535 3491 611 3549 lli
636 3504 759 3547 sunt
786 3494 1016 3564 quicum
1038 3492 1347 3547 mulieribus
1368 3507 1471 3546 non
1491 3501 1613 3546 sunt
1641 3490 1987 3563 coinquinati,
2018 3490 2133 3544 vir-.

533 3580 680 3653 gines
715 3583 852 3637 enim
886 3591 1011 3637 sunt
1039 3592 1089 3636 et
1116 3588 1405 3652 sequuntur
1429 3581 1637 3652 Agnum
1657 3596 1960 3653 quocunque
1983 3582 2120 3634 ierit.

534 3672 722 3751 Agnus
763 3673 910 3729 enim
950 3681 1175 3740 noster,
1227 3670 1319 3727 ille
1352 3672 1603 3728 videlicet
1632 3673 1722 3744 qui
1745 3670 1880 3727 tollit
1912 3680 2125 3743 peccata

536 3763 761 3830 mundi,
810 3762 1133 3818 cbaritatem
1163 3762 1394 3828 habuit,
1443 3762 1571 3831 quia
1605 3776 1706 3831 pro
1747 3760 1919 3821 salute
1952 3759 2127 3815 homi-

537 3842 667 3907 num
705 3852 984 3922 proprium
1013 3851 1331 3922 sanguinem
1358 3849 1531 3919 fudit;
1588 3839 1761 3923 gratia
1802 3849 2126 3907 humilitatis

536 3942 945 4013 caninuig‘quia
975 3941 1269 3996 humiliari!
1313 3942 1650 4013 semetipsum
1676 3957 1841 4014 usque
1868 3942 1938 3996 ad
1983 3958 2124 3997 mor-

537 4038 663 4099 tem,
689 4044 907 4088 mortem
932 4043 1107 4088 autem
1128 4034 1338 4099 erucis;
1362 4034 1684 4103 patientiam
1712 4034 1969 4099 servavit,
1999 4033 2125 4103 quia

538 4134 660 4182 cum
674 4126 1071 4183 malediceretur
1098 4143 1202 4182 non
1224 4126 1589 4193 maledicebat,
1611 4142 1728 4181 cum
1743 4137 2006 4197 pateretur
2024 4142 2128 4180 non

540 4216 1005 4283 comminabatur;
1072 4218 1360 4272 mundana:
1437 4214 1716 4287 dignitatis
1781 4214 2124 4271 altitudinem

2144 3048 2190 3110 ρ
2221 3033 2551 3103 superﬂuum
2584 3034 2884 3107 deputavit.
2916 3036 3024 3093 Sed
3056 3050 3181 3093 mox
3213 3037 3442 3094 tacendo
3478 3024 3667 3094 audire
3693 3051 3810 3094 me-

2224 3127 2334 3182 ruit
2360 3127 2506 3198 quod
2549 3126 2932 3199 interrogando
2973 3130 3249 3199 inquirere
3288 3144 3399 3184 non
3428 3131 3804 3200 praesumpsit;

2222 3215 2300 3269 ait
2356 3216 2502 3271 enim
2549 3217 2775 3287 angelus
2810 3218 2860 3272 ei
2886 3235 2899 3271 :
2930 3216 3014 3272 Ne
3052 3220 3236 3273 timeas
3260 3259 3274 3282 ,
3312 3218 3486 3273 Maria
3512 3259 3527 3282 ,
3567 3217 3806 3274 invenisti

2221 3305 2359 3357 enim
2382 3305 2612 3374 gratiam
2632 3307 2775 3375 apud
2796 3306 3116 3372 Dominum;
3139 3323 3254 3363 ecce
3276 3306 3536 3377 concipies
3558 3309 3614 3362 in
3637 3317 3804 3372 utero,

2222 3405 2271 3448 et
2297 3394 2473 3466 paries
2501 3395 2707 3465 ﬁlium‘,
2733 3406 2783 3451 et
2809 3398 3078 3452 vocabitur
3096 3414 3282 3452 nomen
3304 3399 3420 3467 ejus
3446 3397 3627 3454 Iesus.

2681 3500 2721 3541 11
2781 3501 2837 3540 IN
2873 3500 3049 3541 εονεκ
3088 3498 3354 3542 SERIONE.

2918 3574 3108 3647 (1nd.)

2299 3664 2538 3721 Habebat
2566 3666 2621 3720 in
2644 3665 2946 3720 vestimento
2967 3674 3016 3720 et
3042 3666 3098 3720 in
3122 3666 3317 3736 femore
3359 3683 3456 3722 suo
3498 3668 3751 3742 scriptum
3784 3685 3808 3727 :

2235 3756 2345 3812 Rea:
2379 3772 2557 3827 regum
2587 3765 2635 3811 et
2660 3755 2919 3812 Dominus
2962 3756 3369 3813 dmninantium.
3412 3757 3805 3817 Vestimentum

2224 3849 2423 3920 quippe
2447 3846 2653 3904 Christi
2686 3847 2822 3902 nihil
2850 3856 2934 3903 est
2964 3846 3111 3903 aliud
3136 3847 3241 3904 nisi
3265 3863 3465 3921 corpus
3483 3850 3631 3921 quod
3655 3866 3809 3906 sum-

2224 3939 2335 4008 psit
2358 3950 2431 3992 es
2457 3929 2688 4007 virgine.
2741 3935 2847 3991 Per
2892 3935 3073 3992 femur
3092 3952 3222 3993 vero
3263 3940 3578 4010 propagatio
3624 3928 3808 3995 carnis

2226 4031 2305 4086 lit.
2344 4029 2447 4098 Qui
2474 4044 2606 4102 ergo
2633 4043 2730 4102 per
2762 4029 3208 4101 propagationem
3247 4031 3463 4102 generis
3504 4033 3722 4087 humani
3751 4033 3804 4086 in

2225 4122 2487 4177 mundum
2544 4120 2692 4176 hunc
2725 4120 2875 4176 venit
2920 4135 2987 4175 ex
3017 4112 3238 4191 Virgine
3261 4160 3279 4188 ,
3326 4130 3383 4177 et
3414 4135 3511 4192 per
3556 4120 3807 4177 incarnao

2226 4211 2391 4266 tionis
2440 4223 2554 4265 sua:
2589 4209 2908 4280 mysterium
2941 4208 3071 4279 quia
3121 4209 3235 4264 Rex
3266 4221 3423 4269 esset
3457 4217 3515 4267 et
3545 4210 3803 4268 Dominus

539 4309 765 4379 sprevit,
794 4308 919 4379 quia
946 4308 1086 4365 sicut
1111 4323 1208 4379 per
1230 4306 1496 4364 Joannem
1519 4306 1744 4374 dicitur,
1776 4321 1902 4363 cum
1926 4304 2129 4362 vellent
2228 4298 2439 4355 cunctis
2472 4298 2725 4370 gentibus
2751 4297 3007 4354 indicavit
3030 4336 3047 4367 ,
3074 4296 3131 4353 in
3174 4298 3502 4355 vestimento
3523 4306 3579 4355 et
3621 4298 3675 4354 in
3727 4299 3805 4353 fe-

541 4404 693 4459 iliutu
725 4420 909 4471 regem
945 4406 1316 4471 constituere,
1356 4405 1559 4461 montis
1602 4404 1886 4460 latibulum
1929 4404 2124 4477 petiit;

2232 4404 2383 4448 more
2403 4391 2665 4461 scriptum
2686 4388 2879 4444 habuit
2901 4406 2915 4443 :
2939 4387 3054 4444 Rea:
3073 4405 3252 4461 regum
3283 4401 3332 4445 et
3363 4389 3615 4445 Dominus
3637 4391 3804 4444 donti-

535 4485 792 4569 inimicos
821 4494 1034 4558 dilexit,
1065 4509 1162 4563 pro
1189 4491 1387 4563 quibus
1413 4503 1469 4549 et
1509 4496 1564 4550 in
1607 4511 1769 4551 cruce
1800 4496 2006 4567 positus
2033 4511 2129 4550 ex-

2233 4482 2475 4561 nantium
2501 4498 2520 4546 ,-
2563 4480 2706 4537 unde
2735 4480 2884 4537 enim
2906 4480 3109 4539 mundo
3135 4481 3491 4548 innotuit,tibi
3520 4480 3803 4540 scientiam

541 4582 726 4639 oravit
761 4581 950 4636 dicens
976 4599 990 4635 :
1017 4579 1202 4647 Pater,
1230 4582 1438 4653 ignosce
1466 4582 1571 4638 illis
1590 4586 1714 4654 quia
1743 4584 1976 4639 nesciunt
2001 4583 2127 4654 quid
2231 4589 2342 4631 ειιω
2376 4573 2677 4645 maieSlaliS
2712 4573 3012 4645 ἱηεετῑρεῑι.

544 4674 767 4746 faciunt.
807 4672 900 4728 Ille
925 4673 1108 4743 itaque
1132 4673 1344 4745 Agnum
1375 4688 1702 4745 quocunque
1732 4674 1858 4729 ierit
1885 4675 2130 4744 sequitur

2407 4679 2485 4719 ιιι.
2515 4681 2569 4721 ΙΝ
2594 4678 2836 4720 εειωοκε
2861 4680 2928 4720 DE
2957 4680 3160 4721 SANC'I'O
3183 4679 3608 4722 Βλῐιτιοιοιιεο.

544 4768 638 4838 qui
672 4781 778 4822 non
803 4765 920 4821 sola
940 4766 1253 4837 virginitate
1277 4765 1396 4837 ejus
1423 4766 1671 4839 vestigia,
1688 4767 1803 4823 sed
1820 4780 1920 4837 per
1937 4782 2128 4825 omnes
2663 4762 2948 4835 (Ed.-tom.
2973 4763 3058 4831 Il,
3074 4780 3203 4834 page
3228 4761 3383 4834 206.)

545 4874 760 4928 quoque
786 4857 1045 4913 virtutum
1081 4857 1301 4915 semitas
1327 4858 1383 4914 in
1406 4860 1671 4929 quantum
1692 4854 1837 4913 valet
1863 4858 2123 4912 imitatur.
2207 4850 2211 4855 ’
2301 4854 2535 4928 Singula:
2552 4846 2725 4926 porta:
2750 4863 2912 4911 erant
2949 4870 3015 4911 ex
3045 4855 3270 4927 singulis
3295 4854 3622 4926 margaritis.
3669 4853 3807 4907 Mar.

543 4947 639 5002 llic
667 4950 875 5016 Agnum
899 4948 1142 5016 sequitur
1176 4950 1231 5003 in
1252 4949 1622 5016 perventiunis
1650 4949 1838 5016 requie
1859 4950 1952 5016 qui
1978 4948 2126 5006 illum
2229 4948 2418 5016 garitae
2452 4948 2558 5003 illae
2601 4948 2885 5016 pretiosae,
2931 4961 3068 5016 quas
3095 4950 3285 5015 beatus
3321 4945 3556 5002 Joannes
3582 4960 3641 5001 se
3677 4942 3806 4999 ron-
