4108 5342
338 342 446 400 905

1246 348 1742 410 COI.I.ECTANE.\
1797 349 1887 404 EX
1931 349 2118 411 NOVO
2178 355 2644 418 TESTANLNTO

3496 371 3598 424 91ἓο

342 469 462 554 iam
491 453 784 554 mysticam
818 463 1036 554 tenuere
1069 454 1294 554 figuram
1334 467 1387 512 et
1425 457 1631 527 lapides
1660 457 1734 512 illi
1769 458 1858 526 qni
1895 499 1908 522 ,
1940 465 1988 524 Δ
2019 467 2190 524 decim
2223 472 2451 540 lapides,
2496 473 2634 528 terni
2668 489 2765 542 per
2810 484 3106 545 quaternos
3152 480 3376 554 angulos

337 546 452 600 Deo
482 543 707 615 jubente
733 546 934 618 Moysi,
985 548 1232 603 rationali
1281 551 1475 605 summi
1514 551 1812 607 sacerdotis
1838 552 1918 606 lc-

333 645 538 706 guutur
566 637 834 706 impressi.
861 637 974 693 Hoc
999 639 1178 709 itaque
1207 641 1470 696 rationale
1492 641 1746 697 sacerdos
1779 642 1918 698 fcre-

331 729 428 782 bat
461 729 512 782 in
545 739 794 799 pectore,
829 747 950 785 cum
980 731 1356 801 ingrederetur
1402 744 1649 789 sanctum
1702 744 1920 790 sancto-

332 829 477 871 rum.
535 817 866 892 Prteceptum
908 830 989 876 est
1015 837 1142 894 ergo
1166 831 1222 876 ut
1259 823 1310 878 in
1335 839 1399 880 co
1425 834 1758 895 ponerentur
1784 826 1918 882 duov

2022 579 2188 628 auro,
2219 566 2342 636 quia
2368 568 2618 621 nimirum
2649 568 2820 624 sancti
2851 570 3076 639 apostoli
3124 587 3218 640 per
3247 572 3610 643 qumlrilidum

2022 659 2207 714 orbem
2236 659 2301 714 de
2332 659 2597 714 Triuitate
2617 700 2630 724 ,
2683 676 2803 728 qua:
2853 662 2991 718 Deus
3021 669 3135 728 est,
3176 663 3610 732 prtedicaverunt

2023 751 2305 806 catholica:
2339 752 2457 806 fidei
2494 753 2801 806 veritatem.

1315 1027 1482 1116 ΕΧ
1548 1027 2173 1120 EPISTOLIS
2260 1024 2660 1115 PAULI.

587 1197 679 1256 EX
725 1197 1054 1256 EPlSTOLA
1094 1202 1184 1255 AD
1221 1200 1658 1258 CORINTHIOS.

539 1307 581 1348 1ο
622 1311 673 1348 IN
711 1310 950 1350 SERMONE
988 1310 1057 1348 DE
1093 1311 1296 1351 SANCTO
1336 1311 1692 1352 BARBATIANO.

733 1385 863 1456 (Ed.
903 1397 1030 1441 tant.
1067 1385 1130 1442 I.‘
1154 1428 1171 1454 ,
1207 1405 1326 1458 pag.
1367 1388 1516 1461 551.)

396 1475 616 1548 Linguw
643 1476 697 1533 in
721 1480 930 1548 signum
958 1489 1078 1533 sunt
1107 1496 1211 1533 non
1247 1480 1493 1550 ﬁdelibus
1517 1522 1531 1546 ,
1562 1483 1652 1536 sed
1683 1481 1912 1551 infideli-

318 1571 443 1624 bus.
479 1571 583 1624 Sed
613 1570 739 1625 dum
773 1571 876 1625 ista
905 1570 1136 1626 dicimus
1163 1613 1177 1636 ,
1203 1573 1558 1641 quaestionem
1597 1573 1751 1627 nobis
1780 1573 1912 1627 oriri

315 1675 432 1713 non
481 1660 598 1715 sine
631 1661 809 1732 aliqua
853 1660 1168 1716 dillicultate
1194 1663 1478 1730 videmus;
1512 1663 1557 1718 si
1591 1663 1736 1718 enim
1761 1663 1914 1734 signa

2021 1211 2079 1255 ut
2113 1201 2228 1270 jam
2263 1198 2566 1254 necessaria
2594 1211 2696 1252 non
2720 1195 2790 1251 sit
2815 1193 3147 1263 dispensatio
3191 1189 3607 1248 similitudinum

2021 1309 2116 1364 per
2141 1291 2383 1363 angelos,
2431 1298 2487 1344 et
2532 1287 2868 1359 principatus
2895 1326 2910 1350 ,
2975 1294 3030 1338 et
3074 1293 3388 1353 potestates,
3421 1293 3474 1337 et
3501 1283 3610 1336 vir-

2022 1393 2182 1439 tutes.
2216 1384 2293 1438 Ex
2320 1398 2552 1452 quarum
2585 1393 2815 1449 persona
2846 1393 2950 1431 non
2973 1375 3421 1430 incoavenienter
3449 1374 3608 1428 intel—

2020 1474 2205 1544 ligitur
2255 1473 2361 1528 dici
2405 1475 2457 1527 in
2515 1469 2756 1526 Canticis
2805 1467 3142 1522 canticorum
3191 1466 3255 1518 ad
3299 1480 3602 1534 sponsam:

2022 1565 2410 1622 Similitudines
2437 1564 2558 1617 auri
2600 1562 2854 1632 faciemus
2891 1559 2984 1612 tibi
3025 1575 3140 1611 cum
3186 1557 3606 1611 distinctionibus

2021 1659 2256 1729 argenti,
2284 1657 2458 1728 quoad
2491 1672 2650 1725 usque
2677 1669 2768 1707 res:
2812 1653 2865 1707 in
2901 1651 3132 1706 recubito
3165 1667 3260 1703 suo
3291 1659 3365 1702 est
3387 1690 3400 1711 ,
3446 1647 3498 1702 id
3522 1656 3607 1702 cst

314 1760 548 1820 propter
581 1752 824 1807 infideles
849 1753 972 1807 data
1012 1768 1134 1808 esse
1174 1752 1468 1819 dicuntur,
1510 1755 1640 1824 quid
1689 1766 1774 1810 est
1813 1756 1915 1810 hoc
1946 1814 1985 1824 __
2021 1751 2374 1822 quoadusque
2425 1747 2674 1804 Christus
2707 1745 2758 1798 in
2795 1753 3010 1799 secreto
3043 1757 3141 1797 suo
3165 1751 3284 1803 est,
3329 1739 3454 1808 quia
3503 1738 3606 1791 rita

313 1814 466 1909 quod
499 1842 829 1912 Redemptor
861 1853 1047 1898 noster
1076 1844 1127 1898 in
1153 1845 1327 1913 patria
1353 1814 1702 1914 suntpropter
1733 1846 1915 1900 incre-
1945 1814 1988 1875 Β
2019 1814 2197 1897 nostra
2219 1839 2524 1896 abscondita
2559 1847 2633 1892 est
2663 1854 2782 1892 cum
2818 1835 3027 1891 Christo
3055 1835 3107 1887 in
3129 1832 3270 1894 Deo;
3295 1849 3412 1884 cum
3451 1829 3609 1886 Chri-

311 1933 605 1988 dulitatem
634 1935 914 1990 hominum
959 1935 1046 1990 vix
1099 1951 1302 2006 paucas
1352 1936 1582 1991 virtutes
1608 1935 1792 1992 facere
1823 1953 1916 2007 po-

313 2023 490 2078 tuisse
523 2024 884 2093 perhibetur?
933 2024 1087 2080 Sicut
1127 2026 1271 2080 enim
1319 2025 1535 2081 Marcus
1561 2026 1913 2096 evangelista

311 2123 596 2169 testatur:
629 2114 786 2168 Multi
816 2117 1088 2170 audientes
1119 2117 1530 2170 admirabantur
1570 2117 1625 2170 in
1674 2119 1914 2171 doctrina

306 2206 436 2274 ejus
462 2207 686 2260 dicentes
712 2222 731 2260 :
760 2204 910 2260 Unde
927 2207 1049 2260 huic
1085 2208 1197 2262 luet:
1225 2207 1399 2261 omnia
1421 2208 1446 2260 Ξ)
1496 2219 1545 2262 ει
1585 2225 1701 2278 qua!
1729 2218 1802 2262 est
1828 2225 1915 2262 sa-

307 2298 516 2366 pientia
545 2315 662 2368 qua:
687 2299 816 2352 data
855 2309 932 2352 est
970 2299 1090 2363 illi,
1134 2309 1182 2353 et
1228 2300 1441 2354 virtutes
1483 2299 1614 2354 tales
1665 2316 1782 2371 quia
1821 2317 1914 2369 per

310 2405 509 2442 manus
537 2389 650 2456 ejus
672 2390 1004 2459 efﬁciuntur?
1033 2388 1223 2444 Nonne
1251 2391 1337 2445 Itic
1381 2401 1458 2445 est
1503 2391 1643 2461 fabri
1689 2391 1835 2460 ﬁlius
1862 2401 1911 2446 et

313 2479 514 2534 Maria:
531 2464 552 2544 ,’
567 2480 735 2549 frater
754 2480 945 2537 Jacobi
979 2493 1026 2537 et
1065 2483 1259 2553 Joseplt
1296 2495 1347 2538 et
1369 2483 1530 2539 Iuda:
1548 2495 1595 2538 et
1634 2483 1912 2540 Simonis?

311 2589 489 2626 nonne
513 2583 560 2627 ει
585 2591 790 2629 sorores
813 2576 928 2644 ejus
956 2577 1224 2630 nobiscum
1270 2588 1394 2632 sunt
1419 2578 1444 2631 Ρ
1484 2588 1534 2632 ει
1575 2577 1910 2632 scandaliza-

307 2664 511 2716 bantur
531 2663 585 2717 in
610 2663 725 2718 illo.
760 2663 912 2720 Unde
933 2675 992 2720 et
1020 2666 1180 2736 pauio
1209 2675 1326 2737 post
1357 2668 1610 2723 subditur
1639 2686 1651 2721 :
1686 2665 1755 2721 Et
1805 2685 1908 2722 non

306 2753 872 2821 poteratibivirtutem
897 2755 1061 2810 ullam
1094 2759 1266 2826 facere
1291 2799 1306 2826 ,
1361 2759 1461 2813 nisi
1517 2777 1714 2829 paucos
1757 2760 1910 2828 inﬁr-

308 2859 428 2896 ntus
453 2845 709 2909 impositis
740 2846 978 2901 manibus
1016 2851 1218 2902 curauit
1240 2890 1254 2914 ,
1283 2861 1331 2904 et
1361 2851 1650 2905 mirabatur
1699 2863 1908 2922 prop'er

307 2933 732 2988 incredulitatem
762 2935 993 2991 illorum.
1027 2938 1166 3006 Quid
1194 2948 1279 2995 est
1309 2941 1442 3008 hoc,
1494 2942 1692 2999 fratres
1717 2984 1731 3007 ,
1775 2944 1901 3013 quia

306 3025 516 3080 Paulus
537 3025 770 3083 aﬂirmat
797 3029 951 3100 signa
984 3047 1083 3100 pro
1116 3031 1426 3089 inﬁdelibus
1463 3035 1586 3088 data
1617 3074 1632 3100 ,
1688 3035 1903 3092 Marcus

305 3116 514 3170 asserit
543 3125 763 3186 propter
791 3119 1034 3176 infideles
1075 3120 1242 3178 fuisse
1278 3125 1603 3180 subtracta?
1647 3126 1899 3198 Nunquid

302 3211 618 3266 contrarias
649 3203 790 3266 inter
813 3229 872 3269 se
902 3214 1131 3270 invicem
1163 3216 1406 3286 proferre
1432 3221 1734 3276 sententias
1774 3236 1899 3290 pos-

298 3310 470 3368 sunt,
505 3303 595 3371 qui
622 3319 729 3360 uno
759 3306 950 3375 spiritu
987 3306 1126 3376 pleni
1160 3309 1328 3362 sunt?
1355 3309 1460 3364 Sed
1491 3312 1784 3366 notandum
1815 3322 1900 3368 est

300 3395 435 3463 quia
468 3395 519 3448 in
550 3395 679 3465 ipsis
701 3397 1013 3453 inﬁdelibus
1034 3409 1152 3453 erat
1178 3401 1397 3470 quidam
1424 3403 1758 3460 diversitatis
1784 3422 1900 3461 mo-

299 3486 444 3552 dus;
477 3501 574 3556 par
604 3488 821 3556 quidem
852 3503 1007 3544 error
1031 3489 1208 3546 fuerat
1233 3495 1473 3548 omnium
1523 3511 1630 3550 non
1673 3499 1898 3553 creden-

298 3574 440 3629 tium
465 3616 478 3641 ,
512 3576 607 3631 sed
649 3593 841 3648 magna
893 3579 1179 3635 diversitas
1234 3583 1589 3649 meritorum;
1635 3585 1780 3640 aliud
1815 3596 1898 3642 est

298 3666 451 3720 enim
485 3667 529 3721 si
555 3667 667 3722 sola
706 3669 828 3738 quis
882 3669 1100 3726 fallatur
1147 3672 1486 3742 ignorantia,
1530 3676 1676 3732 aliud
1708 3677 1753 3733 si
1790 3679 1895 3733 ad-’

295 3757 490 3823 juncta
516 3774 733 3828 quoque
753 3769 902 3814 esset
927 3761 1154 3816 malitia.
1182 3763 1490 3833 Ignorantia
1537 3768 1737 3825 Paulus
1770 3786 1896 3840 pec-

296 3859 528 3904 caverat
547 3850 637 3918 qui
665 3849 912 3906 dicebat:
941 3852 1047 3916 Qui
1070 3855 1218 3921 prius
1239 3855 1318 3924 fui
1343 3857 1672 3926 blasphemus
1695 3870 1740 3913 et
1772 3878 1893 3930 rer-

297 3948 515 3994 secutor
538 3947 587 3992 et
625 3940 912 4009 injuriosus
931 3981 946 4004 ,
975 3942 1068 3995 sed
1095 3943 1212 3996 ideo
1252 3945 1666 4000 misericordiam
1712 3966 1894 4004 conse-

296 4040 458 4084 cutus
486 4047 602 4084 sum
637 4033 760 4101 quia
803 4033 1052 4102 ignorans
1090 4034 1230 4104 feci;
1280 4050 1376 4104 per
1423 4038 1686 4094 malitiam
1728 4040 1895 4096 ludas

296 4121 671 4191 peccavit,et
697 4123 818 4178 ideo
865 4137 1208 4194 nequaquam
1261 4126 1446 4181 venire
1489 4129 1556 4182 ad
1607 4128 1892 4200 indulgen-

296 4214 436 4270 tiam
461 4215 680 4270 meruit.
725 4215 834 4271 Pro
879 4216 984 4272 illis
1027 4231 1160 4287 ergo
1207 4216 1515 4273 infidelibus
1561 4219 1719 4291 signa
1767 4221 1893 4276 data

295 4313 430 4361 sunt
449 4345 466 4370 ,
491 4321 629 4376 quos
654 4307 832 4362 divina
862 4308 1200 4378 providentia
1225 4309 1652 4366 misericorditer
1683 4311 1893 4367 salvere

295 4393 621 4451 decreverat
646 4413 660 4462 ;
693 4407 915 4467 propter
942 4399 1063 4455 illos
1093 4414 1220 4455 vero
1247 4401 1526 4457 subtracta
1550 4411 1680 4457 sunt
1701 4443 1715 4468 ,
1755 4419 1892 4473 quos

2014 1947 2162 1999 stus,
2203 1934 2423 2005 inquit,
2481 1932 2806 2002 apparuerit,
2843 1931 2951 1984 vita
3001 1937 3204 1990 vestra,
3247 1936 3368 1978 tunc
3417 1934 3464 1977 et
3517 1940 3604 1978 eos

2015 2027 2332 2098 apparebitis
2361 2042 2478 2079 cum
2515 2024 2605 2077 illo
2633 2024 2684 2076 in
2715 2022 2904 2092 gloria.
2938 2020 3091 2089 Quod
3141 2028 3430 2088 antequam
3467 2016 3559 2070 liat
3588 2057 3604 2078 ,

2014 2119 2246 2174 ridemus
2285 2134 2420 2172 nunc
2458 2133 2549 2184 per
2590 2114 2856 2185 speculum
2896 2113 2951 2166 in
3021 2113 3334 2182 mrigmate,
3377 2111 3480 2164 hoc
3521 2118 3605 2162 est

2017 2211 2070 2264 in
2135 2207 2620 2269 similitudinibus,
2677 2215 2799 2258 tunc
2857 2214 3031 2256 autent
3079 2203 3214 2271 facie
3265 2203 3334 2253 ad
3389 2201 3599 2270 faciem.

2016 2305 2139 2360 Hmc
2199 2306 2451 2359 nimirum
2478 2303 2632 2358 nobis
2663 2299 3049 2370 contemplatio
3091 2297 3425 2367 promittitur
3451 2336 3464 2359 ,
3513 2311 3604 2349 ac-

2013 2399 2218 2452 tionum
2249 2396 2489 2451 outnium
2521 2394 2644 2448 linis
2688 2402 2850 2462 atque
2883 2401 3082 2449 :cterna
3145 2387 3408 2460 perfectio
3470 2403 3604 2456 gau-

2011 2491 2223 2545 diorum
2251 2505 2265 2555 ;
2298 2487 2399 2556 ﬁlii
2419 2489 2556 2541 enim
2578 2501 2794 2549 sumus,
2827 2493 2874 2538 et
2908 2483 3140 2537 nondum
3190 2480 3433 2552 apparuit
3476 2479 3602 2550 quid

2009 2583 2233 2647 erimus;
2266 2581 2456 2636 scimus
2470 2581 2592 2650 quia
2610 2594 2725 2631 cum
2748 2576 3072 2647 apparueri',
3098 2573 3291 2629 simile:
3313 2573 3359 2627 ei
3383 2572 3600 2631 erimus,

2006 2675 2130 2745 quia
2165 2674 2453 2728 videbimus
2479 2687 2596 2726 eum
2625 2669 2780 2724 sicuti
2820 2677 2914 2722 est.
2955 2667 3032 2722 lta
3078 2666 3278 2736 quippe
3305 2665 3381 2718 ait
3410 2682 3424 2717 :
3472 2663 3602 2717 "(re

2006 2775 2082 2820 est
2114 2774 2285 2819 autem
2309 2766 2413 2818 vita
2440 2773 2638 2817 (eterna
2673 2770 2730 2814 ut
2771 2770 3084 2830 cognoscant
3129 2767 3178 2811 te
3219 2773 3380 2811 unum
3421 2772 3602 2810 rerum

2007 2856 2214 2921 Deum,
2265 2865 2313 2912 et
2353 2874 2505 2926 quem
2559 2855 2748 2909 misisti
2785 2851 2968 2907 Iesum
3015 2851 3300 2906 Christum.
3345 2848 3457 2904 lloc
3510 2847 3602 2901 lict

2005 2964 2130 3002 cum
2160 2948 2374 3003 venerit
2424 2945 2684 3002 Dominus
2751 2952 2807 2999 et
2859 2941 3244 2998 illuminaverit
3275 2940 3597 2995 abscondita

2007 3041 2371 3095 tenebrarum.
2402 3037 2535 3092 Cum
2562 3036 2798 3091 tenebrae
2819 3034 3163 3089 mortalitatis
3186 3031 3346 3101 hujus
3371 3044 3566 3097 (‘Ol'l'tlp
3581 3058 3598 3070 -

2007 3130 2278 3198 tionisque
2310 3127 2662 3191 transierint,
2714 3134 2841 3179 tunc
2870 3125 2978 3178 erit
3009 3136 3168 3176 mane
3198 3128 3441 3175 nostrum
3469 3158 3484 3183 ,
3527 3118 3595 3172 de

2005 3237 2112 3292 quo
2143 3221 2193 3276 in
2218 3219 2426 3290 psalmo
2452 3217 2684 3273 dicitur:
2718 3217 2876 3271 Mane
2897 3214 3078 3269 astabo
3103 3213 3195 3266 tibi
3213 3223 3260 3266 ες
3288 3212 3487 3264 ridebo.
3521 3211 3598 3263 De

2000 3317 2103 3371 hac
2132 3313 2590 3383 contemplatione
2618 3309 2937 3379 intelligitur
2966 3310 3170 3365 dictum
3206 3323 3325 3361 cum
3358 3303 3595 3360 tradide-

2000 3407 2065 3460 rit
2095 3422 2308 3476 regnum
2334 3404 2444 3458 Deo
2469 3411 2518 3457 et
2551 3399 2737 3466 Patri,
2772 3401 2822 3454 id
2847 3409 2931 3454 est
2978 3414 3101 3453 cum
3129 3395 3444 3468 perduxerit
3469 3393 3594 3462 jus-

2000 3507 2116 3562 tos,
2149 3498 2201 3551 in
2231 3496 2429 3566 quibus
2459 3510 2601 3549 nunc
2628 3509 2696 3549 ex
2721 3492 2826 3547 lide
2855 3491 3164 3546 viventibus
3208 3496 3397 3557 regnat
3424 3527 3440 3551 ,
3482 3502 3594 3540 me-

1998 3589 2178 3643 diator
2208 3589 2303 3643 Dei
2333 3596 2388 3642 et
2425 3586 2707 3642 hominum
2737 3624 2754 3651 ,
2812 3583 2974 3639 homo
3017 3581 3266 3636 Christus
3308 3577 3466 3633 .lesus
3523 3578 3592 3628 ad

1998 3678 2518 3748 contemplationem
2555 3676 2646 3732 Dei
2681 3675 2880 3730 Patris.

2217 3786 2301 3824 Ill.
2343 3786 2394 3824 IN
2425 3784 2682 3824 EPISTOLA
2712 3783 2780 3821 AD
2818 3781 3031 3822 ΡΒτιιωι
3066 3777 3378 3819 ΜΟΝᾹΟΠΒΗ.

2433 3861 2564 3930 (Ed.
2594 3870 2721 3915 tom.
2755 3859 2817 3923 I,
2842 3875 2967 3928 pag.
2995 3857 3145 3926 219.)

2066 3953 2265 4008 Paulus
2287 3953 2549 4024 gloriatur
2583 3951 2726 4020 quia~
2762 3959 2846 4003 ter
2896 3949 3062 4017 virgis
3140 3962 3314 4002 caesus
3367 3953 3489 4008 est,
3535 3954 3592 3998 et

1995 4045 2121 4113 quia
2169 4044 2461 4112 quinquies
2511 4043 2890 4111 quadragenas
2951 4055 3058 4093 una
3119 4038 3297 4092 minus
3353 4038 3585 4106 accepit.

1995 4137 2336 4206 Praeceperat
2371 4134 2515 4190 enim
2563 4134 2774 4204 Moyses
2815 4139 2874 4186 ut
2915 4147 3077 4202 quem
3109 4130 3320 4198 judices
3367 4129 3589 4200 dignum

1994 4228 2244 4282 viderent
2265 4226 2460 4298 plagis,
2493 4226 2769 4281 verberari
2789 4223 3036 4278 lacerent
3057 4239 3156 4294 pro
3183 4237 3432 4277 mensura
3459 4239 3587 4293 pec-

1994 4317 2146 4382 cati,
2189 4317 2264 4389 ita
2323 4317 2586 4370 duntaxat
2637 4324 2697 4369 ut
2740 4313 3229 4384 quadragenariuut
3299 4329 3584 4368 numerum

1994 4423 2101 4462 nou
2129 4407 2474 4462 excederent.
2507 4406 2985 4478 Quadragenarius
3008 4406 3276 4476 siquidem
3325 4420 3587 4460 numerus

295 4488 370 4542 ab
391 4487 690 4544 electorum
713 4501 860 4547 sorte
885 4535 899 4556 ,
929 4494 1270 4564 exigentibus
1293 4511 1481 4552 eorum
1514 4498 1754 4566 meritis,
1782 4501 1889 4556 dis-
1917 4516 1969 4576 ι)
1996 4500 2245 4556 humanm
2268 4501 2391 4555 vitae
2415 4500 2685 4572 signiﬁcat
2707 4516 2926 4556 cursum
2953 4541 2967 4566 ,
3001 4500 3090 4570 qui
3116 4499 3364 4556 videlicet
3393 4515 3588 4556 nume-

297 4581 475 4635 tricta:
495 4584 801 4639 severitatis
822 4585 1033 4657 justitia
1060 4587 1377 4657 repellebat.

294 4707 358 4746 11.
401 4707 454 4749 ιιι
483 4709 740 4752 ειηετοω
769 4713 836 4751 Ab
867 4714 986 4753 ΑΒΒ.
1013 4714 1336 4755 δεειοειιιωι
1364 4742 1378 4764 ,
1423 4717 1510 4757 UBI
1547 4718 1613 4756 DE
1659 4717 1893 4758 ΒΕΡΑΒΔ-

725 4785 884 4824 τιοκε
920 4786 1154 4825 νιιιοιδιιε
1182 4786 1469 4827 οιειιυτλτ.

681 4857 808 4928 (Ed.
851 4870 978 4914 tant.
1019 4859 1114 4913 111
1144 4901 1159 4926 ,
1198 4879 1320 4933 pag.
1363 4861 1513 4931 615.)

367 4945 504 5002 Cum
555 4950 829 5006 tradiderit
880 4969 1097 5022 regnum
1131 4954 1236 5010 Deo
1287 4965 1335 5009 et
1381 4951 1554 5010 Patri.
1600 4954 1892 5024 Hocjuxta

301 5041 454 5094 verbi
482 5056 674 5096 sonum
703 5045 1099 5113 quodammodo
1127 5047 1453 5119 significare
1481 5047 1710 5112 videtur,
1771 5056 1891 5103 tan-

297 5151 466 5206 quam
518 5153 742 5207 regnum
794 5145 965 5197 donec
1008 5141 1176 5202 Filius
1233 5151 1528 5206 tenuerat,
1579 5143 1738 5198 Pater
1780 5158 1887 5199 non

301 5226 531 5260 ιιηινιιιιιι
606 5239 653 5260 ,ιο
682 5246 798 5260 ιω...
831 5233 973 5260 11-.-:
1005 5237 1283 5260 .-.μελαμ
1370 5235 1381 5260 :

1370 5243 1482 5260 Enna
1513 5250 1618 5260 κοιλ
1656 5243 1832 5260 .-ι-Ακί
1866 5253 1879 5260 ο

1997 4612 2088 4651 rus
2115 4637 2129 4661 ,
2153 4595 2280 4650 dum
2311 4595 2435 4665 quis
2463 4595 2678 4665 vapulat
2702 4595 2891 4651 excedi
2920 4594 3263 4664 prohibetur,
3287 4594 3413 4664 quia
3437 4596 3588 4663 quis--

1993 4687 2190 4758 quisin
2218 4688 2319 4741 hac
2349 4686 2457 4740 vita
2488 4687 2786 4756 perfectam
2812 4686 2986 4758 egerit
3015 4685 3424 4756 paenitentiam,
3461 4687 3586 4740 mil--

1993 4779 2098 4834 lam
2129 4779 2472 4850 postmodum
2503 4794 2602 4849 pro
2631 4778 2745 4834 suis
2771 4778 3089 4833 excessibus
3109 4776 3310 4832 sentiet
3344 4790 3584 4845 poenam.

1992 4872 2162 4927 Porro
2215 4870 2486 4925 ternarius
2540 4878 2762 4942 propter
2817 4868 3136 4938 mysterium
3178 4872 3385 4919 sancta:
3413 4864 3595 4922 Trini-

1992 4965 2122 5018 tatis
2167 4962 2234 5016 ad
2272 4961 2472 5028 (idem;
2517 4959 2800 5032 quinarius
2845 4966 3030 5012 autent
3077 4962 3302 5028 propter
3351 4954 3600 5030 quinque

1989 5067 2182 5108 sensus
2215 5060 2432 5106 nostros
2457 5051 2696 5120 pertinet
2724 5050 2794 5104 ad
2821 5049 3203 5117 operationem
3229 5060 3244 5106 ς
3273 5044 3406 5111 quia
3449 5050 3603 5117 quis—

1990 5145 2110 5214 quis
2138 5157 2264 5199 cum
2292 5150 2521 5212 peccat,
2554 5139 2637 5195 vel
2669 5152 2824 5196 errat
2858 5139 2912 5192 in
2956 5137 3068 5196 fide
3097 5181 3110 5203 ,
3137 5133 3227 5190 vel
3250 5132 3528 5206 delinquit
3557 5142 3611 5194 in

2655 5239 2666 5260 I
2696 5229 2921 5260 Πκ..1.ιι-Ι
2996 5231 3092 5260 ιιι-ἶ
3148 5222 3443 5260 εισι-(ιῑὶῖηηη
3491 5248 3588 5260 oxnn

2237 5233 2448 5260 .32...."m
2487 5233 2581 5260 ι’..ει
2616 5249 2644 5260 .-
