4078 6336
597 394 698 449 907

1409 389 1639 445 ADDIT..
1675 390 1767 444 AD
1806 388 1969 443 ΎΟΜ.
2010 388 2094 441 ill.
2136 388 2287 443 OPP.
2325 388 2381 443 S.
2424 385 2623 444 PETRI
2664 388 2965 443 DAiiilANl.

3760 388 3856 443 903

594 502 896 556 nullatenus
924 505 1139 570 possent
1167 506 1249 563 et,
1288 498 1411 553 dum
1439 500 1573 553 citra
1601 498 1957 568 persisterent
1981 538 1994 560 ,
2033 497 2169 551 ulte-
2274 499 2485 565 diaboli,
2520 502 2610 555 sed
2640 503 2880 556 membra
2905 502 3013 555 sint
3042 499 3262 555 Christi.
3295 499 3480 556 Nullus
3507 502 3657 556 enim
3683 513 3771 556 est
3793 519 3856 558 ex

592 595 705 647 rius
726 608 829 645 non
858 592 1169 646 transirent.

830 699 920 755 EX
970 700 1321 756 EPISTOLIS
1368 702 1460 756 AD
1509 700 1937 757 TlMOTllEUM.

587 805 629 847 Ῑο
656 806 710 848 IN
735 806 990 845 EPISTOLA
1018 806 1087 844 AD
1113 806 1439 843 CARDINALES
1475 805 1750 846 EPISCOPOS
1783 807 1847 845 DE
1877 805 2167 845 DICNITATE

1104 876 1332 913 ΒΟΜΛΝΔΕ
1362 876 1648 915 ιίεεωειίε,

1051 950 1179 1021 (Ed.
1205 962 1329 1005 tom.
1362 951 1413 1015 l,
1441 970 1560 1021 pag.
1593 950 1707 1022 51.)

662 1042 767 1109 Qui
785 1043 1135 1114 episcopatum
1171 1042 1467 1105 desiderat,
1506 1043 1692 1095 bonum
1724 1059 1853 1111 opus
1881 1042 2166 1098 desiderat.

588 1133 689 1192 Hic
715 1136 992 1189 evidenter
1019 1134 1319 1188 ostenditur
1344 1134 1477 1187 nihil
1509 1134 1651 1188 aliud
1694 1149 1814 1188 esse
1860 1134 2165 1204 pontificem

589 1240 752 1296 quam
781 1226 907 1279 boni
930 1227 1109 1296 operis
1138 1235 1478 1280 sectatorem.
1505 1226 1618 1280 Non
1645 1228 1788 1280 enim
1811 1227 1945 1280 dixit
1970 1227 2165 1281 bonam

589 1316 924 1387 dignitatem,
962 1316 1044 1372 vel
1078 1316 1274 1370 bonum
1323 1317 1579 1372 honorem
1626 1318 1918 1382 desiderat,
1950 1318 2042 1372 sed
2077 1317 2167 1387 qui

590 1411 954 1480 episcopatum
981 1410 1274 1475 desiderat,
1306 1411 1503 1465 bonum
1534 1426 1669 1481 opus
1694 1411 1960 1466 desiderat
1985 1425 1999 1463 :
2029 1426 2091 1464 ac
2121 1409 2169 1466 si

592 1503 753 1569 dicat,
782 1503 870 1572 qui
911 1503 978 1557 ad
1009 1503 1372 1573 episcopatum
1402 1502 1618 1557 anhelat
1643 1503 2019 1572 possidendum
2052 1503 2169 1556 sine

590 1607 752 1663 opere
775 1594 936 1658 bono,
965 1593 1125 1647 inane
1150 1593 1260 1646 vult
1287 1608 1480 1647 nomen
1508 1593 1730 1648 induere
1752 1594 1868 1648 sine
1899 1593 1972 1647 rei
2004 1593 2168 1663 ipsius

603 1684 835 1737 veritate.
865 1682 980 1737 Non
1017 1698 1144 1753 ergo
1188 1692 1399 1739 constat
1446 1683 1788 1753 episc0patus
1828 1682 2167 1737 braetcarnm

626 1772 1081 1828 ireumfluentium
1109 1772 1366 1843 phaleris,
1393 1789 1497 1827 non
1522 1773 1752 1842 denique
1783 1773 1835 1827 in
1858 1773 2168 1841 glotncratis

2273 590 2522 643 omnibus
2548 589 2874 654 hominibus,
2909 588 3061 656 cujus
3102 590 3373 663 naturain
3404 590 3636 644 Domino
3665 606 3853 645 nostro

2272 689 2520 749 suscepta
2552 697 2656 733 non
2687 680 2891 746 fuerit;
2934 682 3177 750 quamvis
3211 681 3293 735 ille
3320 692 3475 735 natus
3498 682 3569 735 sit
3620 683 3679 735 in
3712 683 3860 736 simi-

2272 770 2498 827 litntline
2526 775 2706 828 carnis
2735 776 2964 842 peccati,
3002 774 3179 828 omnis
3216 785 3392 827 autem
3424 776 3580 829 homo
3613 773 3861 829 nascitur

2270 862 2324 916 in
2356 879 2517 916 carne
2553 866 2777 932 peccati.
2811 864 2953 918 Dens
2981 878 3135 932 ergo,
3168 863 3259 917 Dei
3290 864 3475 929 Elius;
3505 864 3865 919 mortalitatis

2270 952 2518 1005 humanm
2548 954 2815 1022 particeps
2845 955 3048 1021 absque
3076 962 3296 1021 peccato
3343 956 3444 1010 lzoe
3472 956 3858 1022 pecratoribus

2272 1041 2591 1095 mortalibus
2615 1043 2865 1106 contulit,
2896 1050 2949 1095 ut
2984 1043 3075 1111 qui
3106 1043 3404 1097 nativitatis
3425 1043 3538 1113 ejus
3561 1046 3863 1116 participes

2271 1132 2638 1200 exstitissent,
2677 1132 2946 1196 vinculum
2974 1135 3181 1203 peccati
3224 1135 3382 1190 simul
3413 1151 3474 1190 ac
3496 1137 3701 1207 mortis
3742 1153 3861 1193 eva-

2273 1222 2483 1277 derent.

2341 1314 2493 1370 Sicut
2525 1316 2705 1385 itaque
2735 1331 2839 1370 non
2868 1315 3060 1371 suflieit
3093 1317 3369 1371 hominum
3399 1319 3750 1373 renovationi
3772 1334 3858 1373 na-

2272 1413 2386 1459 tum
2413 1404 2577 1461 fuisse
2608 1406 2878 1460 hominem
2901 1406 3199 1471 Christum,
3224 1407 3325 1461 nisi
3357 1407 3411 1462 in
3441 1411 3553 1478 ipso
3575 1409 3652 1463 de
3674 1409 3857 1463 eodem

2270 1495 2338 1549 de
2365 1510 2470 1564 quo
2509 1504 2660 1551 ortus
2685 1504 2789 1561 est,
2821 1497 3010 1565 spiritu
3044 1505 3433 1562 renascantur;
3474 1499 3543 1551 ita
3576 1515 3693 1553 non
3725 1497 3862 1552 sulli-

2270 1586 2345 1640 cit
2372 1588 2648 1641 hominum
2677 1588 3030 1657 redemptioui
3057 1590 3372 1644 crucifixum
3411 1606 3530 1645 esse
3563 1590 3855 1645 Dominum

2267 1671 2449 1730 Iesum
2482 1677 2778 1742 Christum,
2814 1677 2916 1731 nisi
2950 1679 3376 1731 connnoriantur
3413 1678 3464 1734 ei
3505 1688 3558 1733 et
3594 1693 3857 1749 consepta-

2234 1766 2473 1823 .liantur
2516 1770 2804 1839 baptismo.
2857 1772 3113 1848 Pocnlum
3165 1771 3361 1842 quippe
3409 1773 3853 1837 immortalitatis,

597 1866 1007 1935 tonstipantium
1038 1857 1264 1918 militum
1297 1864 1504 1929 cuneis,
1535 1864 1625 1918 sed
1657 1865 1706 1918 in
1738 1865 2022 1919 honestate
2055 1881 2171 1918 mo-
2201 1854 2241 1911 Β
2272 1859 2414 1929 quod
2438 1859 2747 1916 confectum
2780 1870 2863 1916 cst
2887 1860 2954 1916 'de
2983 1862 3297 1916 infirmitate
3340 1871 3522 1918 nostra
3558 1873 3621 1918 et
3663 1865 3857 1917 virtute

584 1967 709 2010 rum
736 1961 789 2009 ct
817 1964 1125 2010 sanctarum
1162 1954 1550 2009 exercitatione
1584 1955 1863 2009 virtutum.
1896 1954 2012 2009 Mox
2046 1956 2172 2009 sub-

583 2045 793 2117 iungit:
823 2045 1035 2115 Oportet
1063 2047 1358 2116 episwpnm
1389 2045 1887 2114 irrepreltensibilem
1915 2063 2043 2100 esse.
2079 2045 2173 2102 llic

589 2145 754 2190 tanta:
799 2136 912 2190 vult
947 2151 1065 2191 esse
1096 2136 1445 2205 perfectionis
1478 2137 1789 2207 epist-apum
1821 2146 1875 2192 ut
1905 2153 2042 2209 pene
2072 2155 2171 2193 ex-

555 2241 558 2244 ’
589 2234 675 2278 tra
703 2233 953 2279 naturam
982 2225 1230 2294 loquatur
1259 2224 1568 2294 Apostolus.
1594 2225 1727 2292 Quis
1756 2227 1898 2282 enim
1928 2228 1981 2282 in
2008 2242 2174 2283 carne

588 2316 939 2381 constitutus,
969 2324 1077 2368 tam
1100 2322 1256 2369 caute
1279 2315 1441 2379 vivet,
1472 2323 1577 2369 tam
1602 2331 1658 2370 se
1688 2315 1915 2371 sollicite
1939 2318 2176 2386 undique

588 2406 992 2475 circumspiciat
1019 2416 1078 2458 ut
1107 2405 1424 2474 reprehendi
1452 2405 1738 2476 aliquando
1768 2406 2047 2477 nequeat?
2081 2407 2169 2461 Vte

589 2499 678 2554 his
709 2499 799 2568 qui
845 2506 900 2551 et
934 2495 1429 2565 rcprehensibiliter
1456 2497 1676 2561 vivunt,
1719 2505 1774 2550 et
1802 2495 1977 2550 locum
2024 2496 2177 2551 irre-

586 2585 1033 2665 prehensibiliter
1057 2584 1265 2639 vivendi
1315 2586 1491 2640 adlmc
1538 2585 2011 2656 reprchensibilius
2046 2602 2176 2641 con-

591 2678 912 2747 cupiscunt!
943 2677 1019 2730 Ex
1049 2674 1135 2730 his
1175 2675 1430 2729 nimirum
1461 2678 1617 2745 sunt}
1638 2675 1753 2745 qui,
1799 2675 2179 2732 obliviscentcs

586 2770 842 2825 allectum
873 2768 1207 2839 cognationis
1231 2776 1286 2822 et
1314 2768 1524 2837 patriar,
1545 2778 1841 2836 sequuntur
1878 2775 2056 2822 castra
2088 2783 2179 2823 re-

588 2878 717 2933 gum
747 2875 844 2931 per
874 2861 1053 2930 ignota
1090 2868 1145 2914 et
1186 2857 1415 2914 barbara
1456 2874 1621 2928 regna
1669 2866 1964 2921 terrarum,
2012 2866 2067 2911 et
2111 2859 2178 2912 ad

588 2951 697 3008 hoc
741 2966 835 3006 eos
880 2948 1108 3019 impellit
1151 2946 1488 3018 pereuntium
1535 2947 1759 3001 ambitio
1807 2947 2128 3017 dignitatum
2163 2988 2178 3013 ,

592 3044 737 3111 quod
785 3048 1110 3108 extorquere
1155 3054 1260 3092 non
1308 3038 1482 3107 potuit
1542 3028 1840 3091 caelestium
1894 3036 2181 3105 promissio

596 3131 962 3201 praemiorum.

2275 1950 2475 2014 divina,
2511 1951 2672 2005 habet
2697 1952 2914 2020 quidem
2950 1953 3002 2005 in
3032 1966 3091 2006 se
3137 1961 3194 2006 ut
3224 1953 3474 2006 omnibus
3523 1953 3723 2022 prosit,
3775 1949 3857 2006 srd

2275 2042 2319 2097 si
2341 2042 2686 2109 nonbibitt'tr,
2716 2058 2820 2098 non
2849 2044 3112 2098 medetur.
3144 2043 3244 2111 Qtti
3274 2045 3405 2099 dicit
3429 2059 3557 2115 ergo
3588 2044 3738 2114 quod
3764 2059 3857 2097 non

2272 2147 2373 2203 pro
2394 2132 2557 2188 totius
2579 2134 2760 2187 mundi
2785 2133 3153 2204 redemptione
3173 2133 3425 2188 Salvator
3448 2135 3519 2189 sit
3541 2134 3853 2197 crucifixus,

2277 2239 2385 2279 non
2417 2224 2482 2278 ad
2510 2240 2718 2279 sacram
2742 2225 3015 2288 virtutem,
3048 2226 3144 2280 sed
3172 2225 3237 2279 ad
3259 2222 3614 2281 insanabilem
3644 2227 3854 2295 respicit

2276 2314 2569 2370 infidelium
2598 2332 2660 2370 ac.
2682 2316 3013 2385 perditorum
3038 2316 3314 2371 hominum
3338 2317 3665 2372 vanitatem.
3689 2320 3855 2385 Quart.

2278 2415 2392 2461 tum
2418 2423 2546 2479 ergo
2570 2409 2635 2463 ad
2662 2408 2764 2463 hoc
2794 2416 3017 2477 spectat,
3043 2410 3182 2479 quod
3206 2410 3298 2464 Dei
3325 2409 3492 2465 Filius
3512 2426 3848 2465 communem

2276 2506 2519 2552 nostram
2557 2506 2611 2552 Cl
2654 2507 2909 2552 naturam
2940 2500 3177 2569 SUSCCPil
3216 2511 3269 2554 οι
3315 2516 3556 2565 causam,
3609 2512 3853 2572 quantum

2278 2587 2441 2640 etiam
2473 2587 2705 2658 pertinet
2731 2588 2797 2642 ad
2835 2588 3074 2657 ejusdem
3107 2590 3265 2659 pretii
3295 2590 3546 2644 virtutem
3575 2598 3748 2662 atque
3771 2606 3853 2660 po-

2281 2675 2526 2740 tentiam,
2561 2674 2808 2731 Salvator
2831 2687 3015 2732 noster
3037 2678 3161 2746 jure
3199 2693 3296 2748 pro
3342 2680 3505 2734 totius
3550 2682 3740 2736 mundi
3780 2696 3852 2735 re-

2274 2763 2591 2833 demptione
2618 2766 2817 2821 dicitur
2841 2768 3155 2823 crucifixus.
3188 2769 3313 2835 Sed,
3359 2771 3489 2839 quia
3533 2771 3784 2839 plurimis
3808 2773 3851 2824 in

2281 2852 2558 2922 impietate
2601 2856 2944 2912 manentibus
2972 2873 3120 2912 mors
3160 2851 3361 2914 Christi
3409 2861 3725 2917 nullatenus
3746 2876 3851 2933 pro-

2281 2941 2403 3007 fuit,
2434 2944 2502 2998 ab
2531 2944 2649 3000 istis
2676 2947 2859 2999 mundi
2896 2948 3192 3017 redemptio
3221 2950 3415 3004 merito
3440 2950 3648 3005 dicitur
3674 2952 3853 3013 aliena,

2276 3049 2401 3104 qua:
2427 3045 2734 3090 sanctorum
2760 3045 2924 3107 atque
2946 3038 3240 3093 electorum
3268 3040 3360 3093 Dei
3403 3041 3666 3109 specialis
3695 3042 3853 3112 periti.

2281 3123 2441 3179 betur
2467 3133 2521 3178 et
2549 3126 2795 3195 propria,
2846 3141 2943 3182 nec
2989 3129 3210 3183 humani
3259 3131 3437 3207 meriti
3488 3135 3853 3205 praerogativa,

593 3258 654 3298 η.
686 3259 736 3296 η
766 3258 1020 3297 “mnu
1045 3257 1113 3296 AD
1141 3256 1192 3294 ν,
1241 3239 1351 3313 (εδ)
1387 3255 1698 3305 Episcopum,
1745 3256 1832 3294 um
1869 3255 2085 3295 mam“
2116 3255 2182 3293 DE
2210 3203 2254 3265 C
2286 3218 2380 3271 sed
2410 3218 2523 3271 sola
2556 3218 2849 3273 Salvatoris
2878 3230 2958 3273 est
2989 3221 3180 3290 gratia.
3224 3222 3514 3291 Apostolus
3542 3226 3695 3279 enim
3740 3240 3857 3293 pra:-

662 3328 917 3368 εριςτοωι
959 3326 1316 3376 TBXNSMUNDI,
1362 3326 1479 3373 QUAE
1507 3324 1737 3365 EPISCOPI
1780 3326 1940 3365 HUIUS
1965 3326 2180 3365 FUISSET

656 3398 869 3441 SIGILLO
900 3397 1145 3439 SIGNATA.

664 3501 803 3558 Sunt
825 3502 1043 3572 quidam
1066 3501 1379 3570 insipientes
1400 3505 1491 3572 qui
1514 3501 1695 3555 dicunt
1716 3501 1839 3571 quia
1854 3500 2185 3571 Redemptor

594 3601 781 3649 noster
808 3606 1144 3660 nequaquam
1166 3590 1235 3643 sit
1262 3606 1360 3660 pro
1384 3591 1555 3645 salute
1581 3605 1645 3645 ac
1676 3591 2042 3660 redemptione
2063 3606 2179 3645 omo

591 3683 745 3737 nium
779 3682 1055 3735 hominum
1088 3680 1378 3734 crucifixus
1403 3697 1418 3746 ;
1445 3682 1639 3750 quibus
1672 3695 1770 3735 nos
1806 3696 1906 3751 pro
1948 3689 2185 3751 tempore

597 3772 837 3827 breviter
869 3771 1253 3840 respondemus
1291 3771 1545 3838 quoniam
1576 3783 1762 3824 contra
1789 3770 1981 3825 vulnus
2012 3771 2179 3840 origi-

597 3862 738 3917 nalis
763 3861 993 3932 peccati,
1017 3846 1124 3931 quo
1157 3861 1209 3914 in
1258 3860 1430 3915 Adam
1460 3862 1780 3916 necessarize
1809 3861 1967 3915 morti
1997 3877 2186 3915 corru-

598 3960 692 4025 pta
735 3960 1054 4007 cunctorum
1092 3951 1369 4005 hominum
1410 3959 1603 4005 natura
1648 3952 1931 4006 succubuit
1974 3962 2028 4006 et
2074 3967 2188 4006 om-

599 4041 750 4096 nium
787 4041 1346 4110 concupiscentiarmn
1377 4042 1597 4096 morbus
1644 4041 1938 4096 insolenter
1986 4043 2182 4113 erupit,

598 4149 814 4197 verum,
850 4143 906 4188 et
936 4142 1129 4203 potens
1165 4148 1228 4188 ac
1260 4132 1536 4203 singulare
1570 4133 1864 4188 remedium
1895 4149 2041 4189 mors
2088 4150 2189 4188 no-

599 4225 700 4282 stri
730 4224 1025 4279 Salvatoris
1051 4223 1325 4288 occurrit;
1373 4224 1466 4293 qui
1512 4223 1767 4277 nimirum
1817 4223 1955 4278 liber
1984 4239 2013 4277 a
2046 4239 2189 4278 n.0r-

598 4317 674 4373 tis
699 4315 881 4370 debito
903 4356 917 4380 ,
944 4324 999 4370 et
1028 4314 1173 4369 solus
1217 4314 1422 4383 absque
1466 4322 1713 4383 peccato,
1749 4329 1846 4383 pro
1894 4315 2191 4384 peccatori-

598 4407 705 4463 bus
730 4407 865 4460 mori
909 4404 1100 4467 voluit,
1152 4412 1208 4457 et
1256 4417 1594 4472 nequaquam
1637 4404 1850 4458 debitor
1892 4419 1991 4473 pro
2034 4404 2190 4460 nobis

601 4497 797 4553 mortis
828 4497 1065 4550 debitum
1098 4494 1277 4549 solvit.
1307 4496 1578 4560 Quantum
1609 4510 1739 4565 ergo
1767 4497 1834 4549 ad
1859 4495 2188 4565 magnitudi-

598 4602 728 4644 nem
760 4596 817 4642 et
843 4585 1139 4656 potentiam
1162 4585 1343 4654 pretii,
1371 4592 1427 4639 et
1459 4594 1719 4654 quantum
1758 4584 1826 4639 ad
1847 4585 2066 4639 humani
2096 4601 2191 4657 ge-

602 4678 753 4732 neris
797 4678 1032 4749 pertinet
1075 4690 1329 4740 causam,
1379 4676 1598 4745 sanguis
1639 4676 1843 4731 Christi
1890 4677 2189 4749 redemptio

592 4768 774 4821 totius
797 4776 880 4823 est
905 4766 1109 4821 innndi.
1144 4764 1523 4821 Verumtamen
1546 4766 1638 4837 qui
1665 4766 1920 4821 saeculum
1947 4767 2050 4823 hoc
2069 4768 2186 4823 sine

603 4864 711 4916 ﬁde
738 4861 939 4916 Christi
988 4868 1044 4914 et
1079 4859 1505 4929 regenerationis
1533 4868 1876 4915 sacramento
1909 4870 2185 4929 pertrans-

603 4960 733 5005 ennt
762 4950 1149 5020 redemptionis
1174 4949 1333 5019 hujus
1352 4950 1640 5020 participes
1665 4965 1785 5004 esse
1809 4965 1915 5003 non
1938 4961 2181 5020 possunt.

604 5044 738 5098 Cum
766 5045 946 5114 itaque
970 5050 1189 5112 propter
1214 5056 1375 5096 unam
1405 5042 1645 5096 omnium
1669 5052 1915 5095 naturam
1947 5053 2001 5096 et
2022 5057 2185 5097 unam

599 5136 844 5190 omnium
875 5128 1103 5189 causam
1139 5148 1170 5186 a
1219 5132 1576 5201 Redemptore
1626 5140 1811 5185 nostro
1859 5131 1912 5185 in
1959 5132 2190 5186 veritate

600 5233 906 5295 susceptam
938 5237 1127 5278 omnes
1176 5230 1319 5276 recte
1362 5222 1615 5275 dicantur
1647 5234 1767 5274 esse
1810 5220 2091 5289 redempti,
2132 5230 2187 5274 et

605 5326 788 5371 tamen
820 5324 1039 5385 propter
1070 5300 1468 5383 improbitatem
1494 5327 1644 5367 suam
1673 5328 1777 5366 non
1808 5326 1998 5366 omnes
2027 5328 2057 5365 a
2090 5327 2185 5366 ca-

603 5407 858 5478 ptivitate
884 5408 993 5460 sint
1020 5406 1183 5468 eruti,
1214 5403 1401 5473 procul
1442 5404 1607 5457 dubio
1646 5403 2032 5471 redemptionis
2066 5418 2188 5472 pro-

602 5501 808 5570 prietas
837 5502 904 5553 ad
934 5499 1051 5554 illo;
1081 5499 1386 5567 specialiter
1431 5497 1664 5566 pertinet
1710 5497 1776 5551 de
1811 5498 2009 5566 quibus
2038 5499 2185 5567 prin-

603 5608 731 5661 ceps
760 5593 917 5660 hujus
944 5592 1129 5646 mundi
1165 5592 1360 5646 missus
1387 5599 1469 5644 cst
1501 5591 1667 5655 foras,
1706 5599 1765 5643 ut
1786 5589 1896 5657 jam
1929 5606 2033 5643 non
2062 5605 2187 5643 rasa

2287 3308 2429 3376 cepit
2459 3318 2517 3362 ut
2557 3324 2655 3378 pro
2697 3310 2947 3364 omnibus
2993 3310 3299 3365 hominibus
3329 3313 3684 3381 supplicetur,
3731 3314 3855 3385 quod

2286 3399 2493 3453 scilicet
2525 3401 2576 3453 in
2609 3402 2820 3454 cunctis
2858 3400 3114 3454 Ecelesiis
3168 3402 3491 3472 regulariter
3526 3408 3855 3466 custoditur;

2285 3506 2351 3545 ex
2382 3492 2575 3559 quibus
2606 3491 2808 3560 utique,
2837 3493 2981 3561 quod
3020 3491 3171 3545 multi
3208 3504 3440 3563 pereunt
3463 3536 3477 3557 ,
3518 3499 3851 3564 pereuntium

2285 3581 2471 3651 procul
2505 3582 2669 3636 dubio
2700 3583 2986 3648 meritum;
3037 3585 3179 3652 quod
3212 3585 3363 3638 multi
3410 3585 3717 3653 salvantur,
3764 3585 3855 3640 sal-

2286 3671 2463 3726 vantis
2488 3681 2570 3726 est
2615 3672 2832 3726 donum.
2867 3672 2937 3727 llt
2961 3674 3104 3727 enim
3138 3689 3260 3728 reus
3290 3675 3603 3740 damnetur,
3644 3676 3859 3742 inculpa-

2278 3764 2409 3819 bilis
2437 3766 2529 3820 Dei
2551 3765 2760 3835 justitia
2791 3774 2908 3827 est;
2940 3774 3000 3820 ut
3041 3774 3222 3820 autem
3256 3782 3382 3821 reus
3403 3766 3757 3838 justificetur,
3788 3771 3860 3820 in-

2286 3856 2790 3925 comprehensibilis
2816 3857 3012 3911 divinze
3039 3857 3345 3913 clementiae
3384 3862 3556 3929 gratia
3592 3870 3698 3917 est.
3744 3858 3858 3913 Nam

2287 3954 2342 3999 et
2365 3946 2711 4015 quamplures
2735 3947 3008 4001 exstitisse
3031 3958 3328 4002 noscuntur
3347 3950 3437 4018 qui
3459 3950 3712 4005 dicerent
3735 3947 3858 4018 quoi

2288 4034 2409 4089 ideo
2435 4036 2753 4103 quibusdam
2778 4036 3048 4104 Evangelii
3078 4038 3389 4107 praedicatio
3410 4041 3781 4103 subtrahatur,
3804 4052 3860 4091 ne

2288 4136 2537 4196 percepta
2575 4126 2666 4180 Dei
2699 4128 3082 4197 przedicatione
3115 4130 3407 4185 salventur.
3443 4129 3549 4185 Sed
3579 4132 3625 4186 si
3659 4129 3861 4200 probari

2287 4226 2467 4288 potest
2522 4219 2706 4287 quod,
2767 4234 2833 4272 ex
2878 4234 2985 4287 quo
3038 4220 3388 4290 Evangelium
3441 4235 3737 4276 coruscare
3779 4233 3863 4289 per

2289 4310 2546 4363 mundum
2578 4310 2760 4379 erepit,
2787 4324 2945 4363 nemo
2972 4325 3193 4380 prorsus
3221 4311 3510 4377 exstiterit,
3542 4312 3630 4365 cui
3667 4309 3857 4366 Christi

2291 4404 2463 4474 gratia
2492 4404 2734 4457 nuntiata
2767 4418 2872 4457 non
2897 4404 3082 4468 fuerit,
3108 4419 3215 4457 non
3248 4413 3395 4459 recte
3429 4403 3630 4459 dicitur
3654 4403 3863 4472 quiluis-

2293 4495 2415 4548 dam
2452 4496 2673 4549 tacitum
2700 4494 2843 4564 quod
2870 4494 3174 4549 ostenditur
3198 4495 3453 4549 omnibus
3476 4493 3858 4564 prasdicatum;

2295 4588 2533 4658 alioquin
2570 4587 2614 4641 si
2644 4587 2865 4657 reperiri
2895 4596 3119 4657 possunt
3155 4588 3427 4651 homines,
3466 4587 3666 4656 quibus
3708 4585 3862 4640 Eran-

2294 4681 2495 4753 gelium
2536 4681 2841 4736 nuntiatum
2871 4697 2974 4736 non
3019 4681 3220 4747 fuerit,
3263 4697 3370 4737 non
3410 4690 3591 4751 potest
3619 4681 3729 4735 dici
3763 4678 3863 4741 sine

2286 4770 2489 4840 judicio
2515 4770 2608 4824 Dei
2636 4771 2857 4825 factum.
2884 4770 3036 4837 Quod
3060 4779 3236 4827 tamen
3261 4770 3413 4827 nefas
3431 4780 3517 4826 est
3544 4772 3666 4826 ideo
3689 4772 3757 4825 ab
3780 4767 3862 4823 iic-

2290 4860 2432 4915 mine
2449 4860 2926 4931 reprehendi,qnia
2945 4876 3049 4917 nou
3066 4861 3456 4917 valetohumaua
3476 4862 3710 4917 scientia
3733 4872 3860 4914 com-

2286 4952 2570 5023 prehendi.
2604 4954 2964 5020 Quamobrem
2993 4964 3202 5010 rectum
3231 4956 3424 5025 judieii
3464 4965 3716 5011 tenemus
3750 4968 3860 5008 era—

2292 5059 2437 5109 men,
2474 5046 2519 5099 si
2552 5060 2649 5099 nee
2674 5047 2932 5103 adversus
2959 5047 3048 5102 Dei
3080 5056 3281 5103 statuta
3310 5048 3573 5118 conqueri
3595 5063 3725 5112 nur,
3744 5058 3859 5116 qum

2294 5136 2494 5192 deserit
2517 5139 2739 5194 meritos
2764 5139 2938 5195 deseri
2964 5158 2978 5206 ;
3007 5141 3232 5211 ejusque
3264 5141 3648 5197 misericordiae
3674 5139 3859 5209 gratias

2293 5230 2522 5299 agimus,
2554 5246 2657 5299 qua
2691 5232 2880 5286 liberat
2910 5232 3210 5287 immeritos
3241 5232 3478 5296 liberari,
3502 5232 3593 5302 qui
3622 5232 3856 5285 nimirum

2292 5329 2345 5373 et
2377 5321 2476 5389 ipsi
2524 5323 2574 5375 in
2604 5322 2898 5392 impietatis
2941 5338 3053 5379 sute
3095 5324 3457 5378 obstinatione
3502 5322 3856 5391 persisterest.

2292 5410 2393 5465 nisi
2425 5426 2521 5479 per
2541 5414 2945 5482 propensiorem
2976 5414 3396 5484 dispensationis
3421 5414 3624 5469 intimae
3644 5408 3856 5479 gratiam

2289 5501 2369 5554 eis
2395 5503 2654 5558 )letliator
2683 5505 2774 5558 Dei
2802 5515 2851 5559 et
2878 5506 3156 5560 hominum
3199 5505 3530 5568 subveniret,
3582 5502 3734 5572 cujus
3759 5509 3857 5567 pro-

2291 5592 2435 5649 facto
2463 5597 2863 5650 saeratissimns
2906 5597 3122 5666 sanguis
3168 5596 3333 5653 sicin
3379 5596 3630 5649 humana:
3683 5586 3854 5647 salutis

686 5730 797 5796 (5(1)
825 5727 1107 5782 Nonnullte
1142 5734 1353 5800 exstant
1504 5724 1645 5779 Petri
1791 5721 2050 5800 epistolte,
2087 5736 2195 5777 tum
2234 5725 2393 5782 etiam
2437 5729 2686 5800 opuscuia
2721 5732 2784 5786 ad
2819 5732 2879 5788 Υ.
2941 5730 3250 5799 episcopum
3281 5744 3293 5792 ;
3341 5729 3390 5781 in
3438 5725 3635 5795 quibus
3695 5733 3855 5777 tamen

606 5795 849 5871 prolixus
874 5802 958 5853 lzie
993 5807 1216 5864 tractus,
1252 5795 1553 5858 ttisi'fallot‘,
1592 5811 1695 5848 non
1726 5795 1938 5865 legitur.

2073 5944 2215 5970 σνέιιυί
2235 5960 2245 5966 .
