4078 6336
309 388 415 442 939
1246 384 1740 443 COLLECTANEA
1780 388 1872 444 EI
1903 387 2084 445 NOV'O
2124 390 2490 451 TESTAMEN
2507 397 2609 452 ΓΟ.
3456 399 3570 458 310.

308 511 644 557 sacramenta
677 483 944 580 promisit,
978 509 1035 555 ut
1076 486 1262 555 omnes
1290 501 1355 554 ad
1381 500 1605 570 gratiam
1627 500 1881 556 festinan-
1913 507 1955 560 Λ
1986 513 2240 572 verteret,
2273 517 2326 562 et
2352 510 2556 579 antiqui
2587 511 2785 580 piaculi
2806 503 2967 580 'peste
3000 523 3311 584 corruptum
3339 531 3440 586 per
3467 529 3554 575 re.

309 605 386 650 tes
413 596 674 660 ablueret,
706 596 1024 651 fermentum
1057 603 1208 649 vetus
1231 594 1283 647 iu
1316 595 1641 649 sinceritatis
1686 611 1873 666 azyma
1983 598 2346 664 generationis
2367 603 2593 666 gratiam
2623 603 2874 660 saeculum
2903 605 3201 661 inuovaret.

741 819 844 878 DE
882 815 1379 875 FRAGMENTO
1435 816 1536 874 ET
1600 811 1982 876 EPISTULA
2045 815 2431 890 SEQUENTI
2491 820 2669 882 MAI!
2732 819 3127 883 MONiTUM.

373 1065 752 1138 Fragmentum
780 1081 996 1138 sequens
1024 1080 1129 1138 non
1163 1073 1328 1138 exstat
1362 1061 1660 1138 in‘c‘pistofa
1693 1059 1756 1114 Β.
1785 1057 1931 1138 Petri
1964 1060 2210 1138 Damiani
2237 1065 2468 1138 edita_ad
2493 1064 2776 1120 Ilenrtcum
2807 1065 3244 1134 archiepiscopum
3283 1069 3562 1128 Ravenna-

303 1151 426 1203 tem,
459 1133 619 1206 neque
646 1139 699 1190 in
714 1133 962 1208 opusculo
992 1135 1060 1186 ad
1088 1135 1346 1196 eumdem,
1378 1134 1478 1208 nisi
1509 1133 1644 1208 forte
1669 1149 1814 1208 meus
1847 1134 2103 1208 aberravit
2128 1134 2656 1208 oculus.__Sumi‘ergo
2680 1139 2880 1190 ridetur
2897 1154 2960 1190 ex
2985 1133 3091 1190 alia
3115 1133 3229 1208 gnte
3253 1159 3353 1196 non
3391 1154 3562 1197 exstat

302 1203 615 1277 epistola-ad
638 1204 1238 1277 eumdem.Quanquam
1267 1219 1386 1255 vero
1413 1203 1497 1254 hic
1521 1203 1664 1277 locus
1719 1203 2154 1277 allucollectnnea
2209 1219 2272 1255 ea:
2327 1203 2473 1277 Nouo
2526 1205 2850 1260 Testamento
2897 1203 3150 1275 pertinere
3202 1227 3303 1261 non
3341 1215 3561 1274 videtur,

304 1272 643 1349 nihilominus
688 1294 718 1328 a
756 1291 834 1327 me
861 1273 1077 1349 libenter
1103 1273 1294 1349 editur,
1327 1282 1434 1349 tum
1467 1273 1590 1349 quia
1608 1273 1661 1324 in
1712 1272 1887 1349 codice
1928 1273 2268 1349 continenter“
2287 1275 2550 1349 scribitur,
2581 1279 2864 1349 “(ingnia
2898 1272 3210 1349 doctrinam
3263 1280 3324 1332 de
3365 1272 3563 1349 azymis

304 1349 526 1401 continet
561 1346 800 1398 idoneam
844 1343 1167 1409 explicaudrv
1221 1341 1277 1393 S.
1317 1337 1544 1412 doctoris
1597 1343 1886 1412 sententia',
1941 1343 2193 1412 quantum
2230 1341 2454 1395 Cononis
2502 1337 2816 1412 expositione
2848 1362 2990 1398 num.
3020 1346 3072 1405 ‘2.
3130 1349 3280 1400 dixit.
3318 1349 3397 1402 Ibi
3427 1337 3563 1404 inim

303 1418 496 1471 Petrus
522 1415 722 1470 Latina:
751 1408 997 1465 Ecclesiae
1023 1414 1328 1465 sententiam
1352 1411 1418 1484 de
1442 1411 1642 1476 azymis
1670 1421 1848 1462 tuetur
1874 1421 2052 1461 contra
2071 1408 2329 1484 ,εἶναιτοῖὶ
2349 1414 2437 1484 qui
2471 1408 2573 1466 non
2616 1415 2899 1484 dogmatis,
2929 1417 3016 1467 sed
3048 1417 3283 1470 historici
3311 1421 3459 1484 facti,
3507 1431 3563 1474 ut

301 1486 717 1539 controversistw
733 1484 1112 1554 demonstrant,
1139 1481 1704 1554 errorefermentatum
1727 1496 1914 1554 {zz-gnto
1945 1479 2253 1546 pra’ferunt.
2274 1479 2386 1554 _Ilic_
2409 1479 2581 1534 autem
2611 1479 2798 1536 Petrus
2824 1486 3091 1554 utriusque
3120 1479 3320 1552 speciei
3339 1479 3564 1543 calorem

304 1566 442 1628 recte
507 1554 713 1606 asserit.
751 1550 960 1628 ——--.Ncc
989 1551 1194 1620 quidem
1225 1549 1286 1603 S.
1317 1549 1461 1601 Petri
1487 1548 1738 1602 Damiani
1763 1550 1830 1601 ad
1862 1548 2156 1600 Burconem
2183 1551 2442 1620 _cpistola,
2491 1569 2648 1621 quant
2698 1548 3025 1622 subjicimus,
3063 1557 3116 1608 in
3145 1548 3274 1625 'ejus
3323 1561 3563 1628 operibus

297 1626 456 1678 editis
487 1639 739 1693 apparere
763 1622 982 1674 videtur.

434 1758 524 1813 DE
544 1750 1010 1810 FERMENTATO
1030 1748 1124 1804 AN
1141 1747 1376 1804 POSSlT
1399 1747 1718 1804 OFFERRl.
1924 1753 1971 1811 Β
1999 1763 2160 1816 equus
2184 1747 2462 1802 terribilem
2493 1750 2685 1805 habens
2705 1711 2988 1818 sessorem,
3007 1755 3212 1822 optinus
3235 1759 3565 1825 operimentis

305 1848 371 1903 In
393 1846 610 1919 epistola
639 1845 706 1898 ad
735 1843 1018 1897 Henricum
1041 1840 1386 1893 Ravennatem
1417 1839 1881 1906 archiepiscotmm.

379 1940 531 1994 Sicut
553 1939 695 1992 enim
725 1935 856 1989 nihil
885 1935 1108 1987 interest
1139 1931 1190 1984 in
1223 1929 1492 1984 sacriﬁcio
1534 1930 1717 1982 vinum
1749 1927 1882 1982 olle-

306 2046 494 2086 ramus
521 2045 587 2082 an
614 2035 870 2088 mustum,
901 2024 975 2077 ita
999 2029 1157 2092 prout
1192 2021 1322 2074 mihi
1363 2020 1575 2074 videtur
1626 2019 1765 2074 idem
1799 2027 1885 2073 est

307 2120 394 2175 vel
438 2119 820 2174 fermentatum
851 2114 1046 2168 offerre
1081 2113 1165 2166 vel
1216 2127 1497 2184 azymum;
1538 2112 1693 2180 panis
1741 2111 1884 2165 enim

305 2213 396 2267 ille
416 2213 568 2265 vivus
595 2211 685 2280 qui
707 2211 771 2263 de
795 2207 932 2261 coelo
962 2204 1484 2267 descendit,sicutse
1510 2218 1605 2271 per
1634 2200 1885 2255 frumenti

305 2304 561 2374 speciem,
591 2304 660 2355 ita
693 2297 1042 2353 nihilominus
1064 2295 1234 2350 voluit
1261 2295 1423 2348 etiam
1461 2293 1766 2362 significare
1788 2308 1886 2362 per

306 2395 496 2448 vitem.
540 2390 683 2456 Nisi,
747 2389 940 2457 inquit,
996 2400 1220 2457 granum
1289 2383 1535 2452 frumenti
1581 2382 1771 2434 cadens
1823 2382 1878 2432 in

310 2497 500 2540 terram
540 2494 801 2536 mortuum
830 2479 1006 2548 fuerit,
1037 2477 1202 2545 ipsimi
1242 2475 1410 2528 solum
1441 2482 1632 2526 manu.
1669 2472 1737 2525 Et
1766 2487 1884 2524 rur-

304 2589 404 2628 sus
427 2592 441 2628 :
466 2573 576 2642 Ego
594 2589 708 2624 sum
733 2570 844 2624 ritis
882 2583 1020 2622 cera.
1047 2565 1291 2619 Sufﬁciat
1314 2579 1442 2632 ergo
1471 2563 1600 2616 mihi
1627 2561 1892 2615 duntaxat

305 2663 500 2717 offerre
529 2662 613 2715 vel
642 2661 784 2730 quod
807 2675 874 2714 ex
904 2659 1176 2710 frmucnto
1205 2656 1508 2717 conficitur,
1541 2653 1624 2707 vel
1655 2652 1796 2722 quod
1819 2667 1887 2704 ex

306 2753 418 2807 vite
449 2752 782 2820 producitur,
812 2764 912 2802 nec
941 2748 1246 2801 incuriosus
1282 2745 1496 2814 inquiro
1519 2755 1700 2796 utrum
1731 2743 1887 2810 panis

310 2843 363 2894 in
402 2856 578 2895 massa
605 2840 808 2895 crudus
835 2846 1079 2892 servatus
1130 2836 1200 2890 sit
1249 2851 1420 2904 usque
1475 2834 1601 2887 dum
1651 2832 1891 2900 potuerit

307 2934 648 2997 fermentari,
675 2932 757 2986 vel
790 2932 951 2985 etiam
985 2938 1219 2982 mustum
1245 2941 1308 2981 eo
1336 2941 1505 2995 usque
1527 2925 1599 2978 sit
1627 2925 1680 2978 in
1714 2924 1886 2978 timna

311 3025 671 3089 reconditum,
699 3025 866 3078 donec
896 3024 950 3076 in
990 3021 1096 3074 viui
1130 3019 1365 3089 potuerit
1395 3017 1628 3070 transire
1658 3016 1889 3070 vocabu-

311 3117 442 3170 lum.
477 3117 582 3171 Sed
632 3117 755 3184 quia
806 3114 962 3169 nobis
1011 3114 1098 3167 hic
1130 3125 1233 3165 non
1269 3122 1352 3165 est
1381 3110 1444 3163 de
1478 3110 1562 3163 his
1611 3109 1886 3177 disputare
1913 3135 1956 3195 C

306 3206 663 3276 prapositum,
693 3205 805 3258 hate
833 3203 952 3256 aliis
987 3198 1263 3254 tractanda
1295 3198 1668 3266 relinquimus.

486 3293 778 3350 BUCCONI
805 3291 983 3346 FlLlO
1009 3285 1379 3344 KARISSIMO
1404 3285 1728 3340 PETRUS.’

381 3383 778 3442 Consuleudum
803 3398 889 3435 me
912 3380 1065 3433 duxit
1091 3378 1308 3432 dilectio
1336 3385 1421 3429 tua
1451 3386 1631 3429 utrum
1657 3375 1783 3429 boni
1815 3390 1882 3428 an

309 3477 438 3532 ntali
463 3477 636 3545 angeli
669 3475 774 3528 sint
796 3490 892 3543 per
922 3487 1057 3541 quos
1083 3469 1427 3538 omnipotens
1469 3466 1611 3522 Deus
1663 3475 1884 3537 peccata

311 3570 737 3640 delinquentium
765 3567 941 3629 feriat,
975 3575 1030 3620 et
1049 3566 1162 3618 sive
1189 3562 1484 3630 repentinae
1533 3562 1739 3624 mortis,
1773 3564 1886 3615 sive

307 3659 598 3728 cujuslibet
629 3657 904 3711 infortunii
931 3654 1104 3708 soleat
1157 3653 1401 3722 irrogare
1430 3651 1746 3704 vindictam.
1803 3649 1886 3703 Ad

310 3749 453 3819 quod
481 3746 720 3818 profecto
753 3745 926 3800 facilis
955 3751 1101 3812 patet
1126 3751 1177 3796 et
1203 3749 1387 3810 aperta
1418 3739 1724 3807 responsio;
1758 3753 1884 3791 nam

310 3839 355 3892 si
385 3854 536 3893 sacra
563 3837 844 3906 Scriptura
871 3835 1155 3903 diligenter
1201 3831 1521 3893 attenditur,
1555 3838 1885 3898 per’utrum-

310 3947 416 4001 que
444 3933 779 3986 diversorum
810 3929 1093 3998 spirituum
1123 3940 1291 3994 genus
1340 3923 1475 3976 ultio
1528 3921 1668 3983 ﬁeri,
1727 3927 1886 3990 prout

313 4039 556 4080 summus
585 4022 887 4077 decreverit
913 4017 1149 4079 Arbiter,
1179 4016 1468 4069 invenitur.
1505 4013 1575 4067 Ut
1619 4020 1798 4065 autem
1832 4011 1885 4063 in

310 4105 371 4169 re
395 4109 673 4185 perspicua
702 4113 1010 4168 succinctus
1042 4123 1220 4164 sermo
1255 4122 1356 4160 non
1399 4107 1620 4166 haereat,
1651 4103 1883 4157 Sodoma

309 4219 410 4273 per
461 4205 633 4257 bonos
688 4201 912 4271 angelos
958 4208 1040 4253 est
1071 4198 1359 4259 subversa;
1389 4209 1513 4248 nam
1565 4194 1607 4246 si
1657 4191 1888 4244 fuissent

309 4294 595 4351 contrarize
622 4291 988 4353 fortitudines,
1017 4304 1110 4342 eos
1141 4288 1332 4341 beatus
1369 4283 1508 4338 Loth
1539 4297 1637 4336 nec
1663 4281 1884 4334 adoras-

311 4393 413 4447 set,
444 4398 543 4436 nec
567 4390 896 4444 reverenter,
929 4387 986 4431 ut
1013 4377 1230 4447 legitur,
1269 4373 1499 4442 hospitio
1538 4370 1882 4439 suscepisset.

1989 1839 2347 1906 adornatum;
2402 1842 2544 1912 isque
2597 1859 2713 1896 cum
2778 1845 2997 1912 impetu.
3021 1845 3308 1901 Heliodoro
3363 1853 3562 1920 priores

1988 1930 2157 1985 calces
2201 1931 2357 1997 elisit,
2383 1936 2475 2004 qui
2495 1945 2668 1989 autent
2719 1937 2768 1990 ei
2805 1938 3061 1991 insidebat
3099 1941 3372 1996 videbatur
3412 1961 3562 2000 arma

1987 2020 2178 2075 habere
2203 2039 2389 2077 aurea.
2437 2025 2543 2078 Alii
2580 2027 2737 2080 etiam
2789 2040 3144 2096 apparuerunt
3184 2031 3287 2084 duo
3324 2034 3564 2102 juvenes,

1988 2111 2176 2164 virtute
2205 2114 2402 2178 decori,
2431 2116 2612 2185 optimi
2640 2116 2828 2186 gloria,
2853 2121 3171 2190 speciosique
3205 2126 3432 2190 amictu;
3478 2144 3565 2196 qui

1985 2205 2439 2258 circumsteterunt
2465 2224 2604 2274 eum,
2636 2218 2682 2261 et
2707 2225 2771 2262 ex
2793 2220 3012 2279 utraque
3037 2223 3185 2280 parte
3221 2215 3563 2284 ﬂagellabant

1987 2293 2097 2345 sine
2124 2294 2527 2359 intermissione,
2559 2296 2736 2350 multis
2765 2298 2934 2367 plagis
2985 2301 3325 2356 verberantes.
3381 2303 3565 2361 Subito

1990 2393 2162 2436 autem
2199 2383 2518 2439 Heliodorus
2562 2390 2786 2441 concidit
2815 2390 2869 2442 in
2910 2401 3102 2443 terram
3141 2406 3359 2462 euntque
3400 2397 3566 2450 multa

1988 2470 2210 2539 caligine
2229 2473 2604 2542 circumfusum
2633 2487 2939 2542 rapuerunt,
2970 2489 3122 2548 atque
3159 2481 3213 2533 in
3245 2482 3374 2535 sella
3393 2495 3566 2554 gesta-

1987 2562 2119 2613 toria
2152 2563 2447 2630 impositum
2476 2566 2758 2634 ejeceruut.

2059 2650 2210 2716 Quod
2234 2661 2413 2707 autem
2441 2671 2536 2724 per
2564 2658 2822 2725 reprobos
2870 2661 3032 2715 etiam
3087 2665 3313 2732 spiritus
3360 2665 3565 2741 ﬂagella

1989 2757 2084 2795 sua
2117 2744 2253 2798 Deus
2279 2747 2585 2803 horninibus
2609 2750 2829 2814 inferat,
2854 2750 3134 2823 Scriptura
3165 2759 3361 2826 smpius
3388 2763 3566 2816 mani-

1985 2827 2178 2895 festat;
2209 2849 2332 2887 nam
2361 2844 2416 2888 et
2444 2836 2665 2905 spiritus
2692 2839 2866 2894 malus
2886 2856 3068 2909 regem
3112 2846 3238 2898 Saul
3272 2847 3564 2915 invaserat,

1988 2922 2079 2989 qui
2121 2937 2320 2978 vesano
2343 2939 2466 2980 eum
2525 2927 2706 2984 furore
2738 2934 2997 2997 vexabat;
3031 2943 3086 2988 et
3138 2935 3303 2991 Salan
3349 2941 3572 2996 beatum-

1986 3010 2086 3066 Job
2114 3027 2218 3068 non
2255 3018 2428 3071 solum
2467 3017 2520 3072 in
2551 3035 2798 3089 corpore,
2833 3023 2925 3077 sed
2961 3024 3093 3078 etin
3119 3024 3348 3082 ﬁliorum
3373 3045 3565 3099 percu-

1990 3102 2053 3157 lit
2093 3106 2349 3162 orbitate.
2385 3111 2600 3164 Diemon
2627 3113 2793 3167 etiam
2841 3113 3181 3182 Asmodteus,
3212 3121 3354 3174 sicut.
3395 3137 3567 3177 saera:

1986 3191 2226 3249 historia:
2257 3199 2427 3252 series
2450 3202 2664 3267 astruit,
2705 3213 2911 3272 septem
2967 3205 3118 3260 Sara:
3161 3209 3412 3279 Raguelis
3445 3213 3566 3269 lilia:

1985 3283 2130 3335 viros
2158 3286 2372 3341 occidit.
2417 3287 2569 3344 Unde
2614 3293 2875 3361 scriptum
2917 3303 3003 3348 est
3055 3298 3180 3364 quia
3235 3299 3450 3355 immisit
3508 3305 3563 3356 in

1985 3389 2068 3426 eos
2096 3375 2529 3444 indignationem,
2552 3391 2598 3433 et
2622 3381 2757 3434 iram
2788 3393 2834 3435 et
2863 3385 3208 3442 immissioues
3228 3407 3319 3457 per
3348 3395 3564 3462 angelos

1985 3463 2174 3518 malos.
2205 3463 2430 3521 Constat
2460 3485 2588 3540 ergo
2612 3472 2736 3541 quia
2762 3488 2858 3542 per
2894 3484 3172 3547 utrosque,
3201 3479 3370 3535 bonos
3416 3486 3562 3538 scili-

1987 3566 2072 3608 cet
2095 3572 2158 3610 ac
2183 3559 2369 3624 malos,
2401 3563 2620 3631 angelos
2645 3565 2709 3619 de
2740 3567 2896 3621 nobis
2919 3568 3353 3640 divinzejustitize
3383 3587 3560 3632 motus

1987 3645 2291 3712 ulciscitur,
2325 3651 2468 3705 sicut
2512 3653 2597 3707 his
2627 3659 2694 3708 et’
2727 3654 2970 3724 pluribus
3011 3659 3130 3714 aliis
3183 3664 3323 3717 sacri
3364 3665 3590 3736 cloquii'

1991 3736 2312 3792 testimoniis
2345 3743 2694 3809 approbatur.
2725 3744 2830 3800 Sed
2862 3747 2986 3815 quia
3019 3764 3206 3806 omnes
3257 3754 3565 3824 hujusmodi

1987 3826 2236 3882 vindicta:
2265 3836 2319 3883 et
2348 3832 2843 3890 animadversiones
2863 3837 3057 3892 divinae
3085 3845 3367 3898 sententia:
3399 3861 3563 3914 ange-

1987 3918 2105 3973 licis
2133 3921 2578 3978 administrantur
2602 3927 2896 3996 obsequiis,
2922 3930 2974 3982 in
3004 3931 3168 3986 solius
3211 3945 3294 3988 est
3319 3936 3413 3992 Dei
3441 3953 3564 3992 om-

1988 4013 2282 4080 nipotentis
2337 4017 2586 4084 arbitrio,
2633 4022 2849 4088 quando
2896 4037 2994 4090 per
3030 4023 3219 4087 bonos,
3280 4031 3564 4096 quandove

1986 4118 2083 4172 per
2108 4105 2277 4160 malos
2301 4108 2519 4177 angelos
2543 4110 2693 4164 (iant.
2725 4109 2857 4164 Nam
2894 4122 2952 4166 ut
2982 4128 3088 4167 non
3145 4131 3242 4184 per
3273 4117 3563 4191 longinqua

1988 4197 2303 4267 divagctnur
2324 4201 2597 4269 exempla:
2629 4203 2788 4256 beata
2819 4203 3031 4258 Czecilia
3072 4205 3196 4260 boni
3251 4211 3426 4276 angeli
3477 4227 3564 4265 est

1989 4290 2316 4346 comminata
2369 4292 2625 4356 furorem,
2660 4303 2714 4348 et
2750 4295 2906 4348 beata
2963 4306 3170 4368 martyr
3217 4299 3393 4369 Agnes
3435 4303 3562 4358 mali

1989 4381 2163 4450 angeli
2215 4381 2410 4437 factam
2442 4385 2686 4452 perhibet
2715 4385 2994 4440 ultionem.
3027 4387 3128 4440 llla'
3157 4390 3353 4460 quippe
3401 4392 3562 4446 Vale-

313 4472 558 4534 Obsecro,
589 4471 683 4532 ait,
717 4468 931 4531 domini,
950 4466 1204 4519 declinata
1223 4466 1274 4516 in
1303 4464 1514 4516 domum
1540 4459 1687 4528 Ρυθνί
1714 4456 1883 4520 tam»
1917 4482 1964 4540 ι)
1992 4471 2145 4524 riauo
2171 4486 2368 4540 sponso
2397 4471 2711 4528 denuntiat:
2739 4474 3001 4544 Angelum
3020 4475 3111 4530 Dei
3144 4456 3315 4532 habeo
3352 4492 3564 4535 amato-
3590 4513 3592 4515 -

311 4574 360 4616 et
393 4571 593 4615 manete
631 4561 719 4614 ibi.
762 4559 852 4612 Ille
875 4571 1089 4627 quoque
1118 4554 1360 4623 angelus,
1407 4551 1498 4622 qui
1551 4549 1886 4618 septuaginta

311 4652 480 4705 millia
503 4650 761 4711 virorum,
796 4646 960 4700 David
986 4644 1240 4714 populum
1286 4650 1626 4703 numerante,
1659 4653 1887 4708 percus-

309 4741 403 4802 sit,
434 4739 615 4807 procul
648 4739 811 4792 dubio
833 4738 1007 4792 boans
1035 4733 1150 4789 fuit.
1192 4735 1265 4786 De
1315 4747 1422 4800 quo
1475 4731 1756 4799 Scriptura
1801 4729 1883 4784 sic

309 4829 508 4884 refert:
546 4827 790 4896 Angelus,
827 4825 1104 4895 inquiens,
1147 4822 1357 4876 Domini
1393 4823 1634 4890 prwcepit
1671 4819 1785 4873 Gad
1825 4828 1881 4871 ut

311 4919 503 4973 diceret
542 4916 732 4980 David,
760 4925 809 4969 et
846 4914 1186 4978 ascenderet,
1235 4921 1525 4967 exstrueret
1555 4911 1726 4964 altare
1770 4909 1879 4963 Do-

309 5009 453 5061 mino
478 5006 583 5061 Deo
613 5010 666 5062 in
693 5023 815 5061 area
841 5005 1024 5062 Oruan
1049 5004 1300 5059 Iebuscei.
1332 5004 1514 5074 Neque
1540 5005 1684 5058 enim
1714 5002 1886 5057 altare

310 5095 429 5150 ﬁeri
472 5097 790 5165 reprobatns
843 5095 1067 5164 spiritus
1121 5094 1403 5164 Pr0pltet:e
1457 5093 1798 5164 praciperct,
1833 5102 1888 5146 et

311 5185 401 5239 ille
429 5185 654 5239 devotus
684 5185 962 5240 humiliter
990 5184 1254 5239 obediret.
1300 5185 1471 5239 Porro
1513 5195 1692 5238 autem
1723 5194 1778 5238 et
1810 5184 1886 5237 illi

311 5273 486 5342 angeli
517 5275 892 5339 sanetierant,
945 5276 1034 5343 qui
1089 5275 1231 5328 sicut
1277 5275 1328 5327 in
1391 5275 1625 5328 secundo
1676 5273 1886 5328 Macha-

308 5363 548 5419 bzeorum
569 5365 704 5419 libro
719 5367 943 5420 dicitur:
964 5364 1306 5420 Heliodorum
1323 5367 1460 5418 sacri
1473 5365 1647 5434 templi
1676 5365 1887 5418 molien-

312 5465 414 5506 tem
439 5455 648 5524 auferre
668 5457 914 5524 pecunias
956 5466 1338 5524 percusserunt,
1390 5473 1606 5525 cumque
1643 5455 1887 5508 terribili-

313 5545 409 5595 bus
438 5541 602 5613 plagis
633 5545 878 5614 affectum
920 5561 990 5598 .ac
1037 5546 1266 5599 ctecitate
1312 5544 1590 5598 multatum
1631 5553 1884 5613 tauquam

314 5644 580 5688 mortuum
629 5635 984 5689 reddiderunt.
1033 5636 1108 5690 De
1163 5636 1360 5705 quibus
1421 5635 1697 5696 nimirum,
1748 5636 1887 5688 sicut

315 5724 594 5794 Scriptura
627 5729 987 5796 prosequitur,
1015 5730 1258 5796 apparuit
1286 5727 1410 5792 illis,
1441 5721 1638 5795 inquit,
1669 5726 1880 5797 quidam

1994 4577 2131 4624 rem,
2159 4563 2248 4632 qui
2283 4563 2448 4617 nimio
2485 4564 2862 4620 zeloeustodit
2897 4581 3092 4636 corpus
3120 4583 3327 4633 meum;
3379 4571 3487 4636 hic,
3517 4573 3564 4625 si

1992 4655 2076 4708 vel
2103 4654 2292 4709 leviter
2318 4659 2548 4710 senserit
2574 4656 2715 4725 quod
2748 4663 2802 4709 tu
2853 4671 2938 4710 me
2984 4657 3188 4726 polluto
3224 4653 3406 4713 amore
3437 4675 3564 4714 con-

1992 4749 2187 4819 tingas,
2235 4749 2417 4802 statim
2451 4749 2593 4803 circa
2626 4758 2676 4802 te
2723 4747 2960 4804 furorem
3013 4763 3167 4802 suum
3223 4750 3464 4818 exagitat
3511 4762 3568 4805 ct

1989 4843 2204 4896 amittes
2232 4841 2416 4895 florem
2443 4841 2764 4909 gratiss’mze
2791 4850 2893 4893 tuae
2929 4838 3250 4909 juventutis.
3282 4839 3388 4894 Ista
3433 4856 3565 4895 vero

1989 4931 2116 4985 dicit
2145 4932 2397 5001 praefecto
2431 4930 2498 4985 de
2526 4929 2634 4983 filio
2655 4930 2773 4998 ejus
2800 4928 2868 4982 ab
2896 4929 3082 4996 iniquo
3115 4927 3306 4996 spiritu
3362 4930 3559 4998 ιιι-τεῖο-

1989 5028 2146 5074 cato:
2178 5019 2266 5072 ille
2293 5019 2482 5089 inquit,
2501 5018 2653 5087 cujus
2682 5017 3011 5071 voluntatem
3043 5017 3256 5071 volebat
3280 5020 3563 5086 perﬁcere,

1992 5112 2104 5180 ipse
2147 5110 2199 5163 in
2239 5125 2361 5164 cum
2415 5115 2735 5178 potestatem
2793 5107 3028 5176 accepit.
3070 5106 3347 5162 Manifesta
3395 5112 3566 5181 igitur

1991 5201 2124 5255 Novi
2175 5215 2239 5255 ac
2282 5199 2490 5256 Veteris
2533 5198 2879 5254 lnstrumemi
2920 5199 3241 5252 auctoritate
3293 5200 3563 5271 colligitur

1991 5291 2132 5360 quod
2165 5292 2397 5345 vindicta
2425 5291 2616 5344 divina:
2643 5289 3127 5344 animadversionis
3153 5305 3256 5345 non
3287 5294 3444 5346 modo
3467 5309 3564 5362 per

1992 5383 2180 5446 malos,
2206 5382 2298 5437 sed
2331 5396 2426 5450 per
2457 5382 2623 5434 bonos
2652 5379 2816 5434 etiam
2846 5379 3064 5449 angelos
3084 5381 3389 5436 exhibetur.
3428 5381 3563 5434 Nam
3590 5395 3594 5399 '

1989 5486 2041 5531 et
2072 5472 2456 5546 paterfamilias
2485 5472 2750 5540 quispiam
2780 5481 2835 5525 ct
2855 5470 2998 5525 feras
3026 5472 3169 5543 capit
3197 5481 3250 5526 et
3297 5472 3445 5527 fures
3464 5487 3559 5527 ex-

1992 5569 2160 5637 pellit.
2185 5565 2470 5635 aliquando
2491 5580 2584 5634 per
2599 5563 2829 5626 catulos,
2860 5564 3151 5633 aliquando
3179 5579 3274 5634 per
3303 5565 3558 5619 domesti-

1989 5675 2083 5712 eos
2113 5671 2274 5710 virus.
