4108 5342
479 321 581 378 9i!

480 460 1949 495 Μ

761 629 1540 790 OPERUM
1655 633 1812 786 S.

1099 321 1160 374 S.
1189 321 1392 377 PETRI
1417 301 1701 380 DABIIANI
1724 325 1874 381 OPP.
1908 325 2144 383 TOMUS
2183 325 2314 383 SEU
2367 324 2548 383 PARS
2593 327 2681 382 IV.
2705 327 3090 384 ~PROLEG.

1935 636 2508 786 PETRI
2613 631 3354 790 DAMIAN
3362 640 3424 788 Ι

3627 324 3732 378 912

3059 465 3712 494 rm

1952 468 3098 499 ΞΜ

1589 905 1668 963 ΙΝ
1728 904 2114 966 EDITIONE
2175 905 2566 968 CAJE'I‘ANI

1130 1123 1879 1266 TOMUS
2077 1127 3093 1304 QUARTUS

1885 1427 2336 1473 COMPLECTEXS

1046 1573 1690 1690 CARMINA
1789 1572 2234 1684 SACRA
2337 1574 2519 1685 ET
2635 1576 3215 1691 PRECES.

1151 1889 1959 1984 PRIVILEGIUM
2037 1887 2390 1978 PAULI
2469 1888 2804 1978 PAPIE
2871 1893 2988 1983 V.

478 2225 483 2233 .
518 2177 731 2234 Pauws
777 2188 915 2244 papa
961 2172 1005 2228 ν
1046 2171 1244 2228 dilecto
1286 2171 1397 2228 tilio
1436 2174 1815 2230 Consrm'rnvo
1865 2173 2024 2232 ϐμε-
2058 2183 2100 2240 Α
2133 2173 3552 2246 tioneizicurrendis,anctoritate§apostolica,tenore
3580 2187 3719 2242 pra:-

445 2281 611 2332 τωο,
643 2267 1006 2339 Syracusano,
1031 2262 1295 2319 monacho
1325 2264 1498 2319 sancti
1523 2262 1722 2320 Nicolai
1756 2265 1822 2320 de
1848 2266 2029 2322 Arena

447 2357 786 2422 Catanensis,
813 2352 1247 2426 congregationis
1275 2350 1606 2421 Casinensis,
1625 2354 1830 2410 ordinis
1854 2357 2028 2412 sancti

445 2447 740 2505 Benedicti.
1308 2453 1312 2455 ’

516 2537 722 2593 Dilecte
746 2536 846 2600 ﬁli,
871 2536 1099 2593 salutem
1122 2546 1176 2593 et
1199 2535 1550 2608 apostolicam
1577 2536 2024 2595 benedictionem.

447 2629 582 2684 Cum
615 2634 693 2693 tu,
723 2627 866 2684 sicut
894 2627 1220 2698 accepimus,
1277 2626 1452 2696 Opera
1502 2624 1563 2680 Β.
1608 2626 1754 2681 Petri
1780 2627 2024 2682 Damiani

447 2721 508 2778 S.
536 2721 602 2776 Β.
638 2720 702 2776 Ε.
737 2719 1051 2788 cardinalis,
1081 2721 1318 2791 episcopi
1342 2718 1630 2788 Ostiensis,
1657 2721 1901 2777 editurus
1928 2721 2025 2787 sis,

441 2828 564 2884 quae
593 2827 699 2868 non
726 2812 843 2867 sine
870 2811 1363 2867 ecclesiasticarum
1397 2812 1702 2867 litterarum
1731 2812 2026 2868 detrimen-

444 2915 505 2960 to
535 2903 589 2958 in
618 2900 858 2956 tenebris
887 2901 1034 2956 varie
1060 2898 1283 2969 disjecta
1305 2899 1581 2970 jacebant,
1611 2911 1810 2972 tuaque
1840 2900 2027 2954 lauda-

437 2995 536 3050 bili
559 3008 747 3066 opera,
781 2993 966 3048 labore
994 3001 1049 3048 et
1076 2991 1377 3064 diligentia,
1411 3009 1519 3049 una
1561 3009 1681 3049 cum
1724 2993 1846 3048 aliis
1877 3009 2025 3049 com-

439 3085 686 3156 pluribus
744 3083 1239 3140 ecclesiasticorum
1287 3086 1613 3155 scriptorum
1657 3085 2023 3140 monumentis

437 3192 507 3232 ex
528 3175 712 3231 multis
734 3173 1072 3232 bibliothecis
1093 3175 1393 3244 conquisita
1431 3184 1485 3229 et
1519 3174 1744 3230 collecta
1782 3172 2021 3238 fuerunt,

437 3277 496 3323 et
541 3267 747 3324 idcirco
794 3265 885 3322 fel.
933 3268 1145 3321 record.
1201 3264 1452 3320 Clemens
1493 3263 1602 3319 VIII
1654 3265 2022 3334 praedecessor

438 3367 648 3425 noster,
676 3357 857 3414 studio
881 3357 1026 3413 bene
1050 3356 1291 3410 mercedi
1312 3355 1377 3411 de
1405 3356 1679 3426 republica
1707 3355 2018 3411 Christiana

437 3462 496 3508 et
525 3451 818 3523 apostolica
848 3451 999 3514 sede,
1031 3447 1185 3517 cujus
1211 3448 1408 3504 nobilis
1445 3464 1575 3519 pars
1631 3451 1880 3521 egregius
1929 3450 2018 3506 hic

2133 2270 2367 2326 sentium
2384 2268 2755 2322 interdicimus
2775 2277 2830 2322 et
2844 2267 3184 2324 inhibemus:
3213 2283 3277 2323 ne
3297 2283 3393 2339 per
3408 2266 3717 2338 quindecim

2133 2373 2306 2413 annos
2330 2374 2358 2411 a
2390 2359 2513 2412 data
2541 2359 2887 2427 praesentium
2931 2358 3339 2427 computandos,
3377 2357 3612 2427 primum
3636 2364 3716 2408 to-

2131 2466 2276 2505 mum
2310 2448 2545 2519 Operum
2571 2447 2632 2501 B.
2659 2447 2805 2502 Petri
2837 2449 3082 2504 Damiani
3107 2463 3138 2504 a
3164 2457 3216 2504 te
3238 2449 3462 2512 editum,
3483 2456 3537 2500 et
3575 2446 3715 2501 alios

2131 2537 2369 2609 singulos
2390 2553 2419 2591 a
2444 2546 2495 2591 te
2515 2537 2770 2602 edendos,
2794 2537 3082 2593 dummodo
3101 2552 3331 2594 omnesa
3348 2536 3604 2608 magistro
3626 2551 3714 2589 sa-

2129 2629 2206 2686 cri
2226 2628 2406 2700 palatii
2422 2627 2701 2698 approbati
2717 2628 2954 2697 sint,per
2969 2630 3188 2684 totidem
3203 2643 3466 2683 annorum
3480 2628 3713 2699 spatium

2129 2722 2197 2776 ab
2212 2719 2633 2790 uniuscujusque
2646 2734 2831 2774 eorum
2845 2722 3080 2776 editione
3091 2719 3713 2789 numerandum,absque

2130 2821 2217 2865 tua
2243 2810 2458 2866 licentia
2484 2811 2820 2881 imprimere,
2851 2811 3025 2866 aliove
3053 2813 3208 2867 titulo
3240 2813 3326 2866 vel
3360 2811 3556 2879 forma,
3583 2826 3714 2882 quo-

2125 2905 2211 2958 vis
2234 2913 2502 2974 prmtextu
2535 2913 2789 2971 mutatos,
2821 2905 2904 2961 vel
2928 2906 3035 2960 alio
3075 2921 3398 2977 quocunque
3452 2906 3712 2960 idiomate

2126 3009 2315 3050 versos
2348 2995 2532 3063 edere,
2586 2996 2670 3051 vel
2723 2997 2800 3052 sic
2850 2998 3022 3054 editos
3064 2998 3322 3065 vendere,
3362 3013 3457 3053 seu
3492 2995 3713 3051 venales

2125 3085 2328 3140 habere
2348 3087 2583 3141 audeant
2613 3086 2695 3143 vel
2725 3097 3073 3157 prmsumant.
3109 3089 3425 3144 Mandantes
3472 3088 3694 3142 univer-

2125 3177 2198 3231 sis
2224 3186 2277 3232 et
2301 3178 2526 3249 singulis
2552 3180 2949 3235 venerabilibus
2972 3180 3230 3235 fratribus
3254 3181 3451 3236 nostris
3473 3180 3707 3250 patriar-

2122 3267 2262 3333 chis,
2291 3269 2735 3340 archiepiscopis,
2787 3271 3057 3341 episcopis
3103 3279 3157 3327 et
3188 3271 3309 3326 aliis
3349 3270 3589 3325 locorum
3618 3285 3709 3326 0r-

2123 3356 2371 3423 dinariis,
2403 3357 2616 3428 legatis,
2647 3359 2978 3430 vicclcgatis,
3015 3359 3490 3431 gubernatoribus,
3526 3368 3704 3428 potes-

2121 3448 2344 3512 tatibus,
2368 3459 2426 3502 et
2452 3449 2574 3504 aliis
2602 3447 2940 3514 ollicialibus,
2969 3459 3029 3503 ut
3051 3451 3264 3519 quando
3289 3461 3342 3504 et
3367 3452 3580 3520 quoties
3608 3465 3703 3520 per

437 3543 628 3596 doctor
655 3541 958 3605 exstiterat,
990 3540 1216 3595 Romam
1249 3551 1302 3596 te
1331 3551 1652 3608 vocaverat;
1689 3558 1832 3597 nunc
1855 3556 2014 3608 vero,
2049 3529 2095 3590 Β
2125 3544 2174 3590 te
2208 3536 2292 3589 vel
2323 3546 2412 3590 tuo
2436 3536 2650 3590 nomine
2681 3536 2882 3591 fuerint
2913 3539 3180 3607 requisiti,
3215 3539 3489 3609 praemissa
3517 3549 3700 3594 contra

439 3631 717 3700 aspirantc
749 3629 929 3684 divina
961 3630 1154 3701 gratia,
1188 3631 1397 3702 primus
1424 3640 1602 3687 tomus
1624 3631 1902 3688 absolutus
1926 3633 2016 3698 sit,

439 3738 506 3777 ac
527 3730 638 3778 tres
665 3721 902 3792 reliquos
930 3731 984 3778 te
1001 3722 1276 3778 editurum
1300 3723 1611 3794 propediem
1656 3738 1874 3794 speres;
1897 3739 2015 3791 nos,

438 3812 533 3882 qui
562 3811 754 3867 doctas
783 3812 993 3883 piorum
1018 3821 1074 3868 et
1095 3813 1435 3868 eruditorum
1459 3813 1738 3867 hominum
1763 3811 2014 3866 lucubra-

434 3903 615 3960 tiones
639 3903 924 3975 complecti
947 3904 1202 3977 pastorali
1233 3905 1501 3961 charitate
1529 3913 1776 3960 tenemur
1821 3913 1876 3960 et
1905 3914 2016 3959 stu-

434 3995 524 4050 dia
557 3993 863 4064 hujusmodi
897 3996 1204 4068 promoveri
1226 3997 1281 4053 in
1313 3996 1542 4054 Domino
1583 4004 1924 4066 emptamus,
1959 4004 2016 4050 ut

433 4097 546 4140 tam
575 4086 784 4154 primus
814 4087 1006 4142 horum
1027 4085 1264 4160 Operum
1294 4097 1474 4144 tomus
1503 4088 1618 4160 jam
1669 4087 1808 4158 typis
1846 4102 2015 4142 excu-

427 4192 546 4242 sus,
573 4193 736 4247 quam
766 4179 948 4235 caeteri
976 4195 1098 4234 cum
1128 4179 1486 4247 excudentur,
1520 4179 1719 4236 sinceri
1753 4188 1810 4234 et
1831 4194 2015 4234 emen-

427 4267 540 4321 dati
564 4267 850 4338 prodeant,
888 4284 1064 4339 neque
1082 4269 1403 4340 cujusquam
1456 4270 1664 4324 incuria
1704 4279 1798 4325 aut
1825 4268 2014 4325 fraude

427 4359 724 4414 adulterari
751 4359 833 4415 vel
859 4359 1175 4416 labefactari
1209 4361 1438 4430 possint,
1482 4376 1628 4417 ιιοτυ
1666 4376 1910 4425 morare,
1942 4377 2012 4415 ετ

423 4468 493 4506 nx
556 4468 733 4506 cum
783 4467 988 4507 nosrna
1055 4468 1342 4516 senas-ru,
1399 4455 1649 4510 omnibus
1690 4464 1746 4509 et
1785 4453 2013 4524 singulis

422 4543 623 4599 Christi
654 4542 918 4607 fidelibus,
951 4543 1251 4612 praesertim
1273 4543 1536 4599 librorum
1566 4544 2009 4616 impressoribus,

422 4649 490 4689 ac
528 4631 834 4702 bibliopolis
858 4633 1050 4702 quovis
1075 4633 1294 4688 nomine
1319 4634 1659 4702 nuncupatis,
1689 4644 1794 4689 tam
1819 4633 1873 4688 in
1909 4633 2009 4688 Ur-

422 4725 569 4780 bcet
603 4725 654 4779 in
686 4725 936 4779 universa
965 4724 1171 4779 ditione
1220 4733 1276 4779 et
1303 4723 1438 4780 locis
1465 4724 1524 4780 S.
1562 4724 1627 4778 ll.
1673 4726 1734 4781 E.
1777 4724 2011 4779 mcdiate

426 4813 516 4869 vel
542 4815 855 4869 immediate
879 4814 1140 4885 subjectis
1165 4832 1178 4868 :
1203 4815 1303 4870 sub
1329 4815 1744 4885 quingentorum
1787 4815 2009 4870 ducatu-

2123 3626 2495 3681 inubedicntes
2524 3637 2886 3696 exsequantur
2905 3637 2960 3684 et
2987 3629 3266 3685 observari
3296 3628 3522 3694 faciant,
3555 3631 3701 3684 invo-

2122 3728 2243 3775 cato
2274 3719 2341 3773 ad
2373 3718 2497 3782 hoc.
2525 3719 2568 3775 si
2596 3735 2730 3790 opus
2759 3719 2940 3784 fuerit,
2961 3720 3160 3775 auxilio
3182 3720 3388 3776 brachii
3407 3721 3697 3776 szecularis.

2119 3809 2236 3867 Non
2305 3811 2648 3868 obstantibus
2711 3813 3183 3869 constitutionibus
3236 3822 3291 3868 et
3346 3813 3698 3869 ordinationi-

2119 3899 2220 3956 bus
2250 3902 2584 3972 apostolicis,
2612 3918 2676 3958 ac
2705 3902 2923 3958 statutis
2946 3902 3521 3981 el‘consuctudinibus,
3543 3899 3698 3971 jura-

2119 4006 2328 4059 mento,
2355 3993 2770 4049 confirmatione
2783 3992 3098 4062 apostolica,
3125 3993 3208 4047 vel
3231 3993 3419 4062 quavis
3441 3992 3695 4047 ﬁrmitate

2118 4083 2223 4139 alia
2261 4085 2560 4151 roboratis;
2593 4084 2886 4155 privilegiis
2906 4099 3141 4154 quoque,
3167 4083 3388 4139 indultis
3420 4093 3474 4138 et
3501 4081 3696 4136 litteris

2118 4175 2449 4245 apostolicis,
2481 4175 2759 4246 quibusvis
2784 4175 3031 4245 personis
3052 4173 3453 4244 quomodolibet
3473 4186 3693 4228 conces-

2117 4272 2194 4328 sis
2219 4283 2274 4326 et
2301 4272 2656 4327 confirmatis.
2688 4270 2895 4337 Quibus
2927 4269 3178 4324 omnibus
3204 4268 3415 4322 illorum
3456 4276 3692 4327 tenores.

2121 4379 2185 4418 ac
2213 4365 2257 4418 si
2282 4364 2348 4418 ad
2383 4365 2603 4418 verbum
2629 4362 3022 4426 inscrerentur,
3061 4359 3420 4429 prazsentibus
3464 4373 3560 4428 pro
3595 4371 3690 4410 ex-

2114 4454 2316 4525 pressis
2349 4454 2626 4517 habentes,
2662 4466 2760 4520 pro
2786 4453 2885 4505 hac.
2913 4451 3031 4506 vice
3055 4451 3318 4504 duntaxat
3339 4451 3654 4519 derogamus
3678 4487 3692 4509 ,

2115 4546 2430 4614 exterisque
2455 4543 2744 4597 contrariis
2769 4543 3197 4612 quibuscunqne.
3231 4539 3488 4596 Volumus
3514 4549 3690 4592 autem

2115 4645 2174 4689 ut
2209 4635 2555 4705 praesentium
2603 4632 2905 4687 litterarum
2947 4632 3231 4702 exemplis,
3275 4632 3436 4686 etiam
3473 4631 3524 4684 in
3566 4627 3693 4699 ipsis

2112 4725 2474 4780 voluminibus
2515 4724 2810 4794 impressis,
2855 4724 3043 4777 eadem
3080 4722 3278 4790 ubique
3326 4722 3460 4775 fides
3493 4719 3690 4772 habea-

2113 4827 2220 4885 tur,
2249 4833 2369 4888 quze
2400 4817 2528 4886 ipsis
2553 4815 2911 4887 prmsentibus
2932 4815 3241 4877 haberetur,
3272 4813 3316 4866 si
3339 4813 3514 4866 forent
3535 4809 3690 4864 exhi-

419 4919 547 4962 rum
596 4905 738 4972 auri,
780 4920 1012 4960 camera:
1043 4905 1351 4976 apostolica:
1393 4905 1863 4976 applicandorum,
1906 4920 2007 4959 nec
2035 4887 2080 4949 (ἶ
2115 4911 2238 4964 bitac
2261 4887 2343 4963 vel
2373 4917 2622 4963 ostensze.
2661 4907 2852 4961 Datum
2889 4904 3075 4960 Romae
3115 4903 3256 4980 apud
3301 4900 3360 4956 S.
3420 4899 3681 4962 Marcum,

1414 5010 1602 5020 .-Α-..σν-
1651 5010 1808 5024 run-nm
1841 4993 2004 5026 οιῖσιιη

2113 5001 2213 5028 θυι.
2251 4997 2450 5028 ηηηι-Ιη
2476 4995 2771 5028 biennio-dc
2827 4993 2914 5028 Αἶα
2939 5009 3050 5028 ιιι-ιι
3084 4990 3300 5028 Annuch
3332 4988 3468 5028 tam}
3513 4988 3686 5022 *⁸⁵⁵⁵³-
