4108 5342
379 257 484 314 915

382 391 1519 420 M-

1626 262 2036 322 TESTIMONIA
2076 267 2372 326 lNDiGNA.

1530 407 2628 435 _._______________

3519 286 3650 342 9η.

2629 423 3620 457 ..____.____________

1285 513 1641 577 ELOGIUM
1705 519 1810 579 DE
1873 524 1934 581 S.
1971 524 2236 587 PETRO
2296 528 2692 593 DAMIANO.

445 670 768 737 Bernartius,
798 674 902 726 sive
950 675 1120 743 potius
1166 674 1465 742 Bertoldus,
1504 677 1766 748 presbyter
1817 678 1957 734 Cou-

2059 694 2408 751 testimonium
2457 715 2574 768 cap.
2627 717 2657 754 x
2704 704 2786 756 sui
2835 703 3059 758 alterius

370 761 671 816 stantieusis
695 804 710 827 ,
752 763 804 816 in
842 762 971 816 libro
1025 764 1099 818 De
1129 765 1339 820 vitanda
1368 770 1941 824 excommunicatorum

372 854 756 908 communione.

445 941 637 998 Petrus
664 943 934 1010 Damiani,
965 947 1066 1016 pice
1097 948 1392 1012 memoriae,
1425 948 1715 1006 cardinalis
1742 949 1948 1018 ep'isco-

370 1047 473 1102 pus
503 1044 706 1090 sanctze
745 1036 996 1093 Romana:
1026 1039 1300 1106 Ecclesiae,
1332 1056 1507 1096 Αιτειι
1539 1056 1869 1098 utenoavuus
1893 1059 1943 1096 Ia

370 1141 580 1182 nosrno
618 1142 879 1184 TEMPOBE.
922 1131 1052 1186 llcec
1093 1131 1416 1201 Bernardus,
1469 1135 1556 1204 qui
1608 1133 1746 1190 idem
1789 1135 1943 1206 dfert

955 1423 1098 1511 DE
1174 1418 1545 1512 FESTO
1620 1421 1816 1508 DIE
1886 1422 1978 1510 S.

3097 705 3216 759 libri
3265 707 3626 775 Decretorum,

2056 787 2196 855 apud
2227 803 2319 842 nos
2348 805 2446 845 ms.
2487 787 2945 848 Eminentissimus
2972 812 3172 866 quoque
3203 798 3486 853 cardiualis
3520 798 3629 854 Ba-

2055 877 2234 932 ronius
2266 880 2446 934 eadem
2481 891 2707 936 veterum
2739 884 3048 953 scriptorum
3075 888 3384 941 auctoritate
3417 889 3627 956 ductus,

2051 969 2313 1039 egregium
2339 973 2575 1027 eumdem
2614 984 2845 1028 nostrum
2882 975 3144 1031 doctorem
3197 978 3507 1034 comoellare
3541 996 3628 1037 so-

2049 1061 2184 1117 lebat
2209 1063 2586 1140 Hieronymum
2619 1064 2914 1125 Juniorem.

2042 1423 2397 1510 PETRI
2482 1420 3036 1510 DAMIANI.

1159 1615 1416 1686 DOMINI
1455 1615 1915 1674 CONSTANTINI
1953 1618 2281 1676 CAIETAM
2336 1615 2802 1674 ΡΒᾹΞΜΟΝΙῚΊΟ.

1800 1805 2177 1829 ——-

440 1917 635 1972 Festus
660 1915 773 1970 dies
800 1914 972 1973 sancti
993 1915 1140 1972 Petri
1169 1917 1413 1977 Damiani
1443 1918 1508 1974 ab
1536 1918 1946 1976 immemorabili
1980 1927 2022 1986 Β
2050 1934 2154 1990 que
2185 1920 2238 1974 iu
2265 1920 2475 1986 eodem,
2500 1920 2600 1976 sub
2645 1921 2832 1976 eadem
2879 1935 2987 1992 qua
3037 1935 3197 1991 supra
3239 1920 3324 1974 die
3367 1919 3622 1976 vicesima

365 2017 613 2078 turupore
641 2008 865 2064 solemni
893 2011 998 2064 ritu
1025 2011 1315 2080 quotannis
1355 2011 1660 2067 celebratur
1691 2021 1802 2068 tum
1843 2012 1948 2068 Ra-

361 2117 581 2166 venum,
616 2111 726 2156 tum
757 2117 854 2172 per
873 2117 1063 2159 omnes
1092 2103 1226 2160 alias
1255 2103 1532 2160 Flaminiae
1553 2105 1789 2176 regionis
1817 2107 1950 2163 civi-

364 2201 508 2247 tates
559 2201 616 2248 et
666 2193 782 2248 loca
835 2208 1065 2263 quorum
1114 2195 1359 2250 ecclesia:
1419 2195 1593 2250 eidem
1647 2194 1948 2253 Ravennati

362 2285 597 2339 subsunt
648 2283 1081 2355 metropolitano.
1132 2285 1284 2342 Unde
1341 2288 1632 2357 quotannis
1671 2289 1832 2342 etiam
1879 2290 1947 2345 ab

362 2377 678 2431 earumdem
738 2376 1017 2432 civitatum
1075 2376 1392 2447 praesulibus
1439 2378 1492 2432 in
1538 2378 1741 2434 Ordine
1778 2379 1945 2434 divini

364 2464 527 2520 oﬂicii
564 2467 704 2537 typis
734 2466 1018 2537 impresso,
1059 2468 1198 2523 inter
1225 2477 1440 2524 sanctos
1469 2469 1604 2524 alios
1644 2468 1945 2524 caelestium

363 2560 653 2629 Spirituum
667 2559 800 2614 Albo
820 2561 1107 2629 ascriptos,
1131 2559 1319 2615 doctor
1341 2560 1480 2614 idem
1500 2560 1748 2630 egregius
1762 2574 1948 2615 recen-

365 2660 539 2704 setur.
597 2649 662 2704 Et
707 2651 924 2720 quidem
987 2652 1059 2706 ibi
1123 2652 1202 2707 sic
1248 2652 1516 2706 habetur:
1560 2650 1945 2706 Kalendarium

365 2750 566 2794 sancta:
597 2741 1011 2810 metropolitana:
1057 2741 1514 2812 archiepiscopalis
1561 2742 1792 2796 ecclesiae
1840 2740 1948 2795 Ra-

366 2846 568 2892 venua',
596 2829 809 2899 ejusque
841 2831 1103 2891 dioecesis.
1132 2830 1526 2884 eminentissimi
1550 2840 1597 2884 et
1627 2831 1947 2885 reverendis-

361 2919 484 2973 simi
513 2919 732 2984 domini,
763 2920 826 2973 ι).
851 2920 1051 2990 Aloysii
1077 2917 1134 2974 S.
1159 2920 1223 2973 R.
1249 2920 1318 2973 E.
1361 2921 1642 2974 cardinalis
1669 2920 1950 2990 Capponii,

361 3009 599 3078 ejusdem
645 3021 841 3064 sancta:
894 3008 1207 3064 Ravennatis
1256 3009 1507 3064 Ecclesitz
1569 3010 1945 3080 archiepiscopi

356 3102 517 3172 jussu
548 3101 763 3155 editum.
798 3101 973 3171 Atque
1002 3102 1053 3155 in
1082 3101 1270 3156 eodem
1312 3101 1636 3158 Kalendario
1676 3102 1776 3157 sub
1804 3103 1944 3158 vice-

363 3190 505 3246 sima
546 3193 706 3245 tertia
753 3191 838 3246 die
893 3193 1094 3247 mensis
1134 3193 1414 3248 Februarii
1466 3194 1538 3247 ita
1593 3194 1944 3249 decernitur:

2050 2012 2207 2068 tertia
2237 2013 2438 2068 mensis
2467 2011 2771 2079 Februarii,
2797 2013 2898 2068 hoc
2916 2012 3078 2067 etiam
3106 2010 3262 2067 modo
3287 2010 3623 2088 decernitur:

2049 2100 2193 2158 Petri
2221 2102 2468 2156 Damiani
2512 2102 2736 2172 episcopi
2779 2113 2828 2156 et
2876 2101 3212 2171 confessoris,
3251 2118 3311 2155 ac
3353 2099 3621 2155 Fauentia

2045 2195 2370 2264 protectoris,
2401 2193 2608 2259 Duplex
2629 2193 2819 2262 majus.
2846 2192 3112 2248 Lectiones
3144 2193 3300 2262 primi
3336 2193 3572 2245 nocturni
3601 2204 3621 2242 :

2046 2283 2245 2340 Fidelis
2275 2300 2474 2341 sermo.
2513 2283 2739 2339 Secundi
2768 2301 2786 2338 :
2816 2283 2967 2339 Beati
3005 2283 3202 2338 Patris.
3257 2282 3450 2341 Tertii:
3476 2282 3621 2352 Vigi-

2046 2375 2172 2444 lale,
2198 2394 2316 2430 cum
2370 2376 2570 2431 ca'teris
2593 2375 2658 2428 de
2683 2376 2948 2429 communi
3001 2374 3358 2444 confessorum
3402 2371 3618 2443 ponti/i-

2045 2485 2182 2522 cum.
2216 2466 2372 2522 Nona
2401 2467 2553 2521 lectio
2577 2466 2792 2520 homilia
2817 2475 2864 2520 et
2892 2465 3310 2520 commemoratio
3337 2463 3484 2534 ferite
3503 2478 3524 2518 :
3557 2462 3646 2516 In"

2047 2560 2208 2630 ofﬁcio
2240 2558 2371 2614 nihil
2405 2558 2464 2627 fit
2489 2558 2552 2612 de
2573 2557 2748 2628 vigilia
2777 2557 2944 2611 sancti
2973 2555 3233 2611 Matthiae.
3265 2553 3423 2609 Color
3446 2553 3617 2608 albus.

2047 2649 2213 2705 Missa
2253 2666 2273 2705 :
2322 2649 2654 2706 Sacerdotes.
2699 2647 2943 2704 Secunda
2994 2647 3171 2701 oratio
3238 2645 3416 2717 ferite,
3467 2643 3622 2715 cujus

2044 2741 2364 2812 evangelium
2401 2743 2592 2811 legitur
2611 2741 2664 2795 in
2701 2739 2827 2808 ﬁne.
2856 2737 3053 2802 Tertia,
3099 2737 3164 2792 de
3211 2735 3390 2806 vigilia
3439 2733 3622 2789 Sancti

2047 2835 2284 2888 Matthiae
2311 2833 2554 2904 prtefatio
2592 2829 3048 2901 Quadragesimal.
3085 2828 3153 2883 In
3181 2828 3422 2883 secundis
3446 2841 3620 2894 vespe-

2047 2923 2120 2977 ris
2149 2921 2570 2976 commemoratio
2615 2921 2780 2990 ferite.
2815 2918 2904 2973 Fit
2928 2917 3186 2988 processio
3210 2917 3265 2971 in
3303 2917 3508 2970 civitate
3551 2931 3620 2968 ex

2045 3021 2181 3069 voto.
2217 3013 2342 3068 Hmc
2365 3029 2428 3070 ex
2462 3013 2776 3068 Ravennate
2813 3020 2868 3066 et
2903 3009 3200 3066 Faventina
3243 3007 3521 3072 Ecclesiis,
3558 3015 3618 3060 ut

2043 3114 2099 3160 et
2125 3107 2176 3160 in
2200 3104 2411 3160 (ueteris
2442 3102 2681 3173 ejusdem
2721 3101 3013 3171 provincia:
3045 3099 3396 3156 ecclesiarum
3423 3095 3617 3152 Kalen-

2045 3197 2230 3259 dariis,
2256 3211 2376 3266 qua:
2427 3211 2526 3252 nos
2573 3195 2852 3250 brevitatis
2884 3207 3047 3248 causa
3075 3207 3220 3247 nunc
3249 3189 3617 3261 praeterimus,

361 3279 513 3334 Petri
541 3279 789 3336 Damiani
811 3282 1035 3350 episwpi
1059 3293 1104 3336 et
1130 3283 1440 3351 confessoris
1477 3281 1810 3349 Ravennatis,
1840 3284 1942 3338 du-
1972 3274 2016 3335 C
2048 3287 2112 3343 de
2164 3287 2360 3342 divinis
2407 3285 2702 3342 honoribus
2753 3292 2862 3339 tam
2914 3284 2970 3338 in
3019 3282 3197 3338 σωοῑο
3251 3279 3638 3337 ecclesiastico

356 3370 500 3440 plex,
531 3360 630 3439 fuit
677 3372 811 3428 lteri.
858 3371 924 3426 In
971 3373 1140 3440 primo
1189 3384 1463 3438 nocturno,
1515 3373 1838 3438 Laudemus,
1867 3372 1938 3428 In

357 3459 587 3513 secundo
618 3470 894 3522 nocturno,
921 3460 1068 3514 Beati
1098 3460 1307 3526 Patris,
1338 3472 1390 3515 ut
1427 3462 1480 3516 in
1509 3460 1785 3515 Communi
1813 3478 1940 3516 cou-

355 3551 615 3620 [essorum
639 3550 965 3619 pontiﬁcum.
1004 3550 1072 3604 In
1102 3553 1252 3605 tertio
1297 3563 1571 3618 nocturno,
1606 3551 1854 3622 Vigilate,
1880 3560 1935 3604 ut

356 3641 412 3691 in
446 3640 625 3692 eodem
658 3639 972 3706 Communi,
1027 3657 1164 3694 nona
1207 3640 1379 3705 lectio,
1423 3651 1471 3695 et
1512 3642 1932 3695 commemoratio

357 3733 528 3800 ferite.
555 3731 738 3786 Oratio
763 3749 856 3802 pro
891 3744 1069 3789 sancto
1100 3749 1119 3790 :
1148 3734 1353 3789 Exaudi
1383 3751 1402 3789 :
1443 3731 1678 3803 Vespera:
1707 3733 1771 3788 de
1797 3751 1935 3802 pra:-

357 3824 578 3886 cedenti,
618 3824 1033 3877 commemora:io
1071 3825 1347 3894 sequentis.
1381 3823 1477 3877 llis
1503 3824 1710 3878 accedit
1737 3823 1936 3878 Kalen-

357 3913 568 3966 darium
596 3912 904 3968 Faventiure
931 3915 1201 3978 Ecclesiae,
1232 3915 1334 3972 sub
1365 3916 1515 3970 hisce
1535 3917 1713 3971 verbis
1746 3936 1758 3970 :
1794 3915 1938 3972 Ordo

358 4002 526 4055 divini
558 4003 712 4072 ofﬁcii
751 4004 1029 4068 recitandi,
1059 4004 1344 4073 missasque
1373 4003 1665 4058 celebrandi
1678 4006 1836 4075 juxta
1867 4007 1940 4059 ri-

355 4099 471 4142 tum
533 4089 790 4144 Breviarii
844 4101 892 4144 et
938 4089 1172 4146 Missalis
1224 4091 1468 4157 Romani,
1509 4094 1563 4146 in
1613 4093 1849 4148 Ecclesia
1889 4104 1935 4149 et

357 4180 570 4234 dioecesi
623 4178 943 4247 Faventino,
981 4181 1374 4236 eminentissimi
1425 4183 1624 4236 domini
1657 4182 1724 4236 D.
1759 4181 1938 4237 Fran-

355 4272 504 4329 cisci,
535 4268 596 4324 S.
656 4270 723 4324 R.
773 4270 837 4324 E.
895 4271 1178 4342 presbyteri
1233 4271 1540 4335 cardinalis,
1586 4273 1726 4326 tituli
1763 4273 1934 4327 sancti

357 4358 622 4426 Marcelli,
653 4361 885 4429 ejusdem
912 4361 1135 4416 civitais
1166 4362 1391 4433 episcOpi
1416 4361 1574 4432 jussu
1597 4363 1782 4416 editus.
1832 4360 1930 4417 At-

2044 3392 2206 3447 quam
2252 3385 2599 3432 sacrosancto
2623 3375 2802 3430 missa:
2851 3372 3116 3428 sacrificio
3162 3371 3324 3426 Pet-ro
3372 3367 3634 3423 Damiani-

2042 3467 2188 3520 ultro
2215 3465 2487 3531 exhibitis,
2506 3481 2534 3518 a
2553 3473 2800 3533 tempore
2815 3461 2967 3530 cuius
2993 3461 3254 3517 memoria
3279 3475 3388 3514 nou
3412 3464 3611 3514 exstat.

2041 3557 2194 3623 Quod
2231 3571 2336 3610 non
2377 3557 2494 3611 sine
2514 3555 2835 3610 auctoritate
2865 3552 3092 3609 Romani
3116 3550 3386 3621 pontiﬁcis
3410 3548 3631 3604 factum.

2038 3647 2205 3701 fuisse
2232 3645 2375 3699 nullo
2401 3654 2557 3716 pacto
2583 3644 2815 3699 dubitari
2837 3640 3158 3714 potest.Qua
3188 3641 3253 3696 de
3282 3653 3339 3695 re
3361 3637 3615 3694 eumdem

2040 3735 2260 3790 Petrum
2304 3735 2549 3790 Dalniani
2573 3734 2640 3788 ab
2670 3733 2860 3788 eodem
2904 3731 3152 3788 Romano
3178 3729 3432 3802 pontiﬁce
3460 3742 3616 3782 sauc-

2042 3840 2222 3886 torum
2247 3845 2470 3885 numero
2498 3829 2790 3898 ascriptum
2818 3827 3089 3881 exstitisse
3121 3834 3232 3878 tum
3273 3837 3339 3877 ex
3383 3821 3465 3876 his
3492 3833 3621 3891 qua:

2038 3924 2200 3979 modo
2233 3923 2488 3985 diximus,
2518 3931 2628 3974 tum
2659 3936 2726 3974 ex
2759 3918 2880 3972 aliis
2905 3933 3024 3988 qua:
3049 3913 3388 3972 tomotertio
3409 3914 3613 3982 egregii

2037 4014 2276 4084 ejusdem
2309 4013 2546 4067 doctoris
2585 4011 2819 4082 Operum
2849 4009 3246 4082 przelibavimus
3269 4047 3284 4071 ,
3319 4015 3432 4060 tum
3463 4006 3615 4060 deni-

2037 4119 2142 4176 que
2166 4119 2231 4158 ex
2258 4103 2440 4158 multis
2467 4103 2586 4158 aliis
2611 4102 2944 4172 argumentis
2986 4114 3106 4170 (una:
3135 4098 3189 4153 in
3223 4098 3467 4152 eamdem
3495 4111 3609 4150 rem

2040 4197 2310 4251 adducere
2338 4210 2644 4264 possumus,
2681 4194 2801 4263 iure
2840 4191 3062 4261 optimo,
3107 4198 3165 4242 ut
3195 4186 3633 4249 concludamus,_

2039 4301 2217 4359 operae
2243 4288 2470 4357 pretium
2498 4295 2598 4340 est.

359 4509 3619 4544 W

1313 4637 2056 4730 TESTIMONIA
2116 4633 2622 4726 INDIGNA

263 4847 272 4852 '
356 4843 441 4901 De
478 4839 788 4902 laudabili
811 4842 874 4902 S.
908 4839 1084 4899 Petri
1121 4837 1413 4897 Damia-ni
1447 4836 1716 4915 Operam
1773 4833 2217 4972 defatigatione
2269 4849 2308 4890 a
2345 4828 2569 4891 domno
2608 4827 3019 4888 Constantino
3054 4824 3350 4902 Cajetano
3400 4818 3613 4881 abbate

1824 4929 1982 4972 arces
2016 4931 2033 4972 ι
2067 4931 2128 4972 α.

1821 4929 2128 4992 prcesttta.
