4078 6336
450 218 561 280 535
636 222 641 233 '

1300 240 1357 293 8.
1401 243 1603 299 PETRI
1644 247 1930 305 DAMlANl
1980 254 2129 308 OPP.
2170 256 2402 312 TOMUS
2442 258 2571 315 SEU
2609 261 2787 317 PARS
2824 263 2915 317 Π.

3603 266 3727 323 913

445 342 649 443 ⁴²⁰¹¹¹¹¹ξξ
680 343 851 402 ἓῖέῗτί
881 342 1194 443 mamillis:
1228 368 1383 423 P393:
1420 359 1618 432 oetzvi,
1647 358 1853 423 laboret
1880 365 2035 425 dom-
2061 374 2109 433 Α
2136 368 2379 443 vocatus)
2409 369 2716 437 Ravennas,
2747 377 3047 429 monachus
3074 374 3177 428 fuit
3203 375 3409 431 ordinis
3448 377 3504 431 S.
3538 378 3728 433 Bene-

445 449 551 488 nus
606 435 1001 498 Constantiana
1047 440 1359 520 Lajetanus,
1420 456 1679 524 Siculus,
1735 463 2032 518 monachus

445 524 1236 626 Casinensiscongregationis,
1253 556 1311 600 ut
1340 550 1438 604 viri
1462 553 1787 609 sanctissimi
1815 557 2036 626 scripto-

445 631 592 716 rllm_
623 623 956 681 ιιῖοηῖηιεηια
998 636 1243 706 undique
1286 640 1532 708 collecta,
1564 644 1714 714 prelo
1750 623 2047 716 subjiciat;'

447 710 602 806 τινος
642 716 955 782 propediem
987 735 1158 789 spero
1198 728 1332 784 fore.
1367 731 1424 785 In
1458 733 1543 788 his
1564 710 1731 790 venim
1772 710 2032 806 pervesti-

444 800 635 870 εαηάῑε
660 812 715 857 et
741 810 1150 879 exemplaribus
1178 819 1441 889 pluribus,
1470 825 1596 880 hinc
1618 826 1741 881 inde
1775 800 2031 896 perlatis,

446 906 646 963 magno
671 898 854 990 studio
885 908 1247 977 corrigendis,
1275 915 1981 990 studioindefessolaborat;
2002 935 2033 973 a

447 998 553 1055 quc
568 994 620 1044 ei
636 988 878 1062 ejusdem
895 994 1041 1054 Petri
1064 994 1245 1058 Vitam
1266 1007 1499 1077 accipies
1520 988 2031 1083 uberiusvscriptam.

446 1095 707 1187 Rogatus
742 1106 1118 1187 .Beﬂnnninus
1175 1118 1442 1187 presbyter
1496 1122 1785 1176 cardinalis
1845 1126 1922 1176 tit.
1969 1123 2031 1178 S.

520 1168 714 1260 (ξ”ίίε
736 1178 791 1260 ἷζε
801 1177 939 1260 ,νὶςιλ
949 1184 1012 1260 in
1036 1168 1187 1238 libro,
1197 1187 1273 1240 De
1292 1168 1629 1260 sgriptoribus
1644 1168 2032 1260 ecclesiasticis,

518 1242 612 1293 sub
634 1259 722 1299 an.
751 1246 847 1301 Clt.
876 1251 1034 1305 1660.

520 1352 714 1412 Petrus
740 1359 983 1417 Damiani
1018 1368 1121 1430 (sic
1153 1385 1185 1422 a
1213 1369 1401 1425 fratris
1423 1374 1507 1428 sui
1540 1375 1782 1433 Dantiani
1819 1377 2037 1433 nomine

465 1537 1524 1577 ...____________________

2137 462 2266 516 dicti
2300 502 2315 525 ,
2369 477 2432 517 ac
2478 463 2674 518 deinde
2723 463 2782 519 S.
2827 463 2893 518 R.
2935 465 2997 519 E.
3049 465 3337 521 cardinalis
3358 451 3729 538 fepiscopus

2136 551 2420 608 Ostiensis.
2451 552 2597 607 Vixit
2641 554 2969 624 temporibus
3011 553 3258 623 Gregorii
3305 553 3373 610 Vl
3399 565 3456 610 et
3496 571 3733 611 succes-

2135 657 2320 696 sorum
2342 642 2458 711 ejus
2488 630 2658 713 usque
2686 643 2752 697 ad
2775 642 3095 714 Gregorium
3126 642 3238 709 γη,
3267 645 3333 699 ad
3363 660 3498 715 quos
3523 660 3731 701 omnes

2134 733 2391 802 epistolas
2421 734 2588 788 dedit.
2640 733 2737 789 Vir
2766 734 2864 789 fuit
2899 734 3051 790 valde
3091 744 3307 789 sanctus
3344 744 3398 789 et
3441 736 3677 790 devotus
3710 778 3730 799 .

2134 834 2190 880 et
2251 827 2516 895 praecipue
2568 826 2899 896 paenitentiae
2951 834 3006 881 et
3043 837 3274 880 austerae
3324 826 3448 880 vitae
3502 838 3735 881 amator

2135 916 2564 970 ardentissimus.
2604 915 2878 985 Pauloque
2918 926 3031 985 post
3072 935 3084 969 :
3117 915 3263 971 Obiit
3310 916 3364 970 in
3420 917 3730 986 apostolica

2134 1006 2441 1076 legatione,
2501 1022 2641 1061 anno
2702 1008 2915 1062 Domini
2964 1007 3123 1061 1072.
3180 1005 3408 1077 Scripsit
3460 1007 3734 1077 epistolas

2133 1097 2397 1167 plurimas
2442 1107 2496 1152 ct
2543 1112 2820 1153 sermones
2864 1096 3159 1167 permultos
3192 1114 3214 1150 :~
3240 1110 3360 1165 qua:
3393 1095 3499 1150 duo
3548 1110 3733 1163 opera

2136 1190 2279 1262 typis
2322 1206 2489 1259 nuper
2517 1189 2680 1260 (anno
2711 1189 2845 1244 1606
2897 1200 2952 1244 et
2997 1188 3155 1260 1608)
3208 1187 3488 1243 mandavit
3528 1186 3734 1240 Roma

2135 1282 2365 1335 domnus
2394 1281 2784 1337 Constantinus
2823 1280 3116 1350 Cajctantts
3138 1320 3153 1347 ,
3198 1279 3406 1335 ordinis
3441 1275 3499 1332 S.
3543 1277 3735 1332 Benﬁ

2088 1438 2094 1443 Ι
2136 1369 2263 1425 dicti
2295 1370 2615 1426 monachus.

1351 1697 2162 1793 CONSTANTINI
2228 1701 2799 1794 CAJETANI

815 1879 1147 1938 EPISTOLA
1178 1886 1271 1939 AD
1311 1888 1373 1943 D.
1413 1858 1858 1949 FRANCISCUM
1889 1895 1980 1951 ET
2018 1896 2081 1951 D.
2119 1895 2478 1953 ANTONIUM
2507 1894 2946 1952 BARBERINOS
2973 1892 3353 1951 PRINCIPES.

1161 2037 1303 2095 Petit
1344 2055 1398 2098 ut
1422 2059 1601 2100 eorum
1630 2050 1879 2118 auspiciis
1906 2052 2040 2107 litrcr
2073 2069 2200 2149 sua:
2227 2068 2432 2107 summa
2461 2052 2699 2123 pontiﬁci
2725 2054 3003 2123 oferatur.

527 2296 869 2388 sanctissimi
892 2305 1105 2363 Domini
1130 2310 1298 2364 nostri
1324 2309 1528 2365 Urbani
1552 2311 1661 2366 Vlll
1688 2312 1874 2368 fratris
1896 2315 2040 2379 ﬁliis,
2072 2318 2118 2376 Β
2148 2319 2361 2373 testatis
2411 2317 2683 2386 fastigium
2726 2324 2780 2372 et
2809 2315 3234 2385 magnitudinem
3266 2317 3400 2372 satis
3430 2316 3687 2388 intelligit
3715 2363 3747 2387 ,.

458 2385 519 2443 8.
548 2386 614 2440 Il.
648 2388 711 2444 E.
741 2392 1126 2463 cardinalibus,
1155 2400 1229 2454 Da
1246 2401 1562 2465 FRANCISCO,
1580 2404 1724 2459 sedis
1740 2407 2046 2476 apostolica:
2085 2402 2091 2407 ’

458 2476 910 2568 vicecnnceilario
956 2500 1021 2539 ac
1068 2487 1298 2545 Romani
1371 2492 1764 2564 apostolicique
1833 2496 2043 2568 collegii

459 2566 777 2636 Gregoriani
803 2579 1123 2643 protectori;
1160 2590 1258 2637 nec
1282 2599 1388 2638 non
1418 2584 1477 2638 D.
1512 2584 1758 2641 Aurorae
1800 2586 1857 2642 S.
1886 2587 1950 2641 Il.

459 2664 786 2731 cantcrario,
816 2676 873 2721 et
894 2670 1174 2741 utriusque
1200 2675 1492 2744 signatura:
1517 2693 1580 2731 ac
1607 2694 1776 2734 sacra:
1819 2695 2048 2750 congre-

459 2750 698 2820 gationis
741 2755 808 2809 de
844 2756 1191 2831 Propagauda
1238 2765 1368 2820 Fide
1404 2768 1662 2836 praefecto
1686 2811 1699 2833 ,
1735 2770 2042 2825 Barbcrinis

460 2839 817 2912 principibus,
842 2848 1070 2906 domnus
1095 2852 1488 2912 Constantinus
1515 2856 1825 2916 Cumanus
1851 2860 2039 2926 abbas,

460 2928 689 2987 salutem
718 2944 771 2988 ct
791 2935 1120 2997 felicitatem.
1384 2958 1385 2961 ‘

536 3022 721 3080 Sancti
749 3027 894 3085 Petri
924 3034 1167 3091 Damiani
1195 3040 1508 3104 cardinalis,
1547 3043 1783 3112 episcopi
1825 3039 2041 3098 Ostien-

463 3112 578 3175 sis,
633 3127 884 3186 quartum
939 3122 1197 3181 librorum
1250 3130 1539 3196 volumen,
1569 3134 1709 3203 quod
1765 3124 1819 3186 in
1875 3133 2045 3186 lucem

464 3206 661 3273 chtur,
692 3211 844 3267 vobis
862 3230 981 3270 sese
1005 3219 1241 3283 exhibet,
1267 3224 1571 3278 cardinales
1599 3227 2042 3282 eminentissimi:

469 3302 650 3386 utpar
675 3315 771 3355 vos
799 3307 1141 3363 sanctissimo
1177 3310 1240 3363 D.
1266 3312 1483 3369 Urbano
1508 3315 1616 3368 Vlll
1646 3326 1837 3386 patruo
1869 3329 2048 3372 vestro

464 3383 745 3445 oﬂeratur.
774 3392 955 3465 Neque
983 3401 1127 3454 enim
1176 3417 1442 3471 supremae
1491 3407 1632 3461 inter
1669 3408 1914 3463 homines
1954 3426 2051 3479 po-

2146 2409 2236 2479 qui
2268 2418 2392 2464 ante
2424 2410 2573 2463 illum
2620 2410 2738 2463 sine
2775 2408 2913 2463 duce
2952 2408 3112 2463 audet
3145 2408 3481 2478 importunus
3521 2409 3736 2467 irrum-

2146 2516 2292 2570 pere.
2347 2501 2497 2556 Licet
2539 2502 2685 2556 enim
2734 2500 2875 2556 liber
2901 2500 3013 2569 ipse
3047 2501 3286 2556 auctoris
3332 2501 3415 2554 sui
3456 2502 3682 2556 nomine
3714 2545 3737 2568 ,

2145 2590 2246 2644 viri
2271 2603 2465 2659 nempe
2503 2589 2745 2643 doctrina
2774 2598 2830 2643 et
2859 2589 3140 2643 sanctitate
3169 2588 3456 2643 clarissimi
3483 2628 3498 2655 ,
3532 2605 3597 2645 ac
3642 2607 3741 2646 re-

2146 2696 2265 2736 rum
2296 2696 2415 2750 quae
2444 2682 2497 2735 in
2528 2696 2592 2735 eo
2622 2681 2968 2736 continentur
2992 2680 3233 2750 pondere
3257 2690 3312 2735 et
3338 2681 3572 2739 utilitate
3594 2686 3737 2738 satis

2148 2787 2245 2841 per
2269 2786 2326 2825 se
2353 2772 2622 2839 gratiosus
2651 2770 2864 2823 futurus
2896 2771 2966 2825 sit
3002 2770 3141 2839 apud
3166 2779 3287 2824 eum
3318 2770 3411 2839 qui
3442 2769 3623 2825 fautor
3650 2780 3740 2826 est

2145 2863 2444 2918 l.’ttcrarum
2502 2871 2557 2915 et
2612 2862 2917 2916 sanctitatis
2949 2874 3230 2927 assertor,
3290 2861 3491 2932 aliquid
3547 2873 3743 2918 tamen

2148 2957 2635 3011 commendationis
2683 2965 2739 3010 et
2786 2956 2973 3025 gratia:
2999 2972 3065 3011 es
3107 2955 3390 3025 utriusque
3443 2955 3738 3026 splendore

2148 3048 2383 3102 nominis
2420 3058 2582 3117 atque
2611 3048 2954 3102 auctoritatis
2992 3045 3345 3117 amplitudine
3393 3057 3582 3118 sperat
3626 3049 3747 3103 sibi

2148 3152 2539 3194 accessurum:
2582 3140 2655 3193 ita
2703 3148 2801 3204 ut,
2851 3138 3002 3194 vobis
3056 3139 3461 3210 prmcuntibus,
3495 3141 3749 3195 alacrior

2145 3230 2424 3299 magisque
2456 3228 2625 3285 fidens
2668 3241 2793 3283 ante
2823 3230 3043 3285 maximi
3077 3230 3353 3300 pontificis
3375 3240 3737 3300 conspectum

2145 3329 2424 3390 appareat.
2470 3321 2608 3376 Deus
2657 3322 2896 3389 optimus
2942 3321 3210 3376 maximus
3255 3336 3352 3375 vos
3379 3322 3447 3375 ad
3474 3318 3741 3375 Ecclesia

2146 3426 2256 3465 suae
2288 3410 2574 3464 utilitatem
2611 3410 2911 3464 diutissime
2938 3418 3117 3464 servet
3149 3410 3469 3464 incolumes.

467 3516 3725 3560 W_

974 3654 1538 3747 CAJETANI
1614 3658 2197 3751 EPISTOLA
2282 3655 3227 3750 NUNCUPATORIA

1645 3848 1738 3904 AD
1789 3848 2124 3907 URBANUM
2166 3847 2400 3903 PAPAM
2453 3847 2580 3903 Vill.

542 4060 743 4119 Sancto
793 4066 1018 4122 Domino
1084 4078 1269 4123 nostro
1348 4071 1571 4126 Unaaso
1625 4072 1755 4138 Vlll,
1806 4075 2047 4143 pontilim
2078 4081 2124 4141 ο
2155 4073 2421 4123 lllllSlt‘ltlS
2473 4077 2851 4137 praeponatur,
2900 4081 3060 4135 quam
3101 4065 3242 4134 quod
3298 4073 3516 4118 resonat
3554 4065 3603 4118 in
3637 4081 3739 4122 ore

468 4154 709 4209 maximo
735 4195 750 4219 ,
782 4154 1188 4214 Consnnrtxcs
1215 4158 1522 4217 Cumanus
1559 4161 1726 4216 abbas
1769 4164 2055 4231 sempiter-

470 4260 600 4301 nam
632 4246 963 4303 felicitatem.

545 4335 784 4403 Quartus
828 4339 939 4407 jam
986 4349 1041 4395 et
1075 4341 1294 4396 ultimus
1320 4383 1333 4407 ,
1364 4343 1680 4399 beatissime
1733 4342 1894 4398 Pater
1923 4386 1938 4407 ,
1990 4343 2046 4399 S.

468 4423 619 4483 Petri
648 4426 890 4481 Damiani
922 4428 1212 4483 cardinalis
1235 4470 1248 4491 .
1277 4432 1513 4502 episcopi
1545 4432 1839 4499 Ostiensis,
1876 4444 2052 4488 tomus

473 4515 675 4585 publici
711 4513 851 4584 juris
881 4517 1110 4571 edicitur
1141 4536 1154 4575 :
1190 4520 1281 4574 sed
1331 4531 1507 4576 tamen
1539 4534 1851 4578 consuetam
1892 4534 2053 4579 tanta:

471 4605 741 4675 tnajrstati
788 4617 1007 4677 prmstat
1056 4612 1411 4665 reverentiam
1445 4631 1457 4666 :
1491 4628 1665 4683 neque
1694 4623 1820 4669 ante
1864 4618 1915 4669 iu
1958 4631 2056 4685 po-

470 4695 580 4766 puli
614 4706 962 4766 enitSpcctum
1011 4700 1225 4769 prodire
1252 4701 1547 4767 sustinuit,
1581 4719 1741 4772 quam
1776 4702 2052 4758 Urbanum

475 4788 530 4842 in
583 4787 730 4844 Petri
774 4791 1033 4846 cathedra
1086 4793 1360 4847 sedentem
1409 4793 1630 4862 supplex
1680 4803 2046 4849 veneraretur.

477 4880 630 4946 Quod
662 4893 809 4938 certe
854 4882 1056 4938 factum
1086 4900 1242 4939 nemo
1264 4926 1277 4948 ,
1308 4892 1368 4939 ut
1395 4885 1648 4950 arbitror,
1679 4902 1783 4941 non
1834 4900 2053 4955 magno-

474 4984 604 5038 pere
636 4972 894 5027 laudabit.
933 4973 1031 5028 Ubi
1066 4975 1208 5027 enim
1253 4974 1511 5030 nobilium
1546 4976 1881 5047 ingeniorum
1928 4992 2053 5045 par-

480 5073 565 5114 tus
595 5062 730 5118 lucis
778 5065 1098 5120 incunabula
1150 5065 1358 5121 felicius
1386 5083 1549 5138 quam
1581 5070 1633 5124 in
1666 5071 1811 5124 sedis
1841 5082 2053 5138 aposto-

466 5150 588 5205 lic.e
652 5155 1015 5230 penetralibus
1071 5158 1429 5212 sortiantur?
1498 5158 1555 5213 ln
1614 5159 1721 5214 illis
1798 5161 2051 5214 nimirum

470 5241 872 5309 penetralibus,
920 5247 1058 5300 unde
1109 5258 1299 5316 gentes
1341 5264 1371 5301 a
1418 5249 1737 5305 criminibus
1770 5251 2049 5321 expiatum

469 5345 576 5384 vox
607 5332 858 5397 mittitur,
888 5335 976 5391 ubi
1006 5336 1243 5392 ccclesiis
1272 5339 1473 5393 oraculi
1514 5356 1711 5395 arcana
1748 5343 2007 5410 pateﬁunt
2035 5381 2049 5404 ,

2155 4154 2470 4231 populorum
2499 4200 2514 4219 .
2562 4157 2771 4227 publica
2826 4157 3044 4211 decorat
3093 4156 3421 4209 monimenta
3452 4194 3466 4219 ,
3520 4156 3734 4223 privata

2157 4252 2406 4306 honestat
2433 4256 2750 4303 ornamenta
2772 4287 2785 4310 ,
2816 4255 2871 4300 et
2898 4248 3038 4299 inter
3085 4254 3426 4300 sacrosancta
3474 4247 3736 4317 mysteria

2154 4342 2496 4396 sacerdotum
2546 4354 2677 4394 voce
2719 4338 3086 4407 depromitur?
3114 4337 3245 4404 Quis
3288 4353 3392 4391 nou
3420 4347 3598 4407 speret
3629 4337 3735 4393 sibi

2155 4441 2263 4485 tam
2312 4429 2521 4499 augusti
2590 4428 2795 4482 sideris.
2830 4427 2952 4481 luce
3013 4435 3328 4496 praeeunte,
3385 4436 3739 4495 tempestates

2153 4538 2341 4577 omnes
2386 4532 2548 4590 atque
2577 4520 2759 4575 omnia
2806 4528 3045 4571 monstra
3107 4518 3484 4587 navigantibus
3535 4517 3732 4571 infesta

2152 4611 2312 4666 facile
2341 4626 2585 4669 cessura.
2616 4624 2895 4676 quousque
2927 4608 2993 4660 ad
3037 4607 3186 4661 illum
3231 4609 3398 4661 beata:
3443 4608 3567 4662 vita:
3607 4623 3737 4677 por-

2154 4711 2290 4767 tum,
2320 4718 2476 4770 quem
2501 4701 2585 4769 pie
2609 4700 2911 4753 viventibus
2936 4700 3244 4752 Conditoris
3272 4700 3438 4752 nostri
3468 4700 3734 4752 immensa

2153 4793 2364 4846 b0uilas
2400 4800 2454 4845 et
2489 4791 2829 4858 omnipotens
2867 4788 3127 4857 sapientia
3158 4789 3498 4857 prmparavit,
3532 4788 3746 4842 victrix.
3823 4784 3843 4798 '

2154 4881 2400 4935 laborum
2454 4881 2716 4949 pietas,ct
2764 4877 3140 4947 triumphatrix
3178 4877 3538 4944 periculorum
3564 4876 3735 4929 animi

2154 4969 2413 5025 fortitudo
2435 4967 2733 5037 perducat?
2756 4967 2861 5021 Sed
2887 4967 3000 5020 haec
3021 4966 3071 5020 in
3101 4966 3328 5018 aliorum
3357 4964 3510 5018 libris
3531 4964 3736 5034 justius

2155 5069 2336 5117 essent
2364 5058 2657 5130 pl'mftltltltl,
2690 5058 2780 5127 qui
2810 5058 2861 5111 in
2904 5057 3048 5111 sedis
3082 5055 3391 5125 apostolica:
3424 5054 3736 5108 clientelam

2156 5156 2277 5209 novi
2318 5162 2668 5219 recentesque
2711 5159 2996 5204 venerunt.
3047 5147 3193 5202 Petri
3249 5147 3393 5202 enim
3440 5145 3686 5199 Damiaui
3717 5184 3735 5209 ,

2156 5245 2353 5315 cgrrgii
2402 5244 2642 5299 doctoris
2681 5240 3019 5297 Benedictini
3048 5252 3177 5309 erga
3215 5239 3510 5291 llomanam
3546 5234 3738 5289 Eccle-

2157 5339 2294 5392 siam
2325 5336 2457 5390 fides
2484 5336 2680 5390 eximia
2707 5373 2721 5396 ,
2770 5348 2833 5386 ac
2862 5332 3033 5401 pietas
3076 5341 3212 5397 pene
3230 5324 3527 5405 fsingularis
3547 5363 3564 5387 ,
3611 5337 3733 5377 mea

472 5425 563 5482 ubi
597 5430 849 5495 perennis
879 5431 1116 5487 thesauri
1146 5433 1282 5487 dona
1312 5433 1725 5503 dispensanttu,
1763 5437 1851 5492 ubi
1903 5437 2055 5491 deni-
2086 5443 2129 5501 ι)
2158 5426 2627 5485 commendatione
2651 5441 2758 5479 non
2796 5423 2999 5492 indiget
3026 5437 3041 5476 :
3077 5420 3342 5489 siquidem
3373 5426 3480 5470 tam
3516 5430 3581 5470 ex
3613 5413 3733 5482 ejus

472 5532 578 5587 que
603 5523 790 5577 mortis
824 5523 1095 5579 antidotus
1118 5536 1174 5578 et
1198 5525 1319 5580 vitae
1365 5528 1715 5594 pharmacum
1751 5529 2047 5599 ptopitzan-

470 5608 580 5668 ωτ.
632 5613 781 5680 taozl
824 5632 1019 5672 nomen
1073 5617 1276 5671 chartis
1304 5658 1318 5683 ,
1351 5626 1409 5673 ut
1453 5619 1526 5671 ita
1575 5618 1788 5687 dicam,
1818 5620 2045 5674 victuris

2157 5521 2374 5589 scriptis
2403 5518 2655 5590 (quorum
2682 5516 2915 5571 maxima
2939 5513 3051 5582 jam
3074 5520 3249 5582 parte,
3275 5509 3498 5564 summis
3521 5506 3733 5561 duobus

2155 5610 2539 5676 Pontificibus,
2579 5608 2859 5665 Clemente
2888 5603 3001 5662 Vill
3041 5616 3098 5660 et
3126 5603 3293 5659 Paulo
3338 5600 3382 5656 ν
3430 5596 3741 5653 mandantis
