4078 6336
259 290 364 352 917

1503 283 1813 343 ΕᾹΒΒΞΙὲἑΑ
1855 286 1941 341 ΕΤ
1982 284 2268 340 PRECES.

3418 281 3521 339 9l8

258 407 362 465 bus
385 443 401 470 ,
435 404 682 459 homines
729 416 824 473 per
864 415 963 476 nos
995 399 1268 467 fruuntur)
1301 415 1461 470 quam
1504 415 1567 455 ex
1608 401 1734 455 vitae
1773 416 1836 455 ae
1867 409 1912 465 Α
1940 401 2097 466 duco,
2124 399 2549 470 possintadderc
2575 398 2741 464 faces,
2773 406 2830 452 ut
2859 398 2931 452 ita
2954 396 3130 451 dicam
3156 436 3172 460 ,
3200 403 3253 450 et
3276 395 3521 451 stimulos

258 512 444 555 rerum
492 504 768 568 gestarum
812 494 1084 566 pra‘claris
1120 494 1453 549 facinoribus
1482 534 1497 559 ,
1541 491 1669 549 nota
1707 494 1839 548 satis

256 605 324 648 ac
356 598 553 645 testata
594 587 824 657 posteris
869 595 1278 651 remanserunt;
1331 586 1464 640 adeo
1505 596 1563 640 ut
1604 586 1672 640 ab
1721 585 1840 638 illit-

258 682 462 736 stribns
524 680 643 748 ejus
692 680 951 748 temporis
1002 694 1177 733 AL'rnn
1236 678 1581 732 llu-znoxvnus
1643 677 1840 731 merito

259 772 437 825 dictus
461 767 644 822 fuerit.
679 766 943 821 Nimirum
971 769 1053 821 vir
1075 767 1452 823 sanctissimus
1478 782 1581 819 non
1613 766 1840 833 degene—

260 859 401 912 ravit
436 875 466 911 a
499 856 796 925 majoribus
818 842 1049 927 suis'(de
1069 856 1272 912 ordinis
1298 855 1568 911 Benedicti
1590 854 1840 909 Panibus

260 949 471 1019 loquor)
493 964 722 1018 quorum
752 948 953 1010 studia,
984 948 1215 1012 labores,
1250 947 1444 1018 vigilia).
1472 955 1527 1001 et
1568 945 1841 1001 excellens

259 1042 313 1109 in
340 1041 485 1095 omni
529 1039 746 1094 laudmn
781 1054 978 1110 genere
1008 1039 1200 1102 virtus,
1248 1047 1480 1108 quantos
1509 1037 1659 1092 omni
1702 1044 1839 1090 tem-

257 1151 389 1206 pore
438 1134 648 1191 fructus
682 1134 1006 1189 Christiana:
1056 1133 1367 1204 reipublicm
1409 1130 1690 1195 attulerit,
1743 1128 1838 1181 ειιὶ-

257 1225 576 1295 quantisper
622 1224 855 1278 fortasse
886 1224 988 1277 hoc
1021 1222 1137 1277 ioco
1164 1233 1645 1276 commemorarem
1674 1258 1689 1282 ,
1736 1218 1840 1271 nisi

258 1317 490 1387 publicis
518 1325 699 1372 essent
728 1315 1044 1385 consignata
1074 1312 1441 1374 monimentis,
1465 1311 1542 1365 ita
1568 1318 1626 1363 ut
1653 1325 1840 1369 eorum

257 1409 517 1464 memoria
563 1408 617 1461 in
666 1406 1041 1461 benedictione
1082 1402 1261 1458 futura
1305 1403 1375 1457 sit
1417 1416 1582 1470 penes
1623 1414 1839 1455 omnem

258 1502 650 1571 posteritatem.
703 1487 1201 1553 Pulcherrimorum
1276 1509 1510 1561 namque
1570 1510 1837 1565 cperunt,

259 1605 379 1663 qua:
404 1605 633 1659 inaguns
659 1588 971 1659 patriarcha
998 1586 1323 1640 Benedictus
1367 1584 1591 1654 ejusque
1637 1584 1840 1639 alumni

258 1697 354 1750 pro
404 1678 606 1735 Christi
662 1680 832 1750 gloria
880 1688 935 1734 et
965 1677 1237 1734 communi
1280 1677 1558 1731 hominum
1609 1676 1842 1733 utilitate

1940 489 2007 543 ad
2035 489 2172 543 bene
2201 487 2546 544 currendum.
2596 486 2699 541 Sed
2727 488 2871 542 enim
2910 485 3041 555 quid
3071 485 3265 539 attinet
3295 492 3480 538 vetera
3503 524 3519 549 ,

1939 590 1993 635 et
2018 596 2137 649 qua:
2168 579 2297 633 mihi
2335 594 2455 633 cum
2499 578 2619 632 aliis
2660 576 2967 632 communia
3013 584 3137 629 sunt
3165 615 3181 637 ,
3221 588 3518 637 enarrare;

1940 686 2062 725 cmn
2089 668 2377 740 singularis
2420 667 2644 727 nli'ectus
2673 677 2726 722 et
2752 665 3113 721 observantia:
3134 665 3186 718 in
3214 663 3520 719 Romanum

1938 761 2247 831 pontificem
2282 761 2528 831 proprias
2569 774 2633 814 ac
2679 759 2980 831 peculiares
3029 772 3221 827 causas
3251 755 3522 811 habeam?

1940 853 2055 908 Tua
2084 853 2226 908 enim
2256 852 2632 911 beneficentia.
2680 851 2992 907 beatissime
3039 850 3200 905 Pater
3230 890 3245 913 ,
3279 848 3422 919 quod
3467 848 3535 902 in-

1939 962 2026 1001 me
2054 944 2296 1009 contulit,
2327 953 2386 999 ut
2414 952 2535 1018 post
2566 942 2828 998 maximos
2873 941 2993 997 illos
3017 941 3355 1012 optimusque
3385 954 3539 1008 pou-7

1941 1039 2054 1094 tiiic
2090 1056 2135 1103 s,
2161 1048 2534 1094 antecessores
2561 1046 2702 1102 tuos,
2733 1036 3065 1091 Clementem
3097 1033 3206 1087 Vlll
3237 1072 3252 1097 ,
3286 1031 3523 1087 Leonem

1940 1131 2010 1186 XI
2041 1172 2056 1196 ,
2087 1131 2310 1186 Paulum
2345 1130 2386 1185 V
2406 1140 2459 1183 et
2484 1129 2802 1200 Gregorium
2831 1126 2926 1183 XV
2952 1167 2967 1194 ,
3020 1125 3216 1196 quibus
3267 1140 3297 1179 a
3351 1123 3493 1197 sacri

1940 1225 2243 1279 litterarum
2310 1224 2674 1278 monumentis
2750 1219 3050 1282 inservivi,
3124 1217 3220 1272 tibi
3295 1216 3497 1271 inservi

1941 1332 2085 1381 rem,
2136 1316 2260 1387 jure
2307 1331 2406 1371 suo
2462 1314 2699 1385 postulat
2745 1314 3060 1384 exigitquc,
3109 1318 3170 1365 ut
3216 1318 3386 1369 totum
3437 1323 3519 1363 me

1939 1424 2038 1479 pro
2071 1418 2158 1462 tua
2190 1407 2561 1477 amplitudine,
2594 1407 2801 1462 honore
2836 1423 2899 1460 ac
2920 1406 3182 1474 dignitate
3206 1403 3521 1466 devoveam,

1940 1510 2103 1570 atque
2150 1500 2216 1555 ad
2256 1498 2414 1567 hujus
2443 1507 2805 1552 sacrosanctm
2851 1497 2996 1552 sedis
3039 1496 3203 1550 decus
3232 1492 3525 1559 existima-

1942 1592 2250 1660 tionemque
2282 1589 2462 1643 omnia
2512 1603 2631 1643 mea
2679 1588 2857 1642 studia
2881 1627 2896 1649 ,
2936 1601 3097 1641 curas
3123 1625 3136 1649 ,
3168 1583 3537 1653 cogitationes.

1940 1693 2277 1740 convertam.
2336 1683 2467 1736 illud
2510 1682 2773 1736 duntaxat
2834 1681 3032 1735 addere
3084 1694 3190 1732 non
3247 1676 3476 1730 verebor
3506 1690 3551 1707 λι

256 1773 620 1844 perfecerunt,
649 1788 754 1827 non
805 1772 977 1828 solum
1008 1769 1293 1840 exemplis,
1328 1769 1422 1822 sed
1461 1768 1625 1823 etiam
1669 1768 1834 1822 vesti-

1940 1773 2400 1841 anmadmodum
2438 1772 2612 1841 potuit
2650 1770 2881 1825 antehac
2932 1768 3193 1824 sanctitas
3234 1774 3322 1824 tua
3390 1763 3521 1819 anti-

255 1868 374 1938 giis,
408 1866 563 1937 plena
593 1876 677 1921 est
717 1866 895 1921 omnis
929 1862 1168 1919 Ecclesia
1212 1869 1544 1916 sanctorum.
1579 1862 1696 1926 Quo
1725 1875 1841 1914 tua.

254 1957 336 2025 gis
359 1972 571 2026 :equum
594 1971 714 2012 esse
734 1964 786 2010 et
812 1954 1005 2009 rationi
1042 1962 1465 2008 consentaneum
1499 1958 1625 2019 puto
1651 1989 1667 2014 ,
1711 1965 1798 2003 me
1821 1988 1838 2012 ,

253 2047 347 2123 qui
374 2047 620 2100 eamdem
658 2046 733 2099 rel
757 2047 969 2114 gionem
997 2043 1287 2113 protiteor,
1313 2042 1440 2095 totis
1468 2040 1674 2093 viribus
1706 2039 1837 2093 eniti

253 2143 313 2189 ut
342 2150 447 2189 non
476 2134 794 2189 dissimilem
837 2135 1123 2188 exhibeant
1150 2148 1278 2202 erga
1322 2132 1622 2185 Ron'ianam
1654 2127 1839 2182 Eccle-

251 2226 414 2290 siam,
443 2236 763 2281 ezeterarum
810 2225 1175 2281 Ecelcsiarum
1207 2224 1502 2293 principem
1540 2237 1605 2279 ae
1644 2235 1841 2291 parcn-

253 2327 384 2383 ιτῖιιι,
417 2318 661 2387 obsequii
691 2332 754 2371 ac
780 2317 999 2386 pietatis
1024 2318 1296 2370 ardorem.
1325 2312 1459 2369 Cum
1484 2315 1629 2367 enim
1658 2311 1836 2366 omni-

254 2409 356 2464 bus
379 2425 408 2462 a
442 2409 707 2479 majorum
735 2424 953 2462 suorum
979 2409 1178 2462 virtute
1204 2408 1532 2475 degenerare
1564 2412 1720 2473 turpe
1744 2403 1839 2469 sit,

253 2505 367 2553 tum
401 2498 502 2551 illis
549 2500 886 2568 potissimum
920 2499 971 2552 id
1017 2498 1163 2551 omni
1195 2495 1484 2567 ignominia
1537 2493 1838 2548 deformius

252 2604 378 2648 esse
407 2590 705 2663 debet,qui
756 2589 808 2643 in
840 2598 1043 2644 sancta:
1087 2588 1361 2658 religionis
1401 2586 1577 2640 studio
1620 2583 1837 2656 gloriosi

253 2682 569 2737 certaminis
618 2697 836 2737 cursum
900 2681 1168 2737 c0nficcrc
1232 2689 1537 2735 statuerunt
1582 2697 1596 2732 :
1644 2678 1839 2748 quibus

254 2773 344 2828 illa
373 2775 647 2844 proposita
678 2784 760 2830 est
781 2773 1185 2844 expeditissima
1223 2774 1362 2827 ratio
1389 2771 1663 2835 vincendi,
1690 2781 1839 2825 retro

254 2868 439 2923 oculos
469 2884 744 2939 nunquam
774 2866 1010 2932 flectere,
1043 2882 1143 2922 nec
1181 2867 1233 2920 in
1271 2866 1448 2921 medio
1472 2865 1836 2920 deficientium

253 2957 625 3012 lassitudinem
660 2958 877 3022 imitari,
917 2957 1010 3013 sed
1050 2967 1271 3012 strenue
1302 2956 1657 3025 przeeuntium
1687 2953 1839 3008 forti-

258 3059 339 3107 ter
365 3050 570 3106 hrcrere
596 3052 856 3123 vestigiis.
889 3049 1149 3117 Quamvis
1183 3049 1315 3103 mihi
1354 3048 1517 3103 etiam
1546 3044 1838 3103 domestica

1941 1882 2079 1936 quae,
2115 1880 2236 1919 cum
2267 1862 2476 1918 ordinis
2520 1862 2649 1926 mei,
2682 1871 2793 1916 ιιιιιι
2820 1865 3082 1930 majorum
3125 1873 3363 1912 meorum
3395 1870 3524 1926 erga

1942 1957 2122 2011 sedem
2156 1954 2531 2025 apostolicam,
2559 1952 2861 2008 devotionis
2908 1959 2963 2005 et
2990 1949 3348 2006 observantia:
3398 1962 3523 2015 spe-

1942 2047 2116 2101 cEmen
2149 2045 2202 2099 in
2236 2059 2322 2099 me
2360 2060 2468 2098 uno
2510 2043 2649 2098 haud
2678 2042 2907 2097 obscure
2933 2055 3349 2111 recognoscere;
3382 2041 3453 2092 ita
3479 2037 3525 2092 si

1939 2141 2050 2192 vita
2076 2139 2204 2191 mihi
2239 2145 2517 2207 suppetet,
2551 2134 2878 2205 amabitque,
2909 2143 2968 2189 ut
3004 2132 3152 2195 facit,
3195 2130 3526 2185 incredibilis

1943 2239 2047 2283 tua:
2078 2228 2234 2283 istius
2260 2226 2609 2299 benignitatis
2629 2241 2780 2292 aura,
2803 2225 2975 2296 magis
3000 2222 3275 2294 magisque
3301 2219 3528 2293 posthac

1940 2321 2216 2390 recognitu
2228 2335 2363 2374 ram.
3095 2369 3099 2373 .
3463 2325 3466 2329 ’

2014 2411 2232 2465 Interim
2284 2410 2530 2465 ultimum
2587 2409 2732 2463 hunc
2793 2406 2934 2461 illius
2970 2403 3260 2460 clarissimi
3309 2400 3436 2458 olim
3474 2411 3529 2455 et

1940 2501 2268 2559 sanctissimi
2319 2500 2609 2555 cardinalis
2645 2498 2903 2570 episcopi,
2936 2500 3019 2565 εει
3077 2494 3227 2551 Petri
3278 2492 3527 2548 Damiani

1943 2603 2144 2649 tantum
2174 2632 2189 2657 ,
2230 2590 2321 2660 qui
2360 2589 2513 2660 jam,
2550 2592 2658 2645 Deo
2701 2589 2918 2659 auspice
2946 2628 2962 2654 ,
3017 2603 3047 2640 a
3087 2600 3173 2640 me
3201 2600 3325 2640 cum
3355 2584 3527 2638 tribus

1941 2687 2063 2742 aliis
2113 2704 2140 2741 a
2176 2685 2411 2742 tenebris
2458 2694 2619 2753 atque
2656 2682 2926 2737 oblivione
2962 2679 3267 2734 vindicatus
3304 2685 3385 2730 est
3409 2715 3425 2737 ,
3474 2685 3529 2728 at

1943 2791 2035 2833 tuo
2066 2793 2287 2832 munere
2308 2776 2517 2847 publica
2546 2775 2666 2829 luce
2692 2772 2906 2836 fruitur,
2932 2770 3089 2825 hilari
3121 2768 3299 2822 fronte
3320 2767 3524 2835 accipe;

1942 2878 1996 2925 et
2021 2884 2124 2938 qua
2156 2867 2297 2923 soles
2333 2865 2673 2922 humanitate
2696 2904 2711 2930 ,
2755 2860 3135 2932 complectere.
3181 2857 3322 2912 Deus
3347 2856 3526 2911 omni-

1940 2968 2130 3028 potens
2178 2957 2380 3013 salvam
2424 2956 2513 3011 diu
2561 2956 2950 3022 ﬂorentemque
2999 2951 3320 3008 Christiana:
3350 2946 3550 3015 reipu-

1943 3049 2095 3104 blicze
2117 3049 2466 3103 sanctitatem
2506 3054 2650 3101 tuam
2680 3052 2985 3110 conservet,
3016 3042 3365 3112 ejusdemque
3403 3044 3531 3094 vota

254 3140 504 3211 exempla
551 3121 852 3210 majorum,
890 3157 923 3196 a
969 3140 1164 3211 quibus
1218 3139 1273 3205 in
1329 3136 1525 3193 saeculo
1572 3138 1835 3208 originem
1865 3121 1910 3185 C
1942 3138 2433 3216 cmplaquevpmnia
2470 3136 2747 3194 fecundet.

779 3297 3500 3327 Μ

284 3312 1009 3353 m

847 3332 1840 3601 *nﬁa

1940 3332 2790 3592 ~initiantth

1534 3696 1592 3749 S.
1633 3694 1700 3748 Β.
1741 3692 1801 3747 Ε.
1846 3686 2257 3746 CARDINALIS

706 3874 1427 4009 CARMINA
1519 3864 2030 4001 SACRA
2143 3868 2343 3991 ET
2436 3865 3102 3992 PRECES.

519 4250 785 4323 1-2—1.
811 4250 997 4306 Oratio
1030 4248 1099 4303 ad
1146 4248 1312 4303 Deum
1352 4244 1585 4300 Patrem.

328 4343 481 4416 Rogo
512 4354 584 4409 te,
607 4346 868 4399 immensa
901 4343 1095 4411 pietas,
1128 4341 1267 4395 Deus
1290 4340 1451 4393 Pater
1470 4336 1834 4406 oiunipotens,

258 4452 330 4493 ne
363 4437 555 4505 perdas
582 4451 667 4490 me
692 4442 999 4489 creaturam
1033 4441 1178 4488 luam
1216 4434 1281 4486 ad
1317 4432 1389 4485 tui
1432 4430 1838 4484 similitudinem

258 4527 534 4583 conditam
577 4541 641 4580 ac
666 4526 756 4594 pio
793 4524 913 4579 Filii
947 4524 1022 4577 tui
1072 4523 1280 4576 Domini
1327 4521 1431 4576 mei
1459 4520 1587 4577 Jesu
1639 4522 1840 4577 Christi

257 4633 454 4674 cruore
505 4618 857 4686 redemptam.
910 4614 1133 4686 Porr‘ge
1185 4615 1315 4669 mihi
1379 4630 1599 4669 manum
1650 4622 1841 4678 tuam,

260 4706 488 4762 Domine
531 4708 670 4762 Deus
701 4721 871 4766 meus,
908 4714 963 4760 et
990 4697 1137 4773 eripe
1168 4720 1252 4758 me
1304 4704 1370 4759 de
1414 4704 1842 4774 profundissimo

258 4799 380 4854 lacu
406 4800 748 4868 iniquitatum
774 4813 1041 4854 mearum.
1069 4797 1229 4866 Erige
1255 4796 1484 4865 lapsum,
1518 4797 1666 4852 solve
1695 4812 1843 4852 com-

207 4892 223 4909 '
259 4882 778 4957 peditmu,illnmina
803 4903 1028 4952 caseum,
1051 4902 1180 4942 sana
1206 4903 1292 4942 me
1317 4887 1457 4941 mille
1486 4889 1842 4959 malignorum

256 4980 548 5049 Spirituum
580 4979 897 5034 vulneribus
924 4980 1246 5034 sauciatum.
1281 4979 1394 5035 Ileu
1427 4998 1513 5037 me
1561 4985 1841 5049 miserum,

257 5067 366 5124 heu
390 5086 475 5124 me
503 5071 802 5141 perditum,
831 5071 935 5126 heu
981 5087 1067 5126 me
1098 5072 1445 5128 indeficienti'
1477 5074 1842 5145 lacrymarum

259 5161 411 5217 fonte
443 5163 761 5233 lugendum!
806 5163 895 5231 qui
928 5164 1053 5217 dum
1082 5164 1446 5231 spurcissima:
1489 5166 1672 5220 carnis
1710 5180 1844 5220 meae

256 5253 470 5325 legibus
501 5254 639 5318 vixi,
671 5268 948 5323 nunquam
998 5263 1051 5308 te
1076 5255 1143 5308 de
1193 5268 1278 5309 tne
1318 5254 1553 5324 gaudere
1599 5257 1844 5326 permisi,

255 5346 355 5404 sed
390 5362 607 5417 scalper
632 5346 700 5401 de
730 5347 995 5415 reprobat.-
1022 5346 1146 5400 vita:
1174 5361 1305 5401 mea:
1333 5346 1552 5417 ﬂagitiis
1580 5347 1648 5417 ad
1693 5363 1845 5402 ama-

257 5434 551 5493 ritudincm
578 5439 884 5507 provocavi.
918 5436 1025 5493 Sed
1056 5436 1198 5500 scio,
1231 5437 1476 5502 Domine,
1504 5416 1630 5507 quia
1662 5439 1715 5492 in
1744 5452 1843 5491 vo-

257 5522 469 5581 luntate
498 5538 586 5581 tua
612 5536 803 5584 cuncta
836 5538 960 5583 sunt
985 5530 1179 5598 posita,
1206 5538 1261 5582 et
1287 5543 1396 5582 non
1439 5538 1523 5583 est
1551 5529 1640 5597 qui
1670 5528 1843 5597 possit

262 5625 368 5671 tme
425 5620 680 5675 resistere
729 5620 993 5674 voluntati
1048 5618 1305 5691 (Est/ter.
1356 5619 1523 5691 xm).
1575 5619 1631 5674 Si
1697 5620 1843 5674 enim

260 5709 587 5767 decreveris
644 5712 853 5775 salvare
925 5727 1060 5777 nos,
1145 5712 1405 5769 continuo
1487 5712 1838 5773 liherabimur

1859 4234 1907 4295 D
1933 4251 2177 4316 Produc,
2210 4249 2467 4313 Domine,
2496 4250 2564 4302 de
2590 4263 2751 4303 saxea
2786 4249 2964 4305 cordis
2986 4250 3324 4307 etei'duritia
3357 4251 3533 4325 lacry~

1944 4357 2152 4400 tuarum
2199 4338 2583 4395 abundantiam
2606 4380 2620 4405 ,
2653 4341 2743 4410 qui
2778 4340 2844 4395 de
2884 4354 3013 4410 rupe
3043 4342 3241 4397 deserti
3285 4341 3543 4414 largissi;

1946 4449 2087 4488 mam
2117 4429 2598 4501 proﬂuentisaquze
2622 4431 2830 4499 cepiam
2856 4431 3072 4501 prodire
3094 4432 3301 4503 jussisti
3328 4432 3526 4504 (Exod.

1945 4541 2078 4590 xvn;
2110 4523 2275 4577 Nam.
2306 4538 2399 4587 xx;
2429 4521 2578 4588 Psqt.
2608 4523 2833 4594 1.xxvn).
2864 4522 3089 4579 Domine
3127 4522 3251 4579 Jesu
3291 4524 3528 4590 Christe,

1945 4618 1990 4671 si
2023 4625 2075 4670 tu
2107 4631 2166 4671 es
2205 4615 2292 4670 lux
2318 4629 2469 4679 vera,
2499 4624 2554 4670 et
2577 4630 2680 4685 ego
2703 4615 2822 4671 colo
2851 4626 2925 4683 te,
2956 4633 3054 4671 cur
3076 4618 3276 4687 pateris
3300 4618 3350 4672 in
3383 4628 3533 4674 tene-

1944 4712 2057 4767 bris
2086 4725 2207 4765 esse
2258 4710 2379 4765 me?
2408 4708 2497 4764 Vae
2541 4710 2695 4772 mihi,
2730 4709 2909 4765 lumen
2954 4711 3145 4775 adoro,
3176 4718 3230 4765 et
3280 4711 3530 4765 tenebras

1945 4803 2186 4874 perfero;
2219 4803 2430 4857 veritati
2459 4802 2729 4866 deservio,
2755 4811 2806 4857 et
2848 4819 2946 4872 per
2973 4803 3213 4856 inanium
3244 4804 3528 4873 cogitatio-

1944 4910 2072 4950 num
2099 4894 2353 4965 figmenta
2383 4891 2627 4947 deludor.
2653 4892 2900 4956 Domine,
2928 4893 3017 4960 qui
3046 4907 3309 4946 cavernas
3341 4894 3528 4947 tartari

1946 4985 2248 5041 divinitatis
2281 4995 2382 5039 tum
2414 4984 2580 5038 radiis
2612 4982 3045 5051 illustrastifqui
3075 4983 3275 5038 densas
3306 4981 3527 5055 Egypti

1949 5077 2203 5133 tenebras
2229 5075 2428 5146 Moysis
2456 5074 2641 5128 famuli
2672 5074 2747 5128 tui
2779 5074 3031 5144 precibus
3049 5072 3295 5143 eli'ngasti
3326 5073 3524 5145 (Exod.

1944 5164 2037 5234 x);
2083 5165 2291 5235 respice
2334 5164 2501 5218 chaos
2546 5163 2709 5227 istud,
2734 5172 2791 5219 et
2829 5164 3176 5219 tenebrosum
3207 5164 3313 5219 mei
3346 5165 3531 5221 cordis

1944 5256 2215 5311 infernum
2282 5255 2610 5310 visitationis
2655 5262 2759 5310 tuae
2816 5255 2935 5311 luce
2977 5255 3258 5326 perfunde.
3290 5268 3352 5312 ut
3413 5258 3529 5312 ani-

1943 5362 2112 5411 mam,
2158 5361 2320 5415 quam
2356 5356 2409 5399 tn
2436 5345 2705 5417 dignatus.
2732 5362 2814 5411 es,
2858 5347 2946 5402 lux
2976 5357 3202 5413 reterna,
3239 5349 3530 5413 redimere,

1944 5437 2295 5492 tenebrarum
2322 5446 2512 5491 auctor
2533 5449 2767 5506 nequeat
2808 5439 2863 5493 in
2893 5439 3246 5495 obscuritatis
3286 5454 3399 5495 sure
3438 5455 3529 5495 ca-

1943 5526 2109 5600 ligine
2134 5529 2432 5598 possidere.
2450 5528 2551 5596 Qui
2575 5529 2891 5585 illuminasti
2922 5547 3123 5588 caecum
3162 5547 3191 5585 a
3222 5532 3541 5594 nativitate..

1945 5620 2188 5675 illumina
2216 5637 2301 5674 me
2332 5620 2627 5692 (Joan.tx).
2656 5620 2757 5689 Qui
2790 5622 3032 5695 leprosos
3061 5624 3354 5689 mundasti,
3376 5624 3531 5693 puri-7

1948 5716 2049 5773 fica
2067 5733 2172 5776 me.
2186 5715 2286 5785 Qui
2312 5716 2573 5774 Lazarum
2594 5719 2657 5773 de
2678 5718 2926 5790 sepulcro
2948 5715 3547 5785 suscitasti,cresuscita.
