4108 5342
544 223 649 279 9ἕ9

1374 234 1431 288 S.
1473 236 1670 291 PETl‘al
1715 238 1994 295 DAMAS!
2034 242 2184 297 OPP.
2209 244 2443 304 TOSIUS
2475 249 2605 306 εει]
2646 251 2825 306 PARS
2863 253 2949 308 IV.

3699 258 3813 315 920

546 354 631 390 me
655 338 797 392 vitiis
820 339 1062 439 fctidum,
1091 350 1145 396 et
1169 358 1437 411 perversae
1458 351 1862 406 consuetudinis
1881 354 2021 408 mole
2040 355 2130 410 de—
2156 364 2203 420 Λ
2231 374 2353 414 esse
2378 362 2582 433 angelis
2626 363 2721 419 Dei
2748 380 2911 435 super
2946 381 3055 420 uno
3103 375 3391 437 peccatore
3428 369 3811 439 penitentiam

545 443 791 497 pressum
827 429 1010 499 (locu.
1042 436 1139 500 ιι).
1169 434 1273 500 Qui
1312 437 1585 493 Danielem
1623 442 1677 494 in
1708 438 1826 497 lacn
1856 460 1886 498 a
1911 443 2127 500 leonum

547 521 821 576 morsibus
848 524 1154 591 custodisti,
1184 528 1334 597 eripe
1378 546 1464 603 me
1484 529 1647 602 (Dan.
1696 532 1772 585 ult
1799 532 1840 603 ).
1883 533 1986 601 Qui
2015 545 2131 589 tres

545 623 741 678 pueros
770 611 836 663 de
863 612 1065 667 camini
1084 617 1367 671 aestuantis
1396 618 1649 673 incendio
1674 619 1935 685 liberasli,
1958 620 2126 676 libera

546 714 634 753 me
660 700 819 770 (Dan.
870 702 974 774 nt).
1006 704 1110 772 Qui
1152 706 1394 764 liberasti
1439 709 1607 765 Israel
1652 713 1719 766 de
1778 715 2128 783 oppressione

544 790 871 853 Pharaonis.
914 795 1081 851 libera
1114 814 1201 853 me
1238 798 1436 867 (Exod.
1468 818 1549 856 ιιι
1590 814 1638 855 et
1678 805 1820 872 XIII).
1852 803 1952 872 Qui
1990 806 2128 862 libeo

543 885 674 938 rasti
719 883 888 940 David
929 888 1000 943 de
1027 892 1282 946 manibus
1307 891 1476 948 Goiize
1520 904 1574 949 et
1604 894 1800 958 Saulis,
1834 897 2003 953 libera
2041 913 2128 953 me

540 972 597 1041 (I
624 975 753 1046 Reg.
783 978 920 1047 xvi).
948 979 1052 1047 Qui
1094 983 1328 1038 edntisti
1368 984 1592 1039 Petrum
1645 987 1713 1042 de
1758 1003 1981 1044 carcere
2023 990 2129 1046 He-

542 1067 710 1130 rodis,
742 1068 913 1124 libera
944 1087 1030 1125 me
1077 1072 1218 1143 (Act.
1244 1076 1365 1141 sn).
1402 1077 1629 1133 Domine
1677 1081 1985 1147 benedicte,
2013 1083 2129 1154 κιο.

539 1156 706 1221 riose,
734 1160 975 1227 piissime
1002 1164 1177 1230 vides,
1206 1175 1261 1221 et
1291 1169 1410 1238 ipse
1436 1171 1784 1229 conscientia:
1810 1190 1944 1230 mete
1972 1178 2128 1234 testis

538 1262 623 1307 es,
655 1250 779 1318 quia
803 1251 924 1306 volo
961 1252 1100 1307 mala
1128 1245 1261 1311 'mea
1307 1267 1501 1313 cuncta
1534 1276 1793 1331 respuere
1815 1267 2128 1335 sanctisque

542 1340 652 1396 tuis
671 1340 1027 1413 jussionibus,
1060 1355 1120 1400 ut
1148 1348 1369 1418 dignum
1404 1359 1490 1405 est
1516 1392 1533 1412 ,
1578 1353 1831 1420 obedire;
1874 1357 1975 1410 sed
2000 1359 2127 1426 quia

540 1446 753 1502 nequeo
768 1449 832 1488 ex
854 1452 961 1501 me,
982 1453 1141 1508 spero
1172 1440 1224 1494 in
1251 1449 1322 1495 te.
1343 1440 1459 1498 Non
1475 1444 1620 1498 enim
1639 1445 1855 1500 invenio
1878 1447 1929 1500 in
1957 1464 2127 1506 carne

543 1538 662 1577 mea
703 1524 921 1580 bonum.
950 1528 1016 1582 Et
1046 1546 1254 1592 revera,
1303 1532 1547 1594 Domine,
1583 1536 1706 1605 quis
1741 1552 1978 1609 unquam
2003 1557 2131 1595 san-

541 1625 756 1671 ctorum
771 1634 835 1672 ex
862 1635 921 1674 se
942 1622 1200 1678 Virtutem
1238 1625 1320 1680 vel
1336 1629 1679 1684 sanctitatem
1694 1631 1896 1687 habere
1916 1636 2087 1704 potuit
2101 1636 2141 1690 Τ

2228 455 2454 523 agente?
2496 454 2657 524 (Luc.
2703 457 2831 528 xv.)
2868 456 3007 524 Quid
3041 466 3127 513 est
3158 460 3303 529 quod
3338 460 3408 515 de
3444 470 3498 516 te
3530 460 3806 532 Propheta

2226 543 2358 597 dicit
2395 561 2409 598 :
2449 543 2586 611 Quia
2630 547 3005 603 miserationes
3057 557 3161 603 tua
3221 558 3349 605 sunt
3398 565 3561 621 super
3619 552 3808 607 omnia

2226 646 2390 701 opera
2431 633 2555 686 tua?
2603 633 2777 704 (Psal.
2802 637 3007 707 cxtrv.)
3041 636 3229 693 Nonne
3266 638 3632 706 tu,Domine,
3677 657 3810 711 per-

2228 723 2422 778 misisti
2475 734 2526 778 te
2573 724 2646 779 ab
2684 726 2774 781 illa
2821 729 3167 797 spurcissima
3221 725 3277 785 el
3342 730 3639 786 fedissima
3687 746 3811 787 mu-

2226 815 2358 870 liere
2387 817 2658 887 contingi,
2688 833 2811 889 qua:
2849 819 2993 874 ﬂuxu
3020 829 3139 876 erat
3165 821 3444 893 sanguinis
3477 833 3762 880 cruentata
3784 825 3813 876 2

2228 906 2444 978 (Matth.
2484 924 2570 973 tx;
2618 908 2748 962 Luc.
2789 909 2933 977 vnr.)
2964 908 3129 979 Cujus
3177 912 3612 982 presumptiouis
3634 914 3811 969 auda-

2228 1001 2367 1055 ciam
2394 1016 2501 1055 non
2530 1001 2691 1057 modo
2713 1000 3025 1057 nullatenus
3050 1002 3451 1070 condemnasti,
3487 1005 3582 1060 sed
3608 1013 3669 1059 ut
3709 1018 3809 1060 sa-

2228 1091 2397 1147 lutem
2439 1106 2659 1162 quoque
2682 1107 2805 1146 cum
2835 1092 2952 1162 ipsa
2981 1092 3287 1149 vestimenti
3326 1093 3538 1149 ﬂmbria
3568 1104 3810 1165 raperet,

2228 1180 2519 1237 indulsisti.
2549 1181 2735 1238 Nonne
2769 1190 2845 1247 tu,
2878 1183 3161 1240 mitissime
3184 1182 3432 1249 Domine,
3460 1198 3587 1240 eum
3615 1185 3810 1239 muli-

2226 1272 2342 1326 vira
2371 1271 2459 1326 illa
2502 1272 2842 1328 Samaritana
2889 1274 3035 1345 loqui
3076 1274 3330 1345 dignatus
3374 1275 3470 1331 es?
3492 1274 3808 1347 (locauit)

2228 1364 2367 1430 sive,
2387 1364 2541 1433 quod"
2560 1362 2731 1432 majus
2760 1379 2873 1429 est,
2905 1366 3149 1436 nunquid
3184 1379 3291 1421 non
3316 1380 3441 1422 cum
3470 1364 3807 1430 Chananaea,

2227 1469 2347 1523 quze
2374 1455 2633 1509 adorabat
2683 1453 2842 1521 idola,
2872 1455 3198 1525 colloquium
3244 1456 3549 1511 miscuisti?
3586 1455 3806 1526 (Hemi.

2228 1546 2485 1615 xv.)Ejus
2500 1546 2721 1615 insuper
2742 1546 2907 1600 tiliam
2928 1562 2959 1601 a
2984 1546 3252 1602 daemonio
3268 1547 3531 1602 maternis
3551 1548 3810 1620 precibus

2228 1633 2507 1689 liberasti?
2536 1633 2689 1689 Hanc
2708 1634 2852 1690 circa
2895 1649 3009 1701 me,
3034 1650 3239 1705 quaeso,
3272 1635 3522 1701 Domine,
3546 1637 3814 1692 miranda

540 1709 666 1776 quis
686 1722 782 1774 per
794 1725 874 1773 se,
896 1712 1015 1768 sine
1041 1714 1274 1780 auxilio,
1297 1716 1652 1786 perfectionis
1673 1720 1890 1777 culmen
1924 1738 2120 1779 ascen—
2151 1717 2197 1776 Β
2225 1727 2440 1797 pietatis
2462 1737 2565 1784 tute
2594 1727 2832 1798 regulam
2855 1727 3080 1796 exhibe;
3097 1729 3433 1784 exstinctum
3449 1729 3646 1784 anima
3672 1743 3821 1784 mea

538 1798 654 1852 dit?
680 1799 863 1862 Certe,
898 1802 1151 1867 Domine,
1181 1822 1287 1862 non
1328 1808 1544 1875 Petrus,
1584 1826 1691 1866 non
1741 1812 1970 1876 Paulus,
2016 1829 2124 1870 non

539 1898 764 1960 martyr,
793 1907 901 1946 non
932 1894 1231 1964 apostolus.
1260 1913 1367 1951 non
1396 1898 1631 1969 denique
1657 1900 1759 1970 ipsi
1784 1902 1988 1973 angeli,
2016 1917 2122 1957 non

538 1979 819 2036 cherubim
834 1994 927 2037 aut
947 1986 1364 2055 seraphitn,nisi
1379 2006 1408 2043 a
1437 1999 1491 2046 te
1509 1992 1895 2062 percepissent,
1923 1994 2122 2050 donum

537 2070 754 2140 aliquod
780 2073 979 2132 habere
1006 2078 1335 2146 potuissent.

610 2159 666 2216 Si
695 2178 827 2234 ergo
845 2165 973 2234 ipsa:
994 2168 1223 2225 virtutes
1242 2171 1505 2228 caelorum
1528 2175 1659 2229 nihil
1685 2174 1886 2231 habent
1909 2192 1938 2231 a
1963 2177 2016 2248 3
2039 2194 2122 2243 se,

538 2252 633 2308 sed
668 2256 847 2309 omnia
877 2270 1237 2330 perceperunt
1279 2279 1309 2317 a
1341 2273 1413 2330 te,
1437 2266 1566 2333 quid
1617 2282 1749 2338 ergo
1776 2267 1903 2322 boni
1934 2286 1966 2323 a
2014 2285 2122 2334 me,

538 2342 631 2411 qui
677 2359 797 2398 sum
828 2355 1043 2403 stercus
1091 2360 1147 2405 et
1179 2354 1381 2409 vermis
1400 2396 1415 2418 ,
1442 2355 1620 2424 pulvis
1648 2366 1706 2411 et
1732 2358 1894 2424 cinis,
1920 2360 2126 2428 poteris

538 2445 873 2504 exspectare.
908 2439 1013 2492 nisi
1055 2443 1196 2510 quod
1243 2443 1359 2514 ipse
1405 2445 1644 2516 digneris
1692 2448 2012 2504 infundere?
2044 2449 2124 2503 Tu

540 2524 685 2578 enim
715 2541 775 2580 es
806 2527 966 2582 Pater
1012 2530 1299 2598 luminum,
1337 2550 1367 2587 a
1414 2550 1524 2605 quo
1555 2551 1722 2592 omne
1767 2539 1955 2594 datum
1985 2541 2125 2610 npti-

554 2632 701 2671 nium
753 2635 1020 2692 omneque
1052 2625 1252 2679 donum
1284 2628 1580 2695 perfectum
1618 2629 1757 2699 (loc.
1782 2634 1841 2699 ι).
1865 2631 1945 2686 'fu
1984 2648 2063 2698 es,
2092 2650 2122 2687 a

536 2720 649 2774 quo
679 2710 819 2765 bona
846 2725 1037 2767 cuncta
1059 2717 1375 2784 procedunt.
1404 2719 1482 2773 Tu
1512 2721 1631 2776 fons
1655 2723 1797 2778 vita.
1825 2724 1904 2777 Tu
1934 2735 2125 2781 auctor

541 2798 732 2855 salutis
759 2811 996 2858 :eternze.
1025 2802 1177 2861 Sicut
1199 2808 1344 2862 enim
1370 2817 1528 2864 terra:
1554 2826 1667 2866 non
1702 2827 1733 2865 a
1761 2827 1822 2866 se
1851 2814 1989 2882 ipsa,
2026 2815 2124 2873 sed

541 2891 608 2942 de
631 2890 769 2945 etelo
797 2907 1014 2963 semper
1055 2895 1235 2951 lumen
1270 2896 1602 2965 infunditur;
1634 2901 1715 2956 sic
1766 2902 1950 2956 anima
2000 2918 2121 2959 mea

541 2979 683 3034 sicut
712 2989 855 3037 terra
905 2984 1025 3038 sine
1050 3001 1188 3055 aqua
1240 2988 1335 3043 tibi
1365 2988 1542 3060 (Psal.
1594 2993 1797 3061 cxut),
1831 2995 2120 3049 tenebrosa

542 3073 752 3142 squalet
778 3090 993 3146 semper
1011 3087 1066 3133 et
1087 3079 1262 3146 arida,
1289 3080 1391 3136 nisi
1422 3088 1527 3136 tuae
1545 3084 1736 3152 gratire
1763 3099 1886 3139 rore
1905 3084 2120 3155 perfusa
2149 3072 2194 3132 C

540 3164 615 3215 tui
655 3164 958 3234 splendoris
1014 3170 1167 3225 radio
1215 3173 1379 3227 fuerit
1438 3173 1730 3230 illustrata.
1785 3172 1854 3230 Et
1905 3177 2122 3247 quidem

546 3254 764 3320 inquiro
789 3257 929 3325 apud
980 3273 1089 3322 me,
1118 3260 1366 3326 Domine,
1398 3272 1459 3317 ut
1489 3264 1585 3319 tibi
1634 3265 1702 3319 de
1750 3267 1882 3321 meis
1918 3266 2121 3336 aliquid

541 3341 791 3410 oﬂ'eram,
820 3346 945 3411 sed,
974 3363 1097 3402 cum
1132 3350 1316 3404 omnia
1354 3353 1460 3407 mei
1508 3357 1745 3422 pectoris
1791 3370 1989 3409 arcana
2037 3370 2124 3411 re-

541 3433 724 3498 volvo,
774 3436 910 3492 nihil
940 3438 1012 3493 ibi
1045 3439 1146 3495 nisi
1197 3440 1450 3498 tenebras
1486 3444 1647 3500 video
1669 3486 1683 3509 ,
1735 3446 1871 3500 nihil
1898 3448 2122 3501 omnino

547 3525 652 3578 nisi
682 3525 937 3580 vitiorum
969 3529 1195 3584 tribulos
1233 3540 1290 3586 et
1334 3534 1521 3601 spinas
1548 3536 1782 3589 invenio.
1815 3537 1949 3591 Vide
1969 3552 2119 3608 ergo.

542 3613 793 3681 Domine,
842 3618 1114 3673 miseriam
1159 3637 1378 3689 meam,
1429 3626 1550 3679 vide
1591 3635 1755 3680 tanta:
1791 3630 2125 3697 paupertatis

540 3706 827 3777 inopiam,
878 3709 1118 3779 mihique
1156 3715 1589 3781 compunctionis
1639 3717 1871 3784 gratiam
1925 3718 2117 3782 tribue,

542 3814 663 3868 qua:
692 3800 894 3855 anima}
913 3818 1045 3858 mea:
1075 3804 1375 3872 rubiginem
1414 3815 1629 3878 tergere
1656 3819 1874 3879 tamque
1894 3819 2120 3865 cruenta

542 3906 789 3946 meorum
815 3892 1103 3949 criminum
1136 3896 1310 3951 valeat
1338 3896 1744 3966 inquinamenta
1775 3899 1982 3957 lavare.
2008 3901 2119 3955 Ex-

541 3982 704 4052 pelle,
742 3983 990 4050 Domine,
1041 3985 1211 4056 frigus
1256 3988 1360 4044 hoc
1400 3997 1563 4057 atque
1608 4000 1880 4061 torporem
1906 3991 1975 4048 de
2001 4007 2122 4048 meo

535 4080 779 4141 pectore,
803 4082 856 4127 et
882 4073 1149 4129 ﬂammam
1174 4077 1225 4130 in
1249 4092 1335 4132 me
1356 4077 1683 4135 dulcissima:
1712 4090 1815 4135 tute
1837 4081 2125 4139 charitatis

540 4164 798 4220 accende.
838 4164 1089 4237 Nunquid
1127 4170 1271 4223 enim
1296 4209 1311 4233 ,
1352 4169 1596 4227 Domine.
1651 4172 1970 4228 immensam
2019 4184 2123 4228 tua:

545 4254 765 4321 pietatis
790 4255 1176 4312 abundantiam
1210 4273 1329 4312 mea
1359 4258 1560 4315 valebit
1599 4259 1855 4329 iniquitas
1878 4262 2124 4327 vincere,

540 4361 703 4413 quam
728 4346 895 4401 totius
923 4349 1107 4403 mundi
1132 4363 1239 4404 nan
1261 4360 1550 4417 potuerunt
1570 4353 1802 4407 crimina
1827 4355 2124 4422 superare?

539 4433 679 4489 Nam
709 4450 832 4490 cum
863 4445 1007 4490 totus
1040 4453 1179 4506 pene
1206 4422 1439 4494 mundus
1483 4451 1629 4495 esset
1666 4441 1988 4497 idololatria:
2029 4445 2124 4497 de—
2153 4429 2200 4488 ί)

541 4525 710 4588 dittts,
744 4527 866 4596 quis
902 4534 952 4581 te
982 4543 1173 4598 rogare
1200 4542 1570 4598 prmsumeret,
1603 4540 1658 4584 ut
1687 4547 1846 4602 quem
1874 4534 1995 4589 coeli
2018 4550 2125 4588 non

544 4619 768 4691 capiunt
812 4619 949 4673 uteri
999 4620 1279 4689 virginalis
1321 4622 1602 4692 angustias
1652 4625 1996 4680 habitaturus
2036 4627 2125 4681 in-

542 4712 788 4774 visercs,
831 4711 1177 4767 mortalitatis
1224 4720 1425 4767 nostra:
1477 4713 1719 4767 membra
1771 4715 2121 4783 susciperes,

543 4807 736 4860 mortis
756 4805 1112 4861 atrocissimas
1142 4814 1413 4860 tormenta
1445 4806 1741 4875 perferres,
1771 4817 1833 4862 ut
1875 4808 2123 4866 inimicos

540 4905 664 4951 tuos
692 4910 723 4950 a
749 4896 939 4950 mortis
982 4896 1176 4952 debita:
1218 4896 1481 4966 supplicio
1524 4897 1817 4954 liberares?

611 5004 672 5058 Si
714 5021 846 5072 ergo
866 5046 881 5069 ,
911 5005 1336 5061 clementissime
1365 5015 1422 5061 et
1442 5007 1692 5076 piissime
1723 5008 1951 5064 Domine
1976 5050 1991 5074 ,
2023 5010 2124 5063 mi-

541 5094 850 5148 sericordiae
876 5107 980 5150 tute
1009 5096 1434 5166 magnitudinem
1473 5098 1639 5153 totius
1682 5100 1866 5153 mundi
1918 5098 2121 5169 ﬂagitia

542 5194 649 5233 non
671 5180 939 5246 vicerunt,
972 5186 1130 5239 unius
1160 5185 1314 5240 canis
1342 5188 1536 5241 mortui
1570 5199 1791 5257 peccata
1828 5197 2121 5258 quantum-

542 5268 678 5323 libet
724 5272 907 5335 gravia
958 5276 1331 5342 superabunt?
1367 5277 1522 5331 Absit
1568 5280 1668 5333 hoc
1692 5296 1721 5332 a
1755 5289 1829 5342 te,
1870 5279 2116 5333 Domine.

2226 1823 2459 1878 infelicis
2484 1823 2776 1893 igniculum
2806 1822 2893 1877 his
2914 1822 3021 1878 olei
3051 1824 3129 1878 tui
3172 1823 3453 1878 inmitibus
3479 1824 3815 1879 reaccentle-

2225 1914 2342 1969 Non
2379 1913 2553 1978 huii,
2583 1929 2689 1968 non
2735 1914 2882 1969 Petri
2928 1914 3357 1971 misericordiam
3404 1932 3636 1986 quaero,
3674 1919 3813 1988 quia

2224 2007 2353 2061 dum
2383 2002 2520 2060 alter
2548 2006 2874 2077 ignorantia,
2903 2006 3044 2061 alter
3094 2007 3287 2063 timore
3334 2008 3603 2077 peccavit,
3646 2008 3819 2064 facile

2226 2107 2453 2169 uterque
2480 2098 2692 2153 veniam
2725 2097 2979 2153 obtinuit.
3028 2097 3161 2152 Illud
3218 2099 3373 2165 mihi,
3402 2099 3645 2169 piissime
3692 2101 3809 2155 Do-

2224 2192 2391 2258 mine,
2420 2191 2806 2247 misericordia:
2851 2202 2954 2247 tua:
2979 2206 3151 2263 genus
3180 2193 3418 2265 indulge,
3449 2194 3581 2251 illud
3609 2196 3823 2250 anim

2224 2300 2360 2340 mea:
2387 2284 2687 2355 languenti,
2716 2283 2807 2339 vel
2837 2283 3060 2355 iamiam
3087 2285 3269 2354 potius
3292 2286 3569 2351 morienti,
3595 2288 3810 2342 suavis-

2224 2376 2376 2433 simre
2406 2377 2683 2432 medicina:
2697 2386 2801 2432 tua:
2829 2376 3078 2447 poculum
3099 2378 3338 2449 porrige,
3351 2379 3497 2448 quod
3524 2378 3724 2435 latroni
3750 2380 3807 2434 in

2226 2482 2388 2522 cruce
2414 2466 2668 2536 pendenti
2706 2466 3016 2522 misericors
3037 2467 3337 2533 obtulisti,
3353 2483 3586 2538 eumque
3612 2469 3807 2524 absor-

2225 2567 2373 2627 ptum
2396 2572 2466 2612 ex
2492 2556 2838 2627 deglutientis
2859 2558 3052 2612 mortis
3094 2556 3349 2613 faucibus
3389 2559 3625 2613 eduxisti
3648 2556 3803 2631 (Luc.

2226 2648 2405 2713 mu).
2436 2647 2568 2703 Illud
2616 2657 2719 2704 tute
2756 2649 3144 2705 misericordiae.
3188 2665 3361 2720 genus
3388 2665 3610 2719 quem,
3655 2652 3809 2722 quod

2222 2741 2573 2810 deprehensa:
2597 2741 2649 2795 in
2672 2740 2939 2796 adulterio
2962 2740 3236 2811 praebuisti
3265 2739 3322 2812 (J
3325 2758 3449 2795 oon.
3477 2744 3634 2809 vui);
3659 2743 3802 2811 quod

2223 2832 2511 2904 peccatrici
2563 2832 2616 2885 in
2664 2832 2825 2885 domo
2877 2830 3115 2886 Simonis
3159 2830 3430 2885 contulisti
3462 2829 3618 2902 (Luc.
3669 2835 3800 2899 vn);

2222 2942 2345 3004 qua:
2391 2926 2517 2980 dum
2568 2924 2731 2994 pedes
2776 2932 2900 2978 tuos
2944 2922 3003 2994 ἥ.
3046 2922 3290 2978 crinibus
3337 2908 3523 2988 tersit,
3555 2922 3797 2976 animam

2226 3032 2380 3073 suam
2403 3030 2434 3069 a
2463 3024 2806 3086 peccatorum
2833 3015 2991 3069 sorde
3016 3014 3287 3084 purgavit.
3315 3012 3429 3068 Hoc
3466 3012 3626 3067 modo
3649 3013 3805 3067 trahe

2226 3123 2314 3163 me
2349 3105 2421 3161 ad
2450 3115 2523 3169 te,
2553 3105 2800 3160 Salvator
2826 3118 3000 3167 meus,
3028 3103 3261 3158 acceude
3304 3118 3411 3168 nte,
3432 3102 3665 3173 puriﬂca
3690 3118 3799 3156 me.

2223 3192 2554 3263 impleantur
2579 3206 2766 3248 amore
2792 3198 2885 3246 tuo
2909 3189 3095 3244 omnia
3137 3189 3346 3245 viscera
3377 3204 3524 3255 mea,
3549 3196 3612 3244 ut
3633 3189 3799 3245 bene-

2225 3282 2371 3337 dicat
2399 3281 2492 3336 tibi
2523 3280 2703 3335 anima
2750 3293 2889 3344 mea,
2919 3287 2975 3332 et
3003 3277 3295 3335 descendat
3334 3294 3502 3348 super
3529 3292 3618 3334 me
3641 3278 3804 3333 mises

2226 3374 2457 3430 ricordia
2485 3382 2595 3427 tua.
2618 3371 2699 3426 Ad
2729 3371 2831 3426 hoc
2850 3370 2996 3426 enim
3028 3378 3079 3424 te
3106 3368 3267 3424 Pater
3285 3370 3633 3438 omnipotens
3653 3368 3805 3424 misit

2226 3466 2279 3521 in
2311 3475 2505 3531 terras,
2542 3473 2600 3525 ut
2623 3462 2800 3519 salvos
2827 3461 2997 3520 facias
3039 3469 3379 3531 peccatores,
3416 3462 3510 3530 qui
3538 3470 3714 3516 tecum
3742 3471 3798 3514 et

2223 3570 2347 3611 cum
2378 3554 2582 3623 Spiritu
2628 3559 2821 3606 sancto
2847 3549 2981 3604 vivit
3008 3557 3065 3605 et
3110 3558 3300 3620 regnat
3329 3549 3471 3603 Deus
3503 3548 3559 3603 in
3601 3548 3798 3604 accola

2224 3646 2566 3702 mulorum.
2594 3644 2787 3698 Amen.

2576 3737 2639 3791 ll.
2669 3736 2855 3799 Oratio
2894 3736 2966 3789 ad
3004 3734 3172 3789 Deum
3225 3733 3446 3788 Filium.

2295 3829 2622 3893 Recordare,
2647 3828 2873 3886 Domine
2908 3826 3034 3882 Jesu
3076 3826 3311 3892 Christe,
3338 3827 3465 3896 quia
3493 3841 3605 3882 nou
3644 3841 3797 3889 auro,

2223 3923 2309 3976 vel
2359 3929 2622 3990 argento,
2673 3916 2764 3973 sed
2811 3917 3011 3986 pr0prii
3062 3916 3339 3986 sanguinis
3381 3915 3457 3971 tui
3504 3931 3593 3971 me
3624 3917 3799 3987 pretio

2227 4012 2497 4067 redemisti
2523 4010 2579 4075 (1
2602 4008 2748 4064 Patr.
2778 4008 2854 4079 t);
2893 4018 3095 4063 etcum
3124 4018 3178 4061 tu
3211 4007 3288 4061 sis
3322 4006 3443 4063 fons
3483 4017 3675 4079 patens
3699 4009 3798 4064 do-

2225 4118 2346 4156 mus
2382 4101 2547 4155 David
2580 4101 2631 4153 in
2680 4099 2953 4154 ablutione
2991 4097 3295 4168 peccatoris
3321 4106 3378 4153 et
3418 4107 3797 4165 menstruam,

2224 4210 2326 4265 ego
2372 4194 2521 4248 solus
2544 4235 2560 4258 ,
2603 4192 2830 4248 Domine
2851 4234 2867 4258 ,
2917 4201 3079 4249 tanta:
3108 4195 3326 4264 pietatis
3366 4209 3566 4264 expers
3599 4210 3714 4260 ero,
3743 4202 3802 4251 et

2226 4292 2380 4338 extra
2408 4284 2793 4353 redemptionis
2824 4294 2928 4338 tua:
2953 4284 3147 4339 lineam
3178 4284 3503 4340 remanebo?
3546 4284 3658 4341 Ileu
3689 4301 3798 4350 me,

2224 4373 2467 4443 piissime
2494 4373 2739 4437 Domine,
2780 4375 3058 4441 permittes
3080 4390 3166 4430 me
3204 4391 3326 4429 cum
3373 4376 3804 4444 regenerationis

2230 4472 2334 4515 tua:
2377 4464 2579 4525 tunica,
2610 4477 2771 4531 quam
2805 4463 2933 4517 mihi
2965 4463 3182 4528 dedisti,
3223 4479 3346 4518 cum
3378 4463 3575 4519 vexillo
3600 4473 3804 4519 sancta

2227 4552 2440 4622 crucis,
2474 4567 2639 4621 quam
2690 4553 2820 4607 mihi
2864 4555 2917 4608 in
2969 4553 3147 4608 fronte
3195 4554 3447 4623 pinxisti,
3508 4555 3561 4609 iu
3611 4569 3802 4609 manus

2227 4645 2414 4699 venire
2444 4643 2662 4706 diaboli,
2689 4653 2745 4699 et-
2769 4660 2889 4699 cum
2935 4645 3064 4715 ipsis
3112 4645 3220 4699 tuis
3248 4645 3548 4714 insignihus
3585 4646 3802 4699 aeternis

2228 4736 2493 4791 incendiis
2535 4736 2806 4789 cruciari?
2833 4734 2981 4798 Scio,
3015 4735 3261 4799 Domine,
3290 4736 3413 4804 quia
3449 4744 3611 4788 tantze
3634 4735 3801 4804 pieta-

2229 4827 2298 4880 tis
2327 4841 2403 4889 es,
2434 4825 2476 4879 si
2508 4840 2607 4895 ego
2630 4825 2867 4895 perfecte
2902 4834 3193 4879 convertor
3214 4824 3281 4878 ad
3324 4833 3396 4889 te,
3425 4822 3568 4892 quod
3598 4832 3653 4875 tu
3685 4812 3801 4876 sta-
3850 4820 3863 4835 '

2231 4918 2325 4970 tim
2355 4915 2586 4984 recipies
2608 4928 2713 4967 me.
2748 4912 2854 4967 Sed
2894 4914 3020 4982 quia
3055 4920 3214 4968 tanta:
3242 4912 3545 4982 fragilitatis
3566 4920 3619 4967 et
3648 4911 3800 4982 igno—

2228 5006 2419 5061 rantiae
2444 5020 2564 5060 sum
2589 5014 2647 5057 ut
2692 5004 2804 5074 ipsa
2834 5003 3118 5058 conversio
3148 5017 3246 5071 per
3288 5016 3374 5055 me
3400 5001 3519 5054 sine
3552 5009 3606 5055 te
3638 5000 3799 5069 digne

2228 5098 2344 5153 ﬂeri
2391 5113 2495 5151 non
2535 5098 2744 5164 possit,
2797 5104 2853 5149 tu
2909 5109 2996 5147 me
3040 5101 3314 5156 converte,
3346 5091 3488 5145 Deus
3540 5088 3799 5143 salutaris

2227 5202 2400 5246 meus,
2441 5197 2497 5240 tu
2542 5185 2781 5240 illumina
2813 5185 3049 5237 animam
3086 5196 3258 5236 meam
3282 5219 3299 5243 ,
3345 5191 3399 5233 tu
3428 5180 3625 5249 dirige,
3658 5188 3712 5232 tu
3742 5178 3797 5231 in

2228 5291 2316 5330 me
2341 5275 2612 5330 ﬂammam
2669 5286 2772 5328 ture
2815 5272 3116 5327 dilectionis
3163 5270 3418 5325 accende.
3451 5269 3517 5323 Et
3547 5268 3795 5329 forsitan,
