4108 5342
331 334 428 390 9‘2!

1567 333 1878 388 CARMINA
1919 331 2004 387 ΕΤ
2046 331 2336 390 PRECES.
2403 361 2407 364 -

3475 302 3587 391 '9».

330 448 589 514 sulliciat;
625 461 751 503 ecce
798 463 995 518 corpus
1043 462 1218 503 nicum
1247 488 1262 514 ,
1311 464 1409 520 per
1449 448 1595 519 quod
1647 456 1698 502 te
1741 447 1905 501 miser
1929 448 1983 507 Α
2007 447 2170 501 Orate
2196 463 2294 516 pro
2313 463 2611 504 metmscro
2631 457 2682 504 et
2705 447 2943 503 funditus
2972 449 3203 519 perdito,
3232 450 3430 506 domini
3456 452 3584 514 mei,

329 542 561 607 olfendi,
605 551 694 606 tu,
745 543 836 611 qui
880 558 941 597 es
992 543 1294 596 animarum
1345 543 1606 604 medicus,
1649 541 1897 602 verbera,
1945 580 1954 611 ς

328 633 568 706 ﬂagella;
617 635 729 688 sive
777 634 953 704 lepra,
1003 635 1120 690 sive
1170 636 1578 704 quibuscunque
1626 632 1900 688 doloribus
1949 632 1958 690 ἲ

334 725 428 778 tibi
476 724 650 778 visum
699 724 896 787 fuerit,
953 724 1241 778 durissime
1290 732 1536 794 percute.
1585 721 1699 777 Tua
1742 722 1902 791 plane

331 821 582 870 creatura
613 829 754 880 sum,
791 813 1040 869 conditor
1080 829 1258 877 meus;
1307 824 1362 866 tn
1389 829 1473 868 me
1505 815 1610 868 tuis
1632 813 1786 882 cinge
1810 809 1904 867 lla-

331 903 503 975 ge!lis,
547 918 644 958 nec
677 904 860 959 tradas
909 918 993 958 me
1047 905 1100 958 in
1138 907 1351 958 'manus
1393 905 1597 959 inimici
1637 905 1772 970 mei;
1811 911 1904 958 aut

329 995 376 1052 si
403 1011 638 1063 eousque
683 1011 800 1051 mea
855 997 1119 1065 processit
1168 997 1428 1068 iniquitas
1472 998 1618 1052 utin
1652 998 1756 1053 hac
1796 1013 1900 1052 non

331 1084 502 1154 possit
535 1086 642 1140 vita
688 1085 892 1148 deleri,
923 1087 1157 1156 pra-cipe
1204 1101 1376 1157 usque
1418 1088 1485 1142 ad
1529 1089 1670 1143 diem
1713 1087 1903 1157 judicii

329 1175 410 1229 tui
436 1175 596 1231 ul:r's
616 1177 718 1232 bus
746 1193 830 1231 me
855 1177 1034 1246 poenis
1063 1177 1320 1249 aﬂligi,ut
1353 1187 1478 1235 tunc
1499 1179 1688 1233 saltem
1718 1186 1902 1233 extre-

333 1282 451 1322 mus
477 1268 716 1322 omnium
764 1268 1059 1324 electorum
1126 1281 1341 1326 tuorum
1387 1285 1602 1326 merear
1646 1271 1901 1325 inveniri.

331 1358 485 1416 Absit
507 1361 651 1415 enim
687 1376 716 1415 a
743 1377 832 1417 me
850 1370 910 1416 ut
939 1363 1206 1432 postulem
1231 1363 1480 1435 gloriam.
1515 1362 1718 1419 Sufﬁcit
1749 1364 1902 1430 mihi,

331 1461 389 1507 ut
419 1456 793 1510 tantummodo
827 1469 1022 1526 paruas
1054 1457 1303 1512 evadam.

400 1542 506 1600 Sed
536 1547 788 1617 quoniam
820 1563 1009 1617 preces
1039 1564 1190 1612 mere,
1223 1557 1331 1604 tam
1378 1550 1598 1606 sordido
1639 1565 1734 1606 ore
1775 1565 1903 1620 pro-

327 1640 471 1704 latae,
510 1641 578 1693 ad
604 1647 654 1694 te
681 1655 787 1694 non
818 1650 1098 1696 merentur
1125 1643 1441 1706 ascendere,
1480 1653 1532 1697 te
1561 1659 1716 1713 rogo,
1744 1642 1902 1698 beata

324 1730 477 1800 virgo
507 1729 693 1790 Maria,
733 1732 988 1801 templum
1023 1732 1116 1787 Dei
1149 1734 1251 1787 vivi
1279 1775 1294 1798 ,
1340 1734 1461 1788 aula
1492 1733 1653 1805 Regis
1690 1735 1899 1797 aeterni,

325 1821 622 1875 sacrarium
651 1822 887 1891 Spiritus
916 1824 1106 1881 sancti.
1134 1823 1412 1879 benedicta
1440 1825 1580 1877 inter
1610 1823 1896 1888 mulieres;
1935 1801 1976 1859 Β

325 1914 528 1968 τοιίοιρι
568 1931 697 1983 ager
741 1916 1092 1970 sacratissimi
1131 1915 1268 1969 uteri
1325 1915 1402 1969 tui
1455 1916 1675 1970 naribus
1722 1916 1902 1969 cordis

323 2004 458 2066 mei;
489 2020 553 2057 ex
604 2020 730 2072 quo,
773 2003 1026 2059 vi.lclicet
1063 2018 1216 2073 agro,
1249 2004 1375 2057 dum
1423 2005 1639 2057 tmicum
1687 2003 1812 2057 illud
1841 2018 1903 2058 ac

324 2092 594 2161 singulare
622 2093 791 2147 lilium
820 2094 1040 2163 prodiit,
1069 2109 1230 2147 omne
1260 2109 1382 2147 cum
1409 2108 1472 2147 eo
1502 2093 1763 2146 virtutum
1795 2092 1904 2161 Spi-

325 2186 594 2240 ritualium
641 2203 861 2256 germen
904 2187 1101 2257 erupit.
1145 2185 1222 2240 Τιι
1259 2187 1402 2240 cnim
1444 2201 1504 2241 es
1539 2185 1776 2241 caelestis
1815 2185 1904 2238 illa

325 2290 488 2343 terra,
523 2296 641 2350 qua:
683 2279 831 2335 dedit
859 2280 1094 2334 fructum
1141 2296 1317 2335 suum.
1351 2280 1428 2334 Te
1473 2279 1754 2333 materiam
1805 2277 1904 2332 Sa-

322 2374 527 2440 pientia
572 2374 808 2428 cmlestis
835 2374 1041 2435 habuit,
1090 2375 1230 2429 unde
1259 2373 1518 2443 templum
1549 2373 1631 2429 sui
1660 2373 1904 2442 corporis

324 2467 627 2520 fabricavit.
661 2467 735 2521 'l‘e
786 2466 1020 2534 Spiritus
1050 2477 1269 2521 sanctus
1315 2466 1577 2535 implevit.
1611 2465 1686 2519 Te
1735 2466 1906 2520 virtus

324 2556 584 2610 Aliissitni
635 2557 978 2612 ineffabiliter
1020 2555 1381 2610 obumbravit.
1415 2555 1494 2608 Tu
1531 2555 1681 2609 defer
1719 2570 1906 2624 preces

325 2662 472 2702 neas
500 2649 565 2702 ad
591 2649 781 2702 Filium
807 2648 1122 2704 Crratorem
1153 2647 1453 2701 tuum.lmo
1481 2655 1531 2700 tu
1558 2662 1650 2700 ora
1675 2661 1772 2716 pro
1797 2660 1904 2711 me,

326 2751 380 2790 tu
405 2741 654 2802 obsecra,
681 2740 832 2806 cujus
862 2741 1113 2794 nimirum
1138 2748 1262 2793 vota
1291 2753 1397 2792 non
1426 2747 1650 2808 possunt
1678 2737 1903 2806 deSpici,

326 2827 482 2895 cujus
511 2845 697 2896 pret-cs
727 2831 776 2881 in
801 2828 919 2898 ejus
951 2836 1240 2897 conspectu
1273 2835 1545 2896 nequeunt
1571 2827 1904 2894 parvipendi.

328 2917 724 2979 Ecce,Domina
746 2934 886 2980 mea,
902 2917 1084 2970 infelix
1105 2932 1204 2986 ego
1221 2917 1588 2984 deprehensus
1606 2918 1656 2970 in
1682 2916 1908 2970 crimine

326 3010 496 3059 ducor
514 3007 577 3058 ad
605 3007 802 3071 furcas,
819 3017 1002 3075 raptor
1021 3023 1050 3061 a
1075 3007 1363 3076 lglatlium,
1381 3009 1668 3076 pertrahor
1693 3008 1761 3062 ad
1781 3023 1908 3078 sup-

326 3099 566 3166 plicium.
589 3099 851 3166 Exsurgat
871 3115 1001 3168 ergo
1025 3099 1225 3168 Regina
1244 3101 1453 3163 mundi,
1471 3108 1701 3170 opponat.
1729 3115 1806 3165 se,
1824 3101 1906 3154 in-

324 3191 603 3255 grediatur
623 3191 687 3243 ad
712 3191 904 3244 Filium
933 3191 1196 3245 etliheret
1228 3207 1398 3246 reum.
1435 3193 1670 3246 Accurre
1699 3199 1751 3246 et
1777 3199 1905 3256 tu,o

322 3283 378 3352 5
417 3282 665 3344 Michael,
695 3283 932 3337 cmlcslis
957 3282 1158 3339 militiae
1205 3283 1454 3352 princeps
1496 3293 1552 3337 et
1579 3284 1669 3354 qui
1710 3285 1761 3337 in
1805 3285 1908 3339 line

325 3375 510 3427 mundi
563 3383 940 3444 perempturus
973 3389 1033 3429 es
1068 3375 1462 3430 Anticliristum
1491 3384 1678 3430 contra
1741 3377 1905 3430 Deum

322 3480 382 3516 se
438 3464 832 3518 contumaciter
881 3465 1246 3528 extollentem,
1275 3464 1386 3531 jam
1441 3465 1589 3518 illum
1641 3463 1810 3533 dejice
1855 3465 1906 3519 in

319 3556 486 3611 enrde
531 3571 649 3610 meo
701 3571 924 3625 regnare
960 3564 1277 3611 tentantezn.
1312 3556 1503 3611 Libera
1545 3572 1574 3611 a
1615 3556 1908 3610 tentatione

320 3647 556 3704 animum
591 3661 764 3700 meam
815 3647 940 3700 dum
983 3648 1112 3700 vivit
1159 3647 1210 3699 in
1249 3663 1493 3716 corpore,
1531 3657 1588 3700 ut
1629 3664 1748 3702 eam
1787 3655 1907 3717 post

317 3737 785 3808 obitnanrratm-i
811 3753 912 3791 suo
926 3736 1083 3806 digne
1112 3737 1294 3792 valeas
1325 3747 1672 3806 praesentare.
1699 3735 1902 3804 Adjuva

319 3844 408 3882 me
430 3836 484 3878 ct
511 3835 586 3888 tu,
617 3842 648 3877 ο
675 3826 735 3878 Β.
762 3824 1005 3886 Gabriel,
1045 3825 1336 3879 fmderator
1357 3827 1659 3881 ctelestium
1695 3828 1908 3896 nuptia-

322 3935 478 3976 rum;
508 3916 651 3969 salva
684 3934 767 3970 me
799 3917 1048 3984 precibus
1096 3917 1202 3970 tuis
1239 3918 1494 3971 miserum
1543 3928 1903 3988 peccatorem,

320 4011 415 4079 qui
472 4009 618 4062 illum
662 4008 860 4061 missus
888 4021 948 4060 cs
977 4007 1225 4060 nuntiare
1257 4009 1346 4076 qui
1377 4016 1634 4062 venturus
1681 4017 1800 4063 erat
1851 4009 1904 4061 in

320 4101 580 4154 umndum
611 4107 928 4170 peccatores
976 4107 1030 4151 ct
1089 4099 1315 4152 m'sr‘ros
1363 4098 1593 4153 liberare
1653 4098 1804 4168 (Luc.
1841 4099 1902 4168 ι).

320 4193 535 4248 Meiiere
561 4203 613 4246 et
645 4201 694 4245 tu
727 4190 988 4259 languida:
1014 4189 1208 4242 animae
1235 4205 1388 4252 mem,
1415 4187 1476 4242 S.
1507 4188 1764 4256 Bapbael,
1789 4189 1907 4256 quis

317 4300 427 4353 que
483 4282 633 4337 Sara:
684 4280 1008 4335 daemonium
1050 4278 1342 4341 abstulisti,
1372 4285 1425 4330 et
1481 4277 1662 4331 Tobire
1699 4277 1903 4340 oculos,

315 4387 458 4444 quos
483 4371 789 4441 perdiderat
838 4367 1111 4423 reddidisti
1153 4366 1303 4437 (ΤυΙι.
1340 4383 1419 4430 ιιι,
1455 4367 1560 4434 at);
1614 4365 1905 4436 malignum

2002 551 2190 592 omnes
2211 537 2382 593 sancti
2411 538 2525 593 Dei.

2071 647 2138 702 Et
2166 661 2284 718 qua:
2313 657 2396 704 est
2431 657 2538 704 tam
2581 649 2818 705 crudelis
2868 650 3155 705 multitudo
3209 650 3436 721 peccati,
3465 668 3585 722 quae

2002 747 2081 792 tot
2105 748 2412 794 senatorum
2452 740 2755 795 caelestium
2784 751 3054 809 nequeant
3079 739 3469 797 intercessione
3490 741 3589 798 de-

2002 829 2137 884 leri?
2165 828 2273 885 Nec
2301 830 2443 885 enim
2475 831 2702 901 potestis
2744 845 2867 886 esse
2907 831 3277 886 misericordia
3305 830 3460 886 vacui
3491 831 3588 899 qui

2003 936 2124 976 cum
2177 921 2293 992 ipso
2342 921 2489 979 fonte
2539 922 2927 978 misericordiae
2983 922 3415 993 inseparabiliter
3455 922 3591 978 estis

2004 1011 2157 1066 uniti.
2211 1013 2354 1077 Scio,
2389 1013 2636 1081 Domine,
2660 1012 2787 1083 quia
2831 1029 2936 1068 non
2969 1029 3184 1069 mereor
3209 1013 3450 1071 ecclesia:
3482 1023 3588 1071 tua:

2001 1101 2189 1157 limina
2219 1119 2372 1158 sacra
2399 1105 2734 1174 contingere,
2778 1121 2876 1161 nec
2905 1101 3147 1160 infelices
3167 1106 3354 1162 oculos
3382 1107 3448 1162 ad
3477 1122 3588 1162 cm-

2003 1191 2113 1246 lum
2153 1192 2348 1249 levare.
2380 1194 2634 1264 Indignus
2670 1210 2789 1250 sum
2833 1195 3174 1250 benedictum
3201 1205 3257 1252 et
3295 1195 3588 1268 gloriosum

2003 1298 2200 1338 nomen
2229 1294 2373 1337 tuum
2405 1301 2501 1356 per
2523 1285 2724 1355 polluta
2753 1294 2802 1341 et
2832 1285 3085 1356 spurcida
3133 1286 3272 1342 labia
3311 1302 3430 1344 mea
3461 1303 3590 1358 pro-

2002 1371 2175 1438 ferre;
2227 1375 2321 1429 sed
2359 1376 2560 1440 veniat,
2605 1392 2724 1442 oro,
2783 1377 3020 1446 Spiritus
3069 1387 3192 1433 tuus
3242 1379 3296 1434 in
3352 1379 3589 1435 animam

2002 1481 2205 1532 meam,
2233 1468 2480 1523 etomnia
2507 1469 2622 1524 hzec
2644 1469 3052 1539 inquinamenta
3074 1471 3339 1543 detergat.
3359 1469 3415 1528 Si
3444 1470 3590 1528 enim

2002 1556 2082 1611 sol
2115 1556 2237 1621 iste,
2277 1558 2365 1625 qui
2400 1573 2504 1611 non
2539 1559 2604 1612 de
2635 1557 3039 1613 sublimioribus
3070 1559 3175 1614 tuis
3195 1560 3588 1622 estcreaturis,

2005 1655 2184 1702 tantas
2214 1647 2376 1700 habet
2400 1647 2545 1702 vires
2582 1656 2641 1702 ut
2674 1648 2865 1703 sordes
2891 1647 3094 1712 deleat,
3127 1657 3306 1705 terras
3337 1649 3590 1712 illustret,

2005 1751 2133 1790 arva
2176 1735 2454 1800 fecundet;
2501 1747 2703 1804 quanto
2740 1737 2931 1807 magis,
2965 1737 3009 1792 si
3058 1749 3360 1794 coazternus
3384 1750 3438 1795 et
3462 1756 3596 1796 cono

2007 1826 2378 1884 substantialis
2410 1829 2504 1882 tibi
2530 1827 2763 1899 Spiritus
2795 1839 2918 1884 tuus
2961 1829 3227 1886 infelicem
3262 1831 3400 1886 hanc
3438 1830 3586 1884 arbn.

2005 1917 2208 1973 sculam
2244 1927 2580 1972 arescentem
2605 1915 2720 1986 jam
2751 1919 3027 1990 comisque
3054 1920 3313 1974 nudatam
3337 1922 3596 1990 dignetue

2005 2009 2254 2072 invisere,
2283 2008 2443 2064 faciet
2467 2024 2584 2064 eam
2617 2011 2862 2080 protinus
2890 2010 3256 2065 revirescere!
3296 2025 3396 2067 nec
3423 2013 3598 2079 impne

2006 2107 2124 2152 tens
2145 2099 2249 2152 erit
2275 2114 2392 2152 eam
2419 2099 2677 2152 virtutum
2728 2097 2950 2152 ﬂoribus
2991 2112 3055 2153 ac
3110 2099 3455 2154 vernantiutu
3482 2099 3605 2152 {ru-

2004 2199 2186 2244 ctmnn
2247 2191 2444 2246 decore
2498 2191 2718 2246 vestire.
2774 2191 2928 2257 Veni,
2961 2192 3187 2247 Domine
3235 2190 3385 2252 Jesu,
3445 2193 3592 2257 veni,

2005 2283 2176 2338 dulcis
2209 2283 2479 2337 habitator
2510 2283 2560 2337 in
2588 2298 2694 2338 me.
2728 2280 2874 2338 Odor
2909 2292 3031 2338 tuus
3060 2284 3239 2338 omnia
3269 2282 3437 2339 vincit
3463 2299 3593 2338 aro-

2004 2381 2168 2436 mata,
2198 2374 2437 2428 suavitas
2469 2381 2558 2428 tua
2585 2372 2735 2428 favos
2757 2382 2812 2428 et
2844 2374 3023 2427 omnia
3051 2373 3208 2428 mella
3234 2376 3591 2429 transcendit.

2004 2463 2165 2531 Veni,
2192 2465 2441 2529 obsecro,
2473 2473 2757 2535 totumque
2787 2480 2870 2518 me
2896 2472 2987 2518 tuo
3017 2463 3125 2530 juri
3155 2463 3234 2519 sic
3263 2463 3506 2526 vendica,
3538 2475 3601 2525 uc-

2008 2557 2208 2612 nullam
2238 2558 2289 2611 in
2315 2565 2524 2627 partem
2552 2557 2618 2610 de
2649 2564 2850 2611 caetero
2874 2570 2933 2610 se
2975 2563 3240 2626 tyrannus
3275 2552 3476 2608 habere
3502 2570 3594 2607 co-

2005 2657 2246 2721 gnoscat,
2278 2649 2371 2704 sed
2395 2649 2580 2704 dedica
2617 2662 2702 2702 me
2725 2647 2963 2717 undique
2986 2644 3241 2717 templum
3268 2653 3442 2708 tuum,
3465 2643 3591 2712 quia

2009 2754 2061 2797 tu
2078 2759 2138 2798 es
2162 2743 2300 2797 Deus
2317 2752 2371 2796 et
2387 2741 2643 2795 Dominus
2671 2754 2840 2800 meus,
2857 2739 2948 2809 qui
2977 2753 3096 2793 cum
3131 2736 3292 2792 Patre
3306 2743 3361 2792 et
3385 2735 3592 2806 Spiritu

2007 2845 2195 2890 sancto
2232 2834 2368 2888 vivis
2410 2841 2464 2888 et
2491 2845 2687 2900 regnas
2714 2830 2767 2884 in
2797 2828 2989 2885 szccula
3019 2828 3360 2883 smculorum.
3393 2825 3588 2881 Amen.

2227 2966 2312 3020 Ill.
2339 2964 2524 3020 Oratio
2555 2962 2624 3016 ad
2648 2961 2816 3016 Deum
2838 2959 3091 3030 Spiritum
3112 2969 3372 3016 sanctum.

2082 3083 2319 3153 Spiritus
2346 3089 2532 3136 sancte
2561 3080 2726 3142 Deus,
2755 3077 3117 3148 omnipotens,
3153 3075 3595 3132 coessentialiset

2012 3185 2280 3231 cozcterne
2307 3187 2518 3228 summo
2537 3171 2684 3226 Patri
2712 3185 2776 3226 ac
2802 3169 2961 3234 Filio,
2990 3168 3330 3223 inell'ahiliter
3353 3168 3419 3222 ab
3443 3176 3591 3222 utro-

2010 3283 2114 3338 que
2169 3268 2487 3337 procedens,
2537 3264 2684 3320 cordi
2735 3277 2856 3316 meo
2909 3261 3196 3331 dignanter
3243 3258 3483 3322 illabere,
3538 3259 3594 3312 et

2010 3359 2263 3428 nequitia:
2288 3371 2418 3411 mea:
2444 3355 2694 3409 tenebras
2733 3351 2993 3406 miriﬁcus
3018 3349 3312 3403 illustrator
3339 3348 3546 3419 expelle
3573 3365 3588 3413 ;

2011 3458 2069 3502 ut
2100 3448 2237 3502 sicut
2269 3447 2360 3500 Dei
2396 3443 2628 3500 Verbum
2660 3439 2937 3512 virginalis
2965 3440 3142 3508 potuit
3183 3446 3368 3492 uterus
3395 3446 3448 3492 te
3497 3452 3589 3491 su-

2009 3539 2358 3611 perveniente
2395 3535 2710 3604 concipere;
2744 3533 2817 3586 ita
2849 3539 2903 3586 et
2926 3545 3026 3601 ego
3054 3544 3151 3599 per
3178 3527 3434 3582 auxilium
3466 3541 3591 3597 gra-

2010 3633 2097 3686 tia:
2127 3640 2250 3696 ture,
2273 3630 2328 3700 6
2353 3629 2601 3682 eumdem
2655 3639 2788 3679 mea:
2817 3623 3006 3678 salutis
3067 3623 3356 3676 Auctorem
3384 3618 3591 3673 valeam

2009 3739 2222 3794 semper
2263 3723 2315 3776 iu
2348 3729 2525 3774 mente
2556 3726 2796 3789 portare.
2821 3716 2899 3770 Tu
2931 3715 3097 3780 enim,
3125 3715 3368 3778 Domine,
3400 3713 3489 3767 lux
3533 3728 3596 3766 es

2008 3817 2294 3878 mentium,
2329 3824 2383 3867 tu
2416 3811 2585 3866 virtus
2616 3811 2884 3874 cordium,
2926 3817 2980 3864 tu
3021 3808 3126 3862 vita
3155 3823 3214 3861 cs
3267 3807 3590 3860 animarum.

2008 3906 2087 3960 Tu
2112 3906 2340 3976 largitus
2367 3918 2427 3957 es
2445 3902 2652 3957 sanctis
2679 3900 2937 3971 apostolis
2959 3907 3017 3952 ut
3045 3899 3111 3951 ad
3141 3897 3356 3968 plenum
3382 3897 3594 3952 redem-

2008 3997 2206 4066 ptionis
2235 3996 2485 4047 humana:
2535 4000 2874 4045 sacramenta
2913 3994 3303 4056 cognoscerent
3351 3994 3406 4041 et
3464 3986 3592 4040 ﬁdei

2010 4089 2248 4158 regulam
2301 4082 2564 4137 inoll‘euso
2605 4081 2850 4136 veritatis
2875 4079 3044 4133 limite
3077 4078 3458 4148 praedicarent.
3510 4075 3593 4132 Tu

2009 4179 2202 4232 dedisti
2230 4177 2405 4230 beatis
2428 4173 2758 4244 martyribus
2779 4181 2978 4226 sanctse
3001 4170 3266 4224 libertatis
3286 4169 3590 4235 audaciam,

2009 4280 2069 4323 ut
2118 4281 2172 4323 ct
2218 4267 2404 4322 mundi
2458 4265 2726 4334 principes
2781 4277 2885 4318 non
2913 4268 3214 4315 metuerent
3245 4268 3301 4314 et
3325 4258 3592 4328 exquisita

2008 4376 2286 4432 ptrnarum
2312 4373 2508 4429 genera
2533 4355 2965 4411 constantissima
2987 4351 3395 4422 longanimitate
3419 4359 3593 4403 trans-

317 4438 392 4516 υἷι)
431 4438 608 4514 anima
642 4474 756 4513 mea
783 4458 1052 4528 spiritum,
1086 4458 1176 4526 qui
1207 4458 1381 4510 virum
1409 4457 1523 4524 ejus
1544 4456 1816 4511 Christum
1841 4456 1908 4510 ab
1940 4489 1984 4548 ο
2012 4453 2170 4507 irent.
2205 4451 2283 4503 Τιι
2332 4449 2544 4502 locutus
2594 4460 2654 4500 es
2698 4445 2750 4498 iu
2779 4441 3074 4514 prophetis,
3105 4450 3160 4494 tu
3185 4440 3236 4543 in
3267 4438 3593 4548 patriarcbis

319 4577 383 4614 ea
419 4560 658 4614 dividere
684 4570 937 4623 conatur,
966 4559 1192 4613 exclude
1219 4566 1272 4613 ct
1300 4574 1442 4613 ca‘co
1483 4558 1630 4613 cordi
1673 4572 1794 4612 meo
1829 4557 1909 4610 lu-

320 4661 488 4716 minis
523 4660 686 4729 jnbar
737 4657 977 4714 infunde.
1012 4659 1178 4714 Orate
1232 4675 1332 4727 pro
1382 4674 1489 4723 me,
1519 4671 1707 4712 omnes
1736 4657 1909 4711 sancti

319 4763 522 4832 angeli,
553 4777 742 4816 omnes
771 4760 945 4815 sancti
975 4760 1306 4830 archangeli,
1335 4773 1524 4813 omnes
1577 4765 1779 4812 sanctae
1802 4757 1911 4811 vir.

324 4873 488 4924 tutes,
523 4876 713 4915 omnes
736 4869 936 4914 sancta:
963 4868 1282 4930 potestates,
1310 4872 1496 4913 omnes
1521 4866 1722 4912 sanctae
1743 4856 1915 4911 domi-

322 4965 593 5027 nationes,
623 4978 812 5017 omnes
860 4963 1032 5017 sancti
1087 4963 1438 5031 principatus.
1489 4959 1596 5016 Ora
1647 4975 1748 5031 pro
1802 4975 1908 5025 me,

323 5074 513 5120 sancte
566 5067 765 5120 chorus
815 5065 1016 5128 throni,
1046 5081 1142 5120 ora
1181 5080 1280 5135 pro
1330 5080 1438 5128 me,
1470 5071 1658 5116 sancte
1711 5062 1912 5118 chorus

323 5164 604 5198 nlnnrnlﬁm
667 5178 758 5198 non:
808 5181 907 5198 ιιι-’Λ
958 5181 1042 5198 ann
1117 5172 1306 5198 οτι-τρια
1364 5162 1559 5198 nhnr-nc
1611 5161 1883 5198 cornn'sirn

2013 4545 2134 4599 fidei
2167 4542 2514 4597 fundamenta
2552 4536 2898 4593 constituisti.
2926 4534 3003 4588 Τιι
3037 4532 3241 4589 sanctis
3267 4531 3515 4585 omnibus
3541 4540 3595 4584 et

2011 4640 2146 4693 velle
2174 4647 2229 4690 et
2277 4649 2449 4706 poSse,
2482 4631 2830 4700 omniumque
2867 4629 3124 4681 virtutum
3181 4622 3358 4684 ﬂores,
3396 4622 3594 4692 quibus

2013 4730 2250 4785 cmiest'a
2300 4725 2641 4784 scanderent,
2674 4719 2965 4791 praebuisti.
2997 4719 3059 4771 Et
3085 4731 3206 4785 ego,
3236 4723 3484 4783 peccator
3514 4714 3587 4766 iu-

2017 4823 2167 4886 felix,
2195 4819 2462 4889 quomodo
2486 4817 2604 4872 sine
2628 4823 2679 4867 te
2704 4812 2885 4865 salvus
2919 4810 3032 4863 ficri
3065 4807 3234 4871 valeo,
3266 4806 3357 4873 qui
3388 4804 3598 4858 scilicet

2017 4916 2223 4982 absque
2252 4919 2323 4972 te,
2355 4908 2482 4977 quid
2505 4907 2698 4961 saltem
2731 4915 2887 4957 orare
2915 4899 3160 4959 debeam,
3193 4909 3300 4948 non
3333 4895 3599 4964 agnosco?

2013 5003 2288 5064 Profecto,
2321 4999 2567 5060 Domine,
2615 4993 2659 5048 si
2717 5003 2773 5046 tu
2826 4989 3053 5052 recedis,
3087 4985 3264 5038 anima
3321 4998 3442 5037 mea
3493 4998 3601 5040 non

2013 5098 2168 5151 vivit.
2193 5091 2343 5146 Sicut
2371 5089 2513 5143 enim
2536 5087 2814 5143 subtracta
2847 5079 3050 5144 anima,
3080 5089 3276 5143 corpus
3301 5077 3604 5138 emoritur;

2901 5189 2999 5198 η..-
3039 5174 3212 5198 ..πῖ-πη
3276 5179 3500 5198 ιὶαηιιι-ιυι
3529 5174 3609 5198 ne.

2608 5182 2717 5198 3..--
2755 5182 2890 5198 ...ιΑιὲ
