4078 6336
2057 101 2082 118 Ο

509 281 615 360 ιω

1349 284 1407 340 5.
1448 283 1650 340 PETRI
1689 273 1973 363 ΒᾼΜῘΑΝΙ
2009 283 2440 340 ΟΡροιοΤΟΜυὸ
2475 283 2602 342 εει]
2642 284 2820 340 PARS
2858 284 2948 338 Π.

3669 292 3781 346 ιιῑι

513 402 757 470 protinus
787 397 1022 456 arelccta
1054 401 1390 456 contabescit
1415 411 1470 456 et
1497 380 1743 464 corruit;
1777 415 1876 456 nec
1926 408 1984 455 ut
2033 401 2163 472 inhA
2192 399 2399 455 hostias
2433 397 2645 468 offerat,
2680 399 2936 456 ineﬂ'abili
2961 409 3066 459 ture
3109 399 3408 460 dulcedinis
3434 404 3592 474 adipe
3633 411 3787 476 sagi-

513 492 692 550 studio
712 481 860 562 puras
881 491 1141 547 orationis
1170 502 1488 548 exerceatur
1510 494 1766 564 assurgit.
1817 493 2092 550 Descende

511 597 644 654 ergo
673 582 724 636 in
751 598 860 656 tne,
893 579 1194 638 viviﬁcator
1221 593 1423 638 aeterne
1445 623 1460 647 ,
1485 584 1700 654 meique
1723 585 1958 652 pectoris
1979 583 2092 654 gla-

513 673 651 729 ciem
705 671 920 726 ﬂamma
953 683 1054 727 tua:
1095 673 1340 728 caritatis
1383 674 1636 730 accende.
1691 673 1878 730 Praebe
1928 674 2090 743 capiti

514 774 634 815 meo
663 776 880 830 aquam.
911 770 964 816 et
990 777 1208 816 saxeam
1239 762 1418 816 cordis
1445 763 1546 817 mei
1573 763 1782 818 resolve
1801 763 2086 830 duritiam';

513 861 677 922 super
725 851 828 906 hoc
878 853 1084 906 scilicet
1127 852 1451 906 elementum
1487 895 1504 915 ,
1555 855 1814 920 Domine,
1858 863 1914 908 et
1967 863 2093 908 ante

508 941 696 997 mundi
723 943 987 1013 originem
1009 941 1272 998 ferebaris
1293 941 1445 1013 (Gen.
1475 943 1539 1014 t);
1565 951 1622 998 et
1647 960 1788 999 nunc
1813 946 1880 998 azl
1907 943 2095 1014 puriﬁ-

511 1035 782 1088 cationem
813 1033 1116 1087 animarum
1155 1032 1208 1086 in
1252 1033 1464 1088 viviﬂca
1514 1033 1676 1089 fontis
1727 1033 1925 1090 ﬂuenta
1967 1037 2093 1088 des-

511 1125 717 1180 cendis.
748 1123 881 1178 Veni
907 1138 1036 1185 ergo
1069 1123 1120 1177 in
1153 1138 1238 1178 me
1264 1139 1384 1178 cum
1433 1140 1570 1195 aqua
1619 1125 2048 1194 compunctionis
2074 1165 2090 1190 ,

511 1223 566 1267 et
594 1223 776 1283 potum
803 1212 932 1266 mibi
957 1212 1022 1266 da
1056 1213 1109 1267 iu
1141 1211 1401 1284 lacrymis
1432 1213 1486 1268 in
1525 1229 1801 1268 mensura.
1848 1215 1940 1268 Vae
1966 1214 2094 1268 mibi

512 1306 714 1360 misero
758 1305 1070 1374 peccaturi,
1123 1305 1214 1374 qui
1274 1314 1328 1360 et
1378 1306 1790 1362 innumerabilia
1857 1307 2096 1374 quotidie

511 1392 687 1448 ﬂenda
717 1409 783 1448 co
809 1395 1018 1458 nrnitto,
1051 1405 1102 1450 et
1136 1405 1314 1449 tamen
1341 1394 1470 1450 ﬂere
1523 1412 1630 1451 non
1671 1397 1824 1452 valeo
1852 1397 1864 1450 !
1921 1397 2096 1452 Imber

511 1498 642 1553 ergo
669 1485 856 1554 gratia:
880 1493 981 1538 tua:
1003 1525 1016 1548 ,
1052 1485 1310 1548 Domine,
1340 1486 1390 1539 di
1427 1486 1563 1540 tillet
1593 1487 1643 1539 in
1677 1502 1761 1541 me
1787 1529 1802 1554 ,
1831 1497 1888 1540 ut
1916 1488 2094 1540 anima

511 1587 634 1626 mea
660 1613 674 1635 ,
709 1588 827 1641 qua:
855 1588 884 1625 a
916 1573 1039 1627 vita:
1067 1573 1211 1627 fonte
1237 1575 1497 1629 recedens
1541 1585 1793 1642 aruerat,
1843 1592 1942 1647 per
1993 1586 2098 1630 tute

507 1660 840 1716 v'sitationis
865 1659 1100 1716 adlatum
1143 1662 1356 1718 noviter
1387 1663 1698 1720 rexiresrat.
1728 1665 1980 1720 Paratum
2004 1683 2097 1722 cor

2192 498 2316 544 nata
2335 489 2672 560 pinguescat.
2701 489 2946 547 lllumiua
2977 507 3083 556 me,
3115 491 3206 548 lux
3242 495 3509 560 veritatis,
3531 503 3788 558 ,accen-Je

2191 595 2298 646 me,
2329 579 2550 650 puriftea
2580 596 2684 636 me.
2719 581 2797 635 Tu
2825 582 2969 636 enim
3012 597 3074 638 es
3099 583 3325 653 largitor
3358 587 3784 654 charismatum,

2193 681 2249 725 tu
2288 680 2476 726 auctor
2497 671 3010 733 sanetilieatiouum,
3036 682 3092 728 et
3111 675 3351 730 omnium
3377 679 3630 733 remissio
3654 695 3788 750 pec-

2189 771 2463 826 catorum.
2509 761 2587 815 Tu
2631 762 2856 816 virtutes
2907 763 3178 834 angelicas
3214 767 3282 819 ad
3332 782 3571 822 amorem
3627 777 3788 824 ιιιιιιιι

2191 851 2559 907 indesinenter
2582 851 2915 916 inﬂammas;
2947 864 3048 910 tuae
3069 854 3352 910 ebaritatis
3381 858 3631 914 incendio
3653 861 3793 915 rhea

2194 945 2371 1000 rubim
2402 951 2458 998 et
2487 945 2758 1014 scraphim
2781 945 3278 1014 incomparabiliter
3295 959 3544 1004 aestuant.
3567 950 3652 1005 Tu
3675 967 3788 1013 me.

2193 1033 2442 1099 Domine,
2469 1033 2561 1088 tibi
2594 1043 2762 1088 totum
2812 1033 3050 1100 vindica,
3081 1045 3254 1090 totum
3286 1037 3520 1106 posside,
3549 1040 3791 1094 nullam-

2195 1140 2300 1196 que
2334 1125 2390 1180 in
2422 1141 2507 1180 me
2535 1135 2744 1196 partem
2775 1141 2807 1180 a
2854 1135 2908 1182 te
2933 1143 3130 1184 vacare
3157 1129 3412 1198 permitte
3441 1147 3455 1182 :
3489 1131 3584 1184 sed
3636 1131 3791 1185 solus

2195 1217 2250 1272 in
2301 1233 2387 1273 me
2456 1218 2654 1282 vivas.
2719 1233 2914 1288 meque
2984 1218 3078 1274 tibi
3147 1219 3247 1277 soli
3329 1221 3512 1277 vivere
3559 1221 3740 1278 facias
3774 1264 3791 1288 ,

2197 1309 2288 1378 qui
2341 1309 2478 1364 vivis
2525 1319 2582 1364 et
2625 1309 2876 1382 gloriaris
2920 1311 2974 1370 in
3034 1310 3300 1368 Trinitate
3350 1314 3587 1382 perfecta
3641 1333 3794 1372 unus

2197 1406 2252 1451 et
2315 1413 2475 1454 verus
2552 1399 2695 1455 Deus
2761 1415 2860 1470 per
2933 1401 3116 1456 onuxia
3191 1401 3387 1457 sarcula
3458 1404 3794 1460 seculorum

2196 1487 2393 1544 Amen.

2447 1577 2532 1633 Ν.
2561 1581 2645 1633 Ad
2666 1593 2897 1635 sanctam
2927 1581 3232 1638 Trinitatem
3253 1587 3538 1642 orationes.

2271 1666 2347 1722 Te
2371 1669 2556 1730 adoro.
2595 1678 2645 1724 te
2667 1671 2808 1735 colo,
2839 1679 2889 1725 te
2916 1672 3177 1742 gloritico,
3205 1684 3256 1728 te
3287 1677 3598 1746 magniﬂto,
3624 1679 3804 1736 bene—

512 1769 714 1816 mcum,
745 1761 992 1822 paratqu
1031 1770 1126 1810 cor
1177 1771 1374 1809 meum.
1419 1756 1580 1822 Ecce,
1630 1757 1872 1823 l‘omiue,
1911 1773 2101 1812 onmes
2133 1755 2174 1814 Β
2205 1758 2364 1820 dicte.
2395 1759 2759 1830 omnipotens,
2789 1761 2972 1825 Pater,
3001 1773 3054 1816 et
3082 1763 3274 1830 Filius,
3298 1774 3356 1819 et
3397 1765 3637 1836 Spiritus
3665 1785 3802 1823 san-

510 1845 666 1901 s'nus
708 1843 800 1899 tibi
844 1845 947 1900 mei
995 1847 1174 1900 cordis
1199 1846 1406 1916 aperio,
1437 1863 1632 1902 arcana
1671 1849 1906 1918 pectoris
1951 1848 2096 1916 laxo,

513 1947 729 2010 tumque
757 1943 1082 2012 dignationis
1104 1959 1380 1998 accessum
1410 1943 1687 1998 inbianter
1716 1955 1991 2016 exspecto.

585 2031 760 2087 Habet
789 2047 937 2088 certe
979 2035 1167 2090 oculus
1192 2036 1372 2090 carnis
1405 2035 1584 2090 lumen
1627 2051 1806 2104 suum,
1837 2037 2101 2092 visibilem

515 2119 722 2175 scilicet
745 2123 944 2188 solem;
976 2121 1068 2178 sed
1095 2131 1148 2178 te
1170 2124 1396 2178 interior
1426 2124 1586 2178 homo
1626 2139 1776 2178 meus
1800 2131 2095 2194 exspectat,

515 2214 606 2282 qui
635 2213 816 2269 lumen
863 2224 946 2270 est
985 2216 1310 2270 animarum.
1360 2214 1460 2283 Qui
1493 2216 1804 2270 illuminasti
1841 2231 2041 2271 occentu
2067 2231 2100 2270 ιι

516 2303 798 2358 nativitate
829 2303 1012 2373 (Joan.
1048 2304 1146 2376 Ix),
1197 2305 1434 2358 illuznina
1480 2321 1584 2360 me.
1617 2305 1719 2372 Qui
1765 2306 2098 2360 resuscitasti

509 2391 780 2448 Lazarqu
837 2394 1019 2464 (Joan.
1051 2394 1150 2466 xi),
1199 2395 1409 2449 virilica
1439 2411 1545 2450 me.
1591 2395 1728 2458 Heu,
1759 2396 1884 2458 lien.
1917 2395 2102 2452 infelix

519 2485 724 2550 anima,
753 2499 876 2539 cum
909 2494 962 2539 tu
1000 2487 1074 2540 sis
1103 2487 1210 2540 vita
1233 2486 1494 2556 corporis,
1526 2487 1639 2556 ipsa
1665 2485 2099 2555 mortuajaceus,

520 2569 910 2632 vivilicatorem
945 2590 1092 2632 tuum
1144 2578 1347 2634 habere
1399 2577 1660 2647 Spiritum
1706 2595 1812 2633 non
1855 2579 2100 2634 mereris.

516 2668 730 2724 Mortua
753 2667 870 2730 tibi,
898 2668 1034 2722 vivis
1053 2667 1175 2733 alii;
1212 2668 1430 2738 ipsaque
1458 2667 1510 2721 iu
1535 2667 1769 2722 tenebris
1789 2667 2101 2732 constituta,

520 2759 776 2814 exteriori
807 2760 1120 2814 substantia:
1147 2759 1326 2814 lumen
1359 2760 1638 2824 attribuis;
1665 2761 1758 2815 sed
1785 2761 1966 2815 videre
1997 2777 2104 2814 nou

519 2851 687 2916 vales,
713 2852 836 2922 quia
865 2867 966 2906 non
993 2853 1267 2922 proprium
1285 2853 1462 2907 lumen
1493 2855 1678 2908 babes.
1703 2852 1828 2908 Veni
1858 2854 2108 2917 tu,obse-

518 2956 636 3008 cro,
663 2941 897 3010 Spiritus
919 2931 1192 3004 veritatis,
1219 2950 1272 2995 et
1297 2957 1490 2996 omnes
1513 2957 1757 2996 errorum
1791 2941 2046 2996 tenebras
2073 2955 2104 2996 a

519 3048 608 3088 me
627 3041 876 3110 potenter
896 3031 1122 3101 expelle.
1143 3031 1350 3095 Judica.
1378 3032 1894 3096 Domine,noceutes
1919 3047 2026 3100 me,
2051 3041 2106 3087 et

2199 1861 2341 1916 etus,
2372 1851 2544 1905 lrinus
2573 1860 2628 1905 et
2658 1867 2799 1907 unus
2825 1854 2984 1907 Deus.
3017 1853 3227 1924 Adjuva
3271 1869 3378 1919 me,
3417 1857 3664 1920 Domine,
3688 1858 3797 1910 ait-

2200 1939 2345 1994 solve
2369 1954 2471 2002 me,
2499 1940 2722 2009 puriﬁca
2750 1957 2855 2004 me,
2883 1942 3082 1996 munda
3115 1959 3221 2006 me,
3249 1942 3360 1997 Rex
3388 1960 3538 2000 tuens
3560 1956 3616 2000 et
3649 1946 3802 2002 Deus

2200 2044 2374 2084 meus.
2432 2029 2506 2083 Da
2553 2031 2683 2084 milii
2736 2031 3030 2101 justitiam,
3064 2030 3453 2098 fortitudinem,
3485 2049 3806 2105 temperan-

2200 2119 2329 2174 tiam
2353 2127 2408 2174 et
2448 2120 2804 2190 prudentiam.
2833 2121 2904 2175 Da
2953 2123 3083 2175 mibi
3114 2121 3406 2190 perfectam
3431 2124 3618 2186 fidem,
3643 2141 3803 2196 spem

2201 2220 2258 2264 et
2280 2211 2622 2265 charitalem.
2649 2211 2899 2268 Concede
2949 2212 3082 2266 mihi
3114 2213 3375 2282 Spiritum
3405 2215 3710 2284 sapientim,
3745 2224 3801 2268 et

2203 2300 2531 2366 intellectus,
2557 2301 2792 2363 consilii,
2820 2310 2875 2355 et
2907 2299 3262 2374 fortitudinis,
3302 2303 3560 2364 scientim,
3590 2314 3650 2356 et
3683 2303 3808 2372 pie-

2203 2390 2352 2450 tatis,
2385 2399 2440 2444 et
2466 2390 2676 2445 timoris
2717 2390 2816 2444 tui.
2866 2390 2940 2444 Da
2981 2390 3112 2444 mihi
3165 2390 3427 2460 irriguum
3458 2392 3690 2448 inferius
3741 2402 3796 2446 et

2202 2479 2464 2551 irriguum
2491 2479 2760 2557 superius.
2809 2480 2884 2534 Da
2937 2480 3068 2534 mibi
3097 2481 3525 2536 benedictionem
3571 2481 3642 2535 dc
3674 2497 3804 2536 rore

2203 2571 2326 2626 coeli
2358 2579 2409 2626 et
2451 2570 2520 2626 de
2559 2571 2885 2642 pinguedine
2912 2581 3089 2624 terrae.
3132 2569 3402 2634 Mollilica,
3436 2569 3696 2632 Dus-tina,
3723 2571 3806 2624 la-

2201 2664 2420 2733 pideum
2449 2679 2544 2716 cor
2567 2679 2768 2718 meum.
2805 2664 2876 2716 Da
2911 2663 3038 2717 mihi
3063 2664 3532 2734 compunetiouem
3584 2673 3643 2718 et
3671 2680 3811 2718 cou-

2204 2756 2476 2810 tritionem
2510 2755 2710 2820 cordis,
2741 2763 2801 2810 ut
2845 2754 3069 2808 deﬂeam
3118 2755 3529 2810 innumerabilia
3574 2764 3806 2825 peccata

2205 2862 2346 2902 mea.
2371 2846 2616 2911 Domine,
2645 2861 2748 2899 non
2796 2859 2914 2899 sum
2973 2841 3170 2914 dignus"
3209 2852 3265 2898 ut
3312 2845 3508 2898 iutrem
3545 2845 3601 2898 in
3630 2843 3803 2899 eccle-

2205 2939 2344 2994 siam
2397 2947 2564 2992 tuam.
2615 2937 2872 3007 Indignus
2927 2950 3044 2989 sum
3091 2935 3269 2989 levare
3321 2935 3564 2990 infelices
3613 2935 3810 2990 oculos

2194 3044 2358 3094 .meos
2401 3028 2468 3083 ad
2517 3027 2734 3092 caelum,
2787 3025 2870 3081 vel
2917 3026 3222 3096 exprimere
3274 3041 3468 3080 nomen
3503 3035 3657 3080 tuum
3701 3026 3801 3079 b2-

520 3108 2106 3194 expngnaimpngnautesme;apprelteudearmaetscutum,
2138 3108 2183 3169 C
2215 3121 2489 3174 nedictum
2541 3133 2638 3188 per
2667 3115 2806 3170 labia
2856 3132 3006 3182 mea;
3056 3116 3148 3172 sed
3204 3125 3283 3182 ιη,
3334 3116 3424 3186 (illi
3477 3115 3679 3170 οτεθείί
3719 3132 3805 3172 me
3881 3178 3892 3188 .

520 3223 575 3266 et
601 3227 829 3281 exsurge
849 3213 900 3266 in
917 3211 999 3282 adj
1009 3229 1036 3265 ιι
1046 3213 1239 3267 torium
1257 3212 1386 3266 mihi
1411 3211 1583 3283 (Ρδίιι.
1609 3211 1813 3272 xxxrv).
1831 3211 1908 3265 Tu
1925 3211 2111 3280 purifi-

523 3311 678 3356 eator
706 3302 1074 3358 etvivilicator
1099 3301 1350 3372 Spiritus,
1367 3300 1710 3370 omnipotens
1723 3311 1925 3356 aeterne
1947 3301 2105 3363 Deus.

521 3391 662 3462 ignis
685 3407 1096 3448 consumeuses.
1115 3392 1194 3446 Tu
1211 3391 1445 3461 Spiritus
1459 3390 1674 3460 iudicii,
1696 3398 1750 3445 tu
1771 3391 2008 3462 Spiritus
2025 3408 2113 3446 ar-

522 3483 690 3540 doris.
715 3483 938 3553 Corripe
955 3485 1132 3552 itaque
1162 3498 1256 3538 cor
1278 3498 1476 3549 meum,
1500 3492 1555 3538 et
1579 3483 1820 3538 omnium
1834 3483 2112 3554 culparum

523 3575 890 3644 vitiorumque
912 3575 1214 3645 rubiginem
1237 3575 1438 3630 virtute
1467 3576 1539 3630 tui
1563 3576 1774 3631 ardoris
1795 3586 2036 3645 exterge,
2059 3584 2116 3629 et

525 3666 810 3724 inimicum
841 3667 936 3722 tibi
957 3668 1209 3736 nequitia:
1247 3667 1496 3736 spiritum
1527 3683 1557 3721 a
1587 3669 1799 3722 cunctis
1828 3669 1963 3723 meis
1987 3683 2113 3722 sen—

529 3758 683 3812 sibus
706 3771 930 3826 prorsus
955 3757 1196 3812 exelnde.
1229 3757 1498 3828 Evsurgat
1524 3757 1685 3822 Deus,
1711 3767 1767 3811 et
1789 3757 2118 3827 dissipentur

524 3834 734 3901 inimici
749 3845 886 3914 ejus,
902 3845 1282 3918 etfugianta7
1301 3846 1440 3902 facie
1454 3846 1589 3916 ejus,
1607 3848 1697 3916 qui
1711 3847 1944 3904 oderunt
1969 3864 2114 3904 eum.

529 3931 682 3989 Sicut
711 3935 892 3990 deﬁcit
917 3934 1113 4000 fumus,
1145 3935 1428 4004 deficiant;
1458 3937 1598 3992 sicut
1621 3935 1735 3991 ﬂuit
1773 3953 1894 3993 cera
1921 3954 1951 3993 a
1981 3938 2118 3994 facie

529 4026 691 4098 ignis.
716 4027 796 4082 sic
811 4037 1034 4096 pereant
1057 4038 1372 4098 peccatores
1394 4045 1424 4084 a
1445 4029 1584 4084 facie
1601 4030 1693 4084 Dei
1723 4029 1894 4101 (Psal.
1924 4033 2117 4102 van).

528 4113 688 4181 Veni,
712 4131 918 4185 quaeso,
941 4119 1084 4182 veni,
1105 4119 1384 4173 benedicte
1407 4119 1642 4188 Spiritus
1655 4120 1919 4184 veritatis,
1941 4131 1992 4174 et
2009 4136 2125 4174 om-

536 4220 636 4261 nes
657 4221 896 4260 mcorum
922 4207 1189 4262 viscerum
1219 4225 1386 4263 venas
1411 4210 1631 4264 intimus
1649 4219 1918 4264 scrutator
1944 4211 2123 4280 ingre.

537 4297 688 4352 dere.
709 4296 858 4351 Tolle
877 4283 1134 4367 quidquid
1152 4299 1552 4365 fermentatum,
1571 4301 1829 4370 quidquid
1849 4301 2119 4368 vi1iusum,

533 4386 792 4456 quidquid
832 4387 1034 4456 reperis
1071 4388 1245 4442 noxia:
1274 4391 1555 4444 vetustatis
1591 4400 1738 4460 peste
1765 4402 2116 4461 corruptum;

533 4491 728 4545 tneque
757 4476 840 4530 fac
867 4493 1117 4548 azymum
1149 4494 1214 4533 ac
1237 4489 1341 4532 tua:
1376 4480 1652 4535 munditia:
1675 4482 1908 4548 puritate
1939 4484 2114 4539 since-

533 4583 676 4623 rum.
709 4567 894 4623 Redde
921 4583 1006 4622 me
1037 4579 1308 4624 mortuum
1354 4572 1506 4637 mibi,
1542 4573 1806 4628 viventem
1835 4575 1948 4628 tibi.
1980 4573 2117 4630 Mor-

532 4659 682 4716 tifira
735 4659 790 4714 in
836 4675 921 4714 me
962 4675 1161 4716 omnes
1193 4661 1408 4716 fomites
1435 4665 2112 4736 carnaliumvoluptatum,

534 4766 776 4820 excoque
818 4765 904 4805 me
939 4751 1004 4805 ad
1031 4767 1248 4824 purum,
1278 4764 1333 4808 et
1361 4769 1468 4808 non
1519 4755 1690 4809 solum
1717 4757 1882 4822 vitiis,
1916 4760 2009 4812 sed
2063 4770 2120 4815 et

535 4840 739 4895 mundo
761 4855 846 4894 me
874 4840 1036 4895 redde
1059 4857 1279 4910 prorsus
1306 4845 1651 4900 exstinctum.
1680 4845 1832 4915 Veni,
1865 4852 2111 4916 obsecro,

537 4928 774 5002 Spiritus
802 4933 1196 4990 benedictionis
1225 4945 1464 5003 aeternae,
1489 4953 1783 5009 omnesque
1803 4942 1904 4996 mei
1930 4951 2116 5011 pecto-

536 5022 615 5078 ris
663 5023 897 5080 latebras
955 5025 1304 5081 inenarrabili
1343 5038 1446 5084 ture
1497 5029 1800 5088 dulcedinis
1856 5032 2120 5087 suavitate

539 5115 822 5185 perfunde.
846 5116 1039 5171 Anima
1071 5133 1187 5172 mea
1217 5119 1284 5172 ad
1332 5128 1480 5173 tuum
1515 5119 1778 5190 liquescat
1807 5121 2114 5186 adventrum,

541 5205 818 5261 cmlestetti
844 5208 1094 5262 virtutem
1119 5225 1214 5278 per
1239 5219 1290 5263 te
1322 5221 1575 5265 renovata
1602 5211 1892 5281 concipiat.
1919 5212 2002 5266 Ad
2035 5213 2115 5267 sui

539 5296 744 5368 vigoris
776 5291 1037 5368 originem
1065 5300 1248 5354 redeat
1275 5309 1434 5370 atque
1466 5301 1516 5354 in
1544 5317 1784 5356 amorem
1815 5311 1960 5356 tuum
1993 5318 2118 5356 suc-

539 5387 721 5442 censis
747 5389 1042 5442 visceribus
1097 5390 1422 5446 inardescat.
1465 5391 1720 5456 Benedic,
1762 5393 1937 5446 anima
1979 5408 2123 5456 mea,

539 5471 851 5542 Dominum,
883 5488 936 5531 et
966 5481 1143 5534 omnia
1173 5481 1429 5538 interiora
1473 5497 1590 5537 mea
1643 5497 1836 5538 nomen
1876 5492 2122 5538 sanctum

537 5563 658 5634 eius
685 5565 858 5635 (Paul.
887 5569 1003 5635 cn).
1047 5568 1275 5624 chrcm
1303 5574 1488 5640 grata:
1539 5581 1642 5628 tum
1670 5572 2120 5637 benedictionem,

548 5657 788 5726 nomine,
817 5657 995 5713 anima
1026 5675 1140 5716 mea
1173 5663 1460 5733 suscipiat;
1485 5674 1560 5732 ct,
1593 5674 1650 5720 ut
1686 5665 1779 5722 tibi
1812 5663 2126 5722 medullatas

2211 3211 2466 3290 sicutyis
2510 3218 2566 3265 et
2592 3209 2734 3264 sicut
2769 3208 2896 3275 scis,
2929 3208 3186 3263 miserere
3209 3208 3332 3271 mei,
3366 3207 3622 3275 Domine,
3660 3207 3808 3264 Deus

2211 3317 2382 3358 111003.

2713 3390 2776 3445 V.
2807 3389 3053 3447 Secunda
3083 3393 3273 3446 oratio.

2284 3485 2562 3546 Miserere,
2589 3483 2834 3548 Domine,
2860 3483 3114 3537 omnibus
3163 3482 3351 3536 amicis
3405 3482 3561 3548 meis,
3591 3489 3646 3535 et
3676 3497 3799 3552 pro-

2211 3561 2448 3648 pinquis,
2501 3583 2555 3630 et
2603 3574 2855 3630 omnibus
2885 3571 3324 3629 benefactoribus
3373 3572 3530 3636 meis,
3583 3581 3641 3625 ct
3684 3587 3800 3625 om-

2216 3670 2373 3725 nibus
2412 3669 2502 3737 qui
2565 3677 2724 3724 orant
2779 3676 2830 3722 te
2878 3681 2976 3737 pro
3019 3680 3126 3730 me,
3157 3673 3230 3720 et.
3265 3664 3518 3718 omnibus
3566 3663 3659 3731 qui
3717 3677 3800 3716 ro-

2217 3769 2339 3832 gant
2367 3775 2455 3814 me
2477 3774 2633 3813 orare
2679 3773 2776 3828 pro
2803 3771 2882 3813 se.
2930 3755 3005 3810 Da
3037 3757 3117 3812 eis
3154 3754 3529 3824 paenitentiam
3575 3754 3635 3824 8
3657 3751 3801 3806 fiuc-

2217 3858 2468 3912 tuosam,
2521 3846 2782 3901 mortifica
2845 3846 2896 3900 iu
2929 3845 3009 3900 cis
3044 3844 3224 3899 omnia
3276 3843 3426 3906 vitia,
3482 3850 3534 3896 et
3572 3841 3656 3895 fac
3704 3855 3799 3894 eos

2217 3939 2409 3994 ﬂorere
2455 3938 2744 3992 virtutibus
2793 3937 2916 3992 tuis.
2973 3936 3084 3992 Fac
3131 3951 3244 3999 eos,
3292 3934 3540 3997 Domine,
3591 3933 3674 3986 sic
3707 3947 3801 4001 per

2219 4030 2406 4086 omnia
2441 4029 2642 4094 vivere,
2676 4038 2736 4083 ut
2765 4027 3032 4095 majestati
3067 4036 3170 4080 tua:
3193 4023 3407 4079 valeant
3433 4024 3498 4076 de
3524 4024 3662 4076 bona
3707 4037 3799 4075 sua

2219 4121 2630 4176 conversatione
2664 4118 2896 4190 placere.
2931 4116 3205 4178 Miserere,
3232 4115 3406 4180 Deus,
3433 4113 3800 4183 pontiﬁcibus.

2223 4212 2470 4284 regibus,
2521 4210 2883 4280 potestatibus
2934 4217 2988 4264 et
3033 4208 3178 4262 omni
3228 4205 3424 4278 populo
3470 4204 3804 4260 CltriStiano.

2224 4303 2420 4357 Sancta
2455 4299 2644 4366 Maria,
2673 4315 2766 4354 ora
2814 4314 2912 4370 pro
2953 4299 3033 4353 eis
3081 4298 3351 4352 omnibus.
3383 4296 3586 4350 Omnes
3629 4293 3804 4347 sancti

2225 4403 2280 4450 et
2326 4401 2526 4461 sanctae
2566 4391 2681 4451 Dei,
2730 4399 2882 4444 orate
2935 4404 3032 4460 pro
3061 4389 3162 4444 eis.
3219 4387 3506 4450 Miserere,
3555 4385 3804 4447 Domine,

2225 4483 2476 4537 oumibus
2503 4479 2939 4536 benefactoribus
2965 4478 3100 4533 meis
3129 4471 3416 4541 defunctis,
3447 4485 3504 4531 et
3549 4491 3649 4546 pro
3679 4475 3804 4544 qni-

2223 4575 2538 4642 buscuuque
2595 4588 2750 4628 orare
2806 4573 3020 4627 debitor
3073 4587 3223 4638 sum;
3287 4580 3339 4626 ct
3390 4585 3582 4624 omnes
3619 4568 3806 4623 ﬁdeles

2224 4679 2349 4721 tuos
2387 4665 2604 4722 absolve
2629 4705 2644 4728 ,
2673 4671 2728 4718 et
2757 4663 2821 4718 da
2850 4663 2928 4717 eis
2966 4672 3175 4732 partem
3221 4669 3274 4716 ct
3313 4661 3626 4715 societatem
3680 4674 3805 4713 cum

2231 4759 2433 4815 sanctis
2489 4759 2616 4812 luis.
2663 4757 2860 4812 Sancta
2898 4756 3054 4826 virgo
3108 4754 3296 4818 Maria,
3329 4769 3424 4810 ora
3481 4767 3581 4824 pro
3629 4753 3807 4807 omni-

2227 4852 2362 4915 bus;
2397 4863 2584 4904 omnes
2637 4847 2809 4903 sancti
2858 4855 2912 4902 et
2960 4854 3162 4900 sancta:
3217 4844 3340 4910 Dei,
3381 4851 3533 4898 orate
3575 4855 3679 4912 pro
3727 4842 3807 4894 eis

2204 4941 2494 4996 .omnibus.

2759 5027 2845 5083 Vl.
2887 5027 3060 5082 Tertia
3082 5027 3270 5082 oratio.

2297 5123 2372 5176 Te
2403 5122 2566 5175 adoro
2593 5135 2756 5174 unum
2795 5119 2846 5173 iu
2883 5119 3147 5182 trinitate,
3181 5125 3236 5170 et
3275 5116 3475 5170 trinum
3521 5113 3576 5166 in
3620 5112 3805 5165 unita-

2227 5197 2298 5274 te,
2330 5210 2638 5275 benedicte,
2667 5209 3026 5278 omnipotens,
3055 5207 3237 5271 Pater,
3274 5217 3328 5261 et
3375 5205 3562 5268 Filius,
3593 5213 3650 5259 et
3687 5203 3811 5276 Spi-

2230 5299 2370 5353 ritus
2399 5308 2636 5352 sanctus.
2695 5297 2956 5351 Miserere
2999 5297 3127 5350 mibi
3165 5297 3468 5350 miserrimo
3504 5293 3804 5364 peccaturi,

2228 5390 2686 5456 clementi-sime,
2721 5391 2861 5444 Deus
2914 5405 3094 5454 meus,
3147 5399 3204 5444 et
3247 5389 3503 5443 miserere
3549 5387 3808 5441 omnibus

2227 5482 2473 5538 fidelibus
2501 5483 2602 5537 tuis
2633 5483 2768 5538 vivis
2788 5492 2841 5536 et
2865 5481 3148 5537 defunctis.
3183 5481 3380 5536 Sancta
3418 5480 3568 5551 virgo
3611 5465 3796 5540 Maria.

2204 5565 2402 5627 'tnatc'r
2425 5573 2516 5626 Dei
2542 5580 2594 5628 et
2622 5571 2876 5636 hominis,
2910 5571 3166 5640 templum
3209 5570 3303 5625 Dei
3342 5569 3470 5634 vivi,
3497 5569 3646 5638 virgo
3676 5576 3800 5620 ante

2227 5675 2442 5734 partum
2472 5672 2525 5718 et
2553 5664 2704 5736 virgo
2734 5672 2854 5732 post
2880 5671 3114 5734 partum,
3157 5663 3390 5719 exaltata
3417 5677 3581 5733 super
3607 5661 3806 5716 choros
