4078 6336
215 335 324 392 $9.5

222 538 474 608 princeps
502 529 704 582 militiic
732 528 992 590 caelestis,
1032 536 1216 581 sancte
1241 527 1478 590 Gabriel,
1504 527 1800 581 fmderator

220 624 523 681 t‘tBICSIIUIll
550 620 880 689 nuptiarum,
900 627 1086 672 sancte
1111 618 1371 687 Raphael,
1403 618 1665 672 medicina
1681 617 1794 680 Dei,
1825 625 1833 632 ‘

219 725 374 771 crate
399 730 496 784 pro
519 711 694 765 nobis.
729 711 787 763 S.
817 710 1051 764 Joannes
1079 709 1337 779 Baptista,
1374 727 1465 764 ora
1499 725 1596 779 pro
1622 708 1795 762 nobis.

224 810 282 862 S.
311 807 494 870 Petre,
525 803 615 871 qui
646 802 812 855 habes
833 801 1012 855 claves
1038 801 1185 868 regni
1214 801 1493 863 ccelorum,
1525 800 1584 853 S.
1612 799 1792 861 Paule,

224 899 284 952 S.
317 896 556 959 Andrca,
586 893 645 945 S.
671 891 904 945 Joannes
929 891 1283 958 evangelista,
1314 899 1467 944 orate
1503 905 1603 958 pro
1641 888 1800 942 nobis

225 988 498 1044 munibus.
542 985 598 1037 S.
631 982 926 1050 Stephane,
955 979 1012 1035 S.
1058 981 1404 1049 Apollinaris,
1432 979 1488 1033 S.
1519 979 1797 1042 Laurenti,

228 1091 378 1134 orate
407 1093 505 1147 pro
532 1074 686 1129 nobis
731 1073 1002 1126 omnibus.
1033 1071 1094 1125 S.
1125 1071 1408 1133 Silvester,
1444 1069 1498 1123 S.
1553 1069 1810 1131 Martiae,

227 1171 266 1223 S
340 1167 650 1228 Bened?cte,
700 1162 1028 1217 venerabilis
1071 1173 1223 1231 pater
1269 1170 1472 1225 noster,
1504 1168 1655 1213 orate
1705 1175 1802 1228 pro

225 1259 381 1312 nobis
400 1256 672 1311 omnibus.
706 1252 904 1307 Sancta
936 1253 1168 1321 Agatlta,
1209 1252 1265 1306 S.
1300 1253 1496 1321 Agnes,
1531 1250 1586 1303 S.
1629 1250 1803 1304 (Σκυρί-

225 1349 312 1408 lia,
339 1357 493 1402 orate
538 1360 634 1415 pro
663 1345 817 1397 nobis
845 1344 1116 1396 omnibus.
1157 1341 1360 1396 Omnes
1399 1342 1570 1394 sancti
1628 1340 1801 1409 angeli

224 1453 273 1492 et
310 1435 645 1506 archangeli,
682 1433 861 1488 throni
895 1441 948 1486 et
984 1431 1411 1492 dominationes,
1446 1429 1800 1498 principatus,

223 1537 540 1598 potestates,
566 1525 821 1588 virtutes,
851 1521 1155 1584 cherubim,
1184 1530 1238 1575 et
1270 1519 1567 1588 serapbim,
1614 1533 1804 1574 omnes

227 1624 398 1674 sancti
431 1617 754 1687 patriarcha:
791 1624 844 1668 et
871 1614 1166 1684 prophetae,
1203 1611 1457 1682 apostoli,
1509 1619 1798 1679 martyres,

224 1710 588 1772 confessores,
643 1707 900 1776 virgines,
954 1703 1314 1765 anachorette,
1358 1701 1552 1761 viduae,
1610 1715 1801 1755 omnes

1458 324 1764 383 CAI’JiiNA
1804 327 1890 380 ΕΤ
1932 323 2216 383 PRSCES.

224 441 563 513 angelorum,
589 454 680 492 ora
711 453 810 506 pro
841 436 995 491 nobis
1021 437 1289 492 omnibus.
1312 437 1510 492 Sancte
1547 435 1796 500 Michael,
1830 443 1878 498 Α

3365 329 3474 382 926

2410 437 2588 493 XVIii.
2633 439 2708 492 De
2742 452 2951 508 patrna.

1905 525 2064 580 Esum
2093 536 2364 595 perpetua:
2387 528 2605 596 pariunt
2630 529 2744 582 lnec
2766 528 2970 582 fercula
3001 531 3143 585 vitas.

2186 617 2324 671 XIX.
2367 617 2467 672 Ubi
2489 619 2658 673 ludas
2688 621 2967 676 Dominum
2995 625 3177 678 (rm/it.

1902 708 2058 762 Falsa
2083 709 2230 762 ferox
2254 709 2450 762 blando
2475 710 2630 777 lupus
2665 712 2848 765 oscula
2879 715 3100 783 porrigit
3131 715 3305 785 Aguo.

2206 800 2321 853 XX.
2370 799 2468 853 Ubi
2497 799 2736 855 Christus
2766 814 2911 870 rogat
2939 803 3170 858 Patrem.

1900 888 2140 955 Patrem,
2163 889 2398 955 Christe,
2430 907 2605 960 rogas,
2631 908 2750 945 cum
2773 909 2878 961 quo
2900 895 3056 948 simul
3081 899 3258 951 oninia
3288 900 3482 970 donec,

2002 978 2138 1033 XXI.
2187 979 2439 1033 Dominus
2469 982 2593 1033 dicit
2621 977 2891 1050 discipulis
2925 984 3030 1037 suis
3063 999 3080 1036 :
3133 984 3374 1057 l'igilate.

1903 1068 2046 1134 Quos
2069 1084 2232 1139 sopor
2255 1072 2544 1140 oppressit,
2573 1073 2793 1141 vigilum
2828 1073 2939 1127 ltex
2964 1090 3186 1146 surgere
3203 1077 3386 1145 jussit.

1906 1183 2044 1238 XXII
2075 1193 2127 1238 et
2153 1183 2334 1238 XXIII.
2367 1184 2643 1239 Orationes
2666 1188 2749 1239 die
2780 1186 2991 1241 Veneris
3017 1199 3195 1244 sancto
3231 1193 3283 1245 in
3311 1195 3478 1246 crucis

2385 1256 2694 1309 adcretione
2732 1258 2988 1312 dicentlte.

1975 1347 2154 1415 (59)...
2190 1346 2425 1400 inﬁictus
2458 1347 2524 1399 ad
2583 1363 2705 1401 eum
2759 1349 3073 1418 respiceret,
3129 1358 3184 1404 et
3213 1365 3484 1408 venenum

1903 1437 2123 1491 exitiale
2174 1438 2454 1500 evaderet,
2483 1447 2677 1506 optatae
2710 1437 2900 1491 salutis
2945 1441 3106 1493 vitam
3161 1440 3488 1509 adipiscere-

1904 1535 2008 1587 tur,
2043 1527 2352 1594 signiﬁeans
2376 1536 2427 1580 te
2463 1527 2637 1595 ipsum
2663 1528 2840 1580 futura
2873 1528 3027 1598 longe
3053 1538 3173 1598 post
3205 1531 3482 1586 curricula

1903 1631 2000 1686 pro
2028 1618 2101 1670 tni
2127 1616 2297 1670 salute
2320 1616 2600 1686 plasmatis
2630 1617 2806 1671 crucis
2828 1619 3069 1686 patibulo
3091 1619 3485 1686 extollendum,

1903 1716 1962 1760 ut
2014 1722 2152 1776 quos
2180 1707 2427 1760 diabolus
2485 1707 2652 1760 armis
2703 1708 2918 1762 invidia:
2965 1710 3357 1775 captivaverat,
3392 1718 3485 1764 tua

225 1802 396 1856 sancti
421 1811 473 1855 et
495 1809 695 1853 sanctae
724 1797 841 1858 Dei,
863 1804 1019 1849 orate
1048 1809 1144 1863 pro
1181 1794 1338 1848 nobis
1371 1793 1623 1846 oumibus
1665 1791 1800 1846 tide-

1907 1799 2276 1854 desiderabilis
2303 1800 2480 1868 passio
2507 1801 2573 1853 ad
2614 1801 2841 1869 patriam
2894 1811 3188 1855 remearet.
3236 1801 3487 1858 Concede

224 1892 367 1948 libus
398 1890 598 1946 Christi
636 1889 774 1942 vivis
811 1897 866 1940 et
895 1884 1180 1940 defunctis.
1215 1883 1378 1937 Pater
1404 1895 1592 1937 noster.

399 1979 511 2034 VII.
550 1979 708 2042 Item,
739 1978 1004 2030 orationes
1040 1975 1104 2029 de
1124 1985 1305 2028 sancta
1345 1973 1618 2027 Trinitate.

292 2073 456 2136 Deus,
514 2070 668 2138 cujus
719 2081 942 2122 munere
991 2074 1046 2122 et
1092 2065 1395 2122 trinitatem
1442 2064 1496 2116 in
1526 2063 1801 2132 personis,

222 2175 276 2219 et
332 2165 594 2218 unitatem
672 2162 723 2214 in
802 2159 982 2213 divina
1061 2155 1361 2211 substantia
1438 2155 1800 2220 conﬁtemur,

222 2253 458 2308 concede
511 2251 776 2322 propitius
832 2258 910 2312 ut,
964 2249 1064 2302 hac
1122 2247 1244 2300 ﬁdei
1300 2245 1472 2301 lorica
1517 2246 1736 2309 muniti,
1769 2261 1801 2300 a

221 2343 432 2400 cunctis
458 2356 765 2397 mcreanmr
811 2338 1232 2407 adversitatibus
1263 2336 1508 2392 liberari.
1559 2335 1664 2390 Per
1689 2335 1802 2389 Do-

222 2436 447 2490 minum.

852 2521 979 2576 VIII.
1023 2521 1162 2574 Alia.

297 2617 571 2682 Concede,
620 2629 948 2684 quaesumus,
1001 2614 1345 2682 omnipotens
1389 2612 1653 2674 Deus,ut
1705 2610 1803 2680 qui

223 2717 424 2764 sancta:
479 2706 764 2761 Trinitatis
830 2722 993 2760 unam
1068 2705 1390 2759 conﬁtemur
1453 2704 1797 2768 essentiam;

224 2802 364 2856 sicut
391 2814 532 2853 nunc
559 2798 923 2859 ambulamus,
957 2805 1007 2850 te
1040 2797 1290 2859 ducente,
1325 2811 1424 2866 per
1469 2796 1664 2860 ﬁdem;
1721 2795 1800 2850 sic

221 2891 552 2960 aliquando,
609 2897 661 2943 te
713 2889 1079 2957 suscipiente,
1127 2888 1492 2957 perducamur
1545 2886 1614 2939 ad
1672 2900 1798 2955 spc-

223 2985 380 3037 cicm.
409 2981 532 3035 Per.

872 3071 961 3124 IX.
1004 3071 1146 3124 Alia.

296 3165 456 3226 Deus,
487 3163 577 3234 qui
609 3178 707 3218 nos
747 3171 802 3216 et
828 3163 945 3218 sine
998 3163 1318 3217 confusrone
1367 3162 1690 3223 trinitatem,
1747 3151 1873 3213 etC

225 3259 344 3311 sine
387 3257 650 3311 divisione
681 3257 1037 3310 substantiam
1091 3265 1193 3309 tuac
1226 3253 1526 3322 majestatis
1579 3253 1802 3306 credere

223 3351 474 3419 docuisti,
506 3351 702 3420 largire
731 3351 1085 3422 supplicibus,
1123 3361 1178 3404 ut
1227 3367 1392 3420 super
1421 3352 1522 3404 hoc
1572 3350 1803 3402 catholi-

220 3461 302 3499 ca:
341 3446 460 3500 ﬁdei
501 3446 910 3501 fundamentum
957 3457 1149 3516 surgat
1197 3447 1252 3516 9
1289 3448 1339 3499 in
1394 3445 1548 3500 nobis
1588 3453 1803 3499 sancta-

221 3554 345 3593 rum
382 3547 654 3593 structura
684 3539 968 3592 virtutum.
1005 3538 1107 3591 Per
1139 3538 1442 3591 Dominum.

893 3627 962 3680 Χ.
1006 3628 1143 3679 Alia.

293 3723 454 3786 Deus,
484 3721 573 3791 qui
605 3721 756 3774 nobis
801 3730 1002 3774 saneta:
1047 3719 1330 3772 Trinitatis
1363 3718 1679 3788 mysterium
1714 3732 1797 3770 re-

220 3810 434 3874 velasti,
465 3809 660 3872 tribue,
693 3824 1022 3877 quaesumus,
1049 3817 1104 3860 ιιι
1131 3808 1220 3877 qui
1265 3807 1375 3875 jam
1417 3824 1481 3860 ex
1522 3808 1623 3860 ﬁde
1671 3807 1802 3860 vivi-

222 3917 366 3962 rrms,
392 3916 486 3970 per
513 3900 638 3954 boni
677 3903 855 3970 operis
884 3910 1170 3970 augmenta
1203 3915 1532 3954 crescamus.
1573 3899 1677 3954 Per
1698 3900 1810 3952 Do;

225 3991 431 4045 nzinum
460 4001 723 4046 nostrmn.

560 4083 650 4137 XI.
693 4083 771 4138 De
802 4083 1199 4137 annttntiatione
1231 4082 1465 4137 Domini.

223 4173 365 4227 Ecce
395 4182 551 4243 parat
575 4173 812 4227 clausam
844 4175 1003 4245 Regis
1031 4173 1371 4244 prmnnntins‘
1397 4170 1592 4225 aulam.

623 4263 736 4317 XII.
780 4263 857 4317 De
879 4265 1148 4316 natit‘ilate
1182 4262 1412 4315 Domini.

226 4353 400 4408 Natus
428 4353 497 4408 ab
519 4364 723 4410 πίοι-κο
749 4357 928 4425 prodit
959 4359 1023 4409 de.
1056 4355 1291 4425 Virginis
1313 4355 1454 4408 alvo.

614 4444 748 4498 XIII.
793 4445 868 4499 De
891 4445 1150 4498 oblatione
1176 4445 1408 4498 Domini.

225 4535 340 4590 Non
363 4537 573 4607 capitur
600 4538 774 4602 cmlis,
810 4536 1028 4590 Simcon
1055 4553 1214 4606 quem
1247 4537 1460 4606 stringit
1487 4535 1541 4590 in
1567 4535 1726 4589 ulnis.

621 4627 756 4680 XIV.
799 4627 874 4680 De
898 4627 1150 4694 bo;tismo
1179 4626 1408 4678 Domini.

226 4716 305 4770 En
333 4715 524 4774 ﬂuvius
581 4717 780 4771 fontem
832 4718 1090 4770 mundum
1125 4714 1288 4779 lavat,
1324 4715 1486 4778 unda,
1532 4717 1800 4771 lavantem

224 4806 418 4869 Ablue,
451 4806 727 4872 Iordanis,
750 4823 776 4860 a
803 4822 912 4876 quo
946 4807 1117 4874 magis
1150 4807 1263 4876 ipse
1299 4807 1514 4862 lavaris.

527 4896 646 4951 XV.
686 4897 762 4950 De
790 4898 1250 4967 trunsﬁgnrationc
1273 4896 1501 4951 Domini.

227 4985 367 5041 Hinc
403 4989 544 5042 Deus
569 4989 803 5042 ostendit
831 4990 972 5057 quod
1000 4990 1181 5042 carnis
1226 4990 1457 5058 tegmine
1485 4989 1697 5044 clausit.

541 5079 678 5134 XVI.
719 5077 817 5133 Ubi
837 5081 986 5150 pueri
1014 5082 1194 5133 dicunt
1230 5080 1507 5134 "osanna.

224 5175 384 5226 Astra
415 5215 428 5236 ,
462 5175 646 5244 polus,
679 5185 820 5230 terra
844 5217 859 5241 ,
893 5184 1141 5230 metuunt
1171 5192 1329 5246 quem
1387 5185 1568 5246 portat
1619 5179 1804 5231 asella.

225 5260 372 5316 Voce
409 5265 515 5318 Deo
544 5258 736 5335 magna
768 5275 942 5319 cattus
969 5265 1236 5334 depromit
1267 5268 1531 5320 hosanna.

656 5355 817 5410 XVII.
854 5357 931 5409 De
970 5373 1111 5409 arua
1154 5355 1381 5410 Domini.

226 5447 330 5511 Q':i
373 5458 527 5517 caput
554 5460 635 5503 est
661 5449 824 5518 justis
853 5451 1076 5522 vestigia
1116 5451 1275 5520 tergit
1301 5450 1553 5505 alumnis.

217 5537 381 5610 Quod
409 5541 580 5597 vetuit
604 5543 768 5613 parti,
796 5541 989 5597 Petrus
1025 5541 1136 5596 vult
1168 5542 1376 5596 solvere
1407 5541 1526 5596 toti.

1831 4502 1956 4590 Die

1907 1897 2014 1943 tam
2067 1890 2198 1943 mihi
2250 1891 2450 1944 misero
2505 1892 2608 1960 ιο
2662 1899 2715 1943 et
2763 1894 3033 1960 peccatori
3086 1907 3247 1960 quam
3305 1891 3486 1948 omni-

1905 1978 2004 2034 bus
2071 1989 2160 2034 tuo
2231 1996 2422 2035 cruore
2492 1981 2790 2045 mei-catis,
2852 1982 2943 2050 qui
3011 1982 3172 2035 hodie
3241 1990 3489 2037 sanctam

1903 2074 2208 2142 passionem
2271 2082 2416 2126 tuam
2464 2072 2734 2142 supplices
2791 2084 3116 2127 venerantur
3179 2073 3490 2142 lignumque

1903 2167 2029 2219 vita:
2060 2168 2310 2231 adorant,
2358 2175 2416 2218 ut
2467 2165 2760 2219 dialiolicas
2813 2166 3037 2220 insidias
3097 2174 3148 2220 te
3200 2165 3489 2235 adjuvante

1903 2256 2201 2317 vincamus,
2236 2265 2532 2311 ettetcrnae
2569 2257 2692 2310 vitae
2741 2257 3030 2326 participes
3079 2255 3222 2311 efﬁci
3275 2270 3485 2311 merea-

1901 2362 2048 2412 mur,
2108 2350 2200 2416 qui
2254 2363 2375 2401 cum
2429 2347 2591 2402 Patre
2643 2357 2697 2402 et
2749 2348 2956 2418 Spiritu
3009 2360 3196 2402 sancto
3254 2349 3391 2402 vivis
3431 2357 3486 2402 et

1904 2454 2097 2511 regnas
2121 2441 2260 2494 Deus
2290 2455 2387 2507 per
2413 2440 2592 2493 omnia
2622 2440 2813 2493 Stet-uia
2844 2439 3185 2494 smculorum.
3218 2441 3410 2496 Amen.

2236 2533 2420 2588 XXIV.
2469 2534 2528 2589 In
2561 2537 2714 2588 tertia
2755 2536 3135 2604 geittt/chionc.

1973 2627 2198 2681 Domine
2230 2626 2354 2681 Jesn
2384 2627 2620 2692 Christe,
2649 2630 2737 2696 qui
2764 2644 2860 2682 nos
2892 2644 2987 2695 per
3015 2628 3322 2697 passionem
3359 2641 3483 2681 san-

1903 2726 2003 2771 cta:
2030 2717 2209 2770 crucis
2237 2717 2495 2770 hodierna
2526 2718 2611 2771 die
2639 2717 2704 2769 de
2736 2717 3000 2772 diabolica
3037 2718 3297 2770 servitute
3349 2715 3486 2770 libe-

1903 2808 2051 2871 rasti,
2079 2819 2138 2862 nt
2171 2823 2277 2877 quo
2306 2809 2390 2862 dic
2418 2808 2693 2861 hominem
2728 2808 3070 2872 condideras,
3101 2807 3288 2862 eodem
3321 2816 3373 2860 et
3403 2822 3489 2860 re-

1901 2900 2187 2962 formarcs,
2222 2899 2419 2953 exaudi
2456 2915 2539 2952 me
2563 2899 2819 2952 miserum
2851 2909 2900 2952 et
2924 2909 3262 2967 peceatorem
3301 2914 3482 2952 coram

1902 2989 2005 3043 hoc
2035 2988 2312 3055 signaculo
2342 2999 2542 3040 sanctre.
2565 2987 2742 3040 crucis
2772 2995 2874 3038 ture
2904 2988 3247 3041 conﬁtentem
3283 2994 3335 3040 et
3391 2989 3484 3040 dc-

1903 3089 2231 3151 precantcm,
2261 3079 2488 3145 uthujus
2512 3079 2833 3133 venerabilis
2863 3087 2918 3132 ct
2937 3079 3116 3132 vitalis
3139 3078 3273 3147 signi
3296 3077 3482 3131 tuitio-

1908 3185 1974 3225 ne
2004 3170 2265 3234 munitus,
2291 3180 2343 3224 ct
2376 3170 2542 3223 hostis
2569 3169 2883 3237 nequissimi
2908 3168 3070 3237 ignita
3098 3168 3200 3220 tela
3223 3167 3485 3237 repellere

1907 3273 1962 3318 et
2003 3265 2071 3318 ab
2131 3263 2349 3317 inﬂictis
2398 3263 2650 3316 cvacuari
2704 3261 3035 3323 vulneribus,
3096 3268 3148 3313 ct
3200 3259 3265 3312 ad
3325 3258 3487 3313 vitam

1907 3360 2166 3407 a-ternam
2218 3353 2425 3407 valeam
2460 3353 2766 3420 pervenire,
2819 3367 2914 3421 per
2967 3361 3039 3415 te,
3091 3350 3314 3404 Domine
3361 3348 3488 3404 Jesu

1908 3443 2143 3506 Christe,
2175 3443 2264 3512 qui
2298 3458 2417 3498 cum
2449 3443 2609 3497 Patre.
2638 3452 2693 3495 ct
2714 3441 2916 3510 Spiritu
2945 3449 3135 3494 sancto
3161 3439 3294 3495 vivis
3325 3445 3378 3494 et
3401 3452 3488 3492 re-

1909 3551 2040 3606 gnas
2070 3535 2211 3589 Deus
2242 3535 2293 3587 in
2332 3535 2525 3588 szecula
2560 3534 2900 3587 merularum.
2938 3535 3129 3586 Amen.

2191 3623 2354 3678 XXV.
2401 3624 2473 3677 De
2514 3624 2574 3679 S.
2601 3640 2752 3678 crure
2776 3625 3038 3676 orationes
3063 3624 3201 3676 alite.

1973 3715 2113 3770 Dum
2173 3731 2388 3771 crucem
2434 3714 2766 3770 dilectissimi
2825 3713 2942 3766 Filii
2991 3714 3092 3776 tui,
3145 3713 3490 3781 omnipotens

1906 3809 2086 3872 Pater,
2132 3809 2316 3869 adoro,
2366 3815 2548 3877 pateat
2597 3805 2727 3860 mihi
2779 3806 2996 3870 ctelum,
3045 3808 3274 3860 obsecro
3319 3813 3375 3858 ut
3435 3811 3490 3856 et

1905 3902 2082 3955 oratio
2112 3899 2544 3968 mcapervenire
2574 3899 2742 3968 possit
2767 3900 2832 3950 ad
2862 3908 2934 3959 te,
2961 3905 3011 3949 et
3053 3905 3141 3948 tua
3189 3895 3489 3949 descendat

1906 3992 2275 4046 misericordia
2305 4006 2468 4060 super
2500 4006 2606 4044 me.
2633 3991 2758 4043 Ilaec
2790 3991 2930 4042 enim
2973 3989 3147 4042 hostia
3174 3987 3498 4054 singularis,

1905 4081 2402 4150 piissimcDmninc,
2436 4081 2486 4133 in
2513 4082 2730 4134 odorem
2771 4082 2865 4133 tibi
2889 4081 3171 4134 suavitatis
3195 4080 3396 4142 oblata,
3432 4091 3488 4133 ct

1907 4184 2053 4227 tuam
2087 4173 2230 4225 circa
2258 4185 2356 4224 nos
2393 4169 2658 4237 justitiam
2708 4170 2942 4239 mitigat,
2977 4178 3049 4230 et,
3099 4179 3352 4237 tanquam
3404 4170 3477 4236 pii

1906 4263 2078 4316 thuris
2111 4259 2421 4314 inceniinm
2445 4259 2510 4311 de
2539 4258 2821 4312 'thuribulo
2871 4259 3254 4312 sacratissimm
3281 4258 3490 4327 passio-

1907 4354 1990 4407 nis
2014 4367 2337 4422 cvaporans,
2369 4352 2727 4404 lnunanaruni
2765 4350 3020 4403 mentium
3075 4365 3233 4402 nares
3289 4349 3485 4403 olidul-

1906 4457 2010 4499 cat.
2047 4445 2089 4500 Ο
2121 4445 2502 4498 inenarrabilis
2528 4443 2769 4503 victima,
2797 4459 2913 4511 qum
2940 4453 2992 4496 et
3026 4444 3327 4496 cautionem
3372 4458 3488 4494 ma—

1968 4537 2090 4589 ;lieti
2122 4536 2322 4588 veteris
2348 4534 2600 4596 abolevit,
2626 4543 2680 4587 et
2707 4533 3040 4604 signaculum
3083 4533 3236 4587 nobis
3273 4543 3498 4585 acterna)

1908 4629 2301 4684 benedictionis
2333 4628 2625 4696 impressit.
2672 4627 3065 4682 Osacriﬁcium
3115 4643 3255 4679 vera:
3303 4626 3489 4694 placa-

1912 4725 2073 4776 tionis
2118 4730 2171 4775 et
2223 4720 2592 4788 laudis,qnod
2645 4727 2696 4771 ct
2754 4719 2988 4786 antiquae
3039 4714 3496 4783 transgressionis

1910 4813 2225 4867 in’niiritias
2253 4811 2495 4873 abstulit,
2528 4820 2581 4862 et
2607 4811 2745 4861 inter
2771 4810 2966 4862 colunt
3005 4818 3053 4860 et
3091 4816 3285 4860 terram
3312 4805 3492 4858 foedus

1910 4913 2127 4957 aeterna:
2177 4901 2481 4956 concordiae
2522 4899 2853 4952 reformavit.
2910 4898 3013 4950 Per
3069 4895 3190 4957 hcc,
3239 4894 3488 4957 Domine,

1911 5003 2016 5046 ture
2040 4993 2256 5045 virtutis
2280 4991 2487 5059 insigne
2513 4988 2764 5040 vexillum
2797 4987 3044 5038 miseram
3078 5000 3163 5037 me
3205 4983 3277 5035 tui
3311 4981 3492 5050 gregis

1910 5083 2177 5138 Oviculam
2211 5083 2274 5133 de
2313 5080 2522 5133 cruenti
2555 5078 2725 5132 leonis
2755 5071 3002 5130 faucibus
3025 5075 3194 5144 eripe,
3229 5082 3286 5127 ut
3315 5072 3489 5125 victus

1912 5184 2074 5242 atque
2098 5172 2363 5226 contritus
2389 5178 2500 5223 a.te
2530 5185 2691 5238 super
2715 5184 2798 5221 me
2843 5177 3075 5236 nequeat
3127 5164 3395 5233 triumpha
3409 5176 3484 5216 re.

1911 5262 2092 5316 Reduc
2122 5277 2204 5316 me
2236 5261 2300 5313 ad
2347 5275 2559 5328 pascua:
2598 5269 2698 5311 tua:
2730 5271 2941 5327 semper
2983 5271 3195 5310 ammna
3237 5253 3488 5318 virentia,

1915 5369 2013 5406 nec
2053 5353 2276 5421 abjicias
2306 5366 2550 5412 servum,
2584 5365 2680 5418 pro
2720 5364 2826 5416 quo
2865 5347 3076 5401 tradere
3124 5347 3372 5413 dignatus
3424 5356 3490 5396 es

1913 5445 2129 5508 Filium,
2155 5444 2244 5511 qui
2279 5450 2450 5495 tecum
2482 5449 2535 5494 et
2559 5455 2676 5492 cum
2709 5438 2911 5507 Spiritu
2939 5444 3128 5491 sancto
3157 5435 3287 5489 vivit
3317 5439 3370 5486 et
3402 5446 3496 5488 re-

1913 5546 2042 5606 gnat
2067 5535 2205 5588 Deus
2228 5533 2278 5586 in
2317 5530 2510 5586 sa‘cula
2539 5528 2875 5584 smculorum.
2911 5529 3100 5580 Amen.

305 5731 420 5809 (5.9)
461 5732 649 5792 Oratio
689 5736 873 5807 primm
912 5731 1320 5804 genuﬂexionis,
1357 5733 1496 5790 sicut
1522 5738 1574 5789 ct
1604 5731 1861 5788 secunda"
1885 5744 2009 5800 pars
2041 5728 2207 5781 desid.
2237 5725 2286 5783 En
2311 5739 2414 5778 ms.
