4108 5342
607 247 709 304 927

583 432 592 436 _
1191 357 1376 416 XXVI.
1421 357 1626 412 Oratio.

677 452 941 510 Mediator
968 449 1063 505 Dei
1089 460 1145 506 et
1171 449 1473 515 hominum,
1507 449 1732 504 Domine
1779 447 1904 503 Jesn
1951 447 2186 510 Christe,

607 545 699 616 qui
729 558 913 599 veram
943 555 1162 597 carnem
1209 557 1274 596 ex
1309 540 1648 596 intemeratis
1687 540 1857 594 beata:
1879 538 2057 593 Maria:
2112 539 2189 592 vi-

607 636 853 693 sceribus
886 634 1194 706 suscepisti,
1230 633 1431 702 quique
1460 647 1559 702 pro
1587 631 1758 686 salute
1797 639 1978 685 nostra
2011 631 2187 700 ipsum

607 728 820 796 Agnum
848 724 1179 780 immaculati
1207 723 1282 778 lui
1312 722 1558 792 corporis
1593 720 1834 776 obtulisti
1883 721 1992 774 Deo
2037 720 2186 774 Patri

607 832 769 887 super
796 832 946 871 aram
993 816 1172 871 crucis
1206 814 1260 868 in
1306 814 1529 869 odorem
1583 812 1887 878 suavitatis,
1914 822 2096 882 atque.
2131 821 2190 867 ut

605 907 844 978 antiquae
869 922 1045 976 przeva
1055 903 1336 959 rication‘ls
1356 903 1504 967 virus
1521 911 1814 967 evomeret,
1841 901 2185 971 temetipsum

605 995 783 1052 fecisti
809 997 1046 1050 humano
1071 994 1253 1065 generi
1278 983 1600 1047 medicinam
1625 1007 1641 1057 ;
1667 990 1887 1046 absolve
1916 1006 2000 1045 me
2022 991 2188 1046 nimis

605 1083 876 1139 infelicem
924 1093 980 1138 et
1027 1083 1305 1149 miserum,
1340 1082 1636 1136 innumeris
1682 1089 2028 1151 peccatorum
2071 1081 2189 1134 vin-

606 1175 742 1234 culis
763 1175 1077 1247 obligatum.
1108 1175 1249 1230 Ecce
1287 1181 1412 1228 ante
1454 1174 1651 1243 ipsum,
1683 1173 1928 1238 DOmine,
1958 1171 2188 1226 vivificze

609 1266 791 1322 crucis
833 1274 937 1320 tuae
985 1281 1072 1320 me
1122 1272 1405 1336 prosterno
1451 1263 1732 1329 vexillum,
1777 1278 2083 1333 novumque
2133 1272 2189 1319 et

606 1357 910 1413 inauditum
951 1357 1193 1413 victoria:
1221 1365 1326 1410 tuae
1368 1354 1589 1425 supplex
1619 1355 1787 1411 adoro
1837 1356 2183 1426 triumphum.

605 1446 686 1503 'l‘u
712 1447 856 1502 enim
889 1447 1144 1502 sacerdos
1166 1454 1220 1500 et
1263 1445 1469 1508 hostia;
1524 1454 1575 1498 tu
1624 1444 1938 1515 redemptor
1985 1454 2039 1499 ct
2069 1461 2190 1514 pre-

608 1537 764 1590 tium.
797 1535 976 1599 Libet,
1004 1535 1242 1605 piissime.
1266 1534 1511 1602 Domine,
1540 1542 1795 1605 tanquam
1842 1536 1940 1591 sub
1986 1537 2186 1592 recenti

608 1636 715 1679 true
747 1624 1014 1696 passionis
1043 1625 1141 1694 ιι
1172 1624 1402 1679 articulo
1432 1633 1480 1679 te
1523 1625 1576 1678 in
1602 1625 1780 1680 crucis
1806 1626 2068 1696 supplicio
2111 1627 2192 1681 vi-

1448 245 1502 298 S.
1547 245 1748 300 PETRI
1791 244 2070 300 DAMIANI
2111 244 2261 299 OI‘I‘.
2287 243 2521 299 TOSIUS
2552 241 2682 298 SEU
2722 243 2899 298 PARS
2935 243 3022 298 IV.

3768 240 3886 297 ατῑιι

2223 361 2265 416 Α
2297 355 2537 424 quinque
2561 371 2751 410 sensus
2789 356 3032 426 corporis
3087 357 3275 410 nostri.
3326 353 3404 409 Tu
3453 352 3598 410 Patri
3650 354 3882 410 victima

2295 445 2579 500 suavitatis
2608 455 2663 501 et
2691 447 2844 502 nobis
2875 436 3050 502 factus
3095 461 3154 502 cs
3195 446 3426 518 pretium
3458 448 3882 517 redemptionis.

2289 537 2502 603 Adero,
2558 537 2814 601 Domine,
2862 553 3079 594 crucem
3145 549 3324 604 tuam;
3381 539 3549 592 adoro
3594 539 3879 592 vivificam

2290 636 2522 692 mortem
2551 634 2718 681 tuam.
2741 625 2958 692 Abluat,
2989 628 3238 693 obsecro,
3265 627 3486 698 sanguis
3523 636 3648 683 tuus
3677 629 3882 682 sordes

2290 715 2485 772 anima:
2514 731 2667 781 meae,
2706 732 2806 771 nec
2828 716 3055 773 ulterius
3084 725 3264 772 teneat
3290 725 3513 771 exactor
3550 716 3852 771 obnoxium

2287 824 2388 879 pro
2409 824 2517 879 quo
2545 819 2653 864 tam
2679 809 2910 865 sublime
2938 809 3172 880 pretium
3220 818 3305 864 est
3348 808 3605 864 solutum.
3639 807 3724 863 Sit
3770 809 3880 863 iSte

2287 900 2528 957 victorite
2554 910 2656 956 tua:
2691 901 2895 966 titulus,
2926 900 3174 966 Domine,
3201 901 3253 956 in
3285 901 3462 955 anima
3484 915 3626 965 mea,
3652 914 3880 969 semper

2288 1004 2527 1061 erectus,
2559 1003 2618 1048 nt
2641 994 2846 1050 nullum
2879 994 2934 1050 in
2957 992 3301 1065 possessione
3331 1002 3418 1047 tua
3451 991 3541 1062 jus
3562 991 3664 1046 sibi
3692 990 3875 1046 vindi-

2288 1094 2376 1141 cet
2405 1085 2623 1141 invasor
2651 1086 2930 1156 antiquus,
2954 1087 3048 1141 sed
3077 1086 3182 1142 hoc
3206 1092 3518 1156 prospecto,
3542 1091 3741 1154 prasto
3766 1081 3879 1137 dif-

2288 1176 2460 1247 fugiat
2488 1187 2543 1231 et
2589 1177 2736 1233 velut
2763 1177 2944 1232 fumus
2969 1178 3037 1232 ad
3069 1191 3348 1232 accessum
3382 1176 3456 1230 ιιιί
3485 1174 3718 1245 Spiritus
3741 1190 3881 1230 eva-

2288 1276 2502 1334 nescat;
2531 1276 2588 1322 ut
2615 1268 2986 1324 haereditatem
3019 1275 3162 1323 tuam
3183 1308 3198 1333 ,
3223 1281 3383 1337 quam
3410 1265 3634 1337 proprio
3662 1280 3879 1320 merca-

2288 1365 2378 1413 tus
2405 1373 2464 1412 es
2512 1359 2796 1429 sanguine,
2851 1374 2949 1428 per
3001 1359 3313 1414 continuam
3351 1357 3590 1428 digneris
3634 1357 3873 1428 gratiam

2287 1449 2600 1518 possidere;
2633 1450 2720 1504 cui
2760 1449 2837 1506 sis
2861 1465 2958 1520 per
2983 1448 3416 1505 misericordiam
3473 1455 3620 1502 tuam
3660 1456 3715 1502 et
3744 1462 3875 1516 pro.

2291 1549 2464 1594 tector
2494 1539 2729 1595 invictus
2751 1548 2806 1596 et
2829 1539 3160 1595 inhabitator
3184 1537 3457 1602 assiduus,
3488 1537 3579 1607 qni
3613 1536 3716 1605 12
3743 1552 3871 1590 cum

2291 1630 2402 1686 Deo
2435 1631 2596 1687 Patre
2616 1640 2669 1688 et
2693 1631 2898 1702 Spiritu
2930 1639 3118 1687 sancto
3164 1630 3303 1686 vivis
3327 1637 3382 1685 et
3411 1643 3604 1699 regnas
3630 1643 3726 1698 per
3752 1643 3875 1684 om-

607 1718 738 1774 dtre
775 1720 1114 1790 pendentem.
1166 1717 1322 1773 Libet
1361 1716 1810 1787 pretiosissimum
1868 1718 2184 1786 sargainem
2219 1710 2264 1771 Β
2293 1720 2380 1776 nia
2412 1721 2604 1778 saecula
2636 1721 2980 1777 saaculornm.
3024 1725 3218 1787 Amen,

604 1811 661 1866 in
690 1825 788 1864 ore
827 1825 948 1865 meo
975 1809 1252 1879 susc’pere
1297 1809 1672 1864 distillaztem.
1707 1809 1750 1864 0
1803 1811 1955 1864 Leata
1978 1809 2188 1865 scilicet

602 1899 804 1968 hostia,
836 1918 958 1972 quat
979 1910 1034 1956 et
1057 1910 1290 1956 tartarea
1328 1911 1478 1970 septa
1520 1901 1798 1972 dirumpit,
1841 1910 1894 1955 et
1947 1901 2188 1956 cmlestis

602 1993 755 2065 regni
779 1993 1002 2062 januam
1031 1992 1277 2048 fidelibus
1299 1993 1492 2063 aperit.
1517 1993 1562 2049 Ο
1590 1994 1746 2064 pretii
1777 1995 1946 2049 nostri
1980 1995 2188 2064 pondus

606 2084 662 2138 in
687 2085 865 2139 crucis
884 2092 1087 2139 statera
1112 2083 1389 2150 libratum,
1421 2099 1528 2153 quo
1573 2084 1737 2140 debiti
1785 2086 1956 2140 nostri
2006 2085 2190 2140 chiro-

605 2177 874 2246 graphum
917 2176 1174 2246 antiquus
1192 2184 1416 2230 exactor
1437 2176 1678 2246 deplorat
1724 2178 1983 2234 excisum.
2021 2178 2186 2233 Video

603 2277 658 2320 te
681 2266 1027 2321 interioribus
1051 2267 1240 2332 oculis,
1267 2265 1596 2336 Redemptor
1620 2281 1792 2331 meus,
1819 2268 1998 2324 crucis
2018 2268 2188 2325 clavis

605 2351 843 2408 affixam.
875 2353 1045 2408 Video
1075 2363 1127 2410 te
1162 2355 1316 2411 novis
1340 2355 1658 2410 vulneribus
1701 2357 2020 2411 sauciatum.
2077 2362 2187 2412 Au-

605 2444 695 2498 dio
731 2453 783 2500 te
809 2445 1006 2500 latroni
1032 2446 1178 2501 clara
1207 2461 1336 2501 voce
1373 2447 1642 2502 dicentem
1689 2465 1701 2500 :
1757 2446 1928 2502 Hodie
1973 2463 2184 2504 mecum

603 2534 713 2590 eris
751 2535 809 2590 in
837 2535 1090 2607 paradiso
1117 2536 1270 2607 (Luc.
1303 2537 1481 2608 xxrn).
1505 2536 1611 2592 Per
1633 2536 1777 2593 istud
1812 2537 1994 2609 itaque
2034 2540 2182 2594 salu-

603 2625 776 2683 tiferze
804 2636 908 2683 tua:
935 2629 1206 2700 passionis
1237 2645 1301 2685 ac
1340 2629 1533 2684 mortis
1558 2628 1786 2700 imploro
1831 2631 2182 2702 mysterium;

603 2732 705 2791 per
740 2717 864 2785 hoc,
889 2719 1132 2790 inquam,
1161 2721 1546 2792 redemptionis
1591 2729 1788 2777 nosttte
1827 2721 2188 2795 lacrymabili-

600 2814 690 2865 ter
713 2808 942 2865 obsecro
984 2820 1406 2867 sacramentum.
1449 2809 1569 2866 Noli
1600 2827 1707 2876 me,
1759 2813 1902 2868 sicut.
1947 2828 2184 2880 mereor,

605 2902 675 2958 ab
700 2901 996 2957 electorum
1021 2911 1236 2963 tuorum
1264 2903 1522 2959 societate
1548 2903 1813 2970 dividere,
1847 2906 1940 2960 sed
1991 2906 2044 2959 in
2093 2922 2186 2976 pa-

607 2993 770 3049 radisi
795 2994 968 3066 gloria
999 3011 1122 3051 eum
1167 2997 1396 3066 ipsemet
1439 2997 1599 3052 beato
1631 2996 1842 3052 latrone
1891 2998 2179 3052 constitue.

2834 1812 3068 1868 XXVIII.
3111 1812 3317 1868 Oratio.
3854 1865 3858 1870 ,

2360 1903 2585 1960 Domine
2621 1903 2746 1960 Jesu
2786 1904 3020 1971 Christe,
3047 1904 3146 1960 Fili
3197 1905 3290 1959 Dei
3335 1905 3466 1970 vivi,
3507 1907 3711 1976 gratias
3755 1908 3871 1978 agi-

2289 2011 2410 2052 mus
2432 1996 2714 2052 immensae
2758 2005 2859 2052 tute
2889 1997 3100 2068 pietati,
3143 1999 3236 2068 qui
3271 2014 3394 2054 eum
3449 1999 3503 2054 in
3550 1998 3724 2056 forma
3777 2001 3870 2056 Dei

2287 2101 2458 2154 esses,
2485 2103 2584 2159 pro
2605 2089 2762 2144 nobis
2785 2089 3126 2160 temetipsum
3153 2090 3479 2158 humiliasti,
3509 2091 3687 2149 factus
3735 2095 3874 2148 obe-

2287 2178 2444 2235 diens
2469 2195 2640 2249 usque
2673 2180 2738 2234 ad
2768 2189 3022 2247 mortem,
3050 2190 3283 2238 mortem
3312 2191 3494 2239 autem
3532 2185 3732 2240 erucis.
3769 2186 3876 2240 De-

2285 2283 2574 2340 precamur
2602 2279 2673 2334 te,
2718 2271 2968 2336 Domine,
2997 2281 3058 2347 ut
3093 2273 3291 2342 quibus
3333 2271 3539 2329 tantam
3589 2276 3872 2332 contulisti

2288 2360 2542 2430 gratiam,
2587 2373 2771 2416 veram
2807 2371 3152 2432 peccatorum
3198 2364 3404 2419 tribuas
3458 2365 3870 2437 indulgentiam.

2287 2448 2508 2505 Custodi
2536 2450 2590 2504 in
2615 2449 2770 2505 nobis
2799 2465 2962 2520 opera
2996 2451 3380 2508 misericordiae
3402 2462 3526 2519 tuae,
3546 2471 3613 2510 ne
3641 2467 3866 2524 pereant

2287 2553 2426 2608 quos
2476 2540 2708 2595 redemit
2738 2542 2956 2597 dextera
2993 2551 3104 2598 tua.
3159 2542 3303 2598 Sana
3351 2543 3641 2614 languores
3687 2547 3868 2616 populi

2289 2629 2366 2683 tui
2395 2637 2449 2684 et
2474 2629 2540 2684 da
2565 2629 2792 2700 gloriam
2819 2633 3025 2687 nomini
3053 2641 3165 2688 tuo.
3195 2631 3348 2704 Rogo
3380 2635 3547 2690 etiam
3575 2644 3661 2701 te,
3688 2636 3872 2691 Domi-

2288 2734 2359 2772 ne
2383 2718 2645 2788 piissime,
2668 2728 2727 2773 ut
2755 2734 2842 2774 me
2880 2721 3138 2777 miserum
3177 2737 3242 2777 ac
3273 2721 3522 2794 fragilem
3549 2739 3584 2780 a
3623 2735 3713 2778 tua
3760 2741 3868 2779 non

2289 2807 2520 2877 repellas
2549 2809 2742 2879 gratia,
2774 2817 2827 2865 et
2852 2810 2947 2880 qui
2973 2810 3254 2881 hucusque
3295 2811 3452 2883 longe
3479 2828 3507 2866 a
3553 2822 3644 2868 tua
3679 2813 3870 2869 volun-

2286 2904 2398 2950 tate
2426 2895 2650 2952 vitiosus
2675 2898 2916 2960 discessi,
2938 2899 3190 2970 deinceps
3217 2915 3314 2970 per
3338 2900 3665 2958 ineffabilem
3704 2905 3867 2959 mise-

2289 2984 2579 3040 ricordiam
2630 2996 2779 3040 tuam
2837 2988 3157 3044 emendatus
3206 2998 3312 3045 tua:
3355 2990 3596 3060 placeam
3636 2993 3868 3048 feliciter

609 3081 712 3149 Tu,
755 3061 1004 3151 Damine,
1049 3061 1286 3140 anim-am
1318 3101 1498 3140 meam
1553 3085 1712 3156 huius
1759 3094 1960 3142 εηηοιπ
2003 3086 2183 3141 crucis
2211 3061 2253 3121 C
2287 3072 2580 3142 majestati.
2613 3073 2830 3144 Depelle
2859 3091 2889 3129 a
2922 3090 3028 3142 me,
3053 3076 3302 3143 Domine,
3331 3081 3590 3151 quidquid
3623 3085 3864 3150 noxium,

603 3175 955 3246 impressione
977 3179 1270 3249 consigna,
1305 3188 1360 3233 tu
1391 3193 1476 3232 me
1505 3178 1665 3249 hujus
1693 3179 1894 3233 virtute
1934 3177 2182 3247 pnrifica.

599 3267 708 3324 Per
733 3269 873 3325 hanc
901 3285 988 3325 me
1022 3279 1192 3325 totum
1230 3271 1468 3340 undique
1495 3271 1598 3342 iuri
1633 3279 1722 3325 tuo
1747 3271 1827 3324 sic
1855 3270 2090 3335 vindica,
2123 3278 2184 3324 ut

600 3356 744 3415 nulla
767 3374 990 3431 prorsus
1011 3361 1309 3416 adversarii
1339 3362 1514 3417 valeat
1539 3363 1591 3416 in
1616 3376 1701 3416 me
1730 3362 1908 3432 portio
1933 3361 2181 3430 reperiri,

602 3460 872 3519 quatenus
903 3461 953 3506 te
983 3452 1052 3507 ad
1080 3450 1344 3521 judicium
1368 3453 1636 3515 veniente,
1679 3467 1801 3506 cum
1829 3451 1933 3506 hoc
1959 3451 2011 3505 in
2043 3449 2182 3505 coelo

607 3539 805 3593 divina:
830 3540 1048 3594 virtutis
1093 3539 1305 3610 insigne
1347 3539 1626 3602 claruerit,
1657 3554 1760 3610 ego
1799 3541 1901 3594 hoc
1927 3540 2184 3609 stigmate

600 3628 844 3700 signatus
863 3631 1128 3696 inveniar,
1155 3639 1214 3686 ut
1238 3631 1500 3685 crucilixo
1519 3631 1891 3702 configuratns
1915 3633 1967 3686 in
1995 3647 2182 3702 poena,

599 3731 827 3775 consors
859 3719 972 3775 fieri
1005 3737 1218 3776 merear
1249 3707 1583 3791 resurgentis
1613 3711 1879 3791 ingloria,
1915 3725 2005 3791 qui
2044 3723 2184 3778 vivis

600 3819 677 3874 et,
721 3825 919 3880 regnas
963 3825 1085 3866 cum
1115 3812 1226 3866 Deo
1255 3811 1416 3866 Patre
1447 3810 1500 3865 in
1517 3811 1722 3865 unitate
1752 3811 1986 3882 Spiritus
2012 3813 2185 3868 Sancti

599 3913 697 3973 per
717 3900 900 3954 omnia
929 3899 1124 3954 s.'ecula
1154 3899 1498 3955 saeculorum.
1524 3900 1720 3955 Amen.

1163 3990 1373 4048 XXVII.
1419 3990 1628 4047 Oratio.

681 4077 739 4135 Si
787 4079 1043 4150 pietatem
1094 4089 1284 4147 tuam,
1332 4082 1618 4138 mitissime
1672 4083 1834 4148 Deus,
1893 4083 2184 4138 humanam

603 4186 914 4228 mensuram
943 4173 1146 4228 habere
1171 4187 1584 4241 cognoscerem,
1612 4191 1711 4245 ego
1743 4184 1855 4230 tam
1897 4175 2176 4230 immanis-

601 4260 738 4318 sima
765 4263 1036 4317 scelerum
1069 4262 1210 4318 mole
1236 4263 1519 4332 depressus
1547 4263 1789 4320 funditus
1811 4266 2180 4336 desperarem.

602 4351 710 4409 Sed
741 4353 867 4408 dum
900 4354 1165 4408 immolari
1198 4369 1298 4424 pro
1338 4371 1423 4409 me
1453 4365 1562 4410 tam
1608 4366 1886 4426 potentem
1946 4357 2178 4412 hostiam

601 4443 780 4505 video,
809 4445 1077 4513 quomodo
1103 4459 1188 4500 me
1215 4445 1503 4514 desperare
1523 4447 1768 4512 debeam,
1795 4464 1902 4503 non
1935 4451 2176 4503 attendo.

603 4533 742 4589 Nam
772 4536 813 4589 si
843 4550 1012 4605 agnus
1039 4535 1124 4589 ille
1150 4537 1438 4604 paschalis,
1470 4539 1686 4593 brutum
1720 4540 1928 4596 scilicet
1957 4542 2179 4607 animal,

604 4624 860 4696 populum
927 4625 1088 4679 Israel
1142 4639 1170 4678 a
1239 4624 1394 4695 plaga
1463 4628 1653 4682 mortis
1712 4630 1885 4698 poruit
1953 4631 2182 4685 liberare

602 4716 803 4789 (Exod.
836 4716 968 4789 xu);
1003 4725 1208 4787 quanto
1238 4716 1408 4786 magis
1431 4716 1574 4772 illius
1612 4719 2013 4774 sacratissimus
2054 4735 2179 4773 san-

606 4805 746 4876 guis,
779 4806 870 4876 qui
899 4805 1158 4861 Conditor
1183 4816 1265 4861 est
1290 4806 1600 4876 angelorum
1622 4847 1636 4871 ,
1665 4809 2028 4877 quantaslibet
2068 4809 2182 4863 ani-

604 4913 706 4951 mm
737 4913 868 4952 mea:
906 4898 1094 4954 sordes
1123 4898 1265 4953 valet
1291 4881 1543 4953 abluere?
1580 4899 1683 4964 Tu,
1711 4900 1952 4971 piissime
2003 4903 2186 4956 Domi-

603 5000 673 5040 ne
702 4985 828 5041 Jesu
855 4986 1091 5053 Christe,
1122 4987 1270 5042 velut
1291 4987 1499 5058 species
1529 4991 1823 5046 aromatica
1868 4992 2073 5047 redolcs
2129 4994 2183 5047 in

606 5076 866 5130 mortario
897 5078 1161 5146 passionis
1187 5079 1391 5141 attrita,
1427 5087 1485 5133 ut
1509 5079 1665 5134 nobis
1695 5081 1911 5136 miseris
1970 5092 2024 5135 et
2059 5097 2186 5150 pec-

607 5171 856 5217 eatorum
911 5167 1098 5220 morbo
1132 5166 1513 5236 languentibus
1567 5168 1724 5224 fieres
1779 5171 2066 5224 medicina.
2101 5170 2179 5224 Tu

608 5260 859 5320 tanquam
891 5255 1078 5310 lotrus
1101 5257 1188 5311 ille
1218 5267 1371 5312 terra:
1394 5258 1548 5315 lactis
1565 5271 1619 5315 et
1639 5261 1812 5316 mellis
1840 5259 2028 5332 (Nam.
2059 5262 2180 5331 xm)

2287 3163 2549 3234 quidquid
2582 3164 2844 3234 ineptum,
2872 3166 3136 3237 quidquid
3173 3167 3447 3235 vitiosum,
3477 3172 3735 3242 quidquid
3764 3182 3871 3228 tua

2287 3253 2550 3308 voluntati
2581 3263 2665 3308 est
2684 3254 3037 3309 contrarium.
3077 3256 3322 3313 Concede
3355 3259 3510 3327 mihi,
3538 3261 3783 3327 Domine,
3808 3273 3867 3318 ut

2286 3345 2422 3399 mala
2455 3359 2574 3400 mea
2602 3345 2711 3413 hic,
2738 3345 2866 3400 dum
2897 3346 3042 3413 vivo,
3073 3347 3233 3420 digne
3260 3348 3506 3416 deﬂeam,
3537 3360 3592 3406 et
3621 3364 3865 3422 accepta.

2283 3437 2406 3493 bilis
2436 3437 2510 3492 sit
2535 3439 2858 3509 poenitentia
2894 3455 3014 3496 mea
3059 3441 3114 3496 in
3161 3451 3452 3513 conspectu
3507 3451 3614 3497 tuo.
3667 3442 3870 3500 Tribus.

2287 3528 2418 3582 mihi
2448 3543 2630 3582 veram
2675 3528 2857 3594 fidem,
2895 3546 3049 3600 spem
3105 3533 3338 3600 firmam,
3393 3532 3712 3588 charitatem
3759 3549 3865 3586 non

2285 3617 2490 3672 fictam.
2525 3617 2606 3671 Sit
2634 3618 2687 3671 in
2721 3633 2817 3674 me-
2854 3618 2959 3674 fixa
3004 3621 3302 3688 humilitas,
3330 3623 3511 3678 sobria
3560 3623 3688 3688 vita,
3738 3639 3866 3678 vera

2286 3705 2536 3769 scientia,
2578 3704 2860 3772 fortitudo,
2888 3710 3196 3778 prudentia,
3222 3709 3452 3781 iustitia,
3485 3713 3866 3783 temperantia,

2286 3809 2478 3850 cursus
2526 3805 2743 3863 rectus,
2778 3799 2902 3854 linis
2948 3797 3242 3870 perfectus,
3293 3811 3343 3857 te
3375 3811 3692 3873 praestante,
3726 3803 3866 3858 Deus

2285 3897 2491 3957 noster,
2522 3889 2613 3959 qui
2639 3905 2764 3946 cum
2794 3891 2977 3958 Patre,
3007 3900 3114 3948 etc.

2856 3981 3049 4038 XXIX.
3091 3984 3295 4040 Oratio.

2360 4075 2584 4131 Domine
2611 4075 2740 4131 Jesu
2777 4074 2992 4130 Christe
3019 4073 3334 4139 Nazarene,
3400 4090 3490 4128 rex
3549 4076 3873 4146 angelorum.

2286 4173 2340 4218 et
2364 4174 2672 4218 sanctorum
2697 4166 2963 4228 omnium,
2993 4165 3085 4233 qui
3113 4178 3237 4218 eras
3263 4172 3387 4218 ante
3413 4163 3607 4219 saecula
3641 4165 3695 4218 in
3725 4165 3831 4218 divi

2287 4257 2472 4311 nitatis
2497 4258 2736 4312 essentia
2765 4273 2887 4312 cum
2934 4257 3044 4312 Deo
3083 4255 3244 4314 Patre
3295 4258 3609 4328 unigenitus
3660 4259 3864 4324 Filius;

2288 4347 2342 4400 in
2384 4347 2717 4417 plenitudine
2743 4356 2922 4402 autem
2950 4348 3236 4416 temporis
3278 4349 3590 4403 exinanitus
3634 4347 3867 4404 formam

2287 4436 2499 4492 servilis
2527 4436 2770 4506 corporis
2800 4450 2865 4490 ex
2894 4436 3060 4490 Maria
3102 4437 3306 4508 virgine
3343 4438 3634 4508 accipiens,
3688 4438 3742 4492 in
3793 4438 3869 4492 si-

2290 4527 2591 4581 militudine
2621 4527 2856 4583 hominis
2877 4526 3051 4584 factus
3079 4539 3134 4585 et
3163 4530 3351 4584 habitu
3383 4530 3630 4584 inventus
3666 4539 3725 4583 ut
3768 4529 3868 4584 ho-

2289 4635 2398 4673 mo.
2439 4619 2639 4672 Verum
2665 4619 2851 4690 utique
2887 4620 3159 4675 hominem
3189 4619 3244 4674 in
3273 4619 3382 4675 Deo
3404 4635 3532 4674 vero
3558 4634 3864 4683 assumens,

2290 4708 2604 4764 humiliatus
2650 4719 2703 4765 et
2741 4711 3000 4766 obediens
3052 4709 3228 4766 factus
3285 4726 3455 4781 usque
3503 4713 3570 4765 ad
3613 4717 3865 4774 mortem,

2290 4810 2519 4855 mortem
2549 4809 2729 4855 autem
2755 4802 2955 4867 erucis,
2982 4802 3258 4858 redemisti
3286 4818 3386 4858 nos
3409 4813 3500 4857 tuo
3523 4810 3712 4857 sancto
3737 4817 3865 4856 san—

2289 4893 2453 4964 guine
2478 4895 2733 4964 pretioso.
2759 4893 2943 4965 Agnus
2966 4896 3346 4952 immaculatus
3382 4911 3609 4968 surgens
3637 4912 3668 4950 a
3716 4909 3863 4949 mor-

2290 4988 2416 5053 tuis,
2448 4987 2746 5042 ascendens
2772 4988 2826 5042 in
2856 4989 3076 5055 caelum,
3120 4989 3278 5044 sedes
3329 4989 3396 5044 ad
3442 4989 3719 5043 dexteram
3770 4986 3860 5041 Dei

2287 5077 2465 5134 Patris
2511 5079 2915 5150 omnipotentis.
2957 5082 3127 5148 Quem
3160 5081 3387 5137 adorant
3427 5081 3627 5149 angeli,
3665 5090 3718 5136 et
3763 5094 3862 5149 ego

2287 5167 2467 5223 infelix
2497 5179 2748 5239 peccator
2781 5181 2832 5226 te
2861 5171 3177 5241 suppliciter
3217 5171 3403 5238 adoro,
3441 5172 3704 5228 confitens
3742 5184 3860 5240 pec-

2287 5267 2405 5312 cata
2432 5272 2572 5323 mea,
2595 5270 2649 5313 et
2689 5260 2986 5330 deprecans
3016 5269 3094 5324 ut,
3133 5261 3273 5315 sicut
3305 5276 3388 5314 me
3423 5261 3741 5332 participem
3770 5273 3856 5312 sa-
