4078 6336
263 352 366 406 923

1493 343 1794 398 CARMINA
1841 343 1925 398 ΕΤ
1968 343 2257 400 PRECES.

3411 351 3518 407 930

262 476 376 521 tute
419 467 685 526 invocdta,
719 459 961 516 victricia
997 456 1097 513 tela
1147 455 1376 522 efﬁcias;
1411 463 1460 509 et
1509 455 1839 524 consurgen-
1867 457 1912 516 Α
1944 453 2101 522 hujus
2123 453 2378 510 salutaris
2407 454 2543 525 signi
2603 455 2988 526 redemptionis
3037 465 3235 512 nostra:
3289 459 3530 519 redimas

263 570 369 614 tem
403 571 488 611 me
522 567 695 610 tecum
729 553 781 607 in
814 558 1055 606 novntate
1076 549 1298 620 spiritus
1337 556 1391 601 et
1415 545 1620 615 gloriae,
1649 546 1715 600 ad
1747 560 1832 605 ea.

255 663 379 716 qum
419 661 634 702 sursum
682 651 826 708 sunt,
852 656 973 695 cum
1025 639 1227 694 sanctis
1271 647 1327 693 et
1373 637 1562 693 electis
1616 637 1722 692 tuis
1767 637 1834 691 ad

255 736 536 791 dexteram
597 742 741 786 tuam
798 728 1005 801 positis,
1044 727 1355 798 pertingere
1404 727 1671 780 concedas
1723 725 1838 794 ipse

254 825 507 894 idemque
537 821 663 878 Iesu
711 820 946 883 Christe,
978 818 1121 873 Deus
1164 817 1516 882 immortalis,
1566 817 1658 887 qui
1709 832 1832 871 cum

255 915 368 970 Deo
392 913 552 969 Patre
581 921 638 966 et
675 911 883 982 Spiritu
913 917 1103 964 sancto
1122 907 1261 963 vivis
1289 915 1343 962 et
1367 922 1561 978 regnas
1588 922 1686 979 per
1716 907 1836 963 infi-

252 1006 366 1060 nita
393 1003 591 1060 saecula
615 1001 959 1058 szeculorum.
992 999 1186 1054 Amen.

835 1089 1005 1144 XXX.
1049 1089 1256 1144 Oratio.

323 1185 549 1240 Domine
577 1182 703 1239 Jesu
743 1181 980 1246 Christe,
1010 1179 1112 1235 Fili
1131 1163 1242 1236 'Dei
1271 1179 1402 1245 vivi,
1442 1181 1832 1252 gloriosissime

250 1276 510 1331 Conditor
537 1271 746 1336 mundi,
788 1270 878 1340 qui
910 1285 1034 1326 cum
1066 1270 1141 1325 sis
1185 1268 1441 1340 splendor
1473 1271 1574 1341 13
1625 1271 1829 1342 gloriae,

249 1372 554 1421 comtsrnus
583 1371 639 1418 et
665 1360 892 1431 aequalis
918 1359 1065 1415 Patri
1093 1369 1389 1430 sanctoque
1420 1359 1673 1429 Spiritui,
1712 1363 1832 1418 ideo

250 1455 513 1524 dignatus
540 1467 600 1509 es
621 1466 841 1507 carnem
868 1449 1273 1506 immaculatam
1314 1465 1379 1506 ex
1408 1449 1626 1521 Virgine
1651 1468 1832 1510 sume-

248 1559 333 1610 re,
360 1553 416 1598 et
443 1542 763 1598 innocentes
788 1556 853 1597 ac
880 1540 1144 1612 gloriosas
1174 1549 1296 1596 tuas
1326 1540 1538 1612 palmas
1569 1541 1621 1596 in
1652 1544 1831 1600 crucis

248 1633 496 1703 patibulo
543 1632 840 1705 permisisti
879 1631 1074 1704 configi
1124 1638 1185 1685 ut
1246 1631 1482 1687 claustra
1537 1633 1832 1704 dissipares

248 1725 446 1779 inferni
472 1732 527 1779 et
550 1724 842 1780 humanum
870 1737 1041 1793 genus
1066 1722 1326 1778 liberares
1349 1721 1416 1780 de
1439 1733 1632 1779 morte.
1671 1724 1830 1781 Mise-

1941 559 2028 597 me
2055 544 2312 600 miserum
2342 552 2397 600 et
2440 545 2659 615 dignum
2690 555 2863 600 morte
2905 556 3278 616 peecatorem,
3310 550 3378 604 ab
3407 565 3524 605 om-

1939 634 2098 688 nibus
2129 633 2449 689 criminibus
2477 644 2532 690 et
2580 634 2914 692 facinoribus
2959 637 3128 702 meis,
3161 645 3218 692 et
3241 637 3409 692 libera
3440 654 3526 694 me

1938 723 2008 778 ab
2035 725 2289 781 omnibus
2308 725 2466 781 malis
2487 726 2798 796 praeteritis,
2827 728 3188 797 praesentibus
3208 737 3262 784 et
3284 728 3483 786 futuris
3506 771 3520 794 ,

1937 823 1990 872 et
2019 815 2286 871 mortifiea
2318 816 2370 870 in
2414 832 2501 876 me
2526 816 2708 872 omnia
2739 817 2871 870 vitia
2900 818 3262 887 spiritualium
3296 829 3352 874 et
3403 835 3526 875 car-

1937 905 2140 960 nalium
2167 906 2530 975 nequitiarum
2548 947 2563 972 ,
2586 915 2641 960 et
2662 907 2748 960 fac
2778 921 2866 960 me
2889 920 3170 977 resurgere
3195 906 3378 981 ξιιιᾶ.
3403 909 3522 965 vir-

1936 997 2276 1068 tutegratire
2336 1006 2391 1053 et
2446 995 2630 1069 gloriae
2685 1005 2824 1062 tute;
2874 1005 2928 1052 et
2973 1013 3094 1068 qua:
3124 1012 3336 1053 sursum
3365 1010 3519 1065 sunt,

1935 1087 2177 1142 ccelestia
2206 1087 2518 1144 desiderare
2549 1095 2604 1144 et
2629 1103 2872 1158 quaerere
2891 1128 2906 1154 ,
2955 1097 3010 1142 et
3050 1088 3118 1143 ad
3147 1097 3365 1144 arteriae
3392 1089 3522 1144 bea-

1935 1178 2182 1234 titudinis
2213 1178 2437 1246 gloriam
2487 1179 2722 1236 feliciter
2763 1180 3080 1249 pervenire,
3113 1189 3403 1250 praestante
3433 1190 3520 1234 tua

1935 1269 2197 1324 immensa
2225 1269 2544 1335 clementia,
2595 1269 2821 1326 Domine
2863 1270 2990 1326 Jesu
3021 1269 3257 1337 Christe,
3293 1271 3434 1326 Deus
3464 1280 3521 1328 et

1933 1360 2192 1416 Dominus
2241 1370 2448 1427 noster,
2502 1361 2596 1432 qui
2643 1377 2768 1417 cum
2817 1363 2930 1418 Deo
2990 1362 3156 1418 Patre
3206 1372 3264 1418 et
3315 1363 3523 1438 Spiritu

1931 1464 2119 1512 sancto
2146 1456 2200 1510 in
2233 1457 2439 1512 unitate
2481 1458 2700 1513 deitatis
2747 1459 2928 1514 omnia
2963 1459 3201 1514 creando
3230 1459 3406 1532 regis,
3439 1459 3522 1516 vi-

1933 1547 2116 1603 vificas
2143 1555 2199 1603 et
2228 1549 2498 1617 gubernas
2542 1564 2641 1619 per
2689 1549 3017 1606 immortalia
3061 1549 3255 1605 saecula
3298 1550 3523 1608 saculo-

1931 1654 2070 1696 rum.
2100 1639 2294 1695 Amen.

2457 1731 2698 1787 XXXIV.
2739 1732 2984 1789 Litanite.

249 1831 372 1872 rere
402 1817 534 1873 mihi
560 1817 781 1883 misero,
808 1817 1331 1887 Domine,oppresso
1355 1817 1502 1887 gravi
1526 1816 1826 1872 facinorum
1856 1823 1903 1882 Β
2000 1820 2244 1888 Christe,
2291 1821 2414 1877 audi
2463 1837 2594 1888 nos,
2642 1839 2726 1878 ιιι.
2781 1823 2944 1880 Pater
2992 1826 3058 1881 de
3107 1824 3290 1892 caalis,
3342 1827 3516 1894 Deus,

245 1909 488 1978 pondere
513 1908 917 1979 multarumque
963 1906 1328 1978 nequitiarum
1357 1907 1606 1964 sordibus
1651 1909 1830 1980 inqui-

249 2008 394 2054 nate.
428 1998 550 2054 Noli
574 2014 659 2054 me
687 1999 1013 2070 relinquere,
1043 1998 1288 2069 piissime
1325 1997 1570 2063 Domine,
1613 2000 1706 2056 sed
1748 2001 1830 2055 in-

247 2090 407 2156 dulge
435 2090 880 2156 misericorditer,
909 2090 1056 2160 quod
1097 2089 1264 2159 impie
1303 2089 1469 2159 gessi,
1495 2098 1550 2146 et
1579 2105 1699 2160 quae
1731 2107 1825 2146 nc-

247 2181 515 2252 gligenter
540 2181 666 2237 feci.
696 2182 904 2237 Exaudi
939 2195 1047 2248 me,
1076 2195 1280 2252 quaeso,
1303 2180 1728 2239 clementissime
1763 2197 1825 2239 ac

245 2273 757 2329 misericordissime
779 2271 928 2337 .Iesu,
957 2271 1101 2328 Deus
1130 2273 1270 2328 bone
1312 2281 1369 2328 et
1409 2272 1661 2343 benigne,
1701 2289 1824 2344 pro-

242 2371 474 2417 stratum
503 2370 630 2418 ante
672 2363 1004 2417 adorandam
1045 2360 1490 2433 gloriosissimam
1522 2371 1670 2418 tuam
1701 2379 1825 2418 cru-

242 2469 384 2519 cem,
415 2462 475 2508 ut
499 2454 553 2508 in
581 2454 668 2509 his
695 2453 904 2509 sanctis
929 2453 1123 2508 diebus
1147 2461 1200 2508 et
1227 2466 1442 2523 semper
1483 2453 1578 2509 tibi
1609 2468 1824 2508 merear

242 2544 500 2599 assistere
524 2543 781 2610 mundus,
810 2552 864 2600 et
887 2543 996 2599 tuis
1017 2542 1225 2614 jugitcr
1257 2543 1474 2614 placere
1512 2548 1818 2616 conspecti-

238 2633 362 2700 bus,
386 2643 655 2704 quatenus
697 2635 960 2690 liberatus
989 2649 1018 2688 a
1052 2633 1209 2689 malis
1256 2632 1529 2700 omnibus,
1568 2642 1665 2690 tuo
1715 2636 1820 2692 sim

241 2743 456 2798 semper
488 2727 760 2797 adiutorio
781 2729 1119 2794 consolatus,
1161 2726 1376 2782 Christe
1405 2726 1631 2783 Domine
1653 2767 1668 2794 ,
1700 2727 1819 2800 Sal-

238 2828 397 2876 vator
427 2821 634 2888 mundi,
663 2821 754 2893 qui
779 2821 918 2877 vivis
944 2829 999 2875 et
1033 2833 1230 2892 regnas
1260 2818 1313 2874 in
1361 2817 1558 2876 stecula
1593 2820 1818 2876 saeculo-

237 2927 378 2966 rum.
409 2913 602 2969 Amen.
1069 2945 1076 2952 ~

803 3003 996 3060 XXXI.
1037 3004 1243 3060 Oratio.

306 3096 552 3164 Christe,
590 3097 681 3168 qui
709 3112 808 3168 pro
836 3098 992 3152 nobis
1018 3097 1316 3170 patibulum
1348 3097 1528 3154 crucis
1569 3107 1626 3154 et
1662 3114 1805 3155 mor-

236 3196 344 3243 tem
373 3189 622 3255 subiisti,
654 3196 711 3243 ut
739 3203 770 3242 a
815 3188 971 3243 nobis
1010 3188 1308 3259 expelleres
1354 3190 1546 3243 mortis
1576 3198 1816 3260 potesta-
1842 3178 1887 3241 C

235 3291 345 3337 tem
367 3321 382 3346 ,
409 3290 464 3336 et
491 3279 774 3352 sanguinis
805 3281 881 3335 tui
913 3295 1012 3336 nos
1039 3281 1215 3352 pretio
1240 3280 1527 3348 liberares,
1553 3281 1814 3336 miserere

232 3370 364 3426 mihi
400 3370 697 3426 humillimo
725 3386 884 3426 servo
913 3379 1024 3440 tuo,
1050 3380 1105 3426 et
1134 3371 1376 3426 omnium
1405 3387 1650 3428 meorum
1678 3373 1809 3427 mihi

227 3462 442 3517 veniam
486 3462 662 3517 tribue
694 3471 1038 3534 peccatorum
1057 3501 1077 3529 ,
1106 3475 1162 3518 et
1191 3479 1276 3520 me
1324 3480 1508 3520 coram
1538 3466 1811 3520 adoranda

228 3565 321 3611 tua
347 3570 508 3612 cruce
536 3565 866 3626 prostratum
899 3557 952 3610 in
988 3556 1074 3612 bis
1109 3557 1314 3612 sanctis
1345 3557 1555 3625 diebus,
1587 3567 1641 3614 et
1666 3557 1810 3628 iugi-

227 3658 314 3702 ter
341 3647 409 3702 ab
438 3638 690 3703 omnibus
717 3647 872 3702 malis
912 3647 1063 3717 eripe
1084 3687 1099 3713 ,
1146 3648 1411 3719 bonisque
1460 3649 1566 3705 tuis
1597 3649 1810 3704 miseri-

225 3733 468 3795 corditer
495 3739 688 3807 refice,
720 3741 809 3810 qui
837 3753 960 3794 cum
991 3739 1100 3794 Deo
1120 3738 1284 3795 Patre
1307 3749 1361 3795 et
1384 3741 1590 3812 Spiritu
1624 3751 1812 3798 sancto

222 3831 365 3886 vivis
420 3839 474 3886 et
525 3846 720 3904 regnas
767 3845 867 3901 per
907 3831 1171 3886 immensa
1229 3830 1424 3886 smcula
1461 3833 1808 3888 smculorum.

221 3923 418 3977 Amen.

783 4011 998 4068 XXXII.
1038 4012 1242 4068 Oratio.

295 4103 437 4161 Deus
457 4144 472 4169 ,
503 4103 593 4175 qui
625 4103 769 4175 ligno
800 4113 1118 4174 pereuntem
1170 4103 1442 4159 hominem
1478 4118 1576 4172 per
1600 4102 1807 4173 lignum

219 4194 488 4265 reparasti
543 4194 596 4248 in
646 4193 872 4261 melius,
919 4209 1261 4265 quaesumus,
1314 4200 1374 4247 ut
1429 4193 1601 4247 virtus
1650 4192 1810 4262 hujus

221 4282 566 4353 triumphalis
611 4283 741 4352 ligni
788 4293 964 4338 morte
1007 4292 1062 4338 et
1092 4282 1351 4352 sanguine
1383 4291 1473 4337 tuo
1503 4282 1656 4336 dilati
1677 4324 1692 4349 ,
1722 4283 1808 4339 cui

220 4381 334 4428 tota
365 4372 648 4428 devotione
687 4371 822 4428 colla
856 4372 1260 4437 submittimus,
1292 4381 1348 4427 et
1374 4371 1505 4426 vitia
1549 4373 1602 4428 in
1651 4372 1809 4428 nobis

218 4465 472 4520 universa
505 4463 828 4531 mortiflcet,
879 4472 934 4520 et
981 4473 1172 4519 contra
1212 4463 1391 4520 omnia
1431 4465 1657 4520 adversa
1703 4481 1804 4521 nos

219 4556 466 4622 muniat,
512 4557 602 4626 qui
651 4556 789 4612 vivis
829 4565 884 4611 et
921 4570 1115 4625 regnas
1144 4569 1266 4610 cum
1308 4554 1471 4611 Patre
1507 4566 1561 4610 et
1603 4555 1804 4612 Sniritu
1839 4527 1886 4586 υ

217 4658 414 4704 sancto
443 4647 586 4704 Deus
613 4663 712 4720 per
741 4647 919 4702 omnia
952 4647 1145 4703 szecula
1178 4647 1520 4702 smcnlorum.

779 4740 992 4795 XXXIII
1049 4739 1250 4795 Oratio.

293 4830 521 4886 Domine
544 4829 671 4888 Iesu
694 4831 932 4898 Christe,
954 4831 1044 4903 qui
1072 4846 1130 4886 es
1159 4840 1215 4886 et
1249 4830 1337 4900 qui
1363 4845 1486 4886 eras
1515 4829 1656 4886 Deus
1679 4847 1802 4888 οῖιηι

216 4918 383 4974 Patre
414 4929 538 4973 ante
567 4921 760 4975 saecula
788 4921 1031 4992 genitus,
1061 4920 1204 4976 Deus
1238 4936 1300 4976 ex
1335 4921 1445 4976 Deo
1474 4913 1603 4977 vero
1626 4961 1640 4988 ,
1669 4937 1801 4977 con-

214 5018 410 5080 ceptus
436 5012 504 5066 de
531 5010 735 5082 Spiritu
762 5021 949 5068 sancto
969 5052 984 5078 ,
1014 5021 1068 5066 et
1095 5020 1254 5067 natus
1285 5013 1448 5067 homo
1477 5013 1531 5067 in
1563 5014 1669 5068 fine
1697 5029 1799 5068 sar-

217 5106 466 5161 culorum
491 5107 557 5163 de
576 5107 786 5179 virgine
810 5122 1025 5178 semper
1044 5106 1235 5172 Maria,
1260 5108 1352 5177 qui
1374 5107 1631 5163 obediens
1653 5108 1799 5164 Patri

215 5214 393 5269 usque
419 5199 484 5253 ad
512 5207 766 5274 mortem,
807 5208 1039 5255 mortem
1068 5211 1249 5254 autem
1283 5199 1491 5264 crucis,
1520 5199 1797 5255 redemisti

217 5305 320 5344 nos
353 5299 443 5344 tuo
489 5298 678 5345 sancto
703 5298 760 5345 et
799 5291 1037 5360 pretioso
1081 5288 1376 5360 sanguine,
1424 5298 1478 5344 et
1522 5289 1798 5344 destruc‘o

218 5381 414 5437 mortis
445 5381 668 5453 imperio
693 5423 706 5447 ,
735 5381 986 5438 omnibus
1017 5381 1070 5436 in
1107 5389 1158 5435 te
1189 5379 1536 5436 credentibus
1559 5380 1796 5437 caelestis

218 5475 406 5545 gloriae
432 5476 638 5530 aditum
670 5475 956 5542 reserasti,
990 5485 1042 5530 te
1086 5473 1253 5529 Deum
1283 5490 1469 5529 verum
1490 5514 1506 5538 ,
1535 5482 1588 5528 et
1618 5473 1798 5529 Domi-

219 5584 348 5622 num
387 5582 564 5623 meum
595 5568 910 5638 suppliciter
941 5567 1107 5622 adoro
1127 5608 1142 5633 ,
1187 5566 1463 5622 sedentem
1493 5565 1560 5619 ad
1605 5566 1794 5622 dexte-

220 5675 334 5713 ram
363 5658 453 5713 Dei
481 5658 657 5714 Patris
683 5658 1100 5730 omnipotentis,
1143 5656 1482 5729 deprceando
1529 5657 1792 5712 infinitam

219 5758 267 5803 ct
301 5746 621 5804 incﬂabilcm
650 5748 1075 5806 misericordiam
1123 5757 1303 5817 tuam,
1333 5757 1390 5804 ut
1415 5761 1514 5821 per
1541 5748 1792 5806 virtutem

1929 1911 2192 1966 miserere
2271 1911 2446 1968 nobis.
2520 1911 2624 1967 Fili
2683 1913 3016 1985 Redemptor
3061 1916 3278 1983 mundi,
3336 1918 3513 1987 Deus,

1927 2001 2189 2058 miserere
2245 2002 2422 2059 nobis.
2473 2001 2708 2074 Spiritus
2749 2013 2969 2070 sancte,
3022 2005 3200 2073 Deus,
3253 2007 3518 2065 miserere

1926 2094 2101 2150 nobis.
2135 2093 2336 2150 Sancta
2366 2095 2638 2160 Trinitas,
2675 2112 2814 2150 unus
2842 2097 3007 2162 Deus,
3043 2098 3305 2154 miserere
3335 2099 3512 2157 nobis.

1927 2181 2127 2238 Sancta
2159 2183 2252 2238 Dei
2283 2182 2562 2251 Genitrix,
2591 2185 3192 2256 semper'intemerata,
3220 2188 3373 2256 virgo
3402 2187 3516 2242 Ma-

1924 2277 2034 2340 ria,
2067 2285 2120 2329 et
2147 2277 2330 2330 omnia
2358 2286 2549 2332 saneta
2595 2277 2872 2346 seraphim
2904 2287 2962 2332 et
2988 2278 3308 2347 cherubim,
3343 2279 3512 2336 inter-

1924 2364 2100 2420 cedite
2126 2379 2224 2435 pro
2252 2365 2411 2421 nobis
2455 2373 2512 2420 et
2556 2381 2656 2436 pro
2682 2366 2939 2422 omnibus
2980 2368 3118 2424 vivis
3145 2379 3201 2423 et
3245 2368 3514 2426 defuimus

1925 2457 2260 2514 tidelibus....

2239 2548 2481 2621 .XXXV.
2521 2549 2764 2621 Hymnus
2793 2551 2860 2605 de
2891 2551 2953 2607 S.
2983 2567 3154 2606 cruce.

2484 2640 2567 2695 Ad
2604 2653 2940 2696 nocturnum.

2198 2727 2345 2784 Crux
2370 2729 2519 2785 orbis
2549 2730 2700 2786 salus
2732 2731 2969 2801 perditi,

2128 2819 2399 2891 Perempti
2434 2821 2542 2876 vita
2569 2820 2785 2888 saeculi,
3001 2891 3006 2896 ο

2129 2909 2302 2977 Quam
2330 2911 2469 2965 victa
2502 2920 2742 2966 tremunt
2765 2917 2970 2966 tartara

2127 2999 2262 3056 Coeli
2293 3010 2548 3056 verentur
2578 3001 2814 3071 agmina.

2194 3090 2252 3145 In
2289 3101 2338 3146 te
2367 3092 2495 3147 dum
2519 3093 2628 3147 vita
2663 3093 2915 3156 moritur,

2131 3183 2327 3239 Mortis
2352 3193 2544 3239 catena
2571 3185 2816 3249 solvitur,

2131 3272 2348 3344 Egypti
2367 3273 2500 3344 jegu
2530 3274 2684 3329 liberi

2142 3364 2295 3419 Verre
2319 3373 2446 3419 sunt
2471 3365 2607 3420 lucis
2638 3365 2753 3419 filii.

2198 3454 2275 3509 Te
2300 3455 2452 3524 ponit
2479 3454 2650 3511 Judex
2683 3456 2926 3512 omnium
2941 3496 2958 3522 ,

2131 3543 2266 3599 Cum
2285 3544 2585 3613 iudicatur,
2613 3546 2840 3614 solium;

2127 3631 2243 3687 .Iam
2273 3642 2385 3688 tum
2417 3635 2600 3690 haedos
2622 3638 2691 3691 ab
2718 3637 2914 3694 ovibus

2127 3721 2391 3795 Segregat
2420 3726 2472 3780 in
2505 3725 2827 3784 latronibus.

2193 3818 2273 3873 Tu
2311 3821 2496 3874 mundi
2525 3819 2664 3876 ludis
2699 3821 3033 3891 principem,

2123 3910 2260 3964 Dum
2291 3911 2452 3980 punis
2478 3912 2898 3981 impassibilem,

2122 4001 2265 4057 Reos
2289 4000 2485 4058 oﬂ‘erre
2511 4003 2671 4058 solita

2118 4095 2289 4162 Quem
2319 4110 2462 4150 nunc
2485 4097 2613 4161 das,
2636 4095 2816 4153 aufert
2845 4096 3041 4168 spolia.

2201 4188 2258 4242 In
2291 4197 2342 4242 te
2370 4195 2641 4242 mactatur
2667 4188 2885 4244 victima
2907 4229 2922 4251 ,

2121 4280 2250 4347 Quae
2287 4280 2472 4335 mundi
2506 4291 2700 4352 purgat
2733 4283 2996 4350 crimina,

2117 4371 2239 4428 Tibi
2273 4371 2531 4427 talentum
2559 4373 2822 4439 creditur,

2123 4462 2254 4518 Adm
2279 4464 2423 4535 quod
2457 4464 2619 4519 solvit
2645 4464 2904 4520 debitum.

2194 4555 2302 4611 Nos
2332 4557 2455 4610 vitae
2483 4556 2693 4628 signum
2720 4565 2943 4628 protege

2132 4644 2277 4710 Quos
2303 4643 2418 4700 Rex
2447 4647 2746 4716 triumphat
2775 4647 2961 4718 gloriae
2995 4663 3016 4703 ἵ

2123 4736 2229 4792 Per
2255 4747 2308 4793 te
2337 4737 2404 4792 ad
2437 4754 2661 4809 regnum
2696 4737 2990 4809 provehat,

2122 4827 2268 4896 Quos
2291 4830 2554 4884 servitute
2589 4829 2806 4885 liberat.

2191 4917 2274 4974 Sit
2304 4919 2452 4976 Patri
2481 4920 2600 4975 laus
2629 4919 2903 4990 ingenito,

2121 5008 2204 5066 Sit
2230 5011 2394 5066 decus
2429 5011 2720 5082 Unigenito

2117 5101 2202 5156 Sit
2230 5101 2512 5172 utriusque
2537 5102 2696 5174 parili

2113 5193 2365 5264 Majestas
2390 5210 2601 5251 summa
2628 5194 2882 5250 Flamini.

2393 5288 2634 5344 XXXVI.
2672 5288 2756 5342 Ad
2785 5286 2988 5342 Iaudes.

2185 5382 2332 5436 Crux
2361 5382 2548 5437 mundi
2575 5381 2913 5446 benedictio,

2115 5474 2252 5544 Spes
2277 5481 2331 5528 et
2365 5483 2513 5529 certa
2548 5473 2884 5543 redemptio,

2111 5563 2248 5621 Olim
2278 5565 2540 5635 gehennae
2568 5563 2745 5634 bajula
2767 5605 2780 5629 ,

2107 5654 2261 5710 Nunc
2287 5655 2432 5707 clara
2465 5653 2586 5710 ewli
2614 5655 2781 5726 janua

2193 5745 2251 5804 In
2284 5753 2340 5804 te
2365 5745 2576 5804 levatur
2601 5747 2806 5815 hostia,
