4108 5342
610 383 710 440 931
1218 379 1275 434 S.
1318 380 1520 435 PETRI
1562 380 1840 435 DARIIASI
1884 380 2035 439 OPP.
2076 382 2311 438 TOMUS
2353 381 2481 438 ΗΞῐᾶ
2516 383 2694 437 PARS
2733 383 2823 438 ιγ.
2860 417 2928 425 -
2965 384 3256 441 ῖιιιοιιεα.

712 514 727 521 ’
763 507 766 510 ’
826 494 906 548 Ad
931 506 991 548 se
1015 491 1108 562 qui
1143 492 1306 546 traxit
1335 493 1543 550 omnia.
1600 507 1605 513 ‘
2227 500 2273 554 Δ

2227 500 2273 554 Α
2516 492 2645 560 Qua:
2667 494 2879 550 subruit
2912 494 3026 550 Rex
3062 497 3241 569 gloria:

814 583 989 650 Quam
1017 582 1200 636 mundi
1223 582 1482 651 princeps
1510 582 1721 650 impetit
2506 584 2639 639 Cum
2670 585 2827 641 laude
2854 587 3113 640 victorim.

816 673 1092 740 Sunmqne
1117 671 1248 725 nihil
1275 671 1504 726 invenit.
2186 710 2191 715 ~
2576 675 2853 745 Stupcnda
2885 676 2966 730 lex
2996 678 3233 747 mysterii
3260 719 3273 740 ,

880 764 1009 817 Tum
1038 763 1172 829 legis
1192 763 1453 820 articulus
1636 795 1641 799 ο
2499 763 2705 818 Novum
2733 779 2900 833 genus
2929 764 3098 835 praelii
3117 807 3131 828 ,

810 854 979 910 Vetus
1007 864 1188 909 cassat
1211 854 1632 923 chirographum
1651 893 1667 916 ,
2500 855 2721 925 Ligatns
2746 871 2912 910 nexos
2940 856 3167 925 liberat,

807 944 1043 1014 Antiqua
1074 944 1217 1015 perit
1239 945 1474 999 servitus
1496 982 1512 1010 ,
2185 983 2190 987 -
2501 944 2748 999 Mortuus
2780 946 3053 1013 vivlﬁeat;

808 1036 951 1094 Vera
980 1036 1204 1091 libertas
1236 1034 1501 1090 redditur.
2183 1068 2189 1101 ε
2508 1034 2615 1106 16
2652 1035 2896 1105 Dumque
2923 1038 3030 1090 vita
3056 1037 3357 1106 perimitur,

879 1128 1076 1184 Odoris
1103 1129 1176 1181 tui
1209 1127 1362 1196 copia
1815 1145 1818 1149 λ
2186 1176 2190 1191 ,
2507 1128 2695 1183 Mortis
2721 1145 2867 1184 mors
2894 1130 3138 1185 edicitur.

815 1221 1021 1275 Cuncta
1053 1217 1223 1271 vincit
1250 1224 1494 1270 aromata
1516 1255 1534 1280 ,
1872 1234 1877 1237 -
2108 1279 2117 1284 -
2392 1247 2397 1251 .

1872 1234 1877 1237 -
2108 1279 2117 1284 ψ
2392 1247 2397 1251 -
2467 1245 2477 1254 -
2567 1218 2780 1275 Stateru
2809 1222 2987 1276 erucis
3015 1222 3300 1291 pendulum

809 1312 911 1382 15
951 1310 1047 1363 Tui
1075 1307 1302 1361 dulcedo
1334 1306 1593 1369 nectaris
1656 1326 1659 1329 λ
2184 1330 2188 1335 λ
2493 1310 2676 1365 Μιιιιιίἰ
2717 1312 2877 1366 librat
2908 1314 3139 1383 pretium
3165 1355 3181 1378 ,

736 1452 765 1478 ,
802 1402 995 1472 Replet
1022 1414 1226 1455 arcana
1261 1397 1540 1466 pectoris;
2178 1462 2185 1467 ἢ
2404 1428 2407 1431 π
2497 1402 2648 1469 Quod
2679 1403 2806 1456 dum
2840 1414 3063 1458 exactor
3093 1408 3247 1474 petiit

870 1494 975 1548 Per
1003 1505 1221 1546 erucem
1243 1530 1257 1552 ,
1304 1487 1551 1550 Christe,
1583 1500 1931 1556 quaesumus,
2495 1490 2589 1546 lus
2620 1493 2902 1562 antiquum
2934 1496 3203 1564 perdidit,

795 1586 877 1641 Ad
906 1585 1030 1639 vitae
1054 1580 1298 1641 transfer
1330 1578 1647 1647 prannium',
2180 1623 2187 1629 .
2494 1583 2690 1645 Escam
2721 1583 2916 1654 glutire
2946 1586 3157 1651 nititttr,

805 1679 955 1746 Quos
982 1675 1109 1745 ligni
1148 1674 1285 1726 tivns
1319 1670 1540 1739 stipite,
1830 1738 1837 1743 '
2090 1732 2095 1735 τ
2181 1716 2185 1722 .

1830 1738 1837 1743 ,
2090 1732 2095 1735 τ
2181 1716 2185 1722 .
2501 1673 2607 1729 Sed
2639 1675 2804 1729 hamo
2836 1676 3191 1745 transﬁgitur.

804 1772 1063 1840 Dignatus
1091 1781 1149 1825 es
1175 1765 1463 1819 redimere.
1652 1786 1659 1791 -
2565 1764 2879 1836 Composuit
2903 1767 3330 1841 chirographum

872 1863 956 1917 Sit
982 1859 1126 1914 Patri
1155 1857 1273 1911 laus
1300 1853 1570 1923 ingenito,
1730 1878 1737 1883 -
1816 1896 1823 1901 ,
1878 1917 1885 1925 _
2200 1864 2255 1924 Β.
2488 1856 2494 1910 ς

1730 1878 1737 1883 -
1816 1896 1823 1901 η
1878 1917 1885 1925 _
2200 1864 2255 1924 Β·
2488 1855 2865 1926 Protoplastns
2894 1858 3199 1917 hominum.

801 1952 885 2007 Sit
908 1951 1073 2006 decus
1101 1947 1389 2016 Unigenito
1407 1985 1423 2011 ,
2178 1990 2181 1995 .
2480 1944 2632 2013 Quod
2660 1945 2913 2002 Christus
2944 1956 3062 2015 post
3090 1948 3143 2002 in
3182 1948 3287 2004 alia

806 2046 890 2100 Sit
918 2045 1198 2112 utriusque
1226 2038 1383 2109 parili
2178 2079 2185 2085 .
2486 2034 2656 2093 Solvit
2685 2036 2812 2107 ligni
2854 2036 3064 2103 tabula;

798 2135 1291 2201 Maiestassntnma
1322 2126 1578 2195 Flamini.
2482 2125 2613 2192 Quae
2637 2126 2844 2196 primus
2871 2127 3043 2182 Adam
3067 2128 3395 2198 scripserat,

711 2225 974 2282 XXXVII.
1016 2221 1414 2278 I’aractcricum
1445 2234 1656 2283 carmen
1686 2217 1750 2271 de
1783 2216 1843 2272 S.
1875 2233 2047 2270 cruce.
2182 2254 2183 2257 η
2296 2262 2297 2265 η
2488 2216 2771 2273 Secundus
2800 2219 3077 2274 omnemi,

589 2316 763 2376 Unica
792 2331 918 2388 spes
946 2315 1259 2376 hominum,
1291 2327 1425 2366 crux
1462 2325 1495 2364 ο
1521 2308 1833 2365 venerabile
1863 2308 2073 2378 signum
2094 2343 2110 2369 ,
2551 2309 2685 2365 Cum
2713 2315 2918 2365 Αυοίοι·
2948 2311 3069 2365 vitam
3097 2311 3347 2378 ηιοτίιωι,

657 2409 920 2466 Omnibus
946 2404 1238 2461 estosalus
1258 2442 1271 2465 ,
1310 2402 1470 2457 unica
1502 2416 1627 2470 spes
1656 2399 1956 2454 hominum.
2482 2400 2646 2456 Orbis
2681 2409 2735 2455 et
2762 2401 3144 2467 conunoritur;

587 2501 770 2569 Bajula
806 2509 858 2554 tu
887 2496 1080 2565 pretii,
1118 2492 1262 2564 quod
1299 2491 1490 2548 mundi
1521 2490 1700 2545 debita
1732 2488 1921 2559 solvit,
2178 2562 2183 2566 δ
2491 2490 2583 2544 Sol
2615 2489 2797 2543 radios
2826 2489 3075 2559 operuit;

654 2592 774 2658 Quo
803 2589 1002 2643 meruit
1025 2584 1220 2642 redimi
1240 2623 1255 2646 ,
1283 2581 1462 2653 ba'jula
1498 2589 1554 2636 tu
1582 2579 1762 2651 pretii.
2490 2580 2705 2651 Lngens
2734 2589 2876 2634 terra
2913 2580 3166 2645 tremuit;

588 2681 756 2741 Unica
784 2694 908 2749 spes
935 2678 1250 2739 hominum,
1285 2689 1418 2729 crux
1451 2687 1486 2726 ο
1522 2669 1829 2727 venerabile
1864 2667 2098 2740 signum,
2492 2669 2695 2738 Iempli
2728 2670 2903 2724 vehun
2930 2668 3211 2735 dividitur,

649 2771 915 2830 Omnibus
942 2777 1059 2824 esto
1105 2766 1252 2829 salus
1272 2806 1287 2831 ,
1316 2766 1473 2819 unica
1503 2778 1626 2834 spes
1655 2761 1958 2817 hominum.
2486 2761 2582 2816 Vis
2611 2776 2869 2815 saxorum
2900 2760 3185 2814 scinditur.

585 2863 809 2922 Tartara
840 2864 982 2917 victa
1015 2861 1123 2914 tuis
1152 2859 1383 2928 spolium
1419 2871 1634 2911 cessere
1663 2852 1991 2923 triumphis;
2294 2914 2297 2917 ,
2553 2853 2710 2907 Brevi
2742 2851 2989 2921 sepulcro
3025 2850 3316 2916 clauditur,

651 2957 862 3028 Lugent
886 2953 1099 3008 vexillis
1131 2960 1336 3006 tartara
1366 2950 1511 3004 victa
1545 2949 1674 3003 tuis.
2479 2942 2585 3009 Qui
2617 2941 2755 2996 cmlo
2785 2957 2891 2995 non
2925 2941 3154 3020 capitur.

582 3050 776 3104 Pandis
805 3057 858 3103 et
885 3056 1030 3101 astra
1066 3044 1202 3115 piis,
1232 3042 1453 3111 proprio
1479 3056 1614 3110 quos
1643 3038 1899 3109 stigmate
1945 3037 2163 3108 signas;
2485 3033 2671 3087 Prmda
2701 3033 2929 3086 vallatus
2958 3010 3155 3095 divite,

650 3143 756 3197 Das
789 3138 1032 3207 requiem
1059 3134 1253 3200 fessis,
1280 3133 1476 3204 pandis
1504 3139 1558 3186 et
1592 3140 1737 3185 astra
1766 3130 1888 3199 piis.
2484 3124 2643 3179 Victo
2678 3124 2871 3178 mortis
2902 3123 3145 3194 principe

583 3234 751 3290 Unica
782 3248 907 3302 spes
932 3230 1210 3285 hominum
1232 3268 1246 3292 ,
1281 3243 1416 3283 crnx
1452 3241 1485 3281 0
1516 3223 1829 3280 venerabile
1858 3223 2068 3293 signum
2089 3263 2103 3287 ,
2192 3214 2236 3272 (λ
2477 3213 2845 3285 Trinmphalis
2873 3213 3111 3283 potentia

649 3325 913 3384 Omnibus
938 3332 1055 3377 esto
1094 3321 1241 3376 salus
1262 3360 1276 3384 ,
1309 3320 1465 3374 unica
1494 3332 1617 3386 spes
1644 3316 1951 3370 hominum.
2488 3308 2675 3377 Surgit
2706 3308 2794 3361 die
2821 3306 3003 3359 tertia.

581 3419 1012 3490 Chirograpbnm
1040 3414 1195 3469 vetiti
1233 3412 1436 3482 pepigit
1467 3409 1612 3478 quod
1649 3408 1831 3464 cautio
1861 3407 2021 3477 ligni,
2550 3400 2778 3455 Reddite
2802 3397 3080 3453 Christum
3106 3395 3297 3468 vigiles

648 3510 820 3565 Dilnis
847 3519 899 3562 ct
925 3506 1065 3577 pomi
1094 3504 1509 3573 chirographum
1538 3500 1710 3554 vetiti.
2478 3491 2647 3558 Quem
2676 3490 2935 3544 servastis
2965 3488 3192 3556 milites,

582 3602 719 3663 Lux,
750 3600 945 3661 honor,
976 3594 1287 3664 imperium,
1317 3591 1455 3655 laus,
1483 3591 1677 3658 gloria,
1700 3588 1839 3642 (laxa
1868 3601 1964 3657 per
1992 3600 2163 3639 mvnm
2489 3584 2579 3638 \‘el
2609 3593 2880 3637 mortuum
2916 3582 3213 3644 ostendite.

653 3692 741 3748 Sit
769 3690 889 3754 tibi,
921 3688 1059 3742 trinc
1092 3686 1233 3740 Deus
1253 3724 1268 3747 ,
1296 3683 1419 3747 lux,
1453 3683 1648 3743 honor,
1681 3680 1990 3747 imperium.
2484 3673 2582 3728 Vel
2608 3674 2659 3726 in
2684 3672 2863 3725 vivum
2890 3670 3126 3733 credite,

583 3784 751 3841 Unica
781 3796 906 3852 spes
930 3778 1208 3834 homimnn
1232 3816 1247 3840 ,
1273 3790 1404 3829 crux
1434 3789 1467 3826 ο
1501 3770 1816 3844 venerabile
1852 3770 2088 3838 signum,
2475 3758 2584 3815 Cur
2609 3758 2780 3828 gratis
2807 3773 2933 3810 vera
2959 3756 3171 3818 dicitis,

648 3872 915 3930 Omnibus
943 3879 1058 3926 esto
1086 3867 1232 3921 salus
1251 3908 1265 3928 ,
1296 3866 1455 3919 unica
1484 3879 1609 3932 spes
1646 3862 1947 3916 hominum.
2475 3851 2656 3922 Empti
2685 3849 2816 3905 falsa
2860 3847 3097 3917 fingitis?

1007 3956 1291 4017 XXXVIII.
1332 3956 1408 4011 De
1454 3954 1516 4009 S.
1560 3969 1733 4007 cruce.
1955 3968 1960 3973 ·
2549 3942 2672 3997 Mox
2700 3941 2914 3996 intonat
2937 3938 3212 4010 angeliens

580 4056 845 4114 Omnibus
871 4060 955 4108 est
983 4067 1087 4106 una
1117 4065 1240 4121 spes
1266 4050 1381 4104 haec
1410 4046 1698 4102 metuenda
1731 4044 1898 4115 tignra
1916 4083 1931 4106 ,
2475 4035 2665 4092 Sermo
2691 4032 3029 4093 mulieribus,

579 4149 798 4207 Cernite
820 4148 1015 4200 librata
1044 4143 1272 4214 pretium
1299 4140 1535 4210 pendere
1565 4146 1765 4193 statera
1786 4178 1802 4200 ,
2478 4126 2756 4198 Apostolis
2787 4134 2847 4176 ut
2873 4122 3046 4176 dulcia

579 4241 735 4310 Quod
767 4238 1024 4293 mundum
1046 4212 1264 4288 redimit
1292 4229 1614 4300 protoplasti
1642 4227 1824 4282 debita
1848 4226 2028 4280 solvit.
2473 4217 2599 4272 Haec
2627 4212 2901 4270 deferrent
2933 4212 3117 4266 nuntia
3153 4230 3165 4265 :

578 4305 720 4390 Crux
747 4340 829 4386 est
856 4331 965 4382 vita
998 4327 1127 4381 mihi
1146 4366 1159 4388 ,
1193 4340 1341 4379 mors
1368 4323 1585 4379 inimice
1614 4320 1732 4376 tibi.
1956 4348 1957 4351 η
2477 4309 2536 4364 In
2574 4307 2851 4364 Galilaeam
2882 4305 3118 4375 pergite,

582 4421 823 4481 XXXIX.
842 4420 976 4475 Item
996 4459 1010 4481 ,
1042 4418 1107 4471 de
1134 4415 1193 4470 S.
1222 4431 1398 4479 cruce,
1426 4413 1630 4469 duobus
1658 4410 1877 4465 invicem
1908 4407 2154 4460 inimicis.
2230 4466 2231 4469 η
2474 4402 2549 4457 Ibi
2580 4400 2857 4457 Christum
2891 4395 3116 4451 cernite.

585 4517 726 4572 Ecce
756 4515 915 4568 rubet
940 4508 1141 4565 Christi
1173 4522 1305 4561 crux
1332 4503 1595 4573 sanguine
1629 4503 1792 4557 tincta
1824 4498 2047 4573 recenti,
2198 4570 2213 4573 ᾼ
2530 4492 2649 4546 Jam
2680 4491 2823 4558 regis
2849 4485 3150 4558 JEgyptiaci
3169 4526 3184 4551 ,

582 4609 709 4665 limo
737 4604 933 4660 cmlnm
963 4599 1123 4655 terris
1162 4570 1528 4660 eonfmderitt,
1563 4593 1743 4647 intima
1774 4570 2001 4647 summis
2035 4607 2048 4643 :
2191 4570 2241 4629 θ
2372 4664 2375 4665 ν
2476 4586 2751 4643 Servitute
2778 4581 2964 4644 liberi,

581 4700 708 4755 Haec
740 4695 895 4765 jubet
924 4692 976 4746 in
1004 4689 1158 4745 vobis
1176 4729 1190 4753 ,
1224 4696 1284 4741 ut
1312 4686 1400 4740 Inx
1432 4685 1642 4739 oriatur
1671 4682 1875 4737 amoris
1894 4722 1908 4744 ,
2372 4664 2375 4667 ’
2473 4676 2605 4731 Post
2634 4676 2800 4731 maris
2828 4672 2994 4727 Rubri
3026 4671 3346 4738 transitum,

580 4764 789 4851 Litibns
817 4785 1020 4842 sedatis
1045 4768 1340 4841 succedant
1360 4776 1546 4832 oscula
1577 4775 1749 4845 pacis.
2479 4768 2688 4824 Novum
2720 4767 2912 4821 demus
2936 4764 3204 4818 canticum
3226 4801 3245 4830 ,

993 4872 1108 4928 XL.
1150 4869 1438 4940 Rhythmus
1460 4866 1749 4937 paschalis.
2481 4858 2668 4913 Mortis
2700 4856 2858 4912 soluti
2886 4854 3122 4925 legibus,

857 4962 1138 5023 Paschalis
1162 4961 1283 5027 festi
1310 4960 1561 5031 gaudium
2473 4948 2690 5003 Christo
2714 4944 3175 5001 consurreximus.

790 5057 971 5114 Mundi
1002 5053 1166 5131 replet
1197 5050 1458 5105 ambitum
1479 5088 1492 5113 ,
1932 5068 1940 5077 -
2537 5036 2733 5100 Colite,
2774 5036 2896 5092 novi
2926 5032 3130 5105 populi,

788 5147 1034 5211 Caelum,
1064 5128 1249 5204 tellus,
1278 5155 1343 5194 ac
1366 5139 1535 5199 maria
1583 5198 1587 5205 ,
1837 5178 1842 5182 .
1950 5204 1953 5207 _
2478 5135 2603 5190 Rite
2630 5132 2838 5188 Pascha
2875 5128 3111 5191 Domini,

789 5238 812 5272 1
837 5246 934 5272 min
965 5232 1479 5272 nrnmunl‘nnrrnina
1506 5270 1511 5271 ,
2469 5219 2723 5272 Paschali
2752 5219 2885 5272 Auni
2916 5215 3178 5272 sanguine

3790 390 3911 447 ες)
