4078 6336
535 349 639 406 935

675 462 845 532 Quem
869 464 1053 534 nequit
1080 472 1220 518 totus
1246 463 1498 518 cohibere
1531 462 1762 517 mundus

1079 552 1298 607 Claudis
1329 553 1382 606 in
1421 553 1563 606 alvo.

740 641 912 707 Quem
951 650 1187 696 tremunt
1215 641 1361 708 cwli,
1395 649 1641 697 metuunt
1665 640 1864 712 abyssi,

678 730 980 784 Fluminum
1011 739 1194 801 guttre,
1227 733 1395 785 maris
1429 740 1483 786 et
1517 729 1786 800 procella),

684 819 885 874 Laudat
918 835 1164 884 occasus,
1194 831 1486 875 veneratur
1513 831 1688 886 ortus,

1063 911 1300 977 Stringis
1337 912 1389 966 in
1422 912 1584 967 ulnis.

739 998 905 1054 Lacte
933 999 1172 1054 nutritur
1199 1001 1351 1054 cibus
1383 1000 1719 1070 angelorum,

677 1093 872 1148 Fertur
902 1094 1378 1163 innuptzeogretnio
1406 1093 1595 1163 puella:

676 1185 774 1251 Qui
801 1199 902 1239 sua
927 1183 1032 1237 late
1056 1184 1258 1238 ditione
1285 1191 1444 1237 terrae

1103 1274 1346 1330 Pondera
1377 1275 1554 1330 librat.

749 1365 855 1436 19
880 1364 970 1420 Sic
995 1365 1159 1420 decus
1193 1381 1406 1420 summo
1429 1366 1544 1419 sine
1569 1364 1674 1419 line
1699 1364 1938 1428 Christo,

674 1454 874 1510 Sancta
903 1470 1063 1525 quem
1091 1456 1240 1526 virgo
1271 1455 1458 1526 genuit
1487 1455 1657 1509 Maria
1700 1472 1713 1507 :

676 1546 778 1612 Qui
819 1547 962 1601 Patri
996 1561 1238 1614 compar,
1276 1545 1618 1614 Flamiuique
1645 1553 1859 1606 sancto,

942 1639 1149 1710 Regnat
1197 1639 1251 1693 in
1288 1655 1484 1692 aevum.
1522 1639 1716 1693 Amen.

535 1729 762 1788 XLVIII.
796 1731 876 1784 Ad
903 1731 1148 1784 honorem
1171 1740 1367 1784 sancta:
1402 1729 1588 1784 Maria
1611 1729 1843 1800 virginis.
1874 1726 2112 1796 Oﬂiaum

681 1802 997 1872 quotidiani:
1027 1801 1232 1853 diebus.
1280 1800 1362 1852 Ad
1402 1816 1661 1868 vesperas.
1692 1799 1972 1870 'ﬂyznuua.

814 1891 999 1957 Sidus,
1033 1889 1218 1956 Maria,
1248 1889 1612 1959 Splendidum,

747 1981 825 2036 'I'e
852 1980 1034 2034 laudat
1074 1995 1236 2034 omne
1263 1978 1546 2044 saaculum,

750 2071 828 2126 Ex
857 2087 960 2141 qua
991 2072 1091 2125 sub
1113 2070 1296 2124 mundi
1319 2084 1565 2140 vespere,

748 2161 841 2218 Sol
864 2172 1018 2217 ortus
1039 2171 1122 2217 est
1137 2160 1384 2231 iustitiae.

824 2253 900 2307 Da
929 2267 1022 2307 cor
1051 2253 1288 2306 tenebris
1316 2251 1476 2321 eripi,

746 2343 824 2400 Da
859 2358 982 2398 vera
1025 2343 1143 2398 luce
1173 2343 1401 2412 perfrui,

747 2436 878 2500 Quae
909 2442 1122 2488 noctem
1149 2433 1274 2487 vita:
1298 2432 1501 2486 veteris

749 2524 918 2582 Novis
946 2525 1176 2579 illustret
1201 2525 1430 2579 meritis.

820 2615 923 2670 Per
947 2623 999 2670 te
1024 2629 1318 2685 purgemur
1342 2613 1512 2678 vitiis,

749 2703 1040 2761 Solvamur
1069 2704 1238 2773 culpa:
1277 2703 1544 2767 vinculis;

746 2795 898 2851 Mens
933 2795 1100 2851 vulsis
1127 2795 1296 2866 spinis
1316 2804 1470 2850 eruta

725 2918 729 2922 -
756 2885 1026 2941 Virtutum
1057 2888 1196 2941 ferat
1221 2887 1485 2958 germina.

827 2980 911 3034 Sit
941 2980 1034 3035 tibi
1066 2979 1207 3047 laus,
1234 2979 1513 3034 Altissime

757 3073 857 3141 Qui
886 3082 1044 3128 natus
1068 3088 1125 3127 es
1153 3087 1219 3127 ex
1257 3070 1508 3141 Virgine;

753 3167 837 3220 Sit
860 3167 1032 3221 honor
1055 3163 1314 3219 ineﬂ'abili

754 3255 901 3311 Patri
930 3265 1226 3325 sanctoque
1249 3252 1501 3308 Flamini.
1544 3252 1734 3306 Amen.

631 3347 818 3403 XLIX.
860 3348 1128 3402 Lectiones
1156 3346 1225 3399 ad
1257 3345 1592 3398 matutinum.
1629 3343 1800 3398 Lectio
1830 3345 2023 3415 prima.

612 3441 773 3495 Beata
819 3438 913 3494 Dei
961 3438 1212 3510 genitrix,
1270 3436 1422 3506 virgo
1477 3435 1662 3498 Maria,
1714 3436 1971 3503 templum
2024 3437 2116 3495 Dei

540 3531 672 3593 vivi,
699 3531 818 3584 aula
856 3529 1021 3599 Regis
1057 3528 1267 3592 mterni,
1316 3527 1614 3581 sacrarium
1659 3524 1896 3592 Spiritus
1925 3529 2119 3581 sancti.

545 3622 623 3675 'l‘u
654 3622 802 3690 virga
826 3621 890 3674 de
923 3620 1101 3674 radice
1135 3618 1309 3674 Jesse.
1353 3617 1430 3671 Tu
1461 3617 1655 3671 cedrus
1695 3617 1749 3670 in
1787 3615 2012 3672 Libano.
2042 3618 2120 3672 'l‘u

543 3727 668 3764 rosa
709 3725 980 3780 purpurea
1025 3709 1075 3762 in
1109 3708 1346 3763 Jericho.
1393 3707 1471 3761 Tu
1509 3723 1796 3778 cypressus
1839 3709 1889 3761 in
1941 3719 2122 3764 monte

545 3800 710 3865 Sion,
755 3815 875 3869 qua:
926 3798 1186 3868 singulari
1238 3797 1519 3869 privilegio
1570 3797 1924 3862 meritorum,
1980 3799 2122 3853 sicut

543 3892 721 3946 nescis
760 3889 814 3945 in
859 3890 1165 3945 hominibus
1193 3904 1522 3960 comparem,
1559 3888 1633 3942 ita
1669 3888 2020 3943 nihilominus
2065 3899 2120 3944 et

542 3981 839 4052 angelicam
869 3996 1092 4050 superas
1118 3981 1455 4051 dignitatem.
1491 3979 1587 4034 Cui
1623 3995 1761 4034 novo
1788 3989 1841 4032 et
1875 3980 2118 4034 inaudito

543 4069 808 4125 miraculo
850 4071 1031 4124 datum
1071 4079 1155 4125 est
1194 4079 1252 4123 ut
1295 4069 1550 4131 Verbum,
1583 4070 1724 4137 quod
1769 4079 1893 4124 ante
1925 4071 2120 4124 saecula

542 4157 686 4212 Deus
711 4160 919 4230 genuit,
956 4158 1108 4215 lieret
1139 4160 1278 4214 tilius
1315 4170 1455 4221 tuus.
1490 4170 1544 4212 et
1578 4159 1761 4219 homo,
1790 4175 1948 4228 quem
1983 4173 2032 4213 tu
2066 4161 2117 4214 in

544 4252 650 4306 tine
694 4252 874 4307 saeculi
923 4252 1175 4323 genuisti,
1235 4267 1399 4306 verus
1443 4258 1606 4320 atque
1658 4250 1932 4320 perfectus
1975 4260 2120 4306 esset

542 4341 714 4398 Filius
742 4342 858 4396 Dei.

1053 4431 1115 4484 L.
1159 4430 1333 4485 Lectio
1361 4431 1610 4486 secunda.

614 4523 659 4579 0
703 4521 937 4613 gloriosa
979 4537 1280 4613 puerpera,
1317 4523 1368 4576 in
1415 4537 1520 4613 qua
1565 4522 1680 4577 sola
1727 4523 2000 4591 reperitur
2031 4523 2110 4577 fe-
2154 4555 2200 4613 υ

543 4613 718 4667 cunda
749 4611 1048 4682 virginitas,
1079 4626 1199 4680 qua:
1238 4611 1318 4666 sic
1350 4627 1417 4665 ex
1447 4611 1787 4668 intemeratis
1817 4613 2118 4667 visceribus

541 4703 736 4758 Filium
759 4701 1028 4772 protulisti
1059 4710 1118 4754 ut
1144 4701 1359 4756 illibata:
1389 4701 1660 4770 pudicitiae
1687 4702 1969 4772 integritas
1996 4717 2118 4756 crc-

541 4803 741 4861 sccret,
799 4809 902 4848 non
950 4793 1114 4848 libitlo
1160 4793 1438 4862 virginalis
1486 4792 1738 4847 clausulae
1785 4793 2119 4862 signaculum

542 4886 792 4941 violaret.
841 4885 960 4939 Tibi
1015 4883 1252 4954 Spiritus
1302 4892 1546 4947 sanctus,
1600 4885 1724 4937 dum
1777 4885 2116 4952 concipcrcs,

543 4973 905 5034 obumbravit,
944 4987 1048 5026 non
1090 4982 1146 5025 ut
1180 4972 1316 5042 ipse,
1356 4973 1499 5041 quod
1548 4973 1712 5037 absit,
1762 4973 1813 5025 in
1860 4973 2122 5026 sacratis-

543 5065 682 5119 simo
721 5073 875 5118 utero
925 5074 1015 5117 tuo
1062 5062 1216 5118 lieret
1242 5079 1339 5132 pro
1377 5063 1584 5118 semine
1614 5062 1838 5127 sobolis,
1869 5063 1962 5115 sed
1993 5076 2121 5116 usus

544 5164 627 5210 est
656 5154 832 5224 potius
855 5155 1051 5207 virtute
1081 5168 1145 5206 ac
1187 5153 1426 5222 potentia
1463 5151 1753 5206 Creatoris.
1789 5151 1864 5204 De
1891 5161 1943 5204 te
1966 5167 2120 5204 sum-

544 5261 665 5300 mus
699 5243 939 5314 pontifex
972 5253 1155 5298 noster
1194 5245 1276 5298 sui
1318 5243 1563 5313 corporis
1598 5243 1834 5296 hostium
1865 5243 2117 5310 sumpsit,

545 5351 706 5414 quam
742 5335 792 5388 in
819 5351 912 5389 ara
953 5335 1129 5390 crucis
1171 5351 1269 5404 pro
1299 5335 1463 5389 totius
1491 5333 1675 5387 mundi
1706 5332 1878 5386 salute
1907 5331 2116 5387 sacriﬁ-

544 5429 687 5484 cium
715 5427 924 5482 obtulit.
953 5427 1031 5480 Tu
1061 5427 1147 5480 lux
1177 5427 1360 5481 oriens
1388 5424 1683 5490 Nazareth,
1714 5432 1767 5478 ιιι
1793 5424 1964 5494 gloria
1993 5423 2116 5478 Πίος

546 5520 798 5584 rusalem,
830 5528 885 5573 tu
919 5519 1099 5573 laetitia
1132 5517 1317 5585 Israel,
1357 5526 1415 5572 tu
1444 5515 1612 5572 decus
1637 5515 1846 5581 mundi,
1880 5523 1934 5570 tu
1964 5513 2122 5570 nobi-

546 5615 668 5669 litas
688 5615 868 5684 pepuli
895 5611 1210 5667 Christiani.

1073 5701 1158 5756 LI.
1199 5700 1375 5756 Lectio
1413 5701 1588 5756 tertia.

621 5795 666 5852 0
691 5794 897 5865 Regina
925 5794 1132 5865 mundi,
1165 5792 1308 5850 scala
1351 5792 1495 5860 coeli,
1540 5791 1764 5848 thronus
1800 5789 1917 5859 Dei,
1953 5789 2118 5860 janua

1339 349 1395 405 S.
1440 351 1642 404 PETRI
1681 348 1961 404 DAMlANl
2006 348 2156 402 OPP.
2197 347 2430 403 TOﬁIiS
2471 347 2602 402 SEU

2135 464 2182 520 Α

2140 1819 2186 1878 Β

2661 350 2839 407 PARS
2897 353 2983 406 IV.

2212 457 2468 528 piratlisi,
2503 459 2622 513 audi
2650 475 2840 530 preces
2872 476 3192 532 pauperum,
3226 478 3292 517 ne
3327 465 3596 536 despicias
3623 471 3804 542 gemi-

2219 557 2307 603 tus
2343 549 2684 604 miserorum.
2726 550 3026 607 lnferantur
3065 569 3094 606 a
3139 563 3191 608 te
3235 564 3355 610 vota
3400 569 3582 613 nostra
3626 573 3805 631 atque

2214 637 2444 707 suspiria
2493 641 2803 708 conspectui
2857 640 3258 711 Redemptoris,
3314 654 3373 698 ut
3420 662 3538 715 qua:
3588 651 3805 705 nos:ris

2215 729 2575 784 excluduntur
2605 731 2836 796 meritis,
2871 747 2965 800 per
3007 742 3056 786 te
3100 733 3274 788 locum
3319 740 3458 805 apud
3507 755 3665 793 aurt-s
3707 742 3807 793 di-

2214 822 2351 874 vinae
2381 820 2660 875 obtineant
2701 823 2939 890 pietatis.
2989 824 3114 880 Dele
3145 837 3381 895 peccata.
3431 829 3607 882 relaxa
3654 830 3807 885 1⁵(ιεὶ-

2215 924 2367 972 nora,
2410 909 2558 980 erige
2603 911 2800 980 lapsos,
2849 913 2958 982 2ο
3001 914 3148 969 solve
3194 918 3545 985 compeditos.
3581 920 3686 975 Per
3743 931 3810 978 te

2215 998 2562 1054 succidantur
2584 1015 2776 1069 vepres
2804 1011 2857 1054 et
2880 1002 3120 1071 germina
3144 1004 3416 1069 vitiorum,
3445 1009 3802 1075 praebeantur

2213 1087 2373 1143 ﬂores
2400 1099 2456 1144 et
2493 1103 2811 1146 ornamenta
2840 1094 3122 1148 virtutum.
3166 1095 3323 1151 Placa
3365 1101 3612 1168 precibus
3638 1102 3702 1157 ,ιιι
3731 1105 3772 1157 ii
3791 1137 3808 1145 -

2216 1194 2355 1244 cum,
2381 1194 2538 1249 quem
2569 1183 2798 1250 genuisti
2827 1183 3089 1254 singuiari
3119 1190 3405 1257 puerperio
3430 1190 3808 1257 Salutarem,

2218 1279 2278 1322 ut
2345 1271 2436 1340 qui
2507 1287 2605 1342 per
2657 1282 2708 1327 te
2759 1273 2936 1330 factus
2978 1286 3062 1330 est
3125 1279 3394 1348 particeps
3447 1282 3811 1341 humanitatis

2216 1370 2438 1425 nostrai,
2490 1377 2588 1432 per
2635 1373 2687 1418 te
2737 1379 2951 1435 quoque.
3002 1383 3100 1421 nos
3143 1379 3423 1424 consortes
3470 1371 3665 1428 cﬂiciat
3710 1377 3806 1428 lli-

2216 1449 2458 1504 vinitatis
2503 1466 2635 1506 suae.
2700 1453 2801 1520 Qui
2857 1470 2978 1510 cum
3040 1457 3149 1512 Deo
3209 1457 3411 1525 Patre,
3473 1471 3529 1517 et
3587 1463 3806 1532 Sphitu

2216 1551 2402 1597 sancto
2433 1543 2564 1628 vivit
2589 1553 2642 1599 et
2670 1555 2859 1616 regnat
2895 1547 2948 1602 in
2983 1549 3178 1604 secula
3212 1553 3558 1608 saeuorum.
3588 1555 3800 1611 Amen.

3690 358 3751 416 9:
3762 358 3802 414 ὅ

2606 1656 2716 1716 LII.
2765 1658 3006 1730 Hymnus
3051 1663 3120 1716 ad
3167 1663 3409 1733 prfmam.

2505 1748 2669 1803 Beata
2703 1749 2796 1805 Dei
2819 1753 3081 1820 genitrix,

2426 1836 2581 1892 Nitor
2606 1840 2826 1894 humani
2860 1843 3071 1912 generis
3105 1858 3119 1898 :

2428 1927 2534 1982 Per
2562 1945 2726 1998 quam
2765 1931 2830 1985 de
2857 1933 3029 1986 servis
3050 1933 3208 1989 liberi

2437 2018 2706 2089 Lucisque
2735 2036 2923 2076 smnus
2950 2023 3065 2079 lilii.

2502 2108 2611 2162 Fac
2639 2118 2787 2162 tuum
2818 2112 2974 2166 nobis
3000 2113 3197 2169 Filium

2431 2199 2521 2252 Pia
2548 2214 2709 2270 prece
2736 2201 3061 2271 propitium;

2429 2290 2598 2356 Quem
2623 2292 2860 2361 graviter
2888 2292 3231 2362 oli‘eudimus,

2432 2381 2512 2436 Tu
2545 2382 2726 2436 mitem
2753 2384 2940 2449 redde,
2973 2401 3300 2454 quaesumus.

2508 2474 2592 2530 Sit
2625 2477 2719 2530 tibi
2747 2477 2882 2543 laus,
2907 2478 3204 2544 Altissime,

2433 2567 2534 2632 Qui
2573 2577 2731 2622 natus
2751 2583 2809 2622 es
2837 2585 2901 2622 ex
2935 2570 3155 2641 Virgine
3181 2589 3196 2626 :

2431 2656 2510 2709 Sit
2543 2657 2717 2711 honor
2739 2657 2996 2714 iucﬁ‘abili

2430 2745 2601 2811 Patri,
2633 2757 2931 2819 sanctoque
2977 2750 3233 2806 Flamini.
3277 2753 3470 2807 Amen.

2625 2856 2756 2911 LIII.
2787 2857 2839 2911 Η
2843 2875 3030 2928 ymnus
3057 2861 3127 2916 ad
3159 2860 3386 2918 tertiam.

2499 2947 2688 3008 Maria.
2719 2949 2880 3004 decus
2920 2952 3223 3018 hominum,

2437 3039 2600 3110 Regis
2621 3041 2809 3095 aeterni
2840 3042 3058 3109 solium,

2438 3131 2658 3201 Septem
2690 3133 2959 3190 columnis
2985 3136 3127 3191 edita

2437 3222 2639 3278 Domus
2667 3239 2694 3279 τι
2733 3225 3019 3294 sapientia.

2508 3313 2586 3368 Tu
2613 3327 2713 3370 nos
2737 3325 2967 3371 venturo
2986 3317 3160 3373 Judici

2433 3404 2767 3461 Commenda
2799 3424 2960 3477 prece
2999 3409 3228 3480 supplici
3255 3427 3272 3465 :

2439 3495 2572 3550 'I‘uis
2598 3496 2839 3552 intentos
2869 3499 3116 3556 laudibus

2429 3585 2578 3643 Mitis
2613 3595 2800 3641 cernat
2823 3604 2887 3643 ac
2913 3589 3173 3656 placidus.

2510 3678 2594 3732 Sit
2620 3679 2716 3732 tibi
2748 3679 2886 3745 laus,
2911 3681 3207 3747 Altissime,

2437 3766 2536 3833 Qui
2566 3777 2722 3822 natus
2751 3784 2811 3824 es
2839 3787 2904 3825 et
2933 3771 3150 3842 Virgine
3177 3791 3190 3826 :

2439 3859 2521 3913 Sit
2551 3860 2723 3913 honor
2747 3859 3000 3915 ineffabili

2437 3949 2608 4014 Patri,
2638 3959 2932 4020 sanctoque
2970 3951 3220 4008 Flamini.
3250 3954 3446 4011 Amen.

2620 4054 2754 4110 LIV.
2798 4055 3042 4124 llyumus
3086 4062 3152 4111 ad
3190 4069 3412 4112 sextam.

2505 4145 2674 4201 Maria
2704 4147 2960 4215 templum
2989 4148 3222 4214 Domini,

2433 4235 2528 4290 Dei
2560 4244 2735 4290 mater
2761 4245 2815 4289 et
2840 4236 3094 4303 hominis,

2433 4328 2587 4384 Tunc
2615 4345 2742 4383 vere
2781 4330 2942 4400 Virgo
2972 4333 3263 4403 virginum,
3288 4370 3316 4394 ς

2436 4418 2570 4474 Cum
2609 4419 2861 4489 peperisti
2894 4421 3110 4477 Filium.

2510 4512 2584 4565 Da
2616 4512 2774 4566 nobis
2803 4512 2949 4568 hunc
2976 4514 3029 4568 in
3069 4513 3278 4571 fervido

2437 4600 2635 4656 Mentis
2667 4611 2878 4672 gestare
2912 4605 3152 4674 gremio;

2437 4694 2513 4746 Ex
2543 4701 2630 4746 tua
2659 4710 2820 4747 carne
2845 4695 3081 4764 genitus.

2437 4782 2650 4837 Nostris
2680 4791 2865 4852 regnet
2897 4785 2946 4838 in
2971 4786 3240 4842 sensibus.

2509 4873 2591 4927 Sit
2618 4873 2713 4927 tibi
2737 4874 2874 4937 laus,
2901 4875 3200 4941 Altissime,

2440 4963 2541 5030 Qui
2575 4972 2732 5018 natus
2765 4979 2823 5018 es
2849 4979 2914 5017 ex
2945 4966 3162 5036 Virgine
3197 4985 3208 5019 :

2436 5054 2520 5107 Sit
2558 5054 2729 5106 honor
2761 5051 3016 5109 inel'l'al‘tili

2438 5143 2608 5208 Patri,
2632 5150 2928 5213 sanctoque
2950 5141 3200 5199 Flamini.
3235 5148 3428 5203 Amen.

2646 5230 2759 5287 LV.
2799 5233 3045 5303 Hymnus
3071 5238 3139 5289 ad
3167 5254 3380 5292 nonam.

2509 5329 2554 5385 0
2577 5326 2868 5396 singularis
2887 5327 3114 5390 femina,

2439 5417 2562 5473 Sola
2591 5415 2759 5485 Virgo
2789 5430 3075 5486 puerpera,

2433 5508 2706 5565 Prwclara
2735 5509 2858 5564 vita:
2882 5508 3072 5576 janua.

2435 5602 2551 5669 Qua
2586 5600 2708 5655 coeli
2751 5604 2939 5669 patent
2968 5604 3128 5654 atria.

2510 5687 2592 5744 Tu
2620 5704 2717 5743 nos
2747 5688 3022 5756 culparum
3053 5694 3302 5756 nexibus.

2441 5780 2628 5838 Sacris
2656 5775 2874 5833 absolve
2900 5779 3151 5846 precibus
3179 5797 3192 5834 :
