4078 6336
237 387 342 445 937

452 1945 552 2012 Qui
575 1955 733 2001 natus
760 1963 818 2002 es
845 1955 908 2001 ex
935 1949 1191 2019 Virgine;

444 2033 529 2088 Sit
554 2035 727 2091 honor
753 2036 1008 2092 ineli‘abili

1493 395 1798 451 CARMINA
1838 397 1924 452 ET
1963 397 2246 456 PRECES.

441 2124 619 2192 Patri,
652 2138 943 2196 sanctoque
972 2128 1225 2188 Flamini.
1261 2133 1457 2192 Amen.

337 2215 489 2269 LVII.
532 2216 660 2270 Isin:
690 2219 951 2272 orationes
982 2220 1228 2275 dicantur
1260 2240 1352 2292 per
1379 2227 1537 2278 horas
1578 2227 1701 2280 diei.

304 2310 466 2376 Deus,
496 2312 585 2380 qui
618 2311 811 2364 Filium
837 2320 984 2366 tuum
1017 2315 1083 2368 ad
1124 2332 1224 2371 nos
1257 2332 1355 2385 per
1404 2319 1675 2388 Virginem
1723 2321 1804 2375 di-

234 2409 427 2470 gnatus
458 2415 519 2454 es
551 2402 801 2466 mittere,
836 2402 903 2455 da
946 2404 1100 2459 nobis
1149 2407 1213 2460 ad
1259 2415 1340 2471 te,
1391 2407 1809 2478 suifragantibus

233 2490 468 2558 ejusdem
502 2492 564 2545 Β.
610 2491 793 2546 Mariae
822 2495 1094 2562 precibus,
1124 2495 1330 2567 jugiter
1373 2497 1653 2554 festinare.
1704 2499 1808 2556 Per

233 2579 478 2635 eumdem
500 2579 804 2635 Dominum.

839 2674 1015 2731 LVIII.
1055 2677 1196 2734 Alia.

300 2762 462 2830 Deus,
496 2765 587 2834 qui
614 2764 864 2818 humanae
886 2767 1201 2823 substantia:
1224 2771 1506 2824 veritatem
1537 2772 1602 2826 de
1634 2772 1801 2842 virgi-

231 2853 368 2908 nalis
399 2855 537 2909 uteri
559 2855 785 2909 materia
808 2857 1115 2925 suscepisti,
1149 2859 1216 2913 da
1251 2861 1407 2916 nobis
1435 2863 1609 2917 beatae
1639 2861 1803 2917 Geni-

232 2944 384 2998 tricis
416 2953 516 3000 tua:
543 2945 793 3014 precibus
837 2947 910 3000 ita
959 2948 1278 3018 degenerem
1323 2965 1526 3006 exuere
1565 2962 1804 3009 vetusta-

233 3038 338 3085 tem
361 3072 376 3097 ,
401 3041 459 3086 ut
486 3042 537 3086 te
567 3050 718 3088 novae
762 3037 1130 3104 generationis
1157 3037 1442 3094 induanius
1483 3040 1798 3096 Auctorem.

232 3121 333 3188 Qui
363 3136 484 3177 cum
515 3123 698 3178 Patre.

856 3217 993 3271 LIX.
1034 3219 1175 3273 Alia.

1831 3200 1875 3260 C

298 3301 544 3359 Concede
566 3320 684 3367 nos,
703 3311 1388 3380 quaesumus,omnipotens
1415 3312 1574 3375 Deus,
1602 3311 1662 3364 Β.
1688 3311 1803 3365 Ma-

463 506 579 562 Tua
604 514 916 576 prementes
943 505 1136 560 merita
1853 511 1906 570 Α
2143 508 2392 577 Suscepit
2426 509 2637 576 quidem
2671 515 2792 573 tua,

464 599 548 654 Ad
571 597 700 653 cmli
729 594 964 650 transfer
995 598 1234 665 prmmia.
2143 599 2252 654 Sed
2285 615 2390 654 non
2421 599 2602 654 amisit
2629 614 2743 652 sua.

530 689 615 745 Sit
639 689 734 744 tibi
759 689 898 755 laus,
924 688 1218 753 Altissime,
2207 690 2313 758 22
2352 689 2536 744 Oritur
2565 699 2717 742 ortus
2750 697 2973 754 rerum;

459 778 559 845 Qui
585 789 748 834 natus
778 795 836 833 es
865 794 929 832 ex
967 777 1222 847 Virgine;
2136 779 2224 833 Fit
2251 781 2505 850 antiquus
2529 779 2736 832 dierum
2763 796 2777 844 ί

457 868 538 923 Sit
567 870 743 923 honor
773 866 1024 922 ineffabili
2132 868 2292 924 Orbis
2319 870 2470 939 origo
2499 869 2660 936 cmpit
2687 908 2701 932 ,

391 972 394 978 '
458 958 626 1024 Patri,
658 968 954 1030 sanctoque
982 959 1230 1015 Flamini.
1265 962 1458 1016 Amen.
2132 958 2332 1012 Factus
2359 974 2424 1014 ex
2455 957 2540 1011 his
2564 973 2683 1025 quae,
2709 955 2856 1010 fecit.

462 1051 566 1120 ﬁl
608 1050 739 1104 LVI.
781 1048 1024 1119 Hymnus
1060 1049 1130 1102 ad
1168 1050 1583 1121 completorium.
1754 1113 1758 1121 μ
2201 1051 2506 1118 Conceptus
2545 1049 2884 1113 fecundavit,

524 1138 692 1192 Maria
716 1181 730 1202 ,
767 1140 932 1208 Virgo
966 1139 1136 1205 regia,
2132 1140 2300 1194 Natus
2325 1156 2428 1193 non
2459 1140 2713 1204 violavit,

456 1225 625 1284 David
653 1229 821 1298 stirpe
848 1229 1127 1300 progenita
1153 1268 1167 1293 ,
2131 1230 2357 1283 intravit
2385 1239 2439 1282 et
2467 1231 2635 1283 exivit
2661 1270 2674 1292 ,

450 1313 570 1372 Non
599 1327 707 1370 tam
733 1325 955 1386 paterna
985 1317 1181 1371 nobilis
2133 1315 2237 1370 Sed
2278 1317 2514 1371 clausam
2547 1317 2855 1386 dereliquit.

448 1402 622 1470 Quam
651 1406 912 1475 dignitate
941 1406 1163 1460 sobolis.
2200 1405 2279 1458 Tu
2307 1407 2485 1459 Aaron
2515 1421 2574 1460 es
2600 1407 2767 1475 virga,

527 1494 606 1548 Tu
630 1534 644 1558 ,
688 1507 788 1549 nos
815 1493 1029 1548 avulsos
1060 1495 1260 1560 veteri,
2133 1503 2405 1566 Fecunda,
2435 1502 2562 1557 licet
2587 1503 2731 1556 sicca
2753 1544 2767 1565 ,

458 1583 778 1654 Complaiita
806 1599 946 1640 novo
976 1586 1205 1654 germini
1233 1602 1247 1650 ;
2128 1593 2260 1657 Quae
2287 1606 2507 1661 germen
2537 1593 2830 1660 protulisti,

451 1671 552 1726 Per
582 1681 632 1726 le
661 1673 734 1726 sit
759 1689 928 1742 genus
955 1674 1231 1728 hominum
2129 1683 2234 1737 Sed
2263 1681 2426 1752 Virgo
2451 1683 2798 1750 permansisti

455 1761 652 1830 Regale
676 1766 1058 1820 sacerdotium.
2199 1771 2275 1825 Te
2307 1771 2474 1824 rubus
2503 1771 2848 1839 praalucebat,

523 1854 607 1907 Sit
639 1855 732 1910 tibi
766 1855 916 1921 laus,
944 1858 1253 1927 Altissime,
1845 1855 1894 1914 B
2135 1857 2237 1924 Qui
2269 1858 2466 1912 ardens
2496 1875 2602 1912 non
2630 1860 2889 1913 ardebat:

2127 1947 2256 2013 Quae
2285 1949 2400 2003 sine
2425 1956 2558 2002 aestu
2589 1951 2786 2002 nientis

2123 2035 2379 2092 Fructum
2404 2039 2596 2093 dedisti
2622 2041 2846 2094 ventris.

2193 2129 2260 2181 Et
2283 2137 2407 2181 ante
2432 2135 2644 2196 partum
2678 2129 2863 2198 Virgo,

2121 2217 2226 2272 Sed
2253 2227 2374 2286 post
2401 2219 2669 2290 virginum
2701 2222 2896 2291 Virgo;

2124 2307 2309 2362 Crevit
2331 2309 2383 2360 in
2409 2316 2529 2361 ortu
2563 2310 2730 2377 prolis

2130 2396 2418 2466 lntcgritas
2447 2398 2687 2466 pudoris.

2194 2489 2292 2542 Est
2327 2490 2642 2558 angelorum
2675 2491 2828 2544 cibus

2055 2631 2060 2634 .
2122 2575 2238 2632 Tuo
2261 2578 2400 2630 lacte
2430 2577 2666 2631 nutritus
2690 2595 2704 2641 ;

2119 2667 2220 2734 Qui
2247 2670 2383 2722 mari
2414 2669 2621 2738 praebet
2643 2669 2814 2724 undas

2119 2758 2340 2829 Papillae
2369 2761 2512 2830 sugit
2539 2770 2738 2829 guttas.

2189 2849 2345 2904 Geris
2376 2851 2428 2903 in
2458 2850 2578 2902 sinu
2605 2850 2808 2919 prolem

2125 2941 2225 3008 Qui
2259 2952 2415 2996 terrm
2444 2941 2602 2995 librat
2628 2942 2820 2995 molem
2837 2959 2852 3006 ;

2125 3031 2298 3085 Foves
2328 3046 2356 3084 a
2389 3045 2494 3100 quo
2535 3030 2736 3084 foveris
2762 3072 2775 3095 ,

2123 3122 2322 3177 Servas
2351 3139 2380 3175 a
2407 3138 2513 3190 quo
2545 3123 2731 3176 tueris.

2190 3214 2441 3267 Blandire
2465 3253 2480 3279 ,
2522 3213 2720 3276 Mater,
2757 3215 2921 3269 charo
2947 3253 2963 3279 ,

2126 3305 2228 3369 Qui
2261 3314 2310 3357 te
2342 3304 2546 3358 creavit
2569 3345 2582 3368 ,
2612 3304 2780 3368 Nato;

3394 395 3498 452 938

2115 3393 2308 3449 Oscula
2332 3405 2483 3464 grata
2513 3393 2615 3463 ﬁge
2644 3435 2658 3460 ,

2117 3483 2326 3538 Fasciis
2354 3484 2594 3537 membra
2624 3485 2798 3554 cinge.

2182 3578 2522 3648 Amplectere
2548 3579 2822 3632 caelestem
2844 3620 2858 3644 ,

2115 3668 2282 3734 Quem
2309 3667 2540 3738 genuisti
2567 3666 2766 3737 Regem
2796 3708 2811 3730 ,

2113 3759 2212 3813 Cui
2246 3760 2416 3814 servit
2451 3759 2531 3814 sol
2558 3769 2610 3812 et
2642 3758 2766 3812 luna
2787 3797 2801 3822 ,

2111 3851 2185 3906 Et
2211 3852 2389 3906 omnis
2411 3862 2680 3905 creatura.

2187 3941 2351 3995 Chori
2381 3941 2637 3994 virtutum
2665 3949 2902 3992 tremunt

2113 4031 2284 4097 Quem
2313 4030 2443 4084 viles
2464 4031 2624 4098 panni
2659 4039 2847 4098 tegunt
2877 4046 2892 4082 :

2111 4121 2277 4174 Pavet
2307 4121 2502 4174 malum
2539 4129 2594 4173 et
2631 4129 2773 4173 terra

229 3391 323 3446 ria.-
350 3408 563 3465 semper
604 3397 838 3468 Virginis
868 3401 1118 3468 precibus
1155 3402 1454 3465 sublevari,
1509 3416 1607 3471 per
1651 3403 1802 3470 cujus

228 3482 551 3540 ineﬂ‘abilem
579 3497 791 3555 partum
815 3491 1115 3557 procurasti
1139 3491 1326 3546 salutis
1359 3492 1606 3547 humanae
1630 3506 1802 3548 reme-
1845 3551 1859 3560 ,

228 3573 398 3630 dium.
443 3575 546 3630 Per
583 3577 889 3633 Dominum.

858 3670 971 3724 LX.
1011 3673 1148 3726 Alia.

299 3759 462 3825 Deus,
499 3758 589 3827 qui
620 3759 820 3814 vitiatae
853 3762 1037 3830 stirpis
1087 3762 1350 3832 originem
1393 3782 1489 3835 per
1526 3768 1800 3838 virginalis

225 3849 365 3903 uteri
389 3864 609 3920 reparas
630 3851 967 3920 dignitatem,
1003 3857 1238 3910 concede
1259 3858 1544 3926 propitius,
1577 3871 1636 3914 ut
1665 3877 1800 3930 quos

223 3938 428 4008 proprii
467 3951 649 3995 reatus
676 3941 844 3995 moles
875 3953 1098 4013 gravat,
1133 3945 1450 4002 intercessio
1485 3949 1659 4004 beatae
1704 3953 1798 4006 Dei

226 4027 516 4084 Genitricis
540 4031 768 4085 attollat.
793 4031 897 4086 Per
918 4034 1225 4089 Dominum.

452 4119 586 4174 LXI.
627 4121 917 4191 Rliyllmms
950 4125 1013 4177 de
1046 4124 1105 4178 S.
1146 4125 1317 4180 Maria
1356 4129 1566 4198 virgine.

506 4214 550 4268 Ο
571 4213 796 4282 genitrix
829 4217 1012 4270 aeterni
1039 4258 1053 4282 ,

439 4302 602 4374 Virgo
641 4304 806 4358 Maria
832 4348 846 4371 ,
871 4305 1032 4362 Verbi
1063 4350 1077 4372 ,

436 4395 564 4461 Qua:
592 4412 713 4459 vox,
746 4414 866 4466 qua:
903 4401 1080 4469 lingua
1111 4404 1294 4457 carnis

433 4483 538 4538 Par
568 4489 671 4539 erit
696 4497 798 4541 tua:
829 4488 1042 4542 laudis?

506 4574 584 4628 Tu
613 4590 748 4630 nova
781 4579 947 4632 maris
979 4581 1129 4634 stella
1149 4622 1163 4646 ,

438 4664 590 4719 Celsa
623 4666 728 4734 poli
760 4667 994 4722 fenestra
1017 4711 1031 4731 ,
1091 4704 1094 4705 ν

439 4753 593 4809 Scala
632 4770 748 4822 quae
776 4757 969 4809 emtum
999 4760 1158 4815 terris
1180 4799 1194 4826 ,

438 4843 628 4914 Jungis
662 4845 766 4898 ima
794 4848 1060 4914 supernis.

495 4937 821 4990 Immensum
852 4939 1146 5007 concepisti

433 5024 714 5080 Parentem
738 5026 992 5095 peperisti
1018 5068 1031 5091 ,

430 5114 519 5170 Fit
553 5115 747 5170 Factor
773 5125 825 5171 et
846 5115 1052 5170 factura
1079 5157 1094 5182 ,

433 5203 634 5260 Creans
663 5213 718 5259 et
740 5215 1012 5260 creatura.

499 5293 667 5362 Quem
704 5295 936 5350 mundus
966 5295 1110 5350 ferre
1137 5297 1324 5366 nequit

433 5384 627 5441 Totum
656 5386 814 5440 vulva
847 5389 1095 5458 concepit
1119 5393 1157 5456 ;'

430 5476 548 5543 Quo
570 5477 830 5532 circuitur
859 5479 1046 5546 aether,

431 5567 626 5622 Puella:
659 5569 856 5623 clausit
885 5579 1091 5624 venter.

507 5657 658 5712 Servi
685 5659 860 5714 t‘orma
896 5659 1117 5713 indutus
1136 5700 1151 5725 ,

434 5748 620 5802 Divina
654 5765 758 5803 non
789 5760 984 5805 exutus
1007 5791 1021 5815 ,

661 5843 934 5912 Parnm"
976 5835 1214 5906 CXLV.

2112 4213 2282 4278 Quem
2310 4211 2511 4281 bajulat
2534 4210 2729 4278 puella.

2184 4303 2342 4372 Vagit
2373 4304 2424 4356 in
2453 4303 2573 4356 sinu
2602 4303 2817 4363 matris,

2113 4394 2326 4464 chnat
2350 4393 2401 4446 in
2426 4393 2621 4446 throno
2648 4391 2824 4444 Patris
2857 4408 2871 4443 :

2120 4484 2317 4553 Legem
2349 4483 2540 4536 matris
2567 4481 2853 4545 observat,

2119 4572 2301 4628 Mundi
2330 4571 2450 4641 jura
2489 4571 2771 4642 gubernat.

2182 4663 2263 4717 Tu
2292 4663 2456 4717 fontis
2482 4660 2604 4719 lous
2635 4660 2866 4714 viventis

2112 4755 2310 4811 Oriens
2334 4753 2592 4817 orientis;

2112 4847 2274 4902 Liber
2300 4845 2391 4900 ille
2417 4847 2662 4915 signatus

2111 4937 2317 4992 Victori
2351 4938 2467 4990 viro
2493 4936 2672 4990 datus.

2190 5029 2270 5081 Tu
2300 5035 2453 5097 porta
2495 5025 2678 5094 templi
2706 5023 2886 5077 clausa
2907 5061 2922 5087 ,

2115 5120 2346 5190 Superni
2377 5118 2539 5187 Regis
2574 5117 2711 5179 aula;

2111 5209 2390 5264 IErarium
2422 5206 2606 5260 talenti
2633 5245 2647 5270 ,

2115 5298 2218 5353 Per
2247 5295 2390 5365 quod
2417 5309 2603 5350 sumus
2637 5292 2918 5360 redempti.

2182 5389 2385 5443 Hortus
2417 5387 2733 5441 deliciarum

2111 5482 2256 5538 Odor
2283 5480 2642 5544 suavitatum;

2116 5569 2196 5623 ’l'u
2224 5583 2352 5638 ager
2387 5568 2476 5621 ille
2503 5567 2692 5636 plenus
2712 5606 2727 5632 ,

2111 5657 2210 5713 Cui
2246 5656 2519 5712 benedixit
2553 5657 2716 5710 Dens.

2183 5751 2262 5806 Ex
2293 5759 2344 5804 te
2368 5750 2558 5821 botrus
2587 5763 2855 5825 egressus,

2964 5839 3040 5899 30
