4108 5342
540 437 644 496 939

752 544 876 614 Qui,
906 540 1085 598 crucis
1110 532 1276 609 praelo
1300 545 1550 603 pressus,

754 637 893 693 Vino
924 634 1067 704 rigat
1099 638 1326 684 arentes

760 725 944 783 Sancti
969 721 1204 793 Spiritus
1235 721 1476 771 mentes.

830 816 900 870 Es
925 822 976 868 et
1005 821 1150 866 terra
1180 803 1428 863 cretestis

765 904 940 961 Ferax
965 901 1121 955 Iactis
1142 906 1197 953 et
1222 895 1403 951 mellis
1428 910 1442 945 :

765 996 845 1049 Ex
873 1008 979 1063 qua
1009 989 1223 1046 Veritas
1262 995 1381 1041 orta

763 1086 925 1142 Tollit
955 1094 1205 1139 errorum
1240 1081 1458 1146 dogma.

834 1181 1030 1232 Arcem
1061 1168 1361 1226 nobilitatis

768 1268 848 1323 De
874 1263 1041 1336 prolis
1071 1260 1242 1329 stirpe
1272 1253 1475 1309 trahis.

780 1358 913 1414 Filia
936 1353 1155 1425 quidem
1190 1360 1373 1417 regum
1395 1383 1413 1408 ,

785 1448 892 1504 Sed
924 1444 1096 1498 Mater
1122 1438 1285 1506 Regis
1309 1446 1516 1502 regum.

847 1538 954 1609 23
992 1535 1154 1590 Salve
1174 1573 1188 1597 ,
1212 1530 1322 1597 jam
1356 1524 1521 1593 Virgo
1551 1518 1656 1572 feta
1682 1555 1698 1581 ,

778 1632 891 1686 Ave
915 1669 930 1694 ,
961 1625 1136 1698 gratia
1167 1621 1322 1691 plena
1351 1634 1364 1670 :

775 1720 1033 1779 Nostrum
1063 1728 1160 1767 ave
1187 1705 1461 1779 digneris,

785 1808 852 1865 Ut
893 1806 1021 1861 illud
1050 1796 1338 1858 Gabrielis.

848 1899 974 1963 Ille,
1006 1896 1131 1950 dum
1160 1903 1212 1946 te
1242 1887 1475 1949 salutat,

781 1993 909 2047 Eva:
938 1999 1135 2043 nomen
1166 1983 1492 2037 commutat;

791 2082 977 2138 Reduc
1006 2092 1127 2140 nos,
1153 2074 1318 2142 Virgo
1353 2073 1539 2122 sancta
1567 2101 1583 2129 ,

790 2171 944 2227 Unde
965 2175 1048 2221 est
1077 2175 1310 2231 nequam
1342 2157 1513 2223 lapsa.

860 2263 941 2317 Tu
970 2259 1115 2314 solve
1141 2250 1284 2324 quod
1308 2248 1570 2302 debemus

793 2359 987 2412 Averte
1022 2345 1161 2419 quod
1195 2345 1479 2399 timemus,

791 2447 1028 2513 Impetra
1058 2433 1202 2506 quod
1228 2439 1476 2500 Optamus
1499 2460 1516 2486 ,

795 2534 1005 2593 Perfice
1031 2527 1173 2599 quod
1203 2531 1504 2592 speramus.

868 2626 953 2681 Sit
976 2624 1091 2676 laus
1110 2608 1362 2671 Trinitati
1378 2647 1394 2674 ,

799 2717 884 2773 Sit
908 2714 1074 2769 decus
1105 2703 1308 2764 Unitati
1328 2740 1341 2765 ,

800 2806 898 2863 Cui
924 2804 1011 2858 lex
1037 2808 1091 2856 et
1115 2797 1246 2853 ordo
1273 2803 1454 2846 rerum
1646 2838 1649 2841 _

801 2897 906 2953 Per
934 2904 1092 2948 omne
1124 2891 1272 2956 patet
1296 2890 1488 2934 aevum.
1527 2871 1715 2927 Amen.

559 2993 564 2997 ’
657 2951 819 3046 LXII.
858 2951 1144 3054 Rhythmus
1173 2975 1236 3028 de
1272 2969 1452 3026 eadem
1481 2960 1813 3018 sanctissima
1851 2951 2090 3023 Virgine.

737 3078 868 3148 Quis
896 3083 978 3131 cst
1002 3070 1091 3127 hic
1120 3081 1211 3136 qui
1243 3062 1423 3134 pulsat
1452 3056 1520 3109 ad
1545 3061 1774 3113 ostium,

664 3168 849 3227 Noctis
879 3173 1133 3234 rumpens
1160 3148 1448 3211 somnum?

663 3262 747 3317 Me
776 3263 954 3320 vocat,
985 3268 1019 3309 o
1053 3248 1319 3319 virginum
1350 3234 1709 3311 pulcherrima
1729 3269 1743 3294 ,

666 3352 852 3412 Soror,
882 3342 1100 3411 coniux,
1131 3317 1339 3409 gemma
1372 3317 1837 3399 splendidissima!

668 3439 1044 3503 Citosurgens
1075 3424 1244 3495 aperi,
1274 3414 1602 3475 dulcissima.

742 3530 856 3597 Ego
877 3537 997 3579 sum
1022 3513 1219 3573 summi
1256 3509 1415 3578 Regis
1442 3504 1610 3560 Filius
1635 3540 1651 3566 ,

670 3620 909 3678 Primus,
948 3617 1003 3665 et
1035 3601 1387 3662 novissimus;

673 3708 774 3775 Qui
800 3705 867 3758 de
894 3698 1049 3756 cmlis
1069 3696 1123 3748 in
1154 3694 1253 3747 has
1282 3688 1403 3742 veni
1433 3683 1714 3745 tenebras,

671 3799 929 3856 Liberare
958 3787 1290 3857 captivorum
1320 3776 1559 3837 animas;

675 3892 877 3948 Passus
905 3890 1133 3937 mortem
1161 3881 1214 3930 et
1239 3868 1435 3926 multas
1464 3862 1708 3934 injurias.

749 3978 869 4036 Mox
898 3985 996 4046 ego
1026 3962 1287 4033 dereliqui
1312 3956 1562 4014 lectulum
1587 3993 1603 4019 ,

681 4066 908 4128 Cucurri
935 4061 1003 4117 ad
1031 4053 1305 4129 pessulum
1334 4066 1348 4102 :

686 4164 759 4221 Ut
787 4160 985 4216 dilecto
1015 4160 1127 4208 tota
1157 4147 1347 4202 domus
1380 4144 1559 4209 pateat
1584 4175 1601 4201 ,

684 4256 753 4311 Et
781 4263 931 4306 mens
958 4257 1076 4299 mea
1105 4235 1416 4310 plenissime
1450 4227 1670 4290 videat,

687 4348 856 4416 Quem
877 4340 1061 4395 videre
1086 4332 1317 4389 maxime
1341 4324 1628 4379 desiderat.

758 4435 827 4487 At
856 4430 944 4484 ille
970 4426 1082 4494 jam
1119 4419 1240 4474 inde
1269 4413 1585 4469 transierat.

694 4524 903 4581 Ostium
930 4515 1245 4581 reliquerat.

693 4610 831 4682 Quid
852 4620 1004 4675 ergo,
1030 4597 1355 4657 miserrima,
1384 4589 1513 4658 quid
1538 4582 1810 4640 facerem?

696 4696 1072 4773 Lacrymando
1103 4704 1220 4746 sum
1254 4694 1438 4741 secuta
1463 4679 1749 4748 juvenem,

697 4762 889 4853 Manus
919 4786 1071 4855 cujus
1102 4777 1500 4852 plasmaverunt
1539 4762 1827 4820 hominem.

769 4886 972 4957 Vigiles
1001 4878 1150 4935 urbis
1174 4872 1493 4929 invenerunt
1518 4876 1603 4917 me
1625 4899 1639 4923 ,

701 4976 1152 5044 Exspoliaverunt
1178 4979 1263 5019 me
1283 5004 1297 5028 ,

1320 417 1381 477 S.
1403 414 1619 487 PETRI
1650 406 1935 468 DAMIANI
1964 407 2112 467 OPP.
2135 396 2372 462 TOIIUS
2408 389 2541 452 SEU
2571 385 2755 447 PARS
2783 382 2870 443 ιν.

2152 519 2200 579 Α
2226 513 2294 568 Et
2325 501 2699 563 misencordia
2722 513 2818 570 per
2845 502 2898 550 te
2931 494 3256 553 revocatur;

2227 602 2332 656 Per
2361 607 2414 653 te
2445 589 2826 663 navigantibus
2851 582 3006 640 stella
3027 578 3197 634 maris
3220 574 3403 643 datur,

2227 689 2438 746 Lumen
2465 684 2565 739 vite
2589 679 2866 751 panditur,
2892 679 3085 744 portus
3124 669 3552 722 demonstratur.

2301 777 2488 834 Gratia
2511 783 2563 829 te
2590 769 2826 827 reddidit
2855 762 3063 820 cunctis
3086 752 3380 830 gratiosam
3398 795 3414 821 ,

2224 869 2314 935 ,Te
2342 864 2565 921 vestivit
2594 861 2727 925 lilio,
2760 855 2961 927 sparsit
2986 852 3040 906 in
3074 858 3126 903 te
3148 859 3331 901 rosam
3354 883 3370 901 .

2237 957 2314 1012 Te
2339 957 2599 1009 virtutum
2626 948 2846 1004 ﬂoribus
2877 941 3007 997 fecit
3030 935 3364 1008 speciosam.
3460 956 3467 959 -

2237 1049 2389 1104 Intus
2414 1055 2469 1100 et
2496 1042 2733 1101 exterius
2764 1045 2933 1093 totam
2963 1030 3307 1085 luminosam.

2312 1137 2476 1192 Plena
2507 1128 2880 1188 medicamine,
2907 1117 3148 1176 abundas
3175 1109 3462 1182 unguentis
3488 1149 3503 1174 ,

2243 1231 2419 1299 Terge
2447 1227 2634 1282 sordes
2662 1219 2971 1279 criminum,
3000 1212 3214 1282 plagam
3241 1219 3371 1260 sana
3394 1199 3588 1257 mentis

2246 1296 2420 1390 Hujus
2451 1316 2525 1371 tui
2556 1310 2815 1382 supplicis
2842 1308 2895 1361 in
2928 1314 2979 1358 te
3004 1296 3361 1361 conlidentis,

2248 1378 2449 1464 Et'hos
2478 1378 2673 1459 sacros
2702 1397 2985 1468 rhythmos
3015 1404 3197 1446 coram
3225 1395 3276 1440 te
3308 1378 3612 1455 psallentis.

2321 1497 2580 1552 Dominus
2611 1492 2725 1546 Rex
2751 1487 2992 1544 omnium
3029 1500 3094 1538 ex
3125 1491 3177 1536 te
3207 1478 3306 1535 sibi
3333 1477 3461 1531 facit

2251 1588 2451 1647 Cellam
2478 1580 2887 1655 pigmentariam
2906 1618 2920 1641 ,
2948 1588 3107 1643 quam
3134 1569 3342 1626 cunctis
3368 1563 3603 1636 praefecit
3629 1578 3647 1617 :

2252 1678 2309 1732 In
2341 1676 2652 1746 quamiras
2684 1669 2893 1741 species
2923 1665 3173 1720 Salvator
3202 1658 3431 1713 confecit
3457 1697 3473 1721 ,

2255 1764 2460 1834 Quibus
2488 1775 2678 1816 omnes
2703 1757 2934 1813 dulciter
2959 1753 3159 1809 electos
3192 1747 3400 1802 refecit.

2179 1857 2229 1917 B
2326 1855 2529 1911 Tecum
2553 1860 2664 1906 tota
2696 1849 2936 1904 Trinitas
2960 1843 3090 1898 facit
3118 1839 3451 1895 mansionem
3468 1876 3484 1902 ,

2257 1944 2367 2017 24
2390 1943 2573 2008 Pater,
2607 1940 2863 2001 Verbum,
2890 1933 3123 2005 Spiritus
3154 1930 3273 1984 fixit
3302 1929 3636 1991 sessionem;

2196 2036 2201 2040 ’
2256 2035 2486 2105 PrOpter
2513 2030 2657 2101 quod
2676 2042 2821 2083 nunc
2841 2025 3047 2095 largius
3072 2020 3138 2075 ad
3169 2019 3509 2073 devotionem

2259 2126 2508 2194 Teipsam
2533 2119 2779 2175 fidelibus
2803 2115 3010 2187 praebes
3040 2109 3347 2165 lcctidnem.

2330 2212 2643 2276 Benedicta,
2673 2205 2900 2264 benedic
2928 2211 2980 2256 te
3000 2198 3379 2256 benedicentes
3396 2235 3412 2260 ,

2259 2302 2371 2359 Fac
2393 2303 2448 2356 in
2472 2301 2579 2356 tuis
2605 2296 2853 2353 laudibus
2879 2293 2990 2348 sint
3014 2288 3389 2361 proficientes;

2262 2393 2427 2462 Inlige
2455 2389 2794 2445 dulcedinem
2817 2386 2873 2440 in
2894 2394 3111 2439 tuorum
3134 2385 3342 2433 mentes
3361 2415 3375 2442 ,

2266 2480 2340 2537 Ut
2374 2482 2426 2535 in
2455 2478 2613 2534 bonis
2639 2476 2849 2532 actibus
2872 2486 3086 2542 semper
3109 2470 3218 2525 sint
3238 2465 3530 2523 ferventes.

2338 2573 2419 2628 Tu
2447 2572 2503 2627 in
2531 2569 2845 2626 mulieribus
2873 2565 3073 2636 optima
3103 2566 3271 2632 hgura
3298 2599 3314 2626 ,

2268 2671 2398 2743 Quae
2423 2667 2588 2739 Regis
2610 2680 2669 2721 es
2693 2663 2874 2735 gloriae
2895 2659 3087 2721 Mater,
3112 2653 3277 2724 Virgo
3310 2664 3443 2721 pura
3463 2686 3484 2717 ,

2269 2765 2387 2832 Quo
2409 2758 2653 2831 probaris
2675 2754 2887 2825 dignior
2912 2748 3056 2805 omni
3082 2753 3333 2801 creatura

2270 2855 2386 2911 Hoc
2415 2860 2605 2923 agente
2625 2847 2851 2903 Domino
2879 2838 3140 2912 singulari
3162 2850 3313 2891 cura.

2341 2944 2409 2999 Et
2436 2920 2749 2996 benedictus
2774 2936 2937 2998 Deus,
2965 2929 3058 3001 qui
3088 2935 3284 2984 cuncta
3315 2920 3522 2978 creavit

2272 3033 2373 3101 Qui
2402 3029 2591 3086 matris
2617 3029 2670 3081 in
2697 3035 2851 3079 utero
2880 3031 2932 3076 te
2965 3015 3324 3074 sanctificavit
3348 3029 3363 3079 ;

2274 3123 2602 3180 Benedictus
2625 3118 2787 3180 filius,
2815 3127 2977 3183 quem
3009 3120 3129 3163 tuus
3166 3104 3403 3176 portavit

2199 3205 2244 3267 C
2284 3209 2578 3282 Virginalis
2603 3214 2811 3266 uterus,
2837 3215 2997 3271 quem
3022 3198 3137 3267 ipse
3164 3191 3437 3249 formavit.

2344 3303 2577 3359 Fructus
2613 3309 2738 3353 tuus
2760 3336 2774 3361 ,
2804 3264 3059 3354 domina,
3086 3287 3293 3341 fructus
3315 3292 3397 3338 est
3422 3264 3734 3351 ctelorttlll,

2277 3396 2396 3463 Quo
2419 3398 2713 3463 pascuntur
2742 3384 2939 3457 angeli,
2971 3387 3253 3446 coetusque
3281 3384 3624 3429 sanctorum:

2280 3485 2482 3540 Christi
2514 3479 2798 3535 meditatio
2826 3476 2978 3529 cibus
2997 3478 3082 3525 est
3106 3481 3292 3521 eorum

2282 3576 2387 3642 Qui
2420 3588 2515 3643 per
2546 3571 2688 3624 viam
2721 3565 2997 3621 ambulant
3022 3560 3137 3629 ejus
3172 3554 3572 3609 mandatorum.

2353 3639 2566 3716 Ventris
2595 3651 2956 3710 habitaculum
2982 3647 3101 3700 Rex
3127 3656 3311 3711 regqu
3346 3639 3576 3695 intravit

2281 3752 2448 3823 Cujus
2479 3743 2884 3805 tabernaculum
2905 3738 3006 3795 sibi
3037 3733 3305 3792 dedicavit
3330 3750 3344 3786 :

2282 3819 2530 3899 Condens
2561 3837 2632 3893 ibi
2654 3834 2911 3906 gladium,
2939 3843 3038 3899 per
3061 3839 3220 3896 quem
3248 3823 3458 3877 hostem
3485 3819 3722 3888 stravit,

2284 3937 2353 3993 Et
2386 3946 2579 3988 manna
2615 3924 3009 3983 dulcissimum,
3032 3932 3138 3989 quo
3164 3914 3349 3969 ﬁdeles
3372 3912 3538 3982 pavit.

2358 4024 2458 4079 Tui
2481 4033 2641 4090 sapor
2671 4013 2928 4088 germinis
2950 4017 3192 4063 nostrum
3223 4013 3306 4058 est
3335 4001 3579 4057 solamen
3608 4014 3625 4053 :

2285 4120 2391 4175 Per
2417 4126 2468 4171 te
2496 4113 2618 4169 vitae
2643 4105 2969 4177 sumpsimus
2988 4108 3203 4155 aeterna:
3228 4094 3464 4149 libamen
3484 4132 3498 4157 ,

2288 4212 2459 4278 Quam
2488 4206 2577 4259 det
2599 4200 2755 4255 nobis
2777 4193 3035 4248 Dominus
3055 4202 3153 4257 per
3178 4196 3327 4238 tuum
3354 4184 3604 4250 juvamen
3630 4216 3648 4245 ,

2290 4298 2391 4367 Qui
2418 4294 2548 4349 vivit
2577 4291 2629 4344 in
2651 4282 2850 4342 saecula
2881 4278 3221 4335 saaculorum.
3260 4272 3451 4325 Amen.

2414 4379 2596 4441 LXIV.
2637 4375 2718 4430 Ad
2758 4371 2989 4426 eamdem
3028 4364 3410 4422 sanctissimam
3454 4358 3752 4428 Virginem.

2584 4466 2772 4521 Versus
2810 4469 2988 4514 contra
3026 4467 3224 4524 tempus
3269 4448 3581 4505 nubilosam.

2218 4532 2272 4591 Β
2369 4564 2414 4619 Ο
2439 4556 2779 4620 miseratrix,
2806 4568 2839 4607 o
2862 4547 3211 4609 dominatrix,
3242 4542 3469 4612 prmcipe
3499 4540 3641 4592 dictu
3666 4576 3684 4601 ,

2301 4657 2378 4713 Ne
2404 4654 2763 4709 devastemur,
2804 4658 2872 4696 ne
2893 4640 3193 4710 lapidemur
3219 4629 3497 4702 grandinis
3535 4628 3663 4681 ictu.

2300 4748 2394 4801 Est
2420 4742 2517 4797 tibi
2546 4739 2687 4792 latus
2714 4731 3080 4804 pontificatus,
3113 4733 3286 4778 mater
3318 4720 3386 4773 ab
3413 4732 3565 4782 aevo;

2303 4835 2445 4903 Ergo
2465 4840 2770 4900 precamur,
2794 4834 2864 4877 ne
2892 4816 3187 4872 moriamur
3217 4806 3429 4862 turbine
3453 4817 3614 4857 saevo.

2305 4894 2540 4980 Turbida
2575 4916 2714 4979 leni,
2747 4912 2924 4977 daque
2961 4902 3138 4959 sereni
3169 4894 3425 4966 temporis
3454 4905 3608 4946 usmn
3642 4906 3655 4941 :

2306 5012 2490 5044 nmmo
2513 5017 2758 5044 ιονρηιιηι
2784 5000 2933 5044 cicius
2962 5002 3255 5044 alumnum.
3281 4985 3422 5040 nube
3447 4981 3737 5037 reclusum.
