4078 6336
3349 296 3456 359 942

262 346 361 407 9M
1493 347 1800 408 CARMINA
1839 351 1926 406 ET
1967 349 2255 406 PRECES.

261 463 514 536 Concipis
539 461 741 534 absque
775 463 911 530 viro,
940 468 998 516 tu
1029 462 1141 517 sola
1172 475 1435 531 puerpera
1461 461 1654 527 Virgo,

332 555 462 623 Quae
487 552 722 609 Verbum
745 552 910 608 verbo
931 552 1168 622 concipis
1193 553 1399 620 absque
1426 552 1564 605 viro.

258 647 488 702 Tartara
511 644 654 715 quod
681 651 944 708 metuunt,
987 641 1143 696 tellus
1177 650 1356 710 pavet,
1386 651 1530 694 astra
1553 654 1826 705 verentur,

332 735 575 792 Pectoris
605 741 762 787 antra
786 732 986 795 ferunt,
1023 732 1211 785 tartari
1247 731 1388 800 quod
1425 739 1686 784 metuunt.

257 826 481 896 Virgine
505 825 612 878 vita
637 823 776 876 redit
803 822 1003 876 homini
1020 863 1033 885 ,
1066 837 1225 890 quem
1254 822 1406 890 virgo
1426 822 1682 889 peremit;

330 917 474 972 Mors
502 931 634 970 nece
662 915 800 968 victa
825 914 992 982 perit,
1022 911 1243 982 Virgine
1271 913 1382 968 vita
1406 912 1564 965 redit.

257 1009 338 1066 Tu
363 1024 526 1079 super
549 1015 694 1062 astra
721 1005 857 1069 leva,
887 1005 1137 1074 petimus,
1171 1004 1311 1073 quod
1353 1004 1566 1058 subruit
1595 1003 1703 1056 Eva
1730 1020 1744 1067 ;

328 1099 422 1154 Illa
447 1106 634 1168 gravat
663 1096 816 1165 culpa
834 1136 849 1159 ,
883 1104 938 1148 tu
963 1111 1125 1163 super
1149 1103 1295 1147 astra
1319 1093 1456 1146 leva.

257 1191 442 1248 Gloria
472 1203 682 1244 summa
713 1186 881 1251 Patri,
913 1186 1106 1256 genita:
1132 1185 1202 1238 sit
1228 1183 1394 1253 gloria
1426 1183 1572 1236 Proli
1599 1222 1613 1247 ,

327 1279 570 1336 Flamine
598 1292 718 1332 cum
741 1276 925 1346 parili,
959 1276 1126 1343 gloria
1160 1288 1368 1328 summa
1392 1272 1561 1324 Patri.
1604 1274 1795 1326 Amen.

453 1366 636 1423 LXVI.
680 1365 846 1422 Missa
884 1366 946 1419 de
985 1363 1042 1420 S.
1089 1362 1302 1417 Daniele
1337 1359 1608 1429 propheta.

948 1452 1155 1507 Oratio.

1858 469 1909 524 Α

2148 459 2314 530 Veste
2339 466 2549 527 sumpta
2577 472 2696 510 cum
2720 455 2908 523 caligis

2144 552 2435 604 Palescunt
2466 551 2607 603 fores
2636 551 2892 602 carceris.

2216 639 2297 692 Sit
2335 636 2479 691 Patri
2510 638 2624 690 laus
2653 637 2908 705 ingenito,

2151 729 2234 783 Sit
2263 729 2426 782 decus
2450 726 2760 794 Unigenito,

2145 816 2228 870 Sit
2263 817 2544 884 utriusque
2568 814 2720 882 parili

2141 905 2393 972 Maiestas
2426 919 2633 957 summa
2657 902 2908 955 Flamini.
2943 903 3131 956 Amen.

2248 994 2482 1049 LXXIII.
2522 993 2599 1046 De
2649 991 2710 1046 S.
2756 990 2929 1044 Paulo
2971 992 3221 1060 apostolo.

1933 1084 2194 1140 Melliﬂuis
2221 1100 2436 1138 onmem
2465 1083 2662 1137 Paulus
2691 1085 2830 1152 rigat
2861 1082 3122 1135 imbribus
3154 1085 3367 1136 orbem.

2002 1177 2111 1246 26
2136 1174 2371 1229 LXXIV.
2433 1175 2509 1227 De
2557 1174 2618 1228 S.
2661 1172 2831 1226 Paulo
2877 1178 3130 1242 apostolo.
3173 1173 3430 1242 Hymmu.

2213 1269 2398 1332 Paule,
2436 1269 2626 1321 doctor
2653 1267 2888 1336 egregie,

2146 1358 2297 1412 Tuba
2336 1358 2590 1426 clangens
2621 1357 2890 1419 Ecclesize,

2147 1446 2326 1501 Nubes
2353 1447 2542 1501 volans
2569 1461 2632 1500 ac
2659 1447 2914 1498 tonitrum

327 1551 492 1613 Deus,
527 1547 620 1616 qui
650 1545 887 1613 antiquis
930 1543 1172 1613 patribus
1210 1556 1360 1595 novae
1404 1541 1590 1610 gratiae
1628 1548 1831 1610 myste-
2146 1537 2250 1592 Per
2281 1537 2514 1606 amplum
2549 1536 2731 1589 mundi
2761 1533 3041 1588 circulum.

260 1639 398 1693 rium
423 1636 704 1701 revelasti,
735 1644 963 1704 praesta,
996 1647 1338 1702 quaesumus,
1369 1641 1427 1684 ut
1459 1630 1698 1683 Ecclesia
1741 1640 1827 1682 tua
2215 1624 2379 1678 Nobis
2405 1632 2652 1692 potenter
2677 1623 2862 1675 intona

257 1729 495 1784 Danielis
518 1727 762 1782 foveatur
789 1727 1002 1781 auxiliis
1020 1767 1034 1791 ,
1060 1725 1215 1795 cujus
1236 1724 1566 1795 propheticis
1596 1731 1679 1776 est
1704 1722 1832 1776 mdi-
2145 1714 2400 1782 Ruraque
2429 1713 2608 1767 cordis
2636 1712 2829 1781 irriga;

258 1817 420 1873 licata
450 1816 730 1872 doctrinis.
765 1815 870 1870 Per
897 1816 1207 1869 Dominum.
1858 1799 1905 1856 Β
2143 1804 2394 1859 Caelestis
2417 1803 2586 1856 imbre
2614 1802 2801 1870 gratiae

679 1903 784 1974 25
815 1903 1019 1958 LXVII.
1061 1903 1180 1957 Alia
1218 1903 1408 1957 oratio.
2150 1894 2354 1949 Mentes
2386 1894 2660 1947 virescant
2696 1890 2880 1944 aridm.

327 1997 471 2051 Deus
495 2035 510 2060 ,
534 1994 625 2065 qui
659 2009 757 2063 per
779 1995 1059 2062 utriusque
1088 1993 1421 2047 Testamenti
1460 2000 1647 2060 patres
1671 1990 1832 2044 unius
2213 1985 2256 2041 Ο
2285 2000 2539 2055 magnum
2566 1983 2714 2036 Pauli
2746 1983 3019 2045 meritum,

259 2087 517 2142 Ecclesia:
565 2095 668 2139 tuae
712 2083 1060 2138 fundamenta
1101 2082 1388 2138 constituis
1412 2121 1426 2146 ,
1483 2082 1550 2134 da
1580 2079 1733 2134 nobis
1762 2078 1825 2131 B.
2143 2076 2350 2131 Caelum
2377 2074 2688 2128 conscendit
2721 2072 2955 2132 tertium,

258 2175 494 2232 Danielis
519 2173 823 2244 patrocinio
849 2174 1078 2242 protegi,
1106 2170 1260 2239 cujus
1283 2185 1465 2224 sumus
1486 2169 1727 2238 mysticis
1746 2183 1829 2222 re-
1886 2243 1889 2244 ν
2146 2167 2311 2220 Audit
2344 2164 2502 2218 verba
2528 2163 2791 2230 mysterii,

258 2243 615 2322 velationibus
641 2261 930 2318 salubriter
961 2262 1212 2316 instituti.
1243 2261 1344 2316 Per
1380 2259 1686 2314 Dominum.
1884 2243 1892 2251 ’
2144 2257 2273 2324 Qua:
2301 2257 2460 2311 nullis
2487 2258 2646 2310 audet
2670 2255 2869 2324 eloqui.

313 2401 323 2406 -
783 2351 1010 2424 LXVIII.
1072 2351 1303 2407 Secreta.
2218 2347 2354 2402 Dum
2387 2348 2548 2402 Verbi
2578 2346 2782 2415 spargit
2809 2344 3036 2407 semina,

326 2445 596 2514 Deus,qui
627 2443 928 2499 Susannam
954 2458 1051 2512 per
1076 2443 1140 2499 Β.
1161 2440 1397 2496 Danielis
1415 2438 1832 2507 iudiciumlibe-
2151 2439 2317 2508 Seges
2347 2440 2520 2507 surgit
2551 2436 2858 2497 uberrima;

257 2538 413 2602 rasti,
436 2537 554 2591 hate
578 2549 802 2588 munera
829 2533 1098 2604 prOpitius
1129 2532 1358 2601 respice,
1386 2539 1548 2599 atque
1570 2527 1686 2596 eius
1715 2542 1830 2598 pre-
2165 2529 2256 2582 Sic
2281 2527 2403 2581 cmli
2433 2526 2641 2595 replent
2671 2525 2924 2578 horreum

259 2629 408 2684 cibus
450 2625 774 2682 venerandis
807 2625 874 2680 ab
915 2624 1060 2679 omni
1101 2639 1199 2678 nos
1225 2623 1550 2677 adversitate
1581 2620 1826 2674 defende.
2140 2614 2412 2670 Bonorum
2444 2615 2626 2683 fruges
2652 2627 2897 2682 operum.

258 2716 360 2772 Per
384 2715 692 2771 Dominum.
2215 2707 2464 2761 Micantis
2494 2721 2642 2759 more
2669 2703 2954 2771 lampadis,

703 2801 891 2858 LXIX.
936 2801 1376 2856 Postcommunio.
2144 2795 2426 2850 Perfundit
2452 2794 2638 2848 orbem
2666 2793 2852 2853 radiis,

326 2900 486 2964 Deus,
499 2899 591 2968 qui
619 2912 715 2968 per
737 2895 992 2952 Habacuc
1021 2894 1340 2963 pr0phetam
1362 2887 1646 2944 B.Danieli
1673 2903 1833 2955 pran-
2137 2887 2314 2957 Engat
2347 2900 2592 2940 errorum
2625 2883 2894 2946 tenebras,

258 2992 404 3047 dium
434 2988 742 3052 destinasti,
773 2986 889 3054 ipso
918 2984 1307 3039 interveniente
1328 3020 1342 3045 ,
1373 2979 1606 3033 concede
1635 2983 1692 3030 ut
1716 2990 1834 3044 quae
2150 2981 2219 3036 Ui
2247 2979 2359 3034 sola
2396 2986 2584 3046 regnet.
2609 2975 2829 3030 veritas.

258 3082 323 3138 de
348 3079 557 3138 celesti
588 3091 772 3133 mensa
798 3075 1137 3145 percepimus
1181 3070 1410 3127 sinceris
1440 3067 1708 3123 mentibus
1739 3065 1835 3119 illi-
2217 3069 2299 3123 Si;
2327 3068 2474 3122 Pan-1
2511 3067 2628 3122 laus
2662 3066 2919 3136 ingenuo,

257 3173 383 3229 bata
423 3182 722 3226 servemus.
754 3166 859 3220 Per
892 3165 1198 3220 Dominum.
1862 3148 1908 3206 C
2148 3159 2231 3213 Sit
2266 3159 2428 3212 decus
2457 3155 2765 3225 Unigenito,

583 3257 744 3312 LXX.
787 3257 866 3311 De
904 3256 964 3311 S.
1015 3254 1221 3308 Joanne
1253 3251 1513 3321 Baptism.
2150 3250 2235 3306 Sit
2270 3250 2547 3317 utriusque
2584 3248 2738 3318 parili

258 3351 464 3408 Praevia
494 3359 744 3406 materno
775 3349 1011 3404 Verbum
1039 3361 1142 3402 vox
1171 3345 1337 3400 sentit
1360 3345 1414 3396 in
1440 3342 1580 3395 alvo.
2149 3342 2405 3410 Maiestas
2433 3353 2644 3393 summa
2672 3335 2921 3390 Flamini.
2959 3347 3148 3386 Amen.

577 3439 762 3494 LXXI.
801 3439 881 3493 De
915 3438 978 3494 S.
1026 3437 1182 3490 Petro
1231 3435 1484 3504 apostolo.
2107 3430 2318 3486 LXXV.
2356 3429 2436 3483 De
2468 3424 2526 3483 S.
2558 3429 2766 3481 Andrea
2794 3425 3048 3494 apostolo.
3081 3421 3340 3490 Hymnus.

258 3534 467 3603 Sperne
507 3533 675 3588 maris
714 3547 927 3597 navem,
955 3529 1098 3594 cmli,
1131 3527 1307 3592 Petre,
1336 3525 1548 3593 suscipe
1583 3523 1828 3588 clavem;
2217 3524 2477 3591 Captatur
2509 3519 2634 3574 olim
2667 3518 2917 3588 piscium,

256 3624 540 3682 Fluctibus
561 3631 617 3678 et
637 3621 857 3692 spretis,
885 3630 1099 3691 portum
1125 3617 1258 3673 mibi
1282 3615 1444 3670 redde
1472 3613 1670 3682 quietis
2157 3612 2276 3668 Iam
2307 3628 2449 3667 nunc
2477 3613 2710 3680 piscator
2740 3609 3037 3668 hominum,

453 3714 662 3771 LXXII.
705 3713 782 3768 De
816 3713 876 3768 S.
921 3710 1082 3766 Petro
1127 3707 1362 3779 apostolo
1405 3707 1644 3774 hymnus.
2151 3702 2283 3759 Tuis
2311 3701 2525 3756 Andi‘ea
2554 3699 2758 3753 retibus

541 3807 775 3862 Senatus
800 3803 1079 3873 apostolici

473 3898 733 3966 Princeps
755 3905 810 3950 et
830 3909 1006 3964 praeco
1046 3892 1280 3954 Domini,

476 3989 668 4044 Pastor
693 3988 866 4058 prime
888 3985 1147 4048 ﬁdelium,

471 4078 692 4134 Custodi
719 4091 935 4148 gregem
959 4073 1245 4129 creditum.

542 4168 646 4222 Per
674 4181 873 4237 pascua
891 4165 1138 4228 virentia,

474 4259 582 4314 Nos
607 4259 756 4314 verbi
794 4258 947 4328 fruge
975 4271 1158 4312 recrea
1193 4273 1206 4308 :

479 4350 726 4406 Refectas
755 4363 881 4404 oves
907 4350 1138 4417 praevius

475 4439 656 4495 Caulis
687 4437 825 4492 infer
857 4436 1188 4492 cwlcstibus.

549 4530 806 4600 Supernae
834 4529 1011 4584 claves
1034 4531 1212 4599 ianua:

483 4623 630 4686 Tibi,
655 4622 834 4687 Petre,
868 4629 995 4675 sunt
1025 4619 1257 4683 traditm,

479 4715 716 4784 Tuisque
738 4722 923 4784 patent
942 4712 1150 4781 legibus

479 4804 717 4861 Terrena
739 4819 860 4859 cum
889 4801 1221 4856 caelestibus.

546 4894 627 4949 Tu
656 4901 862 4964 petram
893 4905 1033 4945 verae
1069 4889 1214 4953 lidei,

485 4984 567 5040 Tu
586 4985 759 5040 basim
786 4981 997 5036 aedilicii

487 5075 723 5140 Fundas,
747 5073 800 5127 in
829 5088 934 5142 qua
957 5069 1220 5126 catholica

480 5165 613 5222 Fixa
636 5164 810 5234 surgit
836 5163 1095 5218 Ecclesia.

553 5255 755 5312 Umbra
780 5263 892 5316 tua,
916 5254 1040 5306 dum
1069 5251 1333 5320 graderis,

481 5344 572 5400 Fit
593 5343 856 5398 medicina
888 5341 1184 5410 languidis;

483 5433 756 5489 Textrinis
787 5447 882 5486 usa
903 5431 1131 5485 vestium

483 5526 699 5595 Sprevit
730 5525 972 5579 Tabithae
997 5522 1275 5578 feretrum.

563 5615 762 5671 Catena
785 5614 1018 5667 vinctum
1049 5613 1261 5682 gemina

492 5708 677 5765 ‘(irtus
706 5704 863 5762 solvit
882 5699 1139 5772 angelica,

2158 3793 2343 3848 Mundi
2369 3808 2467 3847 nos
2493 3806 2622 3860 rape
2647 3791 2914 3844 fluctibus.

2217 3884 2520 3938 Germanus
2545 3882 2691 3935 Petri
2721 3895 2967 3948 corpore,

2152 3973 2264 4027 Nec
2295 3973 2484 4025 mortis
2511 3970 2694 4038 dispar
2722 3968 2945 4022 ordine:

2155 4064 2300 4129 Quos
2326 4076 2430 4113 una
2454 4075 2582 4113 caro
2610 4059 2812 4128 genuit,

2155 4154 2298 4206 Crux
2333 4151 2470 4204 C(elo
2501 4149 2696 4202 fratres
2725 4147 2914 4200 edidit.

2223 4241 2267 4295 Ο
2303 4254 2522 4309 germen
2557 4251 2683 4291 vere
2713 4235 2916 4289 nobile!

2161 4327 2205 4381 Ο
2232 4342 2328 4396 par
2356 4341 2555 4380 corona
2583 4324 2796 4393 gloriae!

2157 4415 2412 4468 Ecclesia:
2441 4423 2620 4483 patres
2647 4413 2741 4482 pii.

2157 4506 2345 4560 Crucis
2374 4512 2498 4558 sunt
2522 4519 2674 4572 teque
2700 4503 2816 4556 lilii.

2231 4595 2310 4649 Ad
2335 4594 2514 4649 Iesum
2543 4593 2699 4647 fratri
2729 4591 2978 4662 prtevius,

2165 4689 2434 4755 lndexque
2461 4685 2581 4738 vita:
2607 4692 2884 4748 strenuus,

2162 4783 2228 4834 Et
2255 4780 2409 4834 nobis
2437 4787 2550 4832 esto
2580 4778 2793 4832 miseris

2160 4871 2312 4925 Beati
2348 4869 2453 4922 dux
2483 4867 2710 4922 itineris.

2229 4963 2312 5018 Sit
2338 4961 2484 5016 Patri
2517 4960 2630 5013 laus
2660 4955 2916 5026 ingenito,

2169 5053 2250 5107 Sit
2281 5053 2444 5106 decus
2477 5047 2780 5117 Unigenito,
2815 5067 2825 5078 ο

2171 5143 2255 5198 Sit
2283 5141 2562 5208 utriusque
2591 5136 2746 5206 parili

2160 5233 2412 5297 Maiestas
2439 5243 2644 5284 summa
2670 5224 2914 5280 Flamini.
2943 5222 3130 5277 Amen.

2492 5315 2723 5371 LXXVI.
2767 5314 2982 5367 Divisio.

2231 5415 2458 5468 Andreae
2491 5410 2686 5466 festum
2713 5408 2922 5472 colitur,

2166 5505 2280 5558 Lux
2307 5503 2451 5557 clara
2477 5503 2578 5570 piis
2602 5501 2795 5563 oritur,

2164 5598 2269 5650 Per
2295 5606 2454 5664 quem
2487 5593 2736 5647 t’enebras
2763 5591 3042 5654 deserunt,

2172 5687 2252 5742 Ad
2287 5700 2469 5742 verum
2499 5686 2678 5740 lumen
2709 5695 2952 5739 reucum.
