4078 6336
566 308 677 366 945

852 419 1053 491 )Egeas
1079 418 1130 472 in
1162 416 1464 488 apostolum

791 509 987 565 Minaci
1022 507 1241 562 frendet
1267 506 1456 575 spiritu
1487 522 1500 558 :

784 601 890 658 Per
916 615 1075 671 quem
1101 599 1320 653 Achaia:
1347 598 1599 667 populum

778 690 964 747 Cernit
987 689 1066 743 ire
1095 697 1215 758 post
1237 686 1545 740 Dominum.

849 782 1029 835 Nescit
1061 780 1239 834 minas
1264 791 1579 847 pavescere,

784 871 980 941 Nequit
1012 870 1297 924 tormentis
1322 881 1534 931 cedere,

776 958 1132 1016 Flammantis
1159 958 1319 1011 ardor
1344 956 1463 1010 ﬁdei

776 1050 891 1106 Non
920 1049 1086 1104 sentit
1112 1049 1217 1102 vim
1248 1047 1512 1117 supplicii.

851 1138 1042 1195 Crueis
1068 1139 1282 1194 vinctus
1311 1138 1570 1208 patibulo,

773 1232 953 1287 Lzetus
983 1229 1250 1299 pendebat
1278 1230 1437 1282 biduo
1463 1247 1476 1281 :

773 1323 832 1377 In
863 1324 974 1391 ipsa
1006 1331 1177 1375 morte
1203 1320 1362 1389 positi

784 1413 921 1468 Vitas
950 1422 1135 1467 manat
1164 1411 1456 1479 eloquium.

850 1503 957 1572 27
990 1501 1132 1555 Luce
1160 1501 1372 1569 delapsa
1403 1499 1613 1553 ccelitus

772 1594 1013 1663 Repente
1043 1590 1515 1657 circumfunditur,

793 1682 897 1750 Qui
925 1684 1003 1736 sic
1032 1683 1184 1737 obire
1211 1680 1407 1735 meruit

780 1775 942 1831 Lucis
979 1777 1267 1829 Auctorem
1299 1773 1469 1842 petiit.

843 1864 926 1919 Sit
956 1864 1099 1919 Patri
1133 1865 1247 1916 laus
1279 1861 1540 1931 ingenito,

773 1954 857 2012 Sit
887 1956 1052 2010 decus
1081 1953 1391 2024 Uuigenito,

783 2046 867 2101 Sit
903 2046 1182 2115 utriusque
1213 2044 1363 2113 parili

777 2135 1030 2203 Maiestas
1062 2150 1271 2189 summa
1302 2131 1550 2189 Flamini.
1585 2131 1777 2184 Amen.

560 2250 814 2310 LXXVII.
848 2250 924 2304 De
960 2248 1019 2305 S.
1046 2247 1253 2302 Joanne
1281 2257 1448 2316 apost.
1478 2256 1525 2299 et
1553 2260 1734 2313 evang.
1772 2241 2032 2312 Hymnus.
2067 2242 2148 2297 Ad

1222 2334 1479 2384 resperus.

628 2411 869 2482 Virginis
902 2410 1053 2479 virgo
1081 2407 1382 2462 venerande
1412 2413 1617 2470 custos,

609 2501 857 2572 ,Magnus
885 2498 1074 2553 aeterni
1104 2497 1377 2566 logotlieta
1414 2495 1595 2559 Verbi,

632 2592 762 2650 Dele
792 2606 1069 2647 servorum
1099 2588 1309 2643 facinus
1338 2598 1572 2653 tuorum,

874 2683 1071 2739 Sancte
1105 2681 1362 2736 Joannes.

629 2778 710 2833 Tu
746 2784 956 2846 patrem
989 2773 1169 2827 carnis
1193 2773 1370 2826 subito
1400 2769 1677 2838 relinquis,

630 2867 830 2937 Sicque
857 2864 1135 2921 cwlcstem
1167 2861 1412 2931 sequeris
1446 2860 1755 2925 Parentem,
1790 2861 1803 2872 ‘

628 2958 874 3015 Piscibus
901 2955 1098 3027 spretis
1126 2954 1405 3009 hominum
1435 2950 1643 3020 iuberis

911 3044 1176 3099 Claudere
1200 3040 1435 3096 turbam.

627 3136 800 3193 Fonte
834 3147 1191 3204 prorumpens
1216 3130 1410 3185 ﬂuvius
1438 3127 1662 3199 perenni

627 3229 815 3287 Curris
849 3226 1051 3283 arentis
1081 3224 1307 3279 satiatur
1334 3222 1501 3286 orbis,

629 3318 826 3376 Hausit
853 3333 919 3373 ex
950 3316 1111 3386 pleno
1141 3313 1301 3370 modo
1333 3315 1475 3383 quod
1503 3318 1754 3382 propinat

908 3406 1139 3461 Pectore
1167 3410 1382 3473 pectus.

627 3501 711 3557 Tu
743 3501 906 3556 decus
936 3495 1145 3560 mundi,
1171 3494 1332 3563 iubar
1360 3502 1523 3563 atque
1552 3491 1697 3558 coeli,

629 3594 863 3662 Impetra
888 3587 1093 3644 nostris
1121 3586 1330 3641 veniam
1363 3576 1569 3638 ruinis:

628 3685 708 3739 Da
733 3688 1130 3740 sacramentum
1156 3687 1436 3748 penetrare
1463 3690 1753 3740 summum,

910 3771 1065 3837 Quod
1091 3769 1341 3824 docuisti.

630 3863 809 3921 Patris
840 3877 1099 3917 arcanum
1139 3859 1466 3930 speculando
1500 3857 1754 3921 Verbum,

631 3955 798 4012 Tollis
823 3970 1065 4011 errorem
1095 3953 1217 4009 fidei
1248 3968 1345 4022 per
1371 3953 1579 4017 orbem,

629 4048 738 4105 Nos
766 4051 832 4103 ad
859 4058 1122 4103 aeternam
1150 4045 1382 4114 speciem
1415 4043 1720 4107 fruendam,

915 4139 1031 4191 Dux
1061 4138 1222 4198 boue,
1258 4134 1509 4190 transfer.

628 4230 771 4286 Laus
800 4230 970 4284 honor
1000 4226 1169 4290 Patri,
1202 4225 1467 4295 parilique
1497 4223 1658 4289 Proli,

629 4317 747 4373 Una
780 4316 1055 4384 maiestas,
1085 4315 1271 4370 eadem
1306 4322 1568 4382 potestas,

629 4407 763 4463 Cum
794 4407 992 4478 quibus
1021 4415 1240 4460 sanctus
1271 4402 1431 4456 simul
1461 4400 1645 4469 implet
1672 4413 1886 4453 omnem

914 4498 1151 4567 Spiritus
1178 4496 1387 4550 orbem.
1426 4494 1616 4548 Amen.

966 4586 1247 4647 LXXVIII.
1291 4585 1370 4638 Ad
1401 4595 1712 4638 nocturnum

842 4664 1042 4734 Fidelis
1070 4677 1220 4748 plebs
1247 4692 1366 4731 cum
1396 4674 1601 4745 angelis

779 4772 1009 4828 Festivis
1037 4771 1257 4841 plaudat
1283 4769 1509 4838 gaudiis,

779 4864 1060 4920 Nativitati
1091 4862 1305 4917 Domini

776 4956 1025 5013 Occurrit
1060 4955 1178 5009 laus
1216 4954 1464 5023 apostoli.

844 5049 1081 5105 Dilectus
1108 5047 1198 5101 hic
1224 5060 1333 5115 prae
1363 5044 1595 5108 caneris,

771 5142 928 5214 Apud
961 5140 1271 5211 Magistrum
1300 5138 1472 5191 tenuit

771 5236 854 5292 Ob
881 5232 1143 5303 virginale
1178 5230 1430 5285 meritum

774 5326 987 5382 Amoris
1018 5322 1379 5395 privilegium.

841 5416 1031 5471 Hausit
1067 5431 1132 5471 ex
1165 5413 1364 5470 Christi
1396 5420 1614 5483 pectore

772 5509 998 5566 Fluenta
1030 5506 1308 5578 sapientiae
1332 5524 1345 5560 :
1600 5518 1607 5524 '

771 5600 906 5656 Ilinc
935 5614 1062 5654 arva
1092 5597 1271 5652 cordis
1302 5596 1511 5665 irrigat,

771 5692 837 5748 Et
859 5690 1095 5747 Verbum
1122 5689 1299 5743 Patris
1328 5688 1563 5742 insonat.

1417 302 1478 361 s.
1500 300 1708 361 rem
1738 298 2024 359 DAHIANI
2059 302 2213 362 ore.
2255 302 2493 365 TOMUS
2528 303 2663 362 seu
2685 302 2866 361 rans
2904 300 2993 361 ιν.
3720 320 3830 379 ςμ

2180 427 2232 487 Α

2538 414 2674 470 Huic
2702 416 2753 469 in
2784 430 2946 473 cruce
2972 416 3175 484 positus

2466 507 2693 562 Matrem
2723 509 3063 562 commendat
3094 503 3376 568 Dominus,

2471 598 2558 653 Fit
2588 607 2760 652 mater
2786 596 2952 669 Virgo
2975 596 3190 665 virgini,

2462 690 2633 756 Quem
2663 688 2809 743 fovet
2835 689 2953 741 vice
2985 687 3095 741 filii.

2539 778 2615 859 :I‘e
2644 776 2847 847 pronis,
2881 775 3040 838 alme,
3071 775 3343 837 cordibus,

2464 869 2597 926 lei
2626 877 2866 933 senator,
2900 869 3194 938 poscimus,

2466 957 2542 1011 Da
2582 958 2734 1012 Verbi
2767 957 2971 1011 vultum
2999 971 3245 1017 cernere,

2463 1046 2581 1114 Quo
2608 1048 2829 1103 verbum
2858 1049 3018 1101 doces
3045 1052 3288 1101 credere.

2535 1138 2616 1193 Sit
2645 1138 2794 1193 Patri
2824 1139 2941 1194 laus
2968 1139 3223 1209 ingenito,
3282 1132 3289 1135 μ

2467 1226 2550 1282 Sit
2574 1228 2739 1282 decus
2769 1227 3058 1295 Unigeuito
3073 1268 3087 1293 ,

2465 1318 2548 1376 Sit
2575 1320 2855 1388 utriusque
2881 1321 3035 1389 parili

2465 1410 2720 1467 Maiestas
2748 1428 2958 1467 summa
2985 1412 3234 1467 Flamini.
3264 1412 3455 1467 Amen.

2739 1500 2974 1555 LXXIX.
3018 1502 3099 1555 Ad
3136 1502 3339 1556 laudes.

2527 1594 2713 1662 Magna
2743 1593 2965 1648 Joannis
2996 1595 3187 1648 merita

2471 1683 2669 1740 Sancta
2699 1695 2910 1753 promat
2938 1686 3198 1750 Ecclesia,

2472 1779 2582 1847 28
2610 1777 2779 1844 Quam
2814 1779 3050 1833 tenebris
3076 1787 3323 1842 evacuat,

2463 1869 2599 1924 Vitae
2629 1867 2806 1921 verbis
2840 1868 3086 1922 irradiat.

2531 1956 2702 2025 Hujus
2727 1972 2823 2012 cor
2852 1958 2903 2012 in
2935 1959 3255 2013 sublimibus

2470 2049 2686 2107 Sanctis
2714 2051 2992 2120 suspendit
3016 2051 3271 2121 Spiritus,

2469 2142 2539 2198 Ut
2565 2140 2829 2211 profunde
2856 2143 3077 2197 latentia

2462 2231 2657 2285 Cernat
2684 2230 2791 2283 alta
2822 2232 3101 2298 mysteria.

2540 2322 2607 2376 Et
2634 2321 2721 2375 illa
2752 2321 2877 2376 felix
2909 2322 3086 2390 aquila

2461 2416 2542 2469 Ad
2571 2428 2751 2468 escam
2785 2414 2927 2467 volat
2954 2415 3110 2467 avida
3138 2454 3148 2467 .

2465 2506 2595 2574 Quae
2619 2504 2740 2560 caeli
2772 2504 2920 2559 cives
2944 2512 3180 2574 vegetat,

2466 2596 2535 2651 Et
2564 2610 2662 2650 nos
2691 2596 2745 2649 in
2775 2594 2861 2647 via
2897 2603 3126 2649 recreat.

2538 2684 2635 2738 Hic
2663 2684 2714 2737 iu
2743 2685 2909 2737 choro
2937 2692 3015 2737 tot
3041 2684 3263 2737 millium

2458 2772 2757 2828 Primalum
2786 2781 2929 2826 tenet
2956 2772 3265 2848 virginum;

2469 2864 2557 2918 Fit
2578 2862 2733 2933 Agno
2764 2863 2843 2918 sic
2868 2865 3245 2933 pedissequus,
3331 2908 3346 2919 .

2464 2952 2536 3008 Ut
2566 2953 2756 3007 matris
2786 2953 3110 3008 individuus.

2538 3041 2622 3097 Sit
2662 3042 2802 3096 Patri
2836 3043 2955 3098 laus
2984 3044 3244 3115 ingenito,

2462 3132 2545 3187 Sit
2576 3134 2737 3187 decus
2767 3131 3078 3203 Uuigeuito,

2466 3221 2549 3275 Sit
2575 3221 2858 3289 utriusque
2886 3222 3042 3290 parili

2460 3311 2716 3380 Maiestas
2744 3328 2954 3367 summa
2985 3314 3236 3369 Flamini.
3263 3314 3457 3369 Amen.

2318 3425 2534 3482 LXXX.
2577 3425 2743 3481 Missa
2774 3426 2826 3480 in
2859 3427 2992 3495 festo
3022 3425 3077 3481 S.
3120 3426 3496 3481 Barlholoma-i
3521 3425 3770 3495 apostoli.

2945 3495 3150 3551 Oratio.

2317 3586 2489 3652 Deus,
2531 3586 2622 3655 qui
2658 3586 2952 3641 Ecclesiam
2989 3596 3136 3641 tuam
3178 3588 3231 3642 in
3270 3586 3583 3657 apostolicis
3626 3586 3842 3644 voluisti

2247 3679 2543 3734 consistere
2566 3678 2953 3745 fundamentis,
2978 3679 3042 3734 da
3066 3679 3241 3742 nobis,
3267 3692 3601 3749 quaesumus,
3625 3680 3688 3733 B.
3713 3680 3839 3733 Bar-

2250 3770 2517 3824 tliolomazi
2549 3771 2800 3839 precibus
2826 3780 2879 3825 et
2912 3772 2962 3825 in
2996 3782 3145 3827 recta
3174 3773 3278 3826 fide
3307 3772 3629 3842 persistere,
3656 3783 3711 3827 et
3738 3772 3841 3843 piis

2248 3860 2461 3933 Semper
2485 3862 2738 3932 operibus
2768 3864 3063 3919 abundare.
3099 3865 3203 3919 Per
3230 3864 3538 3919 Dominum.

2919 3956 3157 4012 LXXXI.

2317 4045 2581 4101 Precibus
2624 4045 2684 4099 Β.
2727 4045 3105 4102 Bartholomzci
3155 4045 3380 4116 apostoli
3424 4046 3532 4107 tui,
3577 4045 3839 4109 Domine,

2247 4150 2586 4205 quazsumus,
2637 4136 2739 4190 hoc
2783 4136 2877 4189 tibi
2928 4151 3123 4190 munus
3182 4136 3422 4190 oblatum
3472 4134 3636 4189 vitale
3683 4134 3841 4188 nobis

2188 4246 2193 4251 ·
2247 4226 2448 4298 perﬁce
2477 4236 2895 4282 sacramentum.
2926 4225 3048 4281 Per.

2924 4313 3186 4370 LXXXII.

2170 4447 2224 4506 Β
2319 4407 2669 4476 Quzesumus,
2701 4406 3041 4476 omnipotens
3070 4405 3233 4467 Deus.
3260 4411 3320 4458 ut
3348 4404 3550 4458 donum
3587 4401 3838 4463 caeleste.

2251 4500 2394 4568 quod
2424 4497 2773 4567 sumpsimus,
2803 4497 3172 4552 intercedente
3193 4496 3255 4550 Β.
3284 4496 3686 4550 Bartholouuro
3709 4510 3840 4563 apo—

2252 4589 2391 4645 SlOIO
2427 4599 2558 4652 tuo,
2605 4604 2710 4641 non
2749 4588 2905 4643 nobis
2946 4588 3013 4643 ad
3052 4587 3312 4657 iudicium
3340 4626 3356 4650 ,
3403 4588 3499 4641 sed
3541 4586 3609 4639 ad
3649 4585 3842 4641 salutis

2251 4688 2468 4736 mterna:
2505 4680 2787 4750 proveniat
2825 4680 3241 4735 incrementum.
3280 4679 3404 4733 Per.

2900 4768 3181 4823 LXXXIII.

2322 4866 2422 4932 Da,
2452 4879 2779 4934 quaesumus,
2813 4864 3064 4918 Ecclesiae
3091 4871 3212 4926 tuae,
3246 4861 3557 4916 misericors
3586 4861 3752 4925 Deus,
3780 4871 3837 4915 ut

2253 4973 2373 5029 quze
2412 4955 2474 5009 Β.
2505 4953 2886 5008 Bartliolommi
2923 4951 3149 5022 apostoli
3194 4951 3270 5005 tui
3311 4960 3395 5005 est
3432 4948 3695 5004 aedificata
3746 4950 3838 5005 do-

2252 5046 2461 5111 ctrinis,
2493 5043 2609 5112 eius
2633 5044 2795 5099 etiam
2827 5042 3097 5098 continuis
3136 5050 3445 5112 protegatur
3469 5039 3709 5096 auxiliis.
3737 5039 3837 5095 Per

2254 5135 2561 5192 Dominum.

2902 5221 3181 5279 LXXXIV.

2325 5317 2592 5380 Concede,
2616 5332 2949 5388 quaesumus,
2970 5317 3311 5384 omnipotens
3333 5319 3495 5377 Deus,
3517 5320 3576 5366 ut
3596 5315 3830 5369 Ecclesia

2256 5417 2345 5464 tua
2376 5407 2438 5460 Β.
2475 5405 2854 5461 Bartholomrri
2888 5406 3113 5474 apostoli
3146 5406 3381 5475 gaudeat
3406 5402 3622 5457 suffulta
3650 5402 3831 5472 praesic

2251 5499 2377 5566 diis,
2393 5496 2545 5566 cuius
2564 5496 2728 5552 etiam
2753 5496 3049 5567 magnificis
3070 5494 3392 5549 informatur
3414 5491 3695 5562 exemplis.
3714 5490 3827 5544 Per.

2908 5586 3146 5641 LXXXV

2321 5680 2655 5749 Qumsumus,
2695 5679 3036 5749 omnipotens
3076 5679 3236 5746 Deus,
3270 5685 3328 5732 ut
3357 5676 3419 5730 B.
3450 5670 3822 5729 Bartholommi
