4078 6336
209 407 316 463 9ἑὸ

1455 412 1759 471 CARMINA
1800 417 1889 474 ET
1929 419 2015 477 PR
2025 419 2213 480 ECES.

3361 430 3468 489 956

210 517 441 590 apostoli
483 520 556 574 tui
597 534 870 589 nunquam
919 520 1075 577 nobis
1112 522 1252 577 desit
1294 521 1551 579 auxilium
1575 563 1591 589 ,
1635 526 1791 594 cujus
1819 531 1865 591 Α
1893 530 2092 589 Lector
2123 532 2453 605 apostolicas
2478 535 2617 591 bene
2639 536 2878 605 prudens
2901 502 3119 607 perlege
3142 537 3377 607 palmas,

209 610 451 679 quotidie
481 624 588 665 non
615 625 889 667 cessamus
914 613 1271 669 venerabilem
1302 615 1573 671 honorare
1605 617 1790 673 tritum

207 702 398 770 phum.
427 699 549 754 Per.

208 809 492 866 LXXXVI.
534 812 698 867 Missa
730 814 783 869 in
809 815 1149 939 ιναιόςίαέξοηε
1188 815 1246 872 S.
1282 815 1520 873 Matlhwi
1548 820 1788 890 apostoli.

949 901 1006 938 ra
1030 903 1101 939 ιο.

949 901 1101 939 ναιιο.

282 966 447 1034 Deus,
476 969 630 1037 cujus
659 977 790 1026 nutu
838 986 937 1042 per
973 975 1182 1030 diversa
1218 986 1486 1032 terrarum
1529 978 1645 1033 loca
1676 978 1791 1047 ipsa

206 1073 426 1132 quoque
479 1071 792 1117 sanctorum
843 1079 1069 1135 corpora
1125 1068 1513 1138 disponuntur,
1572 1071 1790 1138 tribue,

206 1162 549 1219 quaesumus,
591 1153 770 1221 utqui
809 1154 869 1207 B.
906 1155 1137 1212 Matthaei
1173 1161 1401 1227 apostoli
1443 1162 1516 1215 tui
1554 1162 1790 1216 transla-

210 1238 409 1293 tionem
438 1240 686 1303 colimus,
718 1243 822 1311 ipsi
845 1244 1007 1298 etiam
1034 1262 1063 1299 a
1090 1250 1359 1316 pravitate
1397 1260 1583 1306 nostra
1608 1251 1675 1306 ad
1707 1252 1794 1321 pie

208 1332 420 1389 vivendi
450 1336 828 1391 rectitudinem
860 1340 1277 1399 transferamnr.
1310 1344 1431 1400 Per.

773 1428 884 1499 29
921 1430 1226 1486 Lxxxvn.

282 1515 406 1571 Haac
453 1517 650 1585 hostia,
702 1535 1031 1588 quaesumus,
1078 1523 1323 1587 Domine.
1370 1523 1580 1581 vincula
1619 1529 1787 1584 nostri

210 1617 392 1663 reatus
419 1611 685 1676 absolvat,
714 1621 769 1667 et
799 1613 1163 1671 intercedente
1186 1616 1249 1671 Β.
1274 1617 1522 1674 Matthmo
1548 1621 1791 1688 apostolo

210 1704 305 1754 tuo
332 1699 531 1753 donum
562 1700 715 1755 nobis
746 1702 933 1772 gratia:
967 1703 1203 1760 cmicstis
1234 1708 1501 1776 acquirat.
1528 1708 1655 1763 Per.

815 1792 1144 1850 LXXXVIII.
1767 1828 1793 1862 ο

1962 623 2198 679 Credere
2232 638 2300 678 ne
2325 623 2539 680 dubites
2569 639 2704 694 quas
2734 634 2884 682 tenet
2912 627 3051 681 alma
3083 627 3237 684 ﬁdes.

1891 712 2118 768 Istorum
2145 713 2277 770 ﬁnes
2305 715 2497 780 nescit,
2525 715 2616 783 qui
2648 716 2870 787 negligit
2895 717 3050 783 istos,

1963 806 2207 873 Qualiter
2233 807 2469 862 aetherea
2502 822 2669 877 regna
2701 809 2858 864 beata
2894 817 3099 865 tenent.

1892 896 2077 952 Coetus
2110 899 2436 968 apostolicus
2464 899 2674 954 Domini
2702 909 2967 969 praecepta
2998 900 3294 971 sequendo,

1963 987 2068 1042 Per
2093 987 2214 1043 fidei
2245 991 2437 1059 dogma
2470 988 2652 1044 clarus
2685 989 2736 1043 in
2765 991 2897 1045 orbe
2927 991 3080 1046 nitet.

1891 1077 1999 1148 3o
2035 1078 2133 1134 Hic
2162 1080 2329 1133 codex
2365 1081 2563 1137 retinet
2590 1080 2828 1147 Petrum,
2863 1081 3196 1151 Paulumque
3226 1083 3434 1148 beatos,

1962 1169 2029 1223 Et
2055 1170 2297 1237 geminos
2316 1169 2569 1236 Jacobos,
2602 1171 3163 1242 Bartholomaeumque
3183 1170 3468 1237 Thomam,

1891 1256 2163 1312 Andream
2196 1268 2467 1329 sanetum,
2501 1257 2799 1328 Simonem,
2834 1260 3239 1330 Thadaeumque
3268 1259 3472 1330 Philip-

3206 1348 3373 1421 [Ρωηι

1961 1436 2330 1508 Evangelistas
2354 1450 2587 1510 quatuor
2613 1452 2669 1496 et
2691 1457 2968 1512 proceres,

1890 1522 2193 1594 Matthiam,
2220 1529 2424 1598 pariter
2450 1529 2753 1584 Barnabam
2793 1532 2937 1601 regia
2969 1542 3114 1585 vasa.

1893 1706 1955 1763 Hi
1984 1709 2188 1778 lapides
2212 1710 2364 1765 nitidi
2391 1710 2599 1779 fulgent
2632 1712 2683 1764 in
2715 1719 3003 1769 stemmate
3025 1709 3253 1776 Christi,

1961 1798 2191 1854 Climata
2224 1815 2319 1869 per
2346 1801 2530 1854 mundi
2557 1816 2692 1870 quos
2725 1815 2989 1855 venerare
3021 1800 3169 1855 licet.

275 1875 515 1947 Praesta,
549 1895 876 1950 quaesumus,
907 1887 1247 1955 omnipotens
1275 1888 1438 1955 Deus,
1468 1899 1528 1944 ut
1553 1891 1642 1959 qui
1673 1905 1788 1946 coe-
1819 1875 1865 1933 Β
1895 1889 2009 1945 Una
2039 1890 2168 1944 fides
2207 1891 2397 1955 tenuit,
2430 1905 2565 1958 quos
2596 1906 2737 1944 nunc
2768 1898 2918 1945 tenet
2946 1890 3085 1944 alma
3114 1900 3337 1954 corona,

208 1965 362 2022 Iestia
418 1969 555 2023 dona
594 1973 973 2040 percepimus,
1025 1977 1395 2041 intercedente
1442 1979 1502 2033 Β.
1537 1979 1791 2038 Mattlueo

208 2054 451 2123 apostolo
479 2065 590 2123 tuo,
618 2074 715 2128 per
742 2061 856 2116 haec
884 2063 951 2117 ad
978 2073 1194 2120 aeternae
1222 2066 1530 2125 refectioni-5
1555 2071 1789 2128 esuriem

209 2156 586 2212 provocemur.
612 2148 734 2202 Per.

366 2228 651 2290 LXXXIX.
692 2238 860 2293 Missa
899 2241 963 2295 de
1003 2241 1065 2299 S.
1091 2243 1341 2301 Barnaba
1380 2249 1633 2318 apostolo.

975 2352 1102 2390 auo.

975 2352 1004 2387 α
1088 2376 1102 2390 .

278 2414 444 2481 Deus,
475 2418 567 2488 qui
610 2419 672 2473 B.
698 2333 1308 2494 Barnalg'muzpostolis
1343 2430 1448 2482 tuis
1496 2428 1548 2483 in
1595 2430 1788 2499 praedi-

208 2509 424 2566 catione
471 2514 722 2579 sociasti,
780 2517 846 2571 ad
900 2518 1016 2587 ejus
1069 2537 1201 2586 nos,
1243 2539 1577 2593 quaesumus,
1614 2528 1788 2583 tribue

208 2600 493 2668 pervenire
537 2606 892 2672 consortium,
945 2608 1097 2679 cujus
1150 2611 1444 2684 gloriosum
1494 2616 1789 2685 gaudemus

212 2686 492 2745 celebrare
520 2693 871 2763 triumphum.
899 2695 1022 2751 Per.
1466 2688 1470 2691 ’

942 2787 1051 2844 XC.

277 2866 470 2926 Oblata
510 2888 757 2942 munera,
802 2890 1130 2945 quaesumus,
1163 2882 1411 2949 Domine,
1444 2892 1528 2939 tua
1562 2885 1785 2943 benedi-

210 2961 391 3019 ctione
434 2966 731 3033 sanctiﬁca,
778 2984 899 3038 quae
927 2979 998 3035 te,
1029 2971 1297 3039 donante,
1329 2973 1417 3028 illa
1450 2990 1547 3030 nos
1572 2976 1785 3035 ﬂamma

210 3061 316 3109 tua:
358 3055 659 3112 dilectionis
706 3064 997 3126 accendat,
1050 3078 1147 3131 per
1190 3079 1353 3134 quam
1406 3065 1466 3120 Β.
1512 3067 1785 3127 Barnabas

211 3143 394 3199 omnia
419 3147 501 3200 sui
528 3150 773 3216 corporis
809 3158 1071 3205 tormenta
1101 3153 1318 3208 devicit.
1348 3154 1468 3210 Per.

695 3237 830 3293 XCI.
873 3224 1320 3299 Postcommtiuio.

280 3320 531 3379 Caelestis
586 3341 786 3382 mensae
841 3329 1066 3398 dapibus
1130 3336 1400 3400 recreati,
1456 3351 1787 3411 quaesumus,

208 3421 549 3491 Omnipmens
576 3425 736 3492 Deus,
769 3434 846 3492 ut,
881 3429 1250 3489 intercedente
1292 3433 1352 3488 Β.
1378 3435 1626 3491 Barnaba
1657 3449 1790 3502 apo-

211 3508 351 3565 stolo
387 3520 498 3578 tuo,
531 3516 672 3583 quod
702 3531 798 3571 ore
826 3521 1164 3591 percepimus
1201 3524 1416 3581 sincera
1447 3534 1630 3584 mente
1675 3542 1790 3582 ser-

211 3611 418 3656 vemus.
448 3601 571 3658 Per.

613 3693 766 3749 XCII.
809 3694 995 3753 Oratio
1030 3702 1100 3755 ad
1133 3719 1393 3774 vesperas.

285 3776 448 3845 Deus,
476 3782 567 3850 qui
598 3782 670 3836 '8.
698 3784 959 3843 Barnabas
1001 3794 1250 3859 apostolo
1297 3805 1390 3851 tuo
1427 3803 1549 3866 post
1588 3797 1793 3854 adusta

214 3869 396 3924 carnis
425 3871 666 3926 incendia
695 3876 931 3932 caelestis
951 3879 1133 3948 glorise
1161 3885 1502 3955 refrigerium
1529 3889 1789 3955 tribuisti,

214 3958 487 4043 aastusiu
534 3960 713 4026 nobis,
761 3978 1093 4032 quaesumus,
1140 3973 1450 4040 passionum
1495 3976 1790 4032 carnalium

214 4046 469 4116 reprime,
480 4058 534 4104 et
545 4054 707 4107 corda
722 4066 902 4111 nostra
923 4059 1109 4128 gratiae
1123 4069 1227 4116 tua:
1241 4078 1362 4118 rore
1374 4064 1650 4132 perfunde.
1667 4067 1788 4123 Per.

448 4139 629 4195 XCIII.
683 4142 873 4199 Versus
900 4147 963 4200 de
993 4158 1147 4218 gestis
1176 4153 1551 4220 apostolorum.

213 4223 466 4282 Continet
491 4229 594 4284 hoc
620 4247 819 4302 corpus
843 4234 1107 4300 Christus.
1141 4255 1276 4308 quos
1304 4241 1501 4295 lumina
1531 4244 1722 4313 pandit

287 4313 379 4370 Sal
413 4320 595 4374 mundi
622 4324 828 4391 pariter
855 4339 974 4382 esse
1001 4340 1211 4383 sat-rata
1246 4331 1359 4386 Dei.

213 4403 405 4460 Omnia
435 4407 715 4480 falsorum,
742 4429 839 4484 per
865 4432 1021 4486 quos,
1047 4419 1299 4490 ﬁgmenta
1330 4423 1572 4488 deorum,

278 4496 518 4554 Ecclesia
554 4501 745 4571 fulget,
774 4507 951 4561 diruta
977 4509 1130 4564 valde
1153 4513 1355 4581 jacent.

214 4582 390 4655 Elegit
417 4591 618 4645 mundo
648 4591 925 4660 Dominus,
965 4611 1098 4665 quos
1134 4611 1258 4655 ante
1284 4600 1509 4658 Creator

287 4674 493 4732 Stecula
521 4696 863 4749 pratnoscens
894 4700 1015 4741 esse
1045 4689 1137 4741 Dci
1165 4689 1408 4748 Sobolcs.

215 4764 443 4823 Pectora
473 4773 702 4841 replevit
724 4790 953 4845 quorum
984 4778 1068 4847 pia
1099 4780 1333 4849 Spiritus
1370 4785 1543 4843 almus

287 4857 430 4913 Dans
457 4862 622 4917 variis
648 4864 842 4934 linguis
876 4865 981 4919 alta
1013 4854 1199 4924 tonare
1222 4871 1336 4924 Dei.

215 4946 521 5004 Transferri
550 4964 779 5020 montes,
807 4956 1046 5011 solvendi
1072 4960 1193 5028 jure
1225 4962 1421 5032 ligandi

286 5036 491 5104 Terris,
522 5057 584 5095 ac
614 5042 797 5097 tribuit
832 5045 919 5099 bis
944 5046 1143 5113 pietate
1172 5049 1326 5120 polis.

213 5130 446 5209 Istorum
488 5133 719 5203 imperio
756 5136 966 5207 fugiunt
999 5140 1263 5196 dmmonia
1303 5160 1465 5212 smva,

284 5217 523 5289 Corpora
554 5223 863 5280 functorum
894 5228 975 5284 vel
1008 5232 1242 5286 rediviva
1268 5234 1467 5305 vigent.

215 5307 484 5365 Mentibus
513 5314 595 5366 his
626 5317 797 5370 sacris
827 5318 963 5372 dans
1002 5321 1185 5375 intima
1217 5338 1440 5381 cernere
1470 5329 1646 5384 cordis

284 5403 510 5459 Coelitns
544 5416 597 5460 et
625 5408 736 5461 fieri
771 5409 901 5463 mira
933 5422 1181 5480 patrante
1211 5418 1339 5471 Deo.

212 5488 326 5547 Hos
355 5496 594 5549 vocitant
627 5498 813 5559 cmlos,
844 5509 1014 5567 vales,
1046 5504 1320 5574 nubesque
1348 5506 1609 5577 volantes,

282 5582 452 5639 Arida
472 5577 572 5656 ‘qui
603 5598 791 5644 sancto
818 5590 1068 5661 dogmate
1097 5596 1256 5650 corda
1298 5597 1497 5669 rigant.

215 5672 529 5744 Languores
555 5679 732 5735 varios
763 5681 1034 5750 depellunt
1068 5685 1268 5742 famine
1294 5688 1410 5743 solo

288 5764 575 5834 Corporis;
610 5781 694 5825 ast
722 5772 915 5826 animae
943 5787 1041 5842 per
1062 5775 1281 5846 pietatis
1311 5793 1491 5849 opem.

1109 5981 1143 5998 κ

1963 1979 2078 2034 Una
2109 1982 2325 2050 quidem
2354 1980 2572 2035 Christo
2611 1981 2777 2051 gloria
2818 1996 3031 2050 semper
3057 1981 3241 2036 habet.

1892 2069 2200 2143 Martyriale
2229 2072 2414 2135 decus,
2456 2071 2939 2139 confessmumque
2971 2072 3189 2124 beatum

1963 2162 2038 2216 Ex
2071 2162 2155 2217 his
2184 2162 2446 2232 incipiunt
2476 2162 2857 2231 virgineusque
2886 2159 3077 2230 pudor.

1890 2251 2226 2306 Christicolae
2253 2251 2433 2306 cuncti
2463 2252 2562 2305 hos
2589 2266 2805 2321 semper
2833 2248 3104 2305 celebrate
3133 2254 3389 2318 patronos

1961 2339 2224 2411 Tempore
2251 2341 2497 2406 solemni,
2529 2355 2662 2395 voce
2688 2351 2918 2395 canente
2950 2340 3080 2395 Deo.

1889 2430 2023 2486 Cum
2052 2432 2246 2501 quibus
2274 2432 2566 2487 adveniens
2593 2432 2764 2487 Index
2798 2432 2849 2487 in
2882 2432 3068 2487 limine
3096 2430 3244 2488 smcii

1962 2520 2205 2577 Reddere
2230 2522 2350 2577 laeta
2381 2522 2554 2586 bonis,
2585 2524 2759 2577 tristia
2790 2524 2892 2577 rite
2917 2523 3095 2587 malis,

1891 2610 2245 2682 Omnipotens
2270 2610 2530 2666 Dominus
2562 2613 2726 2667 donet
2759 2614 3037 2668 consortia
3074 2611 3232 2667 nobis

1961 2700 2222 2757 Omnibus
2252 2701 2304 2755 in
2331 2702 2533 2758 sanctis
2564 2702 2683 2758 luce
2711 2715 2951 2773 perenne
2980 2701 3106 2756 frui.

2270 2894 2275 2899 -
2372 2861 2556 2919 XCIV.
2598 2861 2751 2917 Unde
2788 2879 2971 2933 supra.

1892 2992 2126 3063 Spiritus
2155 2994 2314 3060 alme,
2345 2995 2487 3059 veni,
2521 2993 2747 3064 perﬂato
2776 2994 3029 3064 dindyma
3060 2976 3267 3058 nostro,

1962 3086 2041 3141 Ad
2069 3097 2311 3141 nostrum
2339 3096 2541 3150 votum,
2572 3085 2804 3155 Spiritus
2830 3084 2991 3146 alme,
3020 3083 3163 3137 veni.

1893 3173 2113 3245 Templa
2141 3177 2315 3229 dicata
2351 3175 2444 3230 tibi
2476 3176 2682 3231 valeam
2713 3190 2821 3245 quo
2847 3174 3106 3231 extollere
3130 3173 3312 3244 digne,

1815 3222 1864 3286 ο
1962 3222 2237 3317 ιε’ἶιάίιηιε
2269 3263 2500 3317 exaltem
2539 3222 2746 3333 temle
2767 3263 2944 3317 dicata
2976 3262 3093 3317 tibi.

1889 3350 2018 3417 Quae
2048 3352 2163 3407 sine
2190 3351 2295 3407 tine
2326 3361 2509 3407 tenent
2538 3354 2800 3407 caelorum
2828 3352 3021 3423 gaudia
3052 3351 3220 3415 celsa,

1959 3442 2138 3498 Gloria
2178 3458 2300 3497 cum
2330 3444 2536 3497 meritis
2562 3458 2681 3512 quas
2708 3444 2823 3498 sine
2851 3444 2957 3498 line
2985 3450 3189 3497 tenent.

1889 3533 1995 3590 Ore
2023 3535 2115 3588 Dei
2149 3534 2386 3588 sobolem
2416 3536 2802 3605 prophetarum
2837 3536 2940 3590 rite
2969 3535 3270 3609 prophetae,

1959 3624 2164 3679 Promit
2188 3624 2513 3694 apostolicus
2539 3640 2631 3680 ore
2659 3625 2752 3680 Dei
2778 3626 3035 3682 sobolem.

1890 3711 2127 3783 Virginis
2166 3714 2251 3769 hic
2286 3713 2498 3783 genitus
2530 3717 2779 3784 purgavit
2814 3717 3043 3772 crimina
3080 3715 3290 3783 mundi,
3390 3786 3393 3789 λ

1961 3802 2184 3858 Tartara
2215 3804 2470 3869 contrivit
2502 3804 2734 3873 Virginis
2767 3806 2854 3859 hic
2880 3806 3111 3875 genitus.

1889 3892 2093 3947 Damna
2124 3894 2226 3962 poli
2256 3895 2514 3961 Dominus
2548 3903 2814 3949 restaurat
2846 3896 2980 3948 mire
3006 3902 3304 3965 perempta,

1969 3981 2242 4052 Sanguine
2274 3984 2509 4038 restituit
2537 3985 2732 4037 damna
2765 3984 2868 4053 poli
2896 3984 3175 4038 Dominus.

1891 4070 2001 4125 Rex
2036 4072 2154 4140 pius
2184 4072 2299 4140 ipse
2323 4072 2441 4140 pios
2471 4072 2723 4139 p’rzeeepit
2753 4087 2995 4143 mergere
3024 4071 3290 4144 lymphis;

1963 4161 2121 4217 Vexit
2156 4163 2223 4215 ad
2249 4163 2357 4216 alta
2386 4162 2491 4231 poli
2522 4162 2632 4214 Rex
2667 4162 2785 4231 pius
2815 4163 2927 4230 ipse
2957 4164 3095 4231 pios.

1892 4253 2109 4308 Semina
2139 4264 2302 4322 parva
2335 4253 2497 4307 Sator
2525 4251 2821 4307 cumulavit
2848 4252 3115 4307 fructibus
3145 4251 3361 4322 amplis,

1960 4342 2337 4412 Centnplicare
2366 4343 2512 4397 dedit
2546 4343 2751 4397 semina
2781 4358 2947 4412 parva
2981 4344 3162 4398 Sator.

1891 4432 2066 4486 Effera
2102 4434 2264 4487 corda
2297 4434 2473 4487 nitent
2500 4434 2725 4487 istorum
2757 4432 2961 4489 famine
2987 4435 3016 4470 “
3045 4442 3378 4499 sanctorum,

1818 4551 1872 4612 Β
1964 4524 2068 4578 Per
2095 4524 2273 4579 varios
2303 4524 2464 4580 flores
2500 4524 2661 4580 effera
2695 4527 2859 4581 corda
2897 4528 3086 4582 nitent.

1900 4611 2032 4666 Lilia
2065 4613 2220 4667 mista
2257 4614 2395 4668 rosis
2424 4614 2682 4683 violaeque
2712 4629 2873 4683 per...
2907 4614 3150 4685 flagrant,

1969 4701 2166 4756 Sancta
2198 4702 2434 4756 renitent
2458 4703 2567 4757 lilia
2598 4705 2755 4759 mista
2784 4706 2940 4759 rosis.

1898 4793 2073 4847 Aurea
2104 4807 2267 4862 regna
2296 4793 2405 4862 poli
2436 4793 2717 4863 dispensat
2740 4794 2991 4849 Christus
3020 4793 3240 4863 ubique,

1970 4883 2256 4954 Discipulis
2289 4885 2473 4939 tribuit
2501 4900 2663 4939 aurea
2700 4901 2863 4954 regna
2891 4885 3019 4955 poli.

1897 4974 2158 5031 Primitus
2188 4974 2326 5028 alma
2352 4974 2485 5030 fides
2513 4990 2608 5044 per
2630 4975 2847 5030 Petrum
2885 4974 3082 5030 clarior
3106 4981 3304 5044 exstat,

1968 5063 2099 5131 Ejus
2125 5065 2291 5119 odore
2320 5064 2453 5119 nitet
2480 5066 2729 5134 primitus
2757 5066 2894 5119 alma
2927 5065 3078 5120 ﬁdes.

1812 5176 1817 5181 -
1900 5153 2068 5209 Roma
2098 5157 2276 5219 beata,
2306 5156 2468 5219 nites,
2500 5155 2642 5210 Petri
2679 5157 2746 5210 de
2775 5171 3000 5226 corpore
3024 5157 3224 5223 sancti,

1969 5243 2227 5312 Dogmate
2254 5258 2467 5312 quoque
2492 5259 2610 5310 suo,
2639 5243 2808 5299 Roma
2838 5246 3019 5310 beata,
3048 5246 3211 5300 nites.

1901 5335 2088 5405 Ampla
2119 5345 2315 5405 tropaea
2344 5336 2522 5390 crucis
2547 5352 2645 5406 pro
2674 5336 2890 5391 Christo
2920 5337 3138 5407 pertulit
3173 5337 3293 5405 ille,

1970 5424 2183 5479 Vertice
2212 5440 2399 5479 versus
2427 5426 2538 5479 abit
2563 5426 2738 5496 ampla
2770 5437 2968 5497 tropaea
3005 5429 3201 5484 crucis.

1900 5511 2157 5582 Splendet
2192 5512 2392 5583 ubique
2420 5522 2608 5582 potens
2636 5513 2852 5578 Paulus,
2886 5517 3145 5573 mirabilis
3170 5526 3342 5585 actor,

1972 5601 2253 5656 Abscissus
2280 5593 2460 5671 capite;
2486 5604 2749 5673 splendet,
2782 5606 2979 5676 ubique
3009 5616 3221 5676 potens.

1900 5691 1944 5747 Ο
1973 5693 2280 5746 veneranda
2319 5693 2480 5748 nimis
2509 5693 2653 5748 Petri
2683 5691 2943 5764 Paulique
2972 5698 3185 5767 decore,

1972 5780 2221 5849 Romula,
2247 5796 2384 5854 quos
2416 5784 2634 5852 retines,
2658 5800 2691 5842 o
2719 5787 3023 5844 venerande
3056 5787 3216 5844 nimis
