4078 6336
608 392 710 447 ΘΠ
1433 395 1493 449 S.
1532 396 1737 451 PETRI
1770 392 2054 451 DAMlANl
2080 393 2245 469 OPP.
2286 390 2522 451 TOMUS
2560 391 2690 450 SEU
2732 391 2912 449 PARS
2949 393 3038 449 IV.
3765 393 3871 454 N8

610 508 774 564 Facta
806 508 994 565 samtis
1023 523 1189 580 agens
1213 508 1446 567 Jacobus
1470 525 1567 580 per
1596 518 1791 567 cuncta
1822 517 2069 575 necatur,
2204 511 2258 572 Α
2419 506 2625 562 Praeter
2649 507 2838 574 Deum,
2865 507 2952 562 vel
2979 507 3170 562 esurit.

681 600 920 655 Gallicis:
946 599 1230 665 recubans.
1267 600 1403 656 facta
1430 602 1618 657 salutis
1647 616 1831 671 agens.
2495 596 2679 662 Saevit,
2710 596 2911 662 fremit,
2944 595 3202 652 eﬂ'eratur

608 688 754 743 ldola
789 704 929 744 caeca
956 689 1229 748 colens....
1257 690 1514 746 Armenia
1542 705 1644 747 nec
1675 705 1784 745 non
2424 685 2548 742 Mox
2576 696 2798 742 cruenta
2824 688 3031 753 bestia;

678 778 924 833 Vertitur
950 780 1017 834 ad
1044 780 1320 835 Christum
1350 780 1492 835 idola
1526 796 1665 835 caeca
1696 780 1900 837 colens.
2420 779 2638 847 Fervet,
2664 775 2896 845 frendet,
2925 784 3105 834 movet
3128 784 3325 833 cuncta

606 867 911 935 Excoriate,
935 869 1080 925 nites
1107 870 1160 924 in
1186 869 1407 933 mundo,
1438 869 1842 936 Bartholomtee,
2423 868 2843 925 Tormentorum
2870 870 3072 941 genera
3104 886 3120 923 :

680 956 893 1013 Vertice
917 960 1195 1028 praecisus,
1225 960 1521 1025 excoriate,
1549 960 1712 1014 nites.
2423 956 2673 1025 Ferrum,
2705 956 2878 1030 ignes,
2906 958 3151 1022 testulas,
3181 957 3502 1029 equuleum,

609 1044 821 1115 Optima
847 1057 997 1118 gesta
1026 1063 1225 1104 canens
1255 1049 1589 1113 Macedonia,
1617 1050 1719 1105 rite
1743 1049 2048 1116 Matthteus,
2424 1048 2683 1118 Torquet,
2713 1056 2902 1117 torret,
2935 1055 2990 1103 et
3018 1062 3307 1119 compages

680 1137 739 1191 In
761 1137 940 1192 Persis
972 1154 1183 1208 passus,
1214 1139 1415 1208 optima
1446 1148 1598 1210 gesta
1631 1154 1851 1194 canens.
2425 1136 2624 1196 Dividit
2653 1139 3029 1204 articulorum,

607 1227 669 1281 In
694 1242 873 1291 cruce,
897 1227 1076 1293 Petre,
1109 1237 1233 1283 tuus
1255 1228 1557 1285 Germanus
1581 1229 1839 1296 praedicat
1862 1227 2073 1294 urbem,
2426 1228 2691 1299 lmprimit
2716 1228 3007 1299 ignitarum
3037 1227 3366 1283 laminarum

683 1317 944 1373 Achaiam
972 1318 1187 1372 salvans
1222 1319 1274 1372 in
1302 1332 1481 1382 cruce,
1513 1317 1689 1383 Petre,
1719 1326 1862 1372 tuus.
2425 1317 2602 1374 Sectis
2632 1320 2893 1374 membris
2919 1333 3095 1376 caecus
3120 1317 3273 1373 furor
3300 1317 3624 1374 cauterium.

614 1409 789 1479 Eripit
814 1409 902 1463 ille
932 1408 1116 1465 Simon
1143 1409 1436 1465 crucifixus
1463 1408 1663 1463 famine
1691 1406 1905 1475 Saleus,
2497 1408 2701 1465 Christi
2729 1409 2887 1466 miles
2914 1410 3113 1481 premit
3139 1409 3287 1465 vires

684 1495 978 1567 Egyptum
1005 1498 1162 1552 simul
1186 1498 1350 1567 eripit
1374 1497 1462 1552 ille
1487 1495 1695 1552 Simon.
2426 1496 2648 1552 Viribus
2673 1499 2873 1562 cordis,
2905 1508 2961 1555 et
2990 1498 3117 1569 igne

615 1585 780 1641 Millia
810 1586 977 1642 multa
1006 1586 1181 1642 virum
1210 1586 1510 1643 Tbaddzeus
1547 1584 1774 1642 contulit
1804 1583 2023 1652 ardens,
2427 1584 2619 1641 Carnis
2648 1587 2798 1657 ignes
2827 1587 3228 1657 exstinguebat,

688 1675 895 1730 Pontus
923 1682 978 1729 et
1001 1675 1256 1730 Armenia
1286 1674 1453 1731 millia
1484 1674 1652 1728 multa
1679 1674 1877 1727 virum.
2430 1675 2631 1731 Sancto
2656 1677 2848 1747 plenus
2877 1676 3107 1747 Spiritu.

613 1766 875 1836 Dogmata
906 1765 1073 1819 multa
1100 1765 1219 1820 tulit
1244 1766 1480 1821 Thomas
1515 1763 1846 1820 transfossus
1876 1764 1929 1818 in
1958 1762 2109 1826 orbe,
2499 1765 2681 1821 Ctesus
2707 1765 2913 1836 ﬂagris,
2941 1767 3122 1824 fossus
3150 1767 3318 1840 plagis

684 1854 866 1909 Persis
893 1862 949 1908 et
973 1854 1141 1909 Medis
1166 1854 1415 1927 dogmata
1451 1854 1619 1909 multa
1650 1854 1790 1908 tulit.
2430 1856 2651 1921 anilat,
2683 1858 2897 1914 desides
2922 1858 3109 1914 horret

611 1945 716 2015 31
743 1942 815 1999 Se
834 1960 993 2015 super
1013 1954 1157 2000 astra
1181 1945 1360 2001 ferens
1381 1946 1626 2016 purgavit
1649 1946 1906 2009 schisma,
1927 1943 2186 2006 Joannes,
2435 1948 2716 2017 Tortores,
2747 1951 2915 2007 solam
2948 1952 3105 2009 timet

683 2033 853 2099 Quem
882 2042 1026 2089 tenet
1054 2035 1317 2104 Ephesius
1342 2050 1400 2091 se
1428 2050 1591 2104 super
1612 2044 1759 2090 astra
1788 2034 1987 2091 ferens.
2431 2038 2737 2095 Levitatem
2768 2042 3108 2098 carniﬁcum.

612 2122 1037 2181 Tactus'amore
1060 2127 1155 2182 Dei
1183 2127 1454 2197 lapidatur
1477 2142 1667 2196 nempe
1694 2126 1993 2198 Philippus,
2502 2127 2650 2183 Bella
2676 2128 2934 2194 fremunt,
2967 2132 3151 2185 hostes
3176 2129 3409 2195 caedunt,

684 2216 818 2271 Cum
849 2218 1018 2273 vertit
1040 2217 1238 2281 Gallos,
1271 2227 1448 2275 tactus
1473 2233 1661 2274 amore
1690 2219 1804 2274 Dei.
2428 2213 2564 2272 Haec
2591 2224 2675 2272 est
2705 2217 2793 2272 lex
2821 2218 3099 2285 victoriae;

615 2308 829 2375 Jaeebe,
855 2322 985 2364 ecce
1008 2308 1168 2375 nites,
1194 2310 1403 2365 Domini
1443 2310 1787 2365 sanctissime
1815 2308 2003 2376 frater,
2432 2306 2616 2376 Pugna
2647 2308 2837 2377 surgit,
2865 2308 3043 2378 palma
3070 2309 3292 2376 crescit,

685 2398 1059 2468 Praecipitatus
1093 2399 1233 2463 abis,
1255 2397 1478 2464 Jacobe,
1509 2413 1637 2454 ecce
1663 2399 1826 2461 nites.
2434 2395 2503 2449 Et
2529 2411 2743 2452 coronae
2773 2398 2967 2468 gloria.

612 2493 759 2548 lnter
788 2491 1111 2561 apostolicos
1136 2491 1440 2547 numeraris
1476 2497 1643 2554 sorte,
1677 2489 1919 2553 Matthia,
2502 2486 2694 2542 Clarus
2721 2486 2923 2544 Christi
2952 2489 3333 2561 triumphator,

686 2580 925 2637 Iudaeam
957 2581 1174 2636 salvans
1203 2581 1344 2634 inter
1369 2579 1711 2650 apostolicos.
2438 2578 2546 2649 32
2585 2578 2803 2634 Curiam
2832 2582 3027 2637 summi
3063 2582 3189 2638 creli
3215 2591 3552 2654 purpuratus

618 2672 808 2727 Uritur
841 2671 963 2743 igne
988 2673 1083 2726 Dei
1105 2671 1405 2735 Barnabas,
1433 2672 1686 2740 dogmata
1714 2669 1954 2733 damnat,
2435 2671 2703 2737 Introivit,
2734 2674 3023 2730 comitatus
3053 2674 3214 2730 niveo

690 2762 934 2831 Dumque
967 2771 1241 2817 crematus
1268 2762 1400 2827 obit,
1438 2762 1613 2816 uritur
1645 2762 1766 2832 igne
1791 2762 1908 2815 Dei.
2440 2755 2857 2830 Splendidorum
2887 2762 3204 2833 angelorum

617 2852 789 2920 Quam
828 2853 1067 2923 Speciose
1104 2854 1307 2924 micas,
1336 2853 1690 2917 Alexandria,
1721 2854 1981 2925 sanguine
2002 2851 2193 2921 Marci,
2515 2849 2684 2905 Dulce
2714 2866 2933 2907 carmen
2965 2852 3279 2907 modulante
3306 2850 3555 2924 collegio.

686 2944 1040 3000 Constantina
1077 2943 1257 3009 simul,
1288 2960 1448 3013 quam
1484 2944 1725 3013 speciose
1750 2945 1955 3000 micas!
2431 2937 2556 2992 Mox
2587 2938 2639 2992 in
2666 2937 2805 2994 latos
2834 2954 3034 3009 corpus
3061 2953 3221 3010 agros

621 3033 701 3089 Te
730 3032 1007 3088 renitendo
1031 3032 1166 3087 nitet
1186 3031 1394 3105 fulgens
1415 3032 1678 3103 Bithinia,
1701 3032 1871 3099 Luca,
2433 3029 2645 3086 Jacitur
2670 3031 3022 3103 insepultum,

688 3124 831 3180 Urbs
857 3138 1070 3193 quoque
1093 3124 1288 3195 regalis
1315 3133 1368 3178 te
1390 3124 1672 3179 renitendo
1699 3125 1856 3179 nitet.
2228 3184 2267 3195 _
2438 3121 2652 3176 Pavent
2676 3136 2862 3189 canes,
2903 3130 3143 3178 tremunt
3174 3136 3301 3178 aves

586 3184 1066 3285 Carmina-parva
1103 3184 1251 3270 dedit
1282 3214 1516 3270 famulus
1543 3231 1642 3285 pro
1679 3229 1904 3271 munere
1941 3213 2192 3287 supplex,
2220 3184 2267 3261 β
2436 3209 2669 3281 Propius
2696 3184 2976 3268 accedere.

689 3304 916 3370 Parvus,
944 3305 1113 3370 iners,
1144 3307 1342 3370 tenuis,
1375 3306 1616 3360 carmina
1650 3320 1816 3375 parva
1848 3306 2019 3361 dedit.
2516 3302 2694 3368 Cives,
2727 3319 2919 3360 arvum
2950 3302 3055 3360 fert
3083 3302 3397 3359 thesaurum
3429 3301 3700 3359 nobilem:

619 3398 851 3465 Numen,
875 3398 1228 3468 apostolicum
1257 3400 1542 3469 dignanter
1573 3400 1790 3471 suscipe
1817 3417 2048 3471 munus,

2434 3389 2554 3448 Non
2584 3395 2893 3464 praedones,
2922 3410 3030 3449 non
3063 3394 3323 3462 latrones,
3353 3392 3746 3460 ut~oecultent,

692 3487 828 3542 Vota
851 3500 1150 3557 precesque
1185 3488 1304 3557 pias
1349 3487 1579 3552 “Tamen,
1610 3489 1988 3555 apostolicum.
2436 3479 2783 3539 ValentiIIUd
2810 3482 3066 3538 effodere-

747 3582 910 3641 XCV.
967 3580 1260 3650 Rhymmus
1282 3579 1346 3631 de
1372 3576 1431 3632 S.
1470 3577 1739 3631 Vincentio
1787 3585 2051 3648 martyre.
2511 3572 2649 3629 Nam
2678 3590 2913 3631 vesanus
2943 3574 3213 3630 Dacianus

819 3672 1051 3735 Caelum,
1076 3679 1239 3733 terra,
1263 3676 1481 3738 pontus,
1511 3668 1677 3723 aethra
1703 3708 1725 3733 ,
2442 3662 2562 3718 Suit
2601 3666 2745 3719 hunc
2770 3665 3091 3732 barunculo,

744 3765 957 3822 Pariter
984 3763 1251 3818 elementa
1582 3820 1585 3823 Α
2442 3752 2605 3809 Velut
2632 3754 2686 3809 in
2714 3756 3025 3825 parricidali

748 3857 954 3914 Cuncta
982 3862 1234 3925 premant
1270 3849 1651 3922 triumphalem
2448 3842 2620 3897 Reum
2655 3843 2871 3898 claudat
2896 3843 3071 3911 culeo,

747 3946 959 4006 Summi
980 3946 1145 4016 Regis
1169 3946 1418 4017 gloriam.
2439 3932 2509 3987 Et
2546 3933 2770 3988 marinis
2788 3931 2946 4001 jubet
2974 3948 3143 4006 mergi
3171 3935 3426 3990 ﬂuctibus
3451 3946 3468 3989 :

817 4037 921 4105 Qui
944 4036 1115 4094 leonis
1138 4035 1421 4107 rugientis.
2441 4023 2639 4094 Nequit
2665 4032 2860 4093 pontus
2885 4041 3102 4081 sacrum
3132 4026 3343 4095 pondus
3366 4024 3649 4089 cohibere,

745 4130 972 4185 Babiem
1002 4143 1101 4200 per
1135 4128 1417 4184 robustum
2442 4111 2549 4168 Sed
2589 4116 2655 4169 ad
2691 4114 2841 4169 littus
2881 4115 3098 4172 ccelitus
3120 4116 3479 4187 gubernatum
3506 4114 3856 4184 deportatur,

745 4216 1096 4282 Bellatorem,
1135 4232 1259 4273 mox
1292 4217 1558 4275 victorem
2443 4204 2508 4258 Et
2537 4203 2761 4261 festinos
2787 4207 3045 4276 praevenit
3074 4207 3226 4263 velox
3257 4207 3492 4277 remiges

743 4310 1091 4367 Conculcavit
1121 4310 1486 4363 Vincentium.
2507 4295 2663 4353 Nunc
2694 4315 2944 4355 serenum
2972 4300 3143 4356 victor
3177 4299 3396 4367 caelum,

837 4384 931 4439 llle
957 4402 1151 4457 nempe
1175 4387 1400 4441 Daciani
1588 4452 1629 4465 __
2406 4433 2412 4439 .
2443 4382 2487 4440 Ο
2512 4386 2668 4442 beate
2695 4396 2977 4451 coronate,

768 4467 983 4539 Sprevit
1011 4473 1147 4526 iram
1171 4472 1390 4540 judicis,
2224 4524 2278 4547 ἢ
2445 4475 2575 4531 Post
2603 4476 2937 4547 triumphum

810 4524 827 4539 .
1012 4524 1143 4526 --η
1171 4524 1390 4540 ,ηπ-η
2446 4524 2467 4528 -
2494 4524 2573 4531 ---
2607 4524 2937 4547 "wn-ru”—

768 4557 974 4618 Truces
1001 4563 1173 4618 minas
1200 4571 1255 4616 et
1280 4562 1565 4629 furoremk
2223 4524 2279 4586 Β
2440 4564 2647 4636 Martyr
2677 4566 3055 4624 invictissime.

766 4645 876 4701 Ceu
906 4663 1158 4705 susurros
1186 4652 1407 4708 culicis:
2505 4652 2562 4708 ln
2587 4656 2775 4709 aeterni
2803 4655 2923 4710 luce
2948 4656 3101 4728 regni

766 4736 976 4804 Vincla,
1006 4739 1193 4813 ﬂagra,
1222 4745 1525 4800 carcerales
2447 4743 2686 4801 Radians
2714 4745 2850 4816 lapis
2882 4748 3060 4812 Vivus.

767 4826 1061 4897 Tenebras,
1095 4834 1222 4903 ipsa:
1247 4836 1415 4906 plaga:
1448 4836 1840 4892 vulnerantur:
2441 4835 2657 4891 Clarum
2690 4837 2839 4892 sidus
2868 4852 2992 4893 cum
3032 4837 3219 4908 ignitis

763 4916 965 4974 Mortes
998 4924 1261 4981 mortibus
1287 4926 1582 4991 adduntur;
2440 4924 2769 4995 Angelorum
2798 4927 3122 4996 agminibus.

767 5007 873 5064 Sed
902 5009 1095 5067 domus
1122 5029 1285 5085 supra
1312 5017 1523 5071 firmam
1553 5015 1658 5070 ﬂxa
1688 5026 1893 5086 petram
2510 5014 2640 5073 Post
2667 5018 2919 5074 sudorem
2955 5028 3011 5074 et
3039 5020 3308 5087 laborem,

762 5097 961 5170 Nequit
992 5105 1160 5159 sterni
1189 5106 1242 5159 vi
1269 5113 1571 5172 ventorum,
1601 5106 1687 5162 vel
1710 5105 2007 5161 ﬂaminum.
2340 5182 2351 5187 ξ
2438 5105 2569 5163 Post
2597 5118 2871 5178 peractum
2904 5109 3163 5175 stadium,

834 5192 1001 5249 Fame
1028 5213 1223 5267 corpus
1250 5208 1581 5256 maceratum
2440 5194 2736 5253 Τι’ίὺίιθηῑθ
2754 5198 2902 5266 iusto
2930 5200 3094 5268 Βθκθ.

764 5280 1017 5340 Cernitur
1042 5288 1188 5344 velut
1211 5292 1385 5361 epulis
2437 5283 2569 5341 Fert
2592 5287 2914 5351 promissum
2936 5288 3206 5343 bravium.

760 5370 1032 5431 Nutritum
1060 5382 1412 5449 ευιῃριυοείε,
2509 5375 2810 5432 Traheatus
2837 5378 2972 5433 stola
3000 5378 3383 5435 candidissima

762 5462 838 5518 Ac
861 5465 998 5521 cibis
1025 5468 1295 5539 regalibus
2444 5465 2588 5521 Solis
2610 5469 2793 5532 ardor,
2823 5467 2964 5522 lunae
2986 5469 3192 5524 candor

829 5553 1152 5625 Angelorum
1185 5562 1381 5633 quippe
1407 5561 1561 5618 cibus
2445 5555 2574 5612 Tua:
2601 5558 2801 5613 cedunt
2829 5558 3095 5626 claritati;

760 5637 952 5697 Reﬂcit
980 5656 1223 5701 ventrem
1249 5651 1445 5705 mentis
2440 5653 2630 5708 Omnia
2658 5665 3002 5723 superantur,

761 5728 833 5786 Se
862 5737 1173 5804 quaerentis,
1205 5753 1323 5810 quae
1353 5741 1426 5795 nil
1456 5741 1571 5797 sitit
2438 5744 2567 5811 Quae
2595 5745 2898 5799 mirandum
2938 5745 3019 5800 sui
3051 5753 3293 5816 praebent
