4078 6336
290 315 393 372 949

1543 307 1852 368 CARMINA
1885 309 1972 365 ET
2004 306 2290 362 PRECES.

428 427 486 482 in
511 428 611 488 hoc
639 420 770 484 orbe
795 425 1182 498 spectaculum.

508 518 709 573 Reetor
739 520 882 583 creti,
915 519 1045 575 Nate
1071 519 1187 580 Dei.
1220 515 1476 588 petimus,

433 609 577 662 Leva
607 623 837 672 mersos,
867 609 1015 665 solve
1047 625 1232 674 nexos,

431 697 610 770 Magni
638 701 809 754 sancti
839 702 1046 756 meritis
1075 701 1356 756 Vincentii.

500 793 577 847 Tu
611 808 747 862 quos
778 793 958 846 multae
988 804 1254 862 prtemunt
1282 795 1449 862 culpa:
1478 797 1699 861 suscita,

429 881 558 952 Fige
585 891 765 937 nostra
795 898 1005 937 sursum
1035 885 1223 947 corda,

432 970 549 1039 Quo
579 970 651 1024 nil
679 980 860 1025 ament
879 983 1074 1041 praeter
1103 974 1368 1031 coelestia.

499 1059 576 1114 Da
605 1062 833 1116 terrenis
873 1062 922 1117 in
955 1065 1209 1119 extremis

433 1153 566 1212 Caeli
594 1155 738 1212 celsa
769 1158 1054 1223 scandere,

434 1245 578 1312 Quos
609 1247 864 1302 misertus
896 1246 1169 1303 redemisti

437 1336 685 1392 Pretioso
721 1340 1002 1409 sanguine,

434 1424 534 1493 Qtti
561 1442 656 1495 per
685 1444 855 1482 aevum
880 1430 1002 1499 jura
1039 1446 1219 1486 rerum
1249 1433 1485 1488 ordinas.

505 1516 624 1572 Rex
652 1517 947 1576 immensus
975 1531 1029 1576 et
1054 1534 1312 1589 aeternus,

432 1606 600 1676 Cujus
628 1619 816 1663 nulum
846 1622 1041 1666 cuncta
1079 1623 1316 1668 tremunt
1351 1614 1588 1678 condita,

433 1697 536 1765 Qui
565 1715 687 1754 cum
718 1699 903 1766 Patre,
931 1702 1242 1774 Spirituque
1273 1713 1460 1760 sancto

435 1789 652 1860 Regnas
681 1791 888 1846 inﬁnita
918 1808 1012 1862 per
1039 1795 1257 1850 saecula.
1287 1796 1483 1849 Amen.

645 1882 821 1939 XCVI.
867 1885 942 1939 De
976 1885 1037 1941 S.
1077 1885 1247 1940 Vitnle
1278 1900 1531 1958 martyre.

802 1973 1044 2044 Hymnus
1071 1976 1139 2028 ad
1163 1975 1366 2029 laudes.

506 2066 719 2138 Insigne
749 2068 913 2124 decus
943 2075 1265 2137 martyrum,

434 2155 657 2210 Astrum
681 2155 871 2211 Vitatis
911 2171 1132 2212 aureum

433 2243 538 2300 Per
563 2245 785 2315 gloriam
815 2250 1130 2304 certaminis

439 2334 639 2391 Urbem
670 2337 950 2408 perfundit
985 2341 1169 2395 radiis.

507 2427 651 2481 Ense
680 2428 1000 2496 praecinctus
1033 2429 1178 2494 ﬁdei,

444 2515 647 2571 Christi
685 2520 955 2572 succurrit
986 2520 1138 2572 militi
1168 2537 1179 2571 :

441 2604 576 2658 Dum
607 2605 758 2674 lapso
787 2622 1004 2660 manum
1029 2609 1275 2680 porrigit,

363 2741 368 2746 .
443 2691 665 2748 Hostem
695 2695 905 2778 calcare
929 2697 1132 2752 docuit.

347 3181 372 3209 θ

512 2783 755 2854 Equuleo
788 2789 1153 2858 suspenditur,

447 2873 554 2930 Sed
583 2891 738 2945 paena
770 2879 1197 2948 parvipenditur,

443 2964 659 3022 Amoris
696 2966 861 3022 ardor
891 2969 1066 3022 intimi

447 3051 564 3110 Non
598 3057 766 3112 sentit
793 3057 897 3111 vim
926 3058 1196 3128 supplicii.

581 3148 688 3220 33
714 3149 896 3204 Terra:
929 3164 1141 3204 mersus
1172 3148 1447 3216 infoditur,

515 3236 623 3294 Sed
649 3254 812 3309 super
839 3248 986 3297 astra
1023 3239 1265 3297 tollitur:

513 3325 775 3386 Obruitur
797 3332 1104 3401 ruderibus,

523 3423 715 3481 Badiat
747 3428 798 3482 in
823 3429 1152 3485 cmlestibus.

586 3516 716 3583 Nos,
740 3529 949 3590 martyr
978 3521 1354 3588 invictissime,

524 3606 602 3661 Da
629 3616 750 3678 post
779 3610 990 3665 ruinam
1021 3612 1238 3668 vincere
1257 3654 1270 3677 ,

516 3697 791 3769 Digneque
822 3711 945 3770 post
976 3703 1258 3758 victoriam

514 3790 598 3845 Ad
624 3792 746 3846 eteli
773 3792 1006 3848 transfer
1031 3795 1278 3862 gloriam.

592 3878 839 3934 SitPatri
869 3881 985 3936 laus
1016 3882 1282 3951 ingenito,

522 3969 605 4025 Sit
638 3971 801 4026 decus
829 3970 1113 4043 Unigenito
1130 4014 1144 4038 ,

522 4059 606 4115 Sit
628 4063 912 4132 utriusque
948 4065 1105 4132 parili

520 4149 772 4219 Maiestas
801 4168 1009 4208 summa
1034 4152 1288 4208 Flamini.
1312 4154 1504 4209 Amen.

448 4240 654 4298 XCVII.
696 4243 762 4296 In
792 4244 1068 4312 festivitate
1109 4245 1170 4299 S.
1195 4245 1450 4300 Anthimi.
1481 4245 1744 4316 Hymnus.

594 4333 807 4404 Insigne
842 4335 1005 4391 decus
1037 4345 1329 4408 martyrum

521 4421 663 4477 Laus
687 4433 868 4478 nostra
894 4434 1107 4493 promat
1137 4425 1453 4481 Authimum
1470 4465 1485 4491 ,

524 4511 688 4581 Cujus
713 4520 983 4568 testantur
1011 4516 1189 4569 omnia

524 4601 802 4658 Elementa
832 4606 1136 4659 victoriam.

599 4693 836 4748 Furores
867 4693 1043 4748 calcat
1068 4695 1396 4766 principum,

526 4781 714 4838 Manus
740 4784 878 4838 ridet
907 4785 1220 4840 carniﬁcum
1239 4826 1253 4853 ,

527 4871 785 4928 Fundatce
807 4875 971 4929 robur
991 4875 1115 4929 ﬁdei

526 4961 644 5018 Non
672 4973 897 5033 quassat
925 4965 1006 5022 vis
1034 4966 1302 5036 supplicii.

597 5050 726 5106 Post
749 5068 1026 5107 carcerum
1049 5055 1320 5112 custodias
1337 5097 1352 5122 ,

532 5141 663 5196 Post
684 5144 969 5198 verberum
1001 5146 1256 5201 victorias
1275 5187 1290 5212 ,

533 5231 677 5287 Saxo
702 5233 910 5288 vinctus
931 5237 1271 5305 suspenditur

530 5322 599 5376 Et
625 5325 702 5379 sic
731 5324 783 5378 in
808 5324 1000 5380 ﬂuctus
1029 5329 1308 5397 mergitur.

608 5417 715 5471 Sed
741 5433 772 5471 ο
803 5417 1012 5473 felicem
1042 5419 1382 5488 naufragum!

535 5508 660 5564 Mox
689 5509 890 5563 clarum
920 5512 1093 5565 cernit
1118 5513 1392 5582 angelum,

536 5599 766 5669 Deponit
795 5609 990 5668 praesto
1013 5601 1284 5657 vinculum
1303 5641 1320 5669 ,

540 5688 700 5744 Liber
727 5689 867 5745 redit
888 5690 1196 5760 hospitium.

1898 427 1944 484 Α

3435 294 3543 355 950

2254 420 2429 493 Caput
2456 437 2625 478 caesus
2657 420 2859 476 interiit
2876 458 2891 486 ,

2186 512 2292 568 Sed
2334 514 2505 568 victor
2535 523 2681 568 astra
2714 514 2895 584 petiit;

2186 603 2322 662 Dum
2355 608 2545 662 mortis
2572 606 2674 662 fert
2697 606 2954 661 atrociam
2977 645 2992 672 ,

2186 698 2321 753 Viue
2355 707 2625 753 mercatur
2653 698 2897 768 gloriam.

2260 786 2464 856 Magnis
2488 797 2731 841 votorum
2763 787 3011 844 laudibus

2187 879 2390 948 Dignus
2413 886 2498 932 est
2523 885 2725 950 martyr
2750 878 3058 946 Antltimus,

2187 968 2290 1035 Qui
2314 970 2479 1040 signis
2508 981 2562 1024 et
2584 971 2829 1025 miriﬁcis

2189 1057 2289 1112 Tot
2321 1059 2513 1113 claruit
2544 1061 2819 1132 prodigiis.

2260 1151 2357 1206 Hic
2377 1150 2587 1206 Piniani
2620 1152 2928 1222 languidam

2187 1240 2442 1306 Carnem,
2475 1243 2635 1296 simul
2660 1251 2712 1296 et
2735 1243 2968 1295 animam
2989 1282 3003 1306 ,

2192 1329 2416 1386 Cunctis
2439 1330 2749 1385 morborum
2782 1331 3008 1384 nexibus

2189 1420 2374 1476 Sacris
2399 1421 2626 1476 absolvit
2650 1421 2917 1490 precibus.

2264 1513 2473 1568 Vesana
2506 1515 2714 1568 daemon
2743 1513 2883 1568 furia

2191 1601 2487 1668 Quemdam
2518 1614 2677 1657 vexat
2716 1602 2768 1657 in
2801 1601 3060 1668 vulnera;

2190 1692 2346 1749 Pacis
2378 1695 2548 1749 bosus
2579 1695 2885 1764 expellitur,

2201 1785 2291 1842 Sic
2317 1801 2468 1841 mens
2495 1793 2685 1856 pacata
2719 1786 2979 1841 redditur.

2270 1877 2365 1944 Te,
2394 1885 2603 1948 martyr
2626 1877 2788 1943 alme,
2819 1877 3091 1948 poscimus

2192 1968 2382 2024 Cordis
2404 1968 2623 2037 orisque
2645 1967 2866 2023 vocibus
2881 2009 2898 2033 ,

2194 2059 2265 2114 Ut
2295 2073 2393 2113 nos
2421 2059 2702 2113 tremendo
2724 2056 2898 2113 Iudici

2195 2149 2555 2204 Commendcs
2582 2164 2741 2220 prece
2764 2148 3009 2220 supplici.

2263 2241 2346 2296 Sit
2371 2242 2517 2296 Patri
2550 2243 2667 2298 laus
2699 2243 2969 2312 ingenito,

2196 2335 2280 2390 Sit
2309 2336 2474 2390 decus
2517 2335 2797 2406 Unigenito
2816 2377 2832 2401 ,

2198 2425 2284 2478 Sit
2311 2426 2592 2494 utriusque
2613 2426 2768 2496 parili

2155 2499 2162 2507 ’
2199 2513 2449 2584 Majestas
2478 2529 2686 2568 summa
2707 2513 2956 2569 Flamini.
2989 2515 3180 2570 Amen.

2109 2603 2334 2660 XCVIII.
2371 2604 2437 2658 In
2467 2605 2794 2659 solemnitate
2823 2603 2881 2660 S.
2917 2603 3164 2660 Ursicini.
3199 2602 3455 2677 Hymnus.

2267 2694 2431 2750 Dulce
2465 2703 2671 2766 martyr
2699 2694 2929 2751 eximius

2195 2785 2415 2859 Festum
2447 2786 2652 2856 praebet
2691 2785 3006 2850 Ursicinus,

2196 2875 2314 2943 Quo
2340 2877 2517 2932 victus
2546 2877 2718 2932 victor
2757 2876 2993 2940 exstitit,

2199 2969 2264 3045 Et
2294 2969 2473 3025 clarus
2502 2978 2646 3024 astra
2685 2968 2856 3040 petiit.

2272 3057 2407 3113 Nam
2438 3073 2627 3127 poenas
2653 3067 2773 3127 post
2796 3055 3078 3112 horriﬁcas

2198 3149 2390 3203 Carnis
2419 3156 2578 3217 pavet
2602 3147 2918 3213 inﬁrmitas,

2201 3241 2310 3296 Sed
2339 3256 2464 3295 mox
2493 3242 2560 3296 ad
2588 3257 2683 3296 cor
2717 3239 3028 3306 revertitur,

2203 3331 2270 3386 Et
2297 3332 2450 3387 laetus
2473 3333 2526 3386 in
2559 3347 2615 3387 se
2643 3332 2864 3388 cmdilur
2897 3349 2908 3384 :

2283 3425 2464 3496 Dignm
2493 3435 2681 3496 raptor
2705 3425 2920 3480 erubuit

2204 3517 2427 3586 Rapintc
2455 3533 2576 3572 cum
2604 3519 2919 3584 succubuit,

2205 3607 2314 3679 34
2343 3607 2409 3662 Ει
2427 3608 2582 3663 hoste
2605 3608 2754 3679 lapso
2776 3609 3043 3678 perdidit,

2206 3696 2308 3763 Qui
2331 3698 2495 3752 stanti
2520 3698 2718 3753 vulnus
2750 3698 2949 3753 intulit.

2277 3790 2343 3844 Et
2379 3805 2480 3845 nos
2503 3790 2640 3845 inter
2663 3789 2982 3854 certamina,

2203 3879 2406 3950 Martyr
2446 3880 2691 3950 insignis,
2724 3881 2958 3950 adjuva;

2204 3968 2280 4022 Da
2310 3969 2629 4024 dissidentes
2661 3969 2828 4024 ﬁdere

2202 4057 2495 4128 Victosque
2525 4075 2739 4115 rursum
2777 4061 3014 4116 vincere.

2279 4147 2390 4213 Sic,
2419 4151 2722 4204 animarum
2753 4150 3024 4215 medicus,

2201 4238 2350 4294 Aerr
2374 4254 2528 4309 opem
2552 4239 2960 4309 languentibus;

2207 4329 2414 4383 Haustu
2443 4328 2684 4384 caelestis
2711 4328 2902 4399 gratiae

2209 4419 2389 4487 ,ἄζει-ξιξ
2412 4426 2671 4472 curantur
2692 4419 2905 4474 animm.

2279 4508 2361 4563 Sit
2398 4509 2544 4564 Patri
2568 4509 2683 4565 laus
2704 4511 2940 4582 ingenito
2957 4551 2971 4576 ,

2209 4601 2295 4656 Sit
2322 4601 2486 4656 decus
2507 4601 2797 4672 Unigenito
2813 4643 2830 4668 ,

2209 4691 2292 4746 Sit
2311 4693 2593 4763 utriusque
2631 4694 2789 4764 parili

2209 4784 2460 4856 Maiestas
2488 4801 2699 4841 summa
2725 4786 2972 4842 Flamini.
3002 4786 3190 4842 Amen.

2095 4874 2277 4932 XCIX.
2319 4874 2484 4930 Missa
2512 4886 2812 4931 sanctorum
2834 4886 3028 4946 septem
3060 4875 3460 4930 Dormientium.

2691 4967 2897 5023 Oratio.

2070 5060 2233 5124 Deus,
2261 5060 2352 5130 qui
2386 5061 2439 5113 in
2491 5059 2664 5114 beatis
2710 5059 3036 5130 martyribus
3083 5058 3186 5112 tuis
3225 5055 3571 5125 Maximiano,

1998 5150 2225 5213 Malcbo,
2266 5151 2604 5212 Martiniano,
2631 5149 2908 5220 Dionysio,
2934 5149 3159 5212 Joanne,
3194 5146 3490 5217 Serapione
3517 5156 3573 5204 et

1999 5242 2369 5302 Constantino,
2413 5240 2606 5294 futura:
2652 5240 3064 5295 resurrectionis
3098 5238 3364 5308 primitias
3403 5239 3575 5295 susci-

2003 5331 2152 5393 tasti,
2182 5329 2245 5383 da
2270 5329 2425 5383 nobis
2454 5329 2531 5383 sic
2567 5344 2596 5383 a
2623 5329 2807 5384 mundi
2846 5329 3251 5399 perturbatione
3273 5329 3572 5398 quiescere,

2003 5432 2065 5476 ut
2095 5423 2160 5477 ad
2189 5421 2462 5476 caelestem
2513 5423 2680 5477 vitam
2722 5436 3026 5479 mereamur
3053 5423 3117 5478 de
3166 5430 3321 5478 terrae
3354 5421 3570 5493 pulvere

2003 5513 2243 5585 vigilare.
2269 5511 2391 5567 Per.

2757 5603 2817 5658 C.
3034 5654 3039 5659 .

2073 5692 2294 5749 Munera
2323 5690 2505 5763 populi
2536 5692 2638 5764 tui,
2661 5707 2988 5764 quaesumus,
3017 5693 3263 5762 Domine,
3291 5692 3568 5748 beatorum
