4078 6336
565 242 663 303 951

568 372 869 465 martyrum
897 376 1108 431 tuorum
1158 380 1545 446 intercessione
1592 395 1890 462 sanctifica,
1930 410 1995 454 ac
2038 415 2135 458 nos
2162 411 2218 471 Α

563 453 728 509 etiam
778 472 879 528 per
916 462 1032 521 haec
1076 483 1105 522 a
1147 484 1497 541 peccatorum
1553 486 1780 539 maculis
1839 486 2136 547 clementer

560 549 810 604 emunda.
842 551 965 609 Per.

1305 638 1389 693 Cl.

629 707 877 769 Caelestis
919 714 1149 775 mensae
1181 725 1408 795 dapibus
1477 733 1740 800 recreati,
1798 751 2129 806 quaesumus,

562 801 903 870 omnipotens
931 805 1090 874 Deus,
1121 820 1179 865 ut
1203 814 1361 870 nullis
1402 833 1499 872 nos
1542 801 1831 889 permittas
1854 801 2130 882 erroribus

557 888 754 959 decipi,
785 909 919 962 quos
946 912 1041 966 per
1068 900 1329 969 gloriosos
1353 915 1558 976 septem
1584 921 1852 984 martyres
1880 915 1945 970 de
1967 916 2129 973 beata

555 986 971 1042 resurrectionis
990 989 1160 1059 gloria
1196 996 1549 1058 confirmasti.
1579 1002 1701 1056 Per.

555 1067 661 1123 Cll.
697 1071 775 1127 De
807 1074 869 1129 S.
908 1078 1208 1144 Apollinare
1235 1086 1471 1166 episcopo
1514 1100 1561 1143 et
1600 1102 1847 1160 martyre.
1883 1083 1967 1148 Ad
1988 1112 2123 1166 vesp.

1142 1164 1522 1221 responsormm
1533 1196 1545 1209 .

621 1227 712 1282 Ait
736 1230 795 1283 Β.
827 1231 1019 1289 Petrus
1039 1241 1313 1307 apostolus
1348 1244 1644 1311 Apollinari
1674 1248 1938 1319 discipulo
1975 1266 2075 1308 suo
2108 1269 2123 1307 :

557 1316 676 1372 Eia.
723 1319 883 1376 ‘Vers.
941 1324 1131 1397 Surge.
1191 1329 1337 1386 γεω.
1398 1335 1532 1390 Ecce
1580 1338 1723 1393 enim
1780 1343 2022 1397 eruditus
2066 1358 2126 1400 es

553 1407 622 1460 de
653 1411 923 1479 omnibus,
952 1430 1071 1484 qua:
1099 1408 1227 1473 fecit
1257 1420 1430 1478 Jesus.
1472 1426 1541 1480 Et
1566 1442 1747 1498 perge.
1806 1428 1948 1484 Vera.
1992 1431 2124 1488 Mul-

551 1498 726 1554 titudo
771 1504 913 1557 enim
958 1508 1138 1576 populi
1187 1510 1293 1567 illic
1351 1524 1610 1572 moratur.
1668 1518 1927 1574 Praedica.
1975 1520 2121 1577 γει-ε.

552 1593 777 1650 Constat
811 1598 953 1652 enim
994 1602 1129 1671 apud
1162 1612 1235 1668 te,
1276 1608 1416 1675 quod
1447 1624 1570 1664 vere
1610 1611 1679 1665 sit
1723 1612 1813 1667 Dei
1842 1612 2027 1668 Filius.
2058 1615 2126 1671 Et

549 1698 620 1737 ne
647 1683 749 1740 for.
801 1685 943 1743 Vere.
981 1689 1149 1747 Hodie
1191 1694 1503 1763 splendidus
1548 1709 1755 1770 martyr
1800 1702 2123 1771 Apollinaris

548 1774 724 1831 victor
738 1782 1042 1847 penetravit
1062 1783 1256 1838 cmlum
1273 1801 1287 1849 ;
1304 1788 1601 1856 gaudentes
1613 1790 1768 1855 socii,
1784 1792 1959 1847 canite
1974 1812 1986 1847 :
2002 1794 2119 1849 Eia.
2152 1775 2197 1835 Β

942 1868 1067 1924 Clll.
1108 1872 1352 1941 Hymnus
1382 1878 1450 1929 ad
1479 1894 1736 1948 vesperae.

831 1958 1029 2015 Consul
1048 1965 1237 2019 aeterni
1267 1967 1513 2022 trabeate
1542 1969 1713 2039 regni,

762 2046 941 2103 Mente
964 2050 1155 2106 devota
1174 2055 1433 2122 petimus,
1462 2055 1647 2112 labora

757 2136 975 2192 Curiam
997 2140 1117 2195 cteli
1149 2158 1393 2198 reserare
1418 2144 1582 2214 plebi,

1050 2231 1389 2300 Apollinaris.

825 2315 1037 2372 Ianitor
1064 2323 1256 2376 summi
1285 2323 1406 2391 pius
1427 2324 1529 2379 boc
1553 2323 1751 2394 olympi

756 2403 973 2460 Annuat
996 2408 1129 2462 tanti
1160 2408 1376 2466 famulis
1407 2412 1636 2478 alumni,

753 2492 858 2565 Qui
889 2506 1007 2553 tuas
1028 2500 1262 2569 gaudent
1286 2518 1544 2558 resonare
1571 2504 1757 2561 laudes

1071 2587 1325 2645 Dulcibus
1354 2593 1588 2663 hymnis.

822 2672 1033 2729 lntimis
1054 2691 1297 2745 pressam
1328 2682 1565 2737 tenebris
1596 2681 1907 2738 Ravennam

751 2760 1173 2836 Dtemonumque
1200 2771 1355 2824 vanis
1380 2772 1638 2829 mbiando
1659 2775 1853 2842 sacris,

749 2850 940 2908 Clarus
973 2854 1098 2911 Eois
1127 2861 1350 2916 veniens
1372 2864 1441 2917 ab
1476 2865 1587 2918 oris

1096 2949 1309 3007 Lucifer
1331 2955 1562 3010 intrans.

818 3036 1005 3094 Caecus
1031 3041 1207 3097 orbati
1238 3059 1372 3116 puer
1398 3046 1583 3101 lrenaei

748 3126 826 3182 Te
846 3129 1039 3198 probat
1064 3132 1311 3188 dextrum
1342 3135 1566 3191 rutilare
1587 3136 1761 3203 sidus,

748 3217 850 3286 Qui
877 3222 1017 3290 patri
1041 3223 1235 3290 cordis,
1266 3226 1544 3296 sobolique
1568 3226 1767 3284 frontis

1086 3310 1311 3368 Lumina
1338 3318 1546 3384 pandis.

802 3398 920 3469 35
946 3399 1029 3454 Nil
1057 3409 1231 3470 potest
1258 3419 1414 3474 :egrae
1444 3408 1707 3464 medicina
1736 3410 1969 3478 Theclze,

742 3484 830 3540 Nil
862 3488 1215 3557 profanorum
1246 3507 1503 3549 numerus
1530 3496 1750 3551 deorum
1777 3515 1791 3563 ;

749 3574 828 3629 Tu
859 3590 955 3630 cor
983 3579 1050 3632 ad
1073 3578 1269 3634 cmlum
1297 3580 1451 3648 facis,
1487 3593 1649 3653 atque
1678 3586 1858 3642 laetum

672 3660 677 3665 ’
1095 3667 1304 3724 Tollere
1333 3671 1561 3726 vultum.

811 3749 956 3807 Laeta
986 3752 1283 3813 Classensis
1312 3769 1493 3815 monet
1519 3776 1617 3815 ora
1647 3762 1784 3819 civis

745 3838 962 3899 Viribus
985 3858 1154 3901 sacrae
1174 3858 1412 3904 reserata
1436 3850 1653 3921 linguae,

735 3929 910 3986 Patris
936 3942 1195 3991 aeternum
1215 3949 1459 3994 reserata
1485 3938 1720 3996 Verbum

1098 4024 1270 4079 Verba
1295 4026 1550 4082 fatentur.

805 4106 975 4165 Morte
1003 4111 1307 4168 defunctam
1332 4117 1526 4186 duplici
1553 4119 1790 4187 puellam

733 4194 933 4253 Reddis
956 4202 1171 4272 utrique
1206 4207 1512 4262 miserando
1542 4209 1697 4274 vitae;

740 4284 926 4342 Flatus
955 4290 1081 4345 hinc
1104 4307 1342 4360 carnem,
1373 4296 1516 4351 Deus
1545 4298 1670 4352 inde
1696 4308 1932 4355 mentem

1074 4378 1326 4437 Protinus
1346 4384 1551 4454 implet.

800 4465 1037 4521 Gloriam
1067 4467 1215 4524 Patri
1240 4472 1539 4530 referamus
1576 4477 1672 4542 illi,

742 4554 904 4611 l‘anta
932 4561 1022 4628 qui
1046 4560 1221 4631 dignis
1248 4565 1433 4621 tribuit
1458 4568 1743 4645 ministris,

732 4642 817 4700 Sit
842 4646 1005 4702 decus
1033 4648 1192 4717 Nato,
1223 4651 1559 4724 Flaminique
1581 4642 1773 4716 sancto

907 4769 910 4772 ~
946 4738 1116 4796 Omne
1142 4757 1238 4812 per
1261 4759 1457 4802 aevum.
1482 4747 1676 4806 Amen.

1007 4830 1139 4886 CIV.
1164 4834 1244 4887 Ad
1266 4846 1598 4893 nocturnum.

780 4917 1005 4975 Chorus
1030 4922 1259 4978 exsultet
1295 4926 1557 4995 ctelitum,

727 5004 906 5063 Turba
935 5009 1155 5079 plaudat
1184 5013 1442 5083 ﬁdelium,

728 5098 1053 5168 Apollinaris
1072 5106 1248 5173 passio

728 5191 906 5248 Mundi
931 5196 1002 5250 sit
1030 5200 1320 5257 exsultatio
1347 5221 1359 5257 :

734 5285 867 5341 Cum
893 5299 1067 5345 morte
1087 5295 1265 5349 carnis
1286 5295 1492 5352 interit.

798 5377 996 5436 Sancto
1023 5394 1217 5441 exutus
1245 5402 1490 5459 corpore,

731 5464 879 5523 Stela
913 5474 1142 5527 vestitur
1177 5477 1379 5544 gloriae,

733 5556 925 5614 Carnis
955 5565 1102 5618 exuit
1129 5569 1482 5638 ergastulum,

732 5649 863 5706 Cteli
893 5659 1101 5713 scandit
1123 5662 1399 5729 palatium.

2140 3110 2187 3173 C

2128 4444 2179 4506 D

1419 276 1477 333 S.
1513 279 1720 339 PETRI
1755 285 2041 346 DAMIANI
2078 290 2229 350 OPP.

2271 298 2505 360 TOMUS
2544 305 2676 365 SEU
2707 310 2887 370 PARS
2921 314 3012 372 lV.
3034 338 3047 355 κ

2524 418 2744 477 Exsulta
2766 424 2898 495 jam,
2923 429 3261 505 metropolis

2446 504 2701 563 Ravenna
2725 526 2851 568 vere
2875 515 3071 572 nobilis
3102 536 3116 571 :

2446 597 2599 666 Quod
2627 600 2795 657 Roma
2825 604 2878 659 in
2905 606 3196 679 clavigero,

2443 687 2523 742 Tu
2552 689 2718 746 habes
2743 693 2797 747 in
2825 693 3105 764 discipulo.

2512 778 2608 842 Te,
2640 796 2850 837 summe
2874 788 3089 855 praesul,
3113 793 3384 860 poscimus

2440 864 2632 921 Cordis
2658 871 2878 941 orisque
2902 876 3146 943 vocibus,

2440 953 2512 1010 Ut
2540 972 2639 1013 nos
2665 968 2893 1017 venturo
2912 961 3089 1020 Judici

2439 1043 2799 1105 Commendes
2820 1068 2979 1121 prece
3006 1059 3251 1129 supplici.

2506 1135 2688 1193 Gloria
2712 1141 2783 1195 sit
2810 1143 3051 1215 ingenito

2439 1225 2607 1295 Patri,
2644 1239 2699 1284 et
2726 1231 3034 1305 Unigenito,

2439 1314 2639 1373 Sancto
2663 1322 2822 1376 simul
2855 1324 3100 1395 Spiritui,

2437 1412 2548 1467 Deo
2570 1413 2897 1473 indivisibili.
2928 1421 3122 1478 Amen.

2315 1496 2423 1553 CV.
2455 1499 2523 1553 In
2559 1502 2809 1575 natali
2835 1508 3174 1576 Apollinaris.
3210 1512 3396 1570 Missa.
3437 1517 3719 1577 Introduc.

2296 1586 2489 1659 Surge,
2521 1592 2704 1661 accipe
2733 1592 2994 1663 Spiritum
3046 1611 3313 1666 sanctum,
3342 1604 3609 1678 simulque
3628 1609 3816 1681 ponti-

2225 1678 2461 1745 licatum,
2497 1695 2550 1735 et
2577 1699 2740 1755 perge
2780 1688 2845 1741 ad
2877 1691 3091 1775 urbem,
3120 1709 3240 1764 qua:
3265 1708 3495 1756 vocatur
3520 1678 3806 1777 Baream:

2225 1771 2459 1838 praedica
2492 1772 2730 1841 ejusdem
2771 1793 2966 1834 nomen
3016 1772 3168 1851 Iesu,
3198 1793 3254 1840 et
3296 1803 3364 1843 ne
3404 1774 3807 1848 formidaret-is.

2226 1857 2374 1912 Psal.
2407 1860 2577 1915 Mittat
2614 1863 2875 1923 Dominus
2904 1868 3063 1926 Iesus
3087 1872 3335 1931 Christus
3360 1877 3613 1947 angelum
3644 1895 3807 1936 suum

2223 1950 2311 2018 qui
2327 1960 2591 2019 praeparet
2606 1952 2709 2006 iter
2722 1962 2890 2021 tuum,
2907 1967 2959 2012 et
2974 1975 3092 2028 qua:
3103 1962 3456 2039 postulaveris
3466 1974 3672 2021 annuat
3683 1968 3804 2024 tibi.

2767 2046 3055 2105 CVI-CVII.
3085 2052 3291 2107 Oratio.

3720 328 3838 387 95!

2295 2130 2435 2185 Deus
2466 2172 2480 2196 ,
2525 2134 2614 2202 qui
2673 2150 2772 2190 nos
2824 2152 2921 2205 per
2976 2139 3037 2193 Β.
3083 2142 3447 2211 Apollinarem
3502 2157 3803 2219 martyrem

2221 2229 2371 2275 tuum
2419 2231 2580 2291 atque
2633 2226 2940 2294 pontiﬁcem
2985 2232 3293 2299 apostolicis
3354 2235 3570 2290 voluisti
3637 2239 3806 2294 docu-

2221 2312 2418 2367 mentis
2475 2313 2761 2380 imbuere,
2824 2318 2888 2373 da
2942 2320 3095 2377 nobis
3132 2363 3145 2387 ,
3218 2339 3548 2393 quaesumus,
3609 2338 3664 2381 et
3712 2330 3803 2384 illa

2219 2414 2439 2456 servare
2476 2419 2596 2472 quae
2635 2405 2838 2474 docuit,
2879 2417 2933 2464 et
2961 2411 3027 2465 ad
3049 2412 3151 2466 hoc
3174 2414 3488 2484 pertingere
3509 2417 3654 2485 quod
3675 2432 3806 2487 pro-

2219 2489 2385 2544 misit.
2411 2489 2533 2545 Per.

2914 2590 3090 2647 CVlll.

2290 2672 2451 2738 Deus,
2477 2677 2567 2744 qui
2595 2677 2656 2730 B.
2682 2678 3068 2749 Apollinarem,
3096 2699 3196 2754 pro
3227 2686 3569 2744 confessione
3596 2690 3672 2745 tui
3701 2705 3798 2747 no-

2217 2764 2379 2820 minis
2407 2769 2593 2836 prunis
2636 2770 2968 2840 impositum,
2993 2778 3279 2858 suavitatis
3305 2779 3538 2834 hostiam
3562 2783 3798 2851 suscepi-

2218 2853 2310 2918 sti,
2339 2855 2402 2908 da
2428 2857 2600 2923 nobis,
2626 2874 2951 2930 quaesumus,
2978 2872 3033 2919 et
3061 2865 3151 2935 pio
3178 2853 3480 2923 devotionis
3508 2870 3792 2926 incensum

2220 2946 2315 3001 tibi
2338 2961 2550 3017 semper
2577 2948 2788 3019 offerre,
2818 2961 2872 3006 et
2900 2956 3118 3009 contriti
3148 2958 3326 3013 cordis
3377 2959 3588 3016 hostias
3612 2962 3799 3016 immo-

2219 3034 2352 3090 lare.
2384 3034 2505 3089 Per.

2890 3174 2903 3179 _
2947 3132 3081 3188 CIX.

2283 3235 2456 3291 Mittat
2477 3236 2734 3294 Dominus
2761 3249 2944 3296 noster
2966 3244 3213 3313 angelum
3238 3260 3416 3311 suum,
3449 3247 3539 3314 qui
3576 3261 3793 3317 papa-

2212 3331 2295 3381 ret
2321 3326 2424 3380 iter
2444 3333 2620 3392 tuum,
2647 3335 2699 3382 et
2720 3343 2839 3397 quae
2860 3330 3219 3397 postulaveris
3249 3341 3472 3385 annuat.
3498 3332 3611 3405 36
3648 3331 3790 3388 Vera.

2208 3415 2424 3471 Ponens
2464 3413 2656 3470 Petrus
2685 3432 2904 3472 manum
2950 3433 3114 3490 super
3159 3429 3318 3490 caput
3348 3420 3409 3474 Β.
3442 3421 3791 3493 Apollinaris.

2211 3503 2345 3558 dixit
2367 3502 2443 3558 illi
2474 3522 2485 3557 :
2518 3503 2765 3559 Alleluia.

2277 3704 2635 3762 Obsecramus
2655 3707 2989 3779 suppliciter,
3019 3710 3258 3776 Christe,
3280 3712 3458 3769 Patris
3486 3714 3680 3785 gloria,
3704 3715 3788 3769 lux

2207 3795 2394 3850 mundi
2417 3811 2565 3862 vera,
2589 3798 2804 3867 porrige
2831 3799 2993 3871 lapsis
3033 3800 3247 3858 famulis
3290 3803 3591 3870 dexteram,
3645 3815 3791 3860 stare

2206 3902 2312 3957 qua
2356 3885 2569 3942 valeant
2588 3895 2774 3943 contra
2804 3890 2983 3947 callidi
3015 3892 3187 3948 hostis
3228 3894 3549 3959 certamina,
3574 3894 3791 3951 favente

2205 3974 2363 4029 nobis
2385 3982 2475 4029 tua
2505 3974 2813 4031 clementia.
2850 3976 2994 4033 Vera.
3027 3980 3194 4045 Deus,
3242 3982 3335 4050 qui
3379 3984 3625 4051 operaris
3668 3999 3791 4039 cum

2204 4062 2365 4118 Petro
2396 4064 2654 4134 magistro
2677 4083 2819 4134 meo,
2843 4086 3068 4139 operare
3097 4083 3151 4126 et
3178 4088 3410 4137 mecum,
3445 4084 3501 4127 ut
3528 4074 3793 4129 clariﬁee-

2205 4163 2293 4208 tur
2311 4171 2504 4210 nomen
2542 4166 2712 4212 tuum.

2925 4249 3058 4303 CXI.

2273 4331 2431 4388 Clara
2458 4337 2652 4392 nobilis
2681 4340 2946 4406 praeconia
2972 4340 3296 4409 Apollinaris
3321 4343 3511 4399 ctelica
3532 4348 3791 4417 martyris

2205 4420 2343 4478 laetis
2365 4436 2612 4493 premant
2639 4428 2860 4483 vocibus
2880 4432 3113 4499 agmina.

2277 4512 2464 4569 Omnis
2486 4516 2705 4570 etorbis
2755 4518 2998 4585 quadrua
3049 4520 3354 4575 dramatum
3405 4523 3563 4580 dulce
3612 4525 3784 4582 melos

2205 4613 2460 4658 resonent
2481 4604 2716 4659 climata.

2276 4692 2521 4749 Exsultet
2562 4694 2754 4750 merito
2803 4696 2964 4752 nimis
3003 4697 3217 4754 alumna
3264 4710 3369 4755 tam
3415 4703 3620 4774 egregii
3651 4705 3787 4760 civis

2203 4786 2507 4843 Antiochia.

2270 4875 2496 4933 Plaudat
2522 4880 2788 4951 prmcipue
2811 4881 2935 4937 felix
2958 4885 3235 4951 Ravenna,
3265 4903 3422 4945 sacro
3448 4888 3568 4959 ejus
3590 4905 3787 4948 cruor.

2201 4978 2518 5037 purpurata.

2272 5054 2316 5112 Ο
2341 5057 2511 5112 virtus
2541 5074 2699 5125 nova,
2738 5061 2875 5116 vinci
2926 5065 3135 5131 nescia;
3161 5082 3193 5121 ο
3220 5068 3385 5122 turris
3428 5070 3597 5124 David
3647 5070 3782 5124 inrt-

2201 5144 2441 5200 ctissima
2486 5186 2500 5211 ,
2548 5160 2741 5204 cuncta
2769 5164 2865 5219 pro
2892 5153 3061 5207 nihilo
3086 5165 3345 5224 reputans
3385 5167 3780 5216 tormentorum

2200 5248 2396 5304 genera
2415 5235 2428 5287 !

2271 5321 2392 5377 Alta
2457 5323 2718 5381 viscerum
2771 5330 2951 5384 ridens
3009 5333 3252 5396 vulnera,
3300 5336 3435 5390 dura
3492 5339 3774 5395 verberum

2198 5422 2460 5477 spernens
2489 5412 2759 5482 stigmata,
2791 5432 2928 5486 aqua
2974 5420 3256 5493 refrigerat
3296 5424 3499 5480 fervida
3533 5429 3772 5483 membra

2197 5497 2427 5553 ﬂammis
2456 5502 2678 5557 torrida.

2265 5587 2576 5645 Carcerales
2596 5593 2723 5648 hinc
2743 5598 3011 5664 tenebras,
3027 5600 3183 5672 longa
3197 5584 3375 5658 ferens
3387 5607 3600 5672 exsilia,
3614 5606 3765 5661 famis

2193 5694 2405 5750 quoque
2429 5683 2647 5750 pertulit
2670 5686 2923 5757 inopiam,
2943 5692 3199 5748 sustinuit
3222 5696 3432 5765 cquulei
3456 5700 3758 5769 suspendia.
