4078 6336
263 330 368 387 955
1505 322 1817 379 CARMlNA
1856 325 1944 381 ET
1991 324 2277 381 PRECES.

332 446 658 499 Catenarnm
690 457 817 496 mox
869 439 1082 494 vincula
1125 454 1281 495 sacra
1306 437 1552 495 vinciunt
1597 440 1839 506 brachia,
1866 447 1923 507 Α

265 533 597 591 contundere
626 546 731 585 non
765 531 917 585 timet
945 545 1005 585 os
1032 529 1218 584 rabida
1261 542 1383 582 cum
1420 527 1596 598 lapide
1630 527 1844 583 carniﬁ-

264 626 346 680 cis
373 621 603 676 insania.

333 713 656 768 Eviscerans
710 710 947 767 claustra
998 717 1259 775 tartarea,
1288 709 1591 764 exanimem
1640 707 1845 778 patritii

266 801 552 859 suscitavit
584 799 772 853 ﬁliam.

336 889 466 956 Quis
494 888 694 942 referat
730 895 863 956 qnot
887 902 1153 941 caacorum
1183 886 1410 952 lumina,
1439 895 1571 957 quot
1596 886 1845 957 languida

267 979 525 1036 divinitus
560 978 831 1047 reparavit
853 977 1124 1047 corpora?

336 1067 597 1133 Petimus,
625 1065 882 1120 Ecclesia:
907 1067 1123 1120 radians
1143 1066 1314 1134 sidus,
1336 1073 1394 1123 et
1423 1067 1642 1121 lucerna
1664 1065 1845 1135 ponti-

267 1156 428 1212 ﬂcum
460 1156 628 1210 nitida
654 1164 1061 1225 martyrnmque
1086 1171 1319 1223 gemma,

338 1248 564 1301 Pectora
592 1255 774 1301 nostra
798 1261 955 1315 prece
986 1245 1169 1301 sedula
1192 1245 1339 1301 vitiis
1360 1244 1614 1311 emunda,
1634 1244 1846 1300 virtuti-

266 1340 369 1394 bus
392 1338 610 1401 robora,
638 1353 734 1391 cor
763 1337 813 1390 in
845 1348 989 1392 astra
1016 1337 1156 1403 leva,

338 1427 406 1483 Et
445 1426 721 1482 Christum
770 1442 865 1482 nos
886 1442 1111 1482 cernere
1142 1427 1229 1481 fac
1258 1427 1312 1481 in
1338 1428 1556 1485 saecula.
1584 1428 1776 1484 Amen.

975 1518 1133 1573 CXII.

338 1608 562 1664 Dicebat
587 1607 648 1661 Β.
678 1608 1005 1678 Apollinaris
1030 1610 1233 1665 vicario
1260 1628 1273 1665 :
1298 1610 1532 1666 Securus
1559 1618 1700 1676 esto,
1724 1608 1853 1679 quia

267 1701 520 1759 manibus
548 1698 683 1753 meis
734 1700 891 1754 thura
946 1716 1051 1755 non
1081 1717 1278 1772 ponam
1329 1702 1628 1767 daemoniis,
1654 1702 1748 1756 sed
1797 1701 1849 1755 in

268 1788 496 1845 Domino
537 1803 659 1842 meo
688 1787 812 1842 Jesu
844 1787 1059 1844 Christo
1104 1789 1380 1844 incensum
1409 1788 1633 1843 oﬂ‘eram
1678 1789 1851 1844 laudis
1882 1780 1927 1841 Β

266 1891 324 1936 et
348 1880 650 1936 suavitatis.
692 1877 839 1933 γεγε.
875 1879 1212 1935 Sacrificium
1251 1896 1335 1936 me
1369 1882 1541 1952 ipsum
1567 1878 1734 1952 oﬂ'ero
1753 1894 1854 1951 pro

267 1969 441 2026 salute
464 1967 697 2024 ﬁliorum
727 1984 991 2035 meorum,
1022 1985 1226 2038 quos...

975 2058 1155 2114 CXIII.

340 2147 654 2213 Sanctiﬁca,
684 2148 933 2216 Domine,
975 2164 1073 2204 nos
1112 2151 1419 2206 venerando
1448 2152 1551 2207 hoc
1596 2153 1856 2224 mysterio
1944 2168 1955 2179 ί

270 2238 480 2292 cunctis
517 2236 889 2302 celeberrimo,
924 2239 1184 2309 sanguine
1222 2255 1357 2307 quos
1406 2241 1681 2296 redemisti
1739 2242 1858 2309 pius

270 2327 967 2397 proprio;‘eripe,protege
1025 2344 1123 2383 nos
1174 2330 1242 2385 ab
1296 2330 1452 2384 hoste
1495 2332 1708 2397 callido,
1765 2342 1856 2387 tuo

274 2419 399 2473 forti
426 2419 664 2477 brachio,
691 2419 869 2472 omnia
900 2420 1117 2474 condita
1143 2421 1235 2490 qui
1278 2422 1421 2491 regis
1447 2422 1712 2477 altissimo
1734 2439 1856 2478 cum

272 2506 434 2561 Patre
460 2522 640 2561 rerum
663 2506 908 2562 Domino.
932 2508 1227 2578 Acquisivi.
1244 2511 1591 2581 Quapmpter
1612 2526 1855 2568 securus.

283 2595 431 2652 Vere.
476 2598 757 2668 Dirnpisti,
798 2600 1044 2664 Domine,
1091 2602 1305 2656 vincula
1348 2617 1489 2670 mea,
1531 2602 1624 2657 tibi
1655 2604 1860 2659 sacrifi-

275 2688 411 2743 cabo
434 2688 664 2743 hostiam
692 2688 885 2744 laudis.
912 2689 979 2744 Et
1009 2705 1173 2745 sua...

973 2781 1156 2837 CXIV.

347 2870 570 2926 Eterne
598 2873 761 2940 Deus,
797 2875 887 2942 qui
917 2875 1176 2943 apostolis
1204 2876 1314 2930 tuis
1352 2877 1404 2930 in
1430 2878 1732 2934 assertione
1752 2893 1844 2933 ve-

275 2962 452 3017 ritatis
476 2978 572 3033 per
593 2979 809 3019 omnem
838 2964 1022 3019 mundi
1051 2965 1388 3020 latitudinem
1412 2968 1643 3023 vicarios
1667 2969 1855 3023 subro-

276 3054 453 3126 gasti;
485 3070 552 3109 ex
577 3056 775 3124 quibus
802 3055 860 3108 B.
886 3056 1179 3126 Apollinari
1223 3056 1556 3111 clavicularii
1588 3059 1661 3111 tui
1694 3059 1853 3114 disci-

274 3143 403 3213 pulo
434 3153 636 3198 tantam
684 3145 912 3214 gratiam
949 3146 1242 3209 contulisti,
1274 3156 1332 3200 ut
1364 3146 1663 3201 Ecclesiam
1714 3156 1857 3201 tuam
1887 3133 1933 3197 C

276 3248 439 3303 supra
468 3247 619 3288 novae
649 3234 770 3288 lidei
795 3243 1131 3291 construeret
1159 3234 1590 3301 fundamentum,
1619 3245 1674 3291 et
1701 3238 1859 3291 bruta

276 3324 441 3379 corda
476 3324 755 3394 gentilium
786 3326 852 3379 ad
900 3334 1005 3379 tua:
1055 3324 1187 3396 legis
1219 3327 1478 3396 dirigeret
1519 3328 1857 3392 institutum;

277 3413 361 3467 cui
390 3413 552 3466 etiam
583 3421 633 3466 te
666 3413 773 3482 37
804 3414 1039 3467 donante
1068 3429 1382 3469 concessum
1406 3425 1507 3479 est,
1527 3424 1584 3469 ut
1605 3416 1861 3483 patientia

277 3502 478 3556 ditatus
507 3502 667 3557 simul
703 3512 757 3557 et
806 3502 1008 3573 gloria,
1038 3512 1093 3558 et
1124 3504 1397 3557 horrenda
1443 3519 1723 3572 poenarum
1751 3514 1863 3561 tor-

277 3601 457 3646 menta
504 3601 892 3656 contemneret,
922 3602 974 3648 et
1015 3594 1294 3664 stupendis
1330 3593 1605 3664 signorum
1645 3593 1862 3647 virtuti-

275 3681 379 3736 bus
399 3690 712 3737 coruscaret
738 3699 751 3735 :
778 3682 1072 3738 decoratus
1096 3683 1279 3753 itaque
1295 3683 1418 3751 jure
1441 3684 1726 3749 sacerdotii
1755 3700 1860 3738 una

279 3784 403 3824 eum
433 3771 705 3841 triumpho
734 3772 980 3843 martyrii
1012 3781 1066 3826 et
1103 3774 1449 3841 semetipsum
1492 3773 1588 3827 tibi
1631 3772 1860 3828 hostiam

280 3860 560 3915 suavitatis
585 3861 797 3927 obtulit,
828 3873 882 3916 et
907 3863 1100 3917 uberes
1122 3863 1189 3918 de
1214 3863 1422 3916 semine
1447 3878 1558 3917 suae
1602 3864 1863 3932 praedica-

281 3950 443 4004 tionis
470 3961 691 4005 exortas
721 3952 935 4007 horreis
960 3953 1063 4006 tuis
1094 3951 1396 4005 animarum
1428 3951 1607 4023 fruges
1638 3953 1858 4009 invexit.

280 4040 384 4096 Per
404 4041 679 4097 Christum
712 4042 1023 4099 Dominum.

990 4133 1151 4190 CXV.

348 4221 460 4293 Ego
472 4223 696 4293 dispono
717 4225 893 4290 vobis,
917 4225 1059 4279 sicut
1082 4224 1344 4294 disposuit
1358 4224 1484 4279 mihi
1507 4223 1667 4280 Pater
1687 4240 1859 4290 meus,

280 4329 523 4384 regnum,
556 4325 614 4372 ut
639 4316 811 4373 edatis
840 4324 894 4373 el
922 4316 1120 4373 bibatis
1149 4332 1308 4388 super
1341 4330 1583 4372 mensam
1612 4317 1665 4372 in
1696 4332 1861 4387 regno

280 4420 422 4459 meo.

1021 4495 1161 4550 xvx.
1888 4471 1940 4532 D

1021 4495 1161 4550 XVI.

350 4584 512 4650 Deus,
543 4585 633 4655 qui
664 4585 818 4640 nobis
847 4495 1035 4640 saluti
1061 4593 1277 4640 mternce
1305 4585 1555 4654 dignatus
1585 4601 1643 4641 es
1672 4585 1863 4657 pignus

278 4681 606 4750 impendere,
621 4681 686 4736 da
709 4682 884 4746 nobis,
900 4696 1226 4751 quaesumus,
1242 4681 1609 4735 intercedente
1629 4681 1688 4734 Β.
1704 4682 1863 4751 Apol-

278 4771 449 4825 linare
489 4781 724 4844 martyre
760 4781 871 4837 tuo,
913 4773 980 4826 ad
1019 4770 1256 4839 ejusdem
1296 4770 1540 4826 veritatis
1577 4771 1864 4840 plenitudi-

279 4874 402 4912 nem
430 4862 729 4929 pervenire.
764 4861 885 4914 Per.

482 4950 687 5006 CXVlI.
717 4952 794 5007 De
821 4951 882 5008 S.
911 4951 1115 5022 Rufﬁno
1145 4961 1393 5020 martyre.
1425 4948 1687 5020 Hymnus.

704 5043 953 5114 Magnum
979 5043 1170 5097 Bullini
1200 5044 1472 5109 meritum,

630 5134 810 5189 Turba
837 5144 996 5189 canat
1024 5134 1281 5199 ﬁdelium,

636 5225 752 5292 Quo
777 5225 959 5280 mundi
990 5226 1159 5280 victor
1186 5225 1412 5288 exstitit,

635 5318 702 5371 Et
731 5319 866 5374 liber
892 5330 1033 5374 astra
1065 5319 1243 5388 petiit.

707 5410 941 5465 Bellator
971 5411 1355 5464 invictissimus

638 5500 850 5556 Prtehet
873 5517 966 5555 ora
995 5501 1287 5571 lapidibus;

637 5590 741 5646 Sed
771 5593 947 5645 verbis
971 5592 1172 5662 grando
1201 5590 1431 5661 lapidum

637 5683 751 5739 Non
780 5684 970 5739 indidit
993 5683 1280 5738 silentium.

2370 440 2666 498 Plumbalis
2696 443 2818 498 inde
2846 442 3088 508 creditur,

2301 530 2528 599 Jamjam
2559 534 2738 589 obisse
2767 533 3042 600 creditur;

2303 620 2409 675 Sed
2435 622 2524 691 qui
2556 632 2777 692 putatur
2804 632 3047 679 mortuus

2301 709 2487 781 Surgit
2517 712 2568 765 in
2601 728 2749 767 arma
2783 715 3103 783 promptius.

2379 802 2696 856 Detruditur
2727 803 2779 856 in
2807 804 3079 858 clibanum

2299 890 2592 945 Furentem
2617 891 2846 947 ﬂammis
2870 894 3069 962 ignium
3092 911 3107 958 ;

2301 980 2559 1038 Caminus
2589 984 2683 1038 sed
2713 984 2946 1037 incendii

2298 1069 2388 1127 Fit
2416 1087 2605 1126 nemus
2635 1071 2923 1143 refrigerii.

2376 1160 2509 1214 Nam
2539 1161 2772 1215 ﬂammis
2796 1160 3183 1232 crepitantibus

2300 1250 2495 1306 Clarus
2522 1254 2789 1306 immersit
2812 1248 3056 1324 angelus,

2302 1343 2384 1396 Ad
2415 1343 2567 1413 cujus
2596 1360 2720 1399 mox
2745 1346 3031 1414 imperium

2305 1431 2489 1488 Perdit
2514 1435 2659 1490 vires
2683 1436 3021 1493 incendium.‘

2627 1547 2854 1602 CXVIII.

2379 1656 2564 1713 Certat
2593 1670 2798 1731 martyr
2822 1660 3093 1731 egregius,

2310 1749 2383 1805 Ut
2412 1750 2495 1804 leo
2526 1753 2665 1807 vinci
2701 1755 2953 1820 nescius;

2312 1840 2516 1896 Cuncta
2548 1858 2825 1910 poenarum
2855 1861 3054 1914 genera

2310 1928 2489 1984 Mente
2519 1931 2691 1986 calcat
2718 1933 3003 2003 intrepida.

2381 2021 2583 2076 Saxum
2615 2023 2755 2079 collo
2780 2026 3147 2095 suspenditur,

2313 2110 2404 2166 Sic
2430 2111 2680 2170 ﬂuctibus
2707 2115 3082 2186 immergitur;

2310 2200 2482 2268 Quem
2510 2218 2648 2272 aqua
2676 2203 2890 2259 Christo
2914 2206 3114 2274 genuit,

2308 2289 2415 2345 Per
2439 2291 2580 2347 hanc
2606 2294 2672 2347 ad
2702 2294 2875 2362 ipsum
2900 2294 3167 2363 pervenit.

2380 2383 2534 2438 Nunc
2563 2385 2741 2440 carnis
2765 2384 2901 2440 liber
2925 2402 3090 2441 onere

2311 2473 2497 2529 Rubro
2521 2478 2748 2530 vestitur
2769 2479 3024 2545 pondere,

2311 2564 2521 2620 Corona
2554 2566 2743 2635 plexus
2772 2568 2949 2638 capite

2309 2654 2386 2709 De
2411 2658 2650 2725 pretioso
2675 2658 2872 2727 lapide.

2384 2745 2481 2807 Te,
2509 2757 2718 2819 martyr
2740 2748 2900 2814 alme,
2925 2749 3158 2818 petimus

2312 2832 2507 2890 Mentis
2530 2851 2712 2905 pronae
2738 2838 3054 2903 visceribus,

2314 2921 2423 2978 Nos
2451 2934 2537 2977 tua
2564 2925 2775 2979 solvant
2798 2927 3013 2990 merita,

2210 3016 2234 3039 ⁵
2313 3015 2458 3082 Quos
2484 3027 2667 3072 nostra
2698 3027 2927 3089 gravant
2954 3020 3177 3074 debita.-

2388 3103 2471 3159 Sit
2499 3106 2643 3160 Patri
2678 3108 2795 3163 laus
2822 3108 3081 3179 ingenito,

2319 3194 2402 3251 Sit
2430 3197 2594 3252 decus
2620 3198 2927 3271 Unigenitn,

2318 3286 2401 3342 Sit
2430 3291 2711 3359 utriusque
2740 3291 2898 3361 parili

2315 3376 2568 3433 Maiestas
2593 3396 2803 3435 summa
2827 3381 3076 3438 Flamini.
3098 3381 3288 3438 Amen.

2068 3486 2255 3543 CXIX.
2292 3489 2366 3544 De
2393 3490 2499 3547 SS.
2531 3492 2735 3547 Donato
2763 3506 2810 3549 et
2843 3467 3143 3554 Hilariauo.
3176 3497 3438 3569 Hymnus.

2180 3600 2418 3666 Gloriam
2453 3604 2583 3667 clari
2616 3607 2861 3662 canimus
2890 3608 3169 3679 triumphi,

2103 3691 2221 3760 Quo
2246 3692 2428 3762 polum
2453 3695 2627 3750 victor
2656 3698 2811 3765 petiit
2840 3697 3100 3760 Donatus.

1961 3781 2073 3854 38
2107 3780 2340 3851 Compar
2364 3792 2419 3836 et
2447 3797 2621 3853 pmnte
2646 3787 2806 3840 simul
2835 3796 2888 3842 et
2919 3803 3153 3853 coronae,

2459 3875 2789 3931 llilarianns.

2181 3962 2247 4017 Hi
2280 3963 2427 4017 velut
2455 3965 2593 4018 binae
2627 3966 2839 4019 radiant
2869 3966 3123 4030 lucernae.

2104 4052 2267 4108 Orbis
2295 4062 2346 4105 et
2378 4063 2551 4108 terras
2582 4065 2859 4117 removent
2885 4058 3160 4119 tenebras.

2106 4144 2242 4198 Dum
2274 4150 2462 4197 tonant
2488 4142 2687 4206 verbis,
2721 4144 3049 4215 rutilantque
3075 4146 3241 4216 signis

2459 4231 2855 4301 Prodigiorum.

2181 4320 2465 4378 Daemones
2489 4325 2662 4392 captis
2688 4324 2921 4393 spoliant
2948 4326 3176 4394 rapinis,

2107 4413 2255 4480 Quos
2280 4428 2496 4482 precum
2527 4415 2674 4469 duris
2700 4415 2948 4470 cruciant
2971 4414 3215 4486 ﬂagellis,

2110 4506 2295 4561 Robur
2322 4507 2560 4577 mgrotis,
2586 4516 2946 4576 reparantque
2968 4510 3129 4565 cmcis

2464 4595 2669 4651 Lumen
2701 4607 3010 4668 utrumque.

2182 4686 2456 4743 Mensibus
2483 4687 2667 4743 clauso
2698 4689 2868 4743 tribus
2895 4703 2926 4740 e
2952 4688 3199 4755 sepulcro

2107 4775 2294 4831 Prodit
2323 4777 2374 4830 in
2407 4777 2611 4832 fessum
2644 4778 2835 4831 mulier
2868 4778 3148 4841 talentum,

2107 4865 2313 4922 Functa
2347 4867 2424 4922 sie
2451 4867 2573 4921 vivo
2605 4866 2791 4921 tribuit
2821 4867 3035 4930 marito,

2465 4958 2542 5013 Ne
2573 4967 2894 5012 moreretur.

2181 5048 2445 5119 Fragmen
2474 5049 2657 5103 obtriti
2688 5048 2873 5102 calicis
2893 5047 3134 5118 priorem

2112 5137 2297 5209 Surgit
2324 5140 2376 5194 in
2409 5139 2660 5199 formam.
2687 5145 2945 5208 pereunte
2968 5151 3136 5206 parva

2112 5227 2291 5295 Parte,
2320 5229 2413 5284 sed
2443 5227 2620 5283 nullus
2646 5228 2822 5297 liquor
2846 5227 2969 5282 inde
2995 5226 3185 5292 stillat,

2467 5318 2574 5373 Res
2600 5333 2737 5373 nova
2764 5317 2985 5372 mundo.

2176 5409 2513 5476 Quaesumus,
2544 5408 2674 5463 celsi
2704 5423 2955 5478 proceres
2982 5408 3214 5479 Olympi,

2108 5497 2217 5555 Nos
2245 5496 2403 5552 simul
2432 5498 2627 5552 vestris
2655 5497 2906 5566 precibus
2935 5496 3174 5567 paternis

2108 5587 2294 5659 Erigat
2325 5589 2523 5659 lapsos,
2553 5589 2854 5657 solidetque
2884 5588 3082 5642 fractos

2462 5679 2693 5735 Dextera
2719 5680 2919 5736 Christi

3418 323 3525 389 θδι
