4078 6336
343 345 447 402 957
1609 352 1908 409 CARMINA
1945 356 2032 410 ET
2085 351 2366 416 PRECES.

691 460 817 514 Dira
842 463 1009 530 pestis
1032 463 1353 520 excluditur.
1942 473 1996 534 Α
2325 472 2587 527 Fervidus
2618 473 2826 544 imples.

757 550 970 616 Cordis,
991 554 1208 623 orisque
1227 554 1480 623 precibus
2090 559 2281 629 Strage
2318 575 2572 616 saxorum
2607 578 2830 631 puerum
2862 564 3154 632 sepultum,

694 641 794 706 Te,
815 651 1022 712 martyr
1041 642 1202 708 alme,
1226 645 1476 713 petimus,
2089 646 2210 700 Mox
2238 659 2297 702 ut
2327 651 2519 714 orasti,
2554 667 2712 720 prece
2757 648 3054 716 suscitasti,

689 733 799 789 Nos
830 744 919 788 tua
948 749 1046 802 per
1075 738 1299 804 vestigia
2091 738 2293 796 Sensus
2322 742 2446 796 hinc
2476 744 2652 807 carni,
2693 760 2819 798 caro
2847 747 3066 801 sanitati

687 825 768 879 Ad
792 827 914 880 vitae
935 828 1099 882 ducas
1122 831 1361 897 praemia.
2333 827 2599 880 Redditur
2633 843 2806 896 aeque.

755 913 838 968 Sit
861 915 1008 969 Patri
1038 916 1154 972 laus
1180 919 1438 988 ingenito,
2088 915 2215 970 Jure
2242 917 2342 971 sub
2368 919 2576 973 blanda:
2608 921 2784 990 specie
2824 921 3088 978 columba:

690 1003 772 1057 Sit
801 1004 964 1059 decus
998 1006 1304 1076 Unigenito,
2089 1007 2336 1062 Nesciam
2369 1008 2509 1063 fellis
2541 1011 2773 1063 animam
2803 1013 3008 1066 sororis

687 1093 770 1147 Sit
794 1095 1074 1163 utriusque
1098 1097 1256 1165 parili
2089 1099 2309 1152 Summa
2333 1099 2528 1153 stellati
2554 1111 2833 1168 penetrare
2857 1100 2983 1155 cmli

687 1181 940 1251 Majestas
959 1200 1168 1241 summa
1191 1187 1438 1243 Flamini.
1464 1191 1654 1245 Amen.
2307 1188 2551 1242 Culmina
2585 1192 2786 1244 cernis.

534 1271 762 1328 CXXIII.
793 1275 872 1329 De
899 1275 958 1330 S.
987 1274 1236 1346 Gregorio
1265 1296 1419 1348 papa.
1459 1279 1720 1350 Hymnus.
2087 1276 2204 1346 Ipse
2237 1287 2380 1346 post,
2411 1279 2612 1332 clarum
2642 1280 2882 1333 referens
2906 1279 3236 1350 triumphum

756 1366 1048 1435 Anglorum
1067 1369 1175 1438 jam
1198 1371 1494 1439 apostolus,
2087 1367 2239 1422 Celsa
2267 1370 2475 1423 devicto
2515 1370 2653 1439 petis
2679 1381 2822 1424 astra
2849 1372 3083 1436 mundo;

691 1455 842 1510 Nunc
865 1458 1176 1527 angelorum
1200 1462 1398 1522 socius,
2087 1457 2230 1513 Luce
2258 1459 2622 1514 flammantem
2661 1461 2905 1516 radiante
2931 1461 3124 1515 cellam

691 1545 761 1600 Ut
786 1555 931 1609 tunc,
957 1548 1204 1619 Gregori.
1228 1553 1497 1620 gentibus,
2367 1550 2533 1604 Pallia
2573 1559 2839 1605 sternunt.

681 1633 949 1691 Succurre
967 1637 1078 1705 jam
1103 1641 1471 1696 credentibus.
2087 1637 2247 1704 Laus,
2283 1642 2456 1695 honor
2477 1643 2647 1706 Patri,
2684 1644 2945 1712 parilique
2968 1643 3117 1698 Proli

757 1726 837 1779 Tu
865 1727 1044 1797 largas
1066 1744 1227 1799 opum
1251 1733 1452 1800 c0pias,
2093 1727 2206 1784 Una
2227 1730 2481 1798 majcslas
2499 1773 2512 1797 ,
2543 1734 2728 1786 eadem
2760 1741 3024 1802 potestas,

683 1820 1019 1890 Omncmque
1043 1823 1224 1876 mundi
1247 1823 1473 1893 gloriam
1939 1835 1989 1894 Β
2086 1820 2220 1877 Cum
2247 1825 2442 1894 quibus
2462 1835 2681 1878 sanctus
2707 1824 2864 1878 simul
2889 1825 3075 1894 implet
3098 1838 3317 1882 omnem

681 1913 926 1983 Spernis,
951 1923 1009 1966 ut
1033 1915 1186 1983 inops
1209 1916 1422 1984 inopem
2346 1913 2580 1983 Spiritus
2610 1915 2818 1968 orbem.
2858 1914 3052 1968 Amen.

680 2003 862 2060 Jesum
889 2007 1134 2075 sequaris
1156 2007 1476 2078 principem.
2472 2005 2669 2060 SXXV.
2704 2005 2784 2058 Ad
2820 2015 3154 2059 nocturnum.

750 2097 977 2152 Videtur
997 2113 1162 2168 egens
1185 2099 1496 2168 naufragus,
2297 2095 2532 2167 Signifer
2562 2096 2940 2160 invictissime,

682 2185 820 2240 Dum
844 2187 1036 2257 stipem
1060 2189 1194 2258 petit
1217 2190 1459 2260 angelus,
2233 2185 2520 2256 Sacraque
2543 2187 2649 2240 (lux
2675 2186 2904 2251 militiae,

684 2277 762 2331 Tu
787 2278 1104 2347 munusjam
1129 2289 1249 2350 post
1269 2283 1544 2351 geminum
2224 2277 2294 2332 ΝΟ

1283 2283 1544 2351 geminum
2224 2277 2351 2342 Nos,
2386 2276 2694 2342 Benedicto,
2716 2276 2893 2330 valido

676 2366 890 2422 Praebes
911 2379 966 2423 et
987 2385 1081 2424 vas
1103 2380 1441 2439 argenteum.
2224 2368 2454 2423 Precum
2485 2368 2714 2423 defende
2744 2367 2987 2423 brachio.

749 2458 828 2511 Ex
853 2460 954 2514 hoc
977 2467 1028 2513 te
1049 2459 1296 2515 Christus
1321 2470 1560 2530 tempore
2301 2460 2394 2514 His
2416 2462 2584 2514 armis
2605 2459 3001 2514 exsecrabilem

675 2549 800 2606 Sua:
825 2551 1043 2621 praefert
1067 2553 1348 2620 Ecclesiae,
2223 2550 2424 2606 Leonis
2456 2551 2612 2606 vince
2637 2551 2842 2604 rabiem
2864 2589 2879 2615 ,

676 2640 768 2697 Sic
789 2641 936 2698 Petri
957 2645 1182 2714 gradum
1207 2647 1463 2717 percipis,
2229 2640 2436 2708 Quibus
2470 2641 2598 2694 olim
2641 2641 2978 2695 teterrimam

670 2733 836 2802 Cujus
859 2744 913 2790 et
935 2751 1180 2790 normam
1207 2739 1470 2808 sequeris.
2225 2731 2392 2786 Pollis
2420 2733 2489 2786 ab
2527 2747 2622 2786 ore
2653 2730 2938 2786 merulam.

745 2823 790 2879 Ο
817 2825 1054 2894 pontifex
1081 2828 1317 2896 egregie,
2296 2823 2494 2878 Unica:
2526 2821 2728 2890 junctae
2757 2821 3030 2892 vepribus,

670 2912 786 2968 Lux
813 2924 867 2969 et
895 2914 1058 2970 decus
1085 2915 1361 2982 Ecclesiae,
2228 2912 2436 2967 Vulnus
2460 2921 2655 2967 curant
2685 2911 3022 2976 vulneribus,

669 3001 786 3056 Non
813 3003 961 3058 sinas
991 3005 1043 3058 in
1069 3005 1345 3074 periculis,
2221 3003 2523 3060 Flammata
2556 3019 2711 3060 mens
2731 3003 2995 3058 divinitus

675 3092 821 3160 Quos
843 3103 920 3150 tot
944 3098 1212 3152 mandatis
1235 3098 1480 3155 instruis.
1693 3156 1712 3178 ι
2226 3097 2380 3171 Ignes
2404 3099 2704 3168 exstinguit
2731 3097 2966 3169 ignibus.

749 3187 905 3242 Mella
931 3204 1027 3243 cor
1051 3189 1397 3246 obdulcantia
1699 3177 1702 3178 ⁷
1926 3177 1972 3241 C
2301 3190 2530 3245 Crucem
2570 3189 2793 3243 mittens
2822 3195 2881 3240 ut
2905 3186 3158 3250 lapidem,

677 3275 790 3330 Tua
821 3279 1082 3335 distillant
1111 3280 1277 3348 labia,
2219 3279 2427 3335 Veneni
2459 3279 2665 3348 frangis
2688 3277 2940 3342 calicem,

669 3367 1018 3440 Flagrantum
1042 3374 1148 3426 vim
1175 3383 1482 3430 aromatum
2221 3369 2335 3425 Von
2367 3369 2510 3423 valet
2532 3369 2722 3423 mortis
2748 3365 3024 3422 vasculum

676 3459 849 3514 Tuum
873 3462 1040 3516 vincit
1063 3464 1358 3534 eloquium.
2220 3457 2356 3514 Vita:
2385 3458 2527 3514 ferre
2551 3457 2910 3528 signaculum.

743 3551 1037 3620 Scriptura:
1067 3569 1236 3609 sacrae
1259 3556 1486 3629 mystica
2290 3552 2500 3615 Frater,
2534 3565 2694 3619 quem
2735 3559 2863 3604 tunc
2897 3546 3266 3620 nequissimus

671 3639 806 3695 Mire
831 3643 996 3698 solvis
1023 3645 1336 3715 aenigmata,
2225 3641 2426 3711 Vagum
2459 3641 2711 3711 raptabat
2733 3640 2980 3710 spiritus.

674 3731 940 3787 Theorica
973 3736 1229 3803 mysteria
2224 3731 2360 3784 Dum
2385 3740 2475 3784 tua
2498 3731 2648 3802 virga
2676 3732 2928 3797 caeditur,

674 3820 750 3876 Te
778 3823 934 3877 docet
961 3823 1073 3893 ipsa
1104 3826 1338 3882 Veritas.
2225 3819 2523 3876 Stabilitati
2552 3823 2818 3878 redditur.

741 3911 820 3965 Tu
851 3921 1042 3969 nactus
1069 3915 1420 3984 apostolicam
2291 3913 2374 3967 Sit
2403 3914 2547 3967 Patri
2588 3914 2705 3968 laus
2735 3915 2996 3984 ingenito,

672 4003 877 4070 Vicem,
912 4005 1070 4060 simul
1097 4015 1151 4061 et
1176 4007 1424 4078 gloriam,
2223 4005 2306 4061 Sit
2335 4008 2499 4061 decus
2524 4007 2832 4076 Unigcnito,

676 4092 785 4158 Nos
810 4095 956 4150 solve
979 4096 1148 4166 culpa:
1178 4097 1428 4166 nexibus,
2222 4095 2306 4150 Sit
2333 4098 2613 4166 utriusque
2653 4097 2812 4165 parili

674 4183 861 4260 Redde
887 4187 1131 4260 polorum
1156 4190 1395 4245 sedibus.
2221 4185 2474 4254 Majestas
2501 4203 2708 4240 summa
2735 4185 2985 4240 Flamini.
3013 4185 3210 4243 Amen.

742 4273 825 4329 Sit
851 4276 1000 4332 Patri
1029 4277 1146 4332 laus
1176 4279 1436 4348 ingenito,
2502 4276 2732 4330 CXXVI.
2765 4276 2845 4329 Λά
2867 4275 3068 4331 laudes.

672 4365 756 4418 Sit
784 4366 950 4421 decus
982 4367 1294 4439 Unigenito,
2288 4366 2498 4420 Aurora
2528 4367 2702 4436 surgit
2727 4380 2894 4421 aurea

671 4452 754 4508 Sit
780 4455 1063 4526 utriusque
1092 4458 1248 4527 parili
1932 4510 1980 4527 ﬁ
2220 4451 2383 4507 Festa
2421 4464 2738 4509 restaurans
2771 4470 2977 4522 annua,

666 4540 917 4609 Majestas
937 4510 1424 4602 simdsrismini.
1445 4547 1642 4606 Amen.
1930 4510 1984 4572 Β
2224 4543 2358 4598 Cum
2390 4544 2717 4599 Benedictus
2759 4510 2988 4599 arduum

465 4653 697 4711 CXXIV.
736 4657 813 4720 De
845 4657 902 4713 S.
932 4659 1215 4736 Benedicto
1245 4665 1452 4717 abbate.
1487 4661 1752 4736 Hymnus,
2225 4634 2359 4736 Gai"
2388 4637 2603 4736 scan?“
2632 4635 2912 4736 palatium

933 4730 1002 4782 ad
1030 4747 1284 4800 vesperas.
1542 4727 1565 4736 '
1737 4727 1747 4732 ⁷
2291 4727 2501 4793 Quanta
2533 4729 2588 4782 in
2620 4729 2844 4783 summis
2875 4729 3093 4799 accipit,

456 4815 681 4871 Gemma
715 4817 951 4874 caelestis
980 4821 1218 4888 pretiosa
1255 4819 1436 4891 Regis,
2223 4815 2322 4882 Qui
2358 4817 2512 4871 sicin
2547 4817 2669 4871 imis
2699 4817 2914 4880 claruit.

385 4903 582 4960 Norma
607 4907 902 4975 justorum,
933 4908 1019 4962 via
1053 4911 1461 4974 monachorum,
2221 4907 2388 4978 Cujus
2419 4908 2622 4961 micant
2648 4908 2889 4976 prodigia

383 4992 495 5050 Nos
521 4997 591 5052 ab
627 4997 910 5064 immundi,
946 4997 1254 5065 Benedicte,
1291 5002 1478 5058 mundi
1892 5014 1895 5016 '
2065 5007 2070 5011 '
2226 4996 2332 5051 Per
2353 4997 2529 5067 ampla
2563 4996 2744 5051 mundi
2771 4996 3013 5052 climata.

702 5085 970 5144 Subtrahe
1000 5103 1180 5145 emno.
2284 5088 2414 5156 Ejus
2441 5096 2723 5143 carentum
2767 5088 2946 5158 gratia

383 5174 464 5229 Tu
498 5174 672 5230 solum
711 5191 991 5246 spernens,
1029 5194 1124 5233 cor
1158 5180 1210 5232 in
1248 5188 1394 5235 astra
1430 5181 1599 5254 figens
2223 5180 2405 5236 Tellus
2427 5181 2600 5235 vomit
2633 5181 2926 5244 cadavera.

385 5261 545 5331 Cogis
575 5263 814 5320 hatredes
851 5267 964 5322 fieri
1001 5277 1271 5338 parentes,
2216 5271 2435 5326 Devotis
2459 5272 2597 5325 unda
2625 5271 2830 5340 liquida

381 5355 484 5428 41
524 5355 632 5411 Vas
671 5358 785 5414 Deo
813 5361 1032 5429 plenum
1076 5376 1331 5430 reparare
1360 5362 1593 5418 fractum
2220 5361 2372 5416 Sicca
2400 5362 2589 5418 lambit
2622 5363 2870 5433 vestigia.

820 5451 1200 5508 Promeruisti.
2288 5453 2476 5507 Totius
2503 5452 2651 5508 orbis
2680 5453 2942 5507 ambitum

384 5538 610 5608 Magnus
637 5541 690 5595 in
726 5543 910 5610 parvis
937 5543 1165 5598 eremita
1195 5545 1477 5611 membris,
2214 5543 2318 5597 Per
2339 5543 2478 5597 Solis
2502 5544 2647 5596 videt
2677 5541 2906 5606 radium.

384 5629 570 5686 Vincis
599 5641 814 5687 aetatem
836 5676 850 5700 ,
891 5650 1113 5704 superas
1144 5635 1402 5702 laborem,
2219 5634 2371 5689 Mens
2397 5636 2449 5688 in
2481 5635 2717 5712 Auctore
2744 5636 2919 5704 posita
2945 5651 2961 5698 ;

385 5719 546 5775 Arcta
578 5722 836 5779 districta:
876 5725 1179 5780 rudimenta
1211 5725 1332 5780 vita:
2218 5724 2470 5795 Suhjccta
2498 5727 2670 5782 cernit
2698 5727 2897 5782 omnia.

3477 361 3582 421 θω
