4078 6336
298 353 396 409 961
815 414 825 423 ,
1582 361 1887 421 CARMINA
1927 364 2017 422 ET
2056 368 2343 427 PRECES.
3461 384 3566 441 962

688 467 967 529 CXXXIII.
987 471 1062 529 De
1084 491 1228 531 caena
1251 475 1480 532 Domini.

298 557 401 625 Qui
434 565 600 630 caput
629 569 713 615 est
731 561 896 631 justis
922 565 1145 635 vestigia
1179 568 1341 634 tergit
1367 567 1623 622 alumnis.

297 648 455 715 Quod
478 650 649 705 vetuit
675 650 739 723 [Γ.
764 652 957 724 voluit]
984 655 1143 724 parti,
1172 654 1363 711 Petrus
1390 656 1502 710 vult
1525 656 1736 712 solvere
1760 656 1879 713 toti.

621 742 903 798 CXXXIV.
939 746 1017 799 De
1039 747 1294 817 baptismo
1321 749 1552 806 Domini.

296 833 378 888 En
404 830 601 888 ﬂuvius
621 832 823 889 fontem
846 851 859 899 ;
886 838 1143 891 mundum
1170 838 1218 891 Ia
1231 848 1309 893 vat
1334 840 1475 892 unda
1500 840 1808 895 lavantem:

295 922 490 989 Ablue,
522 923 793 988 Iordanis,
829 941 858 977 a
888 941 994 993 quo
1026 929 1196 998 magis
1228 929 1342 997 ipse
1371 929 1588 984 lavaris.

592 1011 856 1066 CXXXV.
888 1012 964 1067 De
991 1013 1050 1069 S.
1082 1014 1288 1071 Joanne
1312 1017 1574 1086 Baptista.

299 1100 512 1156 Praevia
554 1109 800 1154 materna
830 1101 1063 1157 Verbum
1096 1119 1196 1159 vos
1230 1107 1397 1160 sentit
1428 1110 1479 1160 in
1519 1108 1662 1162 alvo.

469 1188 579 1262 44
609 1189 892 1245 CXXXVI.
929 1192 1008 1245 De
1038 1194 1300 1250 oblatione
1338 1196 1573 1251 Domini.

297 1277 451 1334 Nunc
479 1279 689 1349 capitur
716 1279 875 1334 ctelis
897 1280 1113 1338 Simcou
1143 1299 1303 1353 quem
1331 1287 1548 1358 stringit
1568 1289 1621 1342 in
1645 1289 1804 1344 ulnis.

517 1366 823 1424 CXXXVII.
846 1369 942 1424 Ubi
965 1375 1115 1437 pueri
1144 1374 1324 1428 dicunt
1347 1388 1366 1426 :
1389 1375 1665 1430 "osanna.

294 1461 479 1526 Astra,
511 1460 687 1531 polus,
722 1470 865 1517 terra
899 1474 1165 1530 metuunt,
1195 1482 1355 1534 quem
1385 1476 1568 1536 portat
1596 1468 1759 1524 asella
1789 1486 1803 1523 :

295 1549 440 1605 Voce
461 1547 573 1603 Deo
597 1564 790 1620 magna
813 1562 985 1607 cmtus
1015 1555 1286 1623 depromit
1317 1555 1591 1612 llosanna.

550 1639 881 1697 CXXXVIII.
918 1643 1339 1717 Transﬁguratio
1384 1648 1620 1702 Domini.

298 1727 401 1783 Hic
419 1727 567 1785 Deus
593 1731 832 1786 ostendit
856 1733 999 1801 quod
1027 1738 1206 1790 carnis
1235 1739 1469 1806 tegmine
1506 1739 1716 1795 clausit.

300 1817 587 1875 CXXXIX.
643 1819 901 1876 Dominus
954 1824 1078 1878 dicit
1119 1828 1392 1896 discipulis
1436 1831 1546 1885 suis
1570 1850 1589 1886 :
1630 1830 1875 1901 Vigilate.
1906 1819 1955 1879 Β

297 1909 445 1976 Quos
465 1924 627 1980 sopor
649 1915 914 1981 Oppressit
942 1915 1160 1983 vigilum
1192 1918 1306 1974 Rex
1331 1936 1552 1991 surgere
1569 1921 1753 1992 jussit.

563 1999 719 2055 CXL.
771 2000 873 2056 Ubi
898 2003 1071 2061 ludas
1098 2007 1379 2064 Dominum
1411 2013 1592 2067 tradit.

295 2090 450 2147 Falsa
489 2089 642 2146 ferox
666 2092 867 2149 blando
916 2094 1072 2166 lupus
1095 2101 1276 2153 oscula
1304 2102 1533 2171 porrigit
1560 2104 1730 2174 Agna.

825 2183 1006 2242 CXLI.
1034 2188 1111 2241 De
1144 2202 1355 2258 patena.

296 2274 461 2331 Esum
498 2285 775 2346 perpetuae
804 2280 1025 2345 pariunt
1054 2282 1168 2336 lunc
1199 2284 1397 2339 fercula
1427 2288 1570 2342 vitze.

578 2367 779 2424 CXLII.
807 2368 905 2425 Ubi
926 2372 1164 2429 Christus
1187 2388 1331 2448 rogat
1362 2379 1591 2436 Patrem.

296 2460 540 2529 Patrem,
564 2458 801 2527 Christe,
828 2478 1004 2534 rogas,
1024 2482 1146 2520 cum
1170 2483 1277 2536 quo
1299 2471 1458 2524 simul
1480 2473 1661 2526 omnia
1684 2475 1874 2528 donas.

629 2552 851 2607 CXLlll.
889 2555 963 2609 De
987 2540 1288 2615 ascensione
1313 2560 1542 2616 Domini.

295 2641 406 2697 Ima
429 2641 571 2699 Deus
597 2643 774 2714 petiit,
804 2646 901 2701 sed
931 2662 1036 2702 non
1064 2653 1278 2705 excelsa
1309 2653 1557 2721 reliquit:

295 2732 391 2788 Est
430 2733 501 2789 ibi
531 2749 638 2802 quo
668 2736 869 2801 tendit;
902 2750 1187 2805 permanet
1218 2744 1359 2797 unde
1387 2746 1555 2799 venit.

365 2821 591 2877 CXLIV.
650 2821 748 2878 Ubi
795 2824 1026 2894 Spiritus
1068 2841 1289 2950 tsqnctus
1335 2835 1600 2889 descendit
1651 2853 1808 2908 super

938 2914 1063 2950 auos
1089 2918 1116 2950 ο
1145 2918 1220 2950 os.

938 2914 1220 2967 apostotos.

295 2982 436 3054 lgnit
462 2984 816 3053 apostolicum
844 2987 1153 3058 linguarum
1185 2991 1401 3049 ﬂamma
1428 3008 1698 3065 senatum,

293 3071 577 3131 Germiuat
604 3085 659 3130 et
686 3079 865 3132 varias
885 3082 1037 3147 quasi
1064 3099 1164 3137 vox
1205 3084 1434 3142 fecunda
1464 3089 1725 3158 loquelas.

777 3172 983 3226 CXLV.
1007 3175 1083 3230 De
1110 3177 1171 3232 S.
1205 3176 1384 3234 Petro.

295 3256 506 3328 Sperne
542 3261 709 3315 maris
756 3277 974 3330 navem,
1000 3267 1146 3331 caeli,
1177 3268 1359 3335 Petre,
1385 3272 1599 3341 suscipe
1624 3274 1831 3331 clavem
1860 3295 1874 3344 ;

300 3346 585 3405 Fluctibus
619 3359 675 3404 et
710 3348 907 3419 spretis‘
935 3365 1152 3422 portum
1182 3360 1310 3413 mihi
1341 3361 1504 3416 redde
1529 3365 1747 3432 quietis.

755 3442 982 3500 CXLVI.
1011 3449 1091 3501 De
1117 3447 1176 3503 S.
1202 3449 1397 3507 Paulo.

300 3529 571 3587 Melliiiuis
597 3548 813 3588 omnem
845 3536 1043 3599 Paulus
1072 3540 1214 3609 rigat
1240 3543 1505 3600 imbribus
1524 3548 1733 3603 orbem.

531 3620 782 3676 CXLVII.
813 3622 891 3677 De
918 3625 1010 3679 illo
1036 3629 1125 3698 qui
1149 3642 1390 3685 moratur
1418 3634 1471 3688 in
1497 3637 1639 3690 odio.

293 3704 396 3773 Qui
427 3717 609 3763 manet
648 3709 698 3765 iu
730 3712 990 3780 tenebris,
1024 3721 1197 3773 nescit
1227 3724 1452 3792 vestigia
1487 3723 1668 3794 pacis;

292 3796 582 3868 Collyrium
616 3800 834 3866 relevet,
874 3818 996 3859 cum
1033 3817 1081 3860 te
1113 3808 1391 3878 glaucoma
1418 3828 1697 3885 perurget.

290 3888 430 3945 Aere
456 3904 619 3945 suave
649 3902 818 3958 creat,
861 3902 1072 3965 tegmen
1115 3901 1252 3956 male
1283 3911 1424 3959 tecta
1450 3908 1692 3972 revelat;

194 4035 201 4041 ,
290 3976 405 4033 Nos
452 3993 668 4049 reparat
704 3982 899 4051 lucem,
928 3987 1081 4042 dolor
1109 3989 1289 4046 aufert
1328 4009 1468 4063 saepe
1502 3999 1761 4055 dolorem.

431 4069 702 4127 CXLVIII.
734 4074 808 4128 De
833 4075 925 4130 illo
947 4079 1038 4148 qui
1057 4079 1226 4149 placet
1246 4082 1451 4138 duobus
1481 4088 1726 4146 inimicis.

289 4156 428 4213 Dum
464 4159 642 4230 placet
669 4165 907 4234 utrique,
928 4170 1103 4237 perdit
1128 4154 1365 4228 Meteeus
1386 4185 1694 4249 utrumque.

700 4254 929 4311 CXLIX.
961 4259 1039 4313 De
1066 4259 1450 4321 Ilildebrando.

292 4341 488 4398 Vivere
520 4344 839 4414 visﬂomte,
861 4350 1006 4405 clara
1037 4353 1341 4423 depromito
1380 4374 1510 4415 voce
1544 4381 1558 4416 :

290 4434 419 4491 Plus
443 4436 672 4493 Domino
697 4456 846 4512 papa:
874 4460 1036 4514 quam
1062 4448 1260 4504 domno
1286 4468 1452 4521 pareo
1481 4472 1652 4526 papae.

650 4528 755 4584 CL.
790 4532 866 4586 De
895 4536 1076 4590 eodem
1108 4537 1496 4599 Htldebraudo.

293 4616 397 4685 Qui
437 4619 643 4675 rabiem
668 4625 935 4696 tygridum
966 4631 1150 4685 domat
1176 4649 1270 4686 ora
1298 4646 1516 4692 cruenta
1550 4640 1762 4696 leonum

295 4707 372 4766 Te
398 4726 541 4766 nunc
569 4726 742 4782 usque
768 4716 953 4787 lupum
985 4721 1117 4775 mihi
1141 4724 1324 4778 mitem
1356 4737 1530 4782 vertat
1562 4730 1614 4784 in
1648 4750 1869 4804 agnum.

418 4798 549 4855 CLI.
572 4800 651 4856 De
675 4803 767 4857 illo
797 4808 885 4876 qui
913 4810 1089 4864 omnia
1125 4813 1289 4879 timet,
1320 4816 1399 4869 vel
1422 4820 1552 4871 nihil
1581 4798 1746 4878 timet.

292 4888 382 4944 Nil
407 4899 673 4959 metuens,
696 4906 749 4949 et
779 4907 971 4953 cuncta
1004 4900 1219 4970 timens,
1253 4906 1508 4964 ridendus
1538 4920 1798 4983 uterque:

292 4978 395 5033 llic
430 4987 627 5049 tumet,
656 4983 748 5039 ille
765 4986 933 5054 jacet,
965 4991 1177 5048 medius
1204 4995 1518 5053 discrimine
1540 4978 1725 5078 pollet.

748 5078 902 5135 CLII.
936 5082 1013 5137 De
1044 5086 1185 5155 virga
1216 5087 1410 5159 Moysi.

291 5163 458 5237 Virga
478 5174 635 5223 vorat
658 5172 901 5242 magicos
932 5175 985 5228 in
1013 5191 1072 5230 se
1096 5183 1398 5247 reparanda
1427 5184 1735 5255 chelydros.

780 5264 953 5322 CLIII.
986 5269 1059 5323 De
1086 5288 1210 5325 arra
1240 5272 1376 5327 Noe.

288 5349 432 5405 Area
459 5351 554 5407 dat
578 5352 910 5425 Ecclesium;
943 5361 1285 5430 baptismatis
1310 5367 1452 5422 unda
1474 5367 1724 5440 ﬁguram.

293 5459 450 5527 Quod
476 5463 663 5520 melius
688 5477 761 5521 est
788 5477 843 5522 ut
864 5472 1110 5554 scribam
1135 5490 1225 5529 rea:
1250 5476 1303 5530 in
1327 5476 1488 5547 ferro,
1512 5499 1668 5552 quant
1692 5502 1867 5543 servus

964 5559 1019 5595 τη
1041 5561 1192 5599 auro.

289 5620 444 5691 Elige
471 5624 585 5681 Rex
610 5626 756 5684 ferro
779 5647 940 5702 quam
966 5638 1128 5691 scribi
1156 5654 1344 5696 servus
1372 5643 1424 5697 in
1457 5658 1612 5712 auro;

291 5712 505 5773 Clarior
532 5719 585 5773 in
614 5723 798 5779 casula
827 5742 921 5782 rex
949 5736 1029 5784 est
1066 5746 1226 5801 quam
1258 5750 1446 5792 servus
1477 5738 1528 5793 in
1560 5740 1701 5795 aula.

1979 1294 2135 1351 CLV.
2176 1297 2411 1353 Domnus

1906 486 1952 543 Α
1980 482 2088 554 5.5
2120 482 2298 540 CLIV.
2325 485 2401 540 De
2424 485 2514 540 illo
2539 490 2629 559 qui
2659 492 2805 560 prius
2841 492 3022 558 donat,
3054 503 3100 548 et
3123 505 3299 563 postea
3323 504 3565 569 reposcit.

1982 573 2181 629 Foedus
2210 578 2463 633 amicitia:
2490 581 2653 636 violat
2689 599 2784 638 sua
2808 585 2947 639 dona
2978 602 3289 657 reposcens,

2054 665 2202 722 Unea
2233 684 2425 725 manus
2452 675 2683 728 retrahit
2709 678 2848 743 quoi
2885 678 3033 746 prius
3069 680 3242 750 ampla
3269 682 3440 740 dedit.

1980 758 2082 824 Qui
2111 760 2306 830 rbpetit
2336 762 2536 817 donum
2562 766 2754 820 merito
2779 783 2899 820 mox
2934 771 3112 838 perdit
3137 771 3396 839 amicum,

2051 848 2271 903 Munere
2292 851 2356 905 de
2378 860 2559 906 vestro
2589 854 2780 923 gaudia
2811 856 2969 925 digna
3002 856 3136 913 fero.

2222 940 2394 1006 Quam
2423 959 2557 998 vana
2589 945 2748 1015 hujus
2778 948 2961 1001 mundi
2998 961 3118 1005 sunt
3167 952 3321 1007 bona.

2051 1026 2185 1083 Cum
2216 1030 2429 1085 cineres
2451 1048 2638 1099 regum
2664 1033 2941 1088 videamus
2971 1046 3022 1090 et
3042 1054 3162 1093 ossa
3189 1049 3473 1109 parentant

2047 1118 2218 1173 Acida
2251 1107 2520 1190 pulvilluis
2547 1134 2799 1195 congesta
2822 1124 3009 1192 jacere
3040 1107 3324 1199 sepulcris,

2051 1208 2167 1274 Quo
2189 1208 2355 1264 libeat
2382 1213 2532 1267 carni
2563 1215 2713 1285 vigor
2738 1227 2831 1271 aut
2857 1220 3127 1286 possessio
3150 1223 3354 1276 menti?

2456 1318 2593 1372 papa
2607 1305 2735 1379 sine
2760 1323 2841 1359 me
2874 1323 2986 1379 rem
3024 1311 3332 1379 incipiebat,
3373 1326 3419 1369 et
3459 1332 3569 1373 me-

2049 1383 2169 1447 cum
2230 1370 2485 1447 complere
2527 1370 2782 1447 uolebat;
2834 1378 3010 1447 sicque
3059 1370 3260 1436 mecum
3312 1370 3568 1445 dicebat:

2050 1435 2201 1558 gent
2232 1435 2353 1560 egit
2377 1443 2429 1518 in
2466 1444 2725 1513 principio
2746 1435 2773 1510 ξ
2796 1435 3145 1504 ειιηιήιεειιηι
3175 1435 3277 1506 non
3306 1435 3568 1511 dixisset}

2119 1524 2231 1560 orta
2309 1518 2434 1560 atri.

2119 1524 2231 1561 orta
2258 1518 2434 1562 Patri.

1979 1593 2133 1651 Sicut
2165 1607 2283 1653 erat
2312 1601 2528 1666 damno,
2558 1604 2684 1672 quia
2719 1622 2992 1676 nunquam
3017 1609 3199 1666 Cloria
3228 1626 3420 1683 canto,

1980 1687 2082 1753 Qui
2118 1700 2280 1759 caput
2307 1691 2512 1748 abrasit
2539 1697 2765 1750 caudam
2798 1715 3013 1771 quoque
3031 1703 3154 1772 jure
3182 1708 3440 1764 vorabat:

1982 1776 2210 1833 Ossibus
2239 1796 2333 1834 ora
2365 1791 2498 1838 terat
2531 1787 2620 1854 qui
2646 1788 2855 1842 sorbuit
2882 1803 3008 1846 ante
3035 1794 3315 1850 medullas.

2018 1868 2192 1925 CLVI.
2230 1873 2347 1927 Illis
2382 1877 2479 1930 hoc
2517 1879 2711 1933 dicitur
2752 1887 2841 1952 qui
2865 1884 3057 1954 falsam
3088 1906 3270 1957 pacem
3306 1892 3532 1962 faciunt.

1985 1960 2052 2016 Ut
2087 1963 2324 2028 valeant,
2356 1968 2782 2041 orisjungantnr
2811 1984 2865 2029 et
2896 1977 3078 2031 osenla
3110 1979 3327 2048 cordis;

1982 2053 2091 2108 Pax
2122 2056 2332 2111 dirimit
2362 2058 2533 2123 litem,
2567 2066 2788 2132 capiunt
2819 2084 2938 2121 cum
2960 2070 3139 2141 jurgia
3171 2073 3331 2130 [luem

1981 2142 2180 2199 CLVII.
2208 2146 2362 2212 Quod
2393 2167 2524 2231 sirpe
2552 2156 2754 2231 amicus
2783 2158 2988 2231 videtur
3021 2164 3202 2231 irasci,
3244 2178 3293 2221 et
3321 2169 3568 2229 inimicus

2449 2169 2461 2197 τ
2498 2169 2524 2205 e
2552 2171 2754 2209 antzcus
2783 2169 2988 2213 videtur
3021 2169 3116 2217 ira:

2449 2169 2818 2290 fi‘audulenler
2866 2228 3116 2286 blandiri.

1983 2305 2148 2361 Saevit
2172 2310 2493 2378 amorjusti,
2522 2314 2662 2370 livor
2688 2318 2961 2375 blanditur
2986 2324 3177 2394 iniqui,

1982 2395 2079 2451 Est
2106 2413 2260 2453 amor
2289 2400 2531 2469 immitis,
2563 2406 2733 2461 dulcis
2760 2408 2932 2475 furor,
2960 2413 3039 2467 ira
3072 2415 3243 2471 ﬁdelis
3271 2434 3284 2472 :

1984 2488 2124 2543 Sunt.
2148 2492 2312 2545 etiam
2345 2494 2526 2549 blandi
2558 2498 2657 2551 sub
2684 2500 2843 2554 ovina
2884 2502 3021 2571 pelle
3047 2510 3286 2575 tyranni.

1985 2577 2076 2633 Sic
2107 2587 2162 2633 et
2192 2582 2366 2636 amica
2399 2594 2583 2653 patres
2608 2588 2784 2643 reddit
2814 2606 3043 2647 censura
3075 2595 3307 2655 feroces.

2129 2667 2350 2723 CLVIII.
2380 2673 2462 2725 Ad
2488 2692 2678 2743 papam
2723 2677 3080 2737 Alexandrum
3117 2689 3428 2748 admonitio.

1988 2754 2147 2814 Sedis
2178 2763 2488 2830 apostolicae
2518 2767 2609 2834 qui
2638 2768 2751 2823 vult
2779 2774 3012 2851 retinere
3044 2778 3283 2847 vigorem

2056 2847 2232 2919 Eque
2264 2852 2422 2910 Iibret
2457 2858 2640 2927 rigidae
2667 2864 2902 2930 pondera
2926 2847 3182 2934 justitire:

1981 2937 2129 2994 Juris
2163 2942 2307 2997 enim
2336 2947 2535 3013 pariles
2565 2952 2739 3007 nescit
2767 2962 3098 3028 suspendere
3126 2964 3307 3023 lances

2053 3029 2222 3096 Quem
2256 3032 2406 3089 favor
2432 3038 2679 3107 inﬂectit,
2707 3060 2830 3114 spes
2859 3050 2940 3103 vel
2969 3067 3129 3107 avara
3159 3057 3346 3113 trahit.

1978 3119 2493 3196 Muneribus‘plenze
2523 3133 2611 3186 cui
2645 3134 2834 3192 laxant
2862 3157 2958 3194 ora
2987 3159 3281 3215 crumeute,

1902 3186 1949 3249 (ἶ
2051 3210 2271 3267 Justitia
2303 3231 2525 3273 vacuam
2553 3225 2730 3291 perdit
2761 3227 2916 3300 inops
2946 3234 3205 3292 animam.

1982 3297 2115 3355 Coeli
2143 3302 2312 3359 Roma
2344 3323 2495 3365 seras
2524 3321 2689 3381 tenet,
2717 3326 2767 3373 et
2803 3297 2937 3389 regit
2963 3324 3110 3381 orbis
3143 3329 3422 3403 habenas;

2050 3391 2146 3447 His
2176 3397 2266 3464 qui
2302 3398 2454 3466 plura
2482 3405 2639 3470 petit,
2676 3409 2840 3463 ditior
2869 3428 2988 3468 esse
3020 3420 3224 3486 nequit.

2233 3488 2414 3545 CLIX.
2458 3493 2576 3548 Hoc
2604 3515 2784 3554 servus
2825 3503 2922 3557 Dei
2950 3506 3123 3575 facere
3146 3512 3311 3569 debet.
3400 3540 3419 3555 κ

1980 3572 2151 3666 IIulta
2173 3580 2391 3646 quidem
2433 3585 2583 3649 ιοΙΙο,
2626 3592 2719 3644 sed
2759 3572 3020 3651 fratribus
3046 3601 3225 3656 omnia
3261 3607 3457 3666 trado:

2047 3665 2248 3724 Aufero
2278 3672 2554 3742 divitibus,
2586 3680 2798 3749 praebeo
2829 3689 3178 3756 pauperibus.

1978 3774 2134 3867 CLX:
2168 3776 2446 3867 Pramum.
2467 3788 2693 3867 dicimus
2724 3806 2742 3842 .'
2774 3792 2944 3867 Edent
2980 3815 3250 3867 pauperes.
3284 3804 3566 3866 Silentium

2048 3848 2300 3903 solventes
2340 3854 2563 3912 dicimus
2589 3876 2606 3911 :
2651 3859 2892 3917 Pretiosa
2928 3848 3003 3919 inr
3025 3848 3299 3938 conspectu
3333 3848 3566 3936 Βοίῖίὲῖῖ
3619 3922 3625 3928 ρ

1980 3935 2133 3992 Sicut
2158 3939 2352 4009 Edent,
2386 3962 2633 4016 mensas;
2667 3955 2841 4008 reddit
2863 3955 3128 4021 Pretiosa,
3162 3962 3422 4032 loquelas.

1976 4025 2241 4097 [nsipiens
2261 4031 2314 4085 in
2345 4037 2508 4090 corde
2534 4053 2666 4092 suo:
2710 4040 2825 4096 Non
2856 4054 2940 4099 est
2976 4045 3138 4113 Deus,
3172 4025 3366 4122 inquit.

2544 4128 2721 4184 CLXI.
2752 4132 2827 4186 De
2858 4134 2997 4188 odio.

1978 4208 2048 4265 Ut
2075 4211 2168 4264 lita
2200 4214 2457 4282 pestifero
2486 4219 2702 4285 perimit
2731 4226 3003 4293 catapulta
3035 4243 3263 4295 veneno.

2051 4300 2141 4358 Sic
2170 4305 2381 4360 animas
2422 4308 2699 4363 hominum
2733 4315 2911 4383 perdit
2946 4319 3079 4373 edax
3112 4323 3317 4379 odium.

2082 4393 2284 4448 CLXII.
2316 4395 2420 4460 Qui
2444 4408 2703 4454 castratus
2725 4414 2799 4456 est
2838 4421 2941 4459 non
2974 4409 3118 4463 debet
3140 4415 3451 4486 cpiscopari.
3534 4432 3535 4435 ‘

1901 4527 1954 4588 Β
1980 4481 2082 4549 Qui
2108 4484 2295 4553 nequit
2322 4487 2525 4541 abscidi
2567 4505 2672 4544 non
2703 4491 2863 4548 debet
2895 4495 3100 4552 honore
3130 4504 3313 4570 potiri.

2336 4577 2557 4635 CLXIII.
2592 4580 2672 4636 De
2694 4582 2941 4640 Romanis
2964 4589 3214 4656 febribus.

1981 4669 2149 4721 Roma
2172 4684 2335 4724 vorax
2366 4672 2671 4741 hominum,
2694 4676 2879 4732 domat
2905 4680 3071 4734 ardua
3102 4683 3235 4737 colla
3261 4701 3529 4758 virorum,

1982 4761 2149 4815 Roma
2182 4762 2329 4817 ferax
2362 4764 2590 4821 febrium
2625 4771 2775 4825 necis
2796 4780 2879 4825 est
2907 4774 3180 4831 uberrima
3216 4777 3458 4850 frugum,

1981 4851 2239 4907 Romanae
2271 4854 2447 4911 febres
2473 4860 2651 4915 stabili
2678 4870 2801 4917 sunt
2819 4863 2944 4932 jure
2967 4864 3169 4922 ﬁdeles.

2056 4938 2276 4999 CLXIV.
2305 4943 2459 5009 Quod
2486 4949 2599 5035 qui“
2619 4950 2822 5018 ignorat
2855 4952 3016 5035 leqem
3041 4956 3282 5013 uitiorum
3314 4963 3491 5035 nequit

2502 5020 2694 5072 evitare
2728 5022 3027 5088 perniciem.

1975 5100 2077 5169 Qui
2100 5101 2188 5170 jus
2219 5105 2432 5173 ignorat
2460 5107 2710 5162 vitiorum
2742 5119 2896 5179 peste
2924 5111 3164 5183 laborat,

2049 5195 2316 5251 Virtutem
2345 5198 2554 5264 vitium,
2588 5198 2670 5253 fas
2696 5210 2848 5271 putat
2882 5202 3155 5262 illicitum.

1973 5284 2084 5357 46
2118 5285 2232 5341 Non
2265 5287 2334 5341 sit
2357 5304 2582 5343 securus
2612 5292 2702 5359 qui
2723 5292 2923 5369 judicis
2945 5309 3038 5348 ore
3071 5298 3317 5368 solutus,
3386 5304 3389 5307 ’

2052 5374 2189 5430 Sunt
2212 5391 2242 5431 a
2268 5376 2385 5447 lege
2407 5379 2533 5447 poli.
2560 5381 2773 5435 dissona
2799 5381 3062 5455 iuratori.

1980 5467 2202 5522 Arbiter
2222 5469 2471 5524 internus
2503 5470 2632 5540 ligat
2659 5473 2804 5527 hunc
2829 5490 2988 5542 quem
3016 5478 3176 5533 solvit
3204 5492 3444 5553 apertus,

2048 5558 2161 5614 Nec
2190 5558 2325 5630 fugit
2351 5575 2490 5626 esse,
2520 5578 2619 5617 nec
2646 5564 2794 5619 videt
2821 5574 2938 5619 acta
2969 5566 3131 5623 Deus.

2348 5661 2553 5717 CLXV.
2587 5661 2664 5716 De
2695 5664 2938 5719 triduano
2964 5667 3193 5735 jejunio.

1982 5748 2153 5817 Quam
2185 5751 2431 5807 triduana
2469 5766 2686 5821 gravem
2720 5756 2886 5810 soleat
2917 5756 3122 5813 illidere
3154 5760 3353 5815 calcem
