4108 5342
506 261 613 319 963

501 374 604 430 Hic
625 371 777 427 rudis
806 370 1039 440 ignorat,
1069 367 1405 423 stomachum
1441 366 1535 435 qui
1564 364 1782 419 sedulus
1812 364 1983 429 inﬂat,

500 462 720 519 Crebris
748 461 1015 517 eﬂlantem
1048 459 1291 529 reprimit
1317 458 1407 529 qui
1431 456 1607 513 tistula
1633 464 1898 520 ventrem,

501 553 681 623 thue
708 550 847 606 fabri
875 548 1057 604 follem
1087 556 1284 603 vacuat
1314 548 1591 617 spiramen
1625 553 1935 613 utrumque.

528 642 759 700 CLXVI.
786 640 1019 695 Cadaloo
1059 657 1162 694 non
1186 640 1407 710 pastori,
1435 638 1525 692 sed
1553 635 1770 706 antiquo
1797 636 2036 691 draconi.

497 730 710 786 Desinit
734 744 855 784 esse
878 743 1003 784 reus
1029 728 1121 798 qui
1150 727 1303 798 punit
1334 725 1512 779 ﬂendo
1536 732 1766 789 reatum,

497 821 799 891 Sacrilegat
827 828 1061 890 coeptam
1090 818 1361 888 geminata
1388 816 1637 885 superbia
1666 814 1878 884 culpam
1897 854 1911 879 ,

494 912 652 968 Caede
688 923 890 966 necans
928 905 1151 972 Urbem,
1178 920 1324 960 nunc
1353 920 1487 961 auro
1522 904 1758 960 destruis
1787 905 1994 960 orbem.

495 1000 640 1055 Ileu!
674 998 855 1070 gladio
878 996 1006 1053 ferri
1034 995 1240 1067 gladius
1276 995 1632 1051 truculentior
1661 995 1814 1060 auri;

491 1087 543 1144 Is
573 1088 810 1143 animam
836 1091 1110 1156 penetrat,
1149 1097 1370 1138 carnem
1403 1081 1526 1136 fons
1570 1081 1708 1152 (cod.
1741 1079 1883 1145 Vat.,
1917 1079 2071 1147 foris,

1405 1170 1585 1246 [Mu.)
1622 1171 1712 1225 ille
1734 1178 2002 1236 cruentat,

494 1271 726 1341 Vimque
754 1276 901 1325 tenet
918 1266 1084 1337 jaculi
1112 1264 1371 1321 radiantis
1397 1278 1533 1318 vena
1566 1261 1789 1317 metalli.

492 1359 583 1415 Nil
609 1358 790 1415 differt
820 1357 986 1422 ferro,
1010 1356 1309 1428 perimatur
1328 1354 1557 1423 quisque
1579 1352 1661 1406 vel
1681 1366 1832 1407 auro.

492 1450 630 1517 Quid
644 1452 797 1522 juvat
821 1463 890 1502 an
914 1447 1077 1501 fulvis
1102 1444 1380 1513 furvisqne
1409 1443 1530 1511 quis
1559 1442 1770 1496 occidat
1801 1440 2003 1495 armis?

490 1545 602 1600 llos
630 1543 897 1599 homicida
927 1542 1108 1597 vibras
1129 1540 1357 1594 miseros
1385 1546 1438 1591 et
1463 1545 1721 1605 utrosque
1741 1536 1998 1590 trucidas.

490 1633 533 1687 Ε
558 1633 696 1687 coelo
724 1646 932 1696 rueras,
955 1630 1049 1684 sed
1079 1630 1254 1684 adhuc
1276 1628 1440 1682 draco
1467 1626 1670 1680 lubrice
1699 1624 1900 1688 suillas,

489 1721 597 1777 Ore
617 1736 839 1776 vomens
882 1719 1087 1774 rabiem
1121 1727 1317 1775 tetrum
1351 1715 1604 1772 diﬂ'undis
1628 1714 1848 1769 odorem
1875 1731 1889 1767 :

489 1814 718 1870 Fractus
745 1814 921 1868 adhuc
951 1820 1155 1883 reptas,
1181 1819 1235 1865 et
1258 1810 1503 1864 ﬂammas
1527 1806 1748 1861 naribus
1775 1804 1959 1871 etuas;

488 1904 759 1975 Squamea
781 1903 917 1959 colla
947 1910 1146 1965 tumes,
1175 1910 1384 1969 strages
1411 1907 1464 1953 ct
1486 1896 1670 1967 praelia
1702 1894 1937 1950 frondes.

487 1993 713 2051 Desinat
736 1992 1010 2048 horrenda
1037 1990 1280 2060 squamis
1307 1987 1558 2043 attollere
1592 1984 1750 2050 colla,

491 2074 561 2141 Ut
589 2084 816 2156 populus
843 2084 1007 2149 vivat,
1040 2082 1206 2137 vitam
1236 2079 1376 2135 mala
1404 2078 1576 2135 bestia
1607 2076 1832 2147 perdat;

489 2179 667 2234 Torva
695 2178 1021 2233 draconteas
1050 2174 1310 2245 reprimat
1344 2171 1455 2240 jam
1490 2170 1674 2240 vipera
1701 2168 1898 2223 cristas
1923 2167 2061 2238 (cod.

1386 2260 1562 2334 [Vat.,
1592 2258 1796 2322 chelas,
1823 2256 1996 2328 Man),

487 2357 566 2414 Te
590 2362 1007 2428 superaggestus
1035 2352 1269 2422 lapidum
1298 2348 1593 2404 tumuletur
1623 2361 1868 2409 acervus,

488 2448 676 2503 Ruder
698 2445 805 2501 erit
828 2443 1063 2514 lapidum
1096 2454 1324 2495 concors
1353 2436 1623 2493 sententia
1647 2435 1888 2498 Patrum,

488 2537 617 2594 Haec
646 2534 855 2594 scrobis
883 2541 1002 2587 atra
1038 2530 1176 2602 (cod.
1216 2527 1369 2593 Vat.,
1414 2535 1590 2591 antra,
1636 2524 1788 2595 Mar.)
1835 2523 1953 2579 lues
1979 2533 2067 2579 tu-

1267 2618 1437 2691 [mido
1467 2633 1533 2672 ne
1560 2624 1771 2686 gutture
1796 2613 1996 2682 suillos,

488 2717 636 2773 Mille
652 2730 825 2772 vorax
852 2712 1136 2769 hominum
1161 2717 1345 2779 crepet
1373 2706 1677 2762 insatiabile
1705 2715 2031 2761 monstrum.

489 2810 569 2865 Te
597 2823 759 2878 super
788 2805 985 2862 inferni
1009 2820 1107 2860 sua
1137 2802 1392 2859 claudant
1427 2816 1525 2855 ora
1545 2813 1814 2865 cavernze,
1838 2846 1843 2849 .

488 2901 568 2956 Ne
592 2902 798 2957 reditus
827 2907 1024 2970 pateat,
1057 2896 1152 2953 sed
1184 2896 1370 2951 mundi
1400 2892 1538 2948 bella
1567 2893 1869 2963 quiescant.

487 2991 692 3047 Fumea
722 2990 831 3045 vita
854 2988 1018 3055 volat,
1056 3002 1202 3042 mors
1232 2985 1522 3057 improvisa
1550 2984 1876 3053 propinquat
1902 2980 2035 3053 (6i).

487 3082 738 3137 Imminet
765 3079 962 3151 expleti
992 3094 1200 3150 praepes
1238 3078 1334 3133 tibi
1367 3076 1629 3133 terminus
1655 3076 1756 3131 aevi

487 3173 605 3230 Non
630 3188 731 3246 ego
759 3181 813 3228 te
838 3171 987 3238 fallo,
1018 3177 1198 3240 empto
1225 3168 1477 3229 morieris
1504 3162 1563 3221 in
1588 3180 1732 3221 anno

557 3282 810 3341 CLXVIL
841 3280 1067 3363 Cuidant
1107 3279 1262 3349 fratri
1284 3320 1300 3345 ,
1334 3279 1418 3331 cui
1439 3276 1703 3363 jejunium
1730 3286 1777 3329 et
1805 3274 1995 3344 vigilite

948 3356 1003 3404 in
1043 3365 1291 3405 nauseam
1344 3356 1606 3401 venerant.

487 3444 901 3517 Agrigentinum
933 3440 1130 3496 Siculis
1156 3438 1236 3492 sal
1265 3438 1502 3507 gignitur
1524 3436 1671 3500 oris;

489 3536 645 3603 Quod
667 3532 787 3588 ﬂuit
814 3533 869 3586 in
899 3531 1154 3594 ﬂammis,
1181 3531 1413 3597 crepitat
1440 3528 1484 3581 si
1513 3528 1775 3596 mergitur
1795 3526 1972 3580 undis.

489 3625 594 3692 Qui
625 3621 899 3679 naturales
927 3620 1092 3673 trahit
1114 3618 1168 3672 in
1192 3619 1463 3673 contraria
1494 3618 1657 3687 leges,

488 3714 750 3785 Congruit
773 3710 994 3767 Auctori
1021 3717 1281 3780 quantum
1311 3708 1414 3763 sibi
1442 3706 1664 3761 dissidet
1692 3706 1805 3760 uni.

558 3804 831 3863 CLXVIII.
860 3803 1019 3869 Quod
1055 3802 1269 3873 quidam
1310 3798 1591 3873 benefactis
1627 3797 1990 3870 Mentiuntur,

973 3869 1257 3943 oﬁ'énsione
1293 3869 1571 3940 placantur

490 3967 739 4024 Oﬂicium
768 3963 1010 4021 stimulat
1033 3962 1317 4032 quosdam,
1351 3959 1629 4030 percussio
1652 3968 1855 4028 placat,

490 4059 565 4117 Os
586 4059 642 4114 in
669 4057 833 4114 corde
858 4069 980 4119 suo,
1011 4069 1107 4139 eor
1132 4051 1285 4122 ponit
1311 4050 1365 4104 in
1390 4063 1484 4105 ore
1514 4048 1795 4104 dabaldns.

880 4145 1109 4203 CLXIX.
1157 4144 1235 4198 De
1269 4143 1422 4197 dente
1451 4152 1498 4196 et
1526 4142 1681 4195 lente.

491 4243 693 4298 Littera
725 4245 985 4302 mutetur,
1010 4235 1154 4304 quod
1182 4233 1374 4288 edebat
1402 4246 1589 4286 rursus
1610 4232 1817 4285 edetur.

560 4326 768 4385 CLXX.
798 4323 951 4392 Quod
982 4339 1104 4377 caro
1133 4324 1258 4392 sine
1296 4320 1667 4392 praedicatione
1697 4319 1986 4387 prorumpit

980 4393 1034 4445 in
1076 4389 1258 4444 silvam
1307 4391 1569 4443 vitiorum.

418 4494 425 4505 ‘
493 4487 747 4548 Silveseit
772 4484 922 4540 vitiis
942 4495 1069 4536 caro
1096 4479 1250 4533 verbi
1277 4478 1469 4541 libera,
1497 4477 1686 4532 cultris

494 4580 782 4637 Virescunt
811 4571 1043 4636 steriles,
1074 4568 1343 4624 sarrientc
1373 4567 1566 4636 ligone,
1598 4564 1831 4618 novales.

490 4669 752 4727 Novimus
777 4660 1119 4723 Annibalem,
1148 4658 1465 4727 luscumque
1493 4655 1661 4710 fuisse
1687 4654 1975 4717 Neronem,

491 4760 666 4828 Quem
695 4769 882 4813 ramex
909 4752 1072 4808 etiam
1098 4749 1316 4821 pressit,
1341 4764 1461 4804 cum
1491 4758 1706 4815 sceptra
1735 4744 1992 4800 levarent.

859 4842 1087 4901 CLXXI.
1132 4841 1205 4895 De
1244 4838 1427 4894 baculo
1472 4838 1707 4892 rectoris.

494 4942 720 4982 ςιιαρῑηρ
747 4937 1021 4982 diversum
1052 4931 1436 4982 moderaminis
1466 4937 1583 4982 arte
1607 4926 1860 4982 bacillum
1886 4945 1899 4981 :

1342 257 1401 313 S.
1436 256 1641 311 PETRI
1673 254 1955 311 DAMIANI
1992 257 2141 314 OPP.
2184 255 2419 314 TOMUS
2455 255 2587 313 SEU
2621 257 2802 315 PARS
2834 257 2922 314 IV.

2102 372 2157 430 Α

2092 1712 2141 1775 Β

2091 4394 2144 4454 D

2393 365 2569 432 Nunc,
2591 371 2730 437 proh
2758 367 2947 423 dolor!
2976 363 3205 425 eﬂiceris

2390 454 2612 513 Oﬂicina
2643 456 2897 511 Simonis.

2460 543 2667 600 Terunt
2693 545 2942 600 incudem
2972 544 3170 612 mallei,

2391 635 2604 690 Nummi
2633 644 2759 690 sunt
2783 635 3003 690 tartarei
3030 654 3044 690 :

2339 793 2342 797 _
2386 726 2542 782 Justo
2570 728 2663 782 Dei
2686 726 2914 796 judicio,

2392 815 2482 871 Fit
2512 817 2616 872 ista
2643 818 2899 873 conditio.

2458 904 2530 961 Ut
2555 906 2802 975 quisquis
2831 907 3188 976 apostolicare

2388 996 2583 1053 Sedem
2611 998 2775 1053 semel
2804 1015 3108 1070 comparat,

2384 1086 2672 1145 Redimere
2698 1104 2804 1143 non
2831 1091 3062 1156 desinat,

2401 1179 2583 1235 Donec
2612 1180 2751 1234 male
2778 1191 2987 1250 pereat.

2452 1269 2777 1325 Cathedram
2804 1272 3124 1341 pestilentia:

2383 1359 2610 1416 Pressus
2635 1361 2997 1428 anathemate,

2389 1450 2567 1505 Tenes
2592 1465 2714 1505 cum
2745 1451 3119 1507 sacerdotibus

2384 1540 2588 1598 Christi
2619 1538 3069 1612 peremptorihus.

2457 1633 2547 1687 Fit
2574 1632 2668 1688 tibi
2697 1641 2842 1687 terra
2868 1632 3067 1699 ferrea,

2380 1723 2515 1781 Coeli
2545 1725 2700 1780 sedes
2721 1739 2867 1780 aenea
2894 1741 2910 1791 ;

2380 1814 2675 1881 Diligenter
2697 1816 2860 1887 igitur
2887 1815 3130 1881 intende,
3159 1816 3301 1886 quod
3324 1816 3466 1872 dico.

2329 1902 2603 1960 CLXXIII.
2632 1903 2708 1958 De
2736 1906 2944 1960 miseria
2966 1906 3209 1959 humanm
3238 1904 3570 1961 conditionis.

2166 1996 2311 2051 Proh
2341 1995 2532 2050 dolor!
2568 1994 2752 2049 infelix
2783 1995 3033 2049 humana:
3060 1994 3246 2061 stirpis
3278 1994 3431 2063 origo

2057 2130 2075 2143 κ
2166 2085 2272 2141 Per
2302 2085 2578 2139 traducem
2607 2084 2786 2139 carnis
2816 2084 2876 2137 tit
2906 2084 3081 2139 adhuc
3116 2083 3347 2139 obnoxia
3378 2083 3604 2150 mortis;

2168 2176 2237 2230 Et
2265 2176 2492 2230 miseros
2520 2174 2712 2244 gignit,
2739 2189 2875 2243 quos
2898 2174 3021 2229 vita:
3050 2173 3220 2228 limite
3239 2173 3461 2229 claudit.

2168 2265 2269 2332 Qui
2304 2280 2409 2320 non
2436 2279 2660 2318 uxorem
2689 2264 2792 2318 nisi
2821 2263 2986 2334 prolis
3017 2262 3191 2332 tangit
3219 2277 3426 2327 amore,

2167 2358 2280 2413 Etsi
2308 2357 2606 2421 mirandus,
2629 2372 2737 2410 non
2762 2355 3012 2410 erunibus
3034 2363 3119 2409 est
3148 2354 3481 2417 imitandus;

2167 2446 2285 2502 Non
2315 2447 2431 2503 sine
2454 2443 2754 2502 membellis
2786 2444 2928 2499 valet
2961 2459 3082 2498 esse
3109 2442 3331 2507 refectio
3359 2440 3634 2497 membris.

2167 2535 2320 2605 Saepe
2347 2533 2647 2589 novercalis
2678 2533 2733 2587 tit
2759 2548 2909 2589 mens
2936 2543 3181 2590 materna
3214 2531 3431 2601 pupillis

2168 2628 2418 2697 Legeque
2443 2638 2698 2694 perversa
2729 2624 2908 2695 gravis
2936 2631 3021 2679 est
3050 2624 3118 2678 de
3146 2632 3323 2677 matre
3348 2636 3600 2677 noverca.

2239 2736 2518 2797 CLXXIV.
2549 2738 2626 2792 De
2654 2755 2714 2794 eo
2738 2739 2827 2810 qui
2843 2738 3115 2821 .pragdicat
3143 2738 3351 2807 justum
3379 2744 3428 2789 et
3456 2735 3675 2791 dimittit

2837 2824 3074 2879 imptum.

2170 2906 2370 2964 Fundit
2397 2918 2590 2975 aquam
2618 2902 2795 2958 ﬂuviis
2820 2916 3009 2957 vecors
3035 2900 3340 2956 sitientibus
3369 2897 3561 2953 hortis.

2561 2994 2818 3052 CLXXV.
2840 2993 2983 3049 Laus
3007 2993 3361 3060 elcemosyntz.

2093 3059 2140 3123 θ
2169 3090 2405 3145 Fenerat
2435 3087 2523 3142 ille
2544 3086 2654 3141 Deo
2677 3083 2768 3153 qui
2799 3090 3075 3150 sumptum
3101 3059 3305 3149 praebet
3330 3093 3523 3150 egeno,

2169 3180 2415 3236 Reddere
2436 3176 2707 3248 promisit,
2732 3173 2825 3243 qui
2858 3187 2962 3227 non
2991 3170 3270 3226 mendacia
3301 3172 3486 3235 novit;

2168 3271 2411 3326 Solvitur
2437 3267 2709 3336 expletum
2739 3263 2976 3337 graviori
3007 3262 3193 3319 fenore
3231 3263 3438 3317 lucrum
3463 3278 3479 3325 ;

2166 3363 2273 3418 Pro
2294 3361 2506 3418 modico
2543 3372 2820 3427 magnum,
2860 3370 2958 3425 pro
2985 3370 3143 3410 emno
3171 3353 3412 3407 redditur
3438 3365 3630 3405 aurum
3656 3367 3673 3414 ;

2167 3452 2260 3511 Sic
2285 3451 2500 3507 hemina
2526 3448 2742 3512 cadum,
2771 3447 3010 3500 lucratur
3032 3445 3254 3512 dragma
3280 3441 3567 3506 talentum,

2168 3542 2261 3598 Sic
2281 3541 2473 3597 obolus
2498 3553 2748 3610 regnum,
2780 3536 3009 3605 cyathus
3041 3541 3314 3587 mercatur
3338 3531 3636 3600 olympum,

2165 3634 2367 3691 Caelica
2404 3630 2640 3687 terrenis
2671 3626 3042 3689 redhibeatur,
3069 3622 3172 3676 lixa
3202 3621 3440 3676 caducis.

2165 3728 2321 3799 Ignes
2344 3724 2488 3781 unda
2517 3729 2701 3786 necat,
2732 3719 2915 3789 lapsus
2940 3716 3280 3783 elcemosyna
3314 3719 3528 3782 purgat.

2167 3820 2263 3874 Est
2291 3831 2428 3886 aqua
2455 3828 2603 3869 mors
2628 3811 2877 3873 ﬂammae,
2915 3821 3061 3862 mors
3089 3814 3170 3859 est
3190 3803 3529 3873 cleemosyna
3553 3801 3744 3877 culpa,

2165 3909 2278 3965 Nec
2305 3907 2475 3977 replet
2506 3902 2724 3971 irriguis
2753 3901 3116 3969 lacrymarum
3144 3894 3307 3950 corda
3332 3892 3567 3947 ﬂuentis.

2166 3998 2292 4053 Haec
2321 3996 2467 4051 vitiis
2498 4001 2713 4055 vacuat,
2746 3988 3007 4044 virtutum
3036 3983 3261 4040 ﬂoribus
3283 3990 3461 4036 ornat.

2167 4087 2294 4144 Haec
2319 4086 2594 4141 redimunt
2621 4082 2798 4150 ipsum
2823 4076 3040 4145 pietatis
3070 4075 3281 4130 viscera
3308 4069 3604 4125 Christum.
3693 4106 3712 4121 .

2614 4166 2892 4224 CLXXVI.
2925 4165 3096 4219 Avaro
3124 4161 3296 4215 diviti.

2167 4266 2270 4333 Qui
2296 4264 2490 4319 cedros
2519 4258 2708 4315 solidis
2739 4255 2842 4309 scit
2870 4253 3187 4319 contignare
3213 4246 3504 4319 cypressis,

2173 4356 2549 4410 Fundamenta
2575 4347 2736 4404 struit
2763 4343 2927 4400 nullis
2949 4342 3182 4398 obnoxia
3212 4338 3396 4393 ﬂabris
3423 4351 3439 4390 :

2170 4448 2344 4502 Ditior
2366 4460 2425 4499 es
2452 4456 2610 4497 caeno
2640 4449 2801 4509 quam
2831 4436 2926 4502 sis,
2956 4433 3195 4498 Pactole,
3224 4431 3461 4485 ﬂuento:

2173 4537 2323 4593 Unda
2357 4536 2500 4591 levat
2523 4530 2817 4594 cumulum,
2848 4527 3085 4583 ﬂavescit
3112 4538 3276 4579 arena
3306 4517 3602 4583 metallum,

2169 4627 2334 4681 Latna
2363 4623 2484 4682 tulit
2513 4618 2717 4692 fruges,
2748 4633 2908 4688 rupes
2928 4624 3192 4686 praerupta
3221 4626 3502 4668 cacumen.

2170 4714 2265 4771 Ilis
2294 4716 2465 4769 vitam
2491 4711 2749 4781 tegimus,
2771 4705 2961 4779 procul
2990 4705 3092 4760 hoc
3118 4713 3296 4757 astare
3330 4698 3572 4752 videmus
3590 4734 3605 4759 ,

2177 4808 2235 4863 In
2266 4806 2426 4862 vidua
2454 4803 2606 4858 dives
2630 4801 2772 4854 Deus
2802 4806 2907 4863 est,
2940 4796 2993 4850 in
3022 4795 3187 4850 divite
3215 4804 3440 4863 pauper.

2594 4882 2894 4943 CLXXVII.
2939 4883 3059 4938 Viro
3082 4880 3323 4952 superbo.
