4078 6336
284 388 399 446 9σὸ

279 496 515 564 Tumida
544 494 681 551 colla
710 492 825 547 suis
850 487 1049 559 subigit
1078 500 1226 543 mors
1261 484 1504 555 improba
1532 484 1752 555 plantis.

273 586 475 648 “itere
496 584 588 655 qui
620 583 821 653 patitur
845 579 991 634 felici
1016 587 1187 632 morte
1210 575 1440 640 fruetur,

271 672 385 738 Qui
419 674 621 729 fruitur
644 671 757 725 vita
786 676 1015 722 mortem
1053 666 1288 736 patietur
1313 677 1577 719 amaram.

282 767 409 822 Vita
431 764 613 819 brevis
637 760 887 831 prohibet
916 772 984 812 ne
1007 757 1225 827 longum
1252 756 1433 809 vivere
1462 767 1666 823 speres.

282 856 419 911 Vive
443 866 651 907 memor
681 849 891 913 mortis,
918 862 1025 916 quo
1053 860 1267 913 semper
1292 845 1472 898 vivere
1498 842 1693 912 possis.

284 949 457 1005 Totus
492 947 613 1001 vive
644 945 773 1009 Deo,
811 951 954 997 totus
987 941 1080 994 tibi
1105 948 1348 994 mortuus
1368 946 1507 992 esto.

285 1039 410 1094 Vita
437 1037 582 1108 parit
607 1043 858 1098 mortem,
886 1024 1035 1086 mors
1056 1030 1219 1083 vitam
1250 1043 1418 1099 parva
1445 1041 1756 1098 perennem.

287 1128 389 1197 Qui
416 1127 519 1182 sibi
543 1139 685 1180 nunc
707 1123 841 1178 vivit
863 1134 1077 1189 semper
1099 1117 1377 1177 moriendo
1404 1116 1620 1186 peribit.

287 1220 350 1274 In
380 1234 439 1275 se
469 1218 563 1288 qui
602 1216 853 1279 moritur,
878 1214 1025 1268 hunc
1052 1212 1161 1265 vita
1189 1211 1348 1265 beata
1378 1219 1653 1279 sequetur.

236 1382 246 1398 .
289 1308 383 1365 Sic
414 1308 628 1378 requies
651 1305 795 1362 fesso
821 1301 1137 1359 redhibetur
1159 1300 1268 1354 vita
1292 1307 1587 1369 perempto.

621 1411 948 1470 CLXXVIII.
974 1410 1158 1465 Livido
1196 1409 1547 1463 obtrectatori.

286 1530 424 1588 Esse
446 1531 586 1588 foret
607 1546 801 1602 panem
830 1528 1025 1584 melius
1050 1542 1210 1597 quam
1238 1526 1429 1580 rodere
1457 1524 1701 1588 fratrem,

287 1617 544 1689 Corporis
564 1633 669 1673 una
694 1618 869 1684 cibus,
893 1616 1085 1669 animzr
1112 1628 1199 1668 res
1225 1613 1395 1667 altera
1416 1613 1587 1667 virus.
1682 1662 1683 1667 η

293 1709 474 1765 Rosus
507 1724 616 1764 non
644 1708 902 1774 moritur,
935 1705 1135 1760 rodens
1158 1702 1425 1757 homicida
1454 1710 1687 1755 tenetur.

292 1797 411 1854 Non
439 1799 573 1854 alios
595 1811 823 1868 capreae,
857 1805 909 1851 te
935 1809 1129 1850 cernas
1152 1792 1353 1847 lumine
1377 1791 1550 1861 talpae.

287 1888 408 1945 Non
434 1890 570 1945 mihi
601 1889 696 1945 des
714 1888 943 1953 vultum,
970 1893 1254 1955 promptus
1281 1884 1376 1938 tibi
1403 1892 1616 1937 vertere
1639 1890 1868 1952 tergum,

290 1982 375 2041 Me
402 1982 609 2038 faciens
632 1979 930 2050 speculum,
955 1991 1077 2031 cum
1102 1976 1177 2029 sis
1205 1974 1301 2028 tibi
1324 1972 1559 2029 mantica
1582 1971 1779 2038 factus,

288 2071 523 2144 Polypus
550 2067 778 2127 haerenti
810 2067 876 2122 de
900 2080 959 2121 se
980 2080 1087 2119 non
1120 2061 1257 2117 fetet
1279 2061 1466 2116 olenti.

287 2161 505 2232 Lyncea
530 2159 623 2215 lux
644 2158 825 2213 radios
851 2156 905 2211 in
928 2155 1138 2209 viscera
1164 2151 1276 2222 figit
1298 2159 1485 2205 acutos
1500 2190 1514 2214 ,

288 2249 423 2307 Cum
446 2263 506 2303 se
529 2262 636 2303 non
655 2247 859 2311 videat,
881 2250 1127 2314 penetrat
1151 2241 1337 2312 procul
1358 2255 1520 2295 omne
1541 2241 1682 2309 quod
1705 2248 1870 2308 astat;

291 2339 509 2396 Obtusae
529 2347 682 2395 cotes
712 2345 935 2401 acuunt,
960 2350 1069 2389 non
1095 2333 1290 2389 cedere
1310 2341 1556 2403 possunt,

287 2427 400 2485 Nec
420 2428 543 2495 sibi,
573 2428 669 2483 sed
697 2428 848 2481 vario
867 2432 1060 2497 parent
1081 2439 1177 2480 sua
1199 2422 1322 2492 jura
1348 2422 1581 2487 metallo,

291 2518 495 2575 Scabra
518 2519 685 2590 polire
716 2518 844 2575 lima
871 2517 1040 2583 novit,
1063 2532 1170 2571 non
1202 2516 1316 2585 ipsa
1341 2514 1517 2584 poliri,

288 2610 460 2666 Prava
485 2619 668 2665 manet
689 2618 903 2666 sentum
927 2609 1186 2673 scorium,
1211 2607 1338 2660 dum
1360 2606 1573 2675 ltevigat
1594 2620 1814 2660 aurum'

290 2701 430 2757 Nam
450 2702 697 2757 scabiosa
732 2701 914 2757 carnis
939 2699 1094 2755 titulo
1123 2698 1184 2753 ﬁt
1221 2698 1382 2768 digna
1410 2697 1604 2763 fidelis,

290 2792 352 2848 Si
379 2790 521 2847 rictu
550 2791 741 2847 rabido
767 2806 990 2847 vernam
1014 2804 1137 2844 cum
1171 2787 1293 2856 jure
1326 2788 1563 2843 lacessit.

291 2878 396 2947 Qui
423 2881 568 2950 quod
595 2880 712 2934 vult
736 2880 886 2945 dicit,
917 2878 1061 2947 quod
1096 2891 1201 2930 non
1228 2875 1343 2929 vult
1373 2877 1569 2944 smpius
1592 2875 1760 2931 audit.

290 2966 409 3024 Non
433 2967 597 3023 habet
623 2982 688 3023 os
708 2967 911 3038 lingua,
946 2965 1122 3035 frangi
1154 2963 1287 3019 facit
1308 2979 1430 3019 ossa
1453 2965 1546 3018 sed
1569 2965 1684 3034 ipsa

291 3054 522 3127 Uuaque
547 3057 776 3112 diversis
802 3056 944 3126 parit
970 3053 1225 3109 informia
1250 3053 1524 3109 membris.

289 3148 443 3205 Pone
468 3149 668 3206 malum
697 3150 912 3221 linguae,
937 3163 1097 3218 quam
1122 3146 1304 3202 vibras
1325 3161 1476 3201 more
1496 3143 1727 3217 sagitta},

290 3239 371 3296 Ne
392 3241 553 3313 gladii
585 3249 748 3297 conto
779 3240 1087 3296 referantur
1113 3253 1244 3294 saxa
1274 3236 1474 3306 lapillo.

358 3349 642 3408 CLXXIX.
675 3351 887 3406 Duobus
914 3350 1163 3415 inimicis,
1189 3359 1246 3403 ut
1270 3349 1339 3403 ad
1357 3364 1539 3415 pacem
1566 3348 1798 3402 redeant.

291 3459 493 3517 I-Iantat
521 3476 676 3517 amor
699 3461 899 3525 varios,
931 3460 1130 3515 scindit
1150 3459 1419 3514 discordia
1440 3458 1659 3528 junctos
1684 3476 1699 3526 ;

286 3548 408 3606 Non
433 3549 503 3604 ibi
527 3549 614 3604 lux
644 3550 797 3621 pacis
824 3550 915 3605 ubi
943 3550 1000 3603 fit
1021 3549 1213 3604 divisio
1232 3548 1442 3614 cordis;

289 3641 405 3696 Pax
435 3642 592 3697 docet
623 3643 859 3714 ignaros,
887 3643 1157 3699 discordia
1186 3652 1352 3698 caecat
1378 3652 1587 3698 acutos.

289 3732 408 3789 Non
431 3742 607 3789 status
633 3744 716 3789 est
737 3736 919 3799 rebus,
946 3735 1178 3789 fortunae
1196 3736 1428 3789 vertitur
1447 3735 1601 3800 ordo,

290 3815 499 3873 Cervici
521 3816 706 3888 rigidae
725 3832 873 3872 mors
896 3818 1184 3888 improvisa
1206 3819 1461 3871 minatur.

290 3904 529 3977 Turgida
552 3906 687 3961 colla
712 3907 828 3962 suis
849 3908 1049 3976 subigit
1071 3904 1240 3960 febris
1265 3906 1420 3974 ignea
1445 3906 1643 3974 plantis
1661 3947 1676 3973 ,

289 3994 371 4049 Ac
390 3995 575 4049 domat
595 3995 892 4051 indomitos
916 3996 1097 4051 divino
1122 3996 1243 4065 jure
1274 3996 1515 4061 solutos;

293 4083 395 4152 Qui
418 4091 668 4140 tumuere
689 4085 800 4141 Deo
821 4093 1090 4156 coguntur
1108 4086 1302 4140 cedere
1324 4086 1547 4151 morbo;

293 4173 447 4240 Quod
474 4176 603 4229 dant
624 4175 868 4246 languori
888 4190 1033 4230 verae
1060 4184 1284 4229 vetuere
1304 4174 1486 4228 saluti.

293 4264 454 4320 Vultu
483 4280 625 4336 saepe
650 4276 877 4332 trucem,
900 4267 1145 4323 flammas
1172 4266 1318 4321 velut
1351 4282 1446 4321 ore
1480 4278 1805 4336 vomentem,

291 4353 510 4428 Oraque
539 4357 835 4412 terribilem
859 4356 1168 4413 frondentia
1201 4360 1365 4414 verba
1397 4366 1673 4413 tonantem

290 4447 480 4505 Funda
504 4454 803 4523 perexiguo
823 4455 1015 4509 stravit
1042 4464 1294 4510 contorta
1319 4456 1520 4526 lapillo.

368 4574 369 4577 ‘
466 4566 724 4624 CLXXX.
748 4567 881 4623 Cum
913 4570 1050 4624 idem
1079 4572 1328 4641 scriptum
1352 4572 1428 4625 bis
1452 4573 1696 4626 mittitur.

291 4677 424 4737 Iure
445 4690 666 4737 notatur
687 4684 851 4749 idem,
875 4684 967 4755 qui
991 4699 1133 4754 smpe
1158 4685 1406 4740 rescribit
1429 4687 1603 4740 eidem
1629 4704 1644 4754 ;

292 4767 414 4824 Non
437 4778 617 4826 tamen
642 4772 957 4837 absurdum,
990 4789 1112 4828 cum
1135 4789 1220 4828 res
1245 4774 1405 4829 habet
1431 4776 1542 4844 ipsa
1573 4793 1869 4841 recursum,

290 4858 475 4929 Indiga
505 4856 791 4916 verborum
813 4862 939 4916 dum
971 4864 1040 4917 sit
1067 4862 1358 4932 geminatio
1390 4879 1590 4919 rerum.

289 4943 578 5001 Insimulat
603 4948 774 5003 vicem
802 4950 1136 5007 carminibus
1165 4966 1270 5005 non
1300 4953 1634 5006 reddentem.

290 5033 535 5090 Disticha
565 5044 643 5090 tot
669 5036 815 5093 misit
842 5048 973 5108 quot
1001 5038 1219 5095 ﬂumina
1250 5050 1374 5095 sunt
1397 5042 1653 5110 paradisi,

292 5121 466 5178 Fonte
493 5126 588 5178 sed
616 5139 681 5178 ex
709 5137 890 5182 vestro
920 5143 1019 5183 nec
1048 5128 1177 5182 mihi
1208 5129 1347 5183 stilla
1374 5129 1508 5184 fluit.

292 5210 450 5267 Nunc
479 5213 641 5284 igitur
662 5216 878 5285 scriptis
908 5217 1130 5272 totidem
1161 5219 1261 5273 nisi
1292 5220 1491 5288 scripta
1518 5223 1763 5289 remittis,

292 5301 541 5374 Implebit
569 5320 793 5361 vacuam
821 5323 993 5378 penna
1031 5318 1209 5363 retusa
1236 5311 1467 5365 thecam.
1636 5292 1642 5297 ’

580 5393 858 5450 CLXXXI.
888 5397 965 5451 De
990 5398 1299 5469 quibusdam
1329 5402 1598 5455 antidotis.

294 5477 444 5536 Mors
470 5481 625 5538 aloen
650 5494 848 5555 aequat,
878 5488 1275 5558 capulatsapor
1297 5506 1435 5544 unus
1462 5501 1765 5563 utramque,

294 5568 397 5629 His
422 5588 637 5646 quoque
664 5583 718 5631 tu
742 5577 968 5647 parilem
1000 5579 1150 5650 pigra
1177 5580 1389 5636 sortiris
1416 5596 1661 5637 acrorem

299 5663 531 5737 Serapi;
557 5681 663 5722 non
686 5669 895 5725 cunctis
917 5666 1092 5726 fatear
1124 5681 1385 5742 praestare
1414 5672 1656 5729 venenis.

1494 372 1578 428 CA
1588 369 1797 428 IIIIINA
1837 373 1925 428 ET
1966 370 2249 428 PRECES.

1886 486 1937 545 Δ

1897 1838 1948 1900 Β

3426 369 3528 426 336

2033 479 2332 538 CLXXXII.
2378 478 2531 545 Quod
2573 481 2664 551 qui
2688 480 2860 604 £11m“
2892 495 3081 533 munus
3120 479 3265 534 debet
3307 481 3471 534 vicem

2633 567 2687 604 re
2762 567 2867 604 ere.

2633 567 2867 605 reddere.

1963 643 2296 699 Alterutrum
2318 642 2514 695 charos
2543 642 2818 709 componit
2844 655 3040 695 munus
3064 641 3288 705 amicos,

1968 732 2026 787 Si
2054 731 2272 802 gerulus
2295 730 2517 793 referat,
2541 729 2586 784 si
2607 731 2761 783 dator
2790 730 3041 799 accipiat.

1964 820 2076 894 ω
2135 819 2456 877 CLXXXIII.
2517 819 3054 941 Quibusubenedictio
3101 820 3167 874 dc
3221 821 3546 874 coclear-ibus

2635 905 2704 941 mi
2757 905 2879 941 tur.

2635 905 2879 942 ηιιιιιων.

1968 981 2108 1037 Dent
2131 981 2221 1035 alii
2260 980 2463 1035 fulvum
2498 980 2699 1034 trutina
2729 978 2961 1033 librante
2989 980 3297 1047 metallum;

1970 1072 2078 1126 Sed
2115 1072 2348 1126 mundus
2373 1070 2521 1135 vivit,
2553 1070 2680 1138 quia
2710 1069 2857 1139 ligno
2886 1070 3009 1127 Vita
3042 1071 3295 1140 pependit
3320 1090 3334 1125 :

1971 1164 2062 1219 Sic
2092 1164 2363 1217 modicum
2397 1177 2591 1232 magno
2624 1162 2825 1231 lignum
2860 1161 3149 1229 pretiosius
3176 1177 3329 1216 auro.

2002 1251 2334 1309 CLXXXIV.
2372 1249 2675 1319 Pontiﬁcali
2698 1252 2910 1304 dextera
2939 1252 3196 1304 coclearia
3218 1253 3516 1307 mittuntur.

1970 1344 2161 1414 Magna
2190 1344 2540 1414 perexiguum
2572 1357 2768 1395 munus
2803 1356 2965 1393 aurea
2999 1340 3212 1410 suscipe
3238 1340 3443 1409 lignum
3468 1380 3481 1393 .

1968 1431 2105 1488 Nolo
2135 1433 2317 1485 datum
2350 1431 2582 1485 trutines
2607 1471 2623 1495 ,
2654 1431 2746 1485 sed
2778 1429 2957 1484 dantis
2997 1430 3204 1485 viscera
3230 1428 3398 1484 libres
3424 1446 3437 1482 :

1969 1523 2155 1578 Audeo
2177 1522 2321 1592 quod
2350 1522 2491 1591 parti
2526 1538 2631 1575 non
2657 1529 2771 1583 est.
2809 1536 3140 1591 prmsumere
3169 1521 3266 1575 toti
3293 1537 3308 1587 ;

1971 1615 2224 1671 Carmina
2252 1624 2383 1683 quot
2412 1614 2633 1684 scripsi,
2664 1614 2884 1667 totidem
2916 1613 3011 1666 tibi
3038 1613 3182 1682 ligna
3211 1613 3410 1682 polivi,

1972 1705 2233 1762 Cbartula
2267 1705 2474 1760 venalis
2498 1746 2512 1770 ,
2550 1705 2821 1758 donantur
2855 1712 3052 1757 caetera
3081 1704 3273 1773 gratis.

2104 1794 2413 1851 CLXXXV.
2459 1793 2658 1859 Quibus
2691 1793 2977 1916 bflnfdictio
3006 1794 3070 1848 de
3101 1791 3421 1847 coclearibus

2644 1880 2713 1916 nn
2763 1879 2890 1916 tur.

2644 1879 2890 1917 ﬂltlfﬂul'.

1973 1956 2332 2013 Marmoribus
2359 1955 2542 2011 latomi
2573 1955 2707 2009 fabri
2737 1955 2870 2008 dant
2898 1955 3049 2025 signa
3080 1955 3345 2021 metallis,

1974 2050 2293 2121 Sandapilas
2328 2049 2514 2118 inopes
2543 2048 2896 2116 compingunt
2926 2047 3249 2116 vespillones
3272 2088 3288 2113 ,

1971 2134 2082 2191 Nec
2108 2151 2208 2192 nos
2232 2136 2383 2207 signa
2413 2138 2609 2189 ducum
2644 2135 2868 2190 ferimus
2892 2176 2904 2197 ,
2939 2136 3032 2189 sed
3061 2137 3214 2206 signa
3250 2137 3520 2192 colonum.

2364 2226 2696 2283 CLXXXVI.
2721 2226 2962 2280 Amicum
2991 2237 3169 2281 terret.

1972 2321 2125 2389 Quod
2154 2320 2336 2390 digitis
2364 2321 2546 2375 scribo
2576 2360 2591 2384 ,
2626 2319 2851 2374 totidem
2882 2318 2976 2371 tibi
3006 2318 3249 2372 carmina
3275 2319 3452 2385 mitto,

1970 2414 2177 2483 Aspera
2217 2428 2318 2467 vox
2347 2430 2360 2465 :
2393 2412 2506 2477 Ite;
2536 2410 2763 2464 nimium
2789 2408 3029 2476 jucunda
3065 2426 3079 2461 ε
3112 2407 3342 2463 Venite:

1972 2502 2281 2574 Congregat
2313 2504 2430 2557 haec
2460 2516 2649 2571 agnos,
2681 2514 2786 2553 vox
2816 2499 2983 2552 altera
3016 2497 3244 2566 dissipat
3268 2497 3487 2563 bardos;

1973 2593 2259 2662 PCI‘pBlISIB
2286 2606 2446 2646 VOCCS
2474 2596 2727 2661 pOICI‘UIII
2757 2602 3081 2657 componere
3115 2602 3312 2643 mores.

2374 2681 2727 2740 CLXXXVII.
2766 2681 2848 2734 Ad
2878 2680 3171 2734 inimicum.

1976 2779 2033 2834 Si
2063 2778 2212 2849 regni
2246 2778 2485 2847 requiem
2518 2776 2785 2846 cupimus,
2822 2783 3126 2829 metuamus
3154 2782 3210 2827 et
3239 2774 3450 2842 ignem;

1972 2868 2119 2923 Inter
2148 2867 2285 2922 bella
2312 2867 2471 2921 silent
2499 2867 2667 2935 leges,
2694 2864 2746 2917 in
2777 2877 2910 2932 pace
2939 2861 3257 2931 loquuntur.

1974 2957 2211 3027 Tempus
2236 2957 2389 3010 adest
2415 2956 2563 3021 belli,
2593 2954 2811 3009 venient
2850 2967 2947 3006 sua
2980 2962 3223 3019 tempora
3246 2950 3381 3020 legi;

1976 3049 2066 3104 Sic
2091 3049 2157 3103 lis
2178 3049 2448 3114 obtineat,
2480 3063 2549 3101 ne
2577 3062 2676 3116 pax
2708 3052 2829 3115 post
2860 3043 3048 3098 bellica
3078 3043 3302 3113 perdat;

1976 3140 2053 3195 Ne
2079 3140 2301 3193 vincare
2326 3138 2462 3202 foro,
2487 3139 2579 3207 qui
2611 3147 2786 3192 lentas
2816 3135 3035 3190 vincere
3062 3148 3275 3203 campo.

2082 3230 2456 3287 CLXXXVIII.
2501 3229 2754 3283 Discretio
2789 3228 2924 3282 inter
2959 3227 3116 3281 levem
3149 3235 3198 3280 et
3226 3240 3455 3297 gravem.

1976 3321 2219 3378 Horrens
2245 3322 2577 3392 praecipitem
2607 3319 2714 3374 noli
2743 3329 2794 3372 te
2821 3318 2960 3372 ferre
2991 3317 3239 3371 limacem
3259 3357 3274 3382 ,

2045 3413 2180 3468 Cum
2211 3414 2475 3482 gravitate
2502 3414 2656 3477 levis,
2694 3412 2769 3467 sis
2798 3412 3016 3466 levitate
3036 3410 3239 3481 gravis.

1977 3503 2036 3559 Si
2066 3504 2245 3571 gravis
2267 3504 2538 3568 incessus,
2568 3518 2668 3556 nec
2689 3502 2800 3572 jam
2832 3500 2987 3570 quasi
3015 3499 3272 3569 compede
3299 3514 3487 3555 nexus.

2048 3593 2129 3648 Nil
2160 3594 2289 3649 vitio
2319 3593 2507 3648 vitium
2547 3593 2740 3649 cedere
2767 3591 3087 3662 proﬁcuum.

1978 3706 2315 3763 CLXXXIX.
2356 3705 2512 3771 Quod
2534 3703 2719 3758 melius
2753 3705 2819 3757 sit
2848 3703 3095 3772 agricola:
3122 3702 3385 3758 laboranli
3407 3719 3562 3773 quam

2505 3776 2717 3829 domino
2747 3775 3033 3844 prwlianti.

1977 3868 2125 3923 Bella
2162 3868 2268 3922 ciet
2299 3866 2576 3930 dominus,
2609 3864 2910 3934 proscindit
2940 3878 3065 3917 rura
3097 3862 3352 3928 colonus;

1978 3959 2071 4013 Ille
2094 3967 2242 4029 patet
2264 3957 2462 4025 jaculis
2485 3996 2500 4021 ,
2531 3956 2619 4009 hic
2648 3953 2862 4023 frugum
2893 3953 3092 4022 gaudet
3119 3954 3354 4006 acervis.

2109 4049 2263 4105 CXC.
2299 4048 2378 4102 De
2406 4050 2487 4101 In":
2524 4048 2611 4116 qui
2642 4062 2743 4099 non
2787 4062 2840 4098 se
2859 4086 2872 4109 ,
2899 4044 2989 4098 sed
3018 4043 3151 4097 alios
3178 4053 3418 4114 carpunt.

1980 4139 2214 4209 Polypus
2238 4138 2467 4192 haerenti
2490 4136 2556 4190 de
2583 4150 2640 4190 se
2673 4150 2778 4188 non
2810 4133 2940 4187 fetet
2966 4133 3170 4187 olenti:

1981 4231 2119 4286 Sunt
2138 4244 2233 4283 sua
2259 4229 2350 4297 qui
2378 4227 2626 4296 palpant,
2661 4225 2834 4279 aliena
2875 4223 3085 4294 piacula
3111 4222 3388 4276 damnant.

1978 4320 2153 4376 CXCI.
2198 4319 2350 4386 Quod
2380 4319 2615 4375 esuriens
2649 4327 2695 4371 ct
2734 4316 2913 4438 citizens
2945 4313 3043 4367 vile
3064 4312 3325 4385 quodlibet
3350 4313 3562 4369 libenter

2679 4402 2813 4438 sum:
2845 4424 2860 4438 .

2679 4402 2860 4441 sumit.

1980 4480 2252 4536 Faucibus
2281 4488 2397 4541 atra
2424 4477 2598 4533 fames
2626 4478 2822 4532 herbas
2852 4475 3197 4529 commendat
3220 4481 3490 4544 agrestes,

1988 4568 2319 4624 IIausibilem
2349 4569 2570 4623 densam
2608 4566 2781 4622 reddit
2824 4567 2943 4621 sitis
2981 4566 3137 4635 ignea
3166 4579 3396 4633 vappam

1981 4662 2242 4716 Esuriens
2270 4661 2526 4725 comedit,
2557 4675 2728 4714 vacuo
2754 4667 2904 4714 satus
2927 4673 3024 4711 ore
3045 4657 3244 4727 ligurit.

2052 4750 2253 4806 CXCII.
2289 4750 2363 4804 De
2393 4749 2509 4814 illo,
2542 4750 2628 4820 qui
2657 4748 2916 4819 gloriatur
2942 4748 2996 4799 in
3027 4744 3306 4799 altitudine
3336 4745 3491 4799 vocis.

1984 4843 2126 4897 Voce
2151 4840 2285 4896 satis
2310 4839 2451 4895 celsa
2478 4839 2680 4893 vocalis
2702 4839 2847 4893 rudit
2872 4837 3070 4901 asella,

1981 4938 2149 4993 Dulce
2177 4937 2343 4991 melos
2371 4935 2594 5006 placidis
2622 4932 2819 4989 format
2842 4948 2943 4987 vox
2976 4933 3161 5002 cignea
3188 4932 3420 4987 bombis.

1982 5027 2203 5083 CXCIII.
2242 5027 2319 5081 De
2342 5026 2629 5090 monachis,
2657 5024 2745 5095 qui
2772 5023 2965 5076 loricas
2989 5022 3210 5077 induunt
3235 5022 3305 5075 ad
3328 5038 3561 5076 carrum.

1979 5117 2221 5173 Hamatac
2246 5125 2427 5173 vestes
2459 5117 2699 5186 prtebent
2721 5111 3009 5169 inamabile
3033 5120 3245 5182 tegmen
3270 5130 3282 5166 :

1985 5207 2173 5265 Vestes
2208 5210 2438 5263 hamatae
2459 5207 2673 5276 gemina
2699 5212 2823 5259 sunt
2855 5210 3002 5273 peste
3028 5216 3266 5270 perosae;

1979 5303 2114 5359 Ossa
2148 5302 2343 5370 premit
2367 5300 2580 5369 pondus
2599 5339 2612 5361 ,
2645 5296 2969 5366 constringit
2997 5295 3203 5349 viscera
3230 5293 3419 5363 frigus.

1983 5392 2091 5464 50
2126 5389 2351 5446 CXCIV.
2394 5388 2469 5464 De
2493 5386 2884 5464 llildebranrlo,
2907 5384 3427 5464 quiiparvtcnquitlem
3458 5393 3565 5439 διας

2161 5473 2322 5523 turre,
2360 5459 2449 5512 sed
2485 5473 2685 5527 magna:
2712 5456 2913 5511 videtur
2936 5472 3044 5509 esse
3075 5454 3385 5522 prudentiae.

1982 5554 2155 5608 Parva
2181 5549 2357 5617 Tigris
2385 5547 2581 5602 missas
2610 5555 2786 5614 aequat
2813 5546 3154 5615 properando
3184 5544 3413 5613 sagittas
3431 5581 3447 5605 ,

1983 5643 2100 5699 Vile
2121 5641 2339 5713 quidem
2362 5638 2587 5703 ferrum,
2613 5649 2794 5693 tamen
2827 5638 3042 5693 edomat
3062 5650 3224 5691 omne
3253 5633 3559 5700 metallum;

1983 5735 2091 5791 Sed
2127 5732 2294 5790 trahit
2316 5734 2419 5789 hoc
2442 5732 2650 5791 validus
2677 5748 2774 5791 sua
2800 5742 2922 5806 post
2954 5732 3181 5803 vestigia
3216 5745 3470 5802 magnes;
