4078 6336
528 326 629 383 967

528 447 683 503 nunc
709 444 799 515 qui
820 451 1016 500 cuncta
1043 443 1228 499 domat
1257 442 1456 511 Sisipbi
1492 457 1746 497 mensura
1778 446 2052 515 coarctat,

529 514 814 605 Quemque
843 542 1078 588 tremunt
1111 534 1297 600 multi,
1347 532 1535 587 nolens
1562 532 1693 585 mihi
1717 530 1965 587 subditur
1992 514 2106 582 uni.

790 624 995 682 CXCV.
1037 626 1116 679 De
1141 643 1275 695 papa
1305 635 1352 678 ct
1386 622 1768 685 Hildebrando.

524 715 728 786 Papam
761 716 864 769 rite
893 714 1043 779 colo,
1083 715 1176 769 sed
1199 724 1254 772 te
1281 722 1583 783 prostratus
1611 711 1778 765 adoro
1809 729 1824 765 :

593 805 673 862 'I‘u
704 805 839 861 facis
870 807 1014 860 hunc
1040 805 1345 868 dominum;
1381 812 1434 856 te
1462 802 1591 858 facit
1618 804 1719 855 iste
1744 802 1926 855 deum.

521 895 749 954 CXCVI.
788 895 865 950 De
898 894 1134 947 Romano
1161 893 1530 974 archidiaoouo
1550 932 1565 957 ,
1597 892 1686 961 qui
1714 891 1842 943 mihi
1879 890 2110 943 medium

1136 972 1328 1031 piscem
1359 972 1520 1016 mtstt.

522 1052 640 1110 Non
672 1055 869 1109 mirum
894 1053 1092 1110 Petrus
1117 1052 1166 1106 si
1193 1050 1265 1105 sit
1292 1051 1423 1106 mihi
1452 1066 1665 1121 semper
1695 1064 1898 1121 egenus
1916 1088 1931 1113 ,

593 1145 728 1200 Cum
751 1154 1007 1216 generem
1034 1142 1239 1201 medios
1274 1141 1494 1196 ﬂumina
1524 1140 1836 1211 pisciculos.

523 1234 773 1293 CXCVII.
820 1233 1036 1289 Urbano
1090 1231 1409 1313 gratulatur,
1455 1233 1545 1301 qui
1596 1230 1775 1285 Romae
1810 1230 1981 1299 [actus
2037 1236 2113 1282 est

1064 1318 1262 1372 pauper
1288 1318 1580 1371 episcopus.

525 1396 678 1464 Quod
703 1395 804 1451 sibi
826 1394 1139 1457 Bethsaide,
1185 1406 1329 1447 nunc
1358 1401 1440 1446 est
1464 1391 1592 1446 mihi
1619 1391 1814 1446 Petrus
1840 1390 1892 1443 in
1926 1387 2111 1444 Urbe:

524 1485 641 1542 Hoc
677 1502 800 1541 cum
831 1493 1045 1554 sceptra
1075 1490 1240 1547 tenet,
1275 1483 1418 1553 quod
1448 1490 1710 1537 eratcum
1744 1480 1883 1534 retia
1922 1468 2131 1534 neretf

526 1576 758 1647 Semper
785 1576 890 1631 lina
920 1576 1085 1640 lavat,
1118 1574 1293 1644 pelagi
1327 1574 1459 1627 mihi
1489 1572 1684 1628 caerula
1724 1571 1924 1637 sulcat,

525 1665 610 1721 Me
637 1666 834 1737 premit
859 1666 911 1720 in
937 1667 1127 1729 terris,
1160 1664 1252 1733 qui
1284 1677 1509 1731 prorsus
1537 1663 1733 1732 egebat
1764 1662 1816 1715 in
1853 1661 2010 1714 undis

526 1757 610 1813 Me
636 1757 848 1829 siliquis
879 1765 1120 1821 recreat,
1150 1754 1394 1809 modicus
1425 1769 1585 1823 quem
1617 1751 1780 1822 piscis
1803 1750 2004 1805 alebat.

810 1847 1080 1903 CXCVIII.
1117 1846 1192 1900 De
1223 1846 1314 1900 illo
1340 1847 1426 1916 qui
1455 1845 1624 1913 ﬁlium
1657 1845 1829 1899 habet.

526 1940 664 1997 Cum
697 1949 944 2011 superest
975 1939 1224 2004 soboles,
1258 1939 1447 1992 vivunt
1478 1939 1543 1991 de
1566 1945 1740 1992 morte
1765 1942 2046 2006 parentes,

525 2030 595 2087 Et
631 2031 779 2085 velut
809 2046 914 2084 una
941 2044 1070 2085 caro
1097 2029 1235 2083 viret
1270 2028 1322 2082 in
1360 2028 1543 2081 radice
1570 2039 1829 2097 propago.

524 2121 759 2177 CXCIX.
799 2119 865 2175 Ut
895 2122 949 2174 hi
977 2120 1066 2190 qui
1091 2120 1381 2189 prwdicant
1410 2118 1625 2171 invicem
1668 2133 1770 2170 non
1796 2113 2118 2169 discordant.

529 2210 645 2265 Non
675 2210 892 2279 sapiens
918 2211 1111 2275 stulto,
1141 2224 1244 2262 non
1270 2210 1369 2263 bos
1406 2208 1646 2262 societur
1676 2207 1841 2259 asello
1860 2248 1873 2268 ,
1954 2240 1987 2259 ρ

527 2300 632 2370 Qui
665 2302 842 2357 divina
874 2302 1067 2356 docent
1091 2318 1119 2355 a
1156 2316 1215 2355 se
1247 2316 1351 2354 non
1383 2315 1604 2368 prorsus
1643 2301 1915 2353 aberrent.

587 2390 693 2446 CC.
733 2391 813 2445 De
850 2400 1076 2445 stercore
1107 2391 1249 2443 turdi
1285 2390 1343 2470 ﬁt
1372 2392 1543 2443 viscus
1572 2388 1710 2441 unde
1742 2388 1928 2441 turdus
1956 2387 2065 2456 ipse

1215 2469 1448 2528 capitur.

532 2551 729 2608 Podice
757 2550 1018 2621 digeritur
1047 2549 1185 2620 pede
1213 2564 1322 2619 quo
1364 2548 1573 2603 turdela
1603 2556 1836 2602 tenetur.

531 2640 662 2699 CCI.
704 2640 827 2702 Illi.
861 2643 946 2697 cui
972 2657 1064 2712 ego
1107 2640 1366 2762 prol’iaam
1405 2640 1522 2693 misi
1569 2638 1876 2710 epistolam,
1919 2648 1967 2691 et
2010 2639 2120 2692 inse

1137 2727 1205 2762 nu
1226 2728 1262 2762 ιι
1289 2727 1526 2762 parvam.

1137 2727 1262 2764 mtm
1288 2727 1526 2780 parvam.

536 2801 653 2859 Non
684 2802 877 2859 obolus
901 2802 1162 2864 solidum,
1193 2815 1298 2856 non
1325 2808 1506 2869 aequat
1531 2800 1667 2854 libra
1703 2800 1981 2864 talentum,

606 2893 770 2948 Plane
804 2893 984 2949 minor
1019 2892 1201 2947 modio
1229 2890 1372 2946 cedit
1405 2900 1459 2944 et
1484 2892 1585 2945 iste
1622 2890 1810 2946 choro.

532 2982 650 3039 Non
682 2983 810 3039 licet
838 2982 1093 3053 exiguum
1122 2988 1437 3051 compenset
1465 2980 1693 3049 epistola
1715 2979 1910 3033 librum

611 3072 954 3129 Contrutinet
983 3071 1168 3124 lances
1202 3069 1434 3139 pendula
1466 3068 1603 3123 libra
1629 3083 1809 3137 pares.

1353 329 1411 383 S.
1446 328 1647 383 PETRI
1682 323 1968 382 DAMIANI
2004 324 2156 383 OPP.
2199 322 2435 380 TOdIUS
2475 322 2608 379 SEU
2647 320 2825 378 PARS
2850 320 2940 378 IV.

2137 439 2186 496 Α
2214 436 2342 491 Post
2368 436 2474 489 erit
2501 442 2788 504 angustum
2823 433 3093 502 possessio
3116 440 3294 488 vestra
3327 433 3669 502 sepulcrum.

3688 316 3807 375 956

2212 526 2283 580 At
2306 540 2443 595 quos
2469 539 2593 593 spes
2618 524 2762 579 fulvo
2789 525 2925 579 ditat
2953 524 3246 593 pretiosior
3281 540 3438 592 auro,

2212 620 2452 686 Quorum
2484 619 2685 674 divitia:
2720 634 2861 673 verae
2892 626 3019 674 sunt
3054 619 3277 687 praemia
3314 619 3439 673 vitae

2210 704 2356 771 Quas
2376 707 2464 760 fur
2489 722 2595 761 non
2619 715 2865 771 temerat,
2891 722 2990 763 nec
3011 708 3148 761 edax
3173 706 3311 762 male
3341 708 3569 763 tremula
3591 707 3821 775 sulcat,

2217 794 2369 850 Vana
2398 797 2698 866 repentinis
2722 797 2954 851 obnoxia
2984 796 3133 852 lucra
3161 798 3333 852 ruinis

2212 885 2495 955 Spernite,
2541 888 2761 957 lapsuro
2789 888 2986 943 cedant
3009 903 3104 943 sua
3130 904 3356 944 munera
3383 892 3584 947 mundo
3609 908 3625 944 :

2214 974 2495 1032 Suﬂiciant
2519 976 2723 1033 Christi
2753 976 2970 1033 famulis
2993 977 3318 1047 patrimonia
3350 980 3472 1035 coeli
3493 1022 3510 1045 ,

2212 1065 2453 1124 Pectoris
2476 1068 2736 1124 eximium
2771 1069 2896 1125 ﬂdei
2928 1077 3072 1138 tegat
3101 1084 3231 1126 arca
3264 1072 3554 1138 talentum,

2214 1155 2297 1211 Sit
2326 1157 2563 1213 studium
2596 1159 2785 1214 rutilas
2811 1162 3068 1213 virtutum
3100 1161 3336 1216 condere
3367 1176 3609 1230 gemmas
3633 1204 3651 1227 ,

2211 1247 2279 1300 Et
2304 1247 2443 1302 male
2465 1257 2751 1303 nascentes
2783 1250 3038 1304 vitiorum
3068 1249 3268 1304 vellere
3296 1262 3477 1305 sentes
3505 1270 3519 1304 :

2217 1336 2455 1392 'I‘urbida
2490 1337 2761 1410 noctivagi
2791 1340 2963 1395 vitate
2989 1341 3202 1411 negotia
3232 1343 3415 1396 mundi
3437 1383 3452 1406 ,

2212 1428 2435 1484 Iitcubet
2461 1430 2694 1499 eloquiis
2715 1430 2921 1501 jugiter
2951 1446 3102 1488 mens
3134 1432 3303 1488 libera
3329 1435 3531 1495 sacris,

2213 1520 2331 1575 Jam
2369 1520 2580 1576 modice
2605 1528 2783 1591 gustet
2812 1521 2939 1586 mel,
2962 1536 3070 1590 quo
3094 1531 3218 1592 post
3244 1523 3399 1592 plena
3427 1522 3743 1589 redundet,

2215 1612 2301 1665 Ad
2327 1626 2423 1666 sua
2451 1612 2530 1666 sic
2557 1620 2740 1666 nostra
2777 1612 2961 1666 redeat
2988 1613 3282 1682 primordia
3314 1613 3510 1668 forma.

2220 1701 2311 1756 liae
2352 1701 2683 1757 tumulentur
2707 1702 2859 1772 epes,
2894 1702 2984 1757 isti
3016 1713 3329 1771 quaerantur
3351 1704 3607 1769 honores,

2149 1799 2191 1859 Β
2219 1789 2311 1844 His
2349 1791 2509 1844 homo
2537 1790 2660 1859 jure
2680 1800 2871 1860 potens
2890 1831 2904 1854 ,
2934 1790 3021 1846 his
3049 1794 3108 1845 lit
3132 1807 3230 1861 per
3264 1791 3455 1846 saecula
3482 1793 3663 1847 dives.

2214 1878 2392 1936 CCIX.
2443 1880 2640 1935 Contra
2689 1880 3082 1952 Cluuiacenscm
3123 1884 3400 1947 abbatem,
3451 1885 3544 1952 qui
3593 1900 3722 1938 eum
3765 1887 3823 1938 in

2788 1949 3018 2005 Calliam
3046 1955 3218 2006 duxit.

2218 2038 2362 2096 Mors
2388 2056 2504 2096 mea
2534 2041 2873 2108 grandtevam
2898 2042 3118 2111 perimis
3136 2083 3151 2108 ,
3179 2042 3436 2098 Cluniace
3460 2082 3480 2110 ,
3509 2053 3821 2109 mecum,

2290 2131 2466 2187 Emcis
2491 2144 2548 2187 ut
2576 2148 2679 2187 non
2709 2133 2835 2195 sim,
2866 2132 2993 2185 dum
3017 2134 3154 2201 petis
3180 2142 3241 2187 ut
3269 2134 3406 2188 bene
3439 2135 3567 2197 sim,

2223 2222 2292 2278 Ut
2322 2223 2416 2277 tibi
2449 2223 2606 2276 mella
2642 2221 2826 2283 ﬂuant,
2858 2220 3029 2290 epulae
3052 2221 3324 2290 pigmenta
3351 2222 3650 2277 rubescunt
3674 2262 3693 2287 ,

2289 2314 2587 2384 Amplaque
2617 2312 2862 2367 conditos
2895 2313 3136 2381 praebeat
3162 2313 3267 2368 olla
3297 2314 3468 2368 cibos.

2222 2406 2423 2462 Scabra
2454 2406 2511 2458 tit
2538 2414 2596 2458 ut
2622 2404 2821 2458 nostris
2848 2403 3024 2458 desint
3050 2404 3135 2458 vel
3165 2406 3428 2459 cantabra
3455 2406 3662 2460 mensis
3684 2447 3700 2469 ,

2293 2495 2430 2550 Dum
2464 2493 2562 2549 tibi
2591 2506 2747 2548 servo
2777 2494 2962 2561 dapes,
2994 2508 3082 2549 me
3108 2502 3289 2548 manet
3312 2502 3435 2548 atra
3465 2494 3665 2550 tamen.

2664 2581 2820 2639 CCX.
2871 2581 3062 2639 Versus
3090 2587 3359 2653 pauperis.

2225 2674 2506 2731 Ulceribus
2542 2689 2742 2729 vacuus
2763 2712 2778 2737 ,
2817 2674 2911 2728 sed
2941 2684 3257 2743 paupertate
3295 2675 3536 2745 repletus
3559 2716 3574 2739 ,

2223 2765 2464 2820 Lazarus
2491 2779 2619 2819 ecce
2648 2764 2831 2827 venit,
2864 2764 2956 2831 qui
2985 2765 3139 2817 micis
3174 2766 3360 2820 virere
3390 2768 3608 2834 quaerit.

2225 2858 2437 2910 Absunt
2460 2870 2556 2909 ora
2584 2870 2780 2910 canum
2807 2893 2821 2917 ,
2865 2868 2972 2908 non
2998 2842 3194 2909 desunt
3223 2866 3400 2909 rostra
3435 2856 3747 2924 pedonum;

2225 2947 2319 3001 ‘lla
2354 2955 2532 3002 cutem
2567 2945 2835 3009 lambunt,
2862 2943 2975 2998 haec
3010 2937 3562 3000 membra‘scateutia
3593 2945 3814 2999 rodunt.

2605 3045 2782 3102 CCXI.
2820 3045 2897 3100 De
2922 3046 3170 3100 triduano
3187 3046 3417 3115 jejunio.

527 3162 684 3220 CCII.
724 3162 796 3216 De
842 3160 1112 3214 Florentia
1137 3202 1150 3223 ,
1181 3136 1237 3212 in
1260 3176 1362 3229 qua
1397 3177 1532 3228 papa
1565 3136 1862 3227 Stephanus
1893 3156 2039 3221 obiit,
2066 3165 2112 3209 et
2142 3146 2186 3208 C
2218 3140 2388 3207 Quam
2416 3140 2662 3193 triduana
2693 3153 2915 3207 εωνοπι
2951 3136 3128 3191 501⁸³⁸
3160 3137 3370 3191 “ﬁdem
3397 3136 3643 3229 Cillcem.

836 3230 1092 3287 Nicotaus
1115 3247 1249 3299 papa
1279 3246 1342 3283 ea:
1367 3230 1549 3283 eadem
1570 3229 1840 3292 processit.

537 3321 715 3378 Parva
741 3321 917 3376 virum
946 3334 1155 3388 magnae
1182 3318 1344 3373 debet
1370 3318 1643 3372 Florentia
1678 3316 1895 3380 Romae;

539 3412 670 3480 Quae
694 3421 843 3468 tenet
870 3411 1218 3474 exstinctum,
1259 3417 1485 3477 cogatur
1510 3408 1737 3461 reddere
1765 3407 1945 3459 vivum
1974 3421 1987 3458 :

540 3505 635 3560 Sic
666 3519 804 3560 nova
836 3503 1090 3558 Betltlzeis
1117 3501 1207 3555 lux
1239 3501 1438 3556 mundo
1466 3501 1616 3555 l'ulsit
1649 3502 1717 3555 ab
1748 3500 1881 3554 oris.

595 3594 767 3652 CCIII.
812 3595 887 3648 De
927 3594 1019 3647 illo
1049 3594 1137 3664 qui
1164 3594 1496 3664 semetipsum
1525 3592 1770 3660 subjugat
1800 3632 1814 3654 ,
1848 3600 1903 3642 ut
1928 3606 2073 3643 reum

1217 3662 1451 3731 recipiat.

540 3756 625 3813 Nil
657 3757 758 3813 sibi
784 3770 1009 3826 prorsus
1036 3753 1168 3807 emit
1189 3753 1279 3831 qui
1312 3768 1369 3807 se
1403 3753 1502 3807 sub
1533 3752 1720 3807 tenore
1755 3753 1957 3807 vendit.

540 3847 716 3904 CCIV.
756 3845 911 3913 Quod
962 3845 1129 3898 Roma
1179 3844 1376 3966 mango
1403 3844 1648 3967 .tprwfuit
1676 3884 1690 3910 ,
1739 3844 1902 3898 donec
1936 3844 2130 3914 legibus

1212 3931 1242 3967 ο
1280 3931 1305 3966 ε
1346 3930 1410 3967 tv:
1443 3953 1456 3966 .

1212 3930 1456 3967 ουειιιυτι.

541 4004 764 4075 Praefuit
795 4006 937 4062 Urbs
965 4004 1113 4068 orbi,
1148 4002 1323 4057 fuerat
1353 4004 1479 4057 dum
1511 4003 1723 4057 subdita
1751 4004 1886 4075 legi;

540 4092 780 4151 Justit'a:
805 4095 1001 4165 spretis
1027 4108 1249 4163 regnum
1280 4093 1550 4147 contraxit
1580 4094 1824 4148 habenis.

758 4186 912 4243 CCV.
954 4186 1106 4250 Quod
1133 4183 1368 4253 plerique
1398 4183 1531 4237 casti
1559 4185 1661 4237 sint
1693 4193 1917 4238 tenaces.

542 4278 648 4335 Vix
677 4278 869 4348 opibus
899 4277 1107 4347 largum
1139 4274 1328 4328 videas
1357 4283 1411 4328 et
1443 4289 1671 4342 corpore
1702 4282 1932 4327 castum.

538 4366 812 4425 .CCVI.De
832 4366 1038 4436 illoqui,
1060 4365 1287 4418 nutritus
1311 4365 1497 4426 Aretii,
1526 4362 1817 4431 Pomposz
1839 4364 1996 4417 abbas
2010 4364 2130 4433 fuit.

467 4510 471 4514 .
542 4454 818 4525 Quisolet
846 4453 1097 4521 insipidis
1123 4461 1365 4505 ventrem
1389 4451 1591 4505 satiare
1620 4451 1839 4521 lupinis,
1915 4513 1919 4516 ν

533 4542 779 4602 Gutture
805 4557 946 4596 nunc
975 4541 1161 4610 epulas
1190 4549 1374 4594 ructat
1405 4549 1654 4608 turgente
1686 4542 1943 4595 marinus.

539 4634 652 4707 51
695 4633 891 4707 CCVII.
916 4632 1005 4707 ‘De
1053 4632 1245 4685 domno
1277 4629 1521 4685 Umberto
1568 4632 1991 4707 archiepiscopo.
2042 4638 2134 4700 qui

621 4703 829 4759 ﬁdebat
856 4703 925 4756 ad
962 4703 1230 4757 dexterum
1265 4718 1415 4771 papa:
1436 4741 1451 4766 ,
1481 4713 1528 4754 et
1560 4719 1650 4771 ego
1678 4704 1746 4756 ad
1773 4704 2058 4758 sinistram.

540 4793 766 4852 Fortior
790 4794 1112 4857 hmdinatnL
1136 4802 1189 4847 tu
1216 4793 1397 4848 sedent
1432 4793 1574 4848 tollis
1598 4794 1810 4847 oviuam
1837 4836 1852 4857 ,

547 4884 741 4943 Laevus
768 4886 930 4941 habet
961 4886 1231 4948 dextram,
1270 4884 1460 4937 dexter
1483 4886 1806 4953 quandoque
1833 4885 2130 4938 sinistram.

800 4973 1018 5032 CCVIII.
1060 4974 1230 5044 Super
1264 4975 1604 5029 sa'cularibus
1649 4974 1889 5045 elegidia.

544 5065 731 5137 Lugeo
756 5081 873 5130 vos,
911 5065 1113 5130 miseri,
1143 5065 1340 5135 quibus
1358 5073 1442 5119 est
1467 5081 1619 5119 mens
1643 5067 1820 5120 dedita
1846 5068 2028 5132 carni;

540 5159 760 5217 leum
787 5157 1091 5228 despicitis,
1123 5165 1363 5228 qumstus
1388 5158 1529 5211 bona
1567 5173 1775 5212 summa
1807 5159 2027 5227 putatis.

548 5250 691 5317 Quid
724 5263 819 5304 vos
847 5249 1031 5303 horter
1059 5263 1158 5317 ego
1176 5289 1191 5314 ,
1223 5249 1353 5318 quid
1380 5263 1474 5303 vos
1503 5258 1693 5318 optare
1722 5250 1995 5305 nionebo?

550 5338 710 5395 Nunc
735 5338 872 5394 male
902 5340 1171 5410 iucundas
1197 5338 1384 5393 mundi
1415 5339 1630 5395 sorbete
1655 5338 1918 5394 medullas
1943 5380 1959 5406 ,

550 5432 689 5488 Exta
725 5431 925 5502 replete
956 5431 1124 5495 cibis,
1156 5439 1307 5486 artus
1333 5440 1556 5487 ouerate
1586 5432 1819 5502 saginis.
2030 5426 2035 5431 ’

550 5523 632 5578 Ne
663 5531 886 5593 pereant
913 5536 1125 5577 vermes
1162 5523 1336 5579 macie
1364 5538 1463 5580 vos
1505 5539 1721 5593 semper
1748 5525 1991 5591 edentes,

551 5614 815 5670 Fontibus
846 5614 1078 5684 irriguas
1106 5614 1299 5685 gelidis
1331 5616 1605 5672 cxtendite
1632 5617 1807 5672 villas.

552 5702 671 5759 Non
709 5719 966 5759 numerus
1005 5706 1261 5770 nummis,
1293 5721 1397 5760 non
1436 5708 1498 5761 sil
1530 5720 1779 5762 mensura
1812 5707 2060 5764 metallis.

2161 4486 2212 4544 D

2229 3233 2435 3301 Saepius
2461 3231 2696 3299 expertis
2722 3228 2826 3283 scit
2856 3242 3008 3282 utens
3035 3229 3272 3282 exercita
3314 3228 3486 3283 bellis.

2334 3322 2533 3378 CCXII.
2577 3322 2680 3387 Qui
2711 3320 2835 3374 dicit
2860 3320 3002 3390 quod
3030 3320 3135 3375 vult
3155 3362 3171 3386 ,
3198 3321 3350 3373 audit
3372 3320 3514 3391 quod
3553 3335 3661 3373 non
3691 3320 3814 3373 salt.

2229 3412 2329 3478 Qui
2354 3414 2497 3483 quod
2530 3412 2644 3466 vult
2675 3412 2826 3476 dicit,
2857 3411 2998 3480 quod
3026 3426 3131 3465 non
3162 3412 3275 3464 vult
3298 3410 3495 3480 sapius
3524 3410 3710 3471 audit;

2228 3503 2328 3569 Qui
2354 3505 2496 3572 quod
2530 3512 2676 3557 amat
2701 3503 2959 3570 loquitur,
2982 3504 3125 3573 quod
3153 3502 3269 3557 odit
3290 3500 3535 3572 perferre
3557 3510 3814 3555 meretur.

2472 3591 2696 3648 CCXIII.
2736 3590 3081 3661 Epitaphium
3112 3590 3257 3645 Petri
3293 3590 3563 3643 Damiani.

2232 3685 2382 3753 Quod
2404 3701 2543 3739 nunc
2566 3700 2645 3746 es,
2669 3683 2896 3746 fuimus;
2930 3699 3013 3748 es,
3035 3684 3178 3753 quod
3203 3698 3413 3745 sumus,
3440 3683 3554 3750 ipse
3577 3681 3813 3736 futurus.

2304 3777 2398 3831 [Iis
2427 3777 2498 3832 sit
2522 3775 2667 3831 nulla
2695 3776 2844 3840 ﬁdes,
2878 3790 2997 3845 quae
3020 3776 3262 3844 peritura
3291 3775 3460 3829 vides.

2231 3870 2445 3923 Frivola
2478 3870 2705 3926 sinceris
2730 3879 3066 3939 praecurrunt
3089 3868 3298 3922 somnia
3335 3868 3501 3930 veris.

2306 3958 2614 4013 Succedunt
2635 3959 2890 4013 brevibus
2924 3957 3118 4011 sarcula
3150 3957 3503 4025 temporibus.

2236 4047 2366 4101 Vive
2394 4062 2599 4101 memor
2629 4046 2847 4109 mortis,
2878 4059 2984 4114 quo
3022 4059 3237 4114 semper
3259 4044 3447 4098 vivere
3469 4043 3661 4123 possis.

2305 4139 2578 4208 Quidquid
2611 4139 2796 4201 adest,
2835 4137 3056 4201 transit;
3093 4136 3233 4204 quod
3278 4143 3463 4189 manet
3486 4148 3615 4189 ecce
3644 4135 3819 4188 venit.

2235 4229 2405 4296 Quam
2437 4229 2573 4282 bene
2596 4226 2829 4297 providit
2850 4226 2940 4294 qui
2972 4236 3047 4290 te,
3084 4225 3219 4278 male
3252 4222 3469 4299 munde,
3505 4221 3741 4291 reliquit,

2307 4322 2482 4376 Mente
2510 4320 2661 4390 prius
2685 4319 2832 4373 carui
2862 4333 3022 4386 quam
3050 4317 3146 4370 tibi
3176 4331 3339 4370 carne
3370 4314 3529 4368 mori.

2238 4411 2435 4466 leiCa
2464 4410 2693 4465 terrenis
2722 4407 2939 4478 prmfer,
2969 4423 3223 4461 mansura
3257 4405 3492 4461 caducis.

2311 4501 2457 4555 Mens
2488 4510 2693 4570 repetat
2721 4498 2997 4568 proprium
3029 4497 3194 4553 libera
3226 4497 3571 4566 principium.

2239 4590 2344 4661 52
2373 4589 2606 4658 Spiritus
2633 4589 2740 4642 alta
2780 4598 2961 4657 petat,
2987 4606 3096 4657 quo
3127 4588 3304 4656 prodit
3329 4586 3477 4640 fonte
3512 4593 3785 4649 recurrat,

2309 4682 2422 4735 Sub
2453 4694 2513 4733 se
2550 4680 2832 4749 deSpiciat,
2866 4678 3128 4748 quidquid
3159 4679 3211 4731 in
3248 4680 3352 4729 ima
3391 4684 3597 4746 gravat.

2241 4772 2326 4827 Sis
2353 4786 2580 4833 memor,
2610 4785 2726 4831 oro.
2759 4771 2891 4834 mei;
2921 4771 3131 4824 eineres
3157 4770 3276 4838 pius
3301 4768 3482 4837 aspice
3508 4767 3676 4820 Petri.

2308 4865 2439 4920 Cum
2472 4878 2662 4928 prece,
2692 4864 3043 4935 cumgemitu
3070 4863 3157 4917 dic
3180 4883 3191 4914 :
3218 4860 3333 4915 Sibi
3368 4874 3549 4928 parce.
3578 4857 3746 4913 Deus.

2591 4975 2812 5031 CCXIV.
2837 4974 3096 5030 Betmouis
3127 4977 3460 5046 epitaphium.

2239 5068 2566 5132 Ariminum,
2596 5069 2738 5138 lnge,
2766 5068 3125 5138 lacrymarunz
3152 5066 3371 5121 ﬂumina
3404 5066 3588 5131 funde,

2311 5160 2453 5214 Laus
2482 5169 2571 5213 tua
2597 5159 2781 5212 Bcnuo
2818 5157 2941 5222 luit,
2974 5160 3108 5227 proli
3133 5159 3314 5212 dolor!
3344 5173 3472 5211 ecce
3496 5156 3629 5218 ruit;

2241 5250 2613 5305 Benno’decus
2633 5248 2815 5319 regni,
2845 5248 3104 5304 Romanae
3129 5246 3298 5319 gloria
3324 5249 3499 5319 gentis
3518 5289 3534 5313 ,

2314 5340 2432 5408 Ipse
2458 5350 2609 5410 pater
2635 5340 2843 5408 patriae,
2875 5338 2963 5393 lux
2987 5352 3106 5394 erat
3128 5340 3312 5394 Italiae.

2243 5430 2398 5487 Hunc
2423 5431 2628 5487 socium
2660 5430 2840 5485 miseri
2874 5430 3063 5484 durum
3092 5444 3313 5486 sensere
3340 5428 3556 5500 superbi
3591 5446 3612 5485 :

2314 5521 2514 5591 Lapsos
2543 5522 2809 5586 restituit,
2841 5521 3051 5592 turgida
3088 5521 3251 5577 corda
3277 5522 3477 5593 premit
3505 5537 3522 5585 ;

2242 5617 2328 5671 Fit
2363 5618 2445 5674 leo
2475 5619 2733 5689 pugnanti
2766 5617 3040 5680 frendens,
3081 5628 3233 5672 tener
3261 5634 3431 5689 agnus
3457 5617 3676 5683 inermi,

2313 5708 2447 5764 Hinc
2474 5723 2687 5779 semper
2709 5708 2885 5780 justus
2908 5711 3173 5779 perstitit,
3204 5710 3325 5764 inde
3350 5709 3491 5778 pius.
