4078 6336
231 349 336 406 969
1465 358 1764 414 caurum
1818 365 1904 417 ετ
1943 367 2229 426 raucas.
3370 397 3472 452 970

229 463 327 515 llic
360 461 480 514 tidei
514 461 638 515 dum
666 463 785 531 jura
811 465 978 531 colit,
1017 467 1142 522 dum
1181 472 1370 526 cedere
1399 475 1587 536 nescit.
1830 483 1875 538 Λ

297 551 476 604 Firma
510 562 698 608 tenens
728 556 909 625 rigidae
935 560 1173 625 pondera
1196 561 1439 629 justitiaa.

224 639 514 694 Rectieolze
541 640 760 712 jugulus
783 660 1070 712 pravorum
1099 651 1322 719 pertulit
1358 654 1533 708 ictus:

293 730 397 785 I’er
423 747 579 800 quem
610 749 712 802 pax
745 736 943 806 viguit,
973 737 1169 795 bellica
1212 757 1330 797 sors
1355 746 1532 812 periit.

222 821 483 885 Obsecro,
513 832 619 876 tam
647 825 840 890 diram,
871 828 1165 897 sapientes,
1190 831 1313 888 ﬂete
1341 835 1575 900 ruinam,

289 909 355 962 Et
385 911 470 978 pia
501 925 597 979 pro
621 913 768 968 socio
796 913 1004 971 fundite
1034 928 1162 973 vota
1187 921 1316 975 Deo.

2111 481 2228 538 Non
2258 485 2309 540 in
2335 496 2480 542 veste
2510 491 2764 558 pretiosa,

2119 573 2225 630 Sed
2256 578 2452 634 virtute
2480 579 2734 650 fulgidos.

2113 664 2244 719 Sine
2271 680 2431 721 causa
2461 683 2564 722 non
2594 670 2846 727 lmdentes

2111 753 2303 809 Castos
2327 766 2490 825 atque
2519 758 2748 814 sobrios.

2180 842 2302 896 Sint
2332 845 2384 898 in
2416 855 2665 915 promptu
2695 858 2842 917 gesta
2874 850 3115 920 Patrum,

2108 929 2335 1001 Sintquc
2361 936 2534 990 sancti
2558 950 2830 1001 canones;

2108 1019 2254 1075 Cibis
2279 1023 2473 1079 vestris
2511 1019 2826 1081 recreentur

2113 1108 2324 1167 Debiles
2349 1128 2413 1166 ac
2437 1129 2702 1185 pauperes
2726 1134 2742 1183 ;

2106 1193 2482 1267 Orpbanorum
2508 1212 2682 1258 mater
2705 1204 2921 1275 plorans

2101 1286 2241 1342 Ante
2266 1303 2360 1344 vos
2390 1306 2497 1345 non
2518 1290 2773 1348 clamitet.

2166 1377 2374 1434 Cedant
2400 1383 2522 1451 equi
2554 1384 2840 1452 phalerati,

2103 1464 2308 1519 Cedant
2330 1471 2455 1522 ccci
2488 1471 2708 1535 rabulm,

2103 1551 2308 1606 Cedant
2337 1570 2499 1613 canes
2522 1570 2804 1616 venatores

2100 1645 2179 1699 Ac
2207 1661 2491 1702 numerum
2514 1649 2730 1713 fabulae,

2100 1733 2167 1788 Et
2192 1735 2482 1805 accipitres
2505 1754 2731 1809 rapaces

2091 1820 2202 1877 Nec
2235 1839 2342 1878 non
2368 1840 2496 1880 aves
2522 1829 2774 1896 garrula}.

2159 1915 2241 1967 Ad
2267 1915 2400 1981 hazc.
2427 1916 2665 1988 Simonis
2682 1921 2952 1990 leprosam

2089 2001 2381 2059 Exsecrate
2409 2007 2683 2074 lueresim,

2097 2090 2450 2150 Saeerdotum
2473 2098 2632 2152 simul
2659 2109 2825 2171 atque

2092 2180 2280 2236 Scelus
2307 2183 2581 2251 adulterii,

2091 2267 2377 2324 Laicorum
2406 2273 2710 2330 dominatus

2085 2359 2257 2416 Cedat
2276 2363 2344 2416 ab
2366 2361 2642 2420 Ecclesiis.

2153 2453 2291 2509 Ecce
2319 2470 2469 2525 papze
2494 2457 2710 2525 gloriosi

2087 2541 2288 2598 Monita
2317 2545 2591 2616 Gregorii,

2080 2632 2221 2689 Ecce
2253 2637 2414 2690 verba
2442 2653 2664 2693 summae
2689 2641 2830 2694 sedis

2085 2719 2338 2777 Praesulis
2363 2726 2635 2791 catholici,

2091 2809 2298 2876 Quibus
2328 2813 2540 2868 irruunt
2567 2816 2621 2869 in
2649 2829 2771 2870 eum

2076 2901 2237 2959 Cives
2255 2902 2590 2976 Babylonici.

2127 2981 2390 3066 dﬂincque
2416 2997 2647 3052 Caesaris
2673 3008 2878 3054 exarsrt

2074 3085 2158 3139 Ira
2191 3085 2243 3140 in
2268 3085 2529 3152 Ecclesia,

2073 3174 2202 3229 Inde
2224 3177 2420 3232 tumuit
2444 3179 2499 3231 in
2530 3193 2655 3234 eum

2079 3263 2376 3322 Prmsulum
2410 3269 2683 3340 superbia,

2068 3357 2420 3414 Sacerdotem
2451 3363 2768 3432 populorum

183 1060 185 1062 η
323 997 524 1053 CCXV.
545 999 699 1064 Quod
719 1005 900 1058 vermis
927 1007 1052 1072 eris,
1077 1018 1125 1061 et
1150 1027 1181 1062 α
1208 1027 1376 1066 verme
1404 1014 1684 1068 voraberis.

216 1086 364 1155 Ejus,
398 1089 580 1155 homo,
610 1094 910 1162 quod-eris,
940 1097 1095 1152 datus
1127 1116 1185 1154 es
1207 1111 1264 1154 ut
1293 1117 1388 1156 ore
1414 1106 1644 1170 voreris;

213 1175 346 1244 Cur,
367 1179 503 1259 cinis
538 1189 590 1234 et
617 1184 840 1248 vermis,
873 1189 1075 1243 tumida
1102 1191 1312 1247 cervice
1337 1197 1617 1263 superbis?

450 1255 454 1259 ’
488 1269 716 1327 CCXVI.
751 1275 832 1327 Ad
859 1280 1214 1344 pwnilentiam
1245 1255 1509 1351 provocat.

210 1355 342 1410 Cum
382 1373 544 1413 cruor
567 1363 834 1419 excrescit
867 1367 1186 1422 nemitorem
1228 1384 1363 1423 vena
1389 1374 1649 1442 requirit;

215 1447 420 1502 Vulnus
449 1458 503 1504 et
535 1451 862 1510 incolumem
885 1455 1038 1523 facit,
1070 1456 1225 1513 all'ert
1254 1461 1403 1531 plaga
1435 1464 1681 1530 salutem,

211 1535 360 1591 Mens
386 1537 609 1594 ﬂuidum
641 1553 885 1611 generat,
914 1547 998 1614 pia
1023 1550 1166 1616 quod
1191 1549 1459 1606 confessio
1489 1567 1709 1627 purgat;

211 1623 301 1680 Sic
330 1628 525 1683 animm
545 1630 762 1700 sanguis
788 1649 887 1702 per
910 1650 1100 1690 venam
1131 1638 1346 1706 proﬂuit
1375 1644 1506 1696 oris.

208 1715 378 1785 Egere
401 1718 649 1774 lethifero
675 1721 840 1776 violat
865 1725 1006 1794 quod
1039 1726 1248 1782 viscera
1273 1730 1398 1785 tabo
1428 1753 1441 1785 :

203 1805 336 1861 Esto
364 1823 556 1863 vomax
584 1813 787 1880 proprii
822 1814 1345 1874 salubriconamine
1372 1825 1565 1888 morbi,
1813 1830 1856 1886 Β

207 1894 275 1950 Ut
303 1900 499 1953 mentis
528 1902 838 1957 stomachus
867 1905 1132 1961 relevetur
1156 1910 1291 1964 mole
1317 1923 1518 1968 reatus.

523 1990 773 2058 CCXVII.
815 1995 1006 2053 Versus
1032 2001 1095 2055 de
1125 2002 1460 2062 Simoniaris.

199 2079 396 2136 Iucude
423 2081 660 2141 Simonis
689 2088 916 2154 fabrilis,
943 2101 997 2146 et
1025 2103 1177 2150 antra
1218 2112 1445 2155 moneta:

203 2169 431 2223 Damnat
456 2173 740 2240 pestiferas
771 2177 910 2233 Deus
939 2185 1229 2238 evertendo
1253 2189 1540 2245 cathedras
1565 2211 1578 2244 :

201 2259 329 2313 Nam
351 2266 555 2336 postica
585 2266 722 2322 latro
746 2284 840 2338 per
869 2272 1188 2330 diverticula
1220 2279 1357 2348 repit
1380 2321 1395 2343 ,

199 2351 387 2406 Pervia
417 2357 650 2424 gratuito
676 2369 859 2428 pastor
880 2365 1015 2431 petit
1036 2367 1171 2420 ostia
1202 2384 1410 2436 gressu.

196 2438 294 2492 Ast
319 2441 408 2494 ubi
435 2457 761 2513 mangonum
791 2450 1053 2506 scelerata
1084 2457 1294 2524 negotia
1324 2460 1553 2524 desunt,

197 2529 304 2585 Nec
334 2545 494 2599 grave
528 2534 822 2592 corbonam
858 2549 1032 2610 turget
1059 2547 1247 2600 venale
1277 2549 1556 2615 talentum,

195 2617 306 2672 Non
337 2621 623 2679 distractor
647 2628 798 2683 obest
822 2669 836 2692 ,
870 2633 993 2699 quia
1029 2650 1132 2688 non
1164 2642 1484 2695 commercia
1508 2647 1765 2711 sordent;

192 2705 323 2761 Nam
349 2712 472 2779 quid
501 2718 785 2784 nummati,
818 2734 1088 2789 nequeunt
1115 2726 1201 2779 ubi
1234 2726 1426 2784 laedere
1457 2736 1698 2789 nummi?

187 2796 301 2851 Imo
327 2801 452 2866 quid
485 2805 728 2861 arboreis
759 2823 954 2864 manus
977 2813 1119 2867 obsit
1145 2817 1389 2883 squalida
1419 2821 1658 2889 plantis?

184 2887 342 2956 Saepe
369 2891 702 2950 salutiferam
725 2899 965 2980 medicus
987 2903 1133 2957 dedit
1158 2887 1548 2980 :eger'oryﬁzam
1575 2953 1592 2979 ,

180 2979 498 3052 Maueipites
524 2987 753 3058 pugilem
771 2973 943 3055 {caci
965 3007 1198 3063 genuere
1223 2999 1494 3056 videntem
1514 3045 1528 3068 ,

179 3071 384 3128 Clinica
415 3093 698 3145 procerum
723 3085 931 3151 peperit
961 3084 1098 3141 male
1125 3087 1268 3142 {teda
1298 3101 1579 3148 venustum

181 3160 293 3216 Nec
321 3164 533 3221 soboles
561 3170 718 3224 noxis
748 3179 832 3225 est
860 3173 1159 3229 addicenda
1187 3182 1449 3244 paternis.
1534 3241 1538 3244 ,
1785 3171 1835 3236 C

181 3251 427 3323 Quisque
457 3272 550 3311 sua
578 3263 841 3328 premitur
861 3305 878 3330 ,
919 3267 1048 3320 socii
1084 3283 1184 3323 nec
1209 3268 1329 3324 labe
1360 3280 1590 3329 tenetur.

370 3345 638 3404 CCXVIII.
679 3353 936 3407 Adversus
973 3354 1297 3411 Simoniaros
1327 3360 1610 3431 rlzylhmu-s.

466 3440 648 3494 Mundi
678 3442 829 3496 turba
862 3444 1164 3499 turbulenta
1187 3487 1201 3508 ,

415 3526 583 3581 Error
598 3568 614 3592 ,
642 3542 697 3584 et
727 3531 938 3594 divisio,

386 3613 622 3671 Hzeresis
649 3617 961 3674 Simoniana
989 3661 1005 3686 ,

387 3702 597 3770 Zelum,
635 3714 690 3759 et
717 3708 964 3769 ambitio,

386 3791 442 3843 lu
470 3791 763 3848 lamentum
795 3811 894 3851 nos
923 3799 1250 3868 compellunt

380 3879 516 3950 Styli
555 3883 653 3936 sub
689 3882 882 3939 oﬂieio.

490 3969 794 4026 Exarentur
817 3989 950 4045 ergo
975 3986 1169 4030 cuncta

417 4055 659 4113 Strictim
691 4077 721 4115 a
749 4064 1016 4134 principio
1038 4107 1052 4129 ,

410 4147 490 4202 Ex
513 4164 620 4218 quo
659 4168 882 4208 summa:
908 4158 1053 4212 sedis
1083 4160 1302 4228 praesul,

411 4236 612 4295 Sancto
635 4234 824 4298 doetus
855 4243 1080 4314 Spiritu,

410 4327 772 4386 Scelestorum
803 4337 999 4404 probra
1027 4339 1193 4408 ccepi!

404 4413 704 4476 Emendare
731 4422 956 4494 liquido.

473 4509 642 4578 Cujus
664 4527 766 4568 vox
797 4524 917 4570 erat
939 4557 955 4581 ,
989 4527 1049 4572 ut
1072 4521 1240 4588 patris

405 4598 738 4672 Corrigentis
765 4603 933 4672 ﬂlios;

406 4689 476 4747 Ut
509 4693 755 4763 Apostoli
785 4711 890 4752 vox
915 4707 1034 4752 erat

404 4781 546 4838 Mitis
581 4786 647 4841 ad
677 4787 991 4843 Corinthios
1017 4804 1032 4842 τ

365 4873 468 4944 53
507 4875 597 4931 Sic
644 4893 702 4933 se
727 4881 910 4934 mitem
933 4881 1220 4939 exhibebat

369 4963 509 5035 Erga
540 4970 908 5039 coepiscopos.

431 5056 613 5118 Scitis,
639 5057 859 5126 fratres,
885 5076 982 5117 vos
1009 5072 1282 5132 pastorum

367 5141 680 5213 Sttseepisse
706 5151 974 5220 regimen;

365 5232 503 5288 Hinc
528 5251 621 5290 vos
643 5238 815 5301 decet,
845 5250 902 5293 ut
929 5241 1198 5305 doctores,

356 5320 596 5378 Primum
621 5335 766 5380 recte
795 5328 992 5392 vivere,

357 5406 682 5476 Obsecrare,
713 5416 1014 5484 increpare,

355 5497 702 5555 Postmodum
733 5519 980 5573 arguere.

426 5587 541 5641 Non
569 5589 760 5653 elatos,
786 5607 890 5646 non
919 5593 1132 5650 inﬂatos

357 5678 471 5731 Non
497 5697 560 5733 cx
589 5683 712 5735 vino
743 5684 1014 5755 turgidos.

510 5770 782 5830 I‘ATnOL.
821 5775 1082 5836 .tLXLV.

2069 3448 2228 3503 Furit
2254 3450 2321 3504 ab
2344 3449 2604 3506 Ecclesia.

2141 3539 2220 3594 Ex
2242 3556 2349 3610 quo
2371 3540 2556 3596 Simon
2579 3555 2766 3600 contra
2797 3544 3016 3601 Petrum

2071 3626 2290 3683 Turrim
2315 3632 2514 3685 struxit
2537 3634 2745 3702 magia.

2068 3719 2200 3774 Inde
2221 3721 2416 3776 cecidit
2437 3737 2725 3792 percussus

2064 3815 2323 3887 Angulari
2352 3817 2550 3888 lapide,

2063 3905 2262 3960 Contra
2293 3908 2448 3974 cujus
2472 3909 2634 3963 ictum
2659 3908 2816 3977 plane

2061 3995 2206 4050 Nihil
2235 4005 2317 4052 est
2340 3998 2599 4054 durabile.

2131 4085 2374 4151 Quorum
2401 4100 2497 4140 rex
2524 4094 2606 4141 est
2635 4088 2774 4145 alter
2791 4088 3065 4157 Caristus,

2058 4175 2214 4229 Alter
2240 4185 2324 4230 est
2353 4175 2682 4241 chiathan;

2052 4263 2146 4319 Ille
2174 4267 2314 4330 vitae,
2347 4265 2454 4320 iste
2483 4267 2675 4322 mortis

2055 4353 2265 4422 Regnat
2299 4367 2466 4424 super
2497 4356 2710 4426 agmina
2736 4375 2750 4412 :

2060 4442 2202 4512 Ergo
2229 4438 2457 4514 quorum
2481 4448 2604 4517 quis
2631 4448 2705 4502 sit
2737 4450 2914 4509 victor

2063 4530 2234 4587 Nemo
2253 4548 2418 4590 sanus
2449 4537 2698 4608 ambigit.

2125 4623 2468 4694 Resipiscant
2486 4627 2612 4682 inde
2638 4630 2845 4698 cuncti,

2059 4715 2128 4768 Et
2155 4717 2222 4771 ad
2245 4715 2408 4770 corda
2442 4719 2690 4785 redeant,

2049 4805 2150 4870 Qui
2172 4820 2276 4860 non
2305 4820 2457 4874 pure,
2483 4823 2588 4862 non
2614 4808 2846 4874 sincere.

2047 4892 2155 4946 Sed
2183 4903 2362 4948 mente
2383 4895 2664 4961 malevola,

2049 4979 2398 5037 Sacerdotem
2425 4985 2744 5054 populorum

2049 5069 2267 5126 Rodunt
2294 5083 2457 5143 atque
2476 5075 2739 5133 lacerant.

2111 5162 2190 5216 Illi
2218 5179 2369 5227 vero,
2395 5181 2531 5234 quos
2556 5171 2756 5225 cibavit

2047 5248 2208 5308 Fides
2234 5257 2551 5322 apostolica,

2042 5341 2372 5406 Solidentur,
2404 5357 2458 5398 et
2483 5345 2772 5405 fundentur

2044 5430 2188 5485 Petri
2227 5444 2375 5500 petra
2398 5434 2590 5498 solida,

2047 5517 2117 5575 Ut
2142 5529 2262 5589 post
2287 5536 2520 5590 pugnam
2546 5539 2946 5598 consequantur

2035 5608 2273 5666 Plenher
2299 5612 2604 5670 victoriam.
2633 5619 2821 5674 Amen.

2929 5797 2996 5858 31
