4108 5342
628 388 724 444 9n
781 362 812 381 ”
1449 380 1507 434 s.
1547 379 1748 434 perm
1807 378 2084 432 parum
2124 378 2272 432 oar.
2317 379 2548 435 ros-ius
2587 380 2716 437 seu
2751 379 2928 436 PARS
2958 378 3046 434 ιν.

624 497 736 571 54
780 495 1007 551 CCXIX.
1036 494 1296 547 Damiano
1325 491 1639 554 exhortatio,
1679 499 1735 542 ut
1763 489 2048 542 monachus
2070 489 2184 557 fiat.
2221 502 2261 553 Α

624 587 998 655 Omnipotens,
1044 597 1288 653 agamus,
1315 581 1470 643 doce,
1498 581 1726 648 utquod
1773 579 1900 632 fecit
1945 594 2182 650 agamus.

634 678 837 732 Desunt
862 675 982 743 jura
1039 675 1162 738 tori,
1207 673 1400 728 teritur
1425 672 1468 726 si
1498 672 1688 725 semita
1719 671 1939 724 Christi.

619 763 737 821 Jam
763 773 915 834 pater
943 778 1023 828 es,
1057 762 1224 817 soboli
1256 761 1484 830 spatium
1525 759 1720 829 largire
1747 760 2012 828 sequenti,

626 852 694 908 Ut
722 861 808 907 tua
838 852 1104 923 contiguis
1127 859 1345 920 pateant
1368 850 1592 918 vestigia
1614 849 1847 920 plantis,‘

619 946 684 1000 Et
711 961 864 1015 seges
893 951 1159 1013 erumpat,
1183 943 1308 997 dum
1338 957 1442 995 non
1471 943 1611 1010 quod
1637 941 1859 1010 protulit
1881 941 2080 1004 obstat,

620 1034 846 1094 Subdita
877 1034 1136 1088 maternis
1173 1041 1392 1101 torpens
1418 1031 1734 1084 vitulamina
1769 1031 1954 1084 ramis.

619 1125 822 1180 Praesto
853 1124 1024 1178 ﬂuunt
1045 1133 1254 1178 veteres
1279 1121 1345 1175 ad
1375 1121 1563 1175 ﬂorum
1596 1121 1838 1190 germina
1870 1117 2113 1183 frondes,

619 1214 903 1284 uerbaque
927 1213 1207 1268 sectricem
1240 1221 1398 1266 vocat
1417 1220 1537 1264 orto
1567 1209 1772 1263 semine
1794 1207 2006 1262 falcem.

621 1306 882 1374 Incipiens
907 1305 1066 1375 igitur
1101 1315 1316 1359 terreno
1345 1303 1550 1372 cespite
1571 1301 1694 1355 velli

617 1395 1038 1464 'l‘ransplantare
1065 1394 1211 1464 polo,
1259 1409 1382 1463 spes
1415 1393 1540 1447 hinc
1571 1393 1808 1446 animata
1855 1391 2114 1446 virescat:
2181 1445 2192 1449 _

616 1484 708 1540 Sic
730 1485 882 1539 radix
908 1485 1086 1540 cordis
1116 1485 1234 1540 caeli
1261 1499 1318 1539 se
1341 1483 1630 1538 transierat
1657 1497 1825 1546 arvis,

611 1572 679 1626 Et
711 1588 816 1630 non
844 1573 1088 1644 lapsurus
1108 1583 1418 1644 prorumpat
1444 1575 1495 1626 in
1524 1572 1718 1626 arbore
1747 1571 1974 1626 fructus.

812 1663 1016 1719 CCXX.
1056 1663 1346 1734 Rhythmus
1374 1663 1665 1733 poenitentia
1687 1662 1946 1716 monachi.

823 1754 954 1822 Qnis
983 1755 1182 1811 infelici
1211 1755 1587 1824 ﬂetus-aquam
1611 1754 1798 1824 capiti,

754 1843 884 1912 Quis
907 1845 1266 1917 lacrymarum
1294 1845 1497 1902 fontem
1523 1845 1673 1899 dabit
1692 1844 1905 1900 oculis?
2213 1830 2260 1890 Β

752 1935 969 1999 Flendo,
1003 1938 1213 2008 pupilla:
1240 1938 1493 1992 tenebras
1519 1936 1769 1992 obducite

971 2025 1061 2082 Vae
1092 2028 1221 2082 mihi
1259 2027 1405 2098 lapso
1433 2029 1448 2082 !

752 2116 867 2172 Non
896 2127 1057 2188 guttae
1082 2119 1267 2184 maris,
1295 2135 1590 2174 nonarena:
1609 2118 1826 2182 littoris,

753 2206 1065 2279 Equantur
1091 2209 1225 2264 meis
1253 2210 1518 2264 scelerum
1547 2209 1789 2278 ﬂagitiis,

750 2299 1028 2355 Excedunt
1053 2300 1234 2354 stellas
1257 2300 1575 2370 pluviasque
1594 2315 1840 2364 numero,

956 2389 1200 2445 Pondere
1229 2399 1460 2446 montes.

757 2480 892 2535 Nam
925 2481 1120 2550 quibus
1141 2496 1247 2536 non
1277 2483 1376 2536 sim
1401 2483 1548 2537 vitiis
1576 2485 1858 2544 obnoxius,

748 2570 846 2637 Qui
880 2572 1059 2640 pravis
1087 2586 1299 2642 semper
1328 2574 1590 2628 deservivi
1625 2574 1863 2631 maribus
1884 2573 1906 2624 ’ἓ

758 2660 870 2718 Deo
895 2661 1122 2733 εοιιιιιιε,
1152 2663 1330 2724 ramis
1357 2671 1464 2725 vixi
1501 2670 1729 2739 legibus.

963 2761 1169 2818 Fluxus
1197 2762 1249 2816 in
1278 2762 1404 2816 ima.

750 2850 938 2922 Sprevi
969 2862 1258 2922 praecepta,
1294 2869 1456 2909 ausus
1481 2871 1600 2910 sum
1633 2856 1920 2924 prohibita,

746 2939 936 2996 Plures
960 2943 1129 2997 everti
1153 2957 1318 3011 prava
1349 2959 1444 3012 per
1467 2944 1664 3011 iudicia
1690 2963 1703 2998 :

741 3029 949 3087 Noxius
974 3034 1127 3098 mihi,
1156 3034 1276 3088 aliis
1307 3035 1534 3099 inutilis,

949 3123 1145 3179 Arctor
1168 3126 1437 3196 utrinque.

745 3211 862 3268 Non
891 3214 1088 3270 caelum
1115 3217 1306 3288 dignus
1331 3217 1501 3272 oculis
1527 3218 1790 3286 aspicere,

743 3302 859 3358 Non
886 3305 979 3360 Dei
1010 3321 1206 3361 nomen
1245 3307 1400 3361 labiis
1419 3309 1750 3376 exprimere;

742 3392 1002 3450 Prohibet
1023 3397 1152 3450 redis
1183 3411 1351 3450 sacrae
1369 3397 1530 3451 limen
1559 3408 1734 3453 terere

954 3485 1120 3556 Culpa
1151 3488 1478 3543 remordens.

744 3571 897 3626 Nunc
925 3588 1139 3642 quoque
1168 3577 1339 3630 sacris
1368 3578 1580 3632 deditus
1601 3579 1871 3646 obsequiis

747 3659 961 3716 Veteris
984 3663 1105 3716 vita:
1134 3664 1382 3718 stimulor
1401 3665 1666 3720 illecebris
1709 3683 1721 3717 :

749 3748 818 3805 Ut
841 3748 1122 3821 fugitivum
1161 3762 1408 3822 repetunt
1440 3755 1492 3807 in
1525 3755 1782 3809 famulum

952 3839 1080 3895 Jura
1113 3844 1355 3912 tyranni.

736 3933 919 3988 Conor
940 3933 991 3988 in
1020 3933 1169 4001 ﬂetu,
1195 3936 1331 4006 riget
1362 3951 1456 3991 cor
1477 3936 1768 4007 lapideum,

739 4022 994 4080 Precibus
1026 4027 1186 4093 insto,
1212 4043 1378 4098 vagus
1413 4028 1524 4082 abit
1549 4029 1788 4098 Spiritus,

743 4112 949 4170 Lumen
970 4116 1478 4187 inquiro,-tenebrm
1496 4121 1935 4189 phantasmatum

945 4207 1198 4264 Protinus
1224 4212 1436 4266 adsunt.

741 4296 976 4354 Eﬂ‘erum
1005 4301 1105 4366 ira,
1136 4303 1397 4358 tumidum
1431 4304 1704 4373 superbia,

739 4387 971 4443 Edacem
1003 4391 1145 4461 gula,
1173 4409 1368 4448 vanum
1400 4397 1716 4458 cenodoxia,

739 4475 990 4531 Omnium
1020 4479 1273 4534 frendens
1302 4483 1587 4536 criminum
1616 4484 1893 4538 barbaries
2203 4525 2254 4585 Β

948 4569 1188 4627 Subdere
1218 4581 1408 4628 tentat.

737 4659 892 4732 Sarpe
917 4663 1133 4728 resisto,
1167 4679 1427 4734 armaque
1456 4666 1713 4735 corripio,

737 4753 866 4810 Mihi
893 4770 1236 4824 congressus,
1274 4772 1483 4812 mecum
1506 4758 1622 4827 ipse
1644 4758 1844 4812 dimico
1867 4778 1882 4821 ,

733 4841 842 4900 Sed
871 4845 972 4916 legi
1006 4846 1186 4900 carnis
1213 4847 1295 4902 lex
1324 4847 1449 4901 dum
1469 4848 1611 4903 cedit
1639 4849 1884 4919 spiritus,

946 4936 1133 4992 Praeda
1165 4940 1226 4993 fit
1256 4941 1418 4996 hosti.

733 5026 886 5097 Saepe
916 5029 1096 5085 divino
1125 5032 1246 5101 igne
1270 5047 1365 5086 cor
1389 5034 1720 5100 accenditur,

2432 491 2589 546 Ploro
2613 502 2941 561 peremptam
2971 491 3022 544 in
3051 490 3283 559 peccatis
3309 491 3544 545 animam
3577 510 3590 545 :

2432 582 2532 648 Qui
2560 583 2798 636 vacuasti
2822 580 3147 648 mortisjura
3178 589 3438 639 mortuus.

2642 672 2744 726 Per
2775 683 2825 725 te
2853 679 3116 740 resurgat.

2430 759 2612 815 Palma
2642 763 2932 828 jnstorum,
2966 777 3194 830 spesque
3221 763 3621 829 pmnitenlium,

2433 852 2531 917 Da,
2552 851 2783 915 Christe,
2812 868 3053 917 manuni,
3080 862 3132 904 ct
3163 850 3443 920 profundis
3472 864 3693 908 erutum

2434 942 2593 998 Solve
2620 945 2876 1011 peccatis,
2910 941 3031 995 hinc
3058 941 3127 995 ab
3147 941 3549 997 imminentibus

2674 1033 2835 1101 Eripe
2863 1032 3038 1086 noxis.

2429 1123 2534 1194 55
2565 1117 2642 1178 Tu
2670 1124 2987 1194 peccatricis
3011 1125 3274 1195 lacrymas
3320 1140 3427 1178 non
3463 1124 3675 1194 respuis
3713 1142 3728 1174 :

2429 1217 2507 1268 Tu
2537 1216 2875 1284 publicanum
2900 1209 3259 1284 pmnitentem'
3273 1217 3466 1285 recipis
3494 1235 3508 1269 :

2430 1303 2607 1359 Vitam
2634 1304 2826 1358 latroni
2847 1303 2958 1372 jam
2983 1304 3036 1357 in
3069 1303 3240 1358 morte
3261 1303 3433 1373 posito

2645 1395 2720 1449 Te
2744 1396 2875 1450 dare
2901 1396 3150 1465 spondes.

2428 1484 2532 1541 Per
2557 1485 2693 1549 haue,
2723 1495 2774 1539 te
2802 1498 3002 1554 quaeso,
3036 1485 3254 1554 pietatis
3285 1485 3514 1548 viscera,

2433 1577 2502 1631 Et
2529 1593 2615 1631 me
2645 1579 2710 1632 de
2732 1578 2925 1632 vinclis
2955 1586 3032 1631 tot
3063 1577 3341 1645 culparum
3372 1577 3573 1632 libera:

2430 1667 2637 1722 Mereor
2660 1669 2818 1733 iram,
2850 1666 3064 1722 effunde
3087 1665 3447 1729 clementiam,

2644 1751 2784 1811 Fons
2810 1758 3050 1827 pietatis.

2429 1851 2502 1906 Da
2532 1850 2636 1904 tuis
2667 1865 2880 1917 semper
2898 1851 3167 1919 obsequar
3194 1851 3454 1920 imperiis,

2425 1940 2621 2009 Sicque
2659 1939 2906 2007 supernis
2932 1940 3148 2008 dignum
3179 1941 3342 1994 redde
3367 1927 3622 2010 praemiis,

2423 2030 2522 2097 Qui
2553 2028 2697 2082 Patri
2718 2045 2956 2104 compar,
2985 2039 3276 2098 sanctoque
3306 2022 3556 2100 Spiritui,

2639 2117 2839 2172 Cuncta
2861 2119 3146 2188 gubernas.
3173 2118 3362 2172 Amen.

2478 2209 2705 2264 CCXXI.
2737 2209 2814 2262 De
2843 2209 3086 2261 abbatum
3116 2209 3325 2262 miseria
3355 2209 3648 2279 rhythmi“.

2563 2301 2756 2370 Luget,
2779 2299 2990 2370 plorat,
3017 2299 3344 2355 lamentatur

2498 2395 2700 2460 Sancta
2726 2409 2869 2448 nunc
2893 2391 3156 2458 Ecclesia,

2495 2484 2630 2540 Cum
2661 2499 2879 2539 suorum
2912 2494 3114 2540 tantam
3153 2485 3292 2539 videt

2503 2575 2650 2630 Abba
2661 2585 2774 2636 uim
2797 2576 3115 2647 miseriam...

2503 2658 2571 2726 Et
2591 2687 2776 2725 eorum
2802 2673 3199 2741 contemplatur

2498 2761 2720 2815 Diversa
2747 2761 3009 2831 pericula.

2565 2849 2754 2905 Nullus
2779 2866 2918 2920 pene
2953 2851 3118 2907 abbas
3133 2839 3300 2907 modo

2474 2936 2648 2996 'Valet
2671 2955 2793 2996 esse
2817 2943 3131 3006 monachus,

2501 3029 2638 3084 Dum
2665 3032 2940 3086 diversum
2958 3040 3012 3087 et
3033 3032 3279 3087 nocivum

2497 3120 2740 3176 Sustinet
2760 3123 3032 3192 negotium
3064 3141 3078 3176 :

2495 3213 2582 3278 Et,
2607 3215 2750 3284 quod
2781 3216 2909 3269 velit
2934 3217 3219 3274 sustinere.

2493 3304 2652 3360 Velut
2683 3306 2901 3374 iniquus
2924 3307 3142 3374 patitur.

2563 3396 2967 3462 Monachorum,
2999 3406 3251 3466 tanquam
3273 3407 3488 3461 servus,

2493 3491 2641 3546 Intus
2671 3489 2776 3544 fert
2805 3489 3129 3560 superbiam,

2502 3585 2569 3637 Et
2600 3583 2890 3637 multarum
2920 3583 3050 3637 foris
3080 3598 3259 3637 rerum

2496 3672 2739 3726 Sustinet
2769 3671 3066 3727 molestiam
3091 3690 3104 3736 ;

2500 3761 2652 3815 Hanc
2679 3761 2894 3816 abbatis
2919 3763 3115 3817 collum
3148 3764 3322 3833 portat

2497 3851 2824 3906 Servitutem
2854 3852 3139 3922 geminam.

2564 3940 2894 4011 Spiritaliter
2918 3942 3169 3996 abbatem

2500 4033 2698 4089 Volunt
2727 4035 2922 4087 fratres
2953 4033 3151 4096 vivere,

2498 4123 2563 4177 Et
2583 4139 2678 4192 per
2707 4137 2902 4177 causas
2922 4121 3206 4176 smculares

2493 4211 2704 4282 Cogunt
2735 4212 2884 4266 illum
2914 4227 3140 4282 pergere
3159 4227 3171 4238 °

2489 4303 2594 4358 Per
2615 4314 2719 4357 tam
2743 4303 2922 4372 itaque
2942 4303 3151 4358 diversa

2489 4391 2622 4460 Quis
2649 4393 2787 4447 valet
2813 4393 3104 4448 incedere?

2563 4481 2698 4536 Nam
2728 4483 2850 4536 dum
2871 4485 3096 4552 equitat,
3121 4497 3241 4536 mox
3265 4494 3388 4537 esse

2489 4573 2699 4629 Dicitur
2720 4557 2965 4643 vagatio

2483 4664 2613 4733 Ejus
2635 4679 2868 4734 namque
2895 4664 3161 4721 hcbetudo

2489 4753 2586 4808 Est
2605 4753 2912 4808 claustralis
2941 4755 3100 4809 statio
3122 4771 3138 4819 ς

2487 4846 2760 4916 Quidquid
2783 4849 2950 4901 miser
2971 4848 3122 4916 facit,

2479 4936 2716 5004 Semper
2734 4946 2817 4990 est
2838 4938 3119 4991 detractio.

2558 5025 2942 5092 Delinquentes
2967 5027 3092 5080 dum
3117 5027 3390 5091 emendat,

3764 368 3876 437 97!
