4078 6336
251 361 363 426 ὯῚδ

529 471 546 477 -
1136 432 1318 470 ’””⁹“Ὅ.

463 492 642 562 Atque
667 493 1098 563 parvipenditur;

460 581 690 637 Odiosus
718 589 826 646 est,
846 583 890 637 si
912 581 1124 637 fervens
1149 585 1162 648 ζ

443 672 527 726 (Et
545 672 684 738 vilis,
713 673 755 727 si
784 674 1008 743 tepidus.

479 837 482 840 .
523 748 681 824 Valet
704 769 882 823 forsan
907 768 1193 822 emendare

455 846 646 925 Facta,
672 859 716 914 si
746 860 854 913 sint
873 858 1046 922 levia;

455 948 523 1002 Et
546 964 665 1017 qua:
687 949 819 1002 duas
838 955 1045 1002 tantum
1074 957 1297 1004 noscant

435 1023 531 1094 Vel
555 1055 717 1094 uuam
747 1038 990 1103 veniam;

449 1129 709 1184 Graviora
732 1144 852 1198 qua:
878 1137 1003 1183 sunt
1031 1127 1198 1182 abbas

438 1219 767 1290 Supprimit,
804 1235 874 1273 ne
897 1226 1102 1288 pereat.

517 1310 653 1364 Nam
683 1312 730 1364 si
755 1309 878 1364 velit
900 1309 966 1364 de
995 1308 1269 1364 immundo

433 1394 748 1470 Quidquam
778 1401 920 1471 loqui
951 1399 1102 1467 vitio,

444 1493 828 1548 Monacborum
854 1492 1106 1546 intestina

441 1585 630 1640 Oritur
647 1584 859 1648 seditio,

445 1673 514 1728 Et
537 1673 746 1729 occulte
773 1673 953 1728 statim
982 1670 1099 1741 ejus

443 1765 730 1820 Tractatur
750 1764 1004 1834 perditio.

507 1853 615 1924 56
643 1852 699 1907 Si
729 1854 1052 1922 quandoque
1080 1851 1163 1907 vel
1183 1851 1412 1924 jejunat,

440 1943 533 1998 Vel
562 1955 706 1998 tenet
734 1944 1006 1998 silentium
1038 1961 1052 1997 :
1107 1989 1110 1992 .

447 2036 610 2088 Vana:
630 2035 770 2090 laudi
796 2051 921 2089 mox
952 2033 1201 2089 abbatem

432 2129 627 2182 Dicunt
652 2144 772 2184 esse
795 2128 1032 2183 deditum
1058 2145 1073 2193 ;

427 2217 500 2275 Et
531 2219 575 2274 si
600 2219 852 2287 loquitur,
875 2219 958 2273 vel
985 2218 1222 2283 mandat,

436 2311 597 2366 Velut
624 2311 710 2364 fur
737 2311 1170 2381 reprehenditur.

498 2401 557 2457 Si
579 2416 881 2457 sermonem
914 2403 1044 2458 facit
1071 2402 1258 2464 abbas,

443 2493 742 2549 Denotatur
759 2493 1005 2562 garrulus
1025 2509 1043 2548 :

424 2584 564 2640 Etsi
595 2594 776 2640 tacens
804 2584 880 2639 nil
905 2585 1145 2654 exponit,

431 2673 732 2729 Denotatur
756 2674 964 2738 fatuus;

416 2762 540 2819 Huc
567 2778 625 2818 se
649 2773 819 2818 vertat
869 2763 1222 2834 illuc'pergat.,

421 2852 661 2924 Semper
679 2856 782 2909 erit
810 2856 1024 2909 anxius.

490 2943 656 3006 Intus,
684 2945 835 3008 foris,
865 2946 908 2999 si
940 2946 1218 3016 contingat

419 3034 678 3102 Qualibet
698 3037 1016 3100 adversitas,

413 3123 533 3178 Iloe
557 3127 777 3181 incuria:
798 3126 1010 3181 abbatis

416 3215 634 3270 Fratres
653 3233 844 3273 omnes
875 3219 1010 3288 depu
1020 3226 1131 3273 tant
1156 3240 1171 3273 :

408 3305 568 3362 Illum
596 3310 807 3373 rodunt,
837 3320 890 3365 et
910 3313 1204 3381 perroduut

424 3397 490 3450 Et
518 3400 786 3468 appellant
812 3401 1054 3456 bestiam.

490 3487 691 3544 Domus
719 3501 904 3546 sancta
924 3493 968 3546 si
999 3507 1106 3547 non
1135 3501 1362 3560 crescat,

410 3577 474 3632 In
510 3582 755 3635 abbatem
786 3584 1072 3639 invehunt:

416 3666 472 3722 Si
507 3681 735 3736 crescat,
762 3688 885 3728 mox
911 3674 1161 3730 abbatem

415 3756 575 3814 Velut
605 3762 786 3818 hostes
809 3776 1096 3834 expetunt;

425 3852 497 3908 Ut
519 3855 788 3921 incudem,
817 3857 896 3910 sic
919 3857 1173 3913 abbatem

400 3936 584 3997 Simul
604 3960 790 3998 omnes
817 3944 1034 3999 feriunt.

479 4037 524 4092 Ο
553 4037 766 4092 beatum
794 4039 898 4094 tale
917 4049 1095 4108 caput,

409 4121 560 4190 Quod
582 4125 889 4182 a‘membris
916 4128 1124 4181 roditur
1152 4128 1167 4181 ι

407 4212 587 4268 Bonus
609 4225 813 4284 pastor,
840 4232 999 4286 quem
1019 4219 1315 4289 depascunt

407 4305 545 4360 εξενὶ
564 4308 751 4364 dentes
777 4311 954 4364 ovium
977 4313 990 4365 ε

409 4395 560 4452 Felix
587 4410 741 4469 pater
760 4443 774 4468 ,
804 4402 1034 4458 ﬁliorum

409 4489 620 4549 Mersus
646 4495 797 4549 timet
815 4497 1090 4551 omnium!

472 4583 618 4639 Istud
649 4585 847 4640 malum
871 4590 1256 4646 monachorum

401 4673 550 4730 Intus
575 4677 741 4732 abbas
767 4679 980 4745 tolerat,

395 4765 755 4824 Saecularium
777 4781 833 4824 et
862 4770 998 4826 foris

403 4854 573 4909 Simul
600 4868 781 4928 portat
805 4873 994 4921 onera,

407 4948 675 5004 Anxiatur
702 4962 756 5004 et
787 4953 1066 5024 tristaturl;

395 5039 550 5104 Quod
582 5041 660 5096 sic
690 5053 938 5111 premant
957 5046 1160 5102 omnia.

470 5133 694 5189 Noctem
725 5152 978 5206 namque,
1001 5140 1149 5195 curis
1177 5154 1426 5210 pressus,

400 5221 673 5280 Verbosus
698 5228 945 5281 ditnidiat
967 5269 982 5291 ,

397 5313 464 5366 Et
491 5329 765 5378 auroram,
797 5326 854 5370 ut
880 5319 1133 5387 loquatur

395 5403 602 5472 Saepius
632 5407 890 5474 anticipat
911 5424 926 5472 ;

394 5493 589 5548 Tomm
618 5496 758 5551 diem
786 5497 836 5550 in
861 5491 1128 5567 loquendo

401 5584 748 5642 Postmodum
776 5589 1076 5644 continuat.

468 5677 596 5733 Ητωο
619 5687 675 5733 et
697 5679 800 5733 alia
829 5679 1086 5748 praelatus

397 5768 637 5838 sustinet
661 5769 1054 5840 quamplurima
1083 5790 1096 5836 ;

1848 499 1898 556 Α

1819 1846 1879 1907 Β

1498 368 1802 426 CARMINA
1841 372 1929 428 ET
1966 373 2243 430 PRECES:

2126 481 2448 554 Saeculares
2475 499 2607 556 foris
2635 499 2896 572 pungunt,

2128 587 2277 642 Intus
2298 587 2496 643 fratres
2515 589 2800 644 vulnerant
2822 608 2836 654 ;

2137 677 2215 732 Illi
2239 693 2434 748 corpus
2459 691 2857 749 prosequuntur
2879 723 2892 744 ,

2129 768 2197 822 IIi
2231 770 2523 824 corrodunt
2550 772 2780 827 viscera.

2198 859 2318 926 Dic,
2344 861 2588 929 praelate,
2604 878 2754 931 rogo,
2777 863 2959 928 chare,

2126 947 2259 1016 Quae
2281 959 2364 1004 est
2389 950 2493 1005 ista
2523 951 2797 1021 dignitas?

2130 1039 2279 1093 Intus
2304 1040 2473 1105 dolor,
2509 1039 2640 1096 foris
2665 1041 2847 1107 labor;

2131 1128 2274 1185 Hinc
2292 1131 2416 1188 inde
2442 1132 2722 1187 calamitas

2123 1221 2354 1292 Corpus,
2379 1223 2574 1291 lateor,
2596 1222 2666 1280 iis
2694 1225 2852 1281 malis

2119 1309 2375 1366 Perditur
2393 1323 2449 1368 et
2485 1315 2685 1369 anima.

2191 1401 2324 1469 Quis
2347 1404 2626 1473 abbatum,
2649 1423 2804 1479 rogo,
2836 1409 2982 1464 valet

2121 1491 2326 1548 Ferreo
2361 1509 2506 1550 nunc
2528 1506 2792 1566 tempore,

2118 1583 2269 1636 Inter
2290 1593 2369 1637 tot
2400 1585 2742 1642 calamitates

2125 1669 2320 1742 Virgas
2343 1674 2488 1728 ferre
2512 1675 2718 1730 fertiles
2737 1677 2762 1729 ?

2120 1761 2470 1818 Prmlatorum
2500 1775 2646 1820 certe
2671 1769 2831 1823 modo

2117 1853 2254 1909 Sunt
2277 1856 2510 1911 honores
2535 1859 2770 1914 steriles.

2183 1945 2281 2000 His
2309 1947 2624 2013 honoribus,
2657 1952 2881 2007 abbates

2112 2035 2434 2103 Venerandi,
2465 2038 2642 2095 cedite
2665 2059 2680 2108 ;

2105 2126 2282 2182 Grave
2309 2130 2519 2198 pondus
2543 2140 2598 2186 et
2619 2132 2777 2187 inane

2109 2212 2261 2270 Ultro
2278 2214 2392 2284 jam
2422 2219 2672 2287 abjicite;

2108 2305 2176 2360 Et
2193 2309 2258 2363 de
2283 2317 2478 2364 caetero
2508 2311 2678 2382 quieti

2103 2398 2184 2452 Ac
2213 2401 2387 2454 securi
2412 2402 2594 2455 vivite.

3387 395 3493 450 9η

1877 2507 2002 2579 -57
2038 2507 2286 2566 CCXXII.
2332 2511 2406 2566 De
2448 2514 2685 2570 omnibus
2731 2519 2999 2574 ordinibus
3025 2521 3256 2576 omnium
3303 2521 3471 2576 [mni-

2108 2597 2232 2634 num
2257 2583 2313 2636 in
2337 2584 2434 2638 hoc
2463 2586 2656 2638 surculo
2687 2589 2961 2643 virentium
2991 2591 3217 2645 rubrica.

2247 2699 2522 2772 Episcopi,
2553 2705 2838 2771 attendite,

2178 2788 2272 2844 Dei
2301 2793 2464 2846 verba
2497 2794 2813 2851 discernite:

2175 2878 2338 2935 Vobis
2365 2885 2619 2954 praecepit
2652 2887 2911 2941 Dominus

2175 2967 2280 3025 Pro
2304 2973 2500 3027 vestris
2522 2975 2659 3028 mori
2682 2976 2896 3030 ovibus.

2234 3059 2292 3116 Si
2319 3062 2483 3129 bona,
2519 3080 2646 3134 quae
2675 3065 2976 3136 loquimini,

2155 3148 2436 3220 'Operibus
2463 3153 2729 3222 feceritis,

2159 3238 2429 3311 Exempla
2455 3244 2598 3299 bona
2627 3245 2824 3302 dabitis

2169 3327 2378 3385 Vestris
2406 3335 2712 3390 commissis
2740 3337 2885 3393 filiis.

2227 3420 2566 3493 Presbyteri,
2593 3427 2827 3494 diaconi,

2155 3503 2272 3579 ‘Qui
2305 3513 2457 3569 fertis
2490 3531 2619 3571 vasa
2649 3518 2860 3573 Domini

2150 3602 2349 3660 ‘Estote
2375 3621 2589 3676 semper
2616 3610 2774 3664 nitidi

2167 3692 2228 3748 In
2261 3707 2554 3775 conspectu
2573 3700 2862 3756 Altissimi.
2907 3735 2910 3738 ~

2232 3787 2335 3855 Qui
2363 3790 2476 3844 vult
2499 3807 2620 3847 esse
2647 3797 2966 3863 canonicus,

2164 3873 2250 3932 Sit
2277 3878 2452 3933 bonus
2471 3889 2528 3935 et
2552 3882 2796 3949 idoneus,

2165 3963 2396 4022 Obediat
2426 3971 2698 4040 episcopo,

2165 4050 2234 4110 Ut
2255 4058 2456 4111 seniori
2481 4060 2620 4128 incly
2631 4070 2703 4114 to.

2234 4145 2319 4201 Ad
2345 4151 2667 4204 matutinum
2693 4153 2893 4219 veniat,

2157 4232 2294 4292 Cum
2323 4237 2536 4308 signum
2575 4242 2721 4296 horae
2745 4254 2996 4313 resonat;

2159 4324 2463 4399 Postposita
2491 4335 2711 4401 pigritia

2157 4413 2403 4474 Festinet
2433 4422 2499 4476 ad
2521 4423 2714 4480 ofﬁcia.

2226 4507 2449 4568 Plebani
2491 4525 2637 4572 recte
2671 4520 2894 4576 audiant

2151 4596 2308 4666 Quod
2335 4605 2504 4658 sancti
2534 4616 2718 4676 patres
2747 4611 3027 4668 clamitant
3055 4631 3069 4671 τ

2156 4686 2231 4744 Ut
2255 4694 2516 4762 acquisita
2545 4701 2746 4766 praedia

2155 4777 2482 4854 Relinquant
2505 4788 2558 4841 in
2592 4790 2852 4846 Ecclesia.

2233 4873 2487 4944 Magister
2511 4879 2703 4934 doctus
2730 4881 2925 4937 litteris

2164 4961 2396 5034 Flagella
2427 4967 2818 5038 detdiscipulis
2848 4988 2863 5026 :

2057 5085 2061 5089 ι
2155 5049 2248 5119 Ut,
2281 5055 2421 5111 docti
2453 5057 2523 5111 ab
2550 5058 2806 5125 infantia,-

2153 5141 2466 5201 Doctriuam
2488 5149 2625 5204 bene
2650 5154 2882 5221 sapiant.

2230 5235 2534 5305 Scriptores
2556 5251 2700 5296 recta
2723 5243 2862 5298 linea

2155 5324 2388 5385 Veraces
2415 5333 2658 5389 scribant
2685 5335 2917 5401 litteras,

2155 5417 2541 5476 Distinetiones
2565 5426 2812 5496 proprias

2152 5507 2337 5580 Usque
2364 5512 2417 5566 in
2452 5513 2612 5568 linem
2643 5531 2708 5570 co
2722 5518 2983 5586 mpleant.

2228 5600 2543 5658 lllitteratus
2570 5606 2800 5662 clericus

2148 5691 2382 5749 Elationi
2412 5696 2646 5763 deditus,

2155 5780 2465 5853 Despiciens
2496 5791 2776 5860 mysteria,
