4078 6336
646 429 750 482 975

1475 422 1536 478 s.
1573 421 1777 477 PETRl
1822 411 2100 474 DAMlANl
2138 417 2289 473 cpe.
2323 416 2554 473 TOMUS
2585 377 2714 474 seu
2751 417 2929 472 mas
2967 419 3053 473 iV.

925 543 995 598 Ut
1029 543 1185 596 stulta
1211 543 1355 611 jacet
1373 541 1565 597 bestia.

997 634 1264 685 Discurrit
1286 645 1383 699 per
1412 629 1694 684 basilicam

930 723 1034 776 Pro
1061 723 1299 776 vanitate
1322 721 1516 784 nimiae;

925 814 980 867 in
1006 813 1125 869 loco
1152 813 1196 868 si
1217 811 1596 883 permanserit,

924 901 1151 958 Cervice
1174 909 1314 957 torta
1344 899 1600 971 respicit;

988 988 1168 1045 Verba
1194 989 1288 1044 Dei
1319 1003 1427 1044 non
1452 989 1688 1052 nuntiat,

918 1079 1178 1136 Privatim
1203 1094 1415 1148 semper
1430 1079 1716 1142 mussitat;

921 1169 995 1226 Et
1019 1169 1212 1225 recitat
1232 1167 1518 1239 parabolas

918 1258 1111 1316 lnanes
1137 1269 1299 1330 atque
1323 1272 1544 1314 vacuas.

982 1349 1220 1406 Abbates
1244 1363 1454 1420 semper
1474 1346 1719 1417 vigilent.

919 1439 1003 1494 Ab
1029 1439 1176 1494 omni
1206 1453 1436 1508 namque
1467 1437 1714 1499 crimine.

918 1527 1033 1585 Non
1059 1545 1158 1599 pro
1188 1531 1370 1584 mundi
1397 1528 1596 1584 astutia

924 1618 1121 1675 Sancta
1147 1609 1454 1688 relinquant
1481 1616 1682 1674 studia.

984 1711 1100 1767 Non
1129 1721 1304 1782 potest
1324 1726 1444 1767 esse
1468 1708 1766 1765 monachus

917 1803 1018 1870 Qui
1049 1817 1215 1874 vagus
1233 1811 1336 1868 est,
1370 1800 1724 1872 improvidur

923 1891 982 1946 Si
1003 1892 1131 1946 vivit
1158 1893 1276 1947 sine
1303 1891 1511 1962 regula,

921 1980 1127 2036 Peribit
1150 1989 1322 2036 morte
1345 1981 1603 2050 pessima.

993 2069 1105 2127 Deo
1139 2070 1318 2126 devoti
1344 2069 1622 2135 monachi,

921 2160 1145 2218 Servate
1163 2159 1334 2231 legem
1358 2161 1582 2231 optime.

926 2248 1181 2307 Viventes
1213 2259 1366 2306 casto
1393 2264 1646 2321 corpore,

917 2339 1153 2397 Terrena
1178 2349 1372 2395 cuncta
1401 2340 1666 2410 spernite.

993 2434 1239 2489 Potestas
1266 2443 1348 2488 est
1371 2434 1426 2489 in
1452 2433 1650 2504 populo

920 2523 966 2577 Α
994 2537 1205 2578 summo
1230 2524 1356 2579 data
1385 2523 1614 2578 Domino

921 2615 990 2672 Et
1014 2632 1137 2672 cum
1165 2617 1384 2673 lide.....

921 2709 1027 2776 Qui
1060 2718 1399 2766 sacramenta
1427 2709 1688 2766 feCerant.

991 2799 1100 2855 Pro
1129 2800 1276 2856 nullo
1303 2799 1444 2856 malo
1469 2801 1682 2865 merito.

921 2889 1016 2944 Vel
1041 2889 1295 2960 placitato
1331 2891 1530 2962 pretio.
1588 2900 1590 2903 '

915 2987 1026 3048 Aut
1045 2987 1224 3057 aliqua
1252 2986 1512 3051 amicitia.

918 3075 1107 3131 Vertat
1127 3089 1251 3132 vera
1266 3074 1492 3145 judicia.

981 3167 1150 3223 Iudex
1177 3169 1371 3224 sedens
1397 3167 1451 3221 in
1479 3166 1679 3238 placito
1780 3151 1792 3160 ’

921 3253 1031 3326 58
1055 3258 1168 3311 Non
1191 3267 1370 3327 speret
1395 3258 1460 3314 de
1481 3257 1730 3322 lucratio.

922 3343 1032 3405 Sed
1061 3345 1226 3400 Deum
1257 3356 1401 3402 recte
1431 3347 1636 3410 timeat.

917 3435 998 3494 Et
1028 3436 1200 3508 legem
1229 3438 1337 3494 cito
1365 3437 1538 3493 ﬁniat.

989 3527 1181 3587 Testes
1199 3570 1213 3596 ,
1237 3544 1334 3599 pro
1361 3531 1504 3585 nullo
1526 3547 1749 3587 munere

925 3615 1085 3674 Falsa
1107 3618 1251 3687 loqui
1279 3621 1603 3687 praesumite.

923 3703 1030 3762 Sed
1057 3721 1180 3761 vera
1211 3705 1369 3762 verba
1401 3708 1562 3761 dicite

925 3796 1198 3854 Praesente
1217 3813 1343 3855 veno
1369 3797 1639 3868 Principe.

997 3890 1232 3948 Veraces
1256 3892 1364 3947 sint
1394 3890 1618 3956 notarii,

940 3982 1184 4040 l‘enendo
1210 3983 1369 4040 ﬁdem
1391 3982 1560 4038 animi
1593 3992 1610 4036 :

923 4071 1038 4130 Nec
1055 4087 1291 4145 unquam
1311 4087 1410 4143 pro
1441 4072 1677 4128 denariis

923 4162 1083 4220 Falsa
1112 4162 1352 4218 scribant
1372 4162 1425 4218 in
1453 4161 1732 4218 chartulis.

998 4251 1366 4310 Castaldioncs
1391 4253 1591 4322 populi.

925 4346 994 4400 Et
1018 4360 1207 4401 omnes
1239 4344 1586 4410 vicedomini,
1609 4335 1611 4338 ⁴
1659 4341 1672 4348 ”

927 4433 1005 4489 Ne
1026 4442 1309 4504 torqueant
1321 4433 1610 4501 justitiam,
1656 4502 1659 4505 _

931 4523 1043 4578 Nec
1083 4522 1404 4578 manducent
1437 4524 1677 4580 servitia.

1005 4609 1274 4669 Tenentes
1299 4611 1617 4679 ministeria,

932 4703 1067 4760 Cum
1101 4701 1258 4760 malis
1284 4719 1391 4760 non
1418 4706 1762 4772 conveniant,

930 4795 1097 4853 Recte
1123 4803 1303 4852 tamen
1333 4797 1662 4863 deserviant.

928 4884 1008 4943 Ne
1030 4886 1170 4942 bona
1200 4885 1428 4956 perdant
1453 4888 1666 4942 merita.

1000 4977 1364 5033 Advocatores
1387 4978 1584 5047 placita

928 5066 1007 5125 Ne
1038 5067 1289 5123 fraudem
1309 5076 1426 5123 arte
1443 5068 1656 5140 aliqua;

935 5157 1199 5214 Relaxent
1230 5157 1410 5214 cordis
1432 5157 1583 5222 vitia,

932 5251 999 5305 Et
1021 5251 1312 5319 exquirant
1332 5249 1555 5315 judicia.

1011 5337 1193 5392 Nullus
1215 5336 1575 5402 consiliarius.

933 5430 1042 5485 Aut
1065 5430 1439 5493 auricularius.

938 5520 1164 5590 Propter
1187 5524 1454 5576 mundana
1485 5536 1765 5592 prospera,

935 5609 1006 5665 Se
1035 5611 1270 5667 conﬁdat
1297 5613 1348 5666 in
1376 5613 1566 5681 gloria.

1007 5702 1196 5757 Missus
1235 5705 1523 5771 prudenter
1556 5703 1753 5776 sapiat

933 5793 1213 5855 Enarnre
1243 5794 1536 5858 missalica,

2238 542 2286 594 Α

2600 532 2676 586 Ne
2704 533 3032 602 stupefactus
3060 533 3272 602 publice

2597 623 2828 676 Verbum
2856 623 3000 676 dicat
3026 624 3236 676 inutile.

2655 708 2897 764 Nutritus
2923 719 3084 779 atque
3110 710 3345 778 Sapiens.

2595 800 2815 857 Timens
2843 801 3011 857 Deum
3038 803 3324 861 veraciter.

2590 892 2867 948 Amandus
2897 879 2983 949 est
3006 908 3037 946 a
3068 893 3316 960 Domino.

2590 979 2912 1039 Laudandus
2932 993 3014 1039 est
3036 1000 3065 1037 a
3091 985 3308 1056 populo.

2666 1076 2929 1145 Receptor
2957 1070 3142 1132 celans
3174 1079 3326 1143 vitia,

2595 1165 2666 1221 Ut
2693 1165 2827 1221 falsa
2857 1168 3002 1221 canit
3026 1168 3222 1228 ﬁstula.

2592 1256 2836 1311 Ridendo
2868 1257 3028 1312 verba
3053 1258 3250 1314 dudum

2589 1347 2646 1400 ιη
2673 1349 2834 1402 corde
2858 1347 2996 1402 male
3027 1351 3276 1405 seminat.

2660 1436 2946 1508 llypocrita
2973 1454 3031 1493 se
3056 1439 3313 1496 simulans

2591 1523 2755 1580 Multa
2783 1528 3064 1582 abscondit
3084 1529 3237 1593 vitia,

2600 1616 2817 1672 Vultum
2849 1619 3183 1676 demonstrat
3205 1621 3492 1690 placidum,

2581 1707 2648 1761 'ln
2668 1709 2830 1763 corde
2855 1713 3030 1778 portat
3059 1712 3312 1781 gladium.

2661 1803 2872 1859 Ebriosi
2898 1807 3187 1861 miserrimi

2582 1893 2892 1950 infremunt
2913 1906 2972 1951 ut
2997 1899 3314 1968 phrenetici,

2593 1985 2784 2042 Mentis
2806 1991 3036 2058 perdunt
3061 1995 3399 2058 memoriam,

2589 2075 2732 2132 Nihil
2751 2078 2878 2133 boni
2903 2082 3223 2152 excogitant.

2665 2168 2862 2222 Audite
2883 2169 3066 2236 etiam,
3091 2172 3233 2236 laici,

2590 2256 2690 2323 Qui
2717 2256 2930 2313 Christo
2961 2259 3291 2318 famulatnini
3330 2282 3346 2318 :

2590 2345 2696 2402 Pro
2723 2348 2833 2403 ullo
2858 2365 3092 2420 unquam
3131 2353 3382 2421 crimine,

2595 2435 2848 2491 Pastores
2870 2453 2974 2492 non
3008 2439 3296 2510 despicite;

2592 2523 2856 2593 Operibus
2883 2526 3143 2595 perﬁcite,

2590 2615 2647 2669 In
2678 2618 2929 2673 cordibus
2953 2621 3257 2678 describite.

2662 2708 2965 2781 Antequam
2998 2729 3145 2770 mors
3173 2716 3451 2784 adveniat,

2595 2800 2706 2856 Deo
2744 2802 2939 2858 donate
2968 2804 3204 2870 decimas
3235 2824 3249 2860 :

2604 2892 2793 2947 Securi
2821 2893 2950 2949 hinc
2971 2897 3212 2963 exibitis,

2591 2983 2660 3037 Et
2683 2983 2877 3038 coelum
2907 2987 3269 3056 possidebitis.

2665 3072 2875 3130 Uxores
2905 3074 3032 3132 vero
3062 3069 3292 3150 diligite,

2594 3165 2758 3222 Natos
2785 3177 2994 3224 vestros
3020 3172 3309 3241 corripite;

2593 3259 2696 3315 Sed
2725 3275 2821 3316 vos
2843 3263 3066 3319 ancillas
3088 3267 3275 3338 regite,

2593 3350 2738 3422 Opus
2758 3355 2838 3409 eis
2866 3355 3176 3427 impendite.

2667 3441 2768 3508 Qui
2802 3445 2963 3501 timet-
2982 3447 3148 3502 Deum
3171 3450 3412 3506 omnium

2594 3527 2710 3585 Non
2727 3531 2870 3601 juret
2893 3549 2990 3604 per
3033 3539 3306 3607 negotium
3340 3557 3355 3592 :

2592 3619 2704 3674 Nec
2724 3635 2822 3689 pro
2849 3625 3290 3694 concupiscentia

2596 3706 2769 3764 Ullius
2795 3711 3007 3768 fraudet
3035 3716 3227 3783 pretia.

2672 3798 2846 3855 Duces
2867 3817 2988 3856 cum
3015 3801 3295 3861 beneficiis

2596 3886 2681 3943 Ad
2709 3889 2941 3945 invicem
2963 3896 3308 3960 conveniant,

2593 3979 2704 4037 Deo
2728 3995 2851 4037 cum
2877 3982 2981 4039 ﬁde
3009 3986 3264 4042 serviant.

2603 4072 2714 4143 59
2741 4073 2892 4130 Miles
2918 4075 2986 4130 ad
3009 4091 3239 4146 pugnam
3266 4095 3564 4153 peragrans

2596 4162 2764 4218 Deum
2795 4163 2851 4218 in
2872 4175 3052 4223 mente
3081 4177 3262 4223 teneat
3295 4185 3312 4224 :

2602 4250 2836 4310 Fillones
2866 4269 3077 4324 semper
3105 4249 3326 4314 caveant

2600 4341 2679 4398 Ne
2699 4345 2884 4400 dicant
2912 4346 3034 4416 plus
3056 4363 3216 4420 quam
3247 4351 3467 4406 audiant
3495 4369 3508 4406 :

2674 4433 2957 4492 Placentes
2978 4451 3075 4508 per
3108 4441 3454 4498 mendaciuml

2602 4522 2892 4581 Peccatum
2913 4537 3078 4598 agunt
3106 4530 3428 4595 maximum;

2614 4615 2759 4673 Viles
2794 4629 3054 4689 apparent
3079 4610 3295 4688 saeculo.

2606 4705 2673 4760 Et
2694 4715 2818 4763 sunt
2843 4709 2898 4762 in
2934 4709 3221 4779 vituperio.

2684 4795 2928 4851 Potestas
2956 4798 3178 4854 mundct
3207 4801 3356 4866 vitia,

2605 4885 2774 4942 Furta
2799 4897 2854 4943 et
2872 4888 3151 4946 latrocinia
3180 4909 3196 4954 ;

2611 4977 2682 5033 Ut
2710 4979 2911 5045 caeteri,
2940 4980 3214 5048 perterriti

2609 5064 2862 5122 Timeant
2881 5083 3095 5136 pcenam
3119 5072 3398 5140 consequi.

2681 5156 2992 5226 Conjugatae
3013 5157 3244 5225 feminm,

2611 5246 2815 5301 Tenete
2842 5249 3000 5303 [idem
3035 5252 3288 5317 provide;

2613 5336 2814 5392 Domos
2843 5347 3052 5393 vestras
3083 5338 3370 5409 disponite,

2615 5426 2698 5481 Ad
2730 5427 2986 5498 templum
3018 5428 3112 5484 Dei
3142 5431 3368 5487 currite.

2690 5517 2891 5574 Mutate
2917 5528 3146 5586 vestem,
3175 5523 3370 5588 viduae,

2617 5608 2674 5661 In
2702 5607 2950 5664 castitate
2984 5610 3146 5665 vivite
3177 5629 3190 5665 :

2626 5697 2986 5755 Luxuriantes
3010 5699 3202 5773 fugite,

2615 5789 2692 5844 Ne
2715 5793 2919 5860 possint
2949 5807 3041 5849 vos
3069 5795 3336 5867 accipere.

3759 419 3841 478 9ῗό
