4078 6336
229 365 337 434 9η

1473 384 1557 440 CA
1566 385 1780 442 RMINA
1819 387 1905 443 ET
1947 387 2235 450 PRECES.

580 482 778 539 Puellae
801 501 858 541 se
885 489 1190 544 custodiant

514 573 596 628 Ab
624 577 771 629 omni
798 592 935 632 vana
968 579 1161 649 gloria,

508 664 586 718 Ne
607 664 889 732 juventute
919 669 1123 725 fervida

509 754 719 811 Cadant
748 759 805 812 in
836 760 1122 816 adulteria.

578 844 910 913 Meretrices,
941 853 1263 925 convertite,

514 937 736 991 Veniam
767 939 919 995 vobis
942 944 1167 1011 quaerite
1190 963 1204 999 :

508 1023 609 1089 Qui
638 1039 850 1095 semper
882 1029 1018 1086 solet
1034 1046 1257 1100 parcere

506 1114 795 1184 Exspectat
817 1134 912 1174 vos
936 1122 1195 1190 quotidie.

578 1202 755 1272 Servi,
782 1222 904 1262 cum
930 1219 1077 1266 recto
1097 1214 1280 1272 animo

506 1292 698 1348 Vestro
720 1298 922 1353 servite
948 1300 1168 1358 domino
1204 1322 1220 1359 :

501 1384 725 1440 Ancilla
749 1397 805 1443 et
828 1389 1035 1446 utiliter

503 1474 821 1534 Deserviant
841 1482 1114 1540 similiter.

569 1565 628 1620 In
660 1573 933 1639 prosperis
962 1573 1229 1643 latitiam,

498 1656 555 1711 In
581 1659 829 1717 adversis
858 1662 1133 1720 tristitiam

503 1745 680 1817 Supra
705 1755 921 1808 modum
948 1770 1056 1813 non
1082 1756 1281 1814 habeat

502 1838 617 1895 Ulla
649 1841 824 1901 fidelis
851 1846 1055 1903 anima.

569 1930 672 2002 Qui
708 1934 889 1994 vivitis
917 1937 970 1993 in
1010 1938 1240 2006 saculo,~

499 2023 722 2095 Omnes,
749 2030 951 2086 servile
978 2029 1251 2098 Domino,_

498 2116 564 2172 Ut
581 2118 686 2188 juti
712 2134 810 2175 sua
834 2120 1055 2178 dextera

498 2209 752 2281 Regnetis
777 2227 942 2283 super
961 2215 1186 2272 athera.

497 2305 768 2366 CCXXIII.
794 2310 873 2367 De
892 2312 976 2368 die
998 2315 1179 2368 mortis
1208 2314 1502 2387 rhythmum

562 2396 725 2454 Gravi
758 2416 845 2457 me
876 2412 1083 2457 terrore
1109 2405 1313 2475 pulsas,

501 2488 632 2543 \‘ita
654 2489 769 2545 dies
798 2490 1007 2559 ultima,

492 2575 682 2633 Moeret
703 2594 819 2647 cor,
843 2582 1129 2653 solvuntur
1157 2602 1343 2653 renes,

489 2665 639 2722 Laesa
672 2678 911 2728 tremunt
948 2673 1180 2741 viscera,

497 2756 596 2810 'l‘ui
625 2761 861 2828 speciem
882 2762 1008 2817 dum
1032 2764 1136 2820 sibi
1188 2814 1189 2817 η

494 2847 642 2903 Mens
672 2850 910 2923 depingit
932 2854 1117 2911 anxia.

560 2938 692 3004 Quis
721 2942 865 2996 enim
894 2945 1201 3014 pavendum
1234 2946 1375 3003 Illud

492 3028 732 3098 Explicet
758 3034 1143 3102 spectaculum,

488 3118 640 3184 Cum,
666 3121 912 3179 dimenso
939 3126 1062 3182 vita
1091 3142 1286 3195 cursu,

476 3208 665 3265 Carnis
693 3226 850 3281 agra
877 3215 1106 3273 nexibus

487 3300 679 3354 Anima
701 3300 940 3358 luctatur
957 3304 1117 3370 solvi,

492 3389 865 3463 Pmpinquans
893 3396 960 3450 ad
988 3398 1193 3453 exitum
1206 3400 1239 3456 τ

566 3485 713 3542 Perit
739 3503 952 3556 sensus,
976 3489 1156 3562 lingua
1188 3493 1363 3565 riget,

490 3576 850 3634 Resolvuntur
881 3580 1043 3647 oculi,

487 3665 678 3722 Pectus
708 3669 953 3739 palpitat,
980 3672 1199 3729 anhelat

486 3755 727 3811 Rattcum
757 3768 943 3828 guttur
964 3762 1220 3829 hominis,

484 3843 711 3913 Stupent
732 3846 994 3913 membra,
1018 3849 1221 3918 pallent
1246 3866 1366 3920 ora,

482 3932 657 3989 Decor
685 3938 797 3992 abit
826 3940 1090 4007 corporis.

559 4024 697 4080 Ecce
715 4025 1050 4082 diversorum
1077 4036 1262 4098 partes

487 4114 771 4171 Conﬂuunt
799 4118 1115 4186 spirituum;

484 4204 620 4262 Hinc
645 4207 900 4279 angelica
932 4210 1178 4277 virtutes,

485 4293 636 4350 Illinc
665 4297 821 4352 turba
848 4296 1181 4365 damonum;

486 4383 563 4438 Illi
588 4386 807 4455 prapius
831 4387 1118 4457 accedunt,

482 4472 601 4541 Quo
627 4475 817 4532 invitat
846 4478 1122 4533 meritum.

551 4564 761 4623 Prasto
787 4576 917 4623 sunt
943 4578 1000 4624 et
1028 4572 1318 4642 cogitatus,

486 4654 682 4722 Verba,
706 4672 918 4724 cursus,
943 4673 1139 4730 opera;

483 4744 594 4815 eo
616 4745 682 4800 Et
703 4762 814 4816 pra
838 4747 1010 4804 oculis
1034 4749 1267 4807 nolentis

483 4832 864 4891 Glomerantur
886 4838 1068 4894 omnia
1099 4856 1112 4893 :

485 4920 617 4978 Illuc
642 4925 845 4991 tendat,
874 4928 982 4983 huc
1004 4944 1063 4984 se
1083 4938 1282 4998 vertat,

476 5011 671 5069 Coram
692 5016 839 5072 videt
862 5019 1057 5088 posita.

548 5101 787 5175 Torquet
814 5107 931 5177 ipsa
955 5123 1109 5164 reum
1133 5126 1289 5168 suum

478 5190 699 5249 Mordax
721 5198 1074 5267 conscientia,

479 5280 659 5338 Plorat
686 5294 802 5341 acta
836 5289 1138 5361 corrigendi

483 5370 780 5429 Deﬂuxisse
811 5385 1082 5447 tempora;

474 5456 636 5514 Plena
657 5461 831 5528 luctu,
860 5476 1013 5523 caret
1036 5468 1219 5525 fructu

477 5546 608 5603 Sera
631 5553 965 5620 paenitentia.

554 5637 710 5696 Falsa
735 5651 861 5697 tunc
888 5643 1113 5702 dulcedo
1133 5649 1323 5707 carnis.

476 5732 533 5787 In
564 5749 807 5791 amarum
836 5737 1086 5804 vertitur,

1826 507 1886 567 Δ

2177 505 2401 572 Quando
2425 507 2640 562 brevem
2676 508 3027 577 voluptatem,

2186 595 2385 665 Perpes
2417 612 2572 664 poena
2599 601 2843 667 sequitur
2875 617 2887 652 :

2182 685 2304 741 Jam
2335 690 2473 757 quod
2503 706 2752 759 magnum
2780 690 3136 760 credebatur.]

2192 778 2278 833 Nil
2308 778 2472 835 fuisse
2490 783 2761 855 cernitur.

2255 868 2431 939 Atque
2452 885 2604 927 mens
2628 872 2683 926 in
2709 888 2932 928 summa
2959 873 3091 929 lucis

2184 955 2423 1013 Gloriam
2458 958 2782 1027 sustollitur,

2183 1046 2519 1116 Aspernatur
2548 1049 2719 1107 lutum
2746 1052 2946 1111 carnis.

2199 1136 2316 1203 Quo
2336 1153 2515 1196 mersa
2539 1140 2897 1212 provolvitur.

2192 1225 2262 1280 Et
2283 1235 2343 1281 ut
2370 1228 2631 1285 carcerali
2658 1246 2801 1311 nexu

2188 1317 2519 1377 Latabunda
2557 1322 2805 1377 solvitur.

2250 1406 2356 1463 Sed
2384 1422 2602 1479 egressa
2631 1410 2823 1466 durum
2853 1412 2953 1465 lter

2182 1495 2472 1567 Experitur
2500 1499 2705 1566 anima,

2171 1585 2289 1652 Qua
2315 1586 2593 1644 incursant
2618 1588 2822 1649 furiosa

2184 1673 2327 1731 Dira
2345 1679 2511 1748 pestis
2537 1680 2773 1748 agmina,

2180 1767 2248 1823 Et
2267 1768 2481 1827 diversa
2512 1772 2626 1827 suis
2644 1771 2779 1828 locis

2179 1856 2457 1915 Instruunt
2479 1861 2800 1917 certamina.

2255 1949 2391 2011 Nam
2416 1952 2507 2008 hic
2532 1953 2839 2013 inccntores
2860 1955 3018 2028 gula.

2184 2042 2302 2102 Illic
2326 2046 2590 2114 avaritia,

2179 2133 2321 2191 Alibi
2344 2134 2585 2193 fautores
2612 2137 2731 2209 ira,

2179 2222 2322 2279 Alibi
2345 2226 2642 2296 superbia;

2177 2314 2306 2371 Vitii
2339 2317 2603 2389 cuiusque
2646 2318 2836 2390 globus

2173 2402 2314 2461 Suae
2339 2417 2497 2477 parat
2516 2410 2681 2465 acies.

2250 2495 2369 2554 1am
2396 2500 2444 2555 si
2466 2499 2623 2556 cedat
2648 2516 2757 2557 una
2779 2512 2981 2569 turma,

2178 2587 2303 2645 Hox
2328 2589 2560 2662 insurgit
2586 2592 2755 2649 altera
2783 2608 2799 2648 :

2172 2677 2364 2737 Omnis
2384 2695 2474 2737 ars
2494 2692 2732 2741 tentatur
2756 2684 2903 2750 belli,

2173 2768 2364 2825 Omnis
2383 2784 2575 2841 pugnae
2597 2772 2870 2839 machina,

2174 2858 2253 2915 Ne
2277 2860 2346 2917 ab
2382 2862 2621 2918 hostium
2660 2863 2868 2936 pudore

2173 2947 2266 3004 Sic
2287 2950 2481 3007 evadat
2502 2952 2704 3008 anima.

2238 3039 2285 3097 0
2313 3055 2475 3112 quam
2499 3050 2650 3099 torva
2676 3044 2995 3103 bellatorum

2172 3127 2411 3185 Monstra
2435 3140 2563 3187 sunt
2590 3131 2869 3199 feralium;

2173 3217 2348 3285 Tetri,
2378 3228 2583 3287 truces,
2616 3224 2905 3279 truculenti

2166 3305 2438 3363 Flammas
2460 3307 2643 3365 eIIlant
2670 3312 2915 3376 naribus,

2170 3399 2471 3456 Dracontea
2504 3411 2713 3458 tument
2737 3404 2893 3471 colla,

2169 3490 2330 3547 Virus
2358 3492 2567 3549 stillant
2598 3493 2866 3553 faucibus.

2242 3579 2583 3651 Serpentinis
2612 3596 2829 3641 armant
2848 3590 3009 3660 spiris

2164 3668 2354 3725 Manus
2381 3672 2572 3728 doctas
2592 3674 2814 3744 praliis,

2174 3756 2272 3812 His
2291 3770 2603 3829 oppugnant
2628 3763 2979 3820 adventantes

2164 3849 2311 3906 Telis
2335 3851 2483 3907 velut
2504 3852 2697 3909 ferreis
2727 3872 2742 3907 :

2166 3938 2283 4005 His,
2314 3956 2452 4010 quos
2487 3946 2790 4011 attrahunt,
2820 3948 3036 4002 atemis

2165 4026 2474 4100 Mancipant
2499 4033 2789 4090 incendiis.

2231 4119 2445 4188 Quaeso,
2475 4123 2710 4190 Christe,
2739 4124 2854 4181 Rex
2878 4126 3099 4196 invicto,

2165 4207 2247 4266 Tu
2273 4227 2532 4269 succurre
2552 4215 2779 4283 misero,

2162 4298 2276 4355 Sub
2296 4311 2555 4360 extrema
2578 4304 2770 4361 mortis
2794 4306 2949 4372 hora,

2162 4389 2295 4445 Cum
2309 4391 2497 4460 jussus
2524 4392 2711 4450 abiero
2738 4409 2763 4465 ε,

2164 4481 2380 4539 Nullum
2401 4485 2460 4542 in
2482 4499 2571 4542 me
2588 4486 2685 4556 jus
2714 4496 2944 4561 tyranno

2168 4573 2481 4633 Prabeatur
2513 4578 2699 4651 impio.

2239 4667 2409 4723 Cadat
2431 4670 2683 4741 princeps
2707 4671 3078 4741 tenebrarum,

2161 4754 2333 4811 Cadat
2365 4771 2493 4827 pars
2519 4766 2756 4815 tartarea
2784 4776 2800 4812 :

2159 4842 2355 4902 Pastor
2381 4861 2537 4903 ovem
2553 4848 2665 4919 jam
2694 4848 3029 4921 redemptam

2163 4932 2316 4991 Tunc
2340 4937 2506 4994 reduc
2528 4938 2595 4993 ad
2616 4938 2871 5008 patriam,

2162 5024 2263 5081 Ubi
2288 5034 2341 5081 te
2360 5029 2574 5084 videndi
2603 5044 2769 5091 causa

2163 5114 2422 5172 Perfruar
2442 5118 2496 5173 in
2525 5119 2740 5174 sacula.
2764 5123 2956 5179 Amen.

2163 5472 2337 5528 Simul
2356 5488 2545 5531 omnes
2565 5478 2802 5548 reprobi,

2158 5563 2263 5629 Qui
2297 5566 2437 5636 regis
2454 5568 2739 5625 adventum
2773 5574 2928 5646 prius

2162 5653 2566 5724 Exspectabam
2592 5663 2791 5729 territi,

2159 5742 2445 5814 Fremunt,
2468 5748 2687 5820 cedunt,
2715 5750 3097 5822 intumescunt.

3369 398 3477 453 978

1878 5201 1984 5275 3:;
2004 5201 2281 5260 CCXXIV.
2309 5205 2378 5261 In
2394 5223 2483 5262 eos
2515 5211 2606 5277 qui
2633 5209 2696 5265 de
2726 5213 2859 5281 regis
2889 5212 3085 5269 ultione
3115 5218 3284 5272 securi
3308 5230 3450 5285 sunt,

2021 5295 2110 5351 sed
2132 5294 2395 5351 Christum
2421 5299 2637 5353 evadere
2678 5313 2961 5371 nequeunt.
2997 5302 3311 5381 Rhymmus.

2234 5386 2625 5455 Jucundantur,
2654 5398 2710 5444 et
2736 5389 2984 5447 laetantur
