4078 6336
552 418 659 476 979

1375 408 1434 466 S.
1461 405 1666 464 PETRI
1697 403 1980 460 DAMIANI
2012 401 2161 458 ΟΡΡ.
2187 399 2227 453 Τ
2233 396 2420 455 OMUS
2453 393 2585 451 SEU
2622 390 2801 448 PARS
2839 387 2926 444 IV.

842 530 912 584 Et
939 527 1198 582 insultant
1219 528 1453 580 miseris.

900 622 1108 690 Quique
1137 628 1263 674 sunt
1293 617 1509 686 lugendi
1545 615 1683 674 totis.

836 713 1221 781 Lacrymarum
1255 708 1503 774 fontibus,

833 799 890 854 ln
913 798 1178 868 superbiae
1203 797 1459 851 sublimes

837 890 1182 944 Extolluntur
1208 885 1482 948 cornibus,

845 979 1141 1036 Phrenesin
1173 978 1337 1032 robur
1357 985 1629 1046 putantes,

845 1069 1004 1125 Sanis
1030 1070 1202 1124 rident
1228 1068 1498 1122 ﬂentibus.

912 1157 1016 1212 Sed
1046 1157 1172 1226 quid
1191 1155 1363 1224 juvat,
1390 1172 1422 1208 ο
1446 1153 1706 1238 perversi,
1739 1179 1741 1181 ι
1766 1179 1767 1184 η

841 1247 886 1305 Ο
910 1248 1170 1319 gehennae
1201 1245 1323 1300 ﬁlii!

839 1339 952 1394 Non
979 1340 1170 1404 vitare,
1195 1339 1288 1392 sed
1311 1346 1522 1390 mutare
1619 1357 1621 1359 ί
1687 1352 1692 1356 ·

842 1429 1097 1484 Tribunal
1117 1428 1341 1498 judicii?

841 1519 953 1574 Sub
976 1519 1187 1574 mortali
1223 1530 1348 1587 rege
1374 1518 1472 1570 luti

839 1607 1112 1663 Christum
1157 1621 1260 1660 non
1287 1606 1532 1660 evaditis.

902 1697 1039 1752 Ecce
1062 1696 1240 1749 veniet
1267 1705 1325 1748 ut
1355 1694 1552 1765 fulgur,

841 1788 1022 1843 Minax
1051 1803 1115 1841 ac
1142 1787 1426 1850 terribilis,

839 1879 979 1934 Solis
1002 1878 1184 1944 ardor,
1212 1879 1349 1932 luna:
1375 1875 1576 1932 candor

838 1968 1182 2024 lnvolventur
1203 1967 1459 2025 tenebris,

847 2059 958 2114 Ima
983 2068 1138 2114 terra:
1161 2066 1343 2128 petent
1370 2056 1580 2127 stellam,

841 2148 974 2204 (Σαξιὶ
1001 2148 1162 2204 vulsa:
1184 2145 1424 2224 cardine.

920 2241 1086 2297 Terra
1111 2241 1349 2296 funditus
1372 2233 1601 2300 ardebit,

843 2330 975 2386 Coeli
1003 2339 1232 2385 trement
1260 2329 1496 2390 climata,

845 2420 1123 2475 Elementa
1160 2417 1538 2479 turbabuntur.

842 2510 1074 2580 Rugient
1099 2509 1357 2573 tonitrua,

764 2610 767 2612 '
846 2601 990 2674 lgnei
1018 2601 1220 2654 micant
1245 2599 1476 2660 corusci,

853 2691 1055 2748 Crebra
1081 2691 1277 2744 cadunt
1299 2688 1556 2747 fulmina.

915 2781 972 2836 ln
1001 2780 1182 2835 furore
1222 2779 1488 2834 venientis

849 2873 936 2932 Fit
959 2881 1250 2940 tempestas
1270 2870 1468 2932 valida,

852 2962 989 3020 Tota
1017 2963 1200 3016 mundi
1231 2959 1546 3014 tremefacta

855 3048 1260 3121 Conquassatur
1289 3049 1558 3110 machina,
1623 3109 1632 3114 ,

849 3141 1150 3197 Estuantis
1179 3142 1404 3193 ﬂamma:
1427 3138 1618 3208 globus

863 3233 1083 3287 Vastqu
1126 3228 1314 3300 perﬂat
1344 3244 1491 3281 aera.

888 3323 1064 3386 _Tunc
1087 3323 1178 3392 qui
1199 3335 1320 3376 eum
1345 3328 1694 3388 pupugerunt,

855 3416 1095 3472 Cernunt
1125 3426 1309 3465 omnes
1331 3410 1505 3479 impii,

854 3506 1072 3560 Throno
1099 3505 1256 3573 igneo
1282 3499 1570 3556 subnixum

863 3599 1056 3666 Specie
1084 3595 1331 3661 terribili,

855 3686 1070 3754 Rogant
1091 3693 1320 3747 montes,
1351 3693 1511 3737 orant
1531 3683 1726 3746 colles,

854 3775 1193 3832 Postulantes
1221 3774 1397 3828 obrui.

917 3863 1038 3918 Mox
1060 3863 1266 3920 occulta
1286 3864 1617 3936 singulorum

854 3952 1076 4008 Cunctis
1105 3962 1289 4022 patent
1311 3953 1573 4015 cordium,

860 4043 1060 4108 Verba,
1088 4045 1249 4109 facta,
1274 4059 1429 4098 mens
1453 4045 1700 4108 videtur,

863 4133 1022 4190 Velut
1049 4150 1246 4204 corpus
1268 4135 1520 4196 solidum,

859 4226 927 4280 Et
953 4241 1196 4281 amarum
1227 4227 1277 4280 in
1309 4237 1557 4280 auctores

857 4315 1111 4372 Reddunt
1134 4319 1516 4374 testimonium.

940 4411 1044 4480 lpsi
1072 4411 1290 4482 spiritus
1323 4412 1495 4479 iniqui

866 4503 1092 4567 Probra,
1125 4519 1244 4571 qua:
1265 4513 1676 4572 suggesserant,

868 4593 1068 4664 Longis
1093 4603 1312 4648 exarata
1348 4595 1504 4647 tomis

860 4683 1180 4753 Relegentes
1204 4684 1494 4754 explicant,

863 4776 1030 4842 Loca,
1057 4767 1297 4846 tempora
1324 4785 1618 4840 gestorum,

865 4867 934 4924 Et
963 4869 1150 4922 modos
1183 4878 1522 4922 enumerant.

937 4960 1248 5012 Irascuntur
1273 4966 1468 5012 cuncta
1501 4956 1681 5025 pravis

861 5049 1186 5118 Angelorum
1210 5048 1446 5117 agmina,

859 5139 1227 5194 Adversantur
1249 5139 1542 5202 elementa,

867 5229 1099 5292 Caelum.
1126 5240 1286 5290 terra,
1321 5229 1580 5290 inanima,

869 5323 1058 5377 Omnis
1085 5336 1264 5375 rerum
1291 5330 1541 5374 creatura

878 5398 1127 5471 Imminet
1157 5419 1449 5470 contraria.

939 5509 1077 5562 Ecce
1109 5517 1270 5576 caput
1288 5509 1614 5577 iniquorum,

873 5600 1047 5654 Ferox
1078 5599 1166 5652 illa
1192 5600 1386 5664 bestia,

873 5691 985 5745 Sub
1017 5698 1335 5744 cunctorum
1366 5690 1635 5743 denudata

871 5782 978 5857 62
1005 5779 1261 5835 Trahitur
1286 5779 1570 5852 praesentia
1594 5793 1609 5828 τ

2149 530 2198 582 Α

2509 509 2698 563 Patent
2727 512 2892 567 artes,
2929 500 3092 562 furta,
3125 495 3255 556 doli,

2509 599 2747 654 Fraudes
2771 607 2824 650 et
2853 593 3086 664 ingenia.

2585 777 2630 832 Ο
2655 790 2817 845 quam
2851 773 2991 834 dira,
3022 784 3185 839 quam
3209 764 3473 821 horrenda

2514 869 2659 923 Voce
2693 864 2864 920 Judex
2896 864 3123 926 intonat,

2513 958 2647 1014 Cum
2673 955 2879 1026 paratis
2908 952 3079 1023 mergi
3114 948 3345 1004 ﬂammis

2520 1050 2830 1105 Maledictos
2857 1046 3113 1114 imperat;

2517 1143 2636 1196 Mox
2664 1139 2962 1209 deglutiens
2992 1125 3232 1189 viventes

2526 1232 2705 1300 Stygis
2726 1229 2830 1282 olla
2857 1228 3100 1281 devorat.

2594 1319 2931 1386 Vaporantur
2969 1312 3207 1368 infelices

2523 1411 2690 1472 Intus,
2715 1416 2768 1460 et
2798 1407 3166 1466 extrinsecus;

2523 1497 2861 1564 Crepitantes
2891 1492 3121 1546 strident
3151 1489 3399 1550 ﬂammas,

2527 1586 2679 1643 Velut
2705 1583 2902 1638 ardens
2925 1582 3170 1636 clibanus
3204 1596 3218 1632 :

2523 1678 2645 1736 Ore,
2673 1676 2911 1737 naribus,
2939 1681 2994 1725 et
3020 1671 3150 1741 ipsis

2525 1767 2802 1823 Proﬂuunt
2825 1763 3135 1818 luminibus.

2589 1856 2912 1913 Immortalis
2935 1870 3079 1909 mors
3105 1849 3323 1914 occidit,

2523 1951 2635 2006 Nec
2659 1951 2878 2004 omnino
2901 1944 3154 2016 perimit:

2522 2047 2666 2115 Ignis
2687 2044 2812 2104 urit,
2838 2056 2942 2096 non
2959 2035 3252 2098 consumit,

2530 2137 2640 2191 Nec
2668 2133 2935 2190 defectum
2965 2127 3158 2196 recipit
3187 2143 3202 2176 :

2525 2229 2646 2284 Vita
2669 2226 2914 2285 moritur,
2939 2236 3085 2274 mors
3108 2217 3256 2280 vivit;

2533 2319 2683 2374 Finis
2706 2330 2920 2384 semper
2950 2311 3156 2380 incipit.

2511 2442 2518 2448 ο
2547 2439 2550 2444 -
2603 2407 2862 2464 Rediviva
2893 2413 3097 2473 septem
3127 2400 3296 2469 plaga:
3337 2399 3340 2401 ‘

2531 2503 2812 2556 Renovant
2837 2494 3116 2565 supplicia,

2533 2592 2754 2653 Fumus,
2779 2588 2936 2650 fetor,
2969 2585 3138 2654 algor,
3175 2581 3356 2644 ardor,

2531 2681 2748 2744 Fames,
2771 2678 3099 2752 sitisljgnea,

2536 2772 2759 2826 Vermes
2786 2754 3056 2837 nunquam
3084 2762 3376 2824 satiantur.

2539 2859 2640 2926 Qui
2669 2856 2962 2914 corrodnnt
2987 2854 3216 2908 viscera.

2607 2951 2719 3006 Illic
2741 2951 2914 3013 dolor,
2939 2948 3233 3008 cruciatus,

2540 3044 2744 3105 Fletus,
2777 3041 2978 3096 stridor
3005 3037 3277 3102 dentium,

2540 3136 2748 3189 Adsunt
2774 3131 3020 3186 fremitus
3050 3129 3287 3186 leonum,

2541 3225 2696 3280 Sibili
2727 3223 3050 3293 serpentium
3080 3238 3092 3272 :

2546 3317 2751 3383 Quibus
2783 3315 2936 3370 mixti
2961 3311 3391 3380 confunduntur,

2545 3407 2793 3462 Ululatus
2829 3405 3089 3458 ﬂentium.

2613 3497 2766 3552 Molis
2797 3494 2991 3550 trabem
3020 3494 3283 3546 dracones

2555 3588 2699 3641 Laxa
2724 3586 2963 3654 pandunt
2993 3591 3232 3653 guttura,

2543 3679 2783 3742 Quorum
2804 3673 2944 3729 oculi
2973 3672 3198 3742 sagittas

2544 3767 2857 3822 Jaculantut‘
2887 3765 3098 3834 igneas;

2545 3859 2741 3913 (laudae
2771 3856 2954 3910 chelas
2981 3854 3322 3923 scorpionum

2548 3947 2753 4001 Planta:
2781 3943 3016 4013 produnt
3042 3943 3280 4011 viperas.

2614 4036 2862 4091 Tendunt
2889 4035 3104 4104 quidem
3135 4033 3202 4087 ad
3226 4047 3330 4087 non
3353 4044 3508 4102 esse,

2552 4128 2656 4181 Sed
2680 4142 2784 4180 non
2815 4139 2936 4180 esse
2957 4125 3206 4180 desinunt
3236 4141 3250 4176 :

2554 4223 2749 4276 Vivunt
2776 4221 2954 4284 morti,
2985 4221 3173 4286 volunt
3199 4219 3356 4281 mori,

2551 4313 2656 4366 Sed
2682 4312 2899 4366 omnino
2920 4319 3192 4380 nequeunt
3223 4325 3238 4362 :

2553 4403 2654 4468 Qui
2687 4403 2825 4456 male
2851 4403 3062 4474 vixere,
3086 4401 3250 4454 vitam

2559 4494 2661 4548 l‘ro
2688 4502 2952 4547 tormento
2975 4489 3269 4560 perferunt.

2626 4583 2750 4636 Haec
2772 4599 2880 4651 prce
2899 4583 3089 4644 oculis,
3116 4582 3326 4646 vesani,

2557 4673 2936 4728 Formidantes
2965 4671 3168 4739 ponite.

2555 4763 2680 4819 Haec
2708 4762 2893 4817 subtili
2925 4768 3322 4831 pertractantes

2552 4856 2741 4911 Studio
2769 4853 3044 4914 revolvite,

2554 4946 2620 5000 Et
2642 4959 2928 5014 pravorum
2961 4941 3152 4996 vinclis
3183 4953 3391 4994 morum

2558 5037 2704 5093 Colla
2729 5035 2922 5090 mentis
2943 5031 3162 5092 solvite.

2637 5127 2767 5181 Nam
2793 5133 3010 5195 paratus
3030 5131 3112 5178 est
3133 5119 3416 5188 conversis

2571 5217 2851 5287 Indulgere
2879 5213 3117 5277 veniam,

2561 5308 2662 5376 Qui
2692 5305 2966 5376 perversis
2991 5303 3170 5356 adhuc
3195 5299 3396 5370 premit

2563 5398 2826 5452 Vindicta:
2850 5389 3193 5448 sententiam.

2564 5487 2740 5550 Salus,
2765 5485 2936 5538 honor
2961 5483 3050 5550 pio
3069 5480 3203 5549 Regi

2563 5581 2666 5640 l’er
2689 5585 2889 5632 aeterna
2917 5573 3132 5629 saecula.
3163 5572 3354 5625 Amen.

2465 5667 2740 5729 CCXXVI.
2771 5665 2846 5720 De
2865 5665 3034 5737 gloria
3055 5662 3314 5734 paradisi.
3349 5659 3656 5731 Rhythmus.

2635 5759 2714 5814 Ad
2749 5755 3003 5833 perennis
3039 5755 3160 5808 vita:
3191 5753 3392 5807 fontem

3701 376 3806 432 980

2228 687 2480 745 CCXXV.
2505 687 2787 755 [lucusque
2810 684 2872 737 de
2900 683 3120 734 adventu
3134 695 3152 742 ;
3176 677 3296 730 hinc
3318 676 3380 728 de
3401 672 3563 742 panis
3586 670 3804 726 sufenas.
