4078 6336
319 325 433 382 381'

1515 309 1821 393 emtum
1844 305 1943 370 »εγ
1976 304 2270 366 animus.

549 437 703 500 Mens
731 441 902 498 sitivit
924 441 1072 497 arida
1084 475 1117 516 ,η’

552 532 802 591 Claustra
822 534 1004 588 earnis
1031 540 1230 602 praesto
1250 532 1422 600 l'rangi

550 622 744 680 Clausa
767 623 962 694 quaerit
987 623 1166 676 anima
1191 640 1203 675 :

548 709 758 774 Gliscit,
785 711 972 777 ambit,
1002 710 1271 765 eluetatur

557 803 723 858 Exsul
752 801 858 856 frui
885 801 1081 871 patria.

626 892 735 963 63
763 891 898 945 Dum
924 891 1194 960 pressuris
1223 905 1286 945 ac
1312 889 1573 946 arumnis

553 981 626 1038 Se
648 982 813 1053 gemit
829 982 1115 1037 obnoxiam
1139 1022 1154 1046 ,

555 1069 728 1138 Quam
756 1070 962 1135 amisit,
984 1085 1106 1125 eum
1131 1069 1374 1140 deliquit,

550 1157 961 1229 Contemplatur
993 1159 1238 1229 gloriam.

551 1251 800 1306 Praesens
826 1249 1022 1305 malum
1075 1257 1235 1316 auget
1253 1247 1386 1303 boni

556 1340 759 1397 Perditi
789 1340 1130 1396 memoriam.

626 1431 762 1489 Nam
784 1431 907 1501 quis
930 1437 1146 1500 promat
1170 1441 1396 1484 summa:
1419 1425 1570 1498 pacis

557 1523 770 1591 Quanta
803 1523 873 1577 sit
900 1522 1122 1587 laetitia,‘

560 1613 660 1671 Ubi
689 1614 827 1668 vivis
851 1613 1162 1684 margaritis

554 1710 801 1779 Surgunt
819 1709 1044 1765 aedificia
1061 1747 1077 1775 ,

559 1801 708 1854 Auro
730 1800 878 1855 celsa
907 1799 1112 1853 micant
1137 1804 1298 1864 tecta,

515 1889 518 1894 ’
556 1888 788 1945 Badiant
811 1887 1074 1952 triclinial!

619 1980 761 2035 Solis
793 1979 1022 2051 gemmis
1045 1978 1300 2048 pretiosis

555 2070 682 2126 Haec
710 2079 979 2125 structura
1003 2069 1264 2134 nectitur,

557 2159 706 2214 Auro
733 2154 933 2214 mun’do
970 2166 1227 2228 tanquam
1267 2157 1432 2218 vitro.

557 2248 718 2304 Urbis
743 2248 831 2302 via
858 2246 1125 2304 sternitur
1151 2265 1189 2299 :-

545 2336 714 2392 Abest
747 2336 930 2399 limus,
953 2335 1108 2390 deest
1135 2334 1315 2400 fimus,

559 2428 699 2483 Lues
735 2427 876 2482 nulla
918 2427 1179 2482 cernitur.

625 2516 809 2572 Hiems
834 2519 1084 2582 horrens,
1121 2524 1286 2572 aestas
1308 2524 1520 2572 torrens

556 2608 670 2666 lllie
705 2623 978 2679 nunquam
1005 2607 1234 2665 saeviunt
1266 2625 1280 2660 :

555 2697 680 2753 Flos
701 2712 1004 2768 purpureus
1029 2711 1276 2752 rosarum

567 2789 672 2852 Ver
702 2790 812 2858 agit
838 2797 1157 2862 perpetuum
1199 2806 1212 2841 :

555 2880 798 2936 Candent
823 2880 952 2947 lilia,
975 2880 1214 2938 rubescit

561 2971 785 3036 Crocus,
817 2971 982 3026 sudat
1001 2969 1322 3026 balsamum.

624 3062 816 3116 Virent
840 3069 1014 3131 prata,
1037 3069 1266 3117 vernant
1286 3069 1449 3133 sata,.

557 3153 675 3207 ltivi
707 3151 886 3206 mellis
911 3151 1158 3218 influunt,

554 3229 956 3316 Ptgmentorum
986 3251 1155 3315 spirat
1179 3245 1332 3309 odor,

555 3335 754 3404 Liquor
773 3342 828 3390 et
863 3343 1192 3401 aromatum,

554 3427 798 3480 Pendent
817 3441 976 3496 poma
1003 3424 1319 3486 lloridorum
1343 3483 1345 3485 ,

558 3514 674 3576 Non
697 3516 911 3585 lapsura
935 3529 1240 3569 nemorum.

630 3611 745 3667 Non
770 3612 1005 3666 alternat
1030 3612 1154 3666 luna
1186 3613 1353 3679 vices,

557 3701 668 3767 Sol,
696 3701 780 3756 vel
809 3717 1000 3757 cursus
1027 3703 1264 3758 siderum
1305 3721 1340 3769 εΔ

560 3794 747 3864 Agnus
766 3804 850 3848 est
886 3793 1058 3848 felicis
1082 3793 1243 3848 Urbis

552 3882 756 3950 Lumen
785 3883 1125 3940 inocciduum
1147 3900 1182 3950 ;‘

552 3973 668 4027 Nox
699 3984 755 4028 et
786 3983 996 4044 tempus
1027 3974 1222 4032 desunt
1251 3975 1323 4040 ei,

554 4062 706 4119 Diem
733 4064 837 4118 fert
865 4064 1202 4120 continuum.

626 4154 759 4209 Nam
789 4165 845 4210 et
865 4157 1036 4212 sancti
1065 4157 1286 4226 quique,
1315 4157 1458 4212 velut

553 4245 643 4299 Sol
679 4247 990 4316 praeclarus,
1017 4253 1260 4305 rutilant.

550 4334 679 4391 Post
711 4339 1038 4408 triumphum
1063 4343 1325 4408 coronati

549 4426 735 4482 Mutuo
765 4429 1119 4498 conjubilant,

552 4516 619 4571 Et
656 4520 911 4587 prostrati
943 4535 1152 4590 pugnas
1183 4522 1353 4576 hostis

545 4605 663 4661 Jam
696 4610 870 4664 securi
902 4622 1209 4666 numerant.

624 4702 784 4756 Omni
820 4703 940 4756 labe
974 4702 1220 4758 'defaecati

554 4792 746 4846 Carnis
775 4791 909 4846 bella
943 4793 1210 4855 nesciunt,

554 4879 692 4934 Caro
717 4881 855 4934 facta
881 4881 1138 4949 spiritalis

551 4978 619 5034 Et
649 4996 822 5045 mens,
853 4997 1018 5036 unum
1050 4982 1290 5037 sentiunt
1317 5002 1332 5038 :

547 5081 686 5136 Pace
723 5082 887 5137 multa
920 5083 1261 5151 perfruentes

553 5181 816 5237 Scandala
839 5200 944 5239 non
980 5183 1281 5253 perferunt.

620 5279 964 5336 Mulabilibus
989 5282 1134 5334 exuli

546 5383 822 5453 Repetunt
849 5385 1135 5456 originem,

552 5482 619 5536 Et
640 5492 964 5551 praesentem
990 5484 1243 5538 veritatis

543 5581 991 5653 Contemplantur
1012 5584 1244 5652 speciem
1260 5624 1276 5649 ,

553 5679 684 5738 llinc
718 5683 932 5738 vitalem
965 5683 1067 5736 vivi
1100 5682 1266 5739 fontis

2232 427 2500 494 nandum
2526 429 2885 486 dulcedinem.

2305 524 2431 578 lude
2453 534 2653 577 statum
2675 535 2889 590 semper
2912 518 3071 574 iidem

2229 611 2506 666 Existendi
2535 611 2778 680 capiunt,

2229 702 2394 766 Clari,
2423 701 2608 767 vividi,
2633 700 2882 768 jucundt,

2237 792 2348 864 64
2372 791 2543 847 Nullis
2567 799 2751 861 patent
2777 789 2992 845 casibus
3025 808 3036 842 :

2233 885 2442 941 Absuut
2471 883 2670 946 morbi,
2699 894 2912 950 semper
2931 879 3081 934 sanis

2233 979 2495 1031 Senectus
2514 973 2823 1044 juvenibus.

2304 1063 2440 1118 Hine
2466 1078 2701 1132 perenne
2726 1067 2911 1116 tenent
2936 1074 3076 1122 esse.

2217 1150 2352 1206 Nam
2379 1153 2613 1207 transire
2642 1149 2855 1204 transiit
2883 1164 2894 1200 :

2240 1243 2369 1298 Inde
2397 1245 2573 1298 virent
2623 1244 2822 1314 vigent,
2854 1239 3067 1301 ﬂorent.

2234 1332 2550 1402 Corruptela
2578 1333 2803 1396 corruit,

2246 1416 2673 1487 immortalitatis
2711 1423 2866 1491 vigor

2247 1511 2438 1576 Mortis
2460 1512 2550 1580 jus
2592 1512 2890 1567 absorbuit.

2304 1602 2408 1669 Qui
2437 1603 2697 1657 scientem
2722 1610 2920 1657 cuneta
2943 1600 3144 1665 sciunt,

2240 1691 2341 1760 Qui
2368 1693 2577 1747 nescire
2602 1698 2903 1760 nequeunt;

2197 1853 2207 1860 .
2237 1781 2369 1837 Nam
2405 1794 2460 1837 et
2483 1782 2716 1853 pectoris
2742 1796 2943 1836 arcana

2241 1872 2530 1926 Penetrant
2559 1871 2876 1925 alterutrum
2907 1887 2919 1920 :

2248 1962 2422 2020 Unum
2447 1963 2655 2027 volunt,
2685 1977 2850 2016 unum
2877 1961 3088 2027 nolunt,

2245 2052 2437 2109 Unitas
2459 2061 2546 2107 est
2571 2051 2854 2106 mentium.

2317 2144 2469 2199 Licet
2488 2143 2685 2214 cuique
2711 2142 2782 2196 sit
2810 2139 3081 2196 diversum

2242 2235 2346 2287 Pro
2370 2233 2552 2288 labore
2582 2233 2855 2294 meritum,

2240 2321 2626 2377 Charilasbmc
2647 2335 2804 2376 suum
2835 2308 2964 2375 facit
3058 2342 3060 2344 τ

2215 2412 2393 2476 'Quod
2423 2419 2569 2464 amat
2597 2410 2651 2463 in
2679 2408 2850 2463 altero
2888 2424 2902 2461 :

2243 2500 2528 2570 Proprium
2556 2499 2634 2554 sic
2658 2497 2992 2568 singulorum

2239 2593 2538 2647 Commune
2561 2589 2618 2644 fit
2645 2589 2908 2644 omnium.

2315 2682 2415 2739 Ubi
2449 2695 2664 2751 corpus,
2696 2679 2824 2735 illuc
2838 2678 2968 2748 jure

2246 2771 2657 2844 Congregantur
2682 2769 2898 2841 aquila,

2239 2867 2356 2929 Quo
2380 2878 2502 2918 eum
2543 2861 2747 2934 angelis
2781 2871 2838 2917 et
2870 2860 3076 2917 sanctis

2243 2951 2576 3010 Recreentur
2599 2953 2795 3007 anima:
2824 2969 2862 3006 ετ

2242 3044 2360 3100 Uno
2386 3044 2739 3114 pane'vivunt
2766 3041 2914 3100 cives

2246 3134 2536 3202 Utriusque
2562 3131 2770 3202 patrie.

2317 3224 2495 3288 Avidi,
2529 3232 2585 3278 et
2610 3236 2826 3292 semper
2849 3221 3016 3294 pleni,

2241 3315 2393 3386 ρέωά
2428 3311 2627 3372 habent
2656 3311 3010 3369 desidaranL:

2241 3409 2356 3460 Non
2391 3408 2616 3461 satietas
2646 3405 2874 3468 fastidit,

2243 3498 2428 3567 Neque
2456 3497 2629 3554 fames
2660 3499 2872 3553 cruciat
2905 3514 2919 3550 :

2239 3588 2514 3649 luhiantes
2543 3603 2756 3659 semper
2779 3588 2969 3654 edunt,

2241 3680 2308 3734 Et
2339 3680 2560 3735 edentes
2588 3680 2817 3734 inbiant.

2312 3769 2491 3826 Novas
2509 3783 2722 3839 semper
2746 3770 3062 3826 barmomas

2243 3867 2360 3922 Vox
2390 3869 2600 3924 meloda
2629 3875 2941 3937 concrepat,

2240 3971 2326 4035 Et,
2362 3971 2415 4024 in
2433 3969 2665 4040 jubilum
2692 3968 2924 4040 prolata,

2239 4069 2475 4124 Muleent
2500 4084 2661 4124 aures
2680 4084 2884 4139 organa
2901 4085 2916 4131 ;

2245 4170 2433 4240 Digna,
2463 4183 2560 4238 per
2583 4183 2742 4238 quem
2773 4177 2899 4224 sunt
2929 4168 3184 4238 victores,

2241 4271 2374 4341 Regi
2397 4271 2523 4325 dant
2542 4269 2828 4339 praeconia.

2317 4369 2466 4424 Felix
2489 4368 2608 4425 cmli
2643 4385 2762 4439 qua
2787 4378 3106 4439 presentem

2240 4471 2442 4541 Regem
2464 4469 2638 4524 cernit
2663 4468 2866 4536 anima,

2249 4571 2316 4625 Et
2345 4570 2445 4625 sub
2471 4570 2598 4626 sede
2620 4578 2829 4640 spectat
2857 4569 2963 4624 alta

2246 4673 2405 4732 Orbis
2433 4674 2576 4731 volvi
2603 4675 2933 4740 machinam,

2245 4774 2446 4839 Solem,
2478 4774 2681 4839 lunam,
2713 4783 2769 4828 et
2802 4772 3017 4844 globosa

2240 4876 2375 4931 Cum
2398 4875 2630 4944 planetis
2656 4874 2852 4929 sidera.

2315 4979 2554 5042 Christe,
2578 4976 2757 5047 palma
2785 4976 3127 5042 bellatorum,

2245 5078 2359 5134 Hoc
2384 5079 2436 5132 in
2468 5077 2821 5148 municipium

2242 5174 2500 5230 Introduc
2531 5191 2620 5230 me
2644 5184 2765 5246 post
2798 5174 3032 5231 solutum

2239 5277 2470 5332 Militare
2499 5277 2768 5348 cingulum
2802 5296 2815 5333 :

2243 5381 2350 5436 Fac
2374 5391 2680 5437 consortem
2708 5382 2944 5437 donativi

2240 5480 2533 5534 Beatorum
2563 5481 2782 5536 civium.

2311 5580 2496 5634 Prmbe
2517 5581 2662 5636 vires
2693 5585 3012 5647 inexhausta

2235 5677 2527 5736 Laboranti
2552 5680 2740 5754 praelio
2768 5698 2784 5742 ς

3420 303 3524 360 982
