4078 6336
880 426 945 480 Ut
977 427 1215 496 quietem
1241 437 1361 497 post
1385 429 1735 498 praecinctum

876 516 1082 573 Debeas
1103 519 1334 574 emerito
1360 536 1375 572 :

876 606 1059 676 Teque
1087 623 1303 666 merear
1331 611 1498 679 potirl

883 695 1012 753 Sine
1036 698 1142 753 ﬁne
1169 701 1408 768 praemio.
1441 704 1636 758 Amen.

685 785 981 842 CCXXVII.
1021 789 1314 860 Rhymmus
1341 795 1396 845 in
1423 807 1643 849 mortem
1670 795 1911 850 Widonis
1943 796 2073 866 (62).

941 880 1183 936 Audistis
1218 883 1474 951 quiddam
1504 887 1717 941 noviter

868 967 1145 1024 accidisse
1171 973 1482 1040 perniciter,

870 1056 1148 1114 Widonem
1177 1061 1602 1120 illustrissimum

874 1147 1062 1205 Mortis
1094 1151 1317 1210 solvisse
1341 1156 1604 1212 debitum.

940 1241 1149 1313 Proprii
1178 1247 1263 1301 sui
1293 1248 1483 1304 militis

865 1329 1246 1388 Circumdatus
1275 1335 1506 1396 insidiis.

867 1422 1000 1476 Dum
1031 1425 1202 1479 hostis
1229 1435 1445 1496 captum
1477 1430 1672 1491 tenuit,

861 1518 1048 1586 (Irpite
1076 1516 1265 1587 plexus
1288 1521 1519 1574 corruit.

933 1607 1065 1659 Dum
1096 1621 1238 1676 equo
1271 1609 1436 1676 cmpit
1466 1625 1624 1665 ruere

864 1697 1117 1752 Secundo
1145 1697 1322 1754 fossus
1349 1699 1589 1764 vulnere,

862 1788 928 1842 Ut
953 1787 1058 1842 duo
1089 1798 1322 1858 purgent
1353 1791 1582 1854 vulnera

862 1877 1054 1932 Mentis
1083 1888 1138 1934 et
1168 1880 1349 1936 carnis
1379 1881 1532 1937 vitia.

923 1970 1003 2023 Ne
1030 1971 1249 2026 daretur
1273 1971 1609 2028 damonihns

860 2061 1198 2116 Cruciandus
1235 2063 1440 2118 diutius
1459 2106 1472 2126 .

859 2151 1022 2204 Datur
1052 2166 1273 2207 suorum
1305 2155 1552 2210 manibus
1569 2196 1587 2220 ,

859 2242 928 2297 Ut
953 2244 1219 2298 moriatur
1251 2246 1433 2302 citius.

919 2333 1156 2399 Christe,
1192 2337 1417 2406 quijam
1443 2356 1546 2393 non
1573 2341 1808 2408 judicas,

861 2424 971 2480 Nec
997 2425 1227 2480 damnas
1252 2427 1307 2482 in
1331 2439 1674 2499 perpetuum,

852 2515 934 2567 Sit
959 2513 1174 2569 Widoni
1207 2517 1526 2581 remedium,

857 2605 1011 2672 Quod
1044 2606 1131 2662 hic
1160 2607 1280 2662 tulit
1307 2609 1655 2678 supplicium.

924 2695 1106 2752 Prosit
1130 2698 1180 2752 ei
1201 2739 1217 2764 ,
1247 2699 1511 2768 piissime,
1543 2726 1546 2728 η

848 2789 999 2856 Quod
1032 2793 1238 2848 studuit
1263 2793 1499 2850 invisere

845 2879 984 2935 Loca
1011 2883 1479 2950 persacratissima

849 2971 1016 3040 Digna
1051 2973 1127 3026 tui
1157 2975 1474 3042 prmsentia.
1557 3034 1565 3044 ,

909 3060 1158 3131 Prtesepe
1197 3070 1346 3116 tuum
1373 3080 1600 3119 cernere

844 3150 981 3213 Quid
1014 3160 1119 3216 est,
1145 3151 1248 3206 nisi
1278 3160 1331 3206 te
1359 3154 1584 3208 credere

850 3239 1042 3294 Natum
1075 3241 1145 3296 ibi
1175 3242 1244 3297 de
1271 3241 1490 3313 Virgine

853 3329 1053 3386 Verum
1079 3332 1257 3386 lumen
1285 3333 1351 3388 de
1375 3333 1613 3388 lumine?

913 3420 1217 3475 Gloriosum
1247 3421 1514 3491 inspicere

861 3511 1034 3564 Tuum
1060 3511 1389 3580 sepulcrum,
1417 3513 1664 3578 Domine,

851 3602 988 3666 Quid
1016 3611 1116 3662 est.
1150 3602 1205 3656 ni
1236 3618 1362 3658 vere
1388 3607 1612 3659 credere

845 3691 920 3745 Te
949 3693 1258 3748 surrexisse
1274 3709 1343 3748 ex
1369 3696 1530 3750 inde?

923 3782 1058 3835 Dum
1093 3797 1248 3838 mons
1273 3783 1439 3840 Olivar
1460 3788 1759 3850 scanditur,

840 3872 1018 3927 Coalos
1040 3875 1252 3929 redisse
1279 3877 1516 3931 crederis
1546 3891 1563 3932 :

843 3963 1010 4020 Parce
1051 3963 1291 4033 Widoni,
1313 3967 1570 4043 Domine,

630 4161 954 4235 (62);,Edidit
970 4163 1552 4222 AmaduzziAnecdola
1573 4167 1852 4230 litterario,
1886 4177 2015 4223 tom.
2048 4167 2139 4232 IV,

558 4233 875 4308 βίῃ-451,
926 4235 994 4292 de
1046 4250 1113 4291 eo
1161 4237 1241 4293 sic
1299 4237 1555 4307 praefatus
1610 4254 1728 4308 pag.
1779 4238 1878 4292 49A
1934 4255 1948 4291 :
1997 4255 2016 4290 ι
2058 4240 2140 4294 Ad

556 4303 816 4376 simulam
884 4320 939 4359 ιι
1009 4316 1256 4376 spectare
1304 4303 1512 4363 censeo
1579 4303 1888 4376 rhythmum
1954 4322 2141 4376 quem-

557 4374 706 4446 dam,
735 4389 896 4442 quem
940 4372 1054 4446 ego
1079 4372 1190 4442 jam
1228 4376 1296 4430 12
1337 4378 1533 4431 abhinc
1579 4372 1736 4430 annis
1779 4372 2040 4446 exscripsi
2069 4393 2139 4433 ex

555 4443 678 4515 god.
726 4459 840 4515 ms._
879 4443 1289 4515 membranaeco
1327 4447 1514 4507 in-4°,
1555 4449 1645 4515 qui
1702 4447 1752 4500 in
1797 4443 2036 4501 sacrario
2076 4449 2135 4502 S.

561 4510 1472 4584 lj‘ogunatiuTudertiiasservalur.
1500 4510 1820 4584 Quanquam
1853 4517 1940 4570 hic
1967 4517 2138 4573 codex

559 4580 617 4634 S.
651 4580 795 4636 Petri
822 4581 1140 4654 Chrysologi
1189 4598 1466 4654 sermones
1506 4580 1760 4639 (inhibeat
1787 4627 1801 4648 ,
1852 4587 2138 4654 rhythmus

561 4659 737 4723 tamen
789 4652 857 4723 ah
886 4651 1003 4720 ipso
1050 4651 1440 4723 ahjudicandus
1485 4656 1710 4710 omnino
1745 4651 1975 4722 videtur,
2029 4666 2138 4710 tum

558 4722 685 4788 quia
719 4720 861 4776 haud
906 4723 972 4792 ab
1008 4735 1073 4792 eo
1100 4720 1338 4792 unquam
1370 4725 1727 4780 concinnatos
1750 4740 1942 4779 versus
1964 4720 2138 4779 nove-

559 4792 682 4864 rim,
719 4791 987 4864 tnmAquia
1013 4791 1080 4864 ab
1123 4791 1337 4864 ingenio
1375 4794 1554 4850 szeculi
1597 4811 1651 4859 v,
1684 4796 1828 4849 circa
1877 4795 2031 4860 cujus
2057 4795 2138 4848 di-

557 4861 779 4933 midium
820 4860 1203 4933 Chrysologus'
1231 4865 1384 4925 vixit,
1417 4879 1641 4933 prorsus
1684 4865 1876 4920 abesse
1932 4873 2133 4932 pateat.

553 4929 890 5001 Quareuton
936 4929 1230 4986 admodum
1281 4929 1608 5001 ambigimus
1643 4936 1786 4988 hunc
1819 4929 2142 5001 rhythmum-

552 5001 717 5072 Petro
746 4999 1008 5072 Damiano
1039 5003 1296 5072 trihucre,
1332 4999 1496 5072 atque
1527 5004 1576 5056 id
1605 5020 1736 5058 sane
1768 4999 1940 5056 tribus
1962 5003 2134 5071 potis-

550 5070 751 5142 simum
816 5070 995 5124 causis
1045 5069 1479 5142 suifragantibus.
1535 5073 1737 5126 Harum
1782 5069 2086 5142 primapest
2115 5112 2130 5134 ,

555 5137 696 5194 forte
741 5153 1128 5194 amanuensem
1174 5137 1237 5194 in
1253 5157 1316 5195 ea
1349 5140 1519 5196 fuisse
1568 5137 1834 5198 sententia
1877 5149 1936 5193 ut
1962 5139 2129 5205 :Petri

556 5209 822 5281 Damiani,
846 5209 981 5264 civis
1015 5208 1362 5268 Ravennatis,
1403 5213 1712 5281 rhythmum
1741 5210 2013 5265 eumdem.
2037 5213 2123 5281 ha-

549 5280 682 5332 ltere
711 5288 985 5333 auctorem
1015 5282 1290 5334 censuerit
1325 5296 1387 5335 ac
1419 5279 1997 5336 ltahuerantsermones
2034 5279 2130 5332 Pe—

552 5349 623 5401 tri
651 5346 967 5419 Ravennatis
1011 5349 1112 5419 (sic
1140 5351 1284 5405 enim
1322 5351 1374 5405 in
1407 5353 1590 5404 codice
1619 5349 2028 5412 inscribuntur),
2078 5352 2129 5402 id

552 5426 637 5490 est
672 5416 728 5470 ὃ.
766 5417 912 5490 Petri
945 5416 1262 5490 Chrysologi
1302 5421 1536 5490 episcogi
1588 5419 1917 5473 Ravennatis
1941 5419 2132 5490 Eccle-

555 5487 667 5548 siae,
698 5495 758 5558 ut
791 5488 938 5541 illum
984 5487 1400 5557 proinde'hisce
1436 5487 1730 5558 adjungere
1770 5503 1872 5541 non
1921 5489 2132 5558 dubita-

556 5559 709 5613 verit.
735 5557 920 5612 Altera
966 5559 1119 5627 ineo
1147 5567 1233 5612 est
1261 5561 1401 5627 quod
1430 5557 1732 5625 hujusmodi
1767 5557 2004 5627 rhythmi
2033 5571 2130 5627 ge.-

553 5643 656 5683 nus
688 5627 972 5705 Damiano
1015 5626 1669 5705 familiare’_cornperiatn,
1717 5626 1938 5697 ejumue
1983 5626 2127 5705 :etati

551 5697 774 5756 omnino
804 5696 1149 5755 conveniens.
1176 5695 1352 5761 Tertia
1403 5695 1618 5755 demum
1649 5713 1711 5753 σα
1746 5695 1842 5752 ’σοι
1888 5695 2031 5768 quod
2076 5695 2129 5752 in

1506 315 1562 369 S.
1602 317 1804 374 PETRI
1842 318 2120 378 DAMIANI
2155 325 2302 380 OPP.
2341 325 2576 386 TOMUS
2621 328 2753 388 SEU
2791 330 2970 387 PARS
2998 328 3084 386 ιν.

2197 438 2243 495 Α

2165 4484 2216 4543 D

3753 325 3866 380 9“

2555 437 2707 492 Tunc
2736 454 2857 494 cum
2883 439 3049 507 judex
3079 440 3328 494 redieris.

2626 529 2723 583 Hic
2740 529 2907 584 semel
2933 540 3098 599 atque
3129 531 3325 585 iterum

2559 619 2730 674 Tuum
2758 622 2914 691 petiit
2947 621 3233 686 tumulum,

2559 710 2902 766 Deliberabat
2945 713 3108 767 tertio

2547 800 2755 856 lndulto
2779 803 2880 858 sibi
2914 805 3164 858 termino.

2626 891 2738 947 Hoc
2760 878 2814 946 in
2843 892 3038 949 aﬂ'ectu
3065 895 3278 958 habuit,

2556 980 2612 1034 Si
2646 983 2696 1036 in
2727 981 2920 1038 effectu
2954 999 3060 1038 non
3093 987 3289 1054 potuit,

2552 1069 2674 1124 Pari
2708 1073 2944 1142 repende
2973 1089 3218 1135 munere,

2548 1159 2732 1216 Gratis
2755 1162 2978 1233 largitor
3004 1165 3212 1234 gratim.

2631 1251 2833 1305 Lucum
2859 1252 3032 1307 beata:
3064 1254 3299 1324 Virginis

2550 1338 2689 1406 Toto
2719 1341 2850 1396 orbe
2876 1341 3240 1397 clarissimum

2551 1429 2784 1499 Supplex
2816 1433 3130 1503 frequenter
3163 1435 3316 1504 adiit,

2559 1519 2807 1576 Excoluit
2838 1533 2897 1577 ut
2926 1525 3122 1595 potuit.

2632 1617 3015 1688 Apostolorum
3047 1622 3277 1690 grandia

2552 1707 2704 1777 Saepe
2728 1723 2979 1777 qumrcus
3002 1709 3278 1782 suti'ragia,

2556 1798 2624 1855 Ut
2662 1817 2842 1871 spero,
2870 1803 2989 1872 plus
3014 1818 3176 1873 quam
3203 1805 3372 1862 vicies

2467 1880 2469 1882 i
2546 1894 2774 1950 Romam
2805 1900 2951 1954 venit
2980 1909 3032 1953 et
3061 1901 3370 1970 quinquies.

2618 1985 2762 2052 Quos
2799 1985 3072 2054 adjutores
3108 1989 3283 2059 petiit,

2556 2080 2866 2134 Advocatos
2891 2081 3196 2145 constituit,

2549 2168 2743 2240 Eisque
2773 2169 2900 2223 dum
2932 2169 3197 2239 superfuit

2548 2261 2767 2330 Suaque
2797 2274 2857 2315 se
2891 2261 2946 2314 vi
2985 2261 3229 2316 contulit.

2609 2355 2746 2407 Dicit
2775 2354 2842 2408 de
2873 2366 2940 2410 eo
2963 2352 3158 2423 aliquis
3185 2373 3198 2386 ο

2539 2444 2769 2497 Nimium
2802 2443 2901 2496 fuit
2927 2442 3164 2514 fragilis;

2535 2537 2604 2595 Et
2627 2554 2728 2607 ego
2749 2538 2870 2594 dico
2893 2537 3185 2608 plurimum

2543 2629 2708 2683 Deum
2742 2643 2862 2684 esse
2886 2629 3204 2701 propitium.

2606 2719 2894 2774 Sinistrum
2928 2721 3057 2790 quid
3083 2721 3150 2776 de
3181 2721 3362 2792 aliquo

2532 2811 2644 2878 Ego
2673 2811 2855 2865 dicere
2890 2825 3100 2880 nequeo
3120 2853 3134 2875 ,

2539 2898 2707 2964 Hujus
2738 2901 2930 2969 scripsi
2963 2901 3175 2963 itinera,

2537 2988 2665 3052 Qua:
2691 2996 2816 3041 sunt
2853 2989 2907 3042 in
2936 2998 3092 3059 parte
3118 2991 3362 3047 dextera.

2617 3077 2672 3132 Si
2703 3079 2788 3133 cui
2820 3079 2996 3148 placet
3023 3079 3235 3150 legere,

2545 3169 2612 3222 Et
2638 3169 2749 3223 vult
2767 3169 2914 3238 juste
2937 3172 3271 3237 discernere,

2532 3258 2649 3314 Non
2691 3261 2986 3330 respiciunt
3023 3273 3249 3327 tartara,

2539 3350 2647 3405 Sed
2671 3351 2738 3406 ad
2770 3361 3084 3406 sanctorum
3115 3355 3332 3423 gaudia.

2599 3438 2701 3506 Qui
2730 3440 2845 3494 vult
2870 3443 2938 3494 ad
2965 3441 3182 3510 plenunt
3205 3443 3416 3502 discere.

2535 3529 2693 3585 Tanti
2719 3531 2844 3584 mali
2874 3532 3142 3597 notitiam,

2543 3621 2782 3676 Primum
2813 3624 2969 3678 debet
2993 3640 3319 3696 cognoscere

2536 3713 2886 3769 Auhertinam
2913 3717 3230 3784 nequitiam.

2593 3804 2693 3860 Hic
2722 3809 3074 3876 pertractavit
3103 3811 3329 3878 perdere

2534 3897 2676 3950 Duos
2700 3897 2800 3950 sub
2827 3912 2934 3952 uno
2963 3906 3205 3969 tempore

2531 3985 2785 4043 Seniores
2811 4003 2947 4058 quos
2976 3988 3186 4055 habuit.

2244 4168 2497 4238 rhytluno
2551 4176 2904 4220 memoratum
2942 4167 3174 4238 ividcam
3215 4166 3500 4238 Widonem
3534 4169 3840 4238 quemdam

2243 4237 2358 4292 sive
2383 4237 2703 4299 Gnidouem,
2734 4238 2908 4291 virum
2938 4237 3224 4299 illustrem,
3267 4237 3421 4306 cujus
3464 4237 3636 4306 culpis
3660 4239 3837 4293 Deum

2241 4307 2536 4378 propitium
2563 4315 2772 4378 exorat,
2807 4321 3074 4378 quemque
3105 4307 3243 4378 haud
3284 4307 3558 4378 diversum
3590 4308 3838 4361 arbitror

2338 4375 2403 4456 eo
2430 4377 2520 4456 qui
2547 4377 2652 4456 fuit
2693 4392 2879 4456 comes
2899 4375 3735 4456 Forocorneliensishcujusque
3770 4381 3825 4430 in

2241 4446 2384 4500 binis
2409 4444 2649 4512 ejusdem
2672 4446 2912 4512 epistolis
2935 4445 3134 4499 mentio
3160 4444 3248 4506 tit;
3278 4446 3538 4512 siquidem
3567 4445 3620 4497 in
3652 4448 3836 4514 prima

2242 4515 2416 4586 (epist.
2445 4514 2628 4586 7,_lib.
2661 4517 2734 4584 tv)
2773 4525 3027 4570 narretur
3057 4514 3190 4586 \isio
3232 4515 3446 4586 ltaineri
3479 4514 3784 4586 presbyteri
3816 4558 3829 4572 .

2239 4582 2369 4654 qua,
2403 4594 2458 4637 ut
2508 4582 2723 4637 illorum
2755 4595 3054 4654 temporum
3105 4582 3312 4639 ferebat
3340 4582 3679 4654 simplicitas.
3728 4588 3835 4638 siti

2239 4653 2543 4724 exspectari
2586 4655 2733 4706 visus
2758 4654 2830 4707 sit
2866 4653 3040 4708 Guido
3069 4670 3270 4718 comes,
3299 4653 3635 4724 pastferiam
3664 4671 3771 4722 qua
3785 4674 3836 4705 τι

2241 4722 2351 4779 tam
2377 4763 2391 4787 ,
2420 4725 2473 4777 in
2504 4739 2568 4777 eo
2601 4724 2984 4790 suppliciorum
3031 4725 3148 4777 loco
3195 4724 3245 4776 in
3289 4722 3397 4792 quo
3431 4722 3837 4792 llildebrandus

2238 4808 2422 4848 comes
2468 4793 2679 4847 Tuscia:
2711 4803 2762 4846 et
2794 4792 3086 4847 Lotharius
3112 4808 3295 4846 conies
3312 4791 3461 4846 alter
3499 4791 3831 4844 detineban—

2241 4871 2357 4926 tur;
2398 4863 2451 4915 in
2498 4862 2666 4916 altera
2709 4862 2881 4930 (epist.
2922 4864 3009 4925 19,
3057 4862 3144 4915 lib.
3196 4863 3269 4928 rt)
3301 4877 3430 4916 vero
3476 4861 3654 4928 pisces
3682 4864 3836 4915 desi-

2240 4940 2474 5001 gnentur
2507 4931 2605 4986 sibi
2656 4935 2724 4986 ab
2770 4945 2835 4984 eo
2883 4932 3088 4993 donati,
3137 4941 3191 4984 et
3242 4948 3306 4985 ex
3363 4931 3656 5001 Faventina
3694 4932 3834 4985 urbe

2238 4998 2423 5062 delati,
2447 5011 2500 5053 ut
2535 5017 2712 5054 eorum
2742 5002 2842 5053 sibi
2873 5017 2964 5069 per
2996 5004 3247 5068 plurimos
3288 5004 3398 5053 dies
3439 4998 3677 5052 edulium
3717 5017 3830 5053 non

2237 5071 2454 5125 deesset.
2493 5071 2577 5124 An
2627 5085 2756 5123 vero
2811 5070 2986 5124 Guido
3039 5071 3125 5123 hic
3173 5071 3599 5123 Corttelicnsium
3637 5083 3834 5122 comes

2238 5142 2377 5194 idetn
2429 5141 2501 5193 sit
2549 5156 2670 5194 cum
2736 5139 2981 5194 Guidone
3015 5139 3162 5209 huic
3218 5140 3570 5209 synchrono,
3613 5138 3710 5209 qui
3773 5140 3830 5191 in

2233 5212 2419 5263 charta
2455 5210 2764 5265 Faventiam
2792 5208 3116 5278 concordiie
3151 5208 3308 5278 (hanc
3347 5209 3462 5262 vide
3514 5209 3584 5260 ad
3624 5208 3830 5260 calcem

2233 5281 2363 5356 torni
2403 5281 2482 5356 uel
2517 5281 2682 5351 partis
2726 5279 2753 5331 I
2802 5281 2936 5356 Opp.
2980 5275 3242 5356 S._Petrt'_
3275 5277 3546 5356 Damiani)
3594 5285 3832 5356 vocatur

2231 5345 2552 5403 clarissimus
2584 5367 2783 5412 comes,
2823 5345 2912 5402 ubi
2940 5357 2994 5402 et
3024 5345 3314 5400 Ermellina
3344 5348 3458 5416 ejus
3487 5347 3827 5400 serenissima

2231 5419 2425 5486 cattjux
2455 5421 2951 5494 insuperhabetur,
2993 5418 3193 5484 quique
3223 5417 3351 5494 alibi
3393 5417 3559 5494 etiam
3607 5431 3822 5494 memo-

2232 5497 2406 5552 ratur,
2431 5503 2531 5564 ego
2565 5491 2780 5564 quidem
2812 5489 2864 5542 in
2900 5495 3046 5564 tanta
3079 5502 3256 5564 rerum
3290 5487 3636 5564 _obscuritate
3663 5487 3825 5564 quid:

2231 5570 2392 5623 quant
2424 5555 2648 5612 delinire
2696 5573 2798 5612 non
2848 5558 3056 5620 ausim,
3106 5557 3234 5614 licet
3289 5556 3395 5612 hoc
3447 5565 3623 5611 tamen
3687 5555 3823 5608 mihi

2234 5627 2523 5687 admodum
2552 5626 2858 5688 verosimilc
2893 5627 3159 5681 videatur.
