4108 5342
328 242 431 297 €83

614 363 789 430 Falso,
819 376 875 420 ιιι
903 383 1027 423 vere
1054 370 1241 438 patuit.

681 452 848 521 Unus,
884 457 974 525 qui
1004 473 1107 511 non
1138 459 1426 526 superfuit,

612 543 743 597 Cum
768 546 995 609 audivit,
1020 547 1243 604 indoluit

613 635 942 691 Occubuisse
967 641 1170 694 socium

618 723 817 780 Natura
847 726 949 782 sibi
980 730 1309 797 proximum.

686 816 931 872 Patrator
957 820 1089 873 tanti
1112 822 1332 875 sceleris

611 906 722 959 Sub
753 907 940 960 umbra
970 907 1086 962 falsi
1117 911 1303 963 militis

608 994 861 1052 Promisit
896 999 981 1053 his
1018 1000 1307 1069 aliquando

598 1083 840 1141 Manibus
868 1096 921 1141 et
950 1089 1206 1158 perjurio.

813 255 1308 313 CULLECTANEA
1338 257 1405 311 1N
1446 253 1671 310 VETUS
1705 253 2241 309 TESTAMEN'I'UM.
2276 284 2341 298 —-—
2382 257 2707 313 CAJETANI
2742 258 3129 313 ΡΙΗΕΕΑΤΙΟ.

1917 379 1970 432 Δ

3459 250 3565 304 986

2354 368 2419 422 Ut
2455 368 2611 422 [idem
2641 368 2722 421 eis
2754 380 3069 434 congruam,

2285 460 2342 513 Si
2370 470 2426 515 et
2450 474 2634 528 pacem
2662 460 2972 513 continuam

2286 553 2540 607 Servaret
2564 552 2708 605 οηιηί
2741 563 2981 619 tempore
2999 588 3014 611 ,

2284 642 2419 695 Dum
2450 642 2651 694 viveret
2682 641 2734 692 in
2764 654 3012 707 corpore.

2356 733 2414 784 Si
2440 730 2593 785 ﬁrma
2618 738 2760 784 stent
2792 730 2905 782 hac
2929 727 3154 789 foedera,

2284 822 2448 884 Deus,
2472 822 2559 889 qui
2591 820 2739 875 novit
2764 819 2967 881 omnia,

2288 911 2402 980 Ipse
2422 914 2542 975 scit,
2577 914 2689 981 ipse
2708 912 2932 981 iudicet,

2288 1001 2355 1055 Ut
2393 1003 2494 1057 sibi
2521 1003 2711 1071 placet,
2742 1002 2996 1055 vindicet.

1246 1242 1313 1295 Et
1347 1244 1626 1297 exsultabit
1656 1244 1837 1312 lingua
1866 1258 1981 1296 mea
1997 1243 2263 1312 justitiam
2288 1251 2467 1305 tuam,
2491 1240 2653 1294 Deus.

334 1330 482 1386 Finis
511 1331 642 1385 torni
689 1335 865 1400 quarti
891 1344 947 1388 et
970 1334 1143 1389 ultimi
1168 1335 1405 1405 Operam
1447 1336 1506 1389 Β.
1544 1336 1687 1389 Petri
1716 1335 1985 1397 Damiani,
2015 1334 2071 1389 S.
2096 1332 2162 1387 Β.
2192 1333 2255 1405 E.
2284 1332 2595 1405 cardinalis,
2624 1332 2857 1405 episcopi
2878 1332 3162 1395 Ostiensis,
3195 1347 3258 1384 ex
3290 1330 3482 1387 ordine
3520 1330 3574 1383 S.

1186 1402 1243 1458 l‘.
1277 1404 1573 1469 Benedicti,
1596 1406 1835 1459 doctoris
1864 1404 2207 1459 disertissimi
2240 1417 2304 1457 ac
2331 1402 2681 1456 sanctissimi.

354 1564 3531 1597 Μ

3528 1570 3555 1589 φ

747 1721 1532 1874 lilibLEGTANEA
1640 1722 1768 1871 IN
1845 1719 2202 1873 VETUS
2310 1715 3157 1919 TESTAMENTUM

1488 1952 1491 1953 ί
1556 2018 1680 2094 EX
1729 2013 2300 2092 OPUSCULIS

1092 2232 1262 2340 Β.
1319 2228 1896 2338 PETRI
1993 2226 2814 2337 ΠΔΜῙΔΝῙ

1182 2479 1265 2531 ΑΒ
1305 2476 1641 2530 Λκολγδιο
1681 2473 1908 2530 unus
1949 2471 2308 2527 DISCIPULO
2348 2460 2713 2525 Excunpn

1680 2649 1844 2691 CUBA
1889 2648 1969 2688 ΕΤ
2004 2644 2227 2690 ετυωο

1021 2816 1406 2906 DOMNI
1484 2810 2290 2905 CONSTANTINI
2360 2808 2920 2897 CAJETANI

1030 3025 1096 3063 EX
1127 3023 1213 3062 ΜΘ.
1246 3021 1429 3060 ςυυιεε
1469 3020 1581 3058 803
1623 3018 1981 3059 Βωωυτηεως
2015 3017 2274 3055 ΔΝΙΟῘΛΝΑΞ
2317 3009 2516 3055 PRIIUM
2557 3014 2857 3055 εγυιωῐλ.

1124 3259 1367 3333 δ⁵’⁷⁰
1447 3275 2010 3365 CAJETANI
2118 3274 2791 3366 PB/EFATIO.

388 3605 610 3665 Habent
653 3603 779 3663 hoc.
826 3592 987 3656 lector
1011 3604 1230 3671 optime,
1262 3602 1635 3654 catholicorum
1684 3599 1899 3653 Patrum
1939 3606 1975 3660 lt
2006 3605 2119 3650 dem
2149 3598 2430 3652 beatissimi
2463 3596 2705 3649 avunculi
2738 3595 2989 3661 epistolae,
3018 3596 3227 3651 direxit.
3260 3595 3364 3651 Hic
3388 3610 3465 3652 est
3493 3600 3581 3652 ille

336 3696 529 3762 scripta
561 3694 901 3761 pra'cipuum,
927 3692 1063 3759 quod
1090 3693 1143 3742 in
1172 3691 1258 3755 iis,
1290 3701 1536 3757 tanquam
1564 3692 1618 3741 in
1667 3690 1905 3741 amomis-

332 3783 480 3835 simis
510 3781 695 3844 hortis,
724 3795 991 3831 sacrarum
1007 3780 1161 3846 ﬂores
1188 3779 1381 3841 passim
1414 3776 1644 3830 redolent
1668 3776 1906 3844 Scriptu-

336 3887 515 3923 rarum
551 3883 567 3920 .'
599 3871 652 3922 in
695 3868 879 3939 quibus
922 3878 1098 3936 postea
1135 3868 1470 3936 colligendis,
1497 3876 1546 3919 et
1577 3867 1633 3919 in
1672 3867 1907 3919 ordinem

336 3958 664 4027 redigendis,
711 3967 1037 4028 posterorum
1090 3976 1191 4013 non
1238 3962 1349 4025 sine
1400 3958 1555 4011 laude
1602 3967 1909 4011 exercentur

333 4049 560 4117 ingenia.
595 4045 682 4102 Sic
711 4065 776 4100 ex
800 4048 1088 4117 Augustino
1124 4049 1333 4102 doctore
1361 4049 1665 4117 gravissimo
1696 4065 1757 4100 ac
1786 4064 1909 4100 san-

334 4138 587 4201 ctissimo,
628 4137 772 4190 Beda
803 4149 994 4202 noster,
1023 4139 1102 4191 vir
1144 4140 1298 4190 etiam
1330 4156 1430 4191 non
1462 4138 1631 4191 minus
1663 4138 1910 4205 religione

332 4242 490 4295 quam
516 4226 757 4279 doctrina
784 4226 1001 4296 insignis
1032 4243 1092 4279 ac
1119 4228 1394 4279 sanctitate
1418 4226 1613 4287 clarus,
1645 4224 1908 4294 Epistolas

335 4316 501 4369 Pauli
548 4320 935 4387 interpretatus,
962 4336 1078 4388 qua:
1106 4318 1193 4371 ille
1219 4319 1441 4385 sparsim
1484 4317 1660 4370 multis
1702 4318 1753 4370 in
1783 4316 1910 4369 locis

334 4405 578 4470 dixerat,
626 4409 757 4461 miro
805 4410 986 4461 ordine
1032 4410 1086 4461 in
1136 4424 1299 4460 unum
1345 4409 1581 4461 volumen
1635 4407 1909 4475 congessit.

340 4496 468 4550 Non
522 4500 676 4552 aliter
721 4500 779 4553 S.
831 4498 1117 4564 Paterius,
1164 4502 1431 4566 episcopus
1480 4497 1811 4562 Brixiensis,
1864 4506 1913 4551 et

335 4586 594 4655 Alulphus
625 4590 781 4640 etiam
811 4590 1118 4653 monachus,
1151 4590 1300 4642 ambo
1323 4588 1670 4653 Benedictini,
1705 4603 1821 4656 qua'
1849 4603 1913 4639 ea:

338 4676 522 4747 Magni
577 4677 817 4748 Gregorii
874 4681 1077 4749 scriptis
1104 4697 1221 4751 qua:
1255 4681 1324 4733 ad
1374 4697 1645 4733 sacrarum
1716 4678 1914 4731 littera-

338 4784 455 4820 rum
484 4771 883 4841 explicationem
911 4772 1260 4840 pertinebant,
1302 4772 1588 4841 selegerant
1610 4812 1624 4834 ,
1657 4773 1713 4824 in
1745 4779 1915 4838 poste-

342 4871 516 4912 rorum
562 4864 785 4929 gratiam
831 4862 1251 4932 promulgarunt.
1305 4862 1469 4914 Taceo
1515 4863 1777 4933 reliquos,
1824 4861 1914 4928 qui

2010 3686 2301 3739 Damianus
2351 3687 2510 3739 abbas
2559 3686 2743 3753 cujus,
2780 3697 2833 3739 ut
2876 3688 3093 3756 opinor,
3134 3686 3195 3741 S.
3243 3687 3475 3754 Brunus,
3516 3706 3580 3742 ea:

2009 3777 2189 3829 abbate
2223 3777 2438 3831 casnobii
2464 3776 2761 3829 Casinensis
2793 3777 3064 3845 episcopus
3097 3777 3349 3845 Signinus
3396 3778 3578 3847 (initio

2008 3881 2221 3917 suorum
2252 3865 2307 3917 in
2335 3864 2701 3932 Apocalypsim
2746 3863 3249 3935 Commentariorum
3267 3906 3281 3929 ,
3306 3883 3423 3933 quae
3458 3877 3579 3921 ante

2010 3956 2207 4024 aliquot
2237 3972 2403 4008 annos
2430 3955 2484 4007 in
2514 3954 2861 4013 vetustissimo
2899 3955 3073 4007 codice
3104 3954 3463 4024 Langubardis
3493 3956 3583 4010 lit-

2011 4050 2135 4103 teris
2156 4049 2378 4115 scripto,
2409 4048 2548 4113 apud
2597 4046 2883 4098 Horatium
2923 4047 2987 4100 de
3033 4045 3177 4100 Valle
3215 4047 3271 4100 J.
3310 4046 3371 4101 C.
3407 4064 3468 4102 ac
3516 4050 3584 4101 de

2012 4156 2092 4191 me
2133 4139 2294 4206 deque
2328 4135 2561 4189 Romana
2603 4137 2910 4205 antiquitate
2958 4138 3146 4207 optime
3190 4139 3460 4200 meritum,
3508 4141 3584 4192 vi.

2012 4228 2149 4279 disse
2175 4243 2255 4277 me
2283 4226 2413 4295 scio)
2452 4226 2737 4293 honorifice
2766 4227 3033 4291 meminit,
3065 4226 3278 4297 ejusque
3306 4237 3489 4297 rogatu
3527 4244 3581 4281 se

2014 4315 2403 4369 Commentario
2434 4315 2703 4382 scripsisse
2729 4315 2782 4368 in
2806 4313 3005 4368 Isaiam
3033 4317 3333 4386 prophetam
3361 4333 3583 4371 comme-

2015 4420 2216 4472 morat;
2251 4409 2403 4462 alteri
2430 4420 2603 4463 tamen
2644 4414 2981 4477 monasterio,
3008 4428 3162 4482 quam
3195 4411 3383 4465 Fontis
3429 4414 3584 4467 Avel-

2014 4499 2143 4565 lani,
2169 4501 2337 4568 ipsum
2380 4492 2653 4570 prt'rfuisse
2678 4517 2879 4554 necesse
2921 4512 3016 4566 est,
3048 4501 3466 4572 quandoquidem
3496 4504 3583 4570 qui

2013 4591 2155 4645 illius
2199 4600 2355 4661 caput
2381 4601 2514 4655 erat,
2545 4603 2616 4655 et,
2644 4603 2699 4644 ut
2733 4594 2805 4645 ita
2837 4592 3039 4655 dicam,
3071 4593 3452 4655 ctenobiarcha,
3483 4611 3586 4647 neu

2016 4682 2218 4736 abbatis
2244 4684 2335 4736 sed
2360 4684 2553 4751 prioris
2577 4684 2782 4738 nomine
2807 4685 3086 4738 vocabatur
3108 4700 3126 4738 :
3152 4700 3367 4753 eumque
3393 4701 3589 4739 morem

2017 4789 2117 4825 non
2142 4771 2314 4825 solum
2337 4774 2538 4827 vivente
2562 4772 2623 4828 S.
2658 4771 2816 4826 Petro
2846 4773 3107 4827 Damiano
3136 4783 3396 4827 servatum
3426 4766 3589 4844 fuisse

2015 4878 2079 4915 ea:
2123 4862 2236 4932 ejus
2280 4863 2491 4931 scriptis
2537 4874 2788 4933 apparet,
2834 4865 2923 4917 sed
2973 4866 3130 4917 etiam
3177 4864 3313 4931 apud
3359 4878 3595 4931 posteros

343 4947 458 5009 pari
499 4968 623 5003 cura
650 4963 695 5005 et
729 4969 831 5005 non
863 4952 1107 5005 dissimili
1137 4953 1398 5005 industria
1425 4952 1561 5005 idem
1596 4968 1660 5007 ex
1687 4951 1913 5004 aliorum
1941 4967 1985 5027 ρ
2016 4954 2347 5021 perdurasse,
2370 4962 2558 5006 auctor
2592 4952 2720 5007 Vita:
2747 4953 2808 5009 S.
2836 4951 3032 5007 Ubaldi
3058 4953 3281 5023 episwpi
3306 4950 3597 5023 Eugubini,

346 5038 583 5100 aperibus
627 5044 999 5107 pra'slilerunt.
1037 5042 1243 5097 Horum
1292 5043 1451 5109 igitur
1496 5043 1787 5114 exemplum
1835 5058 1915 5094 se-

347 5134 493 5175 cutus
516 5128 719 5187 quidem
749 5129 806 5183 S.
834 5127 982 5182 Petri
1006 5130 1261 5185 Damiani
1300 5132 1607 5199 discipulus,
1634 5144 1680 5188 et
1718 5134 1776 5183 in
1802 5132 1915 5199 ejus

344 5213 550 5280 scriptis
574 5218 811 5284 multum,
841 5229 896 5271 ut
919 5234 1153 5289 apparet,
1179 5226 1431 5285 versatus,
1455 5240 1519 5276 ea:
1546 5229 1608 5280 iis
1634 5226 1914 5293 quemdam

343 5302 492 5342 σηηπὶ
522 5312 778 5342 ronlnnmn
809 5307 1038 5342 Inrnrsnn
1074 5326 1239 5342 ann-tm
1267 5308 1548 5342 Curi-ululari
1580 5313 1845 5342 -Α..οιηρηίρ
1872 5321 1915 5342 nl

2020 5041 2349 5097 Theobaldus
2384 5041 2500 5109 eius
2521 5058 2809 5107 successor,
2838 5044 3075 5112 ejusdem
3104 5044 3404 5098 monasterii
3436 5048 3604 5111 prior,

2017 5141 2254 5200 patenter
2297 5133 2546 5185 ostendit.
2582 5132 2940 5202 Praeterquam
2971 5133 3113 5203 quod
3154 5147 3219 5186 ea:
3258 5132 3469 5198 scriptis
3500 5153 3609 5189 mo-

2021 5224 2277 5275 numentis
2325 5224 2544 5276 rcenobii
2596 5223 2991 5287 Nonantulaui,
3042 5228 3096 5279 in
3152 5240 3276 5293 agro
3318 5223 3613 5283 Mutinensi

2023 5323 2194 5342 Amatne:
2206 5313 2269 5342 ﬁla.

2349 5310 2662 5342 IlnmL-nnnn
2716 5314 2849 5342 1......
2883 5325 3119 5342 ι.η..ί....-..
3156 5313 3381 5342 ..ἕυοΑηη-
3428 5334 3586 5342 ....-..__
