4078 6336
485 304 588 359 987

1388 302 1884 357 LULLECTANEA
1925 301 1986 355 IN
2027 301 2253 358 VETUS
2291 295 2828 356 TESTAMENTUM.

3619 294 3733 350 988

484 412 713 468 tualibus
755 412 918 481 filius,
958 414 1085 467 dum
1130 412 1361 482 ejusdem
1406 413 1576 467 obitus
1622 412 1916 483 parentalia
1965 424 2055 467 ae-
2083 422 2329 483 A—gentia
2354 417 2406 466 in
2432 412 2724 467 Romanam
2753 409 3041 463 Ecclesiam
3083 409 3288 462 merita.
3335 407 3464 462 [huc
3507 410 3741 463 breuiter

484 501 683 562 scribit,
732 511 996 556 testatur:
1035 520 1054 553 ι
1100 500 1319 565 Aderat,
1364 502 1622 570 inquiiens,
1669 499 2054 569 Hagalonensis
2154 503 2349 556 dixisse
2386 501 2563 565 colui,
2610 511 2665 554 ut
2699 502 2814 570 quis
2859 502 2955 554 iste
2992 499 3284 554 Damianus
3322 500 3482 554 abbas
3529 499 3735 569 fuerit,

485 590 772 661 episcopus,
806 591 1011 644 nomine
1045 587 1404 659 Godefredus,
1448 601 1496 644 et
1539 590 1849 645 Benedictus
1895 590 2058 644 Muti—
2155 593 2331 664 aliqua
2352 593 2505 646 modo
2527 593 2882 646 innotesceret.

487 681 658 735 nensis
685 681 971 750 episcopus,
1001 692 1151 747 atque
1173 682 1437 735 Aribertus
1477 679 1725 749 Regensis
1759 683 2074 749 episcopus,

486 780 534 823 et
580 770 814 839 ejusdem
861 771 1088 825 ciuitatis
1129 775 1420 839 episcOpus,
1470 770 1665 824 scilicet
1711 769 2053 832 Mantuanus,

491 855 724 912 Ubaldus
770 868 980 911 vocatus
1009 873 1030 913 :
1070 858 1161 917 sed
1203 867 1253 911 et
1298 857 1588 912 Damianus
1623 856 1906 912 cardinalis
1954 858 2057 914 llo:

487 963 660 1001 niante
695 944 965 1013 Ecclesiae,
1009 948 1099 1016 qui
1146 957 1196 1003 et
1227 947 1386 1003 abbas
1427 944 1915 1005 Nonantulanensis
1958 963 2061 1001 ca:-

490 1038 650 1091 nobii.
683 1036 755 1090 lii
790 1053 965 1091 omnes
1009 1037 1078 1090 ad
1121 1037 1441 1093 audiendam
1476 1037 1589 1105 ejus
1619 1036 1964 1105 sapientiam,
1989 1034 2060 1088 ad

490 1129 796 1197 capiendum
828 1128 991 1196 ipsius
1014 1126 1310 1187 consilium,
1333 1129 1467 1180 sicut
1494 1142 1629 1193 stupe
1673 1126 1773 1195 ipsi
1796 1142 1857 1178 ac
1888 1126 2065 1198 caeteri

490 1220 736 1274 catholici
755 1228 1143 1283 consueuerant,
1164 1221 1508 1276 advenerunt.
1534 1238 1553 1269 ι
1584 1215 1712 1270 Haec
1737 1215 2025 1284 [tangerius
2042 1231 2069 1279 .ﬁ

490 1310 581 1379 qui
607 1325 725 1362 cum
754 1310 807 1363 id
852 1308 1105 1362 accidisse
1146 1317 1361 1362 testatur
1387 1323 1522 1360 anno
1563 1304 1759 1360 Christi
1787 1303 2060 1357 millesimo

492 1400 841 1469 octogesimo,
889 1416 953 1453 ac
999 1399 1263 1453 mensibus
1310 1414 1487 1452 novem
1541 1405 1654 1465 post
1705 1395 2063 1466 [elicissimum

493 1486 736 1558 Gregorii
763 1505 913 1558 papte
952 1488 1057 1541 VII
1090 1490 1398 1551 transitum,
1429 1488 1571 1540 haud
1610 1486 1817 1556 quidem
1847 1484 2061 1537 dubiant

491 1579 589 1634 eu't
647 1579 963 1635 Damianum
1004 1579 1237 1633 abbatem
1267 1579 1424 1632 istum
1456 1577 1515 1632 S.
1547 1576 1616 1631 R.
1645 1576 1714 1630 E.
1740 1574 2064 1630 cardinalem

492 1676 724 1720 creatum
756 1667 917 1736 fuisse
951 1668 1015 1720 ab
1041 1667 1221 1721 eodem
1250 1664 1501 1736 Gregorio
1541 1682 1741 1719 summo
1787 1665 2063 1733 pontiﬁce;

2227 683 2333 738 Sed
2373 684 2508 736 enim
2549 684 2815 751 scriptoris
2860 683 3049 752 hujus,
3078 683 3168 752 qui
3211 700 3338 753 opus
3381 681 3525 736 istud
3568 698 3637 736 ea:
3663 679 3737 739 S.

2158 769 2305 825 Petri
2348 770 2596 825 Damiani
2636 771 2787 824 libris
2820 772 3157 840 deprompsit,
3188 788 3371 825 nomen
3399 770 3497 824 etsi
3524 771 3738 825 codices

2159 878 2263 915 non
2305 862 2615 932 exprimant,
2660 860 3000 915 nihilominus
3046 862 3334 915 maximam
3362 860 3552 914 habere
3588 862 3739 914 hunc

2160 951 2301 1006 illius
2344 952 2538 1005 laboris
2570 952 2865 1015 utilitatem,
2911 969 2975 1004 ex
3002 968 3077 1005 eor
3099 936 3387 1020 pra'sertim
3420 960 3559 1019 patet
3587 949 3735 1020 quod

2160 1040 2289 1095 dum
2335 1054 2402 1095 ex
2444 1039 2666 1108 singulis
2715 1039 3002 1109 quibusque
3061 1038 3379 1093 sanctissimi
3441 1035 3737 1091 cardinalis

2162 1132 2421 1202 opusculis
2462 1132 2758 1185 testimonia
2796 1132 2851 1184 in
2889 1131 3118 1183 medium
3162 1130 3339 1198 aﬂ'ert,
3380 1126 3614 1196 ejusdem
3640 1133 3735 1177 ut-

2160 1232 2277 1291 pote
2322 1220 2634 1291 discipulus,
2682 1232 2933 1291 tanquam
2985 1221 3128 1274 testis
3187 1218 3445 1281 oculatus,
3500 1232 3560 1270 ea
3618 1215 3737 1280 ipsa

2163 1295 2413 1381 opuscula
2459 1313 2522 1365 de
2569 1311 2754 1381 quibus
2803 1311 2980 1378 forsan
3022 1310 3263 1363 dubitare
3290 1316 3490 1377 posset,
3527 1312 3739 1358 tantum

2163 1400 2424 1455 doctorem
2461 1400 2825 1468 conscripsisse
2846 1438 2862 1462 ,
2891 1398 3152 1452 constanti
3177 1396 3280 1465 ﬁde
3309 1394 3454 1449 nobis
3482 1392 3733 1462 aperiret.

2179 1486 2364 1542 Verum
2409 1498 2459 1541 et
2505 1488 2601 1541 hoc
2646 1488 2781 1558 quod
2821 1487 2876 1541 in
2918 1487 3194 1555 pra’sentia
3221 1486 3408 1538 damus
3443 1486 3497 1537 in
3540 1482 3736 1544 lucem,

2164 1589 2211 1633 et
2264 1578 2372 1632 alia
2407 1594 2559 1648 quae,
2604 1577 2713 1632 Deo
2756 1578 3000 1646 auspice,
3049 1577 3250 1631 edenda
3272 1589 3553 1642 paramus,
3601 1570 3739 1637 tuis,

2167 1670 2345 1736 lector,
2396 1670 2584 1724 studiis
2630 1685 2735 1722 non
2779 1670 2988 1722 inutilia
3034 1685 3124 1724 nec
3166 1668 3374 1737 ingrata
3417 1665 3528 1734 {ore
3549 1679 3731 1734 spera-

491 1766 646 1826 atque
674 1766 721 1809 et
767 1757 822 1810 in
869 1757 1052 1826 primis
1098 1756 1161 1810 ob
1210 1757 1478 1821 eximiam,
1526 1772 1629 1826 qua
1674 1754 2098 1821 sanctissimum]

2173 1778 2295 1814 mus.
2353 1759 2481 1815 Vale
2507 1801 2523 1825 ,
2570 1770 2619 1815 et
2671 1777 2752 1821 me
2797 1758 3003 1814 Ghristo
3052 1759 3278 1815 Domino
3339 1758 3443 1810 tuis
3495 1753 3738 1824 precibus

491 1843 634 1898 illius
663 1845 985 1899 avunculum.
1012 1846 1441 1915 prosequebatur,
1472 1844 1905 1908 benevolentiam,
1942 1860 2075 1912 gra-.

492 1933 746 1987 tissimam
795 1935 1134 2000 memoriam,
1178 1935 1487 2004 apostolicus
1530 1936 1739 1988 virtutes
1784 1944 1937 2001 atque
1984 1934 2066 1985 in-

505 2071 753 2084 ——.___

2169 1853 2494 1907 commenda.

1396 2197 1455 2241 IN
1494 2197 1735 2240 NOMINE
1772 2193 2025 2237 SANCTJE
2065 2192 2143 2233 ΕΤ
2180 2190 2538 2233 lNDIVIDU/E
2572 2191 2950 2237 TRINITATIS.

1727 2352 2128 2432 INCIPIT
2196 2351 2497 2430 LIBER

668 2553 1596 2710 TESTIMllNIllIlUM
1669 2552 2149 2709 IE’I‘EllIS
2215 2554 2357 2708 All
2452 2553 2723 2708 NOII
2829 2553 3591 2707 TESTAIIEN'I‘I.

616 2842 747 2902 qua:
783 2824 855 2885 de
892 2821 1173 2902 Speculis
1201 2818 1518 2883 reverendi
1569 2817 1743 2879 Petri
1780 2816 2073 2876 Damiani
2109 2815 2362 2954 quitdam
2399 2837 2549 2878 suus
2598 2818 2948 2899 discipulus
2981 2807 3302 2900 excerpere
3336 2820 3619 2884 studiose

1988 2913 2258 2954 curavi.

1988 2913 2258 2955 curavit.

1962 3053 2318 3075 Μ

1291 3164 1532 3239 70‘7"
1604 3180 2067 3270 INCIPIT
2118 3178 2789 3274 PROLOGUS.

574 3484 804 3543 Domino
831 3498 928 3539 suo
964 3493 1020 3537 et
1056 3481 1224 3546 Patri.
1257 3480 1452 3536 domno
1484 3480 1751 3546 DAIIANO,
1777 3479 2072 3536 reverenda
2097 3486 2142 3545 C
2172 3481 2347 3545 niens,
2369 3494 2587 3534 omnem
2619 3479 2903 3535 insidiandi
2940 3483 3142 3537 aditum
3174 3484 3484 3550 obturabat,
3533 3494 3591 3540 ut
3619 3485 3754 3543 nulli

503 3577 705 3638 abba:i.
735 3575 956 3629 ultimus
984 3573 1370 3628 monachorum
1402 3587 1609 3636 servus,
1641 3572 1865 3627 sincera:
1915 3572 2081 3626 devo-

505 3664 669 3720 tionis
703 3663 1041 3732 obsequium.

576 3757 712 3809 Dum
742 3764 921 3809 vestra
952 3769 1122 3823 nuper
1155 3753 1418 3807 industria
1470 3753 1641 3806 beata:
1692 3752 2078 3808 recordationis

502 3845 681 3901 Patris
721 3844 913 3911 nostri,
944 3843 1091 3898 Petri
1140 3842 1398 3912 episcopi,
1445 3841 1691 3896 avunculi
1739 3842 1901 3896 vestri
1936 3849 2076 3904 acta,

502 3935 649 3989 velut
681 3935 1003 4004 quibusdam
1061 3933 1327 3988 nectareis
1362 3932 1535 4002 epulis
1561 3931 1849 3996 oblectata,
1890 3932 2078 3986 crebra

504 4025 850 4079 meditatione
878 4023 1270 4095 percurrerem,
1299 4024 1507 4094 insigne
1536 4023 1588 4077 in
1610 4022 1688 4077 eis
1710 4023 1907 4092 reperi,
1933 4022 2076 4092 quod

507 4117 739 4172 utilitate
786 4133 947 4187 quam
1000 4117 1233 4173 maxima
1272 4118 1573 4173 redundare
1625 4118 1885 4187 persensi.
1945 4118 2080 4172 Dum

508 4212 687 4278 itaque
712 4209 795 4263 vir
826 4209 1051 4264 illustris
1081 4219 1419 4277 arrogantem
1473 4209 1684 4265 illorum
1716 4209 2081 4279 eloquentiam

506 4300 851 4355 temnendam
882 4301 1127 4367 duceret,
1154 4302 1245 4370 qui
1272 4302 1495 4371 singulis
1518 4300 1930 4370 ingeniil'amam
1954 4316 2082 4370 cap-

506 4397 703 4454 tantes,
731 4390 988 4459 quidquid
1012 4390 1216 4458 ﬁngunt
1243 4391 1523 4460 multiplici
1552 4391 1788 4460 gestiunt
1813 4392 2079 4461 opacitate

506 4478 754 4542 densare,
788 4478 948 4532 modo
991 4478 1241 4535 videlicet
1270 4481 1658 4536 sententiarum
1711 4483 2074 4552 perplexione,

506 4568 664 4622 modo
689 4566 1012 4623 dictionibus
1039 4570 1306 4624 inusitatis
1335 4587 1677 4642 summopere
1705 4574 1941 4629 nitentes
1977 4574 2075 4628 ob-

504 4665 732 4722 struere,
759 4671 824 4711 ne
837 4657 1080 4728 quilibet,
1098 4675 1217 4729 quae
1231 4660 1435 4727 dicunt,
1453 4661 1752 4718 intellectus
1765 4678 1980 4733 capere,
1994 4664 2078 4718 vel

503 4749 706 4817 absque
739 4748 967 4819 improbi
999 4749 1198 4805 laboris
1252 4759 1444 4805 conatu
1494 4751 1706 4807 illorum
1758 4752 2074 4809 sufﬁcientia

2180 3568 2593 3640 prorsusjaculo
2615 3571 2833 3639 pervius
2863 3581 3045 3640 patere
3073 3582 3256 3643 posset
3274 3589 3543 3631 accessus.
3573 3577 3753 3643 Quam

2180 3659 2410 3730 denique
2434 3659 2835 3729 Scripturarum
2869 3661 3121 3717 lulturam
3157 3664 3293 3719 adeo
3323 3665 3377 3718 in
3405 3667 3518 3718 suis
3568 3674 3758 3721 tenere

2180 3758 2530 3802 consueverat
2559 3750 2712 3810 actis,
2748 3759 2804 3802 ut
2824 3751 3002 3805 verbis
3027 3752 3210 3816 etiam,
3241 3768 3360 3822 qua‘
3386 3754 3613 3822 prolatis
3636 3757 3754 3826 jam

2178 3838 2481 3892 rationibus
2492 3838 2670 3892 clausa
2687 3837 2920 3906 undique
2943 3849 2998 3893 et
3020 3841 3339 3896 inconcussa
3354 3844 3743 3906 consisterent.

2181 3940 2301 3981 eam
2328 3943 2710 3998 nonnunquam
2747 3928 3103 3984 adhibendam
3128 3931 3463 3988 decerneret.
3496 3931 3564 3987 Ut
3593 3933 3758 3988 sicuti

2179 4017 2311 4071 urbs
2340 4017 2593 4086 quislibet
2621 4026 2745 4087 post
2763 4016 3023 4073 vallorum
3055 4018 3336 4085 ambitum,
3361 4029 3482 4090 post
3510 4021 3762 4091 impene-

2180 4108 2375 4164 trabile
2403 4108 2625 4163 fortium
2675 4125 2947 4163 murorum
2976 4114 3392 4181 munimentum,
3438 4112 3756 4167 sublimium

2181 4200 2534 4269 disunguitnr
2569 4200 2745 4255 adhuc
2788 4202 3279 4257 constructionibus
3313 4202 3592 4267 mmuium,
3646 4218 3756 4256 non

2182 4300 2289 4346 tam
2320 4291 2571 4347 videlicet
2608 4291 2677 4347 ob
2704 4292 3023 4346 necessariae
3049 4291 3361 4346 munitionis
3383 4289 3756 4345 fortitudinem

2179 4399 2340 4452 quam
2371 4383 2441 4438 ob
2470 4382 2741 4437 inhiandae
2766 4381 3180 4452 pulchritudinis
3202 4383 3483 4436 decorem:
3515 4380 3586 4433 ita
3617 4395 3760 4448 quo-

2179 4492 2284 4550 que
2309 4476 2355 4531 is
2390 4476 2643 4545 pleraque
2673 4474 3073 4546 Scripturarum
3104 4472 3270 4527 solius
3316 4480 3539 4526 ornatus
3577 4472 3755 4541 gratia

2180 4568 2292 4622 suis
2317 4582 2458 4638 saepe
2485 4568 2649 4648 gestis
2671 4567 2960 4622 inseruisse
2990 4567 3266 4631 videatur;
3297 4579 3391 4619 seu
3421 4563 3579 4627 forte,
3608 4564 3760 4630 quod

2179 4674 2284 4713 non
2308 4659 2540 4714 absurde
2561 4658 2815 4712 aestimari
2840 4665 3038 4728 potest,
3067 4665 3148 4722 ut,
3177 4656 3461 4712 occasione
3483 4670 3648 4724 super
3674 4656 3759 4709 eis

2180 4748 2473 4803 disserendi
2491 4748 2669 4801 taliter
2689 4747 2940 4811 admissa,
2971 4746 3086 4814 ejus
3111 4744 3556 4800 sermocinatione
3580 4744 3760 4798 clare-

505 4838 693 4894 intima
746 4848 1033 4912 penetrare
1059 4853 1222 4913 queat
1250 4859 1265 4897 :
1297 4843 1410 4914 ipse
1448 4860 1575 4902 vero
1626 4857 1834 4911 contra,
1866 4857 2077 4903 cuneus
2105 4825 2159 4884 Ῑ)
2182 4850 2376 4903 sceret,
2408 4840 2533 4907 quia
2559 4840 2854 4893 existerent
2880 4839 3147 4893 introrsus
3176 4836 3401 4892 fecunda
3430 4851 3550 4906 qtue
3575 4835 3757 4890 forin-

504 4929 645 4983 viam
660 4929 958 5001 legentibus
985 4935 1219 5004 pandere
1235 4951 1298 4989 ac
1316 4936 1603 4991 enucleare
1624 4939 1865 5008 cupiens,
1882 4939 2074 4993 altiora

502 5035 728 5091 quaeque
753 5024 1114 5093 complanare,
1138 5038 1229 5079 seu
1261 5027 1573 5081 obscuriora
1600 5044 1705 5083 non
1737 5031 1895 5084 modo
1916 5031 2073 5083 ratio.

503 5109 681 5176 nibus,
718 5128 904 5168 verum
948 5116 1113 5170 etiam
1143 5115 1542 5185 Scripturarum
1594 5120 1857 5190 exemplis
1887 5120 2077 5175 diluci-

502 5194 631 5251 dare
661 5198 1047 5258 instantissime
1075 5206 1372 5275 satagebat.
1423 5206 1593 5263 Porro
1626 5219 1805 5264 autem
1859 5210 1903 5264 si
1949 5210 2078 5280 quid

504 5286 733 5352 tulisset,
761 5293 904 5359 quod
933 5293 1112 5350 minus
1137 5294 1278 5350 forte
1304 5298 1495 5366 peritis
1524 5300 1892 5356 nutabundum
1920 5300 2080 5368 foret,

501 5382 812 5437 earumdem
846 5388 1169 5443 testimoniis
1199 5389 1601 5462 Scripturarum
1630 5393 1776 5447 velut
1793 5392 1960 5462 jactis
1986 5408 2082 5448 an-

2178 4944 2335 4983 secus
2357 4929 2614 4997 patebant
2643 4929 2841 4982 inania.
2875 4926 3042 4983 Nemo
3065 4942 3195 4982 sane
3222 4928 3312 4998 qui
3342 4926 3756 4995 Scripturarum

2176 5016 2361 5071 limina
2400 5017 2541 5079 terit,
2575 5017 2849 5087 ambigere
2906 5017 3253 5086 permittitur,
3293 5017 3437 5088 quod
3473 5016 3761 5081 haec,‘tam

2176 5105 2489 5177 frequenter
2502 5106 2642 5161 illius
2654 5106 3056 5173 actisadhibita,
3073 5106 3358 5176 plurimum
3372 5120 3516 5174 stupe
3538 5105 3756 5175 mystici

2179 5197 2430 5266 sacrique
2450 5197 2751 5253 intellectus
2782 5199 3136 5262 occultarent,
3175 5213 3314 5267 quin,
3357 5197 3459 5250 nisi
3505 5204 3754 5250 reserata

2183 5286 2433 5354 fuissent,
2457 5303 2519 5343 ea
2544 5289 2716 5359 magis
2743 5289 2972 5344 obruere
3001 5304 3163 5358 quam
3189 5287 3459 5342 illustrare
3486 5286 3751 5340 valerent.

2183 5380 2422 5447 Quorum
2469 5381 2650 5451 itaque
2690 5379 2945 5435 interiora
2981 5379 3208 5435 lucilius:
3231 5378 3568 5433 dissertionis
3590 5390 3754 5429 manu

499 5471 682 5527 choris
730 5473 945 5530 fortiter
970 5480 1232 5548 ambiens,
1266 5499 1333 5538 ne
1368 5485 1585 5540 cuilibet
1639 5486 1777 5540 ultra
1822 5484 2083 5543 ﬂuctuare

2183 5473 2515 5544 penetrando
2551 5474 2868 5537 discutiens,
2894 5481 3054 5542 atque
3091 5471 3271 5526 abdita
3327 5483 3553 5539 quaque
3583 5467 3699 5522 suis
3724 5480 3756 5519 e

500 5563 725 5631 valeret,
758 5565 1018 5624 immobili
1065 5573 1355 5629 stabilitate
1382 5575 1598 5646 ﬁgebat,
1631 5584 1793 5645 atque
1819 5576 2080 5633 adversus
2180 5567 2547 5641 penetralibus
2571 5564 2810 5621 funditus
2829 5581 3048 5628 eruens,
3076 5565 3304 5620 clariora
3344 5564 3460 5618 luce
3481 5559 3756 5632 patefacta

501 5668 691 5710 omnes
723 5655 1150 5728 impngnantium
1200 5663 1432 5733 impetus
1480 5664 1919 5735 insuperabiliter
1963 5682 2079 5721 mu-
2183 5661 2456 5719 reddebat.
2482 5657 2833 5746 Quibusdam
2856 5657 2967 5714 sola
2997 5657 3312 5727 plerumque
3340 5652 3563 5710 rationis
3588 5649 3759 5708 verba
