4078 6336
304 382 410 438 989

1741 359 2128 418 PROLOGUS.

3460 352 3566 408 990

306 508 412 552 nun
465 495 778 548 vilrrentur
826 489 1156 552 satisfacere,
1212 486 1314 539 alia
1350 497 1536 538 rursus
1577 481 1880 536 testimonia
1910 485 1955 540 Α
1984 490 2107 530 rere
2133 472 2280 536 velit,
2307 471 2496 526 eodem
2523 469 2701 524 valeat
2723 468 2913 523 ordine
2937 466 3149 535 singula
3177 464 3436 534 reperire,
3458 480 3570 532 quo

305 584 708 642 delucebantur
734 581 788 634 in
813 578 1066 640 medium,
1090 591 1209 645 qua:
1237 589 1357 629 cum
1387 573 1466 626 sui
1490 586 1701 640 quoque
1731 569 1882 623 intel-

307 677 504 729 lectum
560 673 673 726 sive
699 671 799 725 sub
825 668 1201 738 allegoriarum
1225 677 1372 736 typo,
1398 666 1514 718 sive
1543 663 1642 717 sub
1664 660 1886 731 cujusli-

307 768 396 820 bet
423 763 665 835 mysterii
699 776 839 830 saepe
872 767 1116 828 tegerent
1139 771 1360 819 arcano,
1400 756 1452 808 in
1483 770 1634 809 suam
1685 755 1879 808 iterum

309 853 729 911 declarationem
757 849 1005 904 eumdem
1045 848 1294 902 laborare
1349 848 1660 915 cogebant;
1699 843 1884 911 sicque

308 944 488 1002 divina
520 941 825 1012 provisione
848 947 1058 1008 gestum
1102 947 1186 991 est
1211 944 1270 989 ut
1295 935 1448 1004 plura
1480 949 1647 988 sacrae
1676 932 1884 1002 paginm

309 1031 580 1094 abstrusa,
599 1028 742 1083 illius
754 1042 917 1097 opera
944 1024 1344 1080 evidentisslme
1373 1032 1643 1086 reserata,
1673 1023 1885 1092 perspi-

309 1137 425 1177 cuae
451 1121 607 1176 nobis
635 1118 1004 1190 intelligentia:
1056 1118 1234 1172 nitore
1283 1116 1681 1186 resplendeant.
1746 1115 1882 1168 Dum

310 1212 483 1267 solers
509 1213 692 1282 itaque
714 1211 797 1264 vir
825 1209 1101 1278 diligentia
1131 1215 1426 1262 memorata
1479 1205 1774 1275 Scriptura:
1802 1220 1887 1259 sa-

311 1315 418 1356 erat
435 1299 739 1354 testimonia
768 1308 875 1350 tam
902 1297 1132 1367 eleganti
1151 1294 1542 1350 considerasset
1561 1292 1890 1346 enodatione

311 1391 559 1454 disserta,
591 1391 808 1458 dignum
837 1388 950 1442 fore
979 1389 1238 1456 valdeque
1262 1385 1490 1453 perutile
1515 1383 1721 1446 censui,
1754 1397 1889 1450 qua-

311 1492 469 1537 tenus
497 1497 562 1536 ex
594 1481 869 1536 codicibus
899 1479 1003 1536 illis
1026 1487 1278 1548 excerpta
1304 1479 1355 1532 in
1385 1477 1654 1546 singulare
1681 1473 1885 1543 proprii

308 1571 599 1626 voluminis
625 1585 823 1639 corpus
849 1570 1244 1637 redigerentur,
1267 1584 1335 1624 ne
1377 1569 1519 1622 inter
1565 1575 1641 1620 tot
1681 1564 1887 1620 scilicet

309 1658 646 1714 voluminosa
675 1660 946 1714 condensa
975 1657 1208 1712 laterent
1231 1657 1552 1711 detrimenta
1591 1654 1882 1724 incognita.

309 1750 424 1818 Qua
483 1751 639 1819 plane
695 1750 1124 1805 consideratione
1178 1763 1484 1818 quanquam
1535 1761 1639 1800 non
1695 1760 1883 1815 parum

1986 567 2096 622 suis
2117 573 2243 620 sunt
2267 564 2370 618 sita
2391 560 2695 625 codicibus;
2719 559 2982 626 istiusque
3002 555 3292 625 diligentia:
3313 568 3412 608 nec
3434 554 3566 622 ipsis

1983 672 2195 728 quoque
2221 653 2517 726 praelibatis
2545 652 2906 707 incidentibus
2935 650 3232 717 abnegans,
3261 646 3562 716 simplicem

1984 750 2143 803 modo
2189 761 2377 801 eorum
2412 753 2616 798 textum
2669 742 2884 797 caeteris
2921 741 3250 804 interserui,
3290 754 3357 794 ne
3404 755 3447 792 SI
3498 753 3560 793 ea

1983 854 2104 893 cum
2133 837 2246 892 suis
2274 837 2345 889 ibi
2369 831 2799 904 expositionibus
2824 846 3101 901 ponerem,
3139 829 3388 883 mihimet
3419 827 3564 883 labo-

1985 943 2096 982 rem
2118 927 2470 996 geminarem,
2494 932 2548 976 et
2575 920 2762 976 lectori
2789 919 3065 975 fastidium
3098 922 3418 982 incuterent,
3437 935 3559 973 cutn

1984 1019 2170 1072 eadem
2193 1023 2459 1085 repeteret
2506 1027 2625 1082 quae
2648 1011 2759 1082 jam
2788 1025 2846 1065 se
2877 1009 3128 1078 superius
3151 1009 3345 1079 legisse
3367 1023 3566 1078 cogno-

1986 1116 2182 1163 sceret.
2214 1105 2482 1159 Praeterea
2529 1102 2606 1155 sic
2634 1099 2822 1154 eadem
2876 1097 3206 1170 praetitulare
3258 1097 3461 1162 studui,
3510 1106 3568 1150 ut

1984 1213 2103 1268 quae
2155 1195 2363 1266 singula
2415 1194 2738 1248 schedarutr.
2783 1205 3003 1244 suarum
3033 1188 3150 1242 loca
3185 1195 3424 1253 teneant,
3469 1203 3566 1242 no-

1987 1286 2229 1340 minatim
2261 1283 2639 1353 expresserim.
2672 1281 2772 1335 Ast
2798 1289 2977 1335 tamen
3036 1287 3224 1334 caveat
3270 1279 3440 1333 lector
3477 1295 3563 1344 ne,

1985 1377 2111 1430 dum
2141 1378 2192 1430 in
2218 1376 2520 1444 cuiuspiam
2554 1373 2710 1427 titulo
2739 1371 2931 1441 legerit
2983 1370 3036 1424 in
3069 1368 3295 1438 epistola
3334 1368 3403 1422 ad
3438 1383 3562 1437 per-

1987 1482 2174 1520 sonam
2201 1465 2366 1530 illam,
2400 1465 2511 1518 sive
2547 1463 2601 1516 in
2633 1475 2937 1517 sermonem
2990 1461 3132 1513 illius
3175 1459 3373 1522 sancti,
3422 1467 3476 1512 et
3516 1459 3567 1511 in

1987 1571 2091 1609 una
2122 1555 2371 1624 epistola,
2399 1568 2574 1607 unove
2604 1566 2853 1606 sermone
2895 1551 3116 1603 minime
3164 1549 3342 1603 forsan
3391 1549 3570 1603 reuni-

1988 1646 2090 1699 sita
2143 1645 2424 1714 repererit,
2476 1658 2642 1713 prope
2689 1657 2775 1695 me
2830 1639 3092 1694 mendacii
3139 1640 3564 1707 redargucmbun

1989 1744 2228 1798 censeat,
2255 1750 2374 1789 cum
2398 1742 2450 1788 et
2481 1733 2546 1785 ad
2577 1747 2735 1786 unam
2760 1744 3042 1799 personam
3079 1730 3220 1783 illius
3250 1729 3430 1799 plures
3457 1729 3567 1781 sint

309 1841 576 1895 universis
599 1841 650 1894 in
680 1855 907 1909 quorum
938 1854 1130 1893 manus
1171 1817 1296 1892 olim
1331 1839 1445 1891 haec
1472 1844 1701 1890 ventura
1729 1843 1883 1888 erant
1914 1818 1956 1874 Β
1985 1826 2245 1895 epistolae,
2277 1834 2332 1878 et
2362 1825 2413 1878 in
2443 1823 2600 1876 unius
2629 1821 2801 1875 sancti
2841 1819 3110 1889 praeconio
3160 1818 3342 1888 plures
3372 1817 3567 1870 nihilo—

310 1931 642 2008 pratstiterit,
662 1929 766 1983 illis
794 1940 971 1984 tamen
995 1930 1260 1999 praecipue
1291 1927 1623 1982 consuluisse
1648 1925 1886 1979 cernitur

310 2021 504 2090 quibus
534 2019 684 2092 plura
709 2019 888 2089 legere
911 2035 1016 2073 non
1047 2019 1399 2082 conceditur;
1440 2026 1518 2081 ut,
1547 2017 1670 2069 dum
1699 2017 1764 2070 ad
1795 2029 1886 2069 ca-

309 2111 628 2181 pessendam
657 2112 836 2181 operis
867 2112 1032 2166 totius
1061 2110 1450 2180 plenitudinem
1498 2108 1554 2161 hi
1601 2107 1734 2160 tales
1786 2121 1884 2161 ne-

308 2209 510 2270 queunt
538 2215 886 2270 consurgere,
940 2201 1023 2254 his
1044 2200 1233 2254 saltem
1275 2197 1501 2252 modicis
1549 2197 1739 2250 intenti
1787 2210 1884 2249 ne-

311 2306 584 2360 quaquam
616 2291 829 2346 valeant
854 2291 1047 2345 illustri
1077 2289 1211 2343 tanti
1244 2289 1344 2342 viri
1375 2287 1628 2342 doctrina
1661 2299 1886 2354 prorsus

309 2383 519 2438 esurire
547 2379 718 2448 jejuni
759 2399 772 2435 :
812 2390 869 2435 et
922 2381 1013 2450 qui
1072 2380 1250 2434 minus
1312 2377 1584 2433 sulﬁciunt
1627 2376 1693 2430 de
1743 2377 1884 2429 vasti

309 2471 698 2542 gurgitisalveo
719 2470 946 2525 fertilem
967 2471 1149 2541 capaci
1164 2485 1358 2538 sagena
1386 2469 1619 2539 praedam
1634 2469 1882 2530 educere,

311 2576 415 2615 non
445 2575 538 2615 eos
591 2561 770 2631 pigeat
797 2560 879 2615 vel
908 2561 1083 2614 tenuis
1112 2560 1258 2614 hami
1292 2567 1408 2612 seta
1445 2574 1511 2612 ex
1557 2572 1726 2628 parvo
1782 2558 1886 2611 isto

309 2649 428 2702 sinu
453 2664 717 2715 seorsum,
747 2658 1000 2718 tanquam
1029 2649 1080 2704 in
1113 2664 1210 2703 suo
1237 2649 1388 2704 alveo
1405 2649 1646 2711 reducto,
1673 2647 1886 2702 facilem

309 2748 586 2806 capturam
619 2740 964 2808 suspendere,
1018 2755 1121 2808 qua
1154 2755 1266 2793 suae
1307 2738 1618 2792 refectionis
1667 2752 1883 2793 mensu-

314 2843 426 2881 ram
457 2827 845 2884 sullicientibus
874 2829 1081 2898 possint
1115 2827 1343 2897 dapibus
1389 2827 1666 2881 infercire.
1716 2826 1886 2893 Hujus

311 2935 443 2987 ergo
472 2919 549 2974 rei
577 2920 847 2990 negotium
886 2930 1064 2972 vestra
1106 2919 1236 2972 mihi
1285 2919 1548 2974 sanctitas
1609 2918 1885 2987 injungere
1925 2917 1934 2926 '

311 3010 527 3078 dignata
555 3019 668 3075 est;
713 3025 816 3063 non
855 3024 986 3063 sane
1007 3009 1152 3078 quod
1190 3009 1294 3063 mei
1323 3024 1514 3064 sensus
1543 3024 1661 3064 eam
1687 3009 1878 3063 lateret

311 3101 512 3169 inopia,
546 3101 637 3154 sed
669 3101 788 3154 ideo
809 3100 946 3154 forte
975 3100 1144 3170 magis
1176 3101 1429 3169 quoniam
1459 3101 1711 3170 idipsum,
1741 3101 1882 3168 quod

1989 1919 2165 1973 minus
2194 1915 2394 1972 elimati
2437 1928 2730 1968 sermones.
2765 1911 3029 1976 Quocirca
3065 1924 3185 1978 quze
3220 1908 3566 1962 inveniuntur

1987 2007 2160 2070 initis,
2185 2005 2499 2074 reperienda
2523 2018 2629 2056 non
2644 2001 2984 2056 dubiteturin
3003 1999 3152 2064 aliis;
3177 2013 3482 2068 quanquam
3501 2007 3556 2051 et

1986 2114 2148 2167 super
2173 2098 2272 2151 hoc
2297 2096 2611 2164 plerumque
2629 2093 2805 2146 valeat
2826 2093 2880 2146 in
2900 2093 3030 2160 ipsis
3052 2089 3562 2161 praetitulationibus

1985 2189 2230 2243 edocere.
2253 2188 2365 2240 Hoc
2377 2201 2590 2255 quoque
2610 2183 2989 2237 attendendum
3005 2182 3148 2250 quia,
3165 2181 3289 2234 dum
3310 2177 3564 2233 nonnulla

1985 2278 2212 2334 diversis
2248 2279 2357 2349 76
2385 2277 2514 2331 locis
2535 2276 2637 2328 sita
2668 2273 2982 2342 repererim,
3013 2280 3172 2340 atque
3215 2271 3340 2324 alibi
3384 2269 3560 2330 latius,

1985 2369 2112 2423 alibi
2140 2365 2569 2435 compendiosius
2595 2362 2856 2432 exposita,
2880 2361 2963 2414 vel
2992 2360 3154 2414 etiam
3183 2358 3306 2428 styli
3334 2373 3556 2426 permu-

1986 2464 2210 2527 tatione,
2244 2476 2336 2516 seu
2361 2456 2833 2523 ordinis,licetsub
2853 2453 3356 2517 eodemintellectu,
3386 2461 3561 2504 tamen

1985 2552 2322 2620 aliquatenus
2340 2551 2641 2619 disparata;
2665 2547 2968 2617 aliquoties,
3000 2561 3118 2614 quae
3152 2553 3456 2613 competere
3483 2543 3566 2595 vi-

1983 2647 2233 2709 deantur,
2259 2646 2580 2700 altrinsecus
2608 2643 2764 2713 elegi,
2783 2649 2831 2696 et
2849 2641 2900 2694 in
2933 2639 3089 2694 unius
3111 2637 3389 2693 sententiae
3436 2635 3548 2689 for-

1987 2754 2127 2793 mam
2160 2737 2387 2792 deducta
2425 2733 2722 2803 composui.
2775 2730 3073 2799 Aliquoties
3117 2742 3243 2781 vero
3275 2735 3557 2793 utramque

1988 2830 2399 2900 expositionem,
2430 2842 2550 2881 cum
2579 2840 2667 2880 res
2687 2823 2936 2877 videlicet
2959 2826 3297 2889 exposceret,
3320 2817 3459 2870 sicut
3489 2815 3559 2867 ibi

1990 2921 2248 2991 comperi,
2283 2919 2356 2974 ita
2378 2917 2724 2973 nihilominus
2759 2915 2844 2967 hic
2873 2915 3135 2982 integram
3165 2907 3435 2978 sigillatim
3461 2921 3550 2972 ap-

1985 3011 2157 3080 posui.
2191 3009 2361 3063 Porro
2384 3023 2483 3062 nec
2509 3005 2651 3060 istud
2698 3002 3124 3074 praetereundum
3152 2999 3406 3067 quoniam
3433 2995 3556 3063 qni-

1988 3100 2211 3153 busdam
2267 3097 2551 3152 sententiis
2592 3105 2700 3148 tam
2753 3091 3096 3162 congruentia
3135 3090 3244 3144 illic
3288 3086 3559 3156 proposita

305 3191 459 3260 juxta
495 3191 763 3260 prepriam
801 3206 886 3244 me
913 3191 1269 3259 capacitatem
1305 3190 1487 3244 valere
1522 3159 1724 3262 putavi,
1754 3159 1886 3244 fide—
1912 3159 1956 3220 Ο
1991 3192 2187 3262 reperi,
2221 3203 2340 3260 qua:
2367 3189 2478 3243 suis
2504 3188 2555 3240 in
2583 3159 2988 3256 praefationibus
3016 3183 3104 3236 hic
3144 3180 3367 3235 minime
3397 3177 3558 3232 debe-

313 3279 441 3332 liter
469 3288 876 3347 prosecuturum
909 3277 1025 3336 fore
1046 3278 1255 3348 speravi
1283 3295 1296 3343 ;
1321 3279 1520 3349 quippe
1552 3295 1651 3333 nec
1694 3278 1884 3332 imme-

311 3369 439 3434 rito,
463 3384 583 3437 qua:
603 3369 803 3425 dudum
823 3383 908 3423 me
926 3369 1165 3428 functum
1189 3378 1484 3438 agnoverat
1501 3370 1729 3437 quadam
1747 3369 1878 3424 dile-

311 3456 760 3525 ctionisejnsdem
783 3458 958 3513 Patris
975 3460 1328 3529 praerogativa
1357 3458 1471 3512 sola
1496 3459 1664 3528 ipsius
1685 3461 1885 3527 pietate

313 3552 566 3623 gratuita.
586 3550 737 3606 Unde
751 3558 805 3605 et
827 3558 1062 3620 egomet,
1088 3550 1212 3603 licet
1225 3549 1495 3603 ariditatis
1509 3564 1641 3603 meae
1661 3549 1766 3620 75
1780 3564 1884 3604 non

316 3642 602 3694 immemor
626 3641 873 3695 idoneum
899 3655 985 3695 me
1005 3639 1120 3695 fore
1144 3655 1488 3716 nequaquam
1519 3639 1586 3693 ad
1619 3640 1763 3693 istud
1785 3640 1884 3693 ad-

312 3739 606 3792 verterem,
636 3731 788 3784 oneri
827 3739 1004 3784 tamen
1059 3731 1185 3784 huic
1231 3730 1551 3788 obedientiaa
1604 3731 1885 3786 humerum

316 3822 459 3877 nulla
487 3822 788 3878 subducere
834 3823 1184 3877 excusatione
1237 3823 1468 3887 tentavi;
1499 3836 1607 3875 non
1638 3821 1884 3888 equidem

313 3913 442 3984 quia
475 3913 762 3968 temerarie
788 3912 854 3966 de
870 3912 1100 3981 propriae
1123 3910 1393 3964 facultatis
1411 3925 1792 3980 praesumerem
1811 3909 1888 3963 vi-

313 4003 484 4067 ribus,
540 4003 632 4056 sed
677 4001 893 4070 quando
957 4009 1011 4054 et
1053 3999 1396 4063 obedientiaa,
1443 4015 1547 4068 qua
1595 3999 1886 4069 gestiebam

317 4105 513 4149 vestra:
541 4108 731 4163 parere
751 4091 1002 4167 iussioni,
1035 4107 1098 4146 ac
1125 4091 1396 4160 saepedicti
1423 4091 1600 4144 Patris
1651 4090 1883 4152 meritis,

313 4184 468 4252 cujus
495 4185 749 4238 nimirum
780 4183 1052 4254 praeconio
1085 4183 1274 4236 deesse
1305 4195 1409 4234 non
1455 4188 1667 4250 poterat
1733 4178 1886 4246 quid-

311 4275 443 4345 quid
471 4274 524 4328 in
549 4275 651 4328 hoc
679 4274 810 4330 mihi
833 4287 994 4342 opere
1021 4269 1560 4341 proveniret,obnixe
1585 4284 1670 4322 me
1689 4265 1889 4321 suifra-

312 4365 548 4435 gandum
573 4363 882 4432 sperabam.
931 4359 1044 4414 Huc
1071 4359 1280 4414 accedit
1326 4358 1465 4427 quod
1521 4357 1660 4409 idem
1716 4356 1887 4423 ipsum

313 4470 466 4526 opus,
490 4452 640 4521 cujus
660 4462 804 4508 esset
829 4449 1170 4512 difﬁcultatis,
1200 4449 1434 4504 nondum
1465 4448 1726 4507 clarebat,
1757 4446 1882 4500 dum

312 4559 380 4600 eo
417 4545 591 4599 solum
612 4543 861 4596 videlicet
885 4541 1075 4596 ordine
1100 4539 1322 4608 prtefata
1353 4537 1607 4592 suaderet
1634 4536 1888 4604 excipere

313 4635 648 4698 testimonia,
685 4649 790 4702 quo
817 4633 888 4686 ita
935 4631 1046 4685 suis
1084 4631 1451 4696 reperirentur
1491 4628 1543 4680 in
1589 4627 1886 4682 schedulis.

314 4731 386 4782 At
409 4742 539 4782 vero
559 4735 866 4796 postquam,
899 4724 1013 4792 jam
1049 4734 1201 4793 parte
1232 4724 1310 4776 sic
1342 4723 1594 4784 decursa,
1645 4719 1890 4774 consulto

313 4818 670 4871 advertissem
699 4817 840 4885 quod
869 4825 1046 4885 coepto
1100 4822 1284 4868 tenore
1313 4811 1484 4881 magis
1533 4811 1711 4880 Operis
1758 4809 1890 4863 ordo

311 4909 730 4965 confunderetur
792 4923 954 4977 quam
1027 4907 1348 4967 clarelieret,
1381 4905 1580 4973 quique
1633 4904 1888 4958 lectorem

313 5001 486 5071 magis
512 5001 576 5054 ad
625 5015 872 5069 soporem
923 4987 1082 5068 quam
1116 4999 1182 5052 ad
1214 4997 1584 5051 meditandum
1635 4996 1887 5064 excipere

311 5100 514 5161 posset,
545 5099 690 5143 ratus
712 5105 829 5143 sum
861 5089 1022 5155 longe
1044 5087 1214 5141 satius
1243 5086 1574 5141 fructuosum
1605 5101 1690 5139 me
1719 5100 1889 5152 quan-

313 5181 866 5239 tmllbetdifficultatis
906 5181 1144 5234 laborem
1193 5180 1454 5247 arripere,
1504 5194 1664 5248 quam
1717 5177 1891 5231 infru-

314 5282 556 5328 ctuosam
576 5273 721 5325 illam
735 5270 1108 5339 amplectende
1125 5268 1434 5322 facilitatem
1451 5267 1664 5321 sectari.
1685 5265 1890 5320 Relicta

316 5364 478 5435 igitur
511 5364 671 5432 coepti
707 5362 906 5415 tenoris
934 5360 1326 5430 prosecutione,
1356 5370 1466 5426 qua
1495 5369 1677 5411 vetera
1711 5357 1883 5420 novis,

316 5455 667 5525 agiographa,
704 5468 799 5507 seu
828 5468 1012 5522 regum
1064 5461 1184 5506 acta
1235 5451 1727 5506 commiscebantur
1761 5455 1892 5518 pro;

316 5546 445 5614 phet
469 5546 534 5608 is,
563 5560 624 5599 ea
655 5545 734 5599 sic
766 5544 942 5598 denuo
993 5544 1250 5596 ordinare
1306 5556 1594 5609 aggressus
1646 5555 1786 5598 sum.
1828 5546 1888 5591 ut

317 5652 653 5707 unaqumque
687 5635 991 5691 testimonia
1039 5651 1136 5703 per
1165 5650 1290 5688 suos
1322 5635 1488 5688 libros
1514 5631 1885 5700 componendo

316 5727 724 5797 distinguerem,
752 5735 1012 5795 quatenus
1039 5725 1282 5794 quisquis
1309 5740 1368 5779 ea
1394 5723 1682 5780 studiosius
1713 5721 1888 5789 requi-

1989 3293 2110 3340 rent
2137 3281 2362 3344 mutari;
2388 3277 2709 3348 quibusdam
2735 3289 2862 3329 vero
2885 3289 2991 3328 non
3017 3271 3176 3326 modo
3198 3286 3264 3325 ex
3288 3268 3563 3337 aliquanto

1986 3376 2196 3444 longius
2247 3369 2504 3439 praefatis,
2547 3381 2734 3421 verum
2781 3365 2944 3418 etiam
2978 3377 3045 3416 ex
3095 3357 3562 3426 subsequentibus,

1985 3479 2105 3534 quae
2135 3463 2312 3516 forent
2337 3458 2588 3527 aptanda,
2617 3469 2831 3510 sumere
2857 3465 3077 3508 necesse
3107 3448 3301 3512 habui;
3333 3447 3453 3501 aliis
3474 3446 3563 3499 deo

1990 3555 2151 3623 nique
2179 3551 2389 3606 noviter
2412 3548 2583 3602 solum
2614 3545 2755 3599 edita
2783 3550 3036 3610 coaptare
3066 3539 3314 3610 cogebar.
3349 3534 3456 3588 Nec
3484 3543 3561 3588 ta-

1991 3656 2112 3696 men
2138 3641 2258 3710 quis
2289 3653 2450 3707 super
2477 3637 2579 3690 hoc
2603 3633 2903 3688 mirandum
2949 3631 3128 3694 ducat,
3165 3629 3290 3682 dum
3334 3627 3558 3679 istarum

1990 3731 2344 3802 praecedentia
2403 3725 2793 3780 sententiarum
2846 3736 3180 3791 nequaquam
3234 3717 3436 3787 passim
3492 3714 3558 3766 ad

1991 3825 2137 3893 ipsas
2159 3831 2410 3890 tanquam
2437 3819 2740 3873 necessario
2769 3816 3149 3870 subsccuturas
3175 3809 3555 3881 spectaverint,

1991 3913 2115 3967 licet
2147 3912 2410 3965 rationem
2441 3924 2536 3962 eas
2576 3903 2948 3960 introducendi
2990 3901 3361 3971 praestiterint.
3403 3898 3558 3953 Unde

1993 4017 2099 4058 non
2133 3998 2495 4054 necessarium
2530 3995 2694 4048 fuisse
2719 3991 3068 4062 perpenditur
3104 3997 3161 4040 ut
3191 3987 3444 4056 quaalibet
3470 3985 3554 4039 bis

1992 4093 2192 4160 ubique
2215 4086 2497 4143 sententiis
2517 4085 2810 4143 haererent,
2837 4095 2955 4149 quae
2981 4079 3093 4134 suis
3116 4078 3204 4132 hic
3233 4077 3406 4146 aptari
3429 4091 3564 4146 pra:-

1994 4179 2354 4235 locutionibus
2377 4182 2615 4244 possent.
2641 4170 2746 4226 Sed
2767 4170 2878 4239 jam
2915 4184 3036 4224 cum
3063 4166 3321 4221 extremis
3349 4164 3563 4233 propin-

1990 4285 2116 4339 quo,
2154 4283 2272 4323 mea
2300 4267 2367 4319 ad
2399 4275 2468 4328 te,
2496 4265 2679 4327 Pater,
2703 4262 2865 4317 verba
2895 4268 3173 4321 converto,
3202 4266 3283 4320 ut,
3318 4255 3402 4310 cui
3431 4256 3570 4309 mili-

1994 4360 2319 4429 tantprima,
2338 4357 2459 4427 jure
2485 4368 2696 4424 quoque
2720 4352 3047 4406 famulentur
3068 4345 3354 4414 ultimalln
3379 4345 3568 4414 primis

1994 4452 2174 4519 itaque
2199 4448 2414 4502 veniam
2445 4459 2606 4514 super
2627 4442 2844 4505 erratis,
2886 4438 3081 4508 quibus
3123 4437 3176 4489 in
3215 4437 3314 4488 hoc
3336 4431 3560 4486 forsitan

1992 4539 2177 4593 videor
2217 4536 2505 4605 deliquisse
2554 4533 2788 4602 negotio,
2836 4529 3100 4584 submisse
3150 4539 3331 4581 coram
3373 4531 3566 4575 vestrae

1992 4627 2298 4683 sanctitatis
2329 4624 2698 4695 magnitudine
2734 4621 2992 4690 imploro;
3023 4631 3183 4686 quam
3224 4611 3385 4668 simul
3433 4625 3566 4678 quo-

1992 4735 2096 4789 que
2126 4719 2400 4773 mihicum
2425 4717 2528 4770 hoc
2558 4714 2766 4768 foenore
2795 4712 2978 4781 largiri
3020 4710 3270 4778 deposco,
3301 4712 3567 4773 quatenus

1992 4825 2110 4878 quae
2125 4806 2441 4877 corrigenda
2466 4812 2591 4858 sunt
2615 4803 2920 4856 nullatenus
2937 4800 3236 4852 incorrecta
3265 4791 3562 4857 relinquat;

2001 4915 2068 4953 ne
2109 4898 2236 4968 quid
2260 4906 2410 4950 extra
2443 4896 2506 4948 de
2533 4902 2726 4952 caetero
2753 4905 2944 4942 manus
2982 4885 3218 4939 inveniat
3265 4880 3406 4948 quod
3462 4893 3566 4932 met

1988 5007 2112 5045 cum
2144 4984 2780 5050 insultationeldecerpat.
2804 4979 3150 5046 Nequaquam
3171 4973 3315 5027 enim
3339 4985 3459 5023 reor
3487 4968 3565 5020 sic

1992 5096 2077 5134 me
2116 5077 2418 5133 cucurrisse
2449 5083 2506 5126 ut
2540 5087 2635 5142 per
2657 5069 2837 5123 omnia
2862 5059 3349 5133 irreprebensibilis
3370 5070 3566 5125 usque-

1993 5185 2206 5240 quaque
2233 5166 2490 5236 reperiar.
2525 5164 2581 5216 In
2611 5161 2806 5229 quibus
2853 5171 2980 5226 ergo
3010 5153 3332 5224 quandoque
3379 5150 3566 5202 redar—

1995 5261 2235 5332 guendus
2260 5262 2509 5325 appareo,
2539 5251 2790 5322 pr0priae,
2822 5249 3050 5317 ipsemet
3077 5244 3361 5306 confitens,
3396 5240 3565 5306 impe-

1996 5328 2135 5407 ritiae
2164 5353 2422 5420 deputare
2457 5360 2618 5414 quam
2651 5340 2953 5412 procaciter
2990 5335 3276 5390 defendere
3301 5331 3459 5386 malo.
3507 5328 3567 5381 Si

1993 5443 2120 5512 quid
2157 5456 2305 5503 vero,
2338 5435 2479 5506 quod
2507 5435 2644 5489 forte
2676 5432 2905 5501 placeat,
2938 5426 3218 5498 gesserim,
3250 5420 3570 5475 obedientim

1992 5543 2186 5588 vestra:
2216 5527 2488 5586 sanctitati
2520 5524 2794 5586 exhibitze,
2843 5519 3188 5588 ejusdemque
3220 5529 3361 5582 saepe
3417 5525 3568 5564 reco-

1993 5626 2136 5681 lendi
2177 5623 2347 5693 patris
2402 5619 2628 5678 meritis,
2667 5624 2787 5685 post
2832 5615 3019 5673 Deum,
3079 5611 3162 5664 eui
3202 5602 3570 5676 principaliter

1994 5722 2206 5780 etnicta,
2230 5728 2348 5781 qum
2374 5711 2486 5776 ipse
2513 5706 2806 5768 distribuit,
2836 5705 2972 5759 dona
2999 5698 3266 5756 reddenda
3307 5702 3452 5754 sunt.
3483 5689 3569 5740 ίίῦο
