  <div class='ocr_page' id='page_1' title='image "/cluster/home/n/w/nwhite01/storage/ocr_20150623/145/hvd.32044015471824/503.png"; bbox 0 0 4078 6336; ppageno 0'>
   <div class='ocr_carea' id='block_1_1' title="bbox 491 316 585 368">
    <p class='ocr_par' dir='ltr' id='par_1_1' title="bbox 491 316 585 368">
     <span class='ocr_line' id='line_1_1' title="bbox 491 316 585 368; baseline -0.011 0"><span class='ocrx_word' id='word_1_1' title='bbox 491 316 585 368; x_wconf 58' lang='grc' dir='ltr'><strong>νει</strong></span> 
     </span>
    </p>
   </div>
   <div class='ocr_carea' id='block_1_2' title="bbox 1393 310 2839 368">
    <p class='ocr_par' dir='ltr' id='par_1_2' title="bbox 1393 310 2839 368">
     <span class='ocr_line' id='line_1_2' title="bbox 1393 310 2839 368; baseline -0.001 -2"><span class='ocrx_word' id='word_1_2' title='bbox 1393 311 1886 367; x_wconf 67' lang='lat' dir='ltr'><strong>COLLI‘LCTANEA</strong></span> <span class='ocrx_word' id='word_1_3' title='bbox 1926 310 1989 364; x_wconf 75' lang='lat' dir='ltr'><strong>l-N</strong></span> <span class='ocrx_word' id='word_1_4' title='bbox 2037 311 2264 367; x_wconf 68' lang='lat' dir='ltr'><strong>VETUS</strong></span> <span class='ocrx_word' id='word_1_5' title='bbox 2303 311 2839 368; x_wconf 72' lang='lat' dir='ltr'><strong>TESTAMENTUH.</strong></span> 
     </span>
    </p>
   </div>
   <div class='ocr_carea' id='block_1_3' title="bbox 3625 310 3740 368">
    <p class='ocr_par' dir='ltr' id='par_1_3' title="bbox 3625 310 3740 368">
     <span class='ocr_line' id='line_1_3' title="bbox 3625 310 3740 368; baseline 0 -4"><span class='ocrx_word' id='word_1_6' title='bbox 3625 310 3740 368; x_wconf 69' lang='lat'><strong>99‘!</strong></span> 
     </span>
    </p>
   </div>
   <div class='ocr_carea' id='block_1_4' title="bbox 492 423 3738 497">
    <p class='ocr_par' dir='ltr' id='par_1_4' title="bbox 492 423 3738 497">
     <span class='ocr_line' id='line_1_4' title="bbox 492 423 3738 497; baseline -0.002 -16"><span class='ocrx_word' id='word_1_7' title='bbox 492 442 644 484; x_wconf 82' lang='lat' dir='ltr'><strong>votas</strong></span> <span class='ocrx_word' id='word_1_8' title='bbox 672 429 926 483; x_wconf 70' lang='lat' dir='ltr'><strong>attribuo.</strong></span> <span class='ocrx_word' id='word_1_9' title='bbox 974 427 1127 497; x_wconf 81' lang='lat' dir='ltr'><strong>Apud</strong></span> <span class='ocrx_word' id='word_1_10' title='bbox 1160 426 1329 494; x_wconf 84' lang='lat' dir='ltr'><strong>cujus,</strong></span> <span class='ocrx_word' id='word_1_11' title='bbox 1379 441 1581 495; x_wconf 68' lang='lat' dir='ltr'><strong>qumso,</strong></span> <span class='ocrx_word' id='word_1_12' title='bbox 1615 426 1911 496; x_wconf 75' lang='lat' dir='ltr'><strong>maiestatis</strong></span> <span class='ocrx_word' id='word_1_13' title='bbox 1951 425 2060 478; x_wconf 85' lang='lat' dir='ltr'><strong>clc-</strong></span> <span class='ocrx_word' id='word_1_14' title='bbox 2097 432 2143 488; x_wconf 74' lang='grc' dir='ltr'><strong>Α</strong></span> <span class='ocrx_word' id='word_1_15' title='bbox 2172 426 2275 480; x_wconf 88' lang='lat' dir='ltr'><strong>ctis</strong></span> <span class='ocrx_word' id='word_1_16' title='bbox 2307 441 2521 495; x_wconf 85' lang='lat' dir='ltr'><strong>quoque</strong></span> <span class='ocrx_word' id='word_1_17' title='bbox 2573 427 2767 494; x_wconf 80' lang='lat' dir='ltr'><strong>quibus</strong></span> <span class='ocrx_word' id='word_1_18' title='bbox 2797 427 2896 479; x_wconf 89' lang='lat' dir='ltr'><strong>hoc</strong></span> <span class='ocrx_word' id='word_1_19' title='bbox 2926 440 3104 480; x_wconf 81' lang='lat' dir='ltr'><strong>meum</strong></span> <span class='ocrx_word' id='word_1_20' title='bbox 3133 425 3273 478; x_wconf 78' lang='lat' dir='ltr'><strong>forte</strong></span> <span class='ocrx_word' id='word_1_21' title='bbox 3324 425 3561 480; x_wconf 74' lang='lat' dir='ltr'><strong>studium</strong></span> <span class='ocrx_word' id='word_1_22' title='bbox 3599 423 3738 482; x_wconf 76' lang='lat' dir='ltr'><strong>olim</strong></span> 
     </span>
    </p>
   </div>
   <div class='ocr_carea' id='block_1_5' title="bbox 491 518 2058 588">
    <p class='ocr_par' dir='ltr' id='par_1_5' title="bbox 491 518 2058 588">
     <span class='ocr_line' id='line_1_5' title="bbox 491 518 2058 588; baseline -0.003 -12"><span class='ocrx_word' id='word_1_23' title='bbox 491 523 768 586; x_wconf 76' lang='lat' dir='ltr'><strong>tuentium,</strong></span> <span class='ocrx_word' id='word_1_24' title='bbox 797 532 970 575; x_wconf 81' lang='lat' dir='ltr'><strong>vestra</strong></span> <span class='ocrx_word' id='word_1_25' title='bbox 997 537 1082 573; x_wconf 84' lang='lat' dir='ltr'><strong>me</strong></span> <span class='ocrx_word' id='word_1_26' title='bbox 1127 520 1301 588; x_wconf 85' lang='lat' dir='ltr'><strong>pietas</strong></span> <span class='ocrx_word' id='word_1_27' title='bbox 1343 520 1457 573; x_wconf 83' lang='lat' dir='ltr'><strong>suis</strong></span> <span class='ocrx_word' id='word_1_28' title='bbox 1498 519 1675 588; x_wconf 80' lang='lat' dir='ltr'><strong>dignis</strong></span> <span class='ocrx_word' id='word_1_29' title='bbox 1720 518 2058 572; x_wconf 84' lang='lat' dir='ltr'><strong>orationibus</strong></span> 
     </span>
    </p>
   </div>
   <div class='ocr_carea' id='block_1_6' title="bbox 493 607 2057 680">
    <p class='ocr_par' dir='ltr' id='par_1_6' title="bbox 493 607 2057 680">
     <span class='ocr_line' id='line_1_6' title="bbox 493 607 2057 680; baseline -0.004 -13"><span class='ocrx_word' id='word_1_30' title='bbox 493 612 870 667; x_wconf 84' lang='lat' dir='ltr'><strong>commendare</strong></span> <span class='ocrx_word' id='word_1_31' title='bbox 899 611 1163 680; x_wconf 77' lang='lat' dir='ltr'><strong>dignetur.</strong></span> <span class='ocrx_word' id='word_1_32' title='bbox 1195 610 1349 676; x_wconf 81' lang='lat' dir='ltr'><strong>Quod</strong></span> <span class='ocrx_word' id='word_1_33' title='bbox 1392 622 1522 664; x_wconf 72' lang='lat' dir='ltr'><strong>sane</strong></span> <span class='ocrx_word' id='word_1_34' title='bbox 1552 607 1818 664; x_wconf 81' lang='lat' dir='ltr'><strong>mercedis</strong></span> <span class='ocrx_word' id='word_1_35' title='bbox 1853 623 1883 661; x_wconf 88' lang='lat' dir='ltr'><strong>a</strong></span> <span class='ocrx_word' id='word_1_36' title='bbox 1922 623 2057 671; x_wconf 83' lang='lat' dir='ltr'><strong>cun-</strong></span> 
     </span>
    </p>
   </div>
   <div class='ocr_carea' id='block_1_7' title="bbox 2169 514 3352 585">
    <p class='ocr_par' dir='ltr' id='par_1_7' title="bbox 2169 514 3352 585">
     <span class='ocr_line' id='line_1_7' title="bbox 2169 514 3352 585; baseline -0.001 -17"><span class='ocrx_word' id='word_1_37' title='bbox 2169 515 2450 585; x_wconf 76' lang='lat' dir='ltr'><strong>profuerit,</strong></span> <span class='ocrx_word' id='word_1_38' title='bbox 2476 515 2662 568; x_wconf 80' lang='lat' dir='ltr'><strong>humili</strong></span> <span class='ocrx_word' id='word_1_39' title='bbox 2685 514 3070 585; x_wconf 85' lang='lat' dir='ltr'><strong>supplicatione</strong></span> <span class='ocrx_word' id='word_1_40' title='bbox 3101 515 3352 584; x_wconf 83' lang='lat' dir='ltr'><strong>deposco.</strong></span> 
     </span>
    </p>
   </div>
   <div class='ocr_carea' id='block_1_8' title="bbox 1726 735 2366 814">
    <p class='ocr_par' dir='ltr' id='par_1_8' title="bbox 1726 735 2366 814">
     <span class='ocr_line' id='line_1_8' title="bbox 1726 735 2366 814; baseline -0.008 -21"><span class='ocrx_word' id='word_1_41' title='bbox 1726 807 1733 814; x_wconf 18' lang='grc' dir='ltr'><em>κ</em></span> <span class='ocrx_word' id='word_1_42' title='bbox 1826 739 2053 810; x_wconf 68' lang='grc' dir='ltr'><strong>Ετριὶτῐι</strong></span> <span class='ocrx_word' id='word_1_43' title='bbox 2081 735 2366 806; x_wconf 64' lang='lat' dir='ltr'><strong>Prologus.</strong></span> 
     </span>
    </p>
   </div>
   <div class='ocr_carea' id='block_1_9' title="bbox 624 1136 1604 1205">
    <p class='ocr_par' dir='ltr' id='par_1_9' title="bbox 624 1136 1604 1205">
     <span class='ocr_line' id='line_1_9' title="bbox 624 1136 1604 1205; baseline -0.003 -15"><span class='ocrx_word' id='word_1_44' title='bbox 624 1137 768 1190; x_wconf 77' lang='lat' dir='ltr'><strong>Dixit</strong></span> <span class='ocrx_word' id='word_1_45' title='bbox 799 1136 935 1191; x_wconf 88' lang='lat' dir='ltr'><strong>Deus</strong></span> <span class='ocrx_word' id='word_1_46' title='bbox 963 1151 980 1189; x_wconf 91' lang='lat'><strong><em>:</em></strong></span> <span class='ocrx_word' id='word_1_47' title='bbox 1011 1137 1136 1191; x_wconf 85' lang='lat' dir='ltr'><strong>Fiat</strong></span> <span class='ocrx_word' id='word_1_48' title='bbox 1162 1139 1275 1201; x_wconf 76' lang='lat' dir='ltr'><strong>lux,</strong></span> <span class='ocrx_word' id='word_1_49' title='bbox 1305 1140 1389 1191; x_wconf 87' lang='lat' dir='ltr'><strong>die</strong></span> <span class='ocrx_word' id='word_1_50' title='bbox 1416 1137 1604 1205; x_wconf 87' lang='lat' dir='ltr'><strong>printa.</strong></span> 
     </span>
    </p>
   </div>
   <div class='ocr_carea' id='block_1_10' title="bbox 577 1410 1922 1483">
    <p class='ocr_par' dir='ltr' id='par_1_10' title="bbox 577 1410 1922 1483">
     <span class='ocr_line' id='line_1_10' title="bbox 577 1410 1922 1483; baseline -0.004 -16"><span class='ocrx_word' id='word_1_51' title='bbox 577 1455 589 1467; x_wconf 98' lang='lat'><strong>.</strong></span> <span class='ocrx_word' id='word_1_52' title='bbox 630 1413 780 1478; x_wconf 85' lang='lat' dir='ltr'><strong>Quod</strong></span> <span class='ocrx_word' id='word_1_53' title='bbox 805 1410 984 1481; x_wconf 76' lang='lat' dir='ltr'><strong>quinto</strong></span> <span class='ocrx_word' id='word_1_54' title='bbox 1013 1417 1096 1468; x_wconf 89' lang='lat' dir='ltr'><strong>die</strong></span> <span class='ocrx_word' id='word_1_55' title='bbox 1116 1410 1278 1483; x_wconf 73' lang='lat' dir='ltr'><strong>pisces</strong></span> <span class='ocrx_word' id='word_1_56' title='bbox 1304 1427 1350 1469; x_wconf 89' lang='lat' dir='ltr'><strong>et</strong></span> <span class='ocrx_word' id='word_1_57' title='bbox 1376 1415 1605 1468; x_wconf 79' lang='lat' dir='ltr'><strong>volucres</strong></span> <span class='ocrx_word' id='word_1_58' title='bbox 1635 1413 1736 1465; x_wconf 83' lang='lat' dir='ltr'><strong>sint</strong></span> <span class='ocrx_word' id='word_1_59' title='bbox 1761 1410 1922 1462; x_wconf 79' lang='lat' dir='ltr'><strong>creati</strong></span> 
     </span>
    </p>
   </div>
   <div class='ocr_carea' id='block_1_11' title="bbox 571 1483 1608 1546">
    <p class='ocr_par' dir='ltr' id='par_1_11' title="bbox 571 1483 1608 1546">
     <span class='ocr_line' id='line_1_11' title="bbox 571 1483 1608 1546; baseline -0.003 -11"><span class='ocrx_word' id='word_1_60' title='bbox 571 1521 586 1535; x_wconf 98' lang='lat'><strong>.</strong></span> <span class='ocrx_word' id='word_1_61' title='bbox 628 1483 779 1546; x_wconf 83' lang='lat' dir='ltr'><strong>Quod</strong></span> <span class='ocrx_word' id='word_1_62' title='bbox 810 1495 952 1537; x_wconf 73' lang='lat' dir='ltr'><strong>sexto</strong></span> <span class='ocrx_word' id='word_1_63' title='bbox 977 1485 1060 1538; x_wconf 88' lang='lat' dir='ltr'><strong>die</strong></span> <span class='ocrx_word' id='word_1_64' title='bbox 1088 1495 1290 1539; x_wconf 86' lang='lat' dir='ltr'><strong>creatus</strong></span> <span class='ocrx_word' id='word_1_65' title='bbox 1329 1495 1402 1538; x_wconf 88' lang='lat' dir='ltr'><strong>est</strong></span> <span class='ocrx_word' id='word_1_66' title='bbox 1435 1485 1608 1535; x_wconf 89' lang='lat' dir='ltr'><strong>homo.</strong></span> 
     </span>
    </p>
   </div>
   <div class='ocr_carea' id='block_1_12' title="bbox 529 1139 589 1745">
    <p class='ocr_par' dir='ltr' id='par_1_12' title="bbox 529 1139 589 1745">
     <span class='ocr_line' id='line_1_12' title="bbox 531 1139 583 1191; baseline -0.038 0"><span class='ocrx_word' id='word_1_67' title='bbox 531 1139 556 1191; x_wconf 86' lang='lat'><strong>1</strong></span> <span class='ocrx_word' id='word_1_68' title='bbox 571 1178 583 1189; x_wconf 94' lang='lat'><strong>.</strong></span> 
     </span>
     <span class='ocr_line' id='line_1_13' title="bbox 529 1209 582 1260; baseline -0.019 0"><span class='ocrx_word' id='word_1_69' title='bbox 529 1209 582 1260; x_wconf 73' lang='grc'><strong>2.</strong></span> 
     </span>
     <span class='ocr_line' id='line_1_14' title="bbox 529 1278 586 1330; baseline -0.018 0"><span class='ocrx_word' id='word_1_70' title='bbox 529 1278 586 1330; x_wconf 76' lang='grc'><strong>5.</strong></span> 
     </span>
     <span class='ocr_line' id='line_1_15' title="bbox 529 1345 589 1400; baseline -0.017 0"><span class='ocrx_word' id='word_1_71' title='bbox 529 1345 589 1400; x_wconf 71' lang='grc'><strong>4.</strong></span> 
     </span>
     <span class='ocr_line' id='line_1_16' title="bbox 536 1414 589 1469; baseline -0.038 0"><span class='ocrx_word' id='word_1_72' title='bbox 536 1414 589 1469; x_wconf 79' lang='grc'><strong>5.</strong></span> 
     </span>
     <span class='ocr_line' id='line_1_17' title="bbox 532 1488 586 1538; baseline -0.056 0"><span class='ocrx_word' id='word_1_73' title='bbox 532 1488 586 1538; x_wconf 83' lang='lat'><strong>6.</strong></span> 
     </span>
     <span class='ocr_line' id='line_1_18' title="bbox 535 1555 589 1606; baseline -0.037 0"><span class='ocrx_word' id='word_1_74' title='bbox 535 1555 589 1606; x_wconf 88' lang='lat'><strong>7.</strong></span> 
     </span>
     <span class='ocr_line' id='line_1_19' title="bbox 535 1623 589 1678; baseline -0.037 0"><span class='ocrx_word' id='word_1_75' title='bbox 535 1623 589 1678; x_wconf 82' lang='lat'><strong>8.</strong></span> 
     </span>
     <span class='ocr_line' id='line_1_20' title="bbox 537 1694 589 1745; baseline -0.019 0"><span class='ocrx_word' id='word_1_76' title='bbox 537 1694 589 1745; x_wconf 86' lang='lat'><strong>9.</strong></span> 
     </span>
    </p>
   </div>
   <div class='ocr_carea' id='block_1_13' title="bbox 2067 897 2355 908">
    <p class='ocr_par' dir='ltr' id='par_1_13' title="bbox 2067 897 2355 908">
     <span class='ocr_line' id='line_1_21' title="bbox 2067 897 2355 908; baseline -0.003 -1"><span class='ocrx_word' id='word_1_77' title='bbox 2067 897 2355 908; x_wconf 39' lang='grc' dir='ltr'><strong>...τὼν-...ρο</strong></span> 
     </span>
    </p>
   </div>
   <div class='ocr_carea' id='block_1_14' title="bbox 1325 1005 2904 1100">
    <p class='ocr_par' dir='ltr' id='par_1_14' title="bbox 1325 1005 2904 1100">
     <span class='ocr_line' id='line_1_22' title="bbox 1325 1005 2904 1100; baseline -0.012 -15"><span class='ocrx_word' id='word_1_78' title='bbox 1325 1026 1612 1100; x_wconf 77' lang='grc'><strong>77--78</strong></span> <span class='ocrx_word' id='word_1_79' title='bbox 1647 1021 1985 1078; x_wconf 72' lang='lat' dir='ltr'><strong>INCIPIUNT</strong></span> <span class='ocrx_word' id='word_1_80' title='bbox 2020 1005 2358 1074; x_wconf 67' lang='lat' dir='ltr'><strong>CAPlil‘ULA</strong></span> <span class='ocrx_word' id='word_1_81' title='bbox 2391 1015 2567 1071; x_wconf 80' lang='lat' dir='ltr'><strong>LIBRI</strong></span> <span class='ocrx_word' id='word_1_82' title='bbox 2599 1011 2904 1069; x_wconf 78' lang='lat' dir='ltr'><strong>GENESIS.</strong></span> 
     </span>
    </p>
   </div>
   <div class='ocr_carea' id='block_1_15' title="bbox 626 1202 2704 1276">
    <p class='ocr_par' dir='ltr' id='par_1_15' title="bbox 626 1202 2704 1276">
     <span class='ocr_line' id='line_1_23' title="bbox 626 1202 2704 1276; baseline -0.007 -15"><span class='ocrx_word' id='word_1_83' title='bbox 626 1206 777 1276; x_wconf 83' lang='lat' dir='ltr'><strong>Quod</strong></span> <span class='ocrx_word' id='word_1_84' title='bbox 804 1209 1032 1260; x_wconf 86' lang='lat' dir='ltr'><strong>secunda</strong></span> <span class='ocrx_word' id='word_1_85' title='bbox 1063 1209 1144 1260; x_wconf 88' lang='lat' dir='ltr'><strong>die</strong></span> <span class='ocrx_word' id='word_1_86' title='bbox 1173 1210 1291 1276; x_wconf 75' lang='lat' dir='ltr'><strong>fecit</strong></span> <span class='ocrx_word' id='word_1_87' title='bbox 1315 1202 1697 1276; x_wconf 82' lang='lat' dir='ltr'><strong>ﬁrmamentum</strong></span> <span class='ocrx_word' id='word_1_88' title='bbox 1726 1211 1778 1276; x_wconf 80' lang='lat' dir='ltr'><strong>et</strong></span> <span class='ocrx_word' id='word_1_89' title='bbox 1797 1202 2070 1276; x_wconf 77' lang='lat' dir='ltr'><strong>divisiones</strong></span> <span class='ocrx_word' id='word_1_90' title='bbox 2097 1211 2380 1265; x_wconf 79' lang='lat' dir='ltr'><strong>aquarum.</strong></span> <span class='ocrx_word' id='word_1_91' title='bbox 2583 1273 2593 1276; x_wconf 75' lang='lat'><em>_</em></span> <span class='ocrx_word' id='word_1_92' title='bbox 2693 1263 2704 1275; x_wconf 46' lang='lat'><strong>.</strong></span> 
     </span>
    </p>
   </div>
   <div class='ocr_carea' id='block_1_16' title="bbox 573 1263 2796 1347">
    <p class='ocr_par' dir='ltr' id='par_1_16' title="bbox 573 1263 2796 1347">
     <span class='ocr_line' id='line_1_24' title="bbox 573 1263 2796 1347; baseline -0.007 -18"><span class='ocrx_word' id='word_1_93' title='bbox 573 1315 586 1329; x_wconf 97' lang='lat'><strong>.</strong></span> <span class='ocrx_word' id='word_1_94' title='bbox 627 1263 1011 1347; x_wconf 62' lang='lat' dir='ltr'><strong>Congregentur</strong></span> <span class='ocrx_word' id='word_1_95' title='bbox 1032 1263 1184 1346; x_wconf 61' lang='lat' dir='ltr'><strong>aqua:</strong></span> <span class='ocrx_word' id='word_1_96' title='bbox 1204 1263 1325 1347; x_wconf 44' lang='lat' dir='ltr'><strong>quae.</strong></span> <span class='ocrx_word' id='word_1_97' title='bbox 1347 1275 1593 1347; x_wconf 78' lang='lat' dir='ltr'><strong>subcon</strong></span> <span class='ocrx_word' id='word_1_98' title='bbox 1616 1283 1732 1347; x_wconf 82' lang='lat' dir='ltr'><strong>sunt</strong></span> <span class='ocrx_word' id='word_1_99' title='bbox 1761 1274 1816 1347; x_wconf 78' lang='lat' dir='ltr'><strong>in</strong></span> <span class='ocrx_word' id='word_1_100' title='bbox 1845 1271 2018 1347; x_wconf 74' lang='lat' dir='ltr'><strong>locum</strong></span> <span class='ocrx_word' id='word_1_101' title='bbox 2041 1263 2226 1328; x_wconf 74' lang='lat' dir='ltr'><strong>unum.</strong></span> <span class='ocrx_word' id='word_1_102' title='bbox 2259 1276 2309 1347; x_wconf 72' lang='lat' dir='ltr'><strong>et</strong></span> <span class='ocrx_word' id='word_1_103' title='bbox 2343 1273 2594 1334; x_wconf 75' lang='lat' dir='ltr'><strong>appareat</strong></span> <span class='ocrx_word' id='word_1_104' title='bbox 2625 1263 2796 1318; x_wconf 82' lang='lat' dir='ltr'><strong>arida.</strong></span> 
     </span>
    </p>
   </div>
   <div class='ocr_carea' id='block_1_17' title="bbox 573 1335 2322 1415">
    <p class='ocr_par' dir='ltr' id='par_1_17' title="bbox 573 1335 2322 1415">
     <span class='ocr_line' id='line_1_25' title="bbox 573 1335 2322 1415; baseline -0.006 -16"><span class='ocrx_word' id='word_1_105' title='bbox 573 1383 589 1399; x_wconf 92' lang='lat'><strong>.</strong></span> <span class='ocrx_word' id='word_1_106' title='bbox 631 1335 781 1415; x_wconf 62' lang='lat' dir='ltr'><strong>Quod</strong></span> <span class='ocrx_word' id='word_1_107' title='bbox 807 1335 992 1413; x_wconf 52' lang='lat' dir='ltr'><strong>q&#39;uarto</strong></span> <span class='ocrx_word' id='word_1_108' title='bbox 1017 1335 1100 1398; x_wconf 77' lang='lat' dir='ltr'><strong>die</strong></span> <span class='ocrx_word' id='word_1_109' title='bbox 1125 1335 1264 1415; x_wconf 75' lang='lat' dir='ltr'><strong>facla</strong></span> <span class='ocrx_word' id='word_1_110' title='bbox 1295 1357 1412 1399; x_wconf 86' lang='lat' dir='ltr'><strong>sunt</strong></span> <span class='ocrx_word' id='word_1_111' title='bbox 1443 1345 1724 1415; x_wconf 76' lang='lat' dir='ltr'><strong>luminaria</strong></span> <span class='ocrx_word' id='word_1_112' title='bbox 1755 1341 1806 1393; x_wconf 86' lang='lat' dir='ltr'><strong>in</strong></span> <span class='ocrx_word' id='word_1_113' title='bbox 1828 1341 2155 1415; x_wconf 83' lang='lat' dir='ltr'><strong>ﬁrmamento</strong></span> <span class='ocrx_word' id='word_1_114' title='bbox 2182 1335 2322 1398; x_wconf 67' lang='lat' dir='ltr'><strong>cali.</strong></span> 
     </span>
    </p>
   </div>
   <div class='ocr_carea' id='block_1_18' title="bbox 577 1538 3324 1619">
    <p class='ocr_par' dir='ltr' id='par_1_18' title="bbox 577 1538 3324 1619">
     <span class='ocr_line' id='line_1_26' title="bbox 577 1538 3324 1619; baseline -0.005 -15"><span class='ocrx_word' id='word_1_115' title='bbox 577 1592 589 1604; x_wconf 94' lang='lat'><strong>.</strong></span> <span class='ocrx_word' id='word_1_116' title='bbox 632 1538 785 1616; x_wconf 55' lang='lat' dir='ltr'><strong>Quod</strong></span> <span class='ocrx_word' id='word_1_117' title='bbox 823 1551 1048 1606; x_wconf 86' lang='lat' dir='ltr'><strong>Sabbato</strong></span> <span class='ocrx_word' id='word_1_118' title='bbox 1081 1538 1353 1619; x_wconf 85' lang='lat' dir='ltr'><strong>Dominus,</strong></span> <span class='ocrx_word' id='word_1_119' title='bbox 1381 1549 1748 1606; x_wconf 79' lang='lat' dir='ltr'><strong>consummatis</strong></span> <span class='ocrx_word' id='word_1_120' title='bbox 1773 1546 2032 1619; x_wconf 70' lang='lat' dir='ltr'><strong>omnibus,</strong></span> <span class='ocrx_word' id='word_1_121' title='bbox 2056 1542 2322 1619; x_wconf 67' lang='lat' dir='ltr'><strong>requievit</strong></span> <span class='ocrx_word' id='word_1_122' title='bbox 2350 1551 2400 1596; x_wconf 89' lang='lat' dir='ltr'><strong>et</strong></span> <span class='ocrx_word' id='word_1_123' title='bbox 2422 1543 2691 1619; x_wconf 63' lang='lat' dir='ltr'><strong>hominem</strong></span> <span class='ocrx_word' id='word_1_124' title='bbox 2720 1539 3038 1619; x_wconf 71' lang='lat' dir='ltr'><strong>requiescere</strong></span> <span class='ocrx_word' id='word_1_125' title='bbox 3059 1538 3324 1619; x_wconf 74' lang='lat' dir='ltr'><strong>pra-cepit.</strong></span> 
     </span>
    </p>
   </div>
   <div class='ocr_carea' id='block_1_19' title="bbox 629 1612 3238 1684">
    <p class='ocr_par' dir='ltr' id='par_1_19' title="bbox 629 1612 3238 1684">
     <span class='ocr_line' id='line_1_27' title="bbox 629 1612 3238 1684; baseline -0.005 -13"><span class='ocrx_word' id='word_1_126' title='bbox 629 1612 851 1675; x_wconf 61' lang='lat' dir='ltr'><strong>Immisit</strong></span> <span class='ocrx_word' id='word_1_127' title='bbox 882 1623 1136 1676; x_wconf 81' lang='lat' dir='ltr'><strong>Dominus</strong></span> <span class='ocrx_word' id='word_1_128' title='bbox 1159 1612 1393 1679; x_wconf 75' lang='lat' dir='ltr'><strong>sonorem</strong></span> <span class='ocrx_word' id='word_1_129' title='bbox 1416 1625 1470 1674; x_wconf 89' lang='lat' dir='ltr'><strong>in</strong></span> <span class='ocrx_word' id='word_1_130' title='bbox 1496 1621 1700 1679; x_wconf 84' lang='lat' dir='ltr'><strong>A:lam;</strong></span> <span class='ocrx_word' id='word_1_131' title='bbox 1725 1632 1939 1684; x_wconf 86' lang='lat' dir='ltr'><strong>cumque</strong></span> <span class='ocrx_word' id='word_1_132' title='bbox 1967 1612 2331 1684; x_wconf 77' lang='lat' dir='ltr'><strong>obdormisset,</strong></span> <span class='ocrx_word' id='word_1_133' title='bbox 2355 1612 2471 1666; x_wconf 88' lang='lat' dir='ltr'><strong>tulit</strong></span> <span class='ocrx_word' id='word_1_134' title='bbox 2508 1627 2668 1666; x_wconf 88' lang='lat' dir='ltr'><strong>unam</strong></span> <span class='ocrx_word' id='word_1_135' title='bbox 2697 1613 2760 1684; x_wconf 79' lang='lat' dir='ltr'><strong>de</strong></span> <span class='ocrx_word' id='word_1_136' title='bbox 2787 1612 2942 1684; x_wconf 69' lang='lat' dir='ltr'><strong>costis</strong></span> <span class='ocrx_word' id='word_1_137' title='bbox 2969 1612 3105 1677; x_wconf 85' lang='lat' dir='ltr'><strong>ejus,</strong></span> <span class='ocrx_word' id='word_1_138' title='bbox 3137 1617 3238 1660; x_wconf 86' lang='lat' dir='ltr'><strong>etc.</strong></span> 
     </span>
    </p>
   </div>
   <div class='ocr_carea' id='block_1_20' title="bbox 576 1678 2967 1756">
    <p class='ocr_par' dir='ltr' id='par_1_20' title="bbox 576 1678 2967 1756">
     <span class='ocr_line' id='line_1_28' title="bbox 576 1678 2967 1756; baseline -0.006 -12"><span class='ocrx_word' id='word_1_139' title='bbox 576 1729 590 1744; x_wconf 94' lang='lat'><strong>.</strong></span> <span class='ocrx_word' id='word_1_140' title='bbox 635 1690 786 1754; x_wconf 84' lang='lat' dir='ltr'><strong>Quod</strong></span> <span class='ocrx_word' id='word_1_141' title='bbox 811 1691 1172 1746; x_wconf 87' lang='lat' dir='ltr'><strong>deambulante</strong></span> <span class='ocrx_word' id='word_1_142' title='bbox 1200 1678 1420 1745; x_wconf 89' lang='lat' dir='ltr'><strong>Domino</strong></span> <span class='ocrx_word' id='word_1_143' title='bbox 1450 1692 1502 1744; x_wconf 91' lang='lat' dir='ltr'><strong>in</strong></span> <span class='ocrx_word' id='word_1_144' title='bbox 1530 1688 1795 1756; x_wconf 75' lang='lat' dir='ltr'><strong>paradiso,</strong></span> <span class='ocrx_word' id='word_1_145' title='bbox 1816 1678 2016 1756; x_wconf 68' lang='lat' dir='ltr'><strong>Adam,</strong></span> <span class='ocrx_word' id='word_1_146' title='bbox 2054 1683 2180 1756; x_wconf 83' lang='lat' dir='ltr'><strong>quia</strong></span> <span class='ocrx_word' id='word_1_147' title='bbox 2209 1682 2380 1735; x_wconf 88' lang='lat' dir='ltr'><strong>nudus</strong></span> <span class='ocrx_word' id='word_1_148' title='bbox 2409 1691 2562 1756; x_wconf 73' lang='lat' dir='ltr'><strong>esset,</strong></span> <span class='ocrx_word' id='word_1_149' title='bbox 2592 1698 2648 1734; x_wconf 82' lang='lat' dir='ltr'><strong>se</strong></span> <span class='ocrx_word' id='word_1_150' title='bbox 2675 1678 2967 1756; x_wconf 78' lang='lat' dir='ltr'><strong>abscondit.</strong></span> 
     </span>
    </p>
   </div>
   <div class='ocr_carea' id='block_1_21' title="bbox 502 1749 2850 1828">
    <p class='ocr_par' dir='ltr' id='par_1_21' title="bbox 502 1749 2850 1828">
     <span class='ocr_line' id='line_1_29' title="bbox 502 1749 2850 1828; baseline -0.007 -12"><span class='ocrx_word' id='word_1_151' title='bbox 502 1762 590 1816; x_wconf 85' lang='lat'><strong>10.</strong></span> <span class='ocrx_word' id='word_1_152' title='bbox 634 1749 783 1822; x_wconf 61' lang='lat' dir='ltr'><strong>Quod</strong></span> <span class='ocrx_word' id='word_1_153' title='bbox 808 1762 872 1814; x_wconf 91' lang='lat' dir='ltr'><strong>de</strong></span> <span class='ocrx_word' id='word_1_154' title='bbox 896 1759 1027 1813; x_wconf 82' lang='lat' dir='ltr'><strong>Cain</strong></span> <span class='ocrx_word' id='word_1_155' title='bbox 1049 1762 1338 1828; x_wconf 87' lang='lat' dir='ltr'><strong>septuplum</strong></span> <span class='ocrx_word' id='word_1_156' title='bbox 1363 1759 1488 1813; x_wconf 86' lang='lat' dir='ltr'><strong>ultio</strong></span> <span class='ocrx_word' id='word_1_157' title='bbox 1520 1749 1852 1828; x_wconf 15' lang='lat' dir='ltr'><strong>dabiturgrde</strong></span> <span class='ocrx_word' id='word_1_158' title='bbox 1875 1749 2304 1828; x_wconf 63' lang='lat' dir='ltr'><strong>Lamechautem</strong></span> <span class='ocrx_word' id='word_1_159' title='bbox 2328 1753 2616 1819; x_wconf 81' lang='lat' dir='ltr'><strong>septuagies</strong></span> <span class='ocrx_word' id='word_1_160' title='bbox 2647 1749 2850 1828; x_wconf 80' lang='lat' dir='ltr'><strong>septies.</strong></span> 
     </span>
    </p>
   </div>
   <div class='ocr_carea' id='block_1_22' title="bbox 502 1821 2928 1897">
    <p class='ocr_par' dir='ltr' id='par_1_22' title="bbox 502 1821 2928 1897">
     <span class='ocr_line' id='line_1_30' title="bbox 502 1821 2928 1897; baseline -0.006 -13"><span class='ocrx_word' id='word_1_161' title='bbox 502 1831 590 1884; x_wconf 86' lang='lat'><strong>1|.</strong></span> <span class='ocrx_word' id='word_1_162' title='bbox 637 1821 744 1882; x_wconf 83' lang='lat' dir='ltr'><strong>Fac</strong></span> <span class='ocrx_word' id='word_1_163' title='bbox 773 1831 864 1882; x_wconf 90' lang='lat' dir='ltr'><strong>tibi</strong></span> <span class='ocrx_word' id='word_1_164' title='bbox 891 1846 1067 1882; x_wconf 79' lang='lat' dir='ltr'><strong>arcam</strong></span> <span class='ocrx_word' id='word_1_165' title='bbox 1095 1821 1158 1882; x_wconf 85' lang='lat' dir='ltr'><strong>de</strong></span> <span class='ocrx_word' id='word_1_166' title='bbox 1183 1821 1336 1897; x_wconf 81' lang='lat' dir='ltr'><strong>lignis</strong></span> <span class='ocrx_word' id='word_1_167' title='bbox 1363 1827 1634 1896; x_wconf 70' lang='lat' dir='ltr'><strong>ltevigutis,</strong></span> <span class='ocrx_word' id='word_1_168' title='bbox 1663 1836 1710 1878; x_wconf 89' lang='lat' dir='ltr'><strong>et</strong></span> <span class='ocrx_word' id='word_1_169' title='bbox 1735 1825 1982 1877; x_wconf 89' lang='lat' dir='ltr'><strong>bitumine</strong></span> <span class='ocrx_word' id='word_1_170' title='bbox 2011 1821 2491 1876; x_wconf 84' lang='lat' dir='ltr'><strong>liniesintrinsecus</strong></span> <span class='ocrx_word' id='word_1_171' title='bbox 2519 1829 2564 1872; x_wconf 93' lang='lat' dir='ltr'><strong>et</strong></span> <span class='ocrx_word' id='word_1_172' title='bbox 2587 1821 2928 1872; x_wconf 74' lang='lat' dir='ltr'><strong>extrinsecus.</strong></span> 
     </span>
    </p>
   </div>
   <div class='ocr_carea' id='block_1_23' title="bbox 503 1899 1378 1954">
    <p class='ocr_par' dir='ltr' id='par_1_23' title="bbox 503 1899 1378 1954">
     <span class='ocr_line' id='line_1_31' title="bbox 503 1899 1378 1954; baseline -0.006 0"><span class='ocrx_word' id='word_1_173' title='bbox 503 1900 592 1954; x_wconf 72' lang='lat'><strong>12.</strong></span> <span class='ocrx_word' id='word_1_174' title='bbox 637 1899 709 1950; x_wconf 85' lang='lat' dir='ltr'><strong>De</strong></span> <span class='ocrx_word' id='word_1_175' title='bbox 737 1915 978 1952; x_wconf 88' lang='lat' dir='ltr'><strong>mensura</strong></span> <span class='ocrx_word' id='word_1_176' title='bbox 1010 1915 1149 1950; x_wconf 78' lang='lat' dir='ltr'><strong>arca:</strong></span> <span class='ocrx_word' id='word_1_177' title='bbox 1178 1899 1378 1952; x_wconf 83' lang='lat' dir='ltr'><strong>diluvii.</strong></span> 
     </span>
    </p>
   </div>
   <div class='ocr_carea' id='block_1_24' title="bbox 502 1966 2719 2033">
    <p class='ocr_par' dir='ltr' id='par_1_24' title="bbox 502 1966 2719 2033">
     <span class='ocr_line' id='line_1_32' title="bbox 502 1966 2719 2033; baseline -0.006 -11"><span class='ocrx_word' id='word_1_178' title='bbox 502 1971 593 2022; x_wconf 76' lang='lat'><strong>15.</strong></span> <span class='ocrx_word' id='word_1_179' title='bbox 635 1967 942 2032; x_wconf 84' lang='lat' dir='ltr'><strong>Quindecim</strong></span> <span class='ocrx_word' id='word_1_180' title='bbox 969 1968 1152 2021; x_wconf 80' lang='lat' dir='ltr'><strong>cubitis</strong></span> <span class='ocrx_word' id='word_1_181' title='bbox 1183 1969 1340 2021; x_wconf 86' lang='lat' dir='ltr'><strong>altior</strong></span> <span class='ocrx_word' id='word_1_182' title='bbox 1365 1966 1464 2033; x_wconf 81' lang='lat' dir='ltr'><strong>fuit</strong></span> <span class='ocrx_word' id='word_1_183' title='bbox 1485 1980 1619 2032; x_wconf 86' lang='lat' dir='ltr'><strong>aqua</strong></span> <span class='ocrx_word' id='word_1_184' title='bbox 1650 1979 1804 2020; x_wconf 75' lang='lat' dir='ltr'><strong>simer</strong></span> <span class='ocrx_word' id='word_1_185' title='bbox 1825 1978 1999 2033; x_wconf 87' lang='lat' dir='ltr'><strong>omnes</strong></span> <span class='ocrx_word' id='word_1_186' title='bbox 2021 1970 2242 2033; x_wconf 79' lang='lat' dir='ltr'><strong>montes,</strong></span> <span class='ocrx_word' id='word_1_187' title='bbox 2270 1967 2719 2033; x_wconf 68' lang='lat' dir='ltr'><strong>quospperuerat.</strong></span> 
     </span>
    </p>
   </div>
   <div class='ocr_carea' id='block_1_25' title="bbox 503 2029 2411 2104">
    <p class='ocr_par' dir='ltr' id='par_1_25' title="bbox 503 2029 2411 2104">
     <span class='ocr_line' id='line_1_33' title="bbox 503 2029 2411 2104; baseline -0.006 -13"><span class='ocrx_word' id='word_1_188' title='bbox 503 2037 593 2092; x_wconf 68' lang='grc'><strong>1-1.</strong></span> <span class='ocrx_word' id='word_1_189' title='bbox 635 2029 786 2099; x_wconf 71' lang='grc' dir='ltr'><strong>ῥαοά</strong></span> <span class='ocrx_word' id='word_1_190' title='bbox 807 2037 1056 2089; x_wconf 84' lang='lat' dir='ltr'><strong>diluvium</strong></span> <span class='ocrx_word' id='word_1_191' title='bbox 1083 2048 1194 2096; x_wconf 86' lang='lat' dir='ltr'><strong>post</strong></span> <span class='ocrx_word' id='word_1_192' title='bbox 1217 2029 1420 2088; x_wconf 80' lang='lat' dir='ltr'><strong>centum</strong></span> <span class='ocrx_word' id='word_1_193' title='bbox 1442 2029 1815 2104; x_wconf 71' lang='lat' dir='ltr'><strong>quinquaginta</strong></span> <span class='ocrx_word' id='word_1_194' title='bbox 1838 2032 1948 2084; x_wconf 84' lang='lat' dir='ltr'><strong>dies</strong></span> <span class='ocrx_word' id='word_1_195' title='bbox 1963 2031 2121 2104; x_wconf 66' lang='lat' dir='ltr'><strong>coepi:</strong></span> <span class='ocrx_word' id='word_1_196' title='bbox 2152 2029 2411 2081; x_wconf 86' lang='lat' dir='ltr'><strong>imminui.</strong></span> 
     </span>
    </p>
   </div>
   <div class='ocr_carea' id='block_1_26' title="bbox 505 2095 2722 2174">
    <p class='ocr_par' dir='ltr' id='par_1_26' title="bbox 505 2095 2722 2174">
     <span class='ocr_line' id='line_1_34' title="bbox 505 2095 2722 2174; baseline -0.006 -15"><span class='ocrx_word' id='word_1_197' title='bbox 505 2106 592 2159; x_wconf 83' lang='lat'><strong>15.</strong></span> <span class='ocrx_word' id='word_1_198' title='bbox 634 2095 892 2174; x_wconf 64' lang='lat' dir='ltr'><strong>Requievit</strong></span> <span class='ocrx_word' id='word_1_199' title='bbox 917 2122 1039 2158; x_wconf 87' lang='lat' dir='ltr'><strong>arca</strong></span> <span class='ocrx_word' id='word_1_200' title='bbox 1062 2095 1232 2158; x_wconf 86' lang='lat' dir='ltr'><strong>mense</strong></span> <span class='ocrx_word' id='word_1_201' title='bbox 1256 2095 1488 2172; x_wconf 81' lang='lat' dir='ltr'><strong>septimo,</strong></span> <span class='ocrx_word' id='word_1_202' title='bbox 1504 2095 1785 2174; x_wconf 53' lang='lat' dir='ltr'><strong>_.\&#39;x&#39;v1t&#39;die</strong></span> <span class='ocrx_word' id='word_1_203' title='bbox 1811 2101 2022 2163; x_wconf 89' lang='lat' dir='ltr'><strong>mensis,</strong></span> <span class='ocrx_word' id='word_1_204' title='bbox 2045 2095 2200 2168; x_wconf 83' lang='lat' dir='ltr'><strong>super</strong></span> <span class='ocrx_word' id='word_1_205' title='bbox 2220 2107 2416 2150; x_wconf 85' lang='lat' dir='ltr'><strong>montes</strong></span> <span class='ocrx_word' id='word_1_206' title='bbox 2442 2095 2722 2149; x_wconf 80' lang='lat' dir='ltr'><strong>Armenite.</strong></span> 
     </span>
    </p>
   </div>
   <div class='ocr_carea' id='block_1_27' title="bbox 506 2172 1724 2229">
    <p class='ocr_par' dir='ltr' id='par_1_27' title="bbox 506 2172 1724 2229">
     <span class='ocr_line' id='line_1_35' title="bbox 506 2172 1724 2229; baseline -0.006 -1"><span class='ocrx_word' id='word_1_207' title='bbox 506 2176 592 2228; x_wconf 84' lang='lat'><strong>16.</strong></span> <span class='ocrx_word' id='word_1_208' title='bbox 630 2172 882 2229; x_wconf 33' lang='lat' dir='ltr'><strong>De‘corvo</strong></span> <span class='ocrx_word' id='word_1_209' title='bbox 904 2185 952 2227; x_wconf 89' lang='lat' dir='ltr'><strong>et</strong></span> <span class='ocrx_word' id='word_1_210' title='bbox 981 2175 1217 2227; x_wconf 87' lang='lat' dir='ltr'><strong>columba</strong></span> <span class='ocrx_word' id='word_1_211' title='bbox 1244 2190 1306 2227; x_wconf 76' lang='lat' dir='ltr'><strong>ex</strong></span> <span class='ocrx_word' id='word_1_212' title='bbox 1327 2189 1448 2225; x_wconf 89' lang='lat' dir='ltr'><strong>arca</strong></span> <span class='ocrx_word' id='word_1_213' title='bbox 1479 2172 1724 2224; x_wconf 83' lang='lat' dir='ltr'><strong>dimissis.</strong></span> 
     </span>
    </p>
   </div>
   <div class='ocr_carea' id='block_1_28' title="bbox 507 2234 2922 2312">
    <p class='ocr_par' dir='ltr' id='par_1_28' title="bbox 507 2234 2922 2312">
     <span class='ocr_line' id='line_1_36' title="bbox 507 2234 2922 2312; baseline -0.005 -16"><span class='ocrx_word' id='word_1_214' title='bbox 507 2245 597 2296; x_wconf 85' lang='lat'><strong>17.</strong></span> <span class='ocrx_word' id='word_1_215' title='bbox 641 2245 963 2312; x_wconf 71' lang='lat' dir='ltr'><strong>Exspectatis</strong></span> <span class='ocrx_word' id='word_1_216' title='bbox 990 2255 1160 2296; x_wconf 86' lang='lat' dir='ltr'><strong>autem</strong></span> <span class='ocrx_word' id='word_1_217' title='bbox 1187 2252 1376 2309; x_wconf 86' lang='lat' dir='ltr'><strong>septem</strong></span> <span class='ocrx_word' id='word_1_218' title='bbox 1397 2241 1573 2312; x_wconf 84' lang='lat' dir='ltr'><strong>diebus</strong></span> <span class='ocrx_word' id='word_1_219' title='bbox 1598 2240 1737 2302; x_wconf 89' lang='lat' dir='ltr'><strong>aliis,</strong></span> <span class='ocrx_word' id='word_1_220' title='bbox 1768 2253 1974 2312; x_wconf 73' lang='lat' dir='ltr'><strong>rursum</strong></span> <span class='ocrx_word' id='word_1_221' title='bbox 2005 2236 2201 2312; x_wconf 75' lang='lat' dir='ltr'><strong>dimisit</strong></span> <span class='ocrx_word' id='word_1_222' title='bbox 2233 2234 2348 2288; x_wconf 89' lang='lat' dir='ltr'><strong>Noe</strong></span> <span class='ocrx_word' id='word_1_223' title='bbox 2369 2235 2752 2312; x_wconf 40' lang='lat' dir='ltr'><strong>columbam-ea:</strong></span> <span class='ocrx_word' id='word_1_224' title='bbox 2779 2249 2922 2312; x_wconf 77' lang='lat' dir='ltr'><strong>arca.</strong></span> 
     </span>
    </p>
   </div>
   <div class='ocr_carea' id='block_1_29' title="bbox 507 2301 2907 2381">
    <p class='ocr_par' dir='ltr' id='par_1_29' title="bbox 507 2301 2907 2381">
     <span class='ocr_line' id='line_1_37' title="bbox 507 2301 2907 2381; baseline -0.006 -14"><span class='ocrx_word' id='word_1_225' title='bbox 507 2313 595 2367; x_wconf 78' lang='lat'><strong>18.</strong></span> <span class='ocrx_word' id='word_1_226' title='bbox 649 2301 845 2376; x_wconf 72' lang='lat' dir='ltr'><strong>Venite,</strong></span> <span class='ocrx_word' id='word_1_227' title='bbox 869 2315 1128 2381; x_wconf 82' lang='lat' dir='ltr'><strong>faciamus</strong></span> <span class='ocrx_word' id='word_1_228' title='bbox 1171 2301 1314 2381; x_wconf 71' lang='lat' dir='ltr'><strong>nobis</strong></span> <span class='ocrx_word' id='word_1_229' title='bbox 1339 2311 1615 2381; x_wconf 80' lang='lat' dir='ltr'><strong>civitatem,</strong></span> <span class='ocrx_word' id='word_1_230' title='bbox 1641 2319 1687 2361; x_wconf 89' lang='lat' dir='ltr'><strong>et</strong></span> <span class='ocrx_word' id='word_1_231' title='bbox 1715 2301 1900 2381; x_wconf 54' lang='lat' dir='ltr'><strong>turrim</strong></span> <span class='ocrx_word' id='word_1_232' title='bbox 1929 2306 2080 2381; x_wconf 77' lang='lat' dir='ltr'><strong>cujus</strong></span> <span class='ocrx_word' id='word_1_233' title='bbox 2102 2304 2305 2358; x_wconf 88' lang='lat' dir='ltr'><strong>culmen</strong></span> <span class='ocrx_word' id='word_1_234' title='bbox 2327 2303 2681 2381; x_wconf 82' lang='lat' dir='ltr'><strong>pertinga.’_ad</strong></span> <span class='ocrx_word' id='word_1_235' title='bbox 2704 2301 2907 2355; x_wconf 73' lang='lat' dir='ltr'><strong>etclam.</strong></span> 
     </span>
    </p>
   </div>
   <div class='ocr_carea' id='block_1_30' title="bbox 509 2371 3747 2451">
    <p class='ocr_par' dir='ltr' id='par_1_30' title="bbox 509 2371 3747 2451">
     <span class='ocr_line' id='line_1_38' title="bbox 509 2371 3747 2451; baseline -0.003 -17"><span class='ocrx_word' id='word_1_236' title='bbox 509 2381 594 2436; x_wconf 90' lang='lat'><strong>19.</strong></span> <span class='ocrx_word' id='word_1_237' title='bbox 633 2381 710 2434; x_wconf 86' lang='lat' dir='ltr'><strong>De</strong></span> <span class='ocrx_word' id='word_1_238' title='bbox 735 2371 959 2451; x_wconf 72' lang='lat' dir='ltr'><strong>quinque</strong></span> <span class='ocrx_word' id='word_1_239' title='bbox 983 2382 1203 2448; x_wconf 81' lang='lat' dir='ltr'><strong>regibus,</strong></span> <span class='ocrx_word' id='word_1_240' title='bbox 1231 2378 1475 2434; x_wconf 78' lang='lat' dir='ltr'><strong>Sodoma:</strong></span> <span class='ocrx_word' id='word_1_241' title='bbox 1503 2379 1694 2431; x_wconf 84' lang='lat' dir='ltr'><strong>scilicet</strong></span> <span class='ocrx_word' id='word_1_242' title='bbox 1718 2385 1763 2429; x_wconf 87' lang='lat' dir='ltr'><strong>et</strong></span> <span class='ocrx_word' id='word_1_243' title='bbox 1783 2371 2088 2428; x_wconf 74' lang='lat' dir='ltr'><strong>Gomorrhce</strong></span> <span class='ocrx_word' id='word_1_244' title='bbox 2116 2383 2164 2428; x_wconf 89' lang='lat' dir='ltr'><strong>et</strong></span> <span class='ocrx_word' id='word_1_245' title='bbox 2192 2371 2885 2428; x_wconf 30' lang='lat' dir='ltr'><strong>cwterarum‘subversaram</strong></span> <span class='ocrx_word' id='word_1_246' title='bbox 2925 2372 3152 2435; x_wconf 90' lang='lat' dir='ltr'><strong>urbium,</strong></span> <span class='ocrx_word' id='word_1_247' title='bbox 3175 2371 3265 2440; x_wconf 81' lang='lat' dir='ltr'><strong>qui</strong></span> <span class='ocrx_word' id='word_1_248' title='bbox 3299 2387 3329 2423; x_wconf 91' lang='lat' dir='ltr'><strong>a</strong></span> <span class='ocrx_word' id='word_1_249' title='bbox 3359 2379 3585 2439; x_wconf 77' lang='lat' dir='ltr'><strong>quatuor</strong></span> <span class='ocrx_word' id='word_1_250' title='bbox 3628 2384 3747 2425; x_wconf 81' lang='lat' dir='ltr'><strong>sunt</strong></span> 
     </span>
    </p>
   </div>
   <div class='ocr_carea' id='block_1_31' title="bbox 686 2451 1162 2518">
    <p class='ocr_par' dir='ltr' id='par_1_31' title="bbox 686 2451 1162 2518">
     <span class='ocr_line' id='line_1_39' title="bbox 686 2451 1162 2518; baseline 0 -16"><span class='ocrx_word' id='word_1_251' title='bbox 686 2451 888 2518; x_wconf 83' lang='lat' dir='ltr'><strong>regibus</strong></span> <span class='ocrx_word' id='word_1_252' title='bbox 911 2451 1162 2515; x_wconf 83' lang='lat' dir='ltr'><strong>superati.</strong></span> 
     </span>
    </p>
   </div>
   <div class='ocr_carea' id='block_1_32' title="bbox 506 2509 3536 2584">
    <p class='ocr_par' dir='ltr' id='par_1_32' title="bbox 506 2509 3536 2584">
     <span class='ocr_line' id='line_1_40' title="bbox 506 2509 3536 2584; baseline -0.004 -12"><span class='ocrx_word' id='word_1_253' title='bbox 506 2517 598 2572; x_wconf 73' lang='lat'><strong>20.</strong></span> <span class='ocrx_word' id='word_1_254' title='bbox 644 2509 794 2584; x_wconf 73' lang='lat' dir='ltr'><strong>Quod</strong></span> <span class='ocrx_word' id='word_1_255' title='bbox 827 2509 1110 2582; x_wconf 75' lang='lat' dir='ltr'><strong>Abraham,</strong></span> <span class='ocrx_word' id='word_1_256' title='bbox 1136 2533 1250 2570; x_wconf 86' lang='lat' dir='ltr'><strong>cum</strong></span> <span class='ocrx_word' id='word_1_257' title='bbox 1287 2517 1508 2569; x_wconf 88' lang='lat' dir='ltr'><strong>Domino</strong></span> <span class='ocrx_word' id='word_1_258' title='bbox 1534 2515 1852 2580; x_wconf 77' lang='lat' dir='ltr'><strong>sacriﬁcium</strong></span> <span class='ocrx_word' id='word_1_259' title='bbox 1882 2513 2114 2584; x_wconf 65' lang='lat' dir='ltr'><strong>oﬂ&#39;erret,</strong></span> <span class='ocrx_word' id='word_1_260' title='bbox 2139 2525 2335 2584; x_wconf 82' lang='lat' dir='ltr'><strong>pecora</strong></span> <span class='ocrx_word' id='word_1_261' title='bbox 2359 2527 2452 2584; x_wconf 75' lang='lat' dir='ltr'><strong>per</strong></span> <span class='ocrx_word' id='word_1_262' title='bbox 2471 2511 2696 2565; x_wconf 88' lang='lat' dir='ltr'><strong>medium</strong></span> <span class='ocrx_word' id='word_1_263' title='bbox 2720 2510 2917 2573; x_wconf 82' lang='lat' dir='ltr'><strong>divisit,</strong></span> <span class='ocrx_word' id='word_1_264' title='bbox 2940 2527 3056 2564; x_wconf 88' lang='lat' dir='ltr'><strong>aves</strong></span> <span class='ocrx_word' id='word_1_265' title='bbox 3079 2526 3192 2564; x_wconf 83' lang='lat' dir='ltr'><strong>vero</strong></span> <span class='ocrx_word' id='word_1_266' title='bbox 3216 2526 3318 2563; x_wconf 89' lang='lat' dir='ltr'><strong>non</strong></span> <span class='ocrx_word' id='word_1_267' title='bbox 3347 2509 3536 2564; x_wconf 86' lang='lat' dir='ltr'><strong>divisit.</strong></span> 
     </span>
    </p>
   </div>
   <div class='ocr_carea' id='block_1_33' title="bbox 509 2579 2540 2654">
    <p class='ocr_par' dir='ltr' id='par_1_33' title="bbox 509 2579 2540 2654">
     <span class='ocr_line' id='line_1_41' title="bbox 509 2579 2540 2654; baseline -0.004 -14"><span class='ocrx_word' id='word_1_268' title='bbox 509 2587 600 2641; x_wconf 76' lang='grc'><strong>21.</strong></span> <span class='ocrx_word' id='word_1_269' title='bbox 644 2579 795 2653; x_wconf 55' lang='lat' dir='ltr'><strong>Quod</strong></span> <span class='ocrx_word' id='word_1_270' title='bbox 825 2579 1347 2640; x_wconf 17' lang='lat' dir='ltr'><strong>Abrahamvvolucres</strong></span> <span class='ocrx_word' id='word_1_271' title='bbox 1367 2602 1522 2654; x_wconf 85' lang='lat' dir='ltr'><strong>super</strong></span> <span class='ocrx_word' id='word_1_272' title='bbox 1549 2579 1865 2652; x_wconf 80' lang='lat' dir='ltr'><strong>sacriﬁcium</strong></span> <span class='ocrx_word' id='word_1_273' title='bbox 1896 2579 2260 2654; x_wconf 74' lang='lat' dir='ltr'><strong>descendentes</strong></span> <span class='ocrx_word' id='word_1_274' title='bbox 2283 2579 2540 2654; x_wconf 82' lang='lat' dir='ltr'><strong>abigebat.</strong></span> 
     </span>
    </p>
   </div>
   <div class='ocr_carea' id='block_1_34' title="bbox 507 2649 3520 2725">
    <p class='ocr_par' dir='ltr' id='par_1_34' title="bbox 507 2649 3520 2725">
     <span class='ocr_line' id='line_1_42' title="bbox 507 2649 3520 2725; baseline -0.003 -19"><span class='ocrx_word' id='word_1_275' title='bbox 507 2656 597 2709; x_wconf 60' lang='grc' dir='ltr'><strong>Ἡ.</strong></span> <span class='ocrx_word' id='word_1_276' title='bbox 641 2649 869 2725; x_wconf 81' lang='lat' dir='ltr'><strong>Cumque</strong></span> <span class='ocrx_word' id='word_1_277' title='bbox 894 2656 972 2710; x_wconf 86' lang='lat' dir='ltr'><strong>sol</strong></span> <span class='ocrx_word' id='word_1_278' title='bbox 998 2653 1340 2719; x_wconf 88' lang='lat' dir='ltr'><strong>occumberet,</strong></span> <span class='ocrx_word' id='word_1_279' title='bbox 1371 2649 1522 2722; x_wconf 77' lang='lat' dir='ltr'><strong>sopor</strong></span> <span class='ocrx_word' id='word_1_280' title='bbox 1548 2649 1733 2725; x_wconf 79' lang='lat' dir='ltr'><strong>irrupit</strong></span> <span class='ocrx_word' id='word_1_281' title='bbox 1757 2667 1910 2713; x_wconf 84' lang='lat' dir='ltr'><strong>super</strong></span> <span class='ocrx_word' id='word_1_282' title='bbox 1932 2649 2215 2725; x_wconf 72' lang='lat' dir='ltr'><strong>Abraham,</strong></span> <span class='ocrx_word' id='word_1_283' title='bbox 2248 2659 2294 2725; x_wconf 80' lang='lat' dir='ltr'><strong>et</strong></span> <span class='ocrx_word' id='word_1_284' title='bbox 2315 2649 2502 2702; x_wconf 79' lang='lat' dir='ltr'><strong>horror</strong></span> <span class='ocrx_word' id='word_1_285' title='bbox 2531 2663 2748 2719; x_wconf 84' lang='lat' dir='ltr'><strong>magnus</strong></span> <span class='ocrx_word' id='word_1_286' title='bbox 2778 2658 2826 2702; x_wconf 90' lang='lat' dir='ltr'><strong>et</strong></span> <span class='ocrx_word' id='word_1_287' title='bbox 2853 2649 3150 2725; x_wconf 73' lang='lat' dir='ltr'><strong>tenebrosus</strong></span> <span class='ocrx_word' id='word_1_288' title='bbox 3175 2649 3362 2702; x_wconf 86' lang='lat' dir='ltr'><strong>invasit</strong></span> <span class='ocrx_word' id='word_1_289' title='bbox 3385 2665 3520 2701; x_wconf 89' lang='lat' dir='ltr'><strong>eum.</strong></span> 
     </span>
    </p>
   </div>
   <div class='ocr_carea' id='block_1_35' title="bbox 506 2716 3748 2791">
    <p class='ocr_par' dir='ltr' id='par_1_35' title="bbox 506 2716 3748 2791">
     <span class='ocr_line' id='line_1_43' title="bbox 506 2716 3748 2791; baseline -0.003 -13"><span class='ocrx_word' id='word_1_290' title='bbox 506 2725 598 2779; x_wconf 69' lang='lat'><strong>23.</strong></span> <span class='ocrx_word' id='word_1_291' title='bbox 637 2716 980 2790; x_wconf 75' lang='lat' dir='ltr'><strong>Descendunt,</strong></span> <span class='ocrx_word' id='word_1_292' title='bbox 1021 2735 1066 2777; x_wconf 90' lang='lat' dir='ltr'><strong>et</strong></span> <span class='ocrx_word' id='word_1_293' title='bbox 1117 2725 1291 2779; x_wconf 80' lang='lat' dir='ltr'><strong>videbo</strong></span> <span class='ocrx_word' id='word_1_294' title='bbox 1326 2716 1511 2777; x_wconf 80' lang='lat' dir='ltr'><strong>utrum</strong></span> <span class='ocrx_word' id='word_1_295' title='bbox 1548 2716 1855 2784; x_wconf 81' lang='lat' dir='ltr'><strong>clamorem,</strong></span> <span class='ocrx_word' id='word_1_296' title='bbox 1892 2722 1982 2791; x_wconf 86' lang='lat' dir='ltr'><strong>qui</strong></span> <span class='ocrx_word' id='word_1_297' title='bbox 2028 2722 2165 2776; x_wconf 83' lang='lat' dir='ltr'><strong>venit</strong></span> <span class='ocrx_word' id='word_1_298' title='bbox 2214 2721 2281 2772; x_wconf 67' lang='lat' dir='ltr'><strong>aet</strong></span> <span class='ocrx_word' id='word_1_299' title='bbox 2332 2734 2414 2772; x_wconf 86' lang='lat' dir='ltr'><strong>me</strong></span> <span class='ocrx_word' id='word_1_300' title='bbox 2441 2759 2455 2783; x_wconf 95' lang='lat'><strong>,</strong></span> <span class='ocrx_word' id='word_1_301' title='bbox 2498 2716 2648 2787; x_wconf 82' lang='lat' dir='ltr'><strong>opere</strong></span> <span class='ocrx_word' id='word_1_302' title='bbox 2702 2716 3060 2786; x_wconf 80' lang='lat' dir='ltr'><strong>compleverint</strong></span> <span class='ocrx_word' id='word_1_303' title='bbox 3091 2759 3105 2781; x_wconf 91' lang='lat'><strong>,</strong></span> <span class='ocrx_word' id='word_1_304' title='bbox 3149 2734 3217 2771; x_wconf 91' lang='lat' dir='ltr'><strong>an</strong></span> <span class='ocrx_word' id='word_1_305' title='bbox 3254 2733 3356 2770; x_wconf 86' lang='lat' dir='ltr'><strong>non</strong></span> <span class='ocrx_word' id='word_1_306' title='bbox 3402 2728 3475 2770; x_wconf 88' lang='lat' dir='ltr'><strong>est</strong></span> <span class='ocrx_word' id='word_1_307' title='bbox 3523 2718 3597 2770; x_wconf 86' lang='lat' dir='ltr'><strong>ita</strong></span> <span class='ocrx_word' id='word_1_308' title='bbox 3626 2758 3639 2778; x_wconf 87' lang='lat'><strong>,</strong></span> <span class='ocrx_word' id='word_1_309' title='bbox 3694 2729 3748 2768; x_wconf 81' lang='lat' dir='ltr'><strong>ut</strong></span> 
     </span>
    </p>
   </div>
   <div class='ocr_carea' id='block_1_36' title="bbox 685 2797 867 2848">
    <p class='ocr_par' dir='ltr' id='par_1_36' title="bbox 685 2797 867 2848">
     <span class='ocr_line' id='line_1_44' title="bbox 685 2797 867 2848; baseline -0.011 0"><span class='ocrx_word' id='word_1_310' title='bbox 685 2797 867 2848; x_wconf 88' lang='lat' dir='ltr'><strong>sciam.</strong></span> 
     </span>
    </p>
   </div>
   <div class='ocr_carea' id='block_1_37' title="bbox 511 2839 3298 2931">
    <p class='ocr_par' dir='ltr' id='par_1_37' title="bbox 511 2839 3298 2931">
     <span class='ocr_line' id='line_1_45' title="bbox 511 2839 3298 2931; baseline -0.003 -14"><span class='ocrx_word' id='word_1_311' title='bbox 511 2864 603 2918; x_wconf 67' lang='grc'><strong>21.</strong></span> <span class='ocrx_word' id='word_1_312' title='bbox 646 2839 1130 2926; x_wconf 43' lang='lat' dir='ltr'><strong>Quodugodomitte,</strong></span> <span class='ocrx_word' id='word_1_313' title='bbox 1161 2863 1286 2917; x_wconf 87' lang='lat' dir='ltr'><strong>dum</strong></span> <span class='ocrx_word' id='word_1_314' title='bbox 1313 2874 1630 2917; x_wconf 88' lang='lat' dir='ltr'><strong>conarentur</strong></span> <span class='ocrx_word' id='word_1_315' title='bbox 1647 2862 1717 2914; x_wconf 88' lang='lat' dir='ltr'><strong>ad</strong></span> <span class='ocrx_word' id='word_1_316' title='bbox 1745 2858 1956 2929; x_wconf 85' lang='lat' dir='ltr'><strong>angelos</strong></span> <span class='ocrx_word' id='word_1_317' title='bbox 1975 2859 2229 2931; x_wconf 79' lang='lat' dir='ltr'><strong>violenter</strong></span> <span class='ocrx_word' id='word_1_318' title='bbox 2254 2860 2561 2931; x_wconf 79' lang='lat' dir='ltr'><strong>irrumpere,</strong></span> <span class='ocrx_word' id='word_1_319' title='bbox 2593 2857 2825 2913; x_wconf 69' lang='lat' dir='ltr'><strong>cmcitate</strong></span> <span class='ocrx_word' id='word_1_320' title='bbox 2851 2872 3080 2931; x_wconf 80' lang='lat' dir='ltr'><strong>percussi</strong></span> <span class='ocrx_word' id='word_1_321' title='bbox 3101 2866 3241 2911; x_wconf 86' lang='lat' dir='ltr'><strong>sunt.</strong></span> <span class='ocrx_word' id='word_1_322' title='bbox 3295 2839 3298 2843; x_wconf 47' lang='grc'><strong>’</strong></span> 
     </span>
    </p>
   </div>
   <div class='ocr_carea' id='block_1_38' title="bbox 510 2928 2422 3000">
    <p class='ocr_par' dir='ltr' id='par_1_38' title="bbox 510 2928 2422 3000">
     <span class='ocr_line' id='line_1_46' title="bbox 510 2928 2422 3000; baseline -0.004 -14"><span class='ocrx_word' id='word_1_323' title='bbox 510 2933 602 2986; x_wconf 72' lang='lat'><strong>25.</strong></span> <span class='ocrx_word' id='word_1_324' title='bbox 646 2932 797 2996; x_wconf 85' lang='lat' dir='ltr'><strong>Quod</strong></span> <span class='ocrx_word' id='word_1_325' title='bbox 821 2932 1084 2985; x_wconf 79' lang='lat' dir='ltr'><strong>Abraham</strong></span> <span class='ocrx_word' id='word_1_326' title='bbox 1113 2935 1324 2986; x_wconf 88' lang='lat' dir='ltr'><strong>unicum</strong></span> <span class='ocrx_word' id='word_1_327' title='bbox 1352 2933 1448 2986; x_wconf 85' lang='lat' dir='ltr'><strong>sibi</strong></span> <span class='ocrx_word' id='word_1_328' title='bbox 1479 2933 1648 3000; x_wconf 83' lang='lat' dir='ltr'><strong>filium</strong></span> <span class='ocrx_word' id='word_1_329' title='bbox 1668 2928 2070 3000; x_wconf 77' lang='lat' dir='ltr'><strong>sacriﬁcandum</strong></span> <span class='ocrx_word' id='word_1_330' title='bbox 2102 2928 2209 2981; x_wconf 87' lang='lat' dir='ltr'><strong>Deo</strong></span> <span class='ocrx_word' id='word_1_331' title='bbox 2236 2928 2422 2980; x_wconf 84' lang='lat' dir='ltr'><strong>obtulit</strong></span> 
     </span>
    </p>
   </div>
   <div class='ocr_carea' id='block_1_39' title="bbox 509 3001 1707 3064">
    <p class='ocr_par' dir='ltr' id='par_1_39' title="bbox 509 3001 1707 3064">
     <span class='ocr_line' id='line_1_47' title="bbox 509 3001 1707 3064; baseline 0 -10"><span class='ocrx_word' id='word_1_332' title='bbox 509 3004 597 3054; x_wconf 63' lang='lat'><strong>‘26.</strong></span> <span class='ocrx_word' id='word_1_333' title='bbox 641 3003 717 3054; x_wconf 85' lang='lat' dir='ltr'><strong>De</strong></span> <span class='ocrx_word' id='word_1_334' title='bbox 746 3001 836 3054; x_wconf 89' lang='lat' dir='ltr'><strong>Lia</strong></span> <span class='ocrx_word' id='word_1_335' title='bbox 859 3012 905 3054; x_wconf 88' lang='lat' dir='ltr'><strong>ct</strong></span> <span class='ocrx_word' id='word_1_336' title='bbox 934 3001 1143 3064; x_wconf 81' lang='lat' dir='ltr'><strong>Rachel,</strong></span> <span class='ocrx_word' id='word_1_337' title='bbox 1169 3002 1414 3055; x_wconf 71' lang='lat' dir='ltr'><strong>uxoribus</strong></span> <span class='ocrx_word' id='word_1_338' title='bbox 1440 3001 1623 3055; x_wconf 83' lang='lat' dir='ltr'><strong>Jacob.</strong></span> <span class='ocrx_word' id='word_1_339' title='bbox 1699 3021 1707 3026; x_wconf 74' lang='grc'><strong>-</strong></span> 
     </span>
    </p>
   </div>
   <div class='ocr_carea' id='block_1_40' title="bbox 510 3068 1418 3139">
    <p class='ocr_par' dir='ltr' id='par_1_40' title="bbox 510 3068 1418 3139">
     <span class='ocr_line' id='line_1_48' title="bbox 510 3068 1418 3139; baseline -0.001 -15"><span class='ocrx_word' id='word_1_340' title='bbox 510 3071 602 3124; x_wconf 76' lang='lat'><strong>9.7.</strong></span> <span class='ocrx_word' id='word_1_341' title='bbox 645 3071 718 3122; x_wconf 88' lang='lat' dir='ltr'><strong>De</strong></span> <span class='ocrx_word' id='word_1_342' title='bbox 744 3070 877 3123; x_wconf 89' lang='lat' dir='ltr'><strong>Bala</strong></span> <span class='ocrx_word' id='word_1_343' title='bbox 902 3080 951 3123; x_wconf 88' lang='lat' dir='ltr'><strong>et</strong></span> <span class='ocrx_word' id='word_1_344' title='bbox 972 3068 1168 3139; x_wconf 85' lang='lat' dir='ltr'><strong>Zelpha</strong></span> <span class='ocrx_word' id='word_1_345' title='bbox 1192 3071 1418 3124; x_wconf 83' lang='lat' dir='ltr'><strong>ancillis.</strong></span> 
     </span>
    </p>
   </div>
   <div class='ocr_carea' id='block_1_41' title="bbox 511 3134 3018 3206">
    <p class='ocr_par' dir='ltr' id='par_1_41' title="bbox 511 3134 3018 3206">
     <span class='ocr_line' id='line_1_49' title="bbox 511 3134 3018 3206; baseline -0.001 -15"><span class='ocrx_word' id='word_1_346' title='bbox 511 3141 600 3193; x_wconf 67' lang='lat'><strong>&#39;28.</strong></span> <span class='ocrx_word' id='word_1_347' title='bbox 641 3139 795 3202; x_wconf 81' lang='lat' dir='ltr'><strong>Quod</strong></span> <span class='ocrx_word' id='word_1_348' title='bbox 825 3138 1022 3192; x_wconf 80' lang='lat' dir='ltr'><strong>Rachel</strong></span> <span class='ocrx_word' id='word_1_349' title='bbox 1046 3134 1229 3194; x_wconf 83' lang='lat' dir='ltr'><strong>nomen</strong></span> <span class='ocrx_word' id='word_1_350' title='bbox 1256 3140 1351 3206; x_wconf 82' lang='lat' dir='ltr'><strong>ﬁlii</strong></span> <span class='ocrx_word' id='word_1_351' title='bbox 1376 3140 1457 3193; x_wconf 90' lang='lat' dir='ltr'><strong>sui</strong></span> <span class='ocrx_word' id='word_1_352' title='bbox 1484 3138 1680 3192; x_wconf 86' lang='lat' dir='ltr'><strong>Benoni</strong></span> <span class='ocrx_word' id='word_1_353' title='bbox 1709 3139 1935 3201; x_wconf 86' lang='lat' dir='ltr'><strong>vocavit;</strong></span> <span class='ocrx_word' id='word_1_354' title='bbox 1962 3148 2110 3202; x_wconf 85' lang='lat' dir='ltr'><strong>pater</strong></span> <span class='ocrx_word' id='word_1_355' title='bbox 2130 3153 2248 3191; x_wconf 92' lang='lat' dir='ltr'><strong>vero</strong></span> <span class='ocrx_word' id='word_1_356' title='bbox 2275 3135 2552 3205; x_wconf 86' lang='lat' dir='ltr'><strong>appellavit</strong></span> <span class='ocrx_word' id='word_1_357' title='bbox 2581 3153 2698 3191; x_wconf 88' lang='lat' dir='ltr'><strong>eum</strong></span> <span class='ocrx_word' id='word_1_358' title='bbox 2721 3134 3018 3206; x_wconf 65' lang='lat' dir='ltr'><strong>Beniamin.</strong></span> 
     </span>
    </p>
   </div>
   <div class='ocr_carea' id='block_1_42' title="bbox 517 3203 3310 3278">
    <p class='ocr_par' dir='ltr' id='par_1_42' title="bbox 517 3203 3310 3278">
     <span class='ocr_line' id='line_1_50' title="bbox 517 3203 3310 3278; baseline -0.001 -18"><span class='ocrx_word' id='word_1_359' title='bbox 517 3209 608 3261; x_wconf 73' lang='lat'><strong>9.9.</strong></span> <span class='ocrx_word' id='word_1_360' title='bbox 650 3209 759 3278; x_wconf 60' lang='grc' dir='ltr'><strong>(διε</strong></span> <span class='ocrx_word' id='word_1_361' title='bbox 783 3219 855 3261; x_wconf 87' lang='lat' dir='ltr'><strong>est</strong></span> <span class='ocrx_word' id='word_1_362' title='bbox 879 3209 1015 3278; x_wconf 82' lang='lat' dir='ltr'><strong>Ana,</strong></span> <span class='ocrx_word' id='word_1_363' title='bbox 1041 3211 1129 3278; x_wconf 84' lang='lat' dir='ltr'><strong>qui</strong></span> <span class='ocrx_word' id='word_1_364' title='bbox 1159 3203 1351 3262; x_wconf 79' lang='lat' dir='ltr'><strong>invenit</strong></span> <span class='ocrx_word' id='word_1_365' title='bbox 1371 3226 1534 3278; x_wconf 87' lang='lat' dir='ltr'><strong>aquas</strong></span> <span class='ocrx_word' id='word_1_366' title='bbox 1563 3209 1761 3262; x_wconf 80' lang='lat' dir='ltr'><strong>calidas</strong></span> <span class='ocrx_word' id='word_1_367' title='bbox 1782 3208 1837 3260; x_wconf 86' lang='lat' dir='ltr'><strong>in</strong></span> <span class='ocrx_word' id='word_1_368' title='bbox 1860 3207 2158 3271; x_wconf 86' lang='lat' dir='ltr'><strong>solitudine,</strong></span> <span class='ocrx_word' id='word_1_369' title='bbox 2182 3203 2317 3278; x_wconf 72' lang='lat' dir='ltr'><strong>dum</strong></span> <span class='ocrx_word' id='word_1_370' title='bbox 2331 3203 2562 3278; x_wconf 76' lang='lat' dir='ltr'><strong>pasceret</strong></span> <span class='ocrx_word' id='word_1_371' title='bbox 2579 3207 2757 3278; x_wconf 81' lang='lat' dir='ltr'><strong>asinos</strong></span> <span class='ocrx_word' id='word_1_372' title='bbox 2784 3203 2985 3278; x_wconf 61' lang='grc' dir='ltr'><strong>εξερςοῃ</strong></span> <span class='ocrx_word' id='word_1_373' title='bbox 3015 3205 3179 3278; x_wconf 78' lang='lat' dir='ltr'><strong>patris</strong></span> <span class='ocrx_word' id='word_1_374' title='bbox 3209 3205 3310 3259; x_wconf 86' lang='lat' dir='ltr'><strong>sui.</strong></span> 
     </span>
    </p>
   </div>
   <div class='ocr_carea' id='block_1_43' title="bbox 516 3273 3224 3346">
    <p class='ocr_par' dir='ltr' id='par_1_43' title="bbox 516 3273 3224 3346">
     <span class='ocr_line' id='line_1_51' title="bbox 516 3273 3224 3346; baseline -0.001 -16"><span class='ocrx_word' id='word_1_375' title='bbox 516 3279 605 3331; x_wconf 79' lang='lat'><strong>30.</strong></span> <span class='ocrx_word' id='word_1_376' title='bbox 648 3276 920 3330; x_wconf 84' lang='lat' dir='ltr'><strong>Descendit</strong></span> <span class='ocrx_word' id='word_1_377' title='bbox 948 3273 1117 3330; x_wconf 44' lang='lat' dir='ltr'><strong>Jud&#39;as</strong></span> <span class='ocrx_word' id='word_1_378' title='bbox 1141 3281 1194 3331; x_wconf 89' lang='lat' dir='ltr'><strong>in</strong></span> <span class='ocrx_word' id='word_1_379' title='bbox 1227 3273 1460 3331; x_wconf 80' lang='lat' dir='ltr'><strong>Thamna</strong></span> <span class='ocrx_word' id='word_1_380' title='bbox 1483 3281 1550 3330; x_wconf 88' lang='lat' dir='ltr'><strong>ad</strong></span> <span class='ocrx_word' id='word_1_381' title='bbox 1572 3279 1861 3330; x_wconf 85' lang='lat' dir='ltr'><strong>tondendas</strong></span> <span class='ocrx_word' id='word_1_382' title='bbox 1888 3292 2021 3339; x_wconf 87' lang='lat' dir='ltr'><strong>oves,</strong></span> <span class='ocrx_word' id='word_1_383' title='bbox 2049 3291 2165 3329; x_wconf 88' lang='lat' dir='ltr'><strong>cum</strong></span> <span class='ocrx_word' id='word_1_384' title='bbox 2189 3273 2569 3344; x_wconf 40' lang='lat' dir='ltr'><strong>Hira&#39;apilione</strong></span> <span class='ocrx_word' id='word_1_385' title='bbox 2589 3277 2755 3346; x_wconf 84' lang='lat' dir='ltr'><strong>gregis</strong></span> <span class='ocrx_word' id='word_1_386' title='bbox 2782 3276 2863 3328; x_wconf 87' lang='lat' dir='ltr'><strong>sui</strong></span> <span class='ocrx_word' id='word_1_387' title='bbox 2889 3273 3224 3346; x_wconf 76' lang='lat' dir='ltr'><strong>Odolamitte.</strong></span> 
     </span>
    </p>
   </div>
   <div class='ocr_carea' id='block_1_44' title="bbox 517 3342 3751 3414">
    <p class='ocr_par' dir='ltr' id='par_1_44' title="bbox 517 3342 3751 3414">
     <span class='ocr_line' id='line_1_52' title="bbox 517 3342 3751 3414; baseline -0.002 -15"><span class='ocrx_word' id='word_1_388' title='bbox 517 3347 603 3400; x_wconf 77' lang='lat' dir='ltr'><strong>3i.</strong></span> <span class='ocrx_word' id='word_1_389' title='bbox 645 3346 1026 3408; x_wconf 83' lang='lat' dir='ltr'><strong>JussitJoseph</strong></span> <span class='ocrx_word' id='word_1_390' title='bbox 1068 3348 1317 3400; x_wconf 84' lang='lat' dir='ltr'><strong>ministris</strong></span> <span class='ocrx_word' id='word_1_391' title='bbox 1345 3359 1398 3399; x_wconf 87' lang='lat' dir='ltr'><strong>ut</strong></span> <span class='ocrx_word' id='word_1_392' title='bbox 1425 3348 1691 3411; x_wconf 78' lang='lat' dir='ltr'><strong>implerent</strong></span> <span class='ocrx_word' id='word_1_393' title='bbox 1715 3361 1892 3399; x_wconf 82' lang='lat' dir='ltr'><strong>saccos</strong></span> <span class='ocrx_word' id='word_1_394' title='bbox 1917 3346 2357 3413; x_wconf 81' lang='lat' dir='ltr'><strong>fratrumtritico,</strong></span> <span class='ocrx_word' id='word_1_395' title='bbox 2380 3342 2430 3398; x_wconf 83' lang='lat' dir='ltr'><strong>et</strong></span> <span class='ocrx_word' id='word_1_396' title='bbox 2459 3342 2758 3414; x_wconf 79' lang='lat' dir='ltr'><strong>reponerent</strong></span> <span class='ocrx_word' id='word_1_397' title='bbox 2797 3344 3069 3414; x_wconf 85' lang='lat' dir='ltr'><strong>pecuniam</strong></span> <span class='ocrx_word' id='word_1_398' title='bbox 3115 3342 3437 3414; x_wconf 83' lang='lat' dir='ltr'><strong>singulorum</strong></span> <span class='ocrx_word' id='word_1_399' title='bbox 3480 3343 3534 3396; x_wconf 76' lang='lat' dir='ltr'><strong>in</strong></span> <span class='ocrx_word' id='word_1_400' title='bbox 3579 3346 3751 3396; x_wconf 77' lang='lat' dir='ltr'><strong>sacris</strong></span> 
     </span>
    </p>
   </div>
   <div class='ocr_carea' id='block_1_45' title="bbox 687 3414 2783 3484">
    <p class='ocr_par' dir='ltr' id='par_1_45' title="bbox 687 3414 2783 3484">
     <span class='ocr_line' id='line_1_53' title="bbox 687 3414 2783 3484; baseline -0.002 -16"><span class='ocrx_word' id='word_1_401' title='bbox 687 3417 830 3479; x_wconf 83' lang='lat' dir='ltr'><strong>suis;</strong></span> <span class='ocrx_word' id='word_1_402' title='bbox 853 3417 906 3468; x_wconf 89' lang='lat' dir='ltr'><strong>in</strong></span> <span class='ocrx_word' id='word_1_403' title='bbox 934 3414 1212 3484; x_wconf 86' lang='lat' dir='ltr'><strong>Benjamin</strong></span> <span class='ocrx_word' id='word_1_404' title='bbox 1239 3433 1357 3469; x_wconf 86' lang='lat' dir='ltr'><strong>vero</strong></span> <span class='ocrx_word' id='word_1_405' title='bbox 1381 3432 1529 3470; x_wconf 88' lang='lat' dir='ltr'><strong>sacco</strong></span> <span class='ocrx_word' id='word_1_406' title='bbox 1553 3415 1800 3484; x_wconf 83' lang='lat' dir='ltr'><strong>scyphum</strong></span> <span class='ocrx_word' id='word_1_407' title='bbox 1827 3431 2027 3483; x_wconf 87' lang='lat' dir='ltr'><strong>quoque</strong></span> <span class='ocrx_word' id='word_1_408' title='bbox 2053 3430 2169 3467; x_wconf 88' lang='lat' dir='ltr'><strong>cum</strong></span> <span class='ocrx_word' id='word_1_409' title='bbox 2192 3415 2410 3482; x_wconf 86' lang='lat' dir='ltr'><strong>pecunia</strong></span> <span class='ocrx_word' id='word_1_410' title='bbox 2439 3414 2783 3469; x_wconf 86' lang='lat' dir='ltr'><strong>includerent.</strong></span> 
     </span>
    </p>
   </div>
   <div class='ocr_carea' id='block_1_46' title="bbox 1885 3522 2376 3594">
    <p class='ocr_par' dir='ltr' id='par_1_46' title="bbox 1885 3522 2376 3594">
     <span class='ocr_line' id='line_1_54' title="bbox 1885 3522 2376 3594; baseline 0 -16"><span class='ocrx_word' id='word_1_411' title='bbox 1885 3522 2100 3578; x_wconf 81' lang='lat' dir='ltr'><strong>Finiunt</strong></span> <span class='ocrx_word' id='word_1_412' title='bbox 2125 3525 2376 3594; x_wconf 74' lang='lat' dir='ltr'><strong>capitula.</strong></span> 
     </span>
    </p>
   </div>
   <div class='ocr_carea' id='block_1_47' title="bbox 920 3655 3347 3806">
    <p class='ocr_par' dir='ltr' id='par_1_47' title="bbox 920 3655 3347 3806">
     <span class='ocr_line' id='line_1_55' title="bbox 920 3655 3347 3806; baseline -0 -7"><span class='ocrx_word' id='word_1_413' title='bbox 920 3713 1549 3806; x_wconf 84' lang='lat' dir='ltr'><strong>INCIPIUNT</strong></span> <span class='ocrx_word' id='word_1_414' title='bbox 1600 3655 2738 3805; x_wconf 53' lang='lat' dir='ltr'><strong>TESTIMONIA&#39;LIBRI</strong></span> <span class='ocrx_word' id='word_1_415' title='bbox 2817 3711 3347 3801; x_wconf 89' lang='lat' dir='ltr'><strong>GENESIS.</strong></span> 
     </span>
    </p>
   </div>
   <div class='ocr_carea' id='block_1_48' title="bbox 1025 3924 1574 3982">
    <p class='ocr_par' dir='ltr' id='par_1_48' title="bbox 1025 3924 1574 3982">
     <span class='ocr_line' id='line_1_56' title="bbox 1025 3924 1574 3982; baseline 0.002 -2"><span class='ocrx_word' id='word_1_416' title='bbox 1025 3924 1248 3982; x_wconf 81' lang='lat' dir='ltr'><strong>CAPUT</strong></span> <span class='ocrx_word' id='word_1_417' title='bbox 1287 3925 1574 3982; x_wconf 77' lang='lat' dir='ltr'><strong>PRIMUM.</strong></span> 
     </span>
    </p>
   </div>
   <div class='ocr_carea' id='block_1_49' title="bbox 515 4012 2081 4085">
    <p class='ocr_par' dir='ltr' id='par_1_49' title="bbox 515 4012 2081 4085">
     <span class='ocr_line' id='line_1_57' title="bbox 515 4012 2081 4085; baseline 0.003 -19"><span class='ocrx_word' id='word_1_418' title='bbox 515 4012 587 4067; x_wconf 83' lang='lat' dir='ltr'><strong>In</strong></span> <span class='ocrx_word' id='word_1_419' title='bbox 612 4013 830 4083; x_wconf 86' lang='lat' dir='ltr'><strong>epistola</strong></span> <span class='ocrx_word' id='word_1_420' title='bbox 852 4014 920 4067; x_wconf 91' lang='lat' dir='ltr'><strong>ad</strong></span> <span class='ocrx_word' id='word_1_421' title='bbox 946 4013 1362 4073; x_wconf 84' lang='lat' dir='ltr'><strong>Ilildebrandum</strong></span> <span class='ocrx_word' id='word_1_422' title='bbox 1398 4027 1446 4070; x_wconf 87' lang='lat' dir='ltr'><strong>et</strong></span> <span class='ocrx_word' id='word_1_423' title='bbox 1486 4015 1807 4085; x_wconf 81' lang='lat' dir='ltr'><strong>Stephanum</strong></span> <span class='ocrx_word' id='word_1_424' title='bbox 1833 4016 2081 4072; x_wconf 88' lang='lat' dir='ltr'><strong>cardina-</strong></span> 
     </span>
    </p>
   </div>
   <div class='ocr_carea' id='block_1_50' title="bbox 586 4105 2080 4177">
    <p class='ocr_par' dir='ltr' id='par_1_50' title="bbox 586 4105 2080 4177">
     <span class='ocr_line' id='line_1_58' title="bbox 586 4105 2080 4177; baseline 0.004 -22"><span class='ocrx_word' id='word_1_425' title='bbox 586 4106 660 4158; x_wconf 83' lang='lat' dir='ltr'><strong>les</strong></span> <span class='ocrx_word' id='word_1_426' title='bbox 699 4105 754 4157; x_wconf 90' lang='lat' dir='ltr'><strong>in</strong></span> <span class='ocrx_word' id='word_1_427' title='bbox 784 4121 887 4173; x_wconf 89' lang='lat' dir='ltr'><strong>qua</strong></span> <span class='ocrx_word' id='word_1_428' title='bbox 931 4105 1076 4160; x_wconf 87' lang='lat' dir='ltr'><strong>docet</strong></span> <span class='ocrx_word' id='word_1_429' title='bbox 1108 4105 1331 4176; x_wconf 87' lang='lat' dir='ltr'><strong>qualiter</strong></span> <span class='ocrx_word' id='word_1_430' title='bbox 1359 4106 1632 4162; x_wconf 86' lang='lat' dir='ltr'><strong>rationalis</strong></span> <span class='ocrx_word' id='word_1_431' title='bbox 1660 4107 1838 4162; x_wconf 88' lang='lat' dir='ltr'><strong>anima</strong></span> <span class='ocrx_word' id='word_1_432' title='bbox 1868 4108 1937 4162; x_wconf 84' lang='lat' dir='ltr'><strong>ad</strong></span> <span class='ocrx_word' id='word_1_433' title='bbox 1958 4123 2080 4177; x_wconf 84' lang='lat' dir='ltr'><strong>per-</strong></span> 
     </span>
    </p>
   </div>
   <div class='ocr_carea' id='block_1_51' title="bbox 587 4191 1063 4261">
    <p class='ocr_par' dir='ltr' id='par_1_51' title="bbox 587 4191 1063 4261">
     <span class='ocr_line' id='line_1_59' title="bbox 587 4191 1063 4261; baseline 0.006 -16"><span class='ocrx_word' id='word_1_434' title='bbox 587 4191 861 4261; x_wconf 75' lang='lat' dir='ltr'><strong>fectionem</strong></span> <span class='ocrx_word' id='word_1_435' title='bbox 874 4195 1063 4248; x_wconf 87' lang='lat' dir='ltr'><strong>veniat.</strong></span> 
     </span>
    </p>
   </div>
   <div class='ocr_carea' id='block_1_52' title="bbox 589 4281 2080 4354">
    <p class='ocr_par' dir='ltr' id='par_1_52' title="bbox 589 4281 2080 4354">
     <span class='ocr_line' id='line_1_60' title="bbox 589 4281 2080 4354; baseline 0.003 -19"><span class='ocrx_word' id='word_1_436' title='bbox 589 4281 832 4348; x_wconf 84' lang='lat' dir='ltr'><strong>Qualiter</strong></span> <span class='ocrx_word' id='word_1_437' title='bbox 886 4285 1049 4338; x_wconf 89' lang='lat' dir='ltr'><strong>homo</strong></span> <span class='ocrx_word' id='word_1_438' title='bbox 1114 4283 1289 4340; x_wconf 81' lang='lat' dir='ltr'><strong>valeat</strong></span> <span class='ocrx_word' id='word_1_439' title='bbox 1359 4286 1760 4352; x_wconf 88' lang='lat' dir='ltr'><strong>consummari,</strong></span> <span class='ocrx_word' id='word_1_440' title='bbox 1810 4284 2080 4354; x_wconf 90' lang='lat' dir='ltr'><strong>quomodo</strong></span> 
     </span>
    </p>
   </div>
   <div class='ocr_carea' id='block_1_53' title="bbox 514 4372 2107 4446">
    <p class='ocr_par' dir='ltr' id='par_1_53' title="bbox 514 4372 2107 4446">
     <span class='ocr_line' id='line_1_61' title="bbox 514 4372 2107 4446; baseline 0.005 -23"><span class='ocrx_word' id='word_1_441' title='bbox 514 4372 712 4427; x_wconf 82' lang='lat' dir='ltr'><strong>debeat</strong></span> <span class='ocrx_word' id='word_1_442' title='bbox 737 4375 943 4442; x_wconf 91' lang='lat' dir='ltr'><strong>perﬁci,</strong></span> <span class='ocrx_word' id='word_1_443' title='bbox 972 4375 1095 4429; x_wconf 89' lang='lat' dir='ltr'><strong>libet</strong></span> <span class='ocrx_word' id='word_1_444' title='bbox 1128 4378 1400 4431; x_wconf 84' lang='lat' dir='ltr'><strong>succincte</strong></span> <span class='ocrx_word' id='word_1_445' title='bbox 1439 4378 1819 4446; x_wconf 78' lang='lat' dir='ltr'><strong>perstringere,</strong></span> <span class='ocrx_word' id='word_1_446' title='bbox 1842 4386 2000 4446; x_wconf 89' lang='lat' dir='ltr'><strong>prout</strong></span> <span class='ocrx_word' id='word_1_447' title='bbox 2025 4378 2107 4431; x_wconf 61' lang='lat' dir='ltr'><strong>in.</strong></span> 
     </span>
    </p>
   </div>
   <div class='ocr_carea' id='block_1_54' title="bbox 517 4462 2075 4534">
    <p class='ocr_par' dir='ltr' id='par_1_54' title="bbox 517 4462 2075 4534">
     <span class='ocr_line' id='line_1_62' title="bbox 517 4462 2075 4534; baseline 0.003 -20"><span class='ocrx_word' id='word_1_448' title='bbox 517 4462 637 4530; x_wconf 87' lang='lat' dir='ltr'><strong>ipso</strong></span> <span class='ocrx_word' id='word_1_449' title='bbox 686 4463 967 4516; x_wconf 84' lang='lat' dir='ltr'><strong>mundanae</strong></span> <span class='ocrx_word' id='word_1_450' title='bbox 1020 4466 1310 4518; x_wconf 88' lang='lat' dir='ltr'><strong>creationis</strong></span> <span class='ocrx_word' id='word_1_451' title='bbox 1357 4464 1517 4518; x_wconf 87' lang='lat' dir='ltr'><strong>datur</strong></span> <span class='ocrx_word' id='word_1_452' title='bbox 1577 4465 1765 4520; x_wconf 90' lang='lat' dir='ltr'><strong>ordine</strong></span> <span class='ocrx_word' id='word_1_453' title='bbox 1829 4463 2075 4534; x_wconf 89' lang='lat' dir='ltr'><strong>reperiri.</strong></span> 
     </span>
    </p>
   </div>
   <div class='ocr_carea' id='block_1_55' title="bbox 520 4549 2078 4619">
    <p class='ocr_par' dir='ltr' id='par_1_55' title="bbox 520 4549 2078 4619">
     <span class='ocr_line' id='line_1_63' title="bbox 520 4549 2078 4619; baseline 0.004 -17"><span class='ocrx_word' id='word_1_454' title='bbox 520 4549 656 4603; x_wconf 87' lang='lat' dir='ltr'><strong>Nam</strong></span> <span class='ocrx_word' id='word_1_455' title='bbox 684 4550 806 4619; x_wconf 89' lang='lat' dir='ltr'><strong>quia</strong></span> <span class='ocrx_word' id='word_1_456' title='bbox 844 4551 1004 4606; x_wconf 85' lang='lat' dir='ltr'><strong>homo</strong></span> <span class='ocrx_word' id='word_1_457' title='bbox 1035 4553 1438 4616; x_wconf 88' lang='lat' dir='ltr'><strong>microcosmus,</strong></span> <span class='ocrx_word' id='word_1_458' title='bbox 1464 4555 1567 4607; x_wconf 81' lang='lat' dir='ltr'><strong>hoc</strong></span> <span class='ocrx_word' id='word_1_459' title='bbox 1593 4563 1694 4615; x_wconf 90' lang='lat' dir='ltr'><strong>est,</strong></span> <span class='ocrx_word' id='word_1_460' title='bbox 1721 4554 1896 4608; x_wconf 90' lang='lat' dir='ltr'><strong>minor</strong></span> <span class='ocrx_word' id='word_1_461' title='bbox 1919 4570 2078 4609; x_wconf 68' lang='lat' dir='ltr'><strong>mun~</strong></span> 
     </span>
    </p>
   </div>
   <div class='ocr_carea' id='block_1_56' title="bbox 513 4637 2079 4713">
    <p class='ocr_par' dir='ltr' id='par_1_56' title="bbox 513 4637 2079 4713">
     <span class='ocr_line' id='line_1_64' title="bbox 513 4637 2079 4713; baseline 0.004 -21"><span class='ocrx_word' id='word_1_462' title='bbox 513 4637 617 4692; x_wconf 88' lang='lat' dir='ltr'><strong>dus</strong></span> <span class='ocrx_word' id='word_1_463' title='bbox 646 4639 922 4701; x_wconf 88' lang='lat' dir='ltr'><strong>asseritur,</strong></span> <span class='ocrx_word' id='word_1_464' title='bbox 950 4655 1174 4696; x_wconf 82' lang='lat' dir='ltr'><strong>necesse</strong></span> <span class='ocrx_word' id='word_1_465' title='bbox 1197 4650 1279 4696; x_wconf 85' lang='lat' dir='ltr'><strong>est</strong></span> <span class='ocrx_word' id='word_1_466' title='bbox 1303 4651 1382 4708; x_wconf 88' lang='lat' dir='ltr'><strong>ut,</strong></span> <span class='ocrx_word' id='word_1_467' title='bbox 1403 4643 1468 4695; x_wconf 90' lang='lat' dir='ltr'><strong>ad</strong></span> <span class='ocrx_word' id='word_1_468' title='bbox 1491 4658 1601 4696; x_wconf 73' lang='lat' dir='ltr'><strong>sum</strong></span> <span class='ocrx_word' id='word_1_469' title='bbox 1623 4641 1971 4713; x_wconf 80' lang='lat' dir='ltr'><strong>plenitudinis</strong></span> <span class='ocrx_word' id='word_1_470' title='bbox 1995 4643 2079 4699; x_wconf 90' lang='lat' dir='ltr'><strong>in-</strong></span> 
     </span>
    </p>
   </div>
   <div class='ocr_carea' id='block_1_57' title="bbox 512 4731 2082 4800">
    <p class='ocr_par' dir='ltr' id='par_1_57' title="bbox 512 4731 2082 4800">
     <span class='ocr_line' id='line_1_65' title="bbox 512 4731 2082 4800; baseline 0.006 -19"><span class='ocrx_word' id='word_1_471' title='bbox 512 4737 789 4782; x_wconf 87' lang='lat' dir='ltr'><strong>crementa</strong></span> <span class='ocrx_word' id='word_1_472' title='bbox 821 4731 1172 4796; x_wconf 88' lang='lat' dir='ltr'><strong>contendens,</strong></span> <span class='ocrx_word' id='word_1_473' title='bbox 1227 4731 1397 4800; x_wconf 89' lang='lat' dir='ltr'><strong>ipsam</strong></span> <span class='ocrx_word' id='word_1_474' title='bbox 1441 4732 1722 4787; x_wconf 74' lang='lat' dir='ltr'><strong>mundana:</strong></span> <span class='ocrx_word' id='word_1_475' title='bbox 1760 4733 2082 4790; x_wconf 85' lang='lat' dir='ltr'><strong>conditionis</strong></span> 
     </span>
    </p>
   </div>
   <div class='ocr_carea' id='block_1_58' title="bbox 516 4818 2080 4895">
    <p class='ocr_par' dir='ltr' id='par_1_58' title="bbox 516 4818 2080 4895">
     <span class='ocr_line' id='line_1_66' title="bbox 516 4818 2080 4895; baseline 0.006 -26"><span class='ocrx_word' id='word_1_476' title='bbox 516 4818 749 4884; x_wconf 83' lang='lat' dir='ltr'><strong>speciem</strong></span> <span class='ocrx_word' id='word_1_477' title='bbox 778 4818 1036 4884; x_wconf 90' lang='lat' dir='ltr'><strong>imitetur,</strong></span> <span class='ocrx_word' id='word_1_478' title='bbox 1066 4829 1147 4887; x_wconf 90' lang='lat' dir='ltr'><strong>ut,</strong></span> <span class='ocrx_word' id='word_1_479' title='bbox 1179 4821 1320 4876; x_wconf 85' lang='lat' dir='ltr'><strong>sicut</strong></span> <span class='ocrx_word' id='word_1_480' title='bbox 1344 4822 1572 4876; x_wconf 80' lang='lat' dir='ltr'><strong>visibilis</strong></span> <span class='ocrx_word' id='word_1_481' title='bbox 1593 4831 1756 4892; x_wconf 86' lang='lat' dir='ltr'><strong>atque</strong></span> <span class='ocrx_word' id='word_1_482' title='bbox 1788 4839 2080 4895; x_wconf 88' lang='lat' dir='ltr'><strong>corporeus</strong></span> 
     </span>
    </p>
   </div>
   <div class='ocr_carea' id='block_1_59' title="bbox 512 4907 2078 4982">
    <p class='ocr_par' dir='ltr' id='par_1_59' title="bbox 512 4907 2078 4982">
     <span class='ocr_line' id='line_1_67' title="bbox 512 4907 2078 4982; baseline 0.005 -20"><span class='ocrx_word' id='word_1_483' title='bbox 512 4907 609 4963; x_wconf 81' lang='lat' dir='ltr'><strong>bic</strong></span> <span class='ocrx_word' id='word_1_484' title='bbox 651 4910 880 4965; x_wconf 88' lang='lat' dir='ltr'><strong>mundus</strong></span> <span class='ocrx_word' id='word_1_485' title='bbox 922 4927 1020 4982; x_wconf 90' lang='lat' dir='ltr'><strong>per</strong></span> <span class='ocrx_word' id='word_1_486' title='bbox 1061 4928 1278 4966; x_wconf 88' lang='lat' dir='ltr'><strong>suarum</strong></span> <span class='ocrx_word' id='word_1_487' title='bbox 1331 4913 1524 4968; x_wconf 88' lang='lat' dir='ltr'><strong>molem</strong></span> <span class='ocrx_word' id='word_1_488' title='bbox 1573 4929 1637 4968; x_wconf 90' lang='lat' dir='ltr'><strong>ac</strong></span> <span class='ocrx_word' id='word_1_489' title='bbox 1686 4907 2078 4970; x_wconf 82' lang='lat' dir='ltr'><strong>multitudinem</strong></span> 
     </span>
    </p>
   </div>
   <div class='ocr_carea' id='block_1_60' title="bbox 516 5000 2079 5068">
    <p class='ocr_par' dir='ltr' id='par_1_60' title="bbox 516 5000 2079 5068">
     <span class='ocr_line' id='line_1_68' title="bbox 516 5000 2079 5068; baseline 0.004 -15"><span class='ocrx_word' id='word_1_490' title='bbox 516 5009 924 5054; x_wconf 85' lang='lat' dir='ltr'><strong>consummatus</strong></span> <span class='ocrx_word' id='word_1_491' title='bbox 951 5009 1031 5055; x_wconf 86' lang='lat' dir='ltr'><strong>est</strong></span> <span class='ocrx_word' id='word_1_492' title='bbox 1060 5000 1308 5068; x_wconf 87' lang='lat' dir='ltr'><strong>partium,</strong></span> <span class='ocrx_word' id='word_1_493' title='bbox 1339 5003 1418 5056; x_wconf 90' lang='lat' dir='ltr'><strong>sic</strong></span> <span class='ocrx_word' id='word_1_494' title='bbox 1455 5011 1507 5056; x_wconf 88' lang='lat' dir='ltr'><strong>et</strong></span> <span class='ocrx_word' id='word_1_495' title='bbox 1535 5002 1697 5057; x_wconf 88' lang='lat' dir='ltr'><strong>homo</strong></span> <span class='ocrx_word' id='word_1_496' title='bbox 1724 5014 1910 5058; x_wconf 87' lang='lat' dir='ltr'><strong>noster</strong></span> <span class='ocrx_word' id='word_1_497' title='bbox 1936 5005 2079 5060; x_wconf 89' lang='lat' dir='ltr'><strong>inte-</strong></span> 
     </span>
    </p>
   </div>
   <div class='ocr_carea' id='block_1_61' title="bbox 525 5085 2082 5162">
    <p class='ocr_par' dir='ltr' id='par_1_61' title="bbox 525 5085 2082 5162">
     <span class='ocr_line' id='line_1_69' title="bbox 525 5085 2082 5162; baseline 0.003 -20"><span class='ocrx_word' id='word_1_498' title='bbox 525 5085 640 5142; x_wconf 83' lang='lat' dir='ltr'><strong>rior</strong></span> <span class='ocrx_word' id='word_1_499' title='bbox 691 5087 946 5156; x_wconf 86' lang='lat' dir='ltr'><strong>paulatim</strong></span> <span class='ocrx_word' id='word_1_500' title='bbox 988 5089 1054 5143; x_wconf 91' lang='lat' dir='ltr'><strong>ad</strong></span> <span class='ocrx_word' id='word_1_501' title='bbox 1098 5090 1178 5143; x_wconf 91' lang='lat' dir='ltr'><strong>sui</strong></span> <span class='ocrx_word' id='word_1_502' title='bbox 1211 5089 1597 5157; x_wconf 86' lang='lat' dir='ltr'><strong>plenitudinem</strong></span> <span class='ocrx_word' id='word_1_503' title='bbox 1640 5092 1818 5146; x_wconf 78' lang='lat' dir='ltr'><strong>veniat</strong></span> <span class='ocrx_word' id='word_1_504' title='bbox 1861 5107 1958 5162; x_wconf 88' lang='lat' dir='ltr'><strong>per</strong></span> <span class='ocrx_word' id='word_1_505' title='bbox 1985 5109 2082 5146; x_wconf 81' lang='lat' dir='ltr'><strong>au-</strong></span> 
     </span>
    </p>
   </div>
   <div class='ocr_carea' id='block_1_62' title="bbox 519 5177 2076 5250">
    <p class='ocr_par' dir='ltr' id='par_1_62' title="bbox 519 5177 2076 5250">
     <span class='ocr_line' id='line_1_70' title="bbox 519 5177 2076 5250; baseline 0.004 -23"><span class='ocrx_word' id='word_1_506' title='bbox 519 5185 738 5244; x_wconf 78' lang='lat' dir='ltr'><strong>gmenta</strong></span> <span class='ocrx_word' id='word_1_507' title='bbox 767 5177 1044 5231; x_wconf 88' lang='lat' dir='ltr'><strong>virtutum.</strong></span> <span class='ocrx_word' id='word_1_508' title='bbox 1077 5178 1149 5232; x_wconf 87' lang='lat' dir='ltr'><strong>De</strong></span> <span class='ocrx_word' id='word_1_509' title='bbox 1179 5194 1284 5248; x_wconf 88' lang='lat' dir='ltr'><strong>qua</strong></span> <span class='ocrx_word' id='word_1_510' title='bbox 1314 5179 1567 5232; x_wconf 89' lang='lat' dir='ltr'><strong>nimirum</strong></span> <span class='ocrx_word' id='word_1_511' title='bbox 1607 5179 1932 5250; x_wconf 83' lang='lat' dir='ltr'><strong>plenitudine</strong></span> <span class='ocrx_word' id='word_1_512' title='bbox 1955 5195 2076 5249; x_wconf 89' lang='lat' dir='ltr'><strong>spe-</strong></span> 
     </span>
    </p>
   </div>
   <div class='ocr_carea' id='block_1_63' title="bbox 2101 3923 3752 3996">
    <p class='ocr_par' dir='ltr' id='par_1_63' title="bbox 2101 3923 3752 3996">
     <span class='ocr_line' id='line_1_71' title="bbox 2101 3923 3752 3996; baseline 0 -17"><span class='ocrx_word' id='word_1_513' title='bbox 2101 3931 2148 3990; x_wconf 82' lang='grc' dir='ltr'><strong><em>Β</em></strong></span> <span class='ocrx_word' id='word_1_514' title='bbox 2177 3923 2392 3996; x_wconf 84' lang='lat' dir='ltr'><strong>fulgeat.</strong></span> <span class='ocrx_word' id='word_1_515' title='bbox 2433 3923 2616 3980; x_wconf 89' lang='lat' dir='ltr'><strong>Prima</strong></span> <span class='ocrx_word' id='word_1_516' title='bbox 2667 3925 2863 3994; x_wconf 87' lang='lat' dir='ltr'><strong>quippe</strong></span> <span class='ocrx_word' id='word_1_517' title='bbox 2907 3925 3104 3982; x_wconf 86' lang='lat' dir='ltr'><strong>mentis</strong></span> <span class='ocrx_word' id='word_1_518' title='bbox 3131 3925 3243 3990; x_wconf 81' lang='lat' dir='ltr'><strong>lux,</strong></span> <span class='ocrx_word' id='word_1_519' title='bbox 3272 3926 3406 3981; x_wconf 87' lang='lat' dir='ltr'><strong>ﬁdes</strong></span> <span class='ocrx_word' id='word_1_520' title='bbox 3437 3933 3544 3981; x_wconf 85' lang='lat' dir='ltr'><strong>est.</strong></span> <span class='ocrx_word' id='word_1_521' title='bbox 3599 3924 3752 3981; x_wconf 81' lang='lat' dir='ltr'><strong>Unde</strong></span> 
     </span>
    </p>
   </div>
   <div class='ocr_carea' id='block_1_64' title="bbox 2173 4010 3752 4084">
    <p class='ocr_par' dir='ltr' id='par_1_64' title="bbox 2173 4010 3752 4084">
     <span class='ocr_line' id='line_1_72' title="bbox 2173 4010 3752 4084; baseline -0.001 -16"><span class='ocrx_word' id='word_1_522' title='bbox 2173 4010 2293 4081; x_wconf 78' lang='lat' dir='ltr'><strong>jam</strong></span> <span class='ocrx_word' id='word_1_523' title='bbox 2342 4012 2590 4070; x_wconf 87' lang='lat' dir='ltr'><strong>ﬁdelibus</strong></span> <span class='ocrx_word' id='word_1_524' title='bbox 2634 4013 2765 4068; x_wconf 89' lang='lat' dir='ltr'><strong>dicit</strong></span> <span class='ocrx_word' id='word_1_525' title='bbox 2790 4014 3123 4083; x_wconf 79' lang='lat' dir='ltr'><strong>Apostolus:</strong></span> <span class='ocrx_word' id='word_1_526' title='bbox 3159 4032 3178 4065; x_wconf 72' lang='grc' dir='ltr'>ι</span> <span class='ocrx_word' id='word_1_527' title='bbox 3214 4013 3416 4069; x_wconf 88' lang='lat' dir='ltr'><strong>Fuistis</strong></span> <span class='ocrx_word' id='word_1_528' title='bbox 3465 4014 3752 4084; x_wconf 83' lang='lat' dir='ltr'><strong>aliquando</strong></span> 
     </span>
    </p>
   </div>
   <div class='ocr_carea' id='block_1_65' title="bbox 2179 4102 3744 4174">
    <p class='ocr_par' dir='ltr' id='par_1_65' title="bbox 2179 4102 3744 4174">
     <span class='ocr_line' id='line_1_73' title="bbox 2179 4102 3744 4174; baseline -0.002 -17"><span class='ocrx_word' id='word_1_529' title='bbox 2179 4103 2438 4168; x_wconf 72' lang='lat' dir='ltr'><strong>tenebrae,</strong></span> <span class='ocrx_word' id='word_1_530' title='bbox 2487 4118 2630 4158; x_wconf 90' lang='lat' dir='ltr'><strong>nunc</strong></span> <span class='ocrx_word' id='word_1_531' title='bbox 2655 4115 2834 4158; x_wconf 87' lang='lat' dir='ltr'><strong>autem</strong></span> <span class='ocrx_word' id='word_1_532' title='bbox 2874 4103 2964 4157; x_wconf 78' lang='lat' dir='ltr'><strong>lux</strong></span> <span class='ocrx_word' id='word_1_533' title='bbox 2996 4104 3049 4158; x_wconf 90' lang='lat' dir='ltr'><strong>in</strong></span> <span class='ocrx_word' id='word_1_534' title='bbox 3087 4103 3313 4159; x_wconf 90' lang='lat' dir='ltr'><strong>Domino</strong></span> <span class='ocrx_word' id='word_1_535' title='bbox 3347 4102 3564 4174; x_wconf 85' lang='lat' dir='ltr'><strong>(Ephes.</strong></span> <span class='ocrx_word' id='word_1_536' title='bbox 3598 4107 3674 4173; x_wconf 90' lang='lat' dir='ltr'><strong>v).</strong></span> <span class='ocrx_word' id='word_1_537' title='bbox 3726 4123 3744 4154; x_wconf 79' lang='grc' dir='ltr'><strong><em>ι</em></strong></span> 
     </span>
    </p>
   </div>
   <div class='ocr_carea' id='block_1_66' title="bbox 2176 4191 3757 4264">
    <p class='ocr_par' dir='ltr' id='par_1_66' title="bbox 2176 4191 3757 4264">
     <span class='ocr_line' id='line_1_74' title="bbox 2176 4191 3757 4264; baseline -0.001 -17"><span class='ocrx_word' id='word_1_538' title='bbox 2176 4191 2246 4247; x_wconf 88' lang='lat' dir='ltr'><strong>Et</strong></span> <span class='ocrx_word' id='word_1_539' title='bbox 2271 4192 2376 4247; x_wconf 88' lang='lat' dir='ltr'><strong>hoc</strong></span> <span class='ocrx_word' id='word_1_540' title='bbox 2404 4201 2486 4248; x_wconf 89' lang='lat' dir='ltr'><strong>est</strong></span> <span class='ocrx_word' id='word_1_541' title='bbox 2519 4194 2751 4263; x_wconf 90' lang='lat' dir='ltr'><strong>primum</strong></span> <span class='ocrx_word' id='word_1_542' title='bbox 2777 4193 2832 4248; x_wconf 90' lang='lat' dir='ltr'><strong>in</strong></span> <span class='ocrx_word' id='word_1_543' title='bbox 2863 4191 2981 4264; x_wconf 80' lang='lat' dir='ltr'><strong>lege</strong></span> <span class='ocrx_word' id='word_1_544' title='bbox 3005 4205 3330 4263; x_wconf 70' lang='lat' dir='ltr'><strong>praeceptum</strong></span> <span class='ocrx_word' id='word_1_545' title='bbox 3365 4212 3380 4249; x_wconf 86' lang='lat'><strong>:</strong></span> <span class='ocrx_word' id='word_1_546' title='bbox 3414 4211 3432 4244; x_wconf 73' lang='grc' dir='ltr'><strong><em>ι</em></strong></span> <span class='ocrx_word' id='word_1_547' title='bbox 3463 4192 3632 4256; x_wconf 82' lang='lat' dir='ltr'><strong>Audi,</strong></span> <span class='ocrx_word' id='word_1_548' title='bbox 3673 4193 3757 4246; x_wconf 81' lang='lat' dir='ltr'><strong>ls-</strong></span> 
     </span>
    </p>
   </div>
   <div class='ocr_carea' id='block_1_67' title="bbox 2178 4281 3746 4356">
    <p class='ocr_par' dir='ltr' id='par_1_67' title="bbox 2178 4281 3746 4356">
     <span class='ocr_line' id='line_1_75' title="bbox 2178 4281 3746 4356; baseline -0.002 -22"><span class='ocrx_word' id='word_1_549' title='bbox 2178 4283 2321 4335; x_wconf 66' lang='lat' dir='ltr'><strong>racl&#39;</strong></span> <span class='ocrx_word' id='word_1_550' title='bbox 2353 4283 2610 4337; x_wconf 87' lang='lat' dir='ltr'><strong>Dominus</strong></span> <span class='ocrx_word' id='word_1_551' title='bbox 2629 4281 2771 4338; x_wconf 87' lang='lat' dir='ltr'><strong>Deus</strong></span> <span class='ocrx_word' id='word_1_552' title='bbox 2798 4289 2922 4337; x_wconf 89' lang='lat' dir='ltr'><strong>tuus</strong></span> <span class='ocrx_word' id='word_1_553' title='bbox 2945 4283 3086 4338; x_wconf 88' lang='lat' dir='ltr'><strong>Deus</strong></span> <span class='ocrx_word' id='word_1_554' title='bbox 3113 4299 3250 4338; x_wconf 89' lang='lat' dir='ltr'><strong>unus</strong></span> <span class='ocrx_word' id='word_1_555' title='bbox 3281 4293 3364 4337; x_wconf 91' lang='lat' dir='ltr'><strong>est</strong></span> <span class='ocrx_word' id='word_1_556' title='bbox 3380 4281 3556 4356; x_wconf 86' lang='lat' dir='ltr'><strong>(Deut.</strong></span> <span class='ocrx_word' id='word_1_557' title='bbox 3589 4283 3684 4352; x_wconf 78' lang='lat' dir='ltr'><strong>vi).</strong></span> <span class='ocrx_word' id='word_1_558' title='bbox 3727 4305 3746 4331; x_wconf 75' lang='grc' dir='ltr'><strong>ο</strong></span> 
     </span>
    </p>
   </div>
   <div class='ocr_carea' id='block_1_68' title="bbox 2178 4373 3752 4446">
    <p class='ocr_par' dir='ltr' id='par_1_68' title="bbox 2178 4373 3752 4446">
     <span class='ocr_line' id='line_1_76' title="bbox 2178 4373 3752 4446; baseline 0.001 -19"><span class='ocrx_word' id='word_1_559' title='bbox 2178 4373 2328 4428; x_wconf 90' lang='lat' dir='ltr'><strong>Tunc</strong></span> <span class='ocrx_word' id='word_1_560' title='bbox 2359 4376 2538 4444; x_wconf 88' lang='lat' dir='ltr'><strong>itaque</strong></span> <span class='ocrx_word' id='word_1_561' title='bbox 2571 4375 2627 4430; x_wconf 90' lang='lat' dir='ltr'><strong>in</strong></span> <span class='ocrx_word' id='word_1_562' title='bbox 2656 4375 2875 4432; x_wconf 86' lang='lat' dir='ltr'><strong>homine</strong></span> <span class='ocrx_word' id='word_1_563' title='bbox 2918 4375 3091 4446; x_wconf 87' lang='lat' dir='ltr'><strong>prima</strong></span> <span class='ocrx_word' id='word_1_564' title='bbox 3130 4376 3245 4431; x_wconf 88' lang='lat' dir='ltr'><strong>dies</strong></span> <span class='ocrx_word' id='word_1_565' title='bbox 3280 4373 3372 4440; x_wconf 86' lang='lat' dir='ltr'><strong>ﬁt,</strong></span> <span class='ocrx_word' id='word_1_566' title='bbox 3405 4390 3529 4429; x_wconf 87' lang='lat' dir='ltr'><strong>cum</strong></span> <span class='ocrx_word' id='word_1_567' title='bbox 3576 4389 3752 4430; x_wconf 83' lang='lat' dir='ltr'><strong>novus</strong></span> 
     </span>
    </p>
   </div>
   <div class='ocr_carea' id='block_1_69' title="bbox 2177 4461 2628 4519">
    <p class='ocr_par' dir='ltr' id='par_1_69' title="bbox 2177 4461 2628 4519">
     <span class='ocr_line' id='line_1_77' title="bbox 2177 4461 2628 4519; baseline -0.002 -1"><span class='ocrx_word' id='word_1_568' title='bbox 2177 4462 2245 4518; x_wconf 84' lang='lat' dir='ltr'><strong>ad</strong></span> <span class='ocrx_word' id='word_1_569' title='bbox 2273 4461 2433 4518; x_wconf 87' lang='lat' dir='ltr'><strong>ﬁdem</strong></span> <span class='ocrx_word' id='word_1_570' title='bbox 2461 4464 2628 4519; x_wconf 89' lang='lat' dir='ltr'><strong>venit.</strong></span> 
     </span>
    </p>
   </div>
   <div class='ocr_carea' id='block_1_70' title="bbox 2796 4552 3123 4611">
    <p class='ocr_par' dir='ltr' id='par_1_70' title="bbox 2796 4552 3123 4611">
     <span class='ocr_line' id='line_1_78' title="bbox 2796 4552 3123 4611; baseline -0.003 -1"><span class='ocrx_word' id='word_1_571' title='bbox 2796 4552 3025 4611; x_wconf 80' lang='lat' dir='ltr'><strong>CAPUT</strong></span> <span class='ocrx_word' id='word_1_572' title='bbox 3059 4554 3123 4610; x_wconf 87' lang='lat' dir='ltr'><strong>Il.</strong></span> 
     </span>
    </p>
   </div>
   <div class='ocr_carea' id='block_1_71' title="bbox 2712 4641 3256 4714">
    <p class='ocr_par' dir='ltr' id='par_1_71' title="bbox 2712 4641 3256 4714">
     <span class='ocr_line' id='line_1_79' title="bbox 2712 4641 3256 4714; baseline 0.004 -17"><span class='ocrx_word' id='word_1_573' title='bbox 2712 4641 2776 4698; x_wconf 83' lang='grc' dir='ltr'><em>ιη</em></span> <span class='ocrx_word' id='word_1_574' title='bbox 2810 4643 2990 4698; x_wconf 88' lang='lat' dir='ltr'><strong>eadem</strong></span> <span class='ocrx_word' id='word_1_575' title='bbox 3018 4645 3256 4714; x_wconf 88' lang='lat' dir='ltr'><strong>epistola.</strong></span> 
     </span>
    </p>
   </div>
   <div class='ocr_carea' id='block_1_72' title="bbox 2249 4729 3757 4806">
    <p class='ocr_par' dir='ltr' id='par_1_72' title="bbox 2249 4729 3757 4806">
     <span class='ocr_line' id='line_1_80' title="bbox 2249 4729 3757 4806; baseline 0.001 -19"><span class='ocrx_word' id='word_1_576' title='bbox 2249 4729 2500 4787; x_wconf 90' lang='lat' dir='ltr'><strong>Secundo</strong></span> <span class='ocrx_word' id='word_1_577' title='bbox 2545 4731 2632 4786; x_wconf 87' lang='lat' dir='ltr'><strong>die</strong></span> <span class='ocrx_word' id='word_1_578' title='bbox 2679 4729 2807 4786; x_wconf 83' lang='lat' dir='ltr'><strong>fecit</strong></span> <span class='ocrx_word' id='word_1_579' title='bbox 2845 4731 2989 4789; x_wconf 88' lang='lat' dir='ltr'><strong>Deus</strong></span> <span class='ocrx_word' id='word_1_580' title='bbox 3032 4733 3452 4801; x_wconf 89' lang='lat' dir='ltr'><strong>ﬁrmamentum,</strong></span> <span class='ocrx_word' id='word_1_581' title='bbox 3497 4736 3641 4806; x_wconf 86' lang='lat' dir='ltr'><strong>quod</strong></span> <span class='ocrx_word' id='word_1_582' title='bbox 3672 4747 3757 4790; x_wconf 88' lang='lat' dir='ltr'><strong>est</strong></span> 
     </span>
    </p>
   </div>
   <div class='ocr_carea' id='block_1_73' title="bbox 2178 4816 3753 4894">
    <p class='ocr_par' dir='ltr' id='par_1_73' title="bbox 2178 4816 3753 4894">
     <span class='ocr_line' id='line_1_81' title="bbox 2178 4816 3753 4894; baseline 0.004 -22"><span class='ocrx_word' id='word_1_583' title='bbox 2178 4818 2398 4883; x_wconf 80' lang='lat' dir='ltr'><strong>ctelum,</strong></span> <span class='ocrx_word' id='word_1_584' title='bbox 2418 4816 2655 4889; x_wconf 80' lang='lat' dir='ltr'><strong>fecitque</strong></span> <span class='ocrx_word' id='word_1_585' title='bbox 2677 4819 2968 4876; x_wconf 84' lang='lat' dir='ltr'><strong>divisiones</strong></span> <span class='ocrx_word' id='word_1_586' title='bbox 2995 4837 3278 4892; x_wconf 90' lang='lat' dir='ltr'><strong>aquarum,</strong></span> <span class='ocrx_word' id='word_1_587' title='bbox 3306 4832 3364 4877; x_wconf 86' lang='lat' dir='ltr'><strong>ut</strong></span> <span class='ocrx_word' id='word_1_588' title='bbox 3400 4823 3518 4878; x_wconf 70' lang='lat' dir='ltr'><strong>aliae</strong></span> <span class='ocrx_word' id='word_1_589' title='bbox 3540 4839 3640 4894; x_wconf 90' lang='lat' dir='ltr'><strong>per</strong></span> <span class='ocrx_word' id='word_1_590' title='bbox 3663 4825 3753 4879; x_wconf 86' lang='lat' dir='ltr'><strong>in-</strong></span> 
     </span>
    </p>
   </div>
   <div class='ocr_carea' id='block_1_74' title="bbox 2179 4906 3753 4981">
    <p class='ocr_par' dir='ltr' id='par_1_74' title="bbox 2179 4906 3753 4981">
     <span class='ocr_line' id='line_1_82' title="bbox 2179 4906 3753 4981; baseline 0.004 -21"><span class='ocrx_word' id='word_1_591' title='bbox 2179 4906 2376 4962; x_wconf 77' lang='lat' dir='ltr'><strong>feriora</strong></span> <span class='ocrx_word' id='word_1_592' title='bbox 2424 4907 2756 4974; x_wconf 83' lang='lat' dir='ltr'><strong>deﬂuerent,</strong></span> <span class='ocrx_word' id='word_1_593' title='bbox 2805 4909 2924 4964; x_wconf 75' lang='lat' dir='ltr'><strong>alia:</strong></span> <span class='ocrx_word' id='word_1_594' title='bbox 2971 4911 3022 4964; x_wconf 89' lang='lat' dir='ltr'><strong>in</strong></span> <span class='ocrx_word' id='word_1_595' title='bbox 3074 4911 3447 4981; x_wconf 87' lang='lat' dir='ltr'><strong>superioribus</strong></span> <span class='ocrx_word' id='word_1_596' title='bbox 3498 4928 3753 4968; x_wconf 84' lang='lat' dir='ltr'><strong>remane-</strong></span> 
     </span>
    </p>
   </div>
   <div class='ocr_carea' id='block_1_75' title="bbox 2183 4996 3754 5066">
    <p class='ocr_par' dir='ltr' id='par_1_75' title="bbox 2183 4996 3754 5066">
     <span class='ocr_line' id='line_1_83' title="bbox 2183 4996 3754 5066; baseline 0.003 -15"><span class='ocrx_word' id='word_1_597' title='bbox 2183 5006 2322 5051; x_wconf 85' lang='lat' dir='ltr'><strong>rent.</strong></span> <span class='ocrx_word' id='word_1_598' title='bbox 2351 4996 2491 5063; x_wconf 87' lang='lat' dir='ltr'><strong>Quid</strong></span> <span class='ocrx_word' id='word_1_599' title='bbox 2543 5006 2724 5052; x_wconf 85' lang='lat' dir='ltr'><strong>autem</strong></span> <span class='ocrx_word' id='word_1_600' title='bbox 2787 4997 3183 5054; x_wconf 90' lang='lat' dir='ltr'><strong>ﬁrmamentum</strong></span> <span class='ocrx_word' id='word_1_601' title='bbox 3215 5041 3232 5066; x_wconf 93' lang='lat'><strong>,</strong></span> <span class='ocrx_word' id='word_1_602' title='bbox 3290 5002 3393 5056; x_wconf 90' lang='lat' dir='ltr'><strong>nisi</strong></span> <span class='ocrx_word' id='word_1_603' title='bbox 3449 5003 3615 5058; x_wconf 88' lang='lat' dir='ltr'><strong>robur</strong></span> <span class='ocrx_word' id='word_1_604' title='bbox 3667 5013 3754 5058; x_wconf 89' lang='lat' dir='ltr'><strong>est</strong></span> 
     </span>
    </p>
   </div>
   <div class='ocr_carea' id='block_1_76' title="bbox 2181 5083 3755 5158">
    <p class='ocr_par' dir='ltr' id='par_1_76' title="bbox 2181 5083 3755 5158">
     <span class='ocr_line' id='line_1_84' title="bbox 2181 5083 3755 5158; baseline 0.005 -20"><span class='ocrx_word' id='word_1_605' title='bbox 2181 5083 2616 5154; x_wconf 81' lang='lat' dir='ltr'><strong>Scripturarum?</strong></span> <span class='ocrx_word' id='word_1_606' title='bbox 2647 5085 2800 5142; x_wconf 87' lang='lat' dir='ltr'><strong>Unde</strong></span> <span class='ocrx_word' id='word_1_607' title='bbox 2830 5087 3061 5158; x_wconf 82' lang='lat' dir='ltr'><strong>legitur:</strong></span> <span class='ocrx_word' id='word_1_608' title='bbox 3093 5108 3110 5141; x_wconf 76' lang='grc' dir='ltr'>ι</span> <span class='ocrx_word' id='word_1_609' title='bbox 3148 5088 3283 5156; x_wconf 88' lang='lat' dir='ltr'><strong>Quia</strong></span> <span class='ocrx_word' id='word_1_610' title='bbox 3337 5089 3531 5145; x_wconf 79' lang='lat' dir='ltr'><strong>cmlum</strong></span> <span class='ocrx_word' id='word_1_611' title='bbox 3571 5093 3625 5146; x_wconf 89' lang='lat' dir='ltr'><strong>in</strong></span> <span class='ocrx_word' id='word_1_612' title='bbox 3665 5093 3755 5147; x_wconf 84' lang='lat' dir='ltr'><strong>die</strong></span> 
     </span>
    </p>
   </div>
   <div class='ocr_carea' id='block_1_77' title="bbox 2172 5172 3751 5250">
    <p class='ocr_par' dir='ltr' id='par_1_77' title="bbox 2172 5172 3751 5250">
     <span class='ocr_line' id='line_1_85' title="bbox 2172 5172 3751 5250; baseline 0.005 -24"><span class='ocrx_word' id='word_1_613' title='bbox 2172 5172 2359 5240; x_wconf 87' lang='lat' dir='ltr'><strong>judicii</strong></span> <span class='ocrx_word' id='word_1_614' title='bbox 2415 5173 2704 5243; x_wconf 90' lang='lat' dir='ltr'><strong>plicabitur</strong></span> <span class='ocrx_word' id='word_1_615' title='bbox 2751 5176 2892 5230; x_wconf 89' lang='lat' dir='ltr'><strong>sicut</strong></span> <span class='ocrx_word' id='word_1_616' title='bbox 2935 5176 3072 5232; x_wconf 85' lang='lat' dir='ltr'><strong>liber</strong></span> <span class='ocrx_word' id='word_1_617' title='bbox 3122 5177 3252 5247; x_wconf 84' lang='lat' dir='ltr'><strong>(Isa.</strong></span> <span class='ocrx_word' id='word_1_618' title='bbox 3295 5181 3497 5250; x_wconf 79' lang='lat' dir='ltr'><strong>xuiv).</strong></span> <span class='ocrx_word' id='word_1_619' title='bbox 3547 5199 3566 5232; x_wconf 74' lang='grc' dir='ltr'><strong><em>ι</em></strong></span> <span class='ocrx_word' id='word_1_620' title='bbox 3608 5181 3751 5247; x_wconf 85' lang='lat' dir='ltr'><strong>Quid</strong></span> 
     </span>
    </p>
   </div>
   <div class='ocr_carea' id='block_1_78' title="bbox 509 5263 2122 5342">
    <p class='ocr_par' dir='ltr' id='par_1_78' title="bbox 509 5263 2122 5334">
     <span class='ocr_line' id='line_1_86' title="bbox 509 5263 2122 5334; baseline 0.004 -15"><span class='ocrx_word' id='word_1_621' title='bbox 509 5263 637 5319; x_wconf 88' lang='lat' dir='ltr'><strong>ciali</strong></span> <span class='ocrx_word' id='word_1_622' title='bbox 665 5265 1100 5334; x_wconf 86' lang='lat' dir='ltr'><strong>dicitApostolus</strong></span> <span class='ocrx_word' id='word_1_623' title='bbox 1134 5285 1148 5321; x_wconf 74' lang='grc' dir='ltr'><strong><em>τ</em></strong></span> <span class='ocrx_word' id='word_1_624' title='bbox 1183 5285 1201 5318; x_wconf 78' lang='lat' dir='ltr'><strong>t</strong></span> <span class='ocrx_word' id='word_1_625' title='bbox 1239 5269 1419 5323; x_wconf 90' lang='lat' dir='ltr'><strong>Donec</strong></span> <span class='ocrx_word' id='word_1_626' title='bbox 1443 5283 1992 5325; x_wconf 88' lang='lat' dir='ltr'><strong>occurramusomnes</strong></span> <span class='ocrx_word' id='word_1_627' title='bbox 2025 5272 2077 5325; x_wconf 87' lang='lat' dir='ltr'><strong>in</strong></span> <span class='ocrx_word' id='word_1_628' title='bbox 2107 5278 2122 5332; x_wconf 82' lang='lat' dir='ltr'><strong>t</strong></span> 
     </span>
    </p>
   </div>
   <div class='ocr_carea' id='block_1_79' title="bbox 2173 5263 3753 5342">
    <p class='ocr_par' dir='ltr' id='par_1_79' title="bbox 2181 5265 3753 5342">
     <span class='ocr_line' id='line_1_87' title="bbox 2181 5265 3753 5342; baseline 0.005 -25"><span class='ocrx_word' id='word_1_629' title='bbox 2181 5274 2360 5317; x_wconf 85' lang='lat' dir='ltr'><strong>autem</strong></span> <span class='ocrx_word' id='word_1_630' title='bbox 2390 5279 2545 5332; x_wconf 71' lang='lat' dir='ltr'><strong>aqua:</strong></span> <span class='ocrx_word' id='word_1_631' title='bbox 2571 5265 2870 5342; x_wconf 84' lang='lat' dir='ltr'><strong>inferiores,</strong></span> <span class='ocrx_word' id='word_1_632' title='bbox 2905 5269 3009 5322; x_wconf 92' lang='lat' dir='ltr'><strong>nisi</strong></span> <span class='ocrx_word' id='word_1_633' title='bbox 3033 5269 3404 5324; x_wconf 79' lang='lat' dir='ltr'><strong>multitudines</strong></span> <span class='ocrx_word' id='word_1_634' title='bbox 3431 5271 3753 5325; x_wconf 76' lang='lat' dir='ltr'><strong>hominum!</strong></span> 
     </span>
    </p>
   </div>
   <div class='ocr_carea' id='block_1_80' title="bbox 509 5351 2074 5426">
    <p class='ocr_par' dir='ltr' id='par_1_80' title="bbox 509 5351 2074 5426">
     <span class='ocr_line' id='line_1_88' title="bbox 509 5351 2074 5426; baseline 0.004 -20"><span class='ocrx_word' id='word_1_635' title='bbox 509 5352 689 5406; x_wconf 83' lang='lat' dir='ltr'><strong>virum</strong></span> <span class='ocrx_word' id='word_1_636' title='bbox 716 5351 1031 5421; x_wconf 71' lang='lat' dir='ltr'><strong>perfectum,</strong></span> <span class='ocrx_word' id='word_1_637' title='bbox 1074 5355 1125 5408; x_wconf 91' lang='lat' dir='ltr'><strong>in</strong></span> <span class='ocrx_word' id='word_1_638' title='bbox 1174 5371 1482 5410; x_wconf 91' lang='lat' dir='ltr'><strong>mensuram</strong></span> <span class='ocrx_word' id='word_1_639' title='bbox 1514 5358 1690 5412; x_wconf 68' lang='lat' dir='ltr'><strong>aetatis</strong></span> <span class='ocrx_word' id='word_1_640' title='bbox 1725 5357 2074 5426; x_wconf 85' lang='lat' dir='ltr'><strong>plenitudinis</strong></span> 
     </span>
    </p>
   </div>
   <div class='ocr_carea' id='block_1_81' title="bbox 508 5438 2075 5515">
    <p class='ocr_par' dir='ltr' id='par_1_81' title="bbox 508 5438 2075 5515">
     <span class='ocr_line' id='line_1_89' title="bbox 508 5438 2075 5515; baseline 0.002 -18"><span class='ocrx_word' id='word_1_641' title='bbox 508 5438 716 5498; x_wconf 80' lang='lat' dir='ltr'><strong>Christi</strong></span> <span class='ocrx_word' id='word_1_642' title='bbox 745 5441 957 5510; x_wconf 84' lang='lat' dir='ltr'><strong>(Ephes.</strong></span> <span class='ocrx_word' id='word_1_643' title='bbox 999 5443 1095 5512; x_wconf 82' lang='lat' dir='ltr'><strong>tv).</strong></span> <span class='ocrx_word' id='word_1_644' title='bbox 1136 5461 1155 5494; x_wconf 73' lang='grc' dir='ltr'><strong><em>ι</em></strong></span> <span class='ocrx_word' id='word_1_645' title='bbox 1190 5445 1301 5514; x_wconf 81' lang='lat' dir='ltr'><strong>Age</strong></span> <span class='ocrx_word' id='word_1_646' title='bbox 1325 5445 1505 5515; x_wconf 79' lang='lat' dir='ltr'><strong>igitur,</strong></span> <span class='ocrx_word' id='word_1_647' title='bbox 1532 5446 1665 5500; x_wconf 85' lang='lat' dir='ltr'><strong>dixit</strong></span> <span class='ocrx_word' id='word_1_648' title='bbox 1691 5446 1869 5502; x_wconf 86' lang='lat' dir='ltr'><strong>Deus:</strong></span> <span class='ocrx_word' id='word_1_649' title='bbox 1903 5465 1922 5498; x_wconf 73' lang='grc' dir='ltr'>ι</span> <span class='ocrx_word' id='word_1_650' title='bbox 1954 5445 2075 5500; x_wconf 86' lang='lat' dir='ltr'><strong>Fiat</strong></span> 
     </span>
    </p>
   </div>
   <div class='ocr_carea' id='block_1_82' title="bbox 508 5527 2073 5601">
    <p class='ocr_par' dir='ltr' id='par_1_82' title="bbox 508 5527 2073 5601">
     <span class='ocr_line' id='line_1_90' title="bbox 508 5527 2073 5601; baseline 0.005 -17"><span class='ocrx_word' id='word_1_651' title='bbox 508 5527 629 5584; x_wconf 73' lang='lat' dir='ltr'><strong>Lux</strong></span> <span class='ocrx_word' id='word_1_652' title='bbox 653 5527 805 5601; x_wconf 85' lang='lat' dir='ltr'><strong>(Gen.</strong></span> <span class='ocrx_word' id='word_1_653' title='bbox 830 5529 892 5600; x_wconf 80' lang='grc' dir='ltr'><strong>ι).</strong></span> <span class='ocrx_word' id='word_1_654' title='bbox 931 5549 948 5580; x_wconf 74' lang='grc' dir='ltr'><strong><em>ι</em></strong></span> <span class='ocrx_word' id='word_1_655' title='bbox 980 5530 1129 5586; x_wconf 87' lang='lat' dir='ltr'><strong>Tunc</strong></span> <span class='ocrx_word' id='word_1_656' title='bbox 1158 5542 1337 5588; x_wconf 90' lang='lat' dir='ltr'><strong>autem</strong></span> <span class='ocrx_word' id='word_1_657' title='bbox 1361 5535 1654 5590; x_wconf 53' lang='lat' dir='ltr'><strong>in‘bomine</strong></span> <span class='ocrx_word' id='word_1_658' title='bbox 1675 5536 1872 5592; x_wconf 91' lang='lat' dir='ltr'><strong>dicitur</strong></span> <span class='ocrx_word' id='word_1_659' title='bbox 1901 5547 1960 5592; x_wconf 91' lang='lat' dir='ltr'><strong>ut</strong></span> <span class='ocrx_word' id='word_1_660' title='bbox 1985 5537 2073 5592; x_wconf 75' lang='lat' dir='ltr'><strong>lux</strong></span> 
     </span>
    </p>
   </div>
   <div class='ocr_carea' id='block_1_83' title="bbox 509 5617 2072 5686">
    <p class='ocr_par' dir='ltr' id='par_1_83' title="bbox 509 5617 2072 5686">
     <span class='ocr_line' id='line_1_91' title="bbox 509 5617 2072 5686; baseline 0.004 -13"><span class='ocrx_word' id='word_1_661' title='bbox 509 5617 626 5686; x_wconf 77' lang='lat' dir='ltr'><strong>ﬂat,</strong></span> <span class='ocrx_word' id='word_1_662' title='bbox 661 5635 779 5674; x_wconf 88' lang='lat' dir='ltr'><strong>cum</strong></span> <span class='ocrx_word' id='word_1_663' title='bbox 825 5619 984 5672; x_wconf 87' lang='lat' dir='ltr'><strong>datur</strong></span> <span class='ocrx_word' id='word_1_664' title='bbox 1013 5635 1067 5677; x_wconf 84' lang='lat' dir='ltr'><strong>ut</strong></span> <span class='ocrx_word' id='word_1_665' title='bbox 1096 5619 1413 5677; x_wconf 56' lang='lat' dir='ltr'><strong>illuminatio</strong></span> <span class='ocrx_word' id='word_1_666' title='bbox 1465 5623 1565 5678; x_wconf 84' lang='lat' dir='ltr'><strong>sibi</strong></span> <span class='ocrx_word' id='word_1_667' title='bbox 1615 5624 1947 5682; x_wconf 85' lang='lat' dir='ltr'><strong>credulitatis</strong></span> <span class='ocrx_word' id='word_1_668' title='bbox 1993 5627 2072 5680; x_wconf 85' lang='lat' dir='ltr'><strong>in-</strong></span> 
     </span>
    </p>
   </div>
   <div class='ocr_carea' id='block_1_84' title="bbox 2182 5352 3752 5428">
    <p class='ocr_par' dir='ltr' id='par_1_84' title="bbox 2182 5352 3752 5428">
     <span class='ocr_line' id='line_1_92' title="bbox 2182 5352 3752 5428; baseline 0.006 -26"><span class='ocrx_word' id='word_1_669' title='bbox 2182 5352 2309 5421; x_wconf 88' lang='lat' dir='ltr'><strong>quid</strong></span> <span class='ocrx_word' id='word_1_670' title='bbox 2341 5354 2667 5421; x_wconf 89' lang='lat' dir='ltr'><strong>superiores,</strong></span> <span class='ocrx_word' id='word_1_671' title='bbox 2709 5353 2810 5408; x_wconf 89' lang='lat' dir='ltr'><strong>nisi</strong></span> <span class='ocrx_word' id='word_1_672' title='bbox 2839 5355 2988 5411; x_wconf 90' lang='lat' dir='ltr'><strong>chori</strong></span> <span class='ocrx_word' id='word_1_673' title='bbox 3028 5366 3152 5409; x_wconf 88' lang='lat' dir='ltr'><strong>sunt</strong></span> <span class='ocrx_word' id='word_1_674' title='bbox 3181 5358 3530 5425; x_wconf 82' lang='lat' dir='ltr'><strong>angelorum?</strong></span> <span class='ocrx_word' id='word_1_675' title='bbox 3557 5357 3752 5428; x_wconf 82' lang='lat' dir='ltr'><strong>Angeli</strong></span> 
     </span>
    </p>
   </div>
   <div class='ocr_carea' id='block_1_85' title="bbox 2181 5441 3748 5515">
    <p class='ocr_par' dir='ltr' id='par_1_85' title="bbox 2181 5441 3748 5515">
     <span class='ocr_line' id='line_1_93' title="bbox 2181 5441 3748 5515; baseline 0.003 -21"><span class='ocrx_word' id='word_1_676' title='bbox 2181 5443 2323 5494; x_wconf 86' lang='lat' dir='ltr'><strong>enim</strong></span> <span class='ocrx_word' id='word_1_677' title='bbox 2351 5441 2750 5512; x_wconf 86' lang='lat' dir='ltr'><strong>Scripturarum</strong></span> <span class='ocrx_word' id='word_1_678' title='bbox 2777 5442 2885 5514; x_wconf 83' lang='lat'><strong>79</strong></span> <span class='ocrx_word' id='word_1_679' title='bbox 2903 5445 3097 5500; x_wconf 78' lang='lat' dir='ltr'><strong>cmlum</strong></span> <span class='ocrx_word' id='word_1_680' title='bbox 3126 5461 3232 5500; x_wconf 88' lang='lat' dir='ltr'><strong>non</strong></span> <span class='ocrx_word' id='word_1_681' title='bbox 3260 5446 3462 5501; x_wconf 89' lang='lat' dir='ltr'><strong>habent</strong></span> <span class='ocrx_word' id='word_1_682' title='bbox 3482 5461 3643 5515; x_wconf 86' lang='lat' dir='ltr'><strong>super</strong></span> <span class='ocrx_word' id='word_1_683' title='bbox 3669 5462 3748 5511; x_wconf 89' lang='lat' dir='ltr'><strong>se,</strong></span> 
     </span>
    </p>
   </div>
   <div class='ocr_carea' id='block_1_86' title="bbox 2181 5534 3751 5606">
    <p class='ocr_par' dir='ltr' id='par_1_86' title="bbox 2181 5534 3751 5606">
     <span class='ocr_line' id='line_1_94' title="bbox 2181 5534 3751 5606; baseline 0.001 -18"><span class='ocrx_word' id='word_1_684' title='bbox 2181 5534 2274 5588; x_wconf 90' lang='lat' dir='ltr'><strong>sed</strong></span> <span class='ocrx_word' id='word_1_685' title='bbox 2314 5534 2414 5590; x_wconf 90' lang='lat' dir='ltr'><strong>sub</strong></span> <span class='ocrx_word' id='word_1_686' title='bbox 2438 5549 2525 5601; x_wconf 87' lang='lat' dir='ltr'><strong>se;</strong></span> <span class='ocrx_word' id='word_1_687' title='bbox 2561 5538 2686 5604; x_wconf 87' lang='lat' dir='ltr'><strong>quia</strong></span> <span class='ocrx_word' id='word_1_688' title='bbox 2717 5551 2824 5591; x_wconf 91' lang='lat' dir='ltr'><strong>non</strong></span> <span class='ocrx_word' id='word_1_689' title='bbox 2849 5547 3009 5606; x_wconf 78' lang='lat' dir='ltr'><strong>egent</strong></span> <span class='ocrx_word' id='word_1_690' title='bbox 3053 5547 3112 5592; x_wconf 93' lang='lat' dir='ltr'><strong>ut</strong></span> <span class='ocrx_word' id='word_1_691' title='bbox 3142 5540 3361 5593; x_wconf 82' lang='lat' dir='ltr'><strong>verbum</strong></span> <span class='ocrx_word' id='word_1_692' title='bbox 3392 5537 3484 5592; x_wconf 88' lang='lat' dir='ltr'><strong>Dei</strong></span> <span class='ocrx_word' id='word_1_693' title='bbox 3512 5538 3751 5605; x_wconf 83' lang='lat' dir='ltr'><strong>legentes</strong></span> 
     </span>
    </p>
   </div>
   <div class='ocr_carea' id='block_1_87' title="bbox 2182 5626 3749 5699">
    <p class='ocr_par' dir='ltr' id='par_1_87' title="bbox 2182 5626 3749 5699">
     <span class='ocr_line' id='line_1_95' title="bbox 2182 5626 3749 5699; baseline 0.003 -21"><span class='ocrx_word' id='word_1_694' title='bbox 2182 5626 2422 5693; x_wconf 84' lang='lat' dir='ltr'><strong>audiant,</strong></span> <span class='ocrx_word' id='word_1_695' title='bbox 2455 5628 2579 5696; x_wconf 90' lang='lat' dir='ltr'><strong>quia</strong></span> <span class='ocrx_word' id='word_1_696' title='bbox 2609 5628 2780 5697; x_wconf 88' lang='lat' dir='ltr'><strong>ipsum</strong></span> <span class='ocrx_word' id='word_1_697' title='bbox 2808 5628 3087 5684; x_wconf 87' lang='lat' dir='ltr'><strong>Dominum</strong></span> <span class='ocrx_word' id='word_1_698' title='bbox 3119 5639 3430 5699; x_wconf 70' lang='lat' dir='ltr'><strong>prmsentem</strong></span> <span class='ocrx_word' id='word_1_699' title='bbox 3464 5627 3749 5683; x_wconf 80' lang='lat' dir='ltr'><strong>manifesto</strong></span> 
     </span>
    </p>
   </div>
  </div>
