  <div class='ocr_page' id='page_1' title='image "/cluster/home/n/w/nwhite01/storage/ocr_20150623/145/hvd.32044015471824/504.png"; bbox 0 0 4078 6336; ppageno 0'>
   <div class='ocr_carea' id='block_1_1' title="bbox 331 309 434 372">
    <p class='ocr_par' dir='ltr' id='par_1_1' title="bbox 331 309 434 372">
     <span class='ocr_line' id='line_1_1' title="bbox 331 309 434 372; baseline 0.019 -3"><span class='ocrx_word' id='word_1_1' title='bbox 331 309 434 372; x_wconf 77' lang='lat'><strong>933</strong></span> 
     </span>
    </p>
   </div>
   <div class='ocr_carea' id='block_1_2' title="bbox 1615 315 2330 372">
    <p class='ocr_par' dir='ltr' id='par_1_2' title="bbox 1615 315 2330 372">
     <span class='ocr_line' id='line_1_2' title="bbox 1615 315 2330 372; baseline -0.003 0"><span class='ocrx_word' id='word_1_2' title='bbox 1615 319 1680 372; x_wconf 67' lang='grc' dir='ltr'><strong>ΙΝ</strong></span> <span class='ocrx_word' id='word_1_3' title='bbox 1721 318 1978 372; x_wconf 75' lang='lat' dir='ltr'><strong>LIBRUM</strong></span> <span class='ocrx_word' id='word_1_4' title='bbox 2019 315 2330 372; x_wconf 75' lang='lat' dir='ltr'><strong>CENESIS.</strong></span> 
     </span>
    </p>
   </div>
   <div class='ocr_carea' id='block_1_3' title="bbox 3471 318 3572 371">
    <p class='ocr_par' dir='ltr' id='par_1_3' title="bbox 3471 318 3572 371">
     <span class='ocr_line' id='line_1_3' title="bbox 3471 318 3572 371; baseline 0.01 -1"><span class='ocrx_word' id='word_1_5' title='bbox 3471 319 3501 370; x_wconf 78' lang='lat'><strong>9</strong></span> <span class='ocrx_word' id='word_1_6' title='bbox 3510 318 3572 371; x_wconf 72' lang='grc' dir='ltr'><strong>9ιῦ</strong></span> 
     </span>
    </p>
   </div>
   <div class='ocr_carea' id='block_1_4' title="bbox 322 425 3568 500">
    <p class='ocr_par' dir='ltr' id='par_1_4' title="bbox 322 425 3568 500">
     <span class='ocr_line' id='line_1_4' title="bbox 322 425 3568 500; baseline 0 -17"><span class='ocrx_word' id='word_1_7' title='bbox 322 427 684 497; x_wconf 86' lang='lat' dir='ltr'><strong>conspiciunt,</strong></span> <span class='ocrx_word' id='word_1_8' title='bbox 708 437 760 481; x_wconf 88' lang='lat' dir='ltr'><strong>et</strong></span> <span class='ocrx_word' id='word_1_9' title='bbox 801 426 854 482; x_wconf 91' lang='lat' dir='ltr'><strong>ln</strong></span> <span class='ocrx_word' id='word_1_10' title='bbox 898 425 1013 498; x_wconf 81' lang='lat' dir='ltr'><strong>ejus</strong></span> <span class='ocrx_word' id='word_1_11' title='bbox 1043 444 1255 500; x_wconf 83' lang='lat' dir='ltr'><strong>semper</strong></span> <span class='ocrx_word' id='word_1_12' title='bbox 1283 445 1467 485; x_wconf 86' lang='lat' dir='ltr'><strong>amore</strong></span> <span class='ocrx_word' id='word_1_13' title='bbox 1496 428 1889 484; x_wconf 84' lang='lat' dir='ltr'><strong>ﬂammescunt.</strong></span> <span class='ocrx_word' id='word_1_14' title='bbox 1923 434 1968 492; x_wconf 78' lang='grc' dir='ltr'><strong>Α</strong></span> <span class='ocrx_word' id='word_1_15' title='bbox 1996 443 2094 498; x_wconf 88' lang='lat' dir='ltr'><strong>per</strong></span> <span class='ocrx_word' id='word_1_16' title='bbox 2119 442 2300 484; x_wconf 85' lang='lat' dir='ltr'><strong>aerem</strong></span> <span class='ocrx_word' id='word_1_17' title='bbox 2334 427 2500 493; x_wconf 84' lang='lat' dir='ltr'><strong>volat,</strong></span> <span class='ocrx_word' id='word_1_18' title='bbox 2537 445 2683 499; x_wconf 82' lang='lat' dir='ltr'><strong>quia,</strong></span> <span class='ocrx_word' id='word_1_19' title='bbox 2723 440 2936 485; x_wconf 86' lang='lat' dir='ltr'><strong>terrena</strong></span> <span class='ocrx_word' id='word_1_20' title='bbox 2969 443 3196 499; x_wconf 71' lang='lat' dir='ltr'><strong>qureque</strong></span> <span class='ocrx_word' id='word_1_21' title='bbox 3249 429 3568 497; x_wconf 80' lang='lat' dir='ltr'><strong>despiciens.</strong></span> 
     </span>
    </p>
   </div>
   <div class='ocr_carea' id='block_1_5' title="bbox 320 513 1895 592">
    <p class='ocr_par' dir='ltr' id='par_1_5' title="bbox 320 513 1895 592">
     <span class='ocr_line' id='line_1_5' title="bbox 320 513 1895 592; baseline 0.001 -19"><span class='ocrx_word' id='word_1_22' title='bbox 320 517 455 574; x_wconf 91' lang='lat' dir='ltr'><strong>Cum</strong></span> <span class='ocrx_word' id='word_1_23' title='bbox 509 519 673 586; x_wconf 80' lang='lat' dir='ltr'><strong>igitur</strong></span> <span class='ocrx_word' id='word_1_24' title='bbox 714 513 878 572; x_wconf 82' lang='lat' dir='ltr'><strong>homo</strong></span> <span class='ocrx_word' id='word_1_25' title='bbox 917 534 1012 588; x_wconf 85' lang='lat' dir='ltr'><strong>per</strong></span> <span class='ocrx_word' id='word_1_26' title='bbox 1059 519 1478 584; x_wconf 80' lang='lat' dir='ltr'><strong>ﬁrmamentum,</strong></span> <span class='ocrx_word' id='word_1_27' title='bbox 1520 524 1621 575; x_wconf 90' lang='lat' dir='ltr'><strong>hoc</strong></span> <span class='ocrx_word' id='word_1_28' title='bbox 1667 530 1770 587; x_wconf 89' lang='lat' dir='ltr'><strong>est,</strong></span> <span class='ocrx_word' id='word_1_29' title='bbox 1799 537 1895 592; x_wconf 90' lang='lat' dir='ltr'><strong>per</strong></span> 
     </span>
    </p>
   </div>
   <div class='ocr_carea' id='block_1_6' title="bbox 321 605 1895 679">
    <p class='ocr_par' dir='ltr' id='par_1_6' title="bbox 321 605 1895 679">
     <span class='ocr_line' id='line_1_6' title="bbox 321 605 1895 679; baseline 0 -16"><span class='ocrx_word' id='word_1_30' title='bbox 321 605 565 663; x_wconf 64' lang='lat' dir='ltr'><strong>malestis</strong></span> <span class='ocrx_word' id='word_1_31' title='bbox 594 605 788 674; x_wconf 93' lang='lat' dir='ltr'><strong>eloquii</strong></span> <span class='ocrx_word' id='word_1_32' title='bbox 823 607 1226 672; x_wconf 89' lang='lat' dir='ltr'><strong>documentum,</strong></span> <span class='ocrx_word' id='word_1_33' title='bbox 1248 607 1360 678; x_wconf 87' lang='lat' dir='ltr'><strong>jam</strong></span> <span class='ocrx_word' id='word_1_34' title='bbox 1392 610 1577 679; x_wconf 91' lang='lat' dir='ltr'><strong>incipit</strong></span> <span class='ocrx_word' id='word_1_35' title='bbox 1612 609 1895 664; x_wconf 80' lang='lat' dir='ltr'><strong>inferiores</strong></span> 
     </span>
    </p>
   </div>
   <div class='ocr_carea' id='block_1_7' title="bbox 321 698 1892 772">
    <p class='ocr_par' dir='ltr' id='par_1_7' title="bbox 321 698 1892 772">
     <span class='ocr_line' id='line_1_7' title="bbox 321 698 1892 772; baseline 0.003 -22"><span class='ocrx_word' id='word_1_36' title='bbox 321 712 492 767; x_wconf 85' lang='lat' dir='ltr'><strong>aquas</strong></span> <span class='ocrx_word' id='word_1_37' title='bbox 518 698 929 767; x_wconf 85' lang='lat' dir='ltr'><strong>superioresque</strong></span> <span class='ocrx_word' id='word_1_38' title='bbox 952 699 1158 765; x_wconf 88' lang='lat' dir='ltr'><strong>videre,</strong></span> <span class='ocrx_word' id='word_1_39' title='bbox 1189 700 1243 755; x_wconf 92' lang='lat' dir='ltr'><strong>id</strong></span> <span class='ocrx_word' id='word_1_40' title='bbox 1269 710 1371 763; x_wconf 87' lang='lat' dir='ltr'><strong>est,</strong></span> <span class='ocrx_word' id='word_1_41' title='bbox 1404 700 1640 756; x_wconf 82' lang='lat' dir='ltr'><strong>carnalia</strong></span> <span class='ocrx_word' id='word_1_42' title='bbox 1671 717 1700 754; x_wconf 89' lang='lat' dir='ltr'><strong>a</strong></span> <span class='ocrx_word' id='word_1_43' title='bbox 1732 703 1892 772; x_wconf 90' lang='lat' dir='ltr'><strong>spiri-</strong></span> 
     </span>
    </p>
   </div>
   <div class='ocr_carea' id='block_1_8' title="bbox 329 790 1896 864">
    <p class='ocr_par' dir='ltr' id='par_1_8' title="bbox 329 790 1896 864">
     <span class='ocr_line' id='line_1_8' title="bbox 329 790 1896 864; baseline 0.001 -18"><span class='ocrx_word' id='word_1_44' title='bbox 329 790 586 856; x_wconf 87' lang='lat' dir='ltr'><strong>tualibus,</strong></span> <span class='ocrx_word' id='word_1_45' title='bbox 633 798 848 844; x_wconf 89' lang='lat' dir='ltr'><strong>terrena</strong></span> <span class='ocrx_word' id='word_1_46' title='bbox 896 805 927 844; x_wconf 89' lang='lat' dir='ltr'><strong>a</strong></span> <span class='ocrx_word' id='word_1_47' title='bbox 956 791 1271 847; x_wconf 71' lang='lat' dir='ltr'><strong>cmlestibus</strong></span> <span class='ocrx_word' id='word_1_48' title='bbox 1297 807 1568 864; x_wconf 88' lang='lat' dir='ltr'><strong>separare,</strong></span> <span class='ocrx_word' id='word_1_49' title='bbox 1599 802 1712 847; x_wconf 91' lang='lat' dir='ltr'><strong>tum</strong></span> <span class='ocrx_word' id='word_1_50' title='bbox 1749 794 1801 848; x_wconf 92' lang='lat' dir='ltr'><strong>in</strong></span> <span class='ocrx_word' id='word_1_51' title='bbox 1830 809 1896 847; x_wconf 90' lang='lat' dir='ltr'><strong>eo</strong></span> 
     </span>
    </p>
   </div>
   <div class='ocr_carea' id='block_1_9' title="bbox 319 879 1893 948">
    <p class='ocr_par' dir='ltr' id='par_1_9' title="bbox 319 879 1893 948">
     <span class='ocr_line' id='line_1_9' title="bbox 319 879 1893 948; baseline 0 -14"><span class='ocrx_word' id='word_1_52' title='bbox 319 879 590 935; x_wconf 85' lang='lat' dir='ltr'><strong>secundus</strong></span> <span class='ocrx_word' id='word_1_53' title='bbox 625 879 686 933; x_wconf 83' lang='lat' dir='ltr'><strong>lit</strong></span> <span class='ocrx_word' id='word_1_54' title='bbox 712 879 866 933; x_wconf 87' lang='lat' dir='ltr'><strong>dies:</strong></span> <span class='ocrx_word' id='word_1_55' title='bbox 897 881 1022 948; x_wconf 88' lang='lat' dir='ltr'><strong>quia</strong></span> <span class='ocrx_word' id='word_1_56' title='bbox 1056 896 1162 934; x_wconf 92' lang='lat' dir='ltr'><strong>non</strong></span> <span class='ocrx_word' id='word_1_57' title='bbox 1199 881 1357 936; x_wconf 92' lang='lat' dir='ltr'><strong>modo</strong></span> <span class='ocrx_word' id='word_1_58' title='bbox 1403 881 1525 937; x_wconf 86' lang='lat' dir='ltr'><strong>ﬁdei</strong></span> <span class='ocrx_word' id='word_1_59' title='bbox 1573 880 1770 946; x_wconf 83' lang='lat' dir='ltr'><strong>lucem,</strong></span> <span class='ocrx_word' id='word_1_60' title='bbox 1799 883 1893 936; x_wconf 88' lang='lat' dir='ltr'><strong>sed</strong></span> 
     </span>
    </p>
   </div>
   <div class='ocr_carea' id='block_1_10' title="bbox 317 969 1450 1039">
    <p class='ocr_par' dir='ltr' id='par_1_10' title="bbox 317 969 1450 1039">
     <span class='ocr_line' id='line_1_10' title="bbox 317 969 1450 1039; baseline 0.001 -15"><span class='ocrx_word' id='word_1_61' title='bbox 317 978 380 1025; x_wconf 84' lang='lat' dir='ltr'><strong>et</strong></span> <span class='ocrx_word' id='word_1_62' title='bbox 399 983 581 1024; x_wconf 84' lang='lat' dir='ltr'><strong>rerum</strong></span> <span class='ocrx_word' id='word_1_63' title='bbox 613 969 801 1039; x_wconf 87' lang='lat' dir='ltr'><strong>incipit</strong></span> <span class='ocrx_word' id='word_1_64' title='bbox 823 969 1023 1024; x_wconf 89' lang='lat' dir='ltr'><strong>habere</strong></span> <span class='ocrx_word' id='word_1_65' title='bbox 1049 970 1450 1027; x_wconf 82' lang='lat' dir='ltr'><strong>discretionem.</strong></span> 
     </span>
    </p>
   </div>
   <div class='ocr_carea' id='block_1_11' title="bbox 423 1049 1273 1116">
    <p class='ocr_par' dir='ltr' id='par_1_11' title="bbox 423 1049 1273 1116">
     <span class='ocr_line' id='line_1_11' title="bbox 423 1049 1273 1116; baseline -0.002 0"><span class='ocrx_word' id='word_1_66' title='bbox 423 1049 428 1054; x_wconf 56' lang='grc'><em>’</em></span> <span class='ocrx_word' id='word_1_67' title='bbox 924 1059 1153 1116; x_wconf 78' lang='lat' dir='ltr'><strong>CAPUT</strong></span> <span class='ocrx_word' id='word_1_68' title='bbox 1189 1060 1273 1114; x_wconf 82' lang='lat' dir='ltr'><strong>lli.</strong></span> 
     </span>
    </p>
   </div>
   <div class='ocr_carea' id='block_1_12' title="bbox 834 1148 1386 1218">
    <p class='ocr_par' dir='ltr' id='par_1_12' title="bbox 834 1148 1386 1218">
     <span class='ocr_line' id='line_1_12' title="bbox 834 1148 1386 1218; baseline -0.004 -14"><span class='ocrx_word' id='word_1_69' title='bbox 834 1148 901 1204; x_wconf 89' lang='lat' dir='ltr'><strong>In</strong></span> <span class='ocrx_word' id='word_1_70' title='bbox 938 1149 1118 1202; x_wconf 85' lang='lat' dir='ltr'><strong>eadem</strong></span> <span class='ocrx_word' id='word_1_71' title='bbox 1147 1149 1386 1218; x_wconf 76' lang='lat' dir='ltr'><strong>epistola.</strong></span> 
     </span>
    </p>
   </div>
   <div class='ocr_carea' id='block_1_13' title="bbox 389 1241 1893 1313">
    <p class='ocr_par' dir='ltr' id='par_1_13' title="bbox 389 1241 1893 1313">
     <span class='ocr_line' id='line_1_13' title="bbox 389 1241 1893 1313; baseline 0.001 -17"><span class='ocrx_word' id='word_1_72' title='bbox 389 1242 591 1299; x_wconf 81' lang='lat' dir='ltr'><strong>Deinde</strong></span> <span class='ocrx_word' id='word_1_73' title='bbox 616 1241 754 1297; x_wconf 79' lang='lat' dir='ltr'><strong>dixit</strong></span> <span class='ocrx_word' id='word_1_74' title='bbox 781 1241 959 1297; x_wconf 81' lang='lat' dir='ltr'><strong>Deus:</strong></span> <span class='ocrx_word' id='word_1_75' title='bbox 996 1260 1023 1294; x_wconf 62' lang='grc' dir='ltr'><strong>«ι</strong></span> <span class='ocrx_word' id='word_1_76' title='bbox 1041 1241 1452 1313; x_wconf 83' lang='lat' dir='ltr'><strong>Congregentur</strong></span> <span class='ocrx_word' id='word_1_77' title='bbox 1473 1258 1628 1313; x_wconf 66' lang='lat' dir='ltr'><strong>aquae</strong></span> <span class='ocrx_word' id='word_1_78' title='bbox 1649 1258 1768 1313; x_wconf 73' lang='lat' dir='ltr'><strong>qua:</strong></span> <span class='ocrx_word' id='word_1_79' title='bbox 1795 1243 1893 1298; x_wconf 95' lang='lat' dir='ltr'><strong>sub</strong></span> 
     </span>
    </p>
   </div>
   <div class='ocr_carea' id='block_1_14' title="bbox 319 1331 1888 1402">
    <p class='ocr_par' dir='ltr' id='par_1_14' title="bbox 319 1331 1888 1402">
     <span class='ocr_line' id='line_1_14' title="bbox 319 1331 1888 1402; baseline 0 -15"><span class='ocrx_word' id='word_1_80' title='bbox 319 1332 458 1387; x_wconf 59' lang='lat' dir='ltr'><strong>caelo</strong></span> <span class='ocrx_word' id='word_1_81' title='bbox 487 1340 634 1396; x_wconf 84' lang='lat' dir='ltr'><strong>sunt,</strong></span> <span class='ocrx_word' id='word_1_82' title='bbox 664 1331 721 1388; x_wconf 89' lang='lat' dir='ltr'><strong>in</strong></span> <span class='ocrx_word' id='word_1_83' title='bbox 749 1347 913 1386; x_wconf 89' lang='lat' dir='ltr'><strong>unum</strong></span> <span class='ocrx_word' id='word_1_84' title='bbox 949 1332 1150 1397; x_wconf 90' lang='lat' dir='ltr'><strong>locum,</strong></span> <span class='ocrx_word' id='word_1_85' title='bbox 1179 1341 1235 1385; x_wconf 90' lang='lat' dir='ltr'><strong>et</strong></span> <span class='ocrx_word' id='word_1_86' title='bbox 1271 1344 1530 1402; x_wconf 85' lang='lat' dir='ltr'><strong>appareat</strong></span> <span class='ocrx_word' id='word_1_87' title='bbox 1557 1334 1705 1388; x_wconf 90' lang='lat' dir='ltr'><strong>arida</strong></span> <span class='ocrx_word' id='word_1_88' title='bbox 1739 1331 1888 1402; x_wconf 73' lang='lat' dir='ltr'><strong>(Gen.</strong></span> 
     </span>
    </p>
   </div>
   <div class='ocr_carea' id='block_1_15' title="bbox 321 1422 1891 1494">
    <p class='ocr_par' dir='ltr' id='par_1_15' title="bbox 321 1422 1891 1494">
     <span class='ocr_line' id='line_1_15' title="bbox 321 1422 1891 1494; baseline -0.001 -16"><span class='ocrx_word' id='word_1_89' title='bbox 321 1427 385 1494; x_wconf 86' lang='grc' dir='ltr'><strong>ι.)</strong></span> <span class='ocrx_word' id='word_1_90' title='bbox 423 1443 442 1474; x_wconf 75' lang='grc' dir='ltr'><strong><em>ι</em></strong></span> <span class='ocrx_word' id='word_1_91' title='bbox 476 1423 641 1477; x_wconf 86' lang='lat' dir='ltr'><strong>Facta</strong></span> <span class='ocrx_word' id='word_1_92' title='bbox 670 1422 836 1493; x_wconf 82' lang='lat' dir='ltr'><strong>igitur</strong></span> <span class='ocrx_word' id='word_1_93' title='bbox 870 1423 1132 1477; x_wconf 85' lang='lat' dir='ltr'><strong>divisione</strong></span> <span class='ocrx_word' id='word_1_94' title='bbox 1169 1425 1308 1478; x_wconf 91' lang='lat' dir='ltr'><strong>inter</strong></span> <span class='ocrx_word' id='word_1_95' title='bbox 1339 1436 1552 1478; x_wconf 83' lang='lat' dir='ltr'><strong>terrena</strong></span> <span class='ocrx_word' id='word_1_96' title='bbox 1577 1464 1592 1488; x_wconf 92' lang='lat'><strong>,</strong></span> <span class='ocrx_word' id='word_1_97' title='bbox 1639 1425 1780 1478; x_wconf 87' lang='lat' dir='ltr'><strong>sicut</strong></span> <span class='ocrx_word' id='word_1_98' title='bbox 1814 1425 1891 1478; x_wconf 87' lang='lat' dir='ltr'><strong>di-</strong></span> 
     </span>
    </p>
   </div>
   <div class='ocr_carea' id='block_1_16' title="bbox 314 1512 1892 1580">
    <p class='ocr_par' dir='ltr' id='par_1_16' title="bbox 314 1512 1892 1580">
     <span class='ocr_line' id='line_1_16' title="bbox 314 1512 1892 1580; baseline 0.001 -14"><span class='ocrx_word' id='word_1_99' title='bbox 314 1522 458 1566; x_wconf 82' lang='lat' dir='ltr'><strong>ctum</strong></span> <span class='ocrx_word' id='word_1_100' title='bbox 477 1521 579 1578; x_wconf 88' lang='lat' dir='ltr'><strong>est,</strong></span> <span class='ocrx_word' id='word_1_101' title='bbox 597 1520 757 1580; x_wconf 90' lang='lat' dir='ltr'><strong>atque</strong></span> <span class='ocrx_word' id='word_1_102' title='bbox 780 1512 1041 1575; x_wconf 75' lang='lat' dir='ltr'><strong>etelestia,</strong></span> <span class='ocrx_word' id='word_1_103' title='bbox 1064 1527 1283 1568; x_wconf 88' lang='lat' dir='ltr'><strong>necesse</strong></span> <span class='ocrx_word' id='word_1_104' title='bbox 1303 1523 1386 1570; x_wconf 86' lang='lat' dir='ltr'><strong>est</strong></span> <span class='ocrx_word' id='word_1_105' title='bbox 1405 1523 1459 1567; x_wconf 86' lang='lat' dir='ltr'><strong>ut</strong></span> <span class='ocrx_word' id='word_1_106' title='bbox 1486 1515 1717 1568; x_wconf 86' lang='lat' dir='ltr'><strong>humana</strong></span> <span class='ocrx_word' id='word_1_107' title='bbox 1741 1531 1892 1568; x_wconf 85' lang='lat' dir='ltr'><strong>mens</strong></span> 
     </span>
    </p>
   </div>
   <div class='ocr_carea' id='block_1_17' title="bbox 319 1601 1885 1662">
    <p class='ocr_par' dir='ltr' id='par_1_17' title="bbox 319 1601 1885 1662">
     <span class='ocr_line' id='line_1_17' title="bbox 319 1601 1885 1662; baseline 0.001 -8"><span class='ocrx_word' id='word_1_108' title='bbox 319 1601 435 1655; x_wconf 83' lang='lat' dir='ltr'><strong>haec</strong></span> <span class='ocrx_word' id='word_1_109' title='bbox 454 1601 643 1656; x_wconf 89' lang='lat' dir='ltr'><strong>eadem</strong></span> <span class='ocrx_word' id='word_1_110' title='bbox 673 1610 888 1656; x_wconf 88' lang='lat' dir='ltr'><strong>terrena</strong></span> <span class='ocrx_word' id='word_1_111' title='bbox 915 1603 1093 1657; x_wconf 90' lang='lat' dir='ltr'><strong>adhuc</strong></span> <span class='ocrx_word' id='word_1_112' title='bbox 1125 1603 1265 1658; x_wconf 92' lang='lat' dir='ltr'><strong>inter</strong></span> <span class='ocrx_word' id='word_1_113' title='bbox 1293 1618 1352 1658; x_wconf 87' lang='lat' dir='ltr'><strong>se</strong></span> <span class='ocrx_word' id='word_1_114' title='bbox 1380 1603 1640 1658; x_wconf 89' lang='lat' dir='ltr'><strong>minutius</strong></span> <span class='ocrx_word' id='word_1_115' title='bbox 1665 1603 1885 1662; x_wconf 85' lang='lat' dir='ltr'><strong>dividat,</strong></span> 
     </span>
    </p>
   </div>
   <div class='ocr_carea' id='block_1_18' title="bbox 312 1689 1891 1761">
    <p class='ocr_par' dir='ltr' id='par_1_18' title="bbox 312 1689 1891 1761">
     <span class='ocr_line' id='line_1_18' title="bbox 312 1689 1891 1761; baseline -0.001 -17"><span class='ocrx_word' id='word_1_116' title='bbox 312 1697 370 1744; x_wconf 84' lang='lat' dir='ltr'><strong>et</strong></span> <span class='ocrx_word' id='word_1_117' title='bbox 390 1689 470 1744; x_wconf 88' lang='lat' dir='ltr'><strong>sic</strong></span> <span class='ocrx_word' id='word_1_118' title='bbox 493 1690 748 1759; x_wconf 89' lang='lat' dir='ltr'><strong>reprobos</strong></span> <span class='ocrx_word' id='word_1_119' title='bbox 769 1691 1032 1754; x_wconf 88' lang='lat' dir='ltr'><strong>homines,</strong></span> <span class='ocrx_word' id='word_1_120' title='bbox 1057 1691 1213 1759; x_wconf 85' lang='lat' dir='ltr'><strong>hujus</strong></span> <span class='ocrx_word' id='word_1_121' title='bbox 1239 1701 1468 1747; x_wconf 70' lang='lat' dir='ltr'><strong>terrente</strong></span> <span class='ocrx_word' id='word_1_122' title='bbox 1481 1693 1758 1761; x_wconf 75' lang='lat' dir='ltr'><strong>sapientiae</strong></span> <span class='ocrx_word' id='word_1_123' title='bbox 1786 1693 1891 1746; x_wconf 84' lang='lat' dir='ltr'><strong>sal-</strong></span> 
     </span>
    </p>
   </div>
   <div class='ocr_carea' id='block_1_19' title="bbox 1997 520 3570 593">
    <p class='ocr_par' dir='ltr' id='par_1_19' title="bbox 1997 520 3570 593">
     <span class='ocr_line' id='line_1_19' title="bbox 1997 520 3570 593; baseline 0.001 -19"><span class='ocrx_word' id='word_1_124' title='bbox 1997 533 2066 574; x_wconf 83' lang='lat' dir='ltr'><strong>au</strong></span> <span class='ocrx_word' id='word_1_125' title='bbox 2111 520 2349 576; x_wconf 65' lang='lat' dir='ltr'><strong>coelestia</strong></span> <span class='ocrx_word' id='word_1_126' title='bbox 2376 521 2681 576; x_wconf 88' lang='lat' dir='ltr'><strong>sitibundus</strong></span> <span class='ocrx_word' id='word_1_127' title='bbox 2713 523 2924 577; x_wconf 86' lang='lat' dir='ltr'><strong>anhelat</strong></span> <span class='ocrx_word' id='word_1_128' title='bbox 2952 541 2965 574; x_wconf 89' lang='lat'><strong>:</strong></span> <span class='ocrx_word' id='word_1_129' title='bbox 2997 539 3012 572; x_wconf 77' lang='grc' dir='ltr'>ι</span> <span class='ocrx_word' id='word_1_130' title='bbox 3050 520 3254 593; x_wconf 83' lang='lat' dir='ltr'><strong>Sitivit,</strong></span> <span class='ocrx_word' id='word_1_131' title='bbox 3288 523 3570 591; x_wconf 89' lang='lat' dir='ltr'><strong>inquiens,</strong></span> 
     </span>
    </p>
   </div>
   <div class='ocr_carea' id='block_1_20' title="bbox 1997 612 3573 684">
    <p class='ocr_par' dir='ltr' id='par_1_20' title="bbox 1997 612 3573 684">
     <span class='ocr_line' id='line_1_20' title="bbox 1997 612 3573 684; baseline 0.001 -18"><span class='ocrx_word' id='word_1_132' title='bbox 1997 613 2177 666; x_wconf 83' lang='lat' dir='ltr'><strong>anima</strong></span> <span class='ocrx_word' id='word_1_133' title='bbox 2211 627 2328 666; x_wconf 88' lang='lat' dir='ltr'><strong>mea</strong></span> <span class='ocrx_word' id='word_1_134' title='bbox 2357 614 2424 667; x_wconf 88' lang='lat' dir='ltr'><strong>ad</strong></span> <span class='ocrx_word' id='word_1_135' title='bbox 2450 612 2618 666; x_wconf 87' lang='lat' dir='ltr'><strong>Deum</strong></span> <span class='ocrx_word' id='word_1_136' title='bbox 2652 615 2866 679; x_wconf 85' lang='lat' dir='ltr'><strong>vivum;</strong></span> <span class='ocrx_word' id='word_1_137' title='bbox 2891 614 3104 682; x_wconf 86' lang='lat' dir='ltr'><strong>quando</strong></span> <span class='ocrx_word' id='word_1_138' title='bbox 3132 614 3365 680; x_wconf 80' lang='lat' dir='ltr'><strong>veniam,</strong></span> <span class='ocrx_word' id='word_1_139' title='bbox 3396 621 3451 668; x_wconf 90' lang='lat' dir='ltr'><strong>et</strong></span> <span class='ocrx_word' id='word_1_140' title='bbox 3479 630 3573 684; x_wconf 80' lang='lat' dir='ltr'><strong>ap-</strong></span> 
     </span>
    </p>
   </div>
   <div class='ocr_carea' id='block_1_21' title="bbox 1996 702 3572 774">
    <p class='ocr_par' dir='ltr' id='par_1_21' title="bbox 1996 702 3572 774">
     <span class='ocr_line' id='line_1_21' title="bbox 1996 702 3572 774; baseline 0.003 -23"><span class='ocrx_word' id='word_1_141' title='bbox 1996 702 2193 770; x_wconf 82' lang='lat' dir='ltr'><strong>parebo</strong></span> <span class='ocrx_word' id='word_1_142' title='bbox 2220 711 2346 755; x_wconf 90' lang='lat' dir='ltr'><strong>ante</strong></span> <span class='ocrx_word' id='word_1_143' title='bbox 2366 702 2560 756; x_wconf 81' lang='lat' dir='ltr'><strong>faciem</strong></span> <span class='ocrx_word' id='word_1_144' title='bbox 2594 702 2684 757; x_wconf 76' lang='lat' dir='ltr'><strong>Dei</strong></span> <span class='ocrx_word' id='word_1_145' title='bbox 2716 703 2886 772; x_wconf 83' lang='lat' dir='ltr'><strong>(Psal.</strong></span> <span class='ocrx_word' id='word_1_146' title='bbox 2921 703 3069 773; x_wconf 78' lang='lat' dir='ltr'><strong>xu)?</strong></span> <span class='ocrx_word' id='word_1_147' title='bbox 3106 723 3124 754; x_wconf 77' lang='grc' dir='ltr'><strong>ι</strong></span> <span class='ocrx_word' id='word_1_148' title='bbox 3151 703 3251 758; x_wconf 84' lang='lat' dir='ltr'><strong>Hic</strong></span> <span class='ocrx_word' id='word_1_149' title='bbox 3289 719 3420 774; x_wconf 88' lang='lat' dir='ltr'><strong>ergo</strong></span> <span class='ocrx_word' id='word_1_150' title='bbox 3439 719 3572 774; x_wconf 54' lang='lat' dir='ltr'><strong>qua.</strong></span> 
     </span>
    </p>
   </div>
   <div class='ocr_carea' id='block_1_22' title="bbox 1992 789 3570 859">
    <p class='ocr_par' dir='ltr' id='par_1_22' title="bbox 1992 789 3570 859">
     <span class='ocr_line' id='line_1_22' title="bbox 1992 789 3570 859; baseline 0 -14"><span class='ocrx_word' id='word_1_151' title='bbox 1992 790 2041 845; x_wconf 85' lang='lat' dir='ltr'><strong>si</strong></span> <span class='ocrx_word' id='word_1_152' title='bbox 2067 791 2148 844; x_wconf 87' lang='lat' dir='ltr'><strong>vir</strong></span> <span class='ocrx_word' id='word_1_153' title='bbox 2185 789 2456 859; x_wconf 83' lang='lat' dir='ltr'><strong>perfectus</strong></span> <span class='ocrx_word' id='word_1_154' title='bbox 2483 791 2549 845; x_wconf 88' lang='lat' dir='ltr'><strong>ad</strong></span> <span class='ocrx_word' id='word_1_155' title='bbox 2577 790 2884 846; x_wconf 85' lang='lat' dir='ltr'><strong>Conditoris</strong></span> <span class='ocrx_word' id='word_1_156' title='bbox 2917 794 3106 846; x_wconf 89' lang='lat' dir='ltr'><strong>merito</strong></span> <span class='ocrx_word' id='word_1_157' title='bbox 3146 791 3409 846; x_wconf 75' lang='lat' dir='ltr'><strong>formatur</strong></span> <span class='ocrx_word' id='word_1_158' title='bbox 3437 794 3570 846; x_wconf 85' lang='lat' dir='ltr'><strong>ima-</strong></span> 
     </span>
    </p>
   </div>
   <div class='ocr_carea' id='block_1_23' title="bbox 1995 880 3570 950">
    <p class='ocr_par' dir='ltr' id='par_1_23' title="bbox 1995 880 3570 950">
     <span class='ocr_line' id='line_1_23' title="bbox 1995 880 3570 950; baseline 0 -16"><span class='ocrx_word' id='word_1_159' title='bbox 1995 880 2207 949; x_wconf 81' lang='lat' dir='ltr'><strong>ginem;</strong></span> <span class='ocrx_word' id='word_1_160' title='bbox 2241 881 2493 936; x_wconf 89' lang='lat' dir='ltr'><strong>nimirum</strong></span> <span class='ocrx_word' id='word_1_161' title='bbox 2521 881 2611 950; x_wconf 89' lang='lat' dir='ltr'><strong>qui</strong></span> <span class='ocrx_word' id='word_1_162' title='bbox 2645 891 2846 935; x_wconf 87' lang='lat' dir='ltr'><strong>tantam</strong></span> <span class='ocrx_word' id='word_1_163' title='bbox 2868 881 3228 950; x_wconf 81' lang='lat' dir='ltr'><strong>spiritualium</strong></span> <span class='ocrx_word' id='word_1_164' title='bbox 3271 882 3570 937; x_wconf 88' lang='lat' dir='ltr'><strong>charisma-</strong></span> 
     </span>
    </p>
   </div>
   <div class='ocr_carea' id='block_1_24' title="bbox 1996 967 3571 1040">
    <p class='ocr_par' dir='ltr' id='par_1_24' title="bbox 1996 967 3571 1040">
     <span class='ocr_line' id='line_1_24' title="bbox 1996 967 3571 1040; baseline 0.003 -20"><span class='ocrx_word' id='word_1_165' title='bbox 1996 978 2106 1022; x_wconf 87' lang='lat' dir='ltr'><strong>tum</strong></span> <span class='ocrx_word' id='word_1_166' title='bbox 2150 969 2388 1038; x_wconf 89' lang='lat' dir='ltr'><strong>possidet</strong></span> <span class='ocrx_word' id='word_1_167' title='bbox 2435 970 2775 1040; x_wconf 83' lang='lat' dir='ltr'><strong>dignitatem,</strong></span> <span class='ocrx_word' id='word_1_168' title='bbox 2832 978 2890 1022; x_wconf 91' lang='lat' dir='ltr'><strong>ut</strong></span> <span class='ocrx_word' id='word_1_169' title='bbox 2944 985 3048 1024; x_wconf 91' lang='lat' dir='ltr'><strong>non</strong></span> <span class='ocrx_word' id='word_1_170' title='bbox 3090 967 3200 1038; x_wconf 76' lang='lat' dir='ltr'><strong>iam</strong></span> <span class='ocrx_word' id='word_1_171' title='bbox 3235 969 3571 1024; x_wconf 88' lang='lat' dir='ltr'><strong>solummodo</strong></span> 
     </span>
    </p>
   </div>
   <div class='ocr_carea' id='block_1_25' title="bbox 1994 1056 3568 1127">
    <p class='ocr_par' dir='ltr' id='par_1_25' title="bbox 1994 1056 3568 1127">
     <span class='ocr_line' id='line_1_25' title="bbox 1994 1056 3568 1127; baseline 0.001 -19"><span class='ocrx_word' id='word_1_172' title='bbox 1994 1057 2361 1125; x_wconf 90' lang='lat' dir='ltr'><strong>quorumlibet</strong></span> <span class='ocrx_word' id='word_1_173' title='bbox 2391 1073 2635 1111; x_wconf 86' lang='lat' dir='ltr'><strong>normam</strong></span> <span class='ocrx_word' id='word_1_174' title='bbox 2664 1056 3010 1127; x_wconf 78' lang='lat' dir='ltr'><strong>praecipiatur</strong></span> <span class='ocrx_word' id='word_1_175' title='bbox 3033 1066 3213 1111; x_wconf 89' lang='lat' dir='ltr'><strong>tenere</strong></span> <span class='ocrx_word' id='word_1_176' title='bbox 3235 1068 3568 1117; x_wconf 86' lang='lat' dir='ltr'><strong>sanctorum,</strong></span> 
     </span>
    </p>
   </div>
   <div class='ocr_carea' id='block_1_26' title="bbox 1993 1146 3571 1216">
    <p class='ocr_par' dir='ltr' id='par_1_26' title="bbox 1993 1146 3571 1216">
     <span class='ocr_line' id='line_1_26' title="bbox 1993 1146 3571 1216; baseline 0.002 -19"><span class='ocrx_word' id='word_1_177' title='bbox 1993 1146 2089 1198; x_wconf 91' lang='lat' dir='ltr'><strong>sed</strong></span> <span class='ocrx_word' id='word_1_178' title='bbox 2117 1155 2172 1201; x_wconf 90' lang='lat' dir='ltr'><strong>et</strong></span> <span class='ocrx_word' id='word_1_179' title='bbox 2197 1147 2394 1216; x_wconf 89' lang='lat' dir='ltr'><strong>ipsum,</strong></span> <span class='ocrx_word' id='word_1_180' title='bbox 2427 1148 2482 1200; x_wconf 92' lang='lat' dir='ltr'><strong>in</strong></span> <span class='ocrx_word' id='word_1_181' title='bbox 2511 1156 2774 1216; x_wconf 89' lang='lat' dir='ltr'><strong>quantum</strong></span> <span class='ocrx_word' id='word_1_182' title='bbox 2811 1147 2895 1201; x_wconf 79' lang='lat' dir='ltr'><strong>fas</strong></span> <span class='ocrx_word' id='word_1_183' title='bbox 2942 1155 3049 1211; x_wconf 90' lang='lat' dir='ltr'><strong>est,</strong></span> <span class='ocrx_word' id='word_1_184' title='bbox 3105 1147 3306 1202; x_wconf 90' lang='lat' dir='ltr'><strong>imitari</strong></span> <span class='ocrx_word' id='word_1_185' title='bbox 3343 1157 3571 1202; x_wconf 90' lang='lat' dir='ltr'><strong>conetur</strong></span> 
     </span>
    </p>
   </div>
   <div class='ocr_carea' id='block_1_27' title="bbox 1994 1235 3569 1306">
    <p class='ocr_par' dir='ltr' id='par_1_27' title="bbox 1994 1235 3569 1306">
     <span class='ocr_line' id='line_1_27' title="bbox 1994 1235 3569 1306; baseline 0.001 -16"><span class='ocrx_word' id='word_1_186' title='bbox 1994 1235 2329 1305; x_wconf 80' lang='lat' dir='ltr'><strong>exemplum;</strong></span> <span class='ocrx_word' id='word_1_187' title='bbox 2357 1237 2496 1292; x_wconf 89' lang='lat' dir='ltr'><strong>sicut</strong></span> <span class='ocrx_word' id='word_1_188' title='bbox 2526 1239 2655 1292; x_wconf 88' lang='lat' dir='ltr'><strong>dicit</strong></span> <span class='ocrx_word' id='word_1_189' title='bbox 2678 1239 2966 1306; x_wconf 88' lang='lat' dir='ltr'><strong>Apostolus</strong></span> <span class='ocrx_word' id='word_1_190' title='bbox 3001 1256 3013 1291; x_wconf 94' lang='lat'>:</span> <span class='ocrx_word' id='word_1_191' title='bbox 3057 1256 3076 1290; x_wconf 73' lang='grc' dir='ltr'>ι</span> <span class='ocrx_word' id='word_1_192' title='bbox 3111 1238 3296 1294; x_wconf 85' lang='lat' dir='ltr'><strong>Estole</strong></span> <span class='ocrx_word' id='word_1_193' title='bbox 3336 1239 3569 1293; x_wconf 77' lang='lat' dir='ltr'><strong>imitato-</strong></span> 
     </span>
    </p>
   </div>
   <div class='ocr_carea' id='block_1_28' title="bbox 1995 1328 3569 1392">
    <p class='ocr_par' dir='ltr' id='par_1_28' title="bbox 1995 1328 3569 1392">
     <span class='ocr_line' id='line_1_28' title="bbox 1995 1328 3569 1392; baseline 0.002 -12"><span class='ocrx_word' id='word_1_194' title='bbox 1995 1342 2082 1381; x_wconf 89' lang='lat' dir='ltr'><strong>res</strong></span> <span class='ocrx_word' id='word_1_195' title='bbox 2105 1328 2219 1392; x_wconf 88' lang='lat' dir='ltr'><strong>Dei,</strong></span> <span class='ocrx_word' id='word_1_196' title='bbox 2253 1328 2394 1383; x_wconf 84' lang='lat' dir='ltr'><strong>sicut</strong></span> <span class='ocrx_word' id='word_1_197' title='bbox 2424 1329 2518 1383; x_wconf 85' lang='lat' dir='ltr'><strong>ﬁlii</strong></span> <span class='ocrx_word' id='word_1_198' title='bbox 2555 1330 2894 1392; x_wconf 86' lang='lat' dir='ltr'><strong>charissimi,</strong></span> <span class='ocrx_word' id='word_1_199' title='bbox 2931 1340 2986 1384; x_wconf 90' lang='lat' dir='ltr'><strong>et</strong></span> <span class='ocrx_word' id='word_1_200' title='bbox 3019 1329 3290 1384; x_wconf 86' lang='lat' dir='ltr'><strong>ambulate</strong></span> <span class='ocrx_word' id='word_1_201' title='bbox 3336 1330 3389 1383; x_wconf 91' lang='lat' dir='ltr'><strong>in</strong></span> <span class='ocrx_word' id='word_1_202' title='bbox 3439 1331 3569 1384; x_wconf 90' lang='lat' dir='ltr'><strong>dile-</strong></span> 
     </span>
    </p>
   </div>
   <div class='ocr_carea' id='block_1_29' title="bbox 1993 1417 3561 1493">
    <p class='ocr_par' dir='ltr' id='par_1_29' title="bbox 1993 1417 3561 1493">
     <span class='ocr_line' id='line_1_29' title="bbox 1993 1417 3561 1493; baseline 0.003 -24"><span class='ocrx_word' id='word_1_203' title='bbox 1993 1417 2194 1482; x_wconf 89' lang='lat' dir='ltr'><strong>ctione,</strong></span> <span class='ocrx_word' id='word_1_204' title='bbox 2226 1418 2367 1472; x_wconf 87' lang='lat' dir='ltr'><strong>sicut</strong></span> <span class='ocrx_word' id='word_1_205' title='bbox 2408 1429 2463 1472; x_wconf 90' lang='lat' dir='ltr'><strong>et</strong></span> <span class='ocrx_word' id='word_1_206' title='bbox 2508 1419 2758 1474; x_wconf 83' lang='lat' dir='ltr'><strong>Christus</strong></span> <span class='ocrx_word' id='word_1_207' title='bbox 2804 1421 2992 1474; x_wconf 78' lang='lat' dir='ltr'><strong>dilexit</strong></span> <span class='ocrx_word' id='word_1_208' title='bbox 3035 1436 3134 1474; x_wconf 89' lang='lat' dir='ltr'><strong>nos</strong></span> <span class='ocrx_word' id='word_1_209' title='bbox 3184 1420 3401 1489; x_wconf 80' lang='lat' dir='ltr'><strong>(Ephes.</strong></span> <span class='ocrx_word' id='word_1_210' title='bbox 3434 1420 3508 1493; x_wconf 84' lang='lat' dir='ltr'><strong>v).</strong></span> <span class='ocrx_word' id='word_1_211' title='bbox 3541 1440 3561 1474; x_wconf 73' lang='grc' dir='ltr'><strong><em>ι</em></strong></span> 
     </span>
    </p>
   </div>
   <div class='ocr_carea' id='block_1_30' title="bbox 1992 1505 3565 1578">
    <p class='ocr_par' dir='ltr' id='par_1_30' title="bbox 1992 1505 3565 1578">
     <span class='ocr_line' id='line_1_30' title="bbox 1992 1505 3565 1578; baseline 0.004 -20"><span class='ocrx_word' id='word_1_212' title='bbox 1992 1505 2300 1561; x_wconf 73' lang='lat' dir='ltr'><strong>Diiferentia</strong></span> <span class='ocrx_word' id='word_1_213' title='bbox 2333 1508 2531 1578; x_wconf 87' lang='lat' dir='ltr'><strong>quippe</strong></span> <span class='ocrx_word' id='word_1_214' title='bbox 2561 1520 2678 1562; x_wconf 89' lang='lat' dir='ltr'><strong>erat</strong></span> <span class='ocrx_word' id='word_1_215' title='bbox 2712 1511 2854 1564; x_wconf 90' lang='lat' dir='ltr'><strong>inter</strong></span> <span class='ocrx_word' id='word_1_216' title='bbox 2880 1509 3122 1574; x_wconf 84' lang='lat' dir='ltr'><strong>Paulum,</strong></span> <span class='ocrx_word' id='word_1_217' title='bbox 3177 1511 3267 1578; x_wconf 90' lang='lat' dir='ltr'><strong>qui</strong></span> <span class='ocrx_word' id='word_1_218' title='bbox 3317 1510 3565 1564; x_wconf 86' lang='lat' dir='ltr'><strong>imitaba-</strong></span> 
     </span>
    </p>
   </div>
   <div class='ocr_carea' id='block_1_31' title="bbox 1993 1597 3563 1671">
    <p class='ocr_par' dir='ltr' id='par_1_31' title="bbox 1993 1597 3563 1671">
     <span class='ocr_line' id='line_1_31' title="bbox 1993 1597 3563 1671; baseline 0.004 -20"><span class='ocrx_word' id='word_1_219' title='bbox 1993 1606 2081 1651; x_wconf 92' lang='lat' dir='ltr'><strong>tur</strong></span> <span class='ocrx_word' id='word_1_220' title='bbox 2105 1597 2404 1666; x_wconf 86' lang='lat' dir='ltr'><strong>Christum,</strong></span> <span class='ocrx_word' id='word_1_221' title='bbox 2445 1611 2501 1655; x_wconf 91' lang='lat' dir='ltr'><strong>et</strong></span> <span class='ocrx_word' id='word_1_222' title='bbox 2549 1616 2644 1655; x_wconf 87' lang='lat' dir='ltr'><strong>eos</strong></span> <span class='ocrx_word' id='word_1_223' title='bbox 2681 1617 2817 1671; x_wconf 90' lang='lat' dir='ltr'><strong>quos</strong></span> <span class='ocrx_word' id='word_1_224' title='bbox 2866 1601 3094 1656; x_wconf 86' lang='lat' dir='ltr'><strong>vocabat</strong></span> <span class='ocrx_word' id='word_1_225' title='bbox 3136 1603 3202 1655; x_wconf 90' lang='lat' dir='ltr'><strong>ad</strong></span> <span class='ocrx_word' id='word_1_226' title='bbox 3250 1601 3563 1657; x_wconf 89' lang='lat' dir='ltr'><strong>imitandum</strong></span> 
     </span>
    </p>
   </div>
   <div class='ocr_carea' id='block_1_32' title="bbox 1991 1689 3567 1763">
    <p class='ocr_par' dir='ltr' id='par_1_32' title="bbox 1991 1689 3567 1763">
     <span class='ocr_line' id='line_1_32' title="bbox 1991 1689 3567 1763; baseline 0.004 -21"><span class='ocrx_word' id='word_1_227' title='bbox 1991 1689 2227 1757; x_wconf 89' lang='lat' dir='ltr'><strong>seipsum</strong></span> <span class='ocrx_word' id='word_1_228' title='bbox 2259 1707 2274 1744; x_wconf 87' lang='lat'><strong>:</strong></span> <span class='ocrx_word' id='word_1_229' title='bbox 2305 1709 2323 1742; x_wconf 78' lang='grc' dir='ltr'>ι</span> <span class='ocrx_word' id='word_1_230' title='bbox 2355 1690 2682 1756; x_wconf 86' lang='lat' dir='ltr'><strong>lmitatores,</strong></span> <span class='ocrx_word' id='word_1_231' title='bbox 2716 1693 2910 1763; x_wconf 87' lang='lat' dir='ltr'><strong>inquit,</strong></span> <span class='ocrx_word' id='word_1_232' title='bbox 2945 1694 3049 1747; x_wconf 90' lang='lat' dir='ltr'><strong>mei</strong></span> <span class='ocrx_word' id='word_1_233' title='bbox 3083 1702 3280 1758; x_wconf 89' lang='lat' dir='ltr'><strong>estote,</strong></span> <span class='ocrx_word' id='word_1_234' title='bbox 3327 1694 3468 1748; x_wconf 89' lang='lat' dir='ltr'><strong>sicut</strong></span> <span class='ocrx_word' id='word_1_235' title='bbox 3513 1704 3567 1748; x_wconf 93' lang='lat' dir='ltr'><strong>ct</strong></span> 
     </span>
    </p>
   </div>
   <div class='ocr_carea' id='block_1_33' title="bbox 311 1777 2748 1853">
    <p class='ocr_par' dir='ltr' id='par_1_33' title="bbox 311 1777 2748 1853">
     <span class='ocr_line' id='line_1_33' title="bbox 311 1777 2748 1853; baseline 0.001 -20"><span class='ocrx_word' id='word_1_236' title='bbox 311 1778 502 1850; x_wconf 86' lang='lat' dir='ltr'><strong>sugine</strong></span> <span class='ocrx_word' id='word_1_237' title='bbox 537 1779 865 1850; x_wconf 78' lang='lat' dir='ltr'><strong>prurientes,</strong></span> <span class='ocrx_word' id='word_1_238' title='bbox 894 1794 923 1833; x_wconf 88' lang='lat' dir='ltr'><strong>a</strong></span> <span class='ocrx_word' id='word_1_239' title='bbox 949 1781 1140 1850; x_wconf 88' lang='lat' dir='ltr'><strong>justis,</strong></span> <span class='ocrx_word' id='word_1_240' title='bbox 1168 1780 1374 1835; x_wconf 80' lang='lat' dir='ltr'><strong>fontem</strong></span> <span class='ocrx_word' id='word_1_241' title='bbox 1403 1781 1523 1835; x_wconf 75' lang='lat' dir='ltr'><strong>fidei</strong></span> <span class='ocrx_word' id='word_1_242' title='bbox 1555 1781 1881 1844; x_wconf 87' lang='lat' dir='ltr'><strong>sitientibus,</strong></span> <span class='ocrx_word' id='word_1_243' title='bbox 1919 1777 1958 1832; x_wconf 83' lang='lat' dir='ltr'><strong>ll</strong></span> <span class='ocrx_word' id='word_1_244' title='bbox 1985 1794 2085 1850; x_wconf 87' lang='lat' dir='ltr'><strong>ego</strong></span> <span class='ocrx_word' id='word_1_245' title='bbox 2109 1781 2306 1837; x_wconf 87' lang='lat' dir='ltr'><strong>Christi</strong></span> <span class='ocrx_word' id='word_1_246' title='bbox 2339 1782 2358 1849; x_wconf 94' lang='lat'><strong>(</strong></span> <span class='ocrx_word' id='word_1_247' title='bbox 2383 1782 2410 1836; x_wconf 84' lang='grc'><em>1</em></span> <span class='ocrx_word' id='word_1_248' title='bbox 2444 1782 2567 1838; x_wconf 87' lang='lat' dir='ltr'><strong>Cor.</strong></span> <span class='ocrx_word' id='word_1_249' title='bbox 2596 1783 2692 1853; x_wconf 75' lang='grc' dir='ltr'><strong>χι).</strong></span> <span class='ocrx_word' id='word_1_250' title='bbox 2730 1803 2748 1835; x_wconf 75' lang='grc' dir='ltr'><strong><em>ι</em></strong></span> 
     </span>
    </p>
   </div>
   <div class='ocr_carea' id='block_1_34' title="bbox 312 1869 1879 1938">
    <p class='ocr_par' dir='ltr' id='par_1_34' title="bbox 312 1869 1879 1938">
     <span class='ocr_line' id='line_1_34' title="bbox 312 1869 1879 1938; baseline 0.001 -15"><span class='ocrx_word' id='word_1_251' title='bbox 312 1875 571 1938; x_wconf 86' lang='lat' dir='ltr'><strong>tanquam</strong></span> <span class='ocrx_word' id='word_1_252' title='bbox 601 1871 670 1924; x_wconf 90' lang='lat' dir='ltr'><strong>ab</strong></span> <span class='ocrx_word' id='word_1_253' title='bbox 695 1869 846 1924; x_wconf 86' lang='lat' dir='ltr'><strong>arida</strong></span> <span class='ocrx_word' id='word_1_254' title='bbox 878 1883 1062 1934; x_wconf 75' lang='lat' dir='ltr'><strong>mare,</strong></span> <span class='ocrx_word' id='word_1_255' title='bbox 1097 1870 1390 1925; x_wconf 90' lang='lat' dir='ltr'><strong>discernat.</strong></span> <span class='ocrx_word' id='word_1_256' title='bbox 1428 1869 1676 1925; x_wconf 82' lang='lat' dir='ltr'><strong>lnlideles</strong></span> <span class='ocrx_word' id='word_1_257' title='bbox 1704 1874 1879 1934; x_wconf 89' lang='lat' dir='ltr'><strong>enim,</strong></span> 
     </span>
    </p>
   </div>
   <div class='ocr_carea' id='block_1_35' title="bbox 308 1955 1884 2026">
    <p class='ocr_par' dir='ltr' id='par_1_35' title="bbox 308 1955 1884 2026">
     <span class='ocr_line' id='line_1_35' title="bbox 308 1955 1884 2026; baseline 0.001 -14"><span class='ocrx_word' id='word_1_258' title='bbox 308 1955 426 2012; x_wconf 79' lang='lat' dir='ltr'><strong>sive</strong></span> <span class='ocrx_word' id='word_1_259' title='bbox 450 1956 723 2024; x_wconf 86' lang='lat' dir='ltr'><strong>carnales,</strong></span> <span class='ocrx_word' id='word_1_260' title='bbox 751 1957 976 2026; x_wconf 83' lang='lat' dir='ltr'><strong>quilibet</strong></span> <span class='ocrx_word' id='word_1_261' title='bbox 1001 1958 1203 2018; x_wconf 89' lang='lat' dir='ltr'><strong>amaris</strong></span> <span class='ocrx_word' id='word_1_262' title='bbox 1247 1958 1604 2012; x_wconf 89' lang='lat' dir='ltr'><strong>tentationum</strong></span> <span class='ocrx_word' id='word_1_263' title='bbox 1634 1958 1884 2014; x_wconf 83' lang='lat' dir='ltr'><strong>ﬂuetibus</strong></span> 
     </span>
    </p>
   </div>
   <div class='ocr_carea' id='block_1_36' title="bbox 309 2044 1883 2116">
    <p class='ocr_par' dir='ltr' id='par_1_36' title="bbox 309 2044 1883 2116">
     <span class='ocr_line' id='line_1_36' title="bbox 309 2044 1883 2116; baseline 0.001 -19"><span class='ocrx_word' id='word_1_264' title='bbox 309 2044 641 2113; x_wconf 81' lang='lat' dir='ltr'><strong>quatiuntur,</strong></span> <span class='ocrx_word' id='word_1_265' title='bbox 680 2054 736 2100; x_wconf 88' lang='lat' dir='ltr'><strong>et</strong></span> <span class='ocrx_word' id='word_1_266' title='bbox 765 2053 1021 2115; x_wconf 88' lang='lat' dir='ltr'><strong>tanquam</strong></span> <span class='ocrx_word' id='word_1_267' title='bbox 1054 2046 1369 2115; x_wconf 89' lang='lat' dir='ltr'><strong>procellosis</strong></span> <span class='ocrx_word' id='word_1_268' title='bbox 1395 2047 1752 2116; x_wconf 86' lang='lat' dir='ltr'><strong>cupiditatum</strong></span> <span class='ocrx_word' id='word_1_269' title='bbox 1802 2049 1883 2101; x_wconf 79' lang='lat' dir='ltr'><strong>vel</strong></span> 
     </span>
    </p>
   </div>
   <div class='ocr_carea' id='block_1_37' title="bbox 309 2134 1882 2204">
    <p class='ocr_par' dir='ltr' id='par_1_37' title="bbox 309 2134 1882 2204">
     <span class='ocr_line' id='line_1_37' title="bbox 309 2134 1882 2204; baseline 0.004 -18"><span class='ocrx_word' id='word_1_270' title='bbox 309 2134 634 2202; x_wconf 62' lang='lat' dir='ltr'><strong>arrogantiae</strong></span> <span class='ocrx_word' id='word_1_271' title='bbox 674 2135 1083 2204; x_wconf 89' lang='lat' dir='ltr'><strong>tempestatibus</strong></span> <span class='ocrx_word' id='word_1_272' title='bbox 1116 2137 1504 2192; x_wconf 85' lang='lat' dir='ltr'><strong>intumescunt.</strong></span> <span class='ocrx_word' id='word_1_273' title='bbox 1540 2136 1726 2191; x_wconf 82' lang='lat' dir='ltr'><strong>Sancti</strong></span> <span class='ocrx_word' id='word_1_274' title='bbox 1759 2153 1882 2192; x_wconf 73' lang='lat' dir='ltr'><strong>veru</strong></span> 
     </span>
    </p>
   </div>
   <div class='ocr_carea' id='block_1_38' title="bbox 308 2223 1886 2293">
    <p class='ocr_par' dir='ltr' id='par_1_38' title="bbox 308 2223 1886 2293">
     <span class='ocr_line' id='line_1_38' title="bbox 308 2223 1886 2293; baseline 0.003 -20"><span class='ocrx_word' id='word_1_275' title='bbox 308 2225 508 2292; x_wconf 85' lang='lat' dir='ltr'><strong>quique</strong></span> <span class='ocrx_word' id='word_1_276' title='bbox 537 2238 600 2276; x_wconf 89' lang='lat' dir='ltr'><strong>ac</strong></span> <span class='ocrx_word' id='word_1_277' title='bbox 634 2223 784 2293; x_wconf 85' lang='lat' dir='ltr'><strong>justi,</strong></span> <span class='ocrx_word' id='word_1_278' title='bbox 827 2225 972 2277; x_wconf 87' lang='lat' dir='ltr'><strong>velut</strong></span> <span class='ocrx_word' id='word_1_279' title='bbox 1013 2225 1185 2289; x_wconf 86' lang='lat' dir='ltr'><strong>arida,</strong></span> <span class='ocrx_word' id='word_1_280' title='bbox 1240 2226 1524 2280; x_wconf 89' lang='lat' dir='ltr'><strong>Dominum</strong></span> <span class='ocrx_word' id='word_1_281' title='bbox 1574 2226 1788 2288; x_wconf 90' lang='lat' dir='ltr'><strong>sitiunt,</strong></span> <span class='ocrx_word' id='word_1_282' title='bbox 1832 2237 1886 2279; x_wconf 84' lang='lat' dir='ltr'><strong>ct</strong></span> 
     </span>
    </p>
   </div>
   <div class='ocr_carea' id='block_1_39' title="bbox 313 2316 1882 2386">
    <p class='ocr_par' dir='ltr' id='par_1_39' title="bbox 313 2316 1882 2386">
     <span class='ocr_line' id='line_1_39' title="bbox 313 2316 1882 2386; baseline 0.003 -21"><span class='ocrx_word' id='word_1_283' title='bbox 313 2325 570 2383; x_wconf 83' lang='lat' dir='ltr'><strong>tanquam</strong></span> <span class='ocrx_word' id='word_1_284' title='bbox 622 2316 771 2368; x_wconf 82' lang='lat' dir='ltr'><strong>ferax</strong></span> <span class='ocrx_word' id='word_1_285' title='bbox 830 2325 974 2369; x_wconf 86' lang='lat' dir='ltr'><strong>terra</strong></span> <span class='ocrx_word' id='word_1_286' title='bbox 1038 2317 1276 2372; x_wconf 81' lang='lat' dir='ltr'><strong>virentes</strong></span> <span class='ocrx_word' id='word_1_287' title='bbox 1342 2316 1604 2371; x_wconf 90' lang='lat' dir='ltr'><strong>bonorum</strong></span> <span class='ocrx_word' id='word_1_288' title='bbox 1661 2332 1882 2386; x_wconf 90' lang='lat' dir='ltr'><strong>operum</strong></span> 
     </span>
    </p>
   </div>
   <div class='ocr_carea' id='block_1_40' title="bbox 307 2405 1884 2476">
    <p class='ocr_par' dir='ltr' id='par_1_40' title="bbox 307 2405 1884 2476">
     <span class='ocr_line' id='line_1_40' title="bbox 307 2405 1884 2476; baseline 0.003 -20"><span class='ocrx_word' id='word_1_289' title='bbox 307 2405 517 2459; x_wconf 78' lang='lat' dir='ltr'><strong>fruetus</strong></span> <span class='ocrx_word' id='word_1_290' title='bbox 570 2406 874 2472; x_wconf 79' lang='lat' dir='ltr'><strong>germinare</strong></span> <span class='ocrx_word' id='word_1_291' title='bbox 927 2407 1278 2460; x_wconf 85' lang='lat' dir='ltr'><strong>contendunt.</strong></span> <span class='ocrx_word' id='word_1_292' title='bbox 1335 2405 1570 2475; x_wconf 84' lang='lat' dir='ltr'><strong>Ideoque</strong></span> <span class='ocrx_word' id='word_1_293' title='bbox 1625 2409 1884 2476; x_wconf 72' lang='lat' dir='ltr'><strong>praecepit</strong></span> 
     </span>
    </p>
   </div>
   <div class='ocr_carea' id='block_1_41' title="bbox 309 2495 1881 2564">
    <p class='ocr_par' dir='ltr' id='par_1_41' title="bbox 309 2495 1881 2564">
     <span class='ocr_line' id='line_1_41' title="bbox 309 2495 1881 2564; baseline 0.002 -16"><span class='ocrx_word' id='word_1_294' title='bbox 309 2495 450 2550; x_wconf 87' lang='lat' dir='ltr'><strong>Deus</strong></span> <span class='ocrx_word' id='word_1_295' title='bbox 474 2505 533 2548; x_wconf 92' lang='lat' dir='ltr'><strong>ut</strong></span> <span class='ocrx_word' id='word_1_296' title='bbox 559 2497 750 2551; x_wconf 89' lang='lat' dir='ltr'><strong>eodetn</strong></span> <span class='ocrx_word' id='word_1_297' title='bbox 781 2497 866 2550; x_wconf 90' lang='lat' dir='ltr'><strong>die</strong></span> <span class='ocrx_word' id='word_1_298' title='bbox 891 2497 1226 2564; x_wconf 88' lang='lat' dir='ltr'><strong>germinaret</strong></span> <span class='ocrx_word' id='word_1_299' title='bbox 1263 2504 1409 2552; x_wconf 89' lang='lat' dir='ltr'><strong>terra</strong></span> <span class='ocrx_word' id='word_1_300' title='bbox 1452 2497 1674 2552; x_wconf 88' lang='lat' dir='ltr'><strong>herbam</strong></span> <span class='ocrx_word' id='word_1_301' title='bbox 1703 2499 1881 2551; x_wconf 79' lang='lat' dir='ltr'><strong>viren-</strong></span> 
     </span>
    </p>
   </div>
   <div class='ocr_carea' id='block_1_42' title="bbox 307 2579 1884 2657">
    <p class='ocr_par' dir='ltr' id='par_1_42' title="bbox 307 2579 1884 2657">
     <span class='ocr_line' id='line_1_42' title="bbox 307 2579 1884 2657; baseline 0 -17"><span class='ocrx_word' id='word_1_302' title='bbox 307 2593 437 2650; x_wconf 77' lang='lat' dir='ltr'><strong>tem,</strong></span> <span class='ocrx_word' id='word_1_303' title='bbox 467 2585 756 2641; x_wconf 80' lang='lat' dir='ltr'><strong>facientem</strong></span> <span class='ocrx_word' id='word_1_304' title='bbox 801 2601 1008 2651; x_wconf 88' lang='lat' dir='ltr'><strong>semen,</strong></span> <span class='ocrx_word' id='word_1_305' title='bbox 1061 2597 1116 2640; x_wconf 89' lang='lat' dir='ltr'><strong>et</strong></span> <span class='ocrx_word' id='word_1_306' title='bbox 1157 2588 1359 2657; x_wconf 82' lang='lat' dir='ltr'><strong>lignum</strong></span> <span class='ocrx_word' id='word_1_307' title='bbox 1400 2579 1748 2657; x_wconf 75' lang='lat' dir='ltr'><strong>pomiferum,</strong></span> <span class='ocrx_word' id='word_1_308' title='bbox 1799 2588 1884 2640; x_wconf 86' lang='lat' dir='ltr'><strong>t&#39;a-</strong></span> 
     </span>
    </p>
   </div>
   <div class='ocr_carea' id='block_1_43' title="bbox 304 2676 1885 2750">
    <p class='ocr_par' dir='ltr' id='par_1_43' title="bbox 304 2676 1885 2750">
     <span class='ocr_line' id='line_1_43' title="bbox 304 2676 1885 2750; baseline -0.001 -17"><span class='ocrx_word' id='word_1_309' title='bbox 304 2677 458 2733; x_wconf 87' lang='lat' dir='ltr'><strong>ciens</strong></span> <span class='ocrx_word' id='word_1_310' title='bbox 505 2676 738 2731; x_wconf 79' lang='lat' dir='ltr'><strong>fructum</strong></span> <span class='ocrx_word' id='word_1_311' title='bbox 777 2676 930 2748; x_wconf 79' lang='lat' dir='ltr'><strong>(Cen.</strong></span> <span class='ocrx_word' id='word_1_312' title='bbox 962 2680 1022 2748; x_wconf 89' lang='grc' dir='ltr'><strong>ι).</strong></span> <span class='ocrx_word' id='word_1_313' title='bbox 1055 2678 1309 2748; x_wconf 82' lang='lat' dir='ltr'><strong>Quisquis</strong></span> <span class='ocrx_word' id='word_1_314' title='bbox 1346 2692 1474 2750; x_wconf 88' lang='lat' dir='ltr'><strong>ergo</strong></span> <span class='ocrx_word' id='word_1_315' title='bbox 1516 2679 1619 2733; x_wconf 86' lang='lat' dir='ltr'><strong>hoc</strong></span> <span class='ocrx_word' id='word_1_316' title='bbox 1655 2679 1885 2733; x_wconf 85' lang='lat' dir='ltr'><strong>solerter</strong></span> 
     </span>
    </p>
   </div>
   <div class='ocr_carea' id='block_1_44' title="bbox 304 2769 1884 2839">
    <p class='ocr_par' dir='ltr' id='par_1_44' title="bbox 304 2769 1884 2839">
     <span class='ocr_line' id='line_1_44' title="bbox 304 2769 1884 2839; baseline 0 -15"><span class='ocrx_word' id='word_1_317' title='bbox 304 2769 642 2837; x_wconf 76' lang='lat' dir='ltr'><strong>exsequitur,</strong></span> <span class='ocrx_word' id='word_1_318' title='bbox 661 2769 908 2839; x_wconf 89' lang='lat' dir='ltr'><strong>quisquis</strong></span> <span class='ocrx_word' id='word_1_319' title='bbox 951 2770 1055 2824; x_wconf 87' lang='lat' dir='ltr'><strong>huc</strong></span> <span class='ocrx_word' id='word_1_320' title='bbox 1099 2771 1369 2826; x_wconf 85' lang='lat' dir='ltr'><strong>subtiliter</strong></span> <span class='ocrx_word' id='word_1_321' title='bbox 1419 2770 1729 2834; x_wconf 88' lang='lat' dir='ltr'><strong>meditatur,</strong></span> <span class='ocrx_word' id='word_1_322' title='bbox 1761 2771 1884 2824; x_wconf 88' lang='lat' dir='ltr'><strong>huic</strong></span> 
     </span>
    </p>
   </div>
   <div class='ocr_carea' id='block_1_45' title="bbox 308 2858 1884 2930">
    <p class='ocr_par' dir='ltr' id='par_1_45' title="bbox 308 2858 1884 2930">
     <span class='ocr_line' id='line_1_45' title="bbox 308 2858 1884 2930; baseline 0.003 -20"><span class='ocrx_word' id='word_1_323' title='bbox 308 2858 497 2928; x_wconf 87' lang='lat' dir='ltr'><strong>procul</strong></span> <span class='ocrx_word' id='word_1_324' title='bbox 527 2859 692 2914; x_wconf 91' lang='lat' dir='ltr'><strong>dubio</strong></span> <span class='ocrx_word' id='word_1_325' title='bbox 717 2860 906 2914; x_wconf 91' lang='lat' dir='ltr'><strong>tertius</strong></span> <span class='ocrx_word' id='word_1_326' title='bbox 927 2859 1039 2930; x_wconf 84' lang='lat' dir='ltr'><strong>jam</strong></span> <span class='ocrx_word' id='word_1_327' title='bbox 1071 2860 1185 2916; x_wconf 86' lang='lat' dir='ltr'><strong>dies</strong></span> <span class='ocrx_word' id='word_1_328' title='bbox 1212 2860 1474 2915; x_wconf 82' lang='lat' dir='ltr'><strong>exoritur.</strong></span> <span class='ocrx_word' id='word_1_329' title='bbox 1507 2859 1884 2928; x_wconf 81' lang='lat' dir='ltr'><strong>Unusquisque</strong></span> 
     </span>
    </p>
   </div>
   <div class='ocr_carea' id='block_1_46' title="bbox 303 2949 1884 3020">
    <p class='ocr_par' dir='ltr' id='par_1_46' title="bbox 303 2949 1884 3020">
     <span class='ocr_line' id='line_1_46' title="bbox 303 2949 1884 3020; baseline 0 -17"><span class='ocrx_word' id='word_1_330' title='bbox 303 2963 432 3020; x_wconf 84' lang='lat' dir='ltr'><strong>ergo</strong></span> <span class='ocrx_word' id='word_1_331' title='bbox 474 2964 534 3004; x_wconf 88' lang='lat' dir='ltr'><strong>se</strong></span> <span class='ocrx_word' id='word_1_332' title='bbox 577 2949 646 3003; x_wconf 86' lang='lat' dir='ltr'><strong>ab</strong></span> <span class='ocrx_word' id='word_1_333' title='bbox 692 2961 876 3003; x_wconf 89' lang='lat' dir='ltr'><strong>amara</strong></span> <span class='ocrx_word' id='word_1_334' title='bbox 921 2949 1217 3004; x_wconf 89' lang='lat' dir='ltr'><strong>carnaliter</strong></span> <span class='ocrx_word' id='word_1_335' title='bbox 1253 2949 1580 3018; x_wconf 90' lang='lat' dir='ltr'><strong>sapientium</strong></span> <span class='ocrx_word' id='word_1_336' title='bbox 1613 2949 1884 3018; x_wconf 75' lang='lat' dir='ltr'><strong>salsugine</strong></span> 
     </span>
    </p>
   </div>
   <div class='ocr_carea' id='block_1_47' title="bbox 302 3035 1883 3104">
    <p class='ocr_par' dir='ltr' id='par_1_47' title="bbox 302 3035 1883 3104">
     <span class='ocr_line' id='line_1_47' title="bbox 302 3035 1883 3104; baseline -0.001 -14"><span class='ocrx_word' id='word_1_337' title='bbox 302 3037 538 3104; x_wconf 84' lang='lat' dir='ltr'><strong>dividat;</strong></span> <span class='ocrx_word' id='word_1_338' title='bbox 568 3035 768 3092; x_wconf 83' lang='lat' dir='ltr'><strong>fontem</strong></span> <span class='ocrx_word' id='word_1_339' title='bbox 798 3038 925 3093; x_wconf 69' lang='lat' dir='ltr'><strong>vita:</strong></span> <span class='ocrx_word' id='word_1_340' title='bbox 953 3039 1260 3104; x_wconf 88' lang='lat' dir='ltr'><strong>Dominum,</strong></span> <span class='ocrx_word' id='word_1_341' title='bbox 1289 3039 1464 3094; x_wconf 80' lang='lat' dir='ltr'><strong>lactus</strong></span> <span class='ocrx_word' id='word_1_342' title='bbox 1483 3038 1654 3099; x_wconf 87' lang='lat' dir='ltr'><strong>arida,</strong></span> <span class='ocrx_word' id='word_1_343' title='bbox 1679 3036 1883 3090; x_wconf 87' lang='lat' dir='ltr'><strong>medul-</strong></span> 
     </span>
    </p>
   </div>
   <div class='ocr_carea' id='block_1_48' title="bbox 2603 1873 2953 1929">
    <p class='ocr_par' dir='ltr' id='par_1_48' title="bbox 2603 1873 2953 1929">
     <span class='ocr_line' id='line_1_48' title="bbox 2603 1873 2953 1929; baseline 0 -1"><span class='ocrx_word' id='word_1_344' title='bbox 2603 1873 2832 1929; x_wconf 86' lang='lat' dir='ltr'><strong>CAPUT</strong></span> <span class='ocrx_word' id='word_1_345' title='bbox 2870 1875 2953 1929; x_wconf 72' lang='lat' dir='ltr'><strong>Vl.</strong></span> 
     </span>
    </p>
   </div>
   <div class='ocr_carea' id='block_1_49' title="bbox 2505 1963 3022 2034">
    <p class='ocr_par' dir='ltr' id='par_1_49' title="bbox 2505 1963 3022 2034">
     <span class='ocr_line' id='line_1_49' title="bbox 2505 1963 3022 2034; baseline 0 -17"><span class='ocrx_word' id='word_1_346' title='bbox 2505 1963 2572 2018; x_wconf 83' lang='lat' dir='ltr'><strong>In</strong></span> <span class='ocrx_word' id='word_1_347' title='bbox 2601 1964 2779 2018; x_wconf 78' lang='lat' dir='ltr'><strong>eadem</strong></span> <span class='ocrx_word' id='word_1_348' title='bbox 2805 1967 3022 2034; x_wconf 80' lang='lat' dir='ltr'><strong>epistola</strong></span> 
     </span>
    </p>
   </div>
   <div class='ocr_carea' id='block_1_50' title="bbox 2059 2052 3565 2114">
    <p class='ocr_par' dir='ltr' id='par_1_50' title="bbox 2059 2052 3565 2114">
     <span class='ocr_line' id='line_1_50' title="bbox 2059 2052 3565 2114; baseline 0.005 -7"><span class='ocrx_word' id='word_1_349' title='bbox 2059 2052 2210 2108; x_wconf 87' lang='lat' dir='ltr'><strong>Unde</strong></span> <span class='ocrx_word' id='word_1_350' title='bbox 2240 2064 2390 2110; x_wconf 85' lang='lat' dir='ltr'><strong>sexta</strong></span> <span class='ocrx_word' id='word_1_351' title='bbox 2415 2057 2499 2111; x_wconf 93' lang='lat' dir='ltr'><strong>die</strong></span> <span class='ocrx_word' id='word_1_352' title='bbox 2525 2067 2741 2110; x_wconf 89' lang='lat' dir='ltr'><strong>creatus</strong></span> <span class='ocrx_word' id='word_1_353' title='bbox 2763 2068 2846 2111; x_wconf 88' lang='lat' dir='ltr'><strong>est</strong></span> <span class='ocrx_word' id='word_1_354' title='bbox 2875 2059 3036 2111; x_wconf 89' lang='lat' dir='ltr'><strong>homo</strong></span> <span class='ocrx_word' id='word_1_355' title='bbox 3059 2061 3125 2111; x_wconf 90' lang='lat' dir='ltr'><strong>ad</strong></span> <span class='ocrx_word' id='word_1_356' title='bbox 3148 2073 3228 2112; x_wconf 83' lang='lat' dir='ltr'><strong>sui</strong></span> <span class='ocrx_word' id='word_1_357' title='bbox 3261 2058 3565 2114; x_wconf 90' lang='lat' dir='ltr'><strong>similitudi-</strong></span> 
     </span>
    </p>
   </div>
   <div class='ocr_carea' id='block_1_51' title="bbox 1988 2144 3566 2216">
    <p class='ocr_par' dir='ltr' id='par_1_51' title="bbox 1988 2144 3566 2216">
     <span class='ocr_line' id='line_1_51' title="bbox 1988 2144 3566 2216; baseline 0.006 -22"><span class='ocrx_word' id='word_1_358' title='bbox 1988 2170 1998 2194; x_wconf 70' lang='grc' dir='ltr'><em>ι</em></span> <span class='ocrx_word' id='word_1_359' title='bbox 2027 2162 2106 2196; x_wconf 70' lang='grc' dir='ltr'>μιιι</span> <span class='ocrx_word' id='word_1_360' title='bbox 2142 2144 2442 2200; x_wconf 83' lang='lat' dir='ltr'><strong>Creatoris.</strong></span> <span class='ocrx_word' id='word_1_361' title='bbox 2477 2147 2631 2214; x_wconf 88' lang='lat' dir='ltr'><strong>Quod</strong></span> <span class='ocrx_word' id='word_1_362' title='bbox 2668 2148 2853 2216; x_wconf 89' lang='lat' dir='ltr'><strong>utique</strong></span> <span class='ocrx_word' id='word_1_363' title='bbox 2894 2147 3034 2202; x_wconf 92' lang='lat' dir='ltr'><strong>sicut</strong></span> <span class='ocrx_word' id='word_1_364' title='bbox 3085 2157 3208 2202; x_wconf 87' lang='lat' dir='ltr'><strong>tunc</strong></span> <span class='ocrx_word' id='word_1_365' title='bbox 3257 2149 3454 2203; x_wconf 85' lang='lat' dir='ltr'><strong>tactum</strong></span> <span class='ocrx_word' id='word_1_366' title='bbox 3482 2158 3566 2204; x_wconf 88' lang='lat' dir='ltr'><strong>est</strong></span> 
     </span>
    </p>
   </div>
   <div class='ocr_carea' id='block_1_52' title="bbox 1985 2235 3560 2310">
    <p class='ocr_par' dir='ltr' id='par_1_52' title="bbox 1985 2235 3560 2310">
     <span class='ocr_line' id='line_1_52' title="bbox 1985 2235 3560 2310; baseline 0.004 -25"><span class='ocrx_word' id='word_1_367' title='bbox 1985 2235 2351 2300; x_wconf 71' lang='lat' dir='ltr'><strong>perhumanre</strong></span> <span class='ocrx_word' id='word_1_368' title='bbox 2377 2238 2702 2294; x_wconf 87' lang='lat' dir='ltr'><strong>conditionis</strong></span> <span class='ocrx_word' id='word_1_369' title='bbox 2723 2238 3031 2303; x_wconf 74' lang='lat' dir='ltr'><strong>exordium,</strong></span> <span class='ocrx_word' id='word_1_370' title='bbox 3075 2239 3146 2292; x_wconf 91' lang='lat' dir='ltr'><strong>ita</strong></span> <span class='ocrx_word' id='word_1_371' title='bbox 3191 2255 3335 2296; x_wconf 86' lang='lat' dir='ltr'><strong>nunc</strong></span> <span class='ocrx_word' id='word_1_372' title='bbox 3379 2241 3560 2310; x_wconf 85' lang='lat' dir='ltr'><strong>agitur</strong></span> 
     </span>
    </p>
   </div>
   <div class='ocr_carea' id='block_1_53' title="bbox 1984 2326 3557 2397">
    <p class='ocr_par' dir='ltr' id='par_1_53' title="bbox 1984 2326 3557 2397">
     <span class='ocr_line' id='line_1_53' title="bbox 1984 2326 3557 2397; baseline 0.004 -21"><span class='ocrx_word' id='word_1_373' title='bbox 1984 2335 2080 2389; x_wconf 88' lang='lat' dir='ltr'><strong>per</strong></span> <span class='ocrx_word' id='word_1_374' title='bbox 2099 2326 2508 2380; x_wconf 88' lang='lat' dir='ltr'><strong>restaurationis</strong></span> <span class='ocrx_word' id='word_1_375' title='bbox 2531 2327 2732 2380; x_wconf 56' lang='lat' dir='ltr'><strong>intima?</strong></span> <span class='ocrx_word' id='word_1_376' title='bbox 2751 2337 3174 2382; x_wconf 84' lang='lat' dir='ltr'><strong>sacramentum.</strong></span> <span class='ocrx_word' id='word_1_377' title='bbox 3206 2327 3305 2383; x_wconf 77' lang='lat' dir='ltr'><strong>llic</strong></span> <span class='ocrx_word' id='word_1_378' title='bbox 3330 2339 3557 2397; x_wconf 67' lang='lat' dir='ltr'><strong>praeter-</strong></span> 
     </span>
    </p>
   </div>
   <div class='ocr_carea' id='block_1_54' title="bbox 1984 2416 3526 2486">
    <p class='ocr_par' dir='ltr' id='par_1_54' title="bbox 1984 2416 3526 2486">
     <span class='ocr_line' id='line_1_54' title="bbox 1984 2416 3526 2486; baseline 0.001 -18"><span class='ocrx_word' id='word_1_379' title='bbox 1984 2428 2049 2468; x_wconf 87' lang='lat' dir='ltr'><strong>ea</strong></span> <span class='ocrx_word' id='word_1_380' title='bbox 2103 2418 2243 2471; x_wconf 91' lang='lat' dir='ltr'><strong>inter</strong></span> <span class='ocrx_word' id='word_1_381' title='bbox 2271 2416 2451 2470; x_wconf 89' lang='lat' dir='ltr'><strong>omnia</strong></span> <span class='ocrx_word' id='word_1_382' title='bbox 2481 2425 2660 2480; x_wconf 64' lang='lat' dir='ltr'><strong>terra},</strong></span> <span class='ocrx_word' id='word_1_383' title='bbox 2705 2432 2878 2486; x_wconf 68' lang='lat' dir='ltr'><strong>aquae,</strong></span> <span class='ocrx_word' id='word_1_384' title='bbox 2909 2418 3155 2473; x_wconf 88' lang='lat' dir='ltr'><strong>similiter</strong></span> <span class='ocrx_word' id='word_1_385' title='bbox 3183 2428 3235 2472; x_wconf 92' lang='lat' dir='ltr'><strong>et</strong></span> <span class='ocrx_word' id='word_1_386' title='bbox 3269 2420 3408 2473; x_wconf 89' lang='lat' dir='ltr'><strong>aeris</strong></span> <span class='ocrx_word' id='word_1_387' title='bbox 3440 2422 3526 2472; x_wconf 91' lang='lat' dir='ltr'><strong>ani</strong></span> 
     </span>
    </p>
   </div>
   <div class='ocr_carea' id='block_1_55' title="bbox 1985 2507 3552 2580">
    <p class='ocr_par' dir='ltr' id='par_1_55' title="bbox 1985 2507 3552 2580">
     <span class='ocr_line' id='line_1_55' title="bbox 1985 2507 3552 2580; baseline 0.005 -22"><span class='ocrx_word' id='word_1_388' title='bbox 1985 2507 2187 2560; x_wconf 89' lang='lat' dir='ltr'><strong>mantia</strong></span> <span class='ocrx_word' id='word_1_389' title='bbox 2237 2507 2389 2576; x_wconf 88' lang='lat' dir='ltr'><strong>quasi</strong></span> <span class='ocrx_word' id='word_1_390' title='bbox 2443 2509 2812 2563; x_wconf 89' lang='lat' dir='ltr'><strong>mouarchiam</strong></span> <span class='ocrx_word' id='word_1_391' title='bbox 2859 2511 3102 2578; x_wconf 88' lang='lat' dir='ltr'><strong>accipit,</strong></span> <span class='ocrx_word' id='word_1_392' title='bbox 3155 2521 3209 2565; x_wconf 90' lang='lat' dir='ltr'><strong>et</strong></span> <span class='ocrx_word' id='word_1_393' title='bbox 3266 2513 3552 2580; x_wconf 78' lang='lat' dir='ltr'><strong>quemdam</strong></span> 
     </span>
    </p>
   </div>
   <div class='ocr_carea' id='block_1_56' title="bbox 1983 2595 3556 2669">
    <p class='ocr_par' dir='ltr' id='par_1_56' title="bbox 1983 2595 3556 2669">
     <span class='ocr_line' id='line_1_56' title="bbox 1983 2595 3556 2669; baseline 0.004 -20"><span class='ocrx_word' id='word_1_394' title='bbox 1983 2595 2311 2651; x_wconf 89' lang='lat' dir='ltr'><strong>sublimioris</strong></span> <span class='ocrx_word' id='word_1_395' title='bbox 2348 2596 2684 2652; x_wconf 67' lang='lat' dir='ltr'><strong>excellentia:</strong></span> <span class='ocrx_word' id='word_1_396' title='bbox 2722 2598 3112 2666; x_wconf 87' lang='lat' dir='ltr'><strong>principatum;</strong></span> <span class='ocrx_word' id='word_1_397' title='bbox 3143 2599 3267 2667; x_wconf 91' lang='lat' dir='ltr'><strong>quia</strong></span> <span class='ocrx_word' id='word_1_398' title='bbox 3298 2602 3382 2654; x_wconf 80' lang='lat' dir='ltr'><strong>vir</strong></span> <span class='ocrx_word' id='word_1_399' title='bbox 3408 2603 3556 2669; x_wconf 86' lang='lat' dir='ltr'><strong>quis-</strong></span> 
     </span>
    </p>
   </div>
   <div class='ocr_carea' id='block_1_57' title="bbox 1983 2685 3560 2755">
    <p class='ocr_par' dir='ltr' id='par_1_57' title="bbox 1983 2685 3560 2755">
     <span class='ocr_line' id='line_1_57' title="bbox 1983 2685 3560 2755; baseline 0.007 -20"><span class='ocrx_word' id='word_1_400' title='bbox 1983 2699 2088 2754; x_wconf 87' lang='lat' dir='ltr'><strong>que</strong></span> <span class='ocrx_word' id='word_1_401' title='bbox 2111 2685 2403 2755; x_wconf 74' lang='lat' dir='ltr'><strong>perfectus,</strong></span> <span class='ocrx_word' id='word_1_402' title='bbox 2438 2702 2502 2741; x_wconf 88' lang='lat' dir='ltr'><strong>ac</strong></span> <span class='ocrx_word' id='word_1_403' title='bbox 2533 2687 2821 2742; x_wconf 86' lang='lat' dir='ltr'><strong>virtutibus</strong></span> <span class='ocrx_word' id='word_1_404' title='bbox 2851 2698 3277 2753; x_wconf 87' lang='lat' dir='ltr'><strong>consummatus,</strong></span> <span class='ocrx_word' id='word_1_405' title='bbox 3303 2691 3450 2745; x_wconf 86' lang='lat' dir='ltr'><strong>novit</strong></span> <span class='ocrx_word' id='word_1_406' title='bbox 3491 2693 3560 2746; x_wconf 89' lang='lat' dir='ltr'><strong>de</strong></span> 
     </span>
    </p>
   </div>
   <div class='ocr_carea' id='block_1_58' title="bbox 1984 2775 3559 2848">
    <p class='ocr_par' dir='ltr' id='par_1_58' title="bbox 1984 2775 3559 2848">
     <span class='ocr_line' id='line_1_58' title="bbox 1984 2775 3559 2848; baseline 0.003 -18"><span class='ocrx_word' id='word_1_407' title='bbox 1984 2775 2206 2846; x_wconf 78' lang='lat' dir='ltr'><strong>singulis</strong></span> <span class='ocrx_word' id='word_1_408' title='bbox 2234 2785 2440 2832; x_wconf 91' lang='lat' dir='ltr'><strong>rectum</strong></span> <span class='ocrx_word' id='word_1_409' title='bbox 2469 2776 2714 2846; x_wconf 79' lang='lat' dir='ltr'><strong>proferre</strong></span> <span class='ocrx_word' id='word_1_410' title='bbox 2759 2777 3042 2845; x_wconf 86' lang='lat' dir='ltr'><strong>judicium,</strong></span> <span class='ocrx_word' id='word_1_411' title='bbox 3091 2779 3233 2834; x_wconf 88' lang='lat' dir='ltr'><strong>sicut</strong></span> <span class='ocrx_word' id='word_1_412' title='bbox 3269 2779 3559 2848; x_wconf 78' lang='lat' dir='ltr'><strong>Apostolus</strong></span> 
     </span>
    </p>
   </div>
   <div class='ocr_carea' id='block_1_59' title="bbox 1985 2867 3553 2940">
    <p class='ocr_par' dir='ltr' id='par_1_59' title="bbox 1985 2867 3553 2940">
     <span class='ocr_line' id='line_1_59' title="bbox 1985 2867 3553 2940; baseline 0.004 -20"><span class='ocrx_word' id='word_1_413' title='bbox 1985 2869 2059 2922; x_wconf 87' lang='lat' dir='ltr'><strong>ait</strong></span> <span class='ocrx_word' id='word_1_414' title='bbox 2091 2888 2103 2921; x_wconf 89' lang='lat'>:</span> <span class='ocrx_word' id='word_1_415' title='bbox 2136 2887 2154 2920; x_wconf 76' lang='grc' dir='ltr'>ι</span> <span class='ocrx_word' id='word_1_416' title='bbox 2186 2867 2496 2936; x_wconf 76' lang='lat' dir='ltr'><strong>Spiritualis</strong></span> <span class='ocrx_word' id='word_1_417' title='bbox 2531 2879 2708 2923; x_wconf 84' lang='lat' dir='ltr'><strong>autem</strong></span> <span class='ocrx_word' id='word_1_418' title='bbox 2733 2870 2944 2936; x_wconf 84' lang='lat' dir='ltr'><strong>judicat</strong></span> <span class='ocrx_word' id='word_1_419' title='bbox 2986 2870 3189 2933; x_wconf 84' lang='lat' dir='ltr'><strong>omnia,</strong></span> <span class='ocrx_word' id='word_1_420' title='bbox 3233 2872 3344 2940; x_wconf 91' lang='lat' dir='ltr'><strong>ipse</strong></span> <span class='ocrx_word' id='word_1_421' title='bbox 3373 2882 3553 2926; x_wconf 87' lang='lat' dir='ltr'><strong>autem</strong></span> 
     </span>
    </p>
   </div>
   <div class='ocr_carea' id='block_1_60' title="bbox 1983 2951 3554 3029">
    <p class='ocr_par' dir='ltr' id='par_1_60' title="bbox 1983 2951 3554 3029">
     <span class='ocr_line' id='line_1_60' title="bbox 1983 2951 3554 3029; baseline 0.003 -17"><span class='ocrx_word' id='word_1_422' title='bbox 1983 2975 2012 3012; x_wconf 90' lang='lat' dir='ltr'><strong>a</strong></span> <span class='ocrx_word' id='word_1_423' title='bbox 2084 2959 2301 3012; x_wconf 89' lang='lat' dir='ltr'><strong>nemine</strong></span> <span class='ocrx_word' id='word_1_424' title='bbox 2339 2957 2612 3025; x_wconf 85' lang='lat' dir='ltr'><strong>judicatnr</strong></span> <span class='ocrx_word' id='word_1_425' title='bbox 2657 2951 2707 3028; x_wconf 74' lang='grc' dir='ltr'><strong>(Ι</strong></span> <span class='ocrx_word' id='word_1_426' title='bbox 2768 2958 2892 3012; x_wconf 87' lang='lat' dir='ltr'><strong>Cor.</strong></span> <span class='ocrx_word' id='word_1_427' title='bbox 2937 2959 3017 3028; x_wconf 87' lang='grc' dir='ltr'><strong>ιι).</strong></span> <span class='ocrx_word' id='word_1_428' title='bbox 3077 2978 3094 3009; x_wconf 74' lang='grc' dir='ltr'><strong><em>ι</em></strong></span> <span class='ocrx_word' id='word_1_429' title='bbox 3161 2958 3315 3014; x_wconf 88' lang='lat' dir='ltr'><strong>Hunc</strong></span> <span class='ocrx_word' id='word_1_430' title='bbox 3373 2961 3554 3029; x_wconf 80' lang='lat' dir='ltr'><strong>itaque</strong></span> 
     </span>
    </p>
   </div>
   <div class='ocr_carea' id='block_1_61' title="bbox 1987 3044 3560 3116">
    <p class='ocr_par' dir='ltr' id='par_1_61' title="bbox 1987 3044 3560 3116">
     <span class='ocr_line' id='line_1_61' title="bbox 1987 3044 3560 3116; baseline 0.003 -17"><span class='ocrx_word' id='word_1_431' title='bbox 1987 3047 2124 3100; x_wconf 88' lang='lat' dir='ltr'><strong>Deus</strong></span> <span class='ocrx_word' id='word_1_432' title='bbox 2145 3047 2485 3115; x_wconf 88' lang='lat' dir='ltr'><strong>omnipotens</strong></span> <span class='ocrx_word' id='word_1_433' title='bbox 2522 3044 2817 3116; x_wconf 80' lang='lat' dir='ltr'><strong>perfectum</strong></span> <span class='ocrx_word' id='word_1_434' title='bbox 2871 3048 3067 3110; x_wconf 83' lang='lat' dir='ltr'><strong>virum,</strong></span> <span class='ocrx_word' id='word_1_435' title='bbox 3113 3049 3310 3103; x_wconf 90' lang='lat' dir='ltr'><strong>mundo</strong></span> <span class='ocrx_word' id='word_1_436' title='bbox 3352 3051 3560 3104; x_wconf 83' lang='lat' dir='ltr'><strong>scilicet</strong></span> 
     </span>
    </p>
   </div>
   <div class='ocr_carea' id='block_1_62' title="bbox 303 3115 3558 3204">
    <p class='ocr_par' dir='ltr' id='par_1_62' title="bbox 303 3115 3558 3204">
     <span class='ocr_line' id='line_1_62' title="bbox 303 3115 3558 3204; baseline 0.004 -25"><span class='ocrx_word' id='word_1_437' title='bbox 303 3129 429 3184; x_wconf 89' lang='lat' dir='ltr'><strong>litus</strong></span> <span class='ocrx_word' id='word_1_438' title='bbox 449 3130 594 3184; x_wconf 82' lang='lat' dir='ltr'><strong>sitiat</strong></span> <span class='ocrx_word' id='word_1_439' title='bbox 616 3145 632 3194; x_wconf 90' lang='lat'><strong>;</strong></span> <span class='ocrx_word' id='word_1_440' title='bbox 658 3130 924 3185; x_wconf 86' lang='lat' dir='ltr'><strong>bonorum</strong></span> <span class='ocrx_word' id='word_1_441' title='bbox 950 3129 1222 3185; x_wconf 80' lang='lat' dir='ltr'><strong>fructuum</strong></span> <span class='ocrx_word' id='word_1_442' title='bbox 1262 3131 1506 3199; x_wconf 90' lang='lat' dir='ltr'><strong>germina</strong></span> <span class='ocrx_word' id='word_1_443' title='bbox 1527 3130 1785 3200; x_wconf 80' lang='lat' dir='ltr'><strong>proferat,</strong></span> <span class='ocrx_word' id='word_1_444' title='bbox 1817 3140 1874 3184; x_wconf 91' lang='lat' dir='ltr'><strong>ut</strong></span> <span class='ocrx_word' id='word_1_445' title='bbox 1905 3115 1952 3176; x_wconf 68' lang='grc' dir='ltr'><strong>(ἶ</strong></span> <span class='ocrx_word' id='word_1_446' title='bbox 1984 3145 2253 3190; x_wconf 87' lang='lat' dir='ltr'><strong>mortuum</strong></span> <span class='ocrx_word' id='word_1_447' title='bbox 2308 3115 2529 3204; x_wconf 86' lang='lat' dir='ltr'><strong>sibique</strong></span> <span class='ocrx_word' id='word_1_448' title='bbox 2560 3137 2849 3201; x_wconf 81' lang='lat' dir='ltr'><strong>viventem,</strong></span> <span class='ocrx_word' id='word_1_449' title='bbox 2893 3151 3052 3191; x_wconf 88' lang='lat' dir='ltr'><strong>suum</strong></span> <span class='ocrx_word' id='word_1_450' title='bbox 3081 3137 3365 3191; x_wconf 88' lang='lat' dir='ltr'><strong>constituit</strong></span> <span class='ocrx_word' id='word_1_451' title='bbox 3412 3140 3558 3192; x_wconf 91' lang='lat' dir='ltr'><strong>thro-</strong></span> 
     </span>
    </p>
   </div>
   <div class='ocr_carea' id='block_1_63' title="bbox 301 3220 1096 3276">
    <p class='ocr_par' dir='ltr' id='par_1_63' title="bbox 301 3220 1096 3276">
     <span class='ocr_line' id='line_1_63' title="bbox 301 3220 1096 3276; baseline 0.001 -1"><span class='ocrx_word' id='word_1_452' title='bbox 301 3220 404 3276; x_wconf 84' lang='lat' dir='ltr'><strong>sibi</strong></span> <span class='ocrx_word' id='word_1_453' title='bbox 441 3221 556 3276; x_wconf 91' lang='lat' dir='ltr'><strong>dies</strong></span> <span class='ocrx_word' id='word_1_454' title='bbox 585 3223 777 3276; x_wconf 89' lang='lat' dir='ltr'><strong>tertius</strong></span> <span class='ocrx_word' id='word_1_455' title='bbox 806 3221 1096 3276; x_wconf 86' lang='lat' dir='ltr'><strong>illucescat.</strong></span> 
     </span>
    </p>
   </div>
   <div class='ocr_carea' id='block_1_64' title="bbox 899 3312 1253 3368">
    <p class='ocr_par' dir='ltr' id='par_1_64' title="bbox 899 3312 1253 3368">
     <span class='ocr_line' id='line_1_64' title="bbox 899 3312 1253 3368; baseline -0.006 -2"><span class='ocrx_word' id='word_1_456' title='bbox 899 3312 1128 3367; x_wconf 75' lang='lat' dir='ltr'><strong>CAPUT</strong></span> <span class='ocrx_word' id='word_1_457' title='bbox 1165 3313 1253 3368; x_wconf 76' lang='grc' dir='ltr'><strong>ιγ.</strong></span> 
     </span>
    </p>
   </div>
   <div class='ocr_carea' id='block_1_65' title="bbox 821 3402 1360 3469">
    <p class='ocr_par' dir='ltr' id='par_1_65' title="bbox 821 3402 1360 3469">
     <span class='ocr_line' id='line_1_65' title="bbox 821 3402 1360 3469; baseline -0.002 -13"><span class='ocrx_word' id='word_1_458' title='bbox 821 3402 844 3456; x_wconf 84' lang='grc' dir='ltr'><em>ι</em></span> <span class='ocrx_word' id='word_1_459' title='bbox 855 3421 888 3456; x_wconf 85' lang='grc' dir='ltr'><em>η</em></span> <span class='ocrx_word' id='word_1_460' title='bbox 913 3405 1094 3458; x_wconf 83' lang='lat' dir='ltr'><strong>eadem</strong></span> <span class='ocrx_word' id='word_1_461' title='bbox 1122 3402 1360 3469; x_wconf 75' lang='lat' dir='ltr'><strong>epistola.</strong></span> 
     </span>
    </p>
   </div>
   <div class='ocr_carea' id='block_1_66' title="bbox 369 3489 1868 3562">
    <p class='ocr_par' dir='ltr' id='par_1_66' title="bbox 369 3489 1868 3562">
     <span class='ocr_line' id='line_1_66' title="bbox 369 3489 1868 3562; baseline -0.002 -14"><span class='ocrx_word' id='word_1_462' title='bbox 369 3489 468 3548; x_wconf 77' lang='lat' dir='ltr'><strong>llis</strong></span> <span class='ocrx_word' id='word_1_463' title='bbox 527 3494 674 3547; x_wconf 86' lang='lat' dir='ltr'><strong>enim</strong></span> <span class='ocrx_word' id='word_1_464' title='bbox 724 3493 799 3546; x_wconf 89' lang='lat' dir='ltr'><strong>ita</strong></span> <span class='ocrx_word' id='word_1_465' title='bbox 853 3493 1168 3562; x_wconf 89' lang='lat' dir='ltr'><strong>compositis</strong></span> <span class='ocrx_word' id='word_1_466' title='bbox 1190 3501 1245 3546; x_wconf 93' lang='lat' dir='ltr'><strong>et</strong></span> <span class='ocrx_word' id='word_1_467' title='bbox 1266 3491 1558 3548; x_wconf 86' lang='lat' dir='ltr'><strong>salubriter</strong></span> <span class='ocrx_word' id='word_1_468' title='bbox 1583 3493 1868 3556; x_wconf 84' lang='lat' dir='ltr'><strong>ordinans,</strong></span> 
     </span>
    </p>
   </div>
   <div class='ocr_carea' id='block_1_67' title="bbox 303 3582 1877 3653">
    <p class='ocr_par' dir='ltr' id='par_1_67' title="bbox 303 3582 1877 3653">
     <span class='ocr_line' id='line_1_67' title="bbox 303 3582 1877 3653; baseline 0 -17"><span class='ocrx_word' id='word_1_469' title='bbox 303 3582 488 3637; x_wconf 87' lang='lat' dir='ltr'><strong>anima</strong></span> <span class='ocrx_word' id='word_1_470' title='bbox 520 3583 780 3647; x_wconf 88' lang='lat' dir='ltr'><strong>hominis,</strong></span> <span class='ocrx_word' id='word_1_471' title='bbox 808 3583 962 3652; x_wconf 86' lang='lat' dir='ltr'><strong>quasi</strong></span> <span class='ocrx_word' id='word_1_472' title='bbox 987 3583 1207 3638; x_wconf 89' lang='lat' dir='ltr'><strong>dimotis</strong></span> <span class='ocrx_word' id='word_1_473' title='bbox 1230 3593 1394 3653; x_wconf 87' lang='lat' dir='ltr'><strong>atque</strong></span> <span class='ocrx_word' id='word_1_474' title='bbox 1429 3582 1620 3653; x_wconf 89' lang='lat' dir='ltr'><strong>sopitis</strong></span> <span class='ocrx_word' id='word_1_475' title='bbox 1645 3583 1877 3636; x_wconf 76' lang='lat' dir='ltr'><strong>tenebris</strong></span> 
     </span>
    </p>
   </div>
   <div class='ocr_carea' id='block_1_68' title="bbox 303 3674 1878 3744">
    <p class='ocr_par' dir='ltr' id='par_1_68' title="bbox 303 3674 1878 3744">
     <span class='ocr_line' id='line_1_68' title="bbox 303 3674 1878 3744; baseline 0.002 -18"><span class='ocrx_word' id='word_1_476' title='bbox 303 3674 581 3738; x_wconf 87' lang='lat' dir='ltr'><strong>vitiorum,</strong></span> <span class='ocrx_word' id='word_1_477' title='bbox 612 3674 802 3743; x_wconf 87' lang='lat' dir='ltr'><strong>incipit</strong></span> <span class='ocrx_word' id='word_1_478' title='bbox 828 3675 1039 3728; x_wconf 90' lang='lat' dir='ltr'><strong>radiare</strong></span> <span class='ocrx_word' id='word_1_479' title='bbox 1065 3676 1240 3730; x_wconf 89' lang='lat' dir='ltr'><strong>nitore</strong></span> <span class='ocrx_word' id='word_1_480' title='bbox 1260 3676 1538 3730; x_wconf 88' lang='lat' dir='ltr'><strong>virtutum.</strong></span> <span class='ocrx_word' id='word_1_481' title='bbox 1564 3676 1739 3744; x_wconf 85' lang='lat' dir='ltr'><strong>Atque</strong></span> <span class='ocrx_word' id='word_1_482' title='bbox 1759 3675 1878 3729; x_wconf 87' lang='lat' dir='ltr'><strong>ideo</strong></span> 
     </span>
    </p>
   </div>
   <div class='ocr_carea' id='block_1_69' title="bbox 302 3765 1876 3834">
    <p class='ocr_par' dir='ltr' id='par_1_69' title="bbox 302 3765 1876 3834">
     <span class='ocr_line' id='line_1_69' title="bbox 302 3765 1876 3834; baseline -0.003 -14"><span class='ocrx_word' id='word_1_483' title='bbox 302 3766 498 3820; x_wconf 88' lang='lat' dir='ltr'><strong>dicitur</strong></span> <span class='ocrx_word' id='word_1_484' title='bbox 517 3766 642 3834; x_wconf 87' lang='lat' dir='ltr'><strong>quia</strong></span> <span class='ocrx_word' id='word_1_485' title='bbox 673 3774 869 3833; x_wconf 91' lang='lat' dir='ltr'><strong>quarto</strong></span> <span class='ocrx_word' id='word_1_486' title='bbox 890 3765 978 3819; x_wconf 89' lang='lat' dir='ltr'><strong>die</strong></span> <span class='ocrx_word' id='word_1_487' title='bbox 1007 3766 1149 3820; x_wconf 75' lang='lat' dir='ltr'><strong>facta</strong></span> <span class='ocrx_word' id='word_1_488' title='bbox 1193 3774 1321 3820; x_wconf 89' lang='lat' dir='ltr'><strong>sunt</strong></span> <span class='ocrx_word' id='word_1_489' title='bbox 1347 3765 1638 3818; x_wconf 88' lang='lat' dir='ltr'><strong>luminaria</strong></span> <span class='ocrx_word' id='word_1_490' title='bbox 1683 3767 1737 3818; x_wconf 91' lang='lat' dir='ltr'><strong>in</strong></span> <span class='ocrx_word' id='word_1_491' title='bbox 1780 3767 1876 3817; x_wconf 88' lang='lat' dir='ltr'><strong>tir-</strong></span> 
     </span>
    </p>
   </div>
   <div class='ocr_carea' id='block_1_70' title="bbox 302 3853 1877 3924">
    <p class='ocr_par' dir='ltr' id='par_1_70' title="bbox 302 3853 1877 3924">
     <span class='ocr_line' id='line_1_70' title="bbox 302 3853 1877 3924; baseline -0.001 -14"><span class='ocrx_word' id='word_1_492' title='bbox 302 3865 576 3910; x_wconf 88' lang='lat' dir='ltr'><strong>mamento</strong></span> <span class='ocrx_word' id='word_1_493' title='bbox 619 3855 743 3910; x_wconf 76' lang='lat' dir='ltr'><strong>cteli</strong></span> <span class='ocrx_word' id='word_1_494' title='bbox 775 3853 926 3924; x_wconf 83' lang='lat' dir='ltr'><strong>(Gen.</strong></span> <span class='ocrx_word' id='word_1_495' title='bbox 953 3856 1017 3922; x_wconf 81' lang='grc' dir='ltr'><strong>ι).</strong></span> <span class='ocrx_word' id='word_1_496' title='bbox 1052 3855 1191 3921; x_wconf 85' lang='lat' dir='ltr'><strong>Quid</strong></span> <span class='ocrx_word' id='word_1_497' title='bbox 1241 3864 1326 3908; x_wconf 88' lang='lat' dir='ltr'><strong>est</strong></span> <span class='ocrx_word' id='word_1_498' title='bbox 1371 3854 1518 3908; x_wconf 86' lang='lat' dir='ltr'><strong>enim</strong></span> <span class='ocrx_word' id='word_1_499' title='bbox 1562 3856 1686 3923; x_wconf 91' lang='lat' dir='ltr'><strong>quia</strong></span> <span class='ocrx_word' id='word_1_500' title='bbox 1728 3857 1877 3923; x_wconf 87' lang='lat' dir='ltr'><strong>prius</strong></span> 
     </span>
    </p>
   </div>
   <div class='ocr_carea' id='block_1_71' title="bbox 299 3945 1875 4020">
    <p class='ocr_par' dir='ltr' id='par_1_71' title="bbox 299 3945 1875 4020">
     <span class='ocr_line' id='line_1_71' title="bbox 299 3945 1875 4020; baseline -0.004 -18"><span class='ocrx_word' id='word_1_501' title='bbox 299 3948 570 4020; x_wconf 83' lang='lat' dir='ltr'><strong>germinat</strong></span> <span class='ocrx_word' id='word_1_502' title='bbox 611 3957 756 4002; x_wconf 87' lang='lat' dir='ltr'><strong>terra</strong></span> <span class='ocrx_word' id='word_1_503' title='bbox 805 3956 860 4002; x_wconf 91' lang='lat' dir='ltr'><strong>et</strong></span> <span class='ocrx_word' id='word_1_504' title='bbox 898 3946 1144 4016; x_wconf 90' lang='lat' dir='ltr'><strong>protinus</strong></span> <span class='ocrx_word' id='word_1_505' title='bbox 1179 3945 1468 4000; x_wconf 86' lang='lat' dir='ltr'><strong>luminaria</strong></span> <span class='ocrx_word' id='word_1_506' title='bbox 1507 3955 1632 4000; x_wconf 90' lang='lat' dir='ltr'><strong>sunt</strong></span> <span class='ocrx_word' id='word_1_507' title='bbox 1671 3955 1875 4009; x_wconf 85' lang='lat' dir='ltr'><strong>creata,</strong></span> 
     </span>
    </p>
   </div>
   <div class='ocr_carea' id='block_1_72' title="bbox 302 4035 1874 4108">
    <p class='ocr_par' dir='ltr' id='par_1_72' title="bbox 302 4035 1874 4108">
     <span class='ocr_line' id='line_1_72' title="bbox 302 4035 1874 4108; baseline -0.002 -15"><span class='ocrx_word' id='word_1_508' title='bbox 302 4038 409 4093; x_wconf 86' lang='lat' dir='ltr'><strong>nisi</strong></span> <span class='ocrx_word' id='word_1_509' title='bbox 439 4039 604 4108; x_wconf 89' lang='lat' dir='ltr'><strong>quod,</strong></span> <span class='ocrx_word' id='word_1_510' title='bbox 655 4038 961 4108; x_wconf 86' lang='lat' dir='ltr'><strong>prodeunte</strong></span> <span class='ocrx_word' id='word_1_511' title='bbox 995 4037 1239 4108; x_wconf 80' lang='lat' dir='ltr'><strong>germine</strong></span> <span class='ocrx_word' id='word_1_512' title='bbox 1264 4035 1391 4091; x_wconf 84' lang='lat' dir='ltr'><strong>boni</strong></span> <span class='ocrx_word' id='word_1_513' title='bbox 1436 4036 1639 4104; x_wconf 87' lang='lat' dir='ltr'><strong>operis,</strong></span> <span class='ocrx_word' id='word_1_514' title='bbox 1688 4036 1778 4089; x_wconf 76' lang='lat' dir='ltr'><strong>lux</strong></span> <span class='ocrx_word' id='word_1_515' title='bbox 1821 4037 1874 4090; x_wconf 91' lang='lat' dir='ltr'><strong>in</strong></span> 
     </span>
    </p>
   </div>
   <div class='ocr_carea' id='block_1_73' title="bbox 299 4127 1877 4198">
    <p class='ocr_par' dir='ltr' id='par_1_73' title="bbox 299 4127 1877 4198">
     <span class='ocr_line' id='line_1_73' title="bbox 299 4127 1877 4198; baseline -0.001 -15"><span class='ocrx_word' id='word_1_516' title='bbox 299 4129 484 4183; x_wconf 81' lang='lat' dir='ltr'><strong>anima</strong></span> <span class='ocrx_word' id='word_1_517' title='bbox 514 4129 784 4198; x_wconf 85' lang='lat' dir='ltr'><strong>cepiosior</strong></span> <span class='ocrx_word' id='word_1_518' title='bbox 817 4129 1013 4191; x_wconf 91' lang='lat' dir='ltr'><strong>oritur,</strong></span> <span class='ocrx_word' id='word_1_519' title='bbox 1047 4136 1110 4182; x_wconf 90' lang='lat' dir='ltr'><strong>ut</strong></span> <span class='ocrx_word' id='word_1_520' title='bbox 1149 4127 1352 4183; x_wconf 88' lang='lat' dir='ltr'><strong>imitari</strong></span> <span class='ocrx_word' id='word_1_521' title='bbox 1387 4127 1565 4183; x_wconf 85' lang='lat' dir='ltr'><strong>valeat</strong></span> <span class='ocrx_word' id='word_1_522' title='bbox 1592 4128 1676 4182; x_wconf 90' lang='lat' dir='ltr'><strong>sui</strong></span> <span class='ocrx_word' id='word_1_523' title='bbox 1715 4129 1877 4183; x_wconf 88' lang='lat' dir='ltr'><strong>vesti-</strong></span> 
     </span>
    </p>
   </div>
   <div class='ocr_carea' id='block_1_74' title="bbox 300 4203 1875 4290">
    <p class='ocr_par' dir='ltr' id='par_1_74' title="bbox 300 4203 1875 4290">
     <span class='ocr_line' id='line_1_74' title="bbox 300 4203 1875 4290; baseline -0.003 -15"><span class='ocrx_word' id='word_1_524' title='bbox 300 4222 390 4290; x_wconf 84' lang='lat' dir='ltr'><strong>gia</strong></span> <span class='ocrx_word' id='word_1_525' title='bbox 417 4203 1134 4288; x_wconf 80' lang='lat' dir='ltr'><strong>Redemptoris?Acceleret</strong></span> <span class='ocrx_word' id='word_1_526' title='bbox 1157 4233 1288 4288; x_wconf 89' lang='lat' dir='ltr'><strong>ergo</strong></span> <span class='ocrx_word' id='word_1_527' title='bbox 1333 4227 1476 4273; x_wconf 86' lang='lat' dir='ltr'><strong>terra</strong></span> <span class='ocrx_word' id='word_1_528' title='bbox 1527 4219 1724 4273; x_wconf 89' lang='lat' dir='ltr'><strong>mentis</strong></span> <span class='ocrx_word' id='word_1_529' title='bbox 1772 4219 1875 4272; x_wconf 90' lang='lat' dir='ltr'><strong>hu-</strong></span> 
     </span>
    </p>
   </div>
   <div class='ocr_carea' id='block_1_75' title="bbox 306 4311 1873 4381">
    <p class='ocr_par' dir='ltr' id='par_1_75' title="bbox 306 4311 1873 4381">
     <span class='ocr_line' id='line_1_75' title="bbox 306 4311 1873 4381; baseline -0.003 -15"><span class='ocrx_word' id='word_1_530' title='bbox 306 4327 484 4367; x_wconf 80' lang='lat' dir='ltr'><strong>manae</strong></span> <span class='ocrx_word' id='word_1_531' title='bbox 513 4311 872 4381; x_wconf 87' lang='lat' dir='ltr'><strong>spiritualium</strong></span> <span class='ocrx_word' id='word_1_532' title='bbox 897 4319 1136 4379; x_wconf 89' lang='lat' dir='ltr'><strong>segetum</strong></span> <span class='ocrx_word' id='word_1_533' title='bbox 1182 4311 1488 4379; x_wconf 81' lang='lat' dir='ltr'><strong>germinare</strong></span> <span class='ocrx_word' id='word_1_534' title='bbox 1527 4317 1873 4379; x_wconf 89' lang='lat' dir='ltr'><strong>proventum,</strong></span> 
     </span>
    </p>
   </div>
   <div class='ocr_carea' id='block_1_76' title="bbox 301 4398 1878 4466">
    <p class='ocr_par' dir='ltr' id='par_1_76' title="bbox 301 4398 1878 4466">
     <span class='ocr_line' id='line_1_76' title="bbox 301 4398 1878 4466; baseline -0.003 -9"><span class='ocrx_word' id='word_1_535' title='bbox 301 4413 364 4458; x_wconf 85' lang='lat' dir='ltr'><strong>ut</strong></span> <span class='ocrx_word' id='word_1_536' title='bbox 393 4401 737 4457; x_wconf 88' lang='lat' dir='ltr'><strong>rutilantibus</strong></span> <span class='ocrx_word' id='word_1_537' title='bbox 759 4400 958 4454; x_wconf 70' lang='lat' dir='ltr'><strong>intima:</strong></span> <span class='ocrx_word' id='word_1_538' title='bbox 989 4401 1124 4455; x_wconf 90' lang='lat' dir='ltr'><strong>lucis</strong></span> <span class='ocrx_word' id='word_1_539' title='bbox 1153 4400 1320 4454; x_wconf 88' lang='lat' dir='ltr'><strong>radiis</strong></span> <span class='ocrx_word' id='word_1_540' title='bbox 1342 4398 1662 4462; x_wconf 89' lang='lat' dir='ltr'><strong>illustretur,</strong></span> <span class='ocrx_word' id='word_1_541' title='bbox 1690 4407 1878 4466; x_wconf 88' lang='lat' dir='ltr'><strong>quate-</strong></span> 
     </span>
    </p>
   </div>
   <div class='ocr_carea' id='block_1_77' title="bbox 299 4488 1873 4560">
    <p class='ocr_par' dir='ltr' id='par_1_77' title="bbox 299 4488 1873 4560">
     <span class='ocr_line' id='line_1_77' title="bbox 299 4488 1873 4560; baseline -0.005 -12"><span class='ocrx_word' id='word_1_542' title='bbox 299 4508 424 4558; x_wconf 90' lang='lat' dir='ltr'><strong>nus,</strong></span> <span class='ocrx_word' id='word_1_543' title='bbox 450 4493 577 4546; x_wconf 90' lang='lat' dir='ltr'><strong>dum</strong></span> <span class='ocrx_word' id='word_1_544' title='bbox 606 4492 782 4560; x_wconf 86' lang='lat' dir='ltr'><strong>quarti</strong></span> <span class='ocrx_word' id='word_1_545' title='bbox 813 4491 918 4545; x_wconf 87' lang='lat' dir='ltr'><strong>diei</strong></span> <span class='ocrx_word' id='word_1_546' title='bbox 954 4490 1073 4544; x_wconf 90' lang='lat' dir='ltr'><strong>luce</strong></span> <span class='ocrx_word' id='word_1_547' title='bbox 1099 4488 1416 4559; x_wconf 75' lang='lat' dir='ltr'><strong>perfruitur,</strong></span> <span class='ocrx_word' id='word_1_548' title='bbox 1449 4489 1611 4543; x_wconf 87' lang='lat' dir='ltr'><strong>etiam</strong></span> <span class='ocrx_word' id='word_1_549' title='bbox 1639 4489 1707 4542; x_wconf 90' lang='lat' dir='ltr'><strong>ad</strong></span> <span class='ocrx_word' id='word_1_550' title='bbox 1744 4502 1873 4542; x_wconf 82' lang='lat' dir='ltr'><strong>eon-</strong></span> 
     </span>
    </p>
   </div>
   <div class='ocr_carea' id='block_1_78' title="bbox 302 4581 1874 4654">
    <p class='ocr_par' dir='ltr' id='par_1_78' title="bbox 302 4581 1874 4654">
     <span class='ocr_line' id='line_1_78' title="bbox 302 4581 1874 4654; baseline -0.005 -14"><span class='ocrx_word' id='word_1_551' title='bbox 302 4585 607 4654; x_wconf 86' lang='lat' dir='ltr'><strong>templanda</strong></span> <span class='ocrx_word' id='word_1_552' title='bbox 633 4582 874 4639; x_wconf 68' lang='lat' dir='ltr'><strong>caelestia</strong></span> <span class='ocrx_word' id='word_1_553' title='bbox 899 4597 1050 4638; x_wconf 85' lang='lat' dir='ltr'><strong>more</strong></span> <span class='ocrx_word' id='word_1_554' title='bbox 1083 4581 1444 4650; x_wconf 87' lang='lat' dir='ltr'><strong>spiritualium</strong></span> <span class='ocrx_word' id='word_1_555' title='bbox 1474 4581 1752 4635; x_wconf 82' lang='lat' dir='ltr'><strong>volucrum</strong></span> <span class='ocrx_word' id='word_1_556' title='bbox 1791 4595 1874 4634; x_wconf 89' lang='lat' dir='ltr'><strong>ra-</strong></span> 
     </span>
    </p>
   </div>
   <div class='ocr_carea' id='block_1_79' title="bbox 300 4676 500 4743">
    <p class='ocr_par' dir='ltr' id='par_1_79' title="bbox 300 4676 500 4743">
     <span class='ocr_line' id='line_1_79' title="bbox 300 4676 500 4743; baseline -0.005 -16"><span class='ocrx_word' id='word_1_557' title='bbox 300 4676 500 4743; x_wconf 87' lang='lat' dir='ltr'><strong>piatur.</strong></span> 
     </span>
    </p>
   </div>
   <div class='ocr_carea' id='block_1_80' title="bbox 850 4762 1324 4836">
    <p class='ocr_par' dir='ltr' id='par_1_80' title="bbox 850 4762 1324 4836">
     <span class='ocr_line' id='line_1_80' title="bbox 850 4762 1324 4836; baseline -0.008 -17"><span class='ocrx_word' id='word_1_558' title='bbox 850 4765 962 4836; x_wconf 73' lang='lat' dir='ltr'><strong>so</strong></span> <span class='ocrx_word' id='word_1_559' title='bbox 997 4762 1224 4818; x_wconf 80' lang='lat' dir='ltr'><strong>CAPUT</strong></span> <span class='ocrx_word' id='word_1_560' title='bbox 1261 4762 1324 4815; x_wconf 89' lang='lat' dir='ltr'><strong>v.</strong></span> 
     </span>
    </p>
   </div>
   <div class='ocr_carea' id='block_1_81' title="bbox 822 4853 1326 4923">
    <p class='ocr_par' dir='ltr' id='par_1_81' title="bbox 822 4853 1326 4923">
     <span class='ocr_line' id='line_1_81' title="bbox 822 4853 1326 4923; baseline -0.004 -16"><span class='ocrx_word' id='word_1_561' title='bbox 822 4853 888 4908; x_wconf 84' lang='lat' dir='ltr'><strong>In</strong></span> <span class='ocrx_word' id='word_1_562' title='bbox 911 4855 1090 4908; x_wconf 81' lang='lat' dir='ltr'><strong>eadem</strong></span> <span class='ocrx_word' id='word_1_563' title='bbox 1111 4853 1326 4923; x_wconf 79' lang='lat' dir='ltr'><strong>epistola</strong></span> 
     </span>
    </p>
   </div>
   <div class='ocr_carea' id='block_1_82' title="bbox 376 4943 1871 5014">
    <p class='ocr_par' dir='ltr' id='par_1_82' title="bbox 376 4943 1871 5014">
     <span class='ocr_line' id='line_1_82' title="bbox 376 4943 1871 5014; baseline 0 -16"><span class='ocrx_word' id='word_1_564' title='bbox 376 4943 526 4998; x_wconf 90' lang='lat' dir='ltr'><strong>Unde</strong></span> <span class='ocrx_word' id='word_1_565' title='bbox 560 4953 644 4998; x_wconf 89' lang='lat' dir='ltr'><strong>est</strong></span> <span class='ocrx_word' id='word_1_566' title='bbox 671 4947 814 5014; x_wconf 89' lang='lat' dir='ltr'><strong>quod</strong></span> <span class='ocrx_word' id='word_1_567' title='bbox 855 4946 908 4999; x_wconf 93' lang='lat' dir='ltr'><strong>in</strong></span> <span class='ocrx_word' id='word_1_568' title='bbox 937 4945 1125 5013; x_wconf 91' lang='lat' dir='ltr'><strong>quinta</strong></span> <span class='ocrx_word' id='word_1_569' title='bbox 1175 4945 1262 4998; x_wconf 89' lang='lat' dir='ltr'><strong>die</strong></span> <span class='ocrx_word' id='word_1_570' title='bbox 1297 4945 1465 4998; x_wconf 88' lang='lat' dir='ltr'><strong>creati</strong></span> <span class='ocrx_word' id='word_1_571' title='bbox 1507 4953 1635 4996; x_wconf 85' lang='lat' dir='ltr'><strong>sunt</strong></span> <span class='ocrx_word' id='word_1_572' title='bbox 1666 4945 1871 5012; x_wconf 83' lang='lat' dir='ltr'><strong>pisces,</strong></span> 
     </span>
    </p>
   </div>
   <div class='ocr_carea' id='block_1_83' title="bbox 301 5035 1873 5107">
    <p class='ocr_par' dir='ltr' id='par_1_83' title="bbox 301 5035 1873 5107">
     <span class='ocr_line' id='line_1_83' title="bbox 301 5035 1873 5107; baseline -0.001 -17"><span class='ocrx_word' id='word_1_573' title='bbox 301 5051 398 5105; x_wconf 82' lang='lat' dir='ltr'><strong>per</strong></span> <span class='ocrx_word' id='word_1_574' title='bbox 427 5049 561 5104; x_wconf 89' lang='lat' dir='ltr'><strong>quos</strong></span> <span class='ocrx_word' id='word_1_575' title='bbox 576 5038 930 5107; x_wconf 81' lang='lat' dir='ltr'><strong>designantur</strong></span> <span class='ocrx_word' id='word_1_576' title='bbox 974 5037 1025 5090; x_wconf 87' lang='lat' dir='ltr'><strong>bi</strong></span> <span class='ocrx_word' id='word_1_577' title='bbox 1057 5037 1149 5105; x_wconf 93' lang='lat' dir='ltr'><strong>qui</strong></span> <span class='ocrx_word' id='word_1_578' title='bbox 1171 5035 1510 5104; x_wconf 83' lang='lat' dir='ltr'><strong>baptismatis</strong></span> <span class='ocrx_word' id='word_1_579' title='bbox 1535 5045 1873 5090; x_wconf 84' lang='lat' dir='ltr'><strong>sacramenta</strong></span> 
     </span>
    </p>
   </div>
   <div class='ocr_carea' id='block_1_84' title="bbox 299 5124 1872 5196">
    <p class='ocr_par' dir='ltr' id='par_1_84' title="bbox 299 5124 1872 5196">
     <span class='ocr_line' id='line_1_84' title="bbox 299 5124 1872 5196; baseline -0.001 -18"><span class='ocrx_word' id='word_1_580' title='bbox 299 5125 642 5195; x_wconf 85' lang='lat' dir='ltr'><strong>suscipiunt;</strong></span> <span class='ocrx_word' id='word_1_581' title='bbox 675 5124 920 5181; x_wconf 86' lang='lat' dir='ltr'><strong>volucres</strong></span> <span class='ocrx_word' id='word_1_582' title='bbox 954 5126 1155 5188; x_wconf 89' lang='lat' dir='ltr'><strong>etiam,</strong></span> <span class='ocrx_word' id='word_1_583' title='bbox 1192 5139 1312 5193; x_wconf 77' lang='lat' dir='ltr'><strong>qua:</strong></span> <span class='ocrx_word' id='word_1_584' title='bbox 1337 5125 1641 5196; x_wconf 82' lang='lat' dir='ltr'><strong>signiﬁcant</strong></span> <span class='ocrx_word' id='word_1_585' title='bbox 1667 5139 1761 5178; x_wconf 88' lang='lat' dir='ltr'><strong>eos</strong></span> <span class='ocrx_word' id='word_1_586' title='bbox 1783 5124 1872 5191; x_wconf 88' lang='lat' dir='ltr'><strong>qui</strong></span> 
     </span>
    </p>
   </div>
   <div class='ocr_carea' id='block_1_85' title="bbox 302 5213 1875 5283">
    <p class='ocr_par' dir='ltr' id='par_1_85' title="bbox 302 5213 1875 5283">
     <span class='ocr_line' id='line_1_85' title="bbox 302 5213 1875 5283; baseline -0.001 -17"><span class='ocrx_word' id='word_1_587' title='bbox 302 5214 557 5268; x_wconf 80' lang='lat' dir='ltr'><strong>virtutum</strong></span> <span class='ocrx_word' id='word_1_588' title='bbox 585 5215 774 5283; x_wconf 89' lang='lat' dir='ltr'><strong>pennis</strong></span> <span class='ocrx_word' id='word_1_589' title='bbox 795 5215 859 5267; x_wconf 88' lang='lat' dir='ltr'><strong>ad</strong></span> <span class='ocrx_word' id='word_1_590' title='bbox 888 5214 1126 5268; x_wconf 85' lang='lat' dir='ltr'><strong>coelestia</strong></span> <span class='ocrx_word' id='word_1_591' title='bbox 1150 5228 1208 5268; x_wconf 89' lang='lat' dir='ltr'><strong>se</strong></span> <span class='ocrx_word' id='word_1_592' title='bbox 1221 5213 1626 5282; x_wconf 88' lang='lat' dir='ltr'><strong>contemplanda</strong></span> <span class='ocrx_word' id='word_1_593' title='bbox 1649 5227 1875 5281; x_wconf 82' lang='lat' dir='ltr'><strong>snspen-</strong></span> 
     </span>
    </p>
   </div>
   <div class='ocr_carea' id='block_1_86' title="bbox 303 5305 1874 5376">
    <p class='ocr_par' dir='ltr' id='par_1_86' title="bbox 303 5305 1874 5376">
     <span class='ocr_line' id='line_1_86' title="bbox 303 5305 1874 5376; baseline -0.003 -16"><span class='ocrx_word' id='word_1_594' title='bbox 303 5305 457 5360; x_wconf 86' lang='lat' dir='ltr'><strong>dunt.</strong></span> <span class='ocrx_word' id='word_1_595' title='bbox 519 5306 774 5372; x_wconf 83' lang='lat' dir='ltr'><strong>Quintum</strong></span> <span class='ocrx_word' id='word_1_596' title='bbox 826 5322 955 5376; x_wconf 82' lang='lat' dir='ltr'><strong>ergo</strong></span> <span class='ocrx_word' id='word_1_597' title='bbox 997 5307 1138 5360; x_wconf 87' lang='lat' dir='ltr'><strong>diem</strong></span> <span class='ocrx_word' id='word_1_598' title='bbox 1187 5321 1310 5360; x_wconf 89' lang='lat' dir='ltr'><strong>cum</strong></span> <span class='ocrx_word' id='word_1_599' title='bbox 1363 5305 1670 5360; x_wconf 89' lang='lat' dir='ltr'><strong>volucribus</strong></span> <span class='ocrx_word' id='word_1_600' title='bbox 1713 5305 1874 5359; x_wconf 87' lang='lat' dir='ltr'><strong>habet</strong></span> 
     </span>
    </p>
   </div>
   <div class='ocr_carea' id='block_1_87' title="bbox 301 5394 1871 5464">
    <p class='ocr_par' dir='ltr' id='par_1_87' title="bbox 301 5394 1871 5464">
     <span class='ocr_line' id='line_1_87' title="bbox 301 5394 1871 5464; baseline -0.001 -17"><span class='ocrx_word' id='word_1_601' title='bbox 301 5396 570 5464; x_wconf 81' lang='lat' dir='ltr'><strong>quisquis,</strong></span> <span class='ocrx_word' id='word_1_602' title='bbox 594 5395 772 5451; x_wconf 77' lang='lat' dir='ltr'><strong>saeculi</strong></span> <span class='ocrx_word' id='word_1_603' title='bbox 801 5395 959 5464; x_wconf 79' lang='lat' dir='ltr'><strong>huius</strong></span> <span class='ocrx_word' id='word_1_604' title='bbox 980 5410 1162 5450; x_wconf 89' lang='lat' dir='ltr'><strong>amore</strong></span> <span class='ocrx_word' id='word_1_605' title='bbox 1184 5405 1514 5464; x_wconf 87' lang='lat' dir='ltr'><strong>contempto,</strong></span> <span class='ocrx_word' id='word_1_606' title='bbox 1544 5394 1694 5462; x_wconf 87' lang='lat' dir='ltr'><strong>quasi</strong></span> <span class='ocrx_word' id='word_1_607' title='bbox 1726 5394 1871 5448; x_wconf 84' lang='lat' dir='ltr'><strong>dedi-</strong></span> 
     </span>
    </p>
   </div>
   <div class='ocr_carea' id='block_1_88' title="bbox 299 5487 1872 5554">
    <p class='ocr_par' dir='ltr' id='par_1_88' title="bbox 299 5487 1872 5554">
     <span class='ocr_line' id='line_1_88' title="bbox 299 5487 1872 5554; baseline -0.001 -16"><span class='ocrx_word' id='word_1_608' title='bbox 299 5493 499 5554; x_wconf 82' lang='lat' dir='ltr'><strong>gnatur</strong></span> <span class='ocrx_word' id='word_1_609' title='bbox 541 5499 757 5540; x_wconf 70' lang='lat' dir='ltr'><strong>cmnum</strong></span> <span class='ocrx_word' id='word_1_610' title='bbox 807 5487 1019 5540; x_wconf 88' lang='lat' dir='ltr'><strong>calcare</strong></span> <span class='ocrx_word' id='word_1_611' title='bbox 1067 5496 1336 5541; x_wconf 89' lang='lat' dir='ltr'><strong>terrenum</strong></span> <span class='ocrx_word' id='word_1_612' title='bbox 1364 5525 1377 5548; x_wconf 94' lang='lat'><strong>,</strong></span> <span class='ocrx_word' id='word_1_613' title='bbox 1410 5500 1474 5538; x_wconf 90' lang='lat' dir='ltr'><strong>ac</strong></span> <span class='ocrx_word' id='word_1_614' title='bbox 1504 5500 1600 5553; x_wconf 88' lang='lat' dir='ltr'><strong>per</strong></span> <span class='ocrx_word' id='word_1_615' title='bbox 1631 5494 1872 5538; x_wconf 81' lang='lat' dir='ltr'><strong>contem-</strong></span> 
     </span>
    </p>
   </div>
   <div class='ocr_carea' id='block_1_89' title="bbox 296 5574 1870 5645">
    <p class='ocr_par' dir='ltr' id='par_1_89' title="bbox 296 5574 1870 5645">
     <span class='ocr_line' id='line_1_89' title="bbox 296 5574 1870 5645; baseline -0.003 -16"><span class='ocrx_word' id='word_1_616' title='bbox 296 5574 556 5645; x_wconf 83' lang='lat' dir='ltr'><strong>plationis</strong></span> <span class='ocrx_word' id='word_1_617' title='bbox 583 5575 810 5645; x_wconf 83' lang='lat' dir='ltr'><strong>gratiam</strong></span> <span class='ocrx_word' id='word_1_618' title='bbox 835 5576 900 5628; x_wconf 89' lang='lat' dir='ltr'><strong>ad</strong></span> <span class='ocrx_word' id='word_1_619' title='bbox 935 5575 1169 5630; x_wconf 71' lang='lat' dir='ltr'><strong>cmlestis</strong></span> <span class='ocrx_word' id='word_1_620' title='bbox 1195 5575 1378 5643; x_wconf 71' lang='lat' dir='ltr'><strong>gloria:</strong></span> <span class='ocrx_word' id='word_1_621' title='bbox 1413 5589 1471 5628; x_wconf 86' lang='lat' dir='ltr'><strong>se</strong></span> <span class='ocrx_word' id='word_1_622' title='bbox 1503 5576 1752 5643; x_wconf 85' lang='lat' dir='ltr'><strong>provehit</strong></span> <span class='ocrx_word' id='word_1_623' title='bbox 1777 5587 1870 5642; x_wconf 89' lang='lat' dir='ltr'><strong>ap-</strong></span> 
     </span>
    </p>
   </div>
   <div class='ocr_carea' id='block_1_90' title="bbox 301 5667 1867 5740">
    <p class='ocr_par' dir='ltr' id='par_1_90' title="bbox 301 5667 1867 5740">
     <span class='ocr_line' id='line_1_90' title="bbox 301 5667 1867 5740; baseline -0.004 -16"><span class='ocrx_word' id='word_1_624' title='bbox 301 5669 547 5740; x_wconf 84' lang='lat' dir='ltr'><strong>petitum.</strong></span> <span class='ocrx_word' id='word_1_625' title='bbox 572 5668 670 5723; x_wconf 74' lang='lat' dir='ltr'><strong>ilic</strong></span> <span class='ocrx_word' id='word_1_626' title='bbox 699 5669 878 5736; x_wconf 86' lang='lat' dir='ltr'><strong>itaque</strong></span> <span class='ocrx_word' id='word_1_627' title='bbox 902 5668 1012 5738; x_wconf 82' lang='lat' dir='ltr'><strong>jam</strong></span> <span class='ocrx_word' id='word_1_628' title='bbox 1043 5684 1146 5722; x_wconf 88' lang='lat' dir='ltr'><strong>non</strong></span> <span class='ocrx_word' id='word_1_629' title='bbox 1190 5669 1240 5722; x_wconf 92' lang='lat' dir='ltr'><strong>in</strong></span> <span class='ocrx_word' id='word_1_630' title='bbox 1280 5679 1419 5722; x_wconf 85' lang='lat' dir='ltr'><strong>terra</strong></span> <span class='ocrx_word' id='word_1_631' title='bbox 1471 5667 1739 5736; x_wconf 80' lang='lat' dir='ltr'><strong>graditur,</strong></span> <span class='ocrx_word' id='word_1_632' title='bbox 1777 5667 1867 5718; x_wconf 82' lang='lat' dir='ltr'><strong>sed</strong></span> 
     </span>
    </p>
   </div>
   <div class='ocr_carea' id='block_1_91' title="bbox 1978 3227 3556 3298">
    <p class='ocr_par' dir='ltr' id='par_1_91' title="bbox 1978 3227 3556 3298">
     <span class='ocr_line' id='line_1_91' title="bbox 1978 3227 3556 3298; baseline 0.001 -19"><span class='ocrx_word' id='word_1_633' title='bbox 1978 3242 2126 3290; x_wconf 86' lang='lat' dir='ltr'><strong>num,</strong></span> <span class='ocrx_word' id='word_1_634' title='bbox 2153 3241 2214 3280; x_wconf 91' lang='lat' dir='ltr'><strong>ac</strong></span> <span class='ocrx_word' id='word_1_635' title='bbox 2247 3240 2343 3294; x_wconf 89' lang='lat' dir='ltr'><strong>per</strong></span> <span class='ocrx_word' id='word_1_636' title='bbox 2369 3241 2492 3280; x_wconf 90' lang='lat' dir='ltr'><strong>eum</strong></span> <span class='ocrx_word' id='word_1_637' title='bbox 2533 3241 2676 3296; x_wconf 64' lang='lat' dir='ltr'><strong>srepe</strong></span> <span class='ocrx_word' id='word_1_638' title='bbox 2701 3227 2926 3295; x_wconf 73' lang='lat' dir='ltr'><strong>iustitia:</strong></span> <span class='ocrx_word' id='word_1_639' title='bbox 2954 3241 3065 3281; x_wconf 80' lang='lat' dir='ltr'><strong>sua:</strong></span> <span class='ocrx_word' id='word_1_640' title='bbox 3114 3227 3418 3298; x_wconf 78' lang='lat' dir='ltr'><strong>promulgat</strong></span> <span class='ocrx_word' id='word_1_641' title='bbox 3444 3227 3556 3282; x_wconf 88' lang='lat' dir='ltr'><strong>edi-</strong></span> 
     </span>
    </p>
   </div>
   <div class='ocr_carea' id='block_1_92' title="bbox 1977 3316 3556 3391">
    <p class='ocr_par' dir='ltr' id='par_1_92' title="bbox 1977 3316 3556 3391">
     <span class='ocr_line' id='line_1_92' title="bbox 1977 3316 3556 3391; baseline 0.001 -21"><span class='ocrx_word' id='word_1_642' title='bbox 1977 3328 2143 3370; x_wconf 88' lang='lat' dir='ltr'><strong>ctmn.</strong></span> <span class='ocrx_word' id='word_1_643' title='bbox 2178 3316 2317 3371; x_wconf 87' lang='lat' dir='ltr'><strong>llinc</strong></span> <span class='ocrx_word' id='word_1_644' title='bbox 2346 3328 2430 3372; x_wconf 85' lang='lat' dir='ltr'><strong>est</strong></span> <span class='ocrx_word' id='word_1_645' title='bbox 2455 3328 2509 3371; x_wconf 89' lang='lat' dir='ltr'><strong>et</strong></span> <span class='ocrx_word' id='word_1_646' title='bbox 2533 3320 2676 3388; x_wconf 93' lang='lat' dir='ltr'><strong>quod</strong></span> <span class='ocrx_word' id='word_1_647' title='bbox 2704 3318 2938 3372; x_wconf 89' lang='lat' dir='ltr'><strong>ordoille</strong></span> <span class='ocrx_word' id='word_1_648' title='bbox 2959 3318 3254 3387; x_wconf 85' lang='lat' dir='ltr'><strong>angelicus,</strong></span> <span class='ocrx_word' id='word_1_649' title='bbox 3282 3336 3377 3388; x_wconf 90' lang='lat' dir='ltr'><strong>per</strong></span> <span class='ocrx_word' id='word_1_650' title='bbox 3398 3336 3556 3391; x_wconf 89' lang='lat' dir='ltr'><strong>quem</strong></span> 
     </span>
    </p>
   </div>
   <div class='ocr_carea' id='block_1_93' title="bbox 1978 3404 3554 3482">
    <p class='ocr_par' dir='ltr' id='par_1_93' title="bbox 1978 3404 3554 3482">
     <span class='ocr_line' id='line_1_93' title="bbox 1978 3404 3554 3482; baseline 0.004 -25"><span class='ocrx_word' id='word_1_651' title='bbox 1978 3404 2312 3482; x_wconf 78' lang='lat' dir='ltr'><strong>frequentius</strong></span> <span class='ocrx_word' id='word_1_652' title='bbox 2337 3407 2541 3476; x_wconf 86' lang='lat' dir='ltr'><strong>judicia</strong></span> <span class='ocrx_word' id='word_1_653' title='bbox 2575 3423 2670 3460; x_wconf 88' lang='lat' dir='ltr'><strong>sua</strong></span> <span class='ocrx_word' id='word_1_654' title='bbox 2712 3407 2954 3462; x_wconf 87' lang='lat' dir='ltr'><strong>decernit</strong></span> <span class='ocrx_word' id='word_1_655' title='bbox 2995 3409 3336 3478; x_wconf 89' lang='lat' dir='ltr'><strong>omnipotens</strong></span> <span class='ocrx_word' id='word_1_656' title='bbox 3391 3411 3554 3474; x_wconf 78' lang='lat' dir='ltr'><strong>Deus,</strong></span> 
     </span>
    </p>
   </div>
   <div class='ocr_carea' id='block_1_94' title="bbox 1979 3498 3554 3571">
    <p class='ocr_par' dir='ltr' id='par_1_94' title="bbox 1979 3498 3554 3571">
     <span class='ocr_line' id='line_1_94' title="bbox 1979 3498 3554 3571; baseline 0.001 -21"><span class='ocrx_word' id='word_1_657' title='bbox 1979 3498 2226 3551; x_wconf 79' lang='lat' dir='ltr'><strong>&#39;l&#39;hronus</strong></span> <span class='ocrx_word' id='word_1_658' title='bbox 2255 3507 2512 3560; x_wconf 85' lang='lat' dir='ltr'><strong>vocatur;</strong></span> <span class='ocrx_word' id='word_1_659' title='bbox 2544 3500 2668 3568; x_wconf 87' lang='lat' dir='ltr'><strong>quia</strong></span> <span class='ocrx_word' id='word_1_660' title='bbox 2703 3499 2756 3552; x_wconf 90' lang='lat' dir='ltr'><strong>in</strong></span> <span class='ocrx_word' id='word_1_661' title='bbox 2786 3499 2866 3553; x_wconf 88' lang='lat' dir='ltr'><strong>eis</strong></span> <span class='ocrx_word' id='word_1_662' title='bbox 2900 3514 3143 3554; x_wconf 89' lang='lat' dir='ltr'><strong>summus</strong></span> <span class='ocrx_word' id='word_1_663' title='bbox 3185 3501 3387 3555; x_wconf 86' lang='lat' dir='ltr'><strong>arbiter</strong></span> <span class='ocrx_word' id='word_1_664' title='bbox 3416 3517 3554 3571; x_wconf 63' lang='lat' dir='ltr'><strong>prae-</strong></span> 
     </span>
    </p>
   </div>
   <div class='ocr_carea' id='block_1_95' title="bbox 1979 3586 3557 3658">
    <p class='ocr_par' dir='ltr' id='par_1_95' title="bbox 1979 3586 3557 3658">
     <span class='ocr_line' id='line_1_95' title="bbox 1979 3586 3557 3658; baseline 0.005 -20"><span class='ocrx_word' id='word_1_665' title='bbox 1979 3587 2138 3651; x_wconf 89' lang='lat' dir='ltr'><strong>sidet,</strong></span> <span class='ocrx_word' id='word_1_666' title='bbox 2165 3586 2503 3656; x_wconf 86' lang='lat' dir='ltr'><strong>cumjudicia</strong></span> <span class='ocrx_word' id='word_1_667' title='bbox 2534 3601 2630 3656; x_wconf 90' lang='lat' dir='ltr'><strong>per</strong></span> <span class='ocrx_word' id='word_1_668' title='bbox 2651 3603 2745 3642; x_wconf 89' lang='lat' dir='ltr'><strong>eos</strong></span> <span class='ocrx_word' id='word_1_669' title='bbox 2773 3589 3049 3658; x_wconf 71' lang='lat' dir='ltr'><strong>mquitatis</strong></span> <span class='ocrx_word' id='word_1_670' title='bbox 3067 3601 3305 3646; x_wconf 80' lang='lat' dir='ltr'><strong>exercet.</strong></span> <span class='ocrx_word' id='word_1_671' title='bbox 3341 3590 3557 3646; x_wconf 79' lang='lat' dir='ltr'><strong>Perfec-</strong></span> 
     </span>
    </p>
   </div>
   <div class='ocr_carea' id='block_1_96' title="bbox 1981 3677 3555 3746">
    <p class='ocr_par' dir='ltr' id='par_1_96' title="bbox 1981 3677 3555 3746">
     <span class='ocr_line' id='line_1_96' title="bbox 1981 3677 3555 3746; baseline 0.003 -17"><span class='ocrx_word' id='word_1_672' title='bbox 1981 3684 2093 3730; x_wconf 87' lang='lat' dir='ltr'><strong>tum</strong></span> <span class='ocrx_word' id='word_1_673' title='bbox 2117 3677 2298 3746; x_wconf 88' lang='lat' dir='ltr'><strong>itaque</strong></span> <span class='ocrx_word' id='word_1_674' title='bbox 2321 3677 2499 3732; x_wconf 88' lang='lat' dir='ltr'><strong>virum</strong></span> <span class='ocrx_word' id='word_1_675' title='bbox 2530 3677 2671 3732; x_wconf 89' lang='lat' dir='ltr'><strong>Deus</strong></span> <span class='ocrx_word' id='word_1_676' title='bbox 2697 3693 2854 3734; x_wconf 90' lang='lat' dir='ltr'><strong>suum</strong></span> <span class='ocrx_word' id='word_1_677' title='bbox 2876 3679 3154 3734; x_wconf 87' lang='lat' dir='ltr'><strong>constituit</strong></span> <span class='ocrx_word' id='word_1_678' title='bbox 3177 3680 3393 3743; x_wconf 87' lang='lat' dir='ltr'><strong>solium,</strong></span> <span class='ocrx_word' id='word_1_679' title='bbox 3424 3690 3480 3733; x_wconf 92' lang='lat' dir='ltr'><strong>ut</strong></span> <span class='ocrx_word' id='word_1_680' title='bbox 3504 3682 3555 3734; x_wconf 92' lang='lat' dir='ltr'><strong>in</strong></span> 
     </span>
    </p>
   </div>
   <div class='ocr_carea' id='block_1_97' title="bbox 1941 3768 3558 3839">
    <p class='ocr_par' dir='ltr' id='par_1_97' title="bbox 1941 3768 3558 3839">
     <span class='ocr_line' id='line_1_97' title="bbox 1941 3768 3558 3839; baseline 0.001 -18"><span class='ocrx_word' id='word_1_681' title='bbox 1941 3793 1944 3796; x_wconf 55' lang='grc' dir='ltr'><strong><em>η</em></strong></span> <span class='ocrx_word' id='word_1_682' title='bbox 1979 3784 2044 3821; x_wconf 87' lang='lat' dir='ltr'><strong>eo</strong></span> <span class='ocrx_word' id='word_1_683' title='bbox 2067 3770 2311 3823; x_wconf 90' lang='lat' dir='ltr'><strong>suaviter</strong></span> <span class='ocrx_word' id='word_1_684' title='bbox 2344 3768 2666 3837; x_wconf 88' lang='lat' dir='ltr'><strong>requiescat.</strong></span> <span class='ocrx_word' id='word_1_685' title='bbox 2694 3768 2846 3823; x_wconf 90' lang='lat' dir='ltr'><strong>Unde</strong></span> <span class='ocrx_word' id='word_1_686' title='bbox 2885 3785 2983 3839; x_wconf 87' lang='lat' dir='ltr'><strong>per</strong></span> <span class='ocrx_word' id='word_1_687' title='bbox 3010 3770 3332 3839; x_wconf 89' lang='lat' dir='ltr'><strong>Prophetam</strong></span> <span class='ocrx_word' id='word_1_688' title='bbox 3363 3789 3374 3824; x_wconf 93' lang='lat'><strong>:</strong></span> <span class='ocrx_word' id='word_1_689' title='bbox 3407 3789 3424 3821; x_wconf 73' lang='grc' dir='ltr'>ι</span> <span class='ocrx_word' id='word_1_690' title='bbox 3457 3771 3558 3825; x_wconf 87' lang='lat' dir='ltr'><strong>Sn-</strong></span> 
     </span>
    </p>
   </div>
   <div class='ocr_carea' id='block_1_98' title="bbox 1979 3857 3553 3926">
    <p class='ocr_par' dir='ltr' id='par_1_98' title="bbox 1979 3857 3553 3926">
     <span class='ocr_line' id='line_1_98' title="bbox 1979 3857 3553 3926; baseline 0.001 -17"><span class='ocrx_word' id='word_1_691' title='bbox 1979 3871 2074 3925; x_wconf 91' lang='lat' dir='ltr'><strong>per</strong></span> <span class='ocrx_word' id='word_1_692' title='bbox 2103 3872 2286 3925; x_wconf 90' lang='lat' dir='ltr'><strong>quem,</strong></span> <span class='ocrx_word' id='word_1_693' title='bbox 2312 3857 2508 3926; x_wconf 85' lang='lat' dir='ltr'><strong>inquit,</strong></span> <span class='ocrx_word' id='word_1_694' title='bbox 2539 3859 2832 3926; x_wconf 81' lang='lat' dir='ltr'><strong>requiescit</strong></span> <span class='ocrx_word' id='word_1_695' title='bbox 2856 3858 3088 3926; x_wconf 89' lang='lat' dir='ltr'><strong>Spiritus</strong></span> <span class='ocrx_word' id='word_1_696' title='bbox 3121 3873 3296 3922; x_wconf 88' lang='lat' dir='ltr'><strong>meus,</strong></span> <span class='ocrx_word' id='word_1_697' title='bbox 3328 3859 3431 3914; x_wconf 88' lang='lat' dir='ltr'><strong>nisi</strong></span> <span class='ocrx_word' id='word_1_698' title='bbox 3461 3875 3553 3911; x_wconf 84' lang='lat' dir='ltr'><strong>sn-</strong></span> 
     </span>
    </p>
   </div>
   <div class='ocr_carea' id='block_1_99' title="bbox 1981 3949 3559 4017">
    <p class='ocr_par' dir='ltr' id='par_1_99' title="bbox 1981 3949 3559 4017">
     <span class='ocr_line' id='line_1_99' title="bbox 1981 3949 3559 4017; baseline 0.002 -16"><span class='ocrx_word' id='word_1_699' title='bbox 1981 3963 2074 4017; x_wconf 90' lang='lat' dir='ltr'><strong>per</strong></span> <span class='ocrx_word' id='word_1_700' title='bbox 2102 3949 2379 4012; x_wconf 90' lang='lat' dir='ltr'><strong>humilem,</strong></span> <span class='ocrx_word' id='word_1_701' title='bbox 2408 3959 2466 4003; x_wconf 92' lang='lat' dir='ltr'><strong>et</strong></span> <span class='ocrx_word' id='word_1_702' title='bbox 2492 3959 2856 4010; x_wconf 85' lang='lat' dir='ltr'><strong>mansuetum,</strong></span> <span class='ocrx_word' id='word_1_703' title='bbox 2907 3957 2962 4002; x_wconf 89' lang='lat' dir='ltr'><strong>et</strong></span> <span class='ocrx_word' id='word_1_704' title='bbox 3006 3959 3324 4003; x_wconf 85' lang='lat' dir='ltr'><strong>trementem</strong></span> <span class='ocrx_word' id='word_1_705' title='bbox 3351 3965 3559 4004; x_wconf 85' lang='lat' dir='ltr'><strong>sermo-</strong></span> 
     </span>
    </p>
   </div>
   <div class='ocr_carea' id='block_1_100' title="bbox 1979 4038 3558 4109">
    <p class='ocr_par' dir='ltr' id='par_1_100' title="bbox 1979 4038 3558 4109">
     <span class='ocr_line' id='line_1_100' title="bbox 1979 4038 3558 4109; baseline 0.001 -17"><span class='ocrx_word' id='word_1_706' title='bbox 1979 4054 2074 4094; x_wconf 88' lang='lat' dir='ltr'><strong>nes</strong></span> <span class='ocrx_word' id='word_1_707' title='bbox 2095 4040 2278 4094; x_wconf 88' lang='lat' dir='ltr'><strong>meos?</strong></span> <span class='ocrx_word' id='word_1_708' title='bbox 2301 4058 2320 4091; x_wconf 77' lang='grc' dir='ltr'><strong><em>ι</em></strong></span> <span class='ocrx_word' id='word_1_709' title='bbox 2353 4039 2468 4109; x_wconf 75' lang='grc' dir='ltr'><strong>(Ιδα</strong></span> <span class='ocrx_word' id='word_1_710' title='bbox 2491 4040 2660 4107; x_wconf 79' lang='lat' dir='ltr'><strong>wa.)</strong></span> <span class='ocrx_word' id='word_1_711' title='bbox 2687 4039 2750 4092; x_wconf 89' lang='lat' dir='ltr'><strong>Et</strong></span> <span class='ocrx_word' id='word_1_712' title='bbox 2773 4038 3065 4093; x_wconf 86' lang='lat' dir='ltr'><strong>notandum</strong></span> <span class='ocrx_word' id='word_1_713' title='bbox 3089 4040 3229 4108; x_wconf 91' lang='lat' dir='ltr'><strong>quod</strong></span> <span class='ocrx_word' id='word_1_714' title='bbox 3249 4053 3345 4107; x_wconf 88' lang='lat' dir='ltr'><strong>per</strong></span> <span class='ocrx_word' id='word_1_715' title='bbox 3367 4054 3558 4093; x_wconf 84' lang='lat' dir='ltr'><strong>unum-</strong></span> 
     </span>
    </p>
   </div>
   <div class='ocr_carea' id='block_1_101' title="bbox 1976 4125 3560 4198">
    <p class='ocr_par' dir='ltr' id='par_1_101' title="bbox 1976 4125 3560 4198">
     <span class='ocr_line' id='line_1_101' title="bbox 1976 4125 3560 4198; baseline -0.001 -17"><span class='ocrx_word' id='word_1_716' title='bbox 1976 4142 2244 4198; x_wconf 90' lang='lat' dir='ltr'><strong>quemque</strong></span> <span class='ocrx_word' id='word_1_717' title='bbox 2280 4128 2422 4181; x_wconf 91' lang='lat' dir='ltr'><strong>diem</strong></span> <span class='ocrx_word' id='word_1_718' title='bbox 2461 4128 2703 4182; x_wconf 89' lang='lat' dir='ltr'><strong>dicitur:</strong></span> <span class='ocrx_word' id='word_1_719' title='bbox 2743 4145 2762 4177; x_wconf 88' lang='grc'><em>‹</em></span> <span class='ocrx_word' id='word_1_720' title='bbox 2795 4125 3024 4181; x_wconf 84' lang='lat' dir='ltr'><strong>Factum</strong></span> <span class='ocrx_word' id='word_1_721' title='bbox 3071 4135 3157 4182; x_wconf 89' lang='lat' dir='ltr'><strong>est</strong></span> <span class='ocrx_word' id='word_1_722' title='bbox 3206 4141 3448 4195; x_wconf 85' lang='lat' dir='ltr'><strong>vespere,</strong></span> <span class='ocrx_word' id='word_1_723' title='bbox 3502 4136 3560 4180; x_wconf 87' lang='lat' dir='ltr'><strong>et</strong></span> 
     </span>
    </p>
   </div>
   <div class='ocr_carea' id='block_1_102' title="bbox 1977 4216 3554 4287">
    <p class='ocr_par' dir='ltr' id='par_1_102' title="bbox 1977 4216 3554 4287">
     <span class='ocr_line' id='line_1_102' title="bbox 1977 4216 3554 4287; baseline -0.001 -16"><span class='ocrx_word' id='word_1_724' title='bbox 1977 4232 2156 4272; x_wconf 86' lang='lat' dir='ltr'><strong>mane.</strong></span> <span class='ocrx_word' id='word_1_725' title='bbox 2188 4236 2206 4269; x_wconf 77' lang='grc' dir='ltr'><strong><em>ι</em></strong></span> <span class='ocrx_word' id='word_1_726' title='bbox 2245 4216 2477 4287; x_wconf 82' lang='lat' dir='ltr'><strong>Vespere</strong></span> <span class='ocrx_word' id='word_1_727' title='bbox 2509 4217 2741 4282; x_wconf 89' lang='lat' dir='ltr'><strong>scilicet,</strong></span> <span class='ocrx_word' id='word_1_728' title='bbox 2768 4217 2883 4286; x_wconf 88' lang='lat' dir='ltr'><strong>ipsa</strong></span> <span class='ocrx_word' id='word_1_729' title='bbox 2922 4218 3049 4272; x_wconf 86' lang='lat' dir='ltr'><strong>boni</strong></span> <span class='ocrx_word' id='word_1_730' title='bbox 3091 4217 3273 4287; x_wconf 89' lang='lat' dir='ltr'><strong>operis</strong></span> <span class='ocrx_word' id='word_1_731' title='bbox 3319 4228 3399 4272; x_wconf 88' lang='lat' dir='ltr'><strong>est</strong></span> <span class='ocrx_word' id='word_1_732' title='bbox 3430 4233 3554 4285; x_wconf 90' lang='lat' dir='ltr'><strong>per-</strong></span> 
     </span>
    </p>
   </div>
   <div class='ocr_carea' id='block_1_103' title="bbox 1978 4304 3556 4375">
    <p class='ocr_par' dir='ltr' id='par_1_103' title="bbox 1978 4304 3556 4375">
     <span class='ocr_line' id='line_1_103' title="bbox 1978 4304 3556 4375; baseline 0 -15"><span class='ocrx_word' id='word_1_733' title='bbox 1978 4305 2173 4371; x_wconf 85' lang='lat' dir='ltr'><strong>fectio;</strong></span> <span class='ocrx_word' id='word_1_734' title='bbox 2207 4321 2365 4361; x_wconf 89' lang='lat' dir='ltr'><strong>mane</strong></span> <span class='ocrx_word' id='word_1_735' title='bbox 2388 4322 2516 4360; x_wconf 80' lang='lat' dir='ltr'><strong>vero</strong></span> <span class='ocrx_word' id='word_1_736' title='bbox 2538 4305 2627 4359; x_wconf 80' lang='lat' dir='ltr'><strong>lux</strong></span> <span class='ocrx_word' id='word_1_737' title='bbox 2651 4307 2865 4361; x_wconf 75' lang='lat' dir='ltr'><strong>utentis.</strong></span> <span class='ocrx_word' id='word_1_738' title='bbox 2891 4304 3025 4359; x_wconf 86' lang='lat' dir='ltr'><strong>Nam</strong></span> <span class='ocrx_word' id='word_1_739' title='bbox 3051 4321 3173 4360; x_wconf 91' lang='lat' dir='ltr'><strong>cum</strong></span> <span class='ocrx_word' id='word_1_740' title='bbox 3198 4305 3396 4361; x_wconf 86' lang='lat' dir='ltr'><strong>bonum</strong></span> <span class='ocrx_word' id='word_1_741' title='bbox 3420 4322 3556 4375; x_wconf 86' lang='lat' dir='ltr'><strong>opus</strong></span> 
     </span>
    </p>
   </div>
   <div class='ocr_carea' id='block_1_104' title="bbox 1978 4397 3557 4468">
    <p class='ocr_par' dir='ltr' id='par_1_104' title="bbox 1978 4397 3557 4468">
     <span class='ocr_line' id='line_1_104' title="bbox 1978 4397 3557 4468; baseline -0.002 -14"><span class='ocrx_word' id='word_1_742' title='bbox 1978 4399 2222 4468; x_wconf 89' lang='lat' dir='ltr'><strong>pervenit</strong></span> <span class='ocrx_word' id='word_1_743' title='bbox 2272 4399 2342 4453; x_wconf 88' lang='lat' dir='ltr'><strong>ad</strong></span> <span class='ocrx_word' id='word_1_744' title='bbox 2390 4397 2801 4468; x_wconf 81' lang='lat' dir='ltr'><strong>perfectionem,</strong></span> <span class='ocrx_word' id='word_1_745' title='bbox 2850 4407 2980 4452; x_wconf 80' lang='lat' dir='ltr'><strong>tunc</strong></span> <span class='ocrx_word' id='word_1_746' title='bbox 3025 4398 3081 4452; x_wconf 91' lang='lat' dir='ltr'><strong>in</strong></span> <span class='ocrx_word' id='word_1_747' title='bbox 3125 4397 3232 4468; x_wconf 78' lang='lat'><strong>81</strong></span> <span class='ocrx_word' id='word_1_748' title='bbox 3281 4397 3557 4468; x_wconf 84' lang='lat' dir='ltr'><strong>Operantis</strong></span> 
     </span>
    </p>
   </div>
   <div class='ocr_carea' id='block_1_105' title="bbox 1982 4488 3558 4560">
    <p class='ocr_par' dir='ltr' id='par_1_105' title="bbox 1982 4488 3558 4560">
     <span class='ocr_line' id='line_1_105' title="bbox 1982 4488 3558 4560; baseline -0.001 -17"><span class='ocrx_word' id='word_1_749' title='bbox 1982 4499 2162 4544; x_wconf 89' lang='lat' dir='ltr'><strong>mente</strong></span> <span class='ocrx_word' id='word_1_750' title='bbox 2183 4488 2271 4543; x_wconf 84' lang='lat' dir='ltr'><strong>lux</strong></span> <span class='ocrx_word' id='word_1_751' title='bbox 2293 4489 2476 4560; x_wconf 83' lang='lat' dir='ltr'><strong>gratiae</strong></span> <span class='ocrx_word' id='word_1_752' title='bbox 2506 4488 2803 4558; x_wconf 89' lang='lat' dir='ltr'><strong>spiritualis</strong></span> <span class='ocrx_word' id='word_1_753' title='bbox 2825 4488 3098 4555; x_wconf 84' lang='lat' dir='ltr'><strong>exoritur;</strong></span> <span class='ocrx_word' id='word_1_754' title='bbox 3147 4500 3227 4554; x_wconf 92' lang='lat' dir='ltr'><strong>ut,</strong></span> <span class='ocrx_word' id='word_1_755' title='bbox 3268 4489 3396 4544; x_wconf 89' lang='lat' dir='ltr'><strong>dum</strong></span> <span class='ocrx_word' id='word_1_756' title='bbox 3427 4489 3558 4544; x_wconf 87' lang='lat' dir='ltr'><strong>luci-</strong></span> 
     </span>
    </p>
   </div>
   <div class='ocr_carea' id='block_1_106' title="bbox 1982 4577 3557 4649">
    <p class='ocr_par' dir='ltr' id='par_1_106' title="bbox 1982 4577 3557 4649">
     <span class='ocr_line' id='line_1_106' title="bbox 1982 4577 3557 4649; baseline -0.003 -15"><span class='ocrx_word' id='word_1_757' title='bbox 1982 4583 2107 4635; x_wconf 92' lang='lat' dir='ltr'><strong>dum</strong></span> <span class='ocrx_word' id='word_1_758' title='bbox 2140 4595 2275 4649; x_wconf 88' lang='lat' dir='ltr'><strong>opus</strong></span> <span class='ocrx_word' id='word_1_759' title='bbox 2300 4581 2434 4635; x_wconf 83' lang='lat' dir='ltr'><strong>foris</strong></span> <span class='ocrx_word' id='word_1_760' title='bbox 2471 4582 2805 4649; x_wconf 77' lang='lat' dir='ltr'><strong>exsequitur,</strong></span> <span class='ocrx_word' id='word_1_761' title='bbox 2855 4581 3178 4634; x_wconf 87' lang='lat' dir='ltr'><strong>intrinsecus</strong></span> <span class='ocrx_word' id='word_1_762' title='bbox 3224 4580 3337 4648; x_wconf 89' lang='lat' dir='ltr'><strong>ipsa</strong></span> <span class='ocrx_word' id='word_1_763' title='bbox 3379 4577 3557 4648; x_wconf 76' lang='lat' dir='ltr'><strong>gratia</strong></span> 
     </span>
    </p>
   </div>
   <div class='ocr_carea' id='block_1_107' title="bbox 1983 4669 2662 4740">
    <p class='ocr_par' dir='ltr' id='par_1_107' title="bbox 1983 4669 2662 4740">
     <span class='ocr_line' id='line_1_107' title="bbox 1983 4669 2662 4740; baseline -0.001 -17"><span class='ocrx_word' id='word_1_764' title='bbox 1983 4669 2218 4740; x_wconf 90' lang='lat' dir='ltr'><strong>Spiritus</strong></span> <span class='ocrx_word' id='word_1_765' title='bbox 2256 4670 2571 4725; x_wconf 88' lang='lat' dir='ltr'><strong>illustretur.</strong></span> <span class='ocrx_word' id='word_1_766' title='bbox 2655 4698 2662 4704; x_wconf 85' lang='grc'><strong>·</strong></span> 
     </span>
    </p>
   </div>
   <div class='ocr_carea' id='block_1_108' title="bbox 2581 4758 2956 4815">
    <p class='ocr_par' dir='ltr' id='par_1_108' title="bbox 2581 4758 2956 4815">
     <span class='ocr_line' id='line_1_108' title="bbox 2581 4758 2956 4815; baseline 0.003 -1"><span class='ocrx_word' id='word_1_767' title='bbox 2581 4758 2806 4814; x_wconf 80' lang='lat' dir='ltr'><strong>CAPUT</strong></span> <span class='ocrx_word' id='word_1_768' title='bbox 2852 4758 2956 4815; x_wconf 71' lang='grc' dir='ltr'><strong>γη.</strong></span> 
     </span>
    </p>
   </div>
   <div class='ocr_carea' id='block_1_109' title="bbox 2493 4851 3040 4920">
    <p class='ocr_par' dir='ltr' id='par_1_109' title="bbox 2493 4851 3040 4920">
     <span class='ocr_line' id='line_1_109' title="bbox 2493 4851 3040 4920; baseline -0.005 -14"><span class='ocrx_word' id='word_1_769' title='bbox 2493 4854 2515 4906; x_wconf 83' lang='grc' dir='ltr'><strong><em>Ι</em></strong></span> <span class='ocrx_word' id='word_1_770' title='bbox 2525 4872 2555 4906; x_wconf 81' lang='grc' dir='ltr'><em>η</em></span> <span class='ocrx_word' id='word_1_771' title='bbox 2595 4854 2772 4907; x_wconf 87' lang='lat' dir='ltr'><strong>eadem</strong></span> <span class='ocrx_word' id='word_1_772' title='bbox 2803 4851 3040 4920; x_wconf 81' lang='lat' dir='ltr'><strong>epistola.</strong></span> 
     </span>
    </p>
   </div>
   <div class='ocr_carea' id='block_1_110' title="bbox 2051 4940 3555 5016">
    <p class='ocr_par' dir='ltr' id='par_1_110' title="bbox 2051 4940 3555 5016">
     <span class='ocr_line' id='line_1_110' title="bbox 2051 4940 3555 5016; baseline -0.005 -14"><span class='ocrx_word' id='word_1_773' title='bbox 2051 4948 2142 5002; x_wconf 89' lang='lat' dir='ltr'><strong>Sic</strong></span> <span class='ocrx_word' id='word_1_774' title='bbox 2172 4948 2352 5016; x_wconf 88' lang='lat' dir='ltr'><strong>itaque</strong></span> <span class='ocrx_word' id='word_1_775' title='bbox 2380 4945 2690 5016; x_wconf 86' lang='lat' dir='ltr'><strong>pervcnitur</strong></span> <span class='ocrx_word' id='word_1_776' title='bbox 2737 4944 2804 4997; x_wconf 90' lang='lat' dir='ltr'><strong>ad</strong></span> <span class='ocrx_word' id='word_1_777' title='bbox 2837 4943 3128 4998; x_wconf 87' lang='lat' dir='ltr'><strong>Sabbatum</strong></span> <span class='ocrx_word' id='word_1_778' title='bbox 3151 4980 3166 5004; x_wconf 92' lang='lat'><strong>,</strong></span> <span class='ocrx_word' id='word_1_779' title='bbox 3198 4957 3250 4995; x_wconf 86' lang='lat' dir='ltr'><strong>tn</strong></span> <span class='ocrx_word' id='word_1_780' title='bbox 3281 4956 3386 5010; x_wconf 89' lang='lat' dir='ltr'><strong>quo</strong></span> <span class='ocrx_word' id='word_1_781' title='bbox 3414 4940 3555 4996; x_wconf 89' lang='lat' dir='ltr'><strong>Deus</strong></span> 
     </span>
    </p>
   </div>
   <div class='ocr_carea' id='block_1_111' title="bbox 1979 5031 3552 5108">
    <p class='ocr_par' dir='ltr' id='par_1_111' title="bbox 1979 5031 3552 5108">
     <span class='ocr_line' id='line_1_111' title="bbox 1979 5031 3552 5108; baseline -0.005 -17"><span class='ocrx_word' id='word_1_782' title='bbox 1979 5046 2034 5091; x_wconf 89' lang='lat' dir='ltr'><strong>et</strong></span> <span class='ocrx_word' id='word_1_783' title='bbox 2080 5038 2194 5108; x_wconf 91' lang='lat' dir='ltr'><strong>ipse</strong></span> <span class='ocrx_word' id='word_1_784' title='bbox 2229 5036 2619 5092; x_wconf 91' lang='lat' dir='ltr'><strong>consummatis</strong></span> <span class='ocrx_word' id='word_1_785' title='bbox 2650 5033 2898 5089; x_wconf 89' lang='lat' dir='ltr'><strong>omnibus</strong></span> <span class='ocrx_word' id='word_1_786' title='bbox 2927 5032 3238 5101; x_wconf 82' lang='lat' dir='ltr'><strong>requiescit,</strong></span> <span class='ocrx_word' id='word_1_787' title='bbox 3284 5040 3341 5085; x_wconf 92' lang='lat' dir='ltr'><strong>et</strong></span> <span class='ocrx_word' id='word_1_788' title='bbox 3376 5031 3552 5086; x_wconf 88' lang='lat' dir='ltr'><strong>homi-</strong></span> 
     </span>
    </p>
   </div>
   <div class='ocr_carea' id='block_1_112' title="bbox 1982 5121 3550 5196">
    <p class='ocr_par' dir='ltr' id='par_1_112' title="bbox 1982 5121 3550 5196">
     <span class='ocr_line' id='line_1_112' title="bbox 1982 5121 3550 5196; baseline -0.004 -16"><span class='ocrx_word' id='word_1_789' title='bbox 1982 5144 2101 5183; x_wconf 91' lang='lat' dir='ltr'><strong>nem</strong></span> <span class='ocrx_word' id='word_1_790' title='bbox 2133 5130 2470 5196; x_wconf 87' lang='lat' dir='ltr'><strong>requiescere</strong></span> <span class='ocrx_word' id='word_1_791' title='bbox 2494 5125 2759 5195; x_wconf 74' lang='lat' dir='ltr'><strong>przecipit.</strong></span> <span class='ocrx_word' id='word_1_792' title='bbox 2783 5123 2897 5178; x_wconf 85' lang='lat' dir='ltr'><strong>Hoc</strong></span> <span class='ocrx_word' id='word_1_793' title='bbox 2923 5123 3103 5191; x_wconf 89' lang='lat' dir='ltr'><strong>itaque</strong></span> <span class='ocrx_word' id='word_1_794' title='bbox 3129 5123 3285 5175; x_wconf 90' lang='lat' dir='ltr'><strong>modo</strong></span> <span class='ocrx_word' id='word_1_795' title='bbox 3312 5130 3365 5175; x_wconf 91' lang='lat' dir='ltr'><strong>et</strong></span> <span class='ocrx_word' id='word_1_796' title='bbox 3390 5121 3550 5175; x_wconf 90' lang='lat' dir='ltr'><strong>homo</strong></span> 
     </span>
    </p>
   </div>
   <div class='ocr_carea' id='block_1_113' title="bbox 1981 5211 3556 5284">
    <p class='ocr_par' dir='ltr' id='par_1_113' title="bbox 1981 5211 3556 5284">
     <span class='ocr_line' id='line_1_113' title="bbox 1981 5211 3556 5284; baseline -0.005 -13"><span class='ocrx_word' id='word_1_797' title='bbox 1981 5217 2040 5271; x_wconf 82' lang='lat' dir='ltr'><strong>ﬁt</strong></span> <span class='ocrx_word' id='word_1_798' title='bbox 2061 5215 2355 5270; x_wconf 87' lang='lat' dir='ltr'><strong>Sabbatum</strong></span> <span class='ocrx_word' id='word_1_799' title='bbox 2383 5214 2497 5284; x_wconf 82' lang='lat' dir='ltr'><strong>Dei,</strong></span> <span class='ocrx_word' id='word_1_800' title='bbox 2513 5225 2566 5268; x_wconf 91' lang='lat' dir='ltr'><strong>ct</strong></span> <span class='ocrx_word' id='word_1_801' title='bbox 2589 5213 2730 5267; x_wconf 90' lang='lat' dir='ltr'><strong>Deus</strong></span> <span class='ocrx_word' id='word_1_802' title='bbox 2757 5212 3049 5266; x_wconf 89' lang='lat' dir='ltr'><strong>Sabbatum</strong></span> <span class='ocrx_word' id='word_1_803' title='bbox 3073 5211 3328 5275; x_wconf 86' lang='lat' dir='ltr'><strong>hominis,</strong></span> <span class='ocrx_word' id='word_1_804' title='bbox 3354 5225 3473 5264; x_wconf 90' lang='lat' dir='ltr'><strong>cum</strong></span> <span class='ocrx_word' id='word_1_805' title='bbox 3500 5218 3556 5263; x_wconf 89' lang='lat' dir='ltr'><strong>et</strong></span> 
     </span>
    </p>
   </div>
   <div class='ocr_carea' id='block_1_114' title="bbox 1979 5297 3550 5376">
    <p class='ocr_par' dir='ltr' id='par_1_114' title="bbox 1979 5297 3550 5376">
     <span class='ocr_line' id='line_1_114' title="bbox 1979 5297 3550 5376; baseline -0.006 -17"><span class='ocrx_word' id='word_1_806' title='bbox 1979 5307 2091 5376; x_wconf 84' lang='lat' dir='ltr'><strong>ipse</strong></span> <span class='ocrx_word' id='word_1_807' title='bbox 2123 5307 2174 5359; x_wconf 90' lang='lat' dir='ltr'><strong>in</strong></span> <span class='ocrx_word' id='word_1_808' title='bbox 2222 5306 2347 5367; x_wconf 90' lang='lat' dir='ltr'><strong>Deo,</strong></span> <span class='ocrx_word' id='word_1_809' title='bbox 2380 5313 2435 5357; x_wconf 91' lang='lat' dir='ltr'><strong>et</strong></span> <span class='ocrx_word' id='word_1_810' title='bbox 2461 5304 2602 5356; x_wconf 86' lang='lat' dir='ltr'><strong>Deus</strong></span> <span class='ocrx_word' id='word_1_811' title='bbox 2637 5300 2924 5370; x_wconf 85' lang='lat' dir='ltr'><strong>requiescit</strong></span> <span class='ocrx_word' id='word_1_812' title='bbox 2950 5300 3001 5352; x_wconf 94' lang='lat' dir='ltr'><strong>in</strong></span> <span class='ocrx_word' id='word_1_813' title='bbox 3033 5315 3117 5353; x_wconf 92' lang='lat' dir='ltr'><strong>eo.</strong></span> <span class='ocrx_word' id='word_1_814' title='bbox 3156 5318 3174 5350; x_wconf 75' lang='grc' dir='ltr'><strong>ε</strong></span> <span class='ocrx_word' id='word_1_815' title='bbox 3203 5297 3437 5361; x_wconf 81' lang='lat' dir='ltr'><strong>Manete,</strong></span> <span class='ocrx_word' id='word_1_816' title='bbox 3467 5299 3550 5350; x_wconf 91' lang='lat' dir='ltr'><strong>in-</strong></span> 
     </span>
    </p>
   </div>
   <div class='ocr_carea' id='block_1_115' title="bbox 1975 5389 3554 5465">
    <p class='ocr_par' dir='ltr' id='par_1_115' title="bbox 1975 5389 3554 5465">
     <span class='ocr_line' id='line_1_115' title="bbox 1975 5389 3554 5465; baseline -0.004 -17"><span class='ocrx_word' id='word_1_817' title='bbox 1975 5396 2111 5465; x_wconf 88' lang='lat' dir='ltr'><strong>quit,</strong></span> <span class='ocrx_word' id='word_1_818' title='bbox 2164 5395 2217 5448; x_wconf 91' lang='lat' dir='ltr'><strong>in</strong></span> <span class='ocrx_word' id='word_1_819' title='bbox 2260 5407 2364 5457; x_wconf 87' lang='lat' dir='ltr'><strong>me,</strong></span> <span class='ocrx_word' id='word_1_820' title='bbox 2416 5405 2471 5447; x_wconf 88' lang='lat' dir='ltr'><strong>et</strong></span> <span class='ocrx_word' id='word_1_821' title='bbox 2514 5407 2612 5462; x_wconf 81' lang='lat' dir='ltr'><strong>ego</strong></span> <span class='ocrx_word' id='word_1_822' title='bbox 2648 5392 2698 5445; x_wconf 93' lang='lat' dir='ltr'><strong>in</strong></span> <span class='ocrx_word' id='word_1_823' title='bbox 2749 5391 2901 5445; x_wconf 85' lang='lat' dir='ltr'><strong>vobis</strong></span> <span class='ocrx_word' id='word_1_824' title='bbox 2962 5389 3167 5459; x_wconf 83' lang='lat' dir='ltr'><strong>(Joan.</strong></span> <span class='ocrx_word' id='word_1_825' title='bbox 3205 5391 3334 5458; x_wconf 69' lang='lat' dir='ltr'><strong>xiv).</strong></span> <span class='ocrx_word' id='word_1_826' title='bbox 3367 5407 3385 5440; x_wconf 73' lang='grc' dir='ltr'><strong><em>ι</em></strong></span> <span class='ocrx_word' id='word_1_827' title='bbox 3437 5390 3554 5457; x_wconf 78' lang='lat' dir='ltr'><strong>ipse</strong></span> 
     </span>
    </p>
   </div>
   <div class='ocr_carea' id='block_1_116' title="bbox 1976 5478 3554 5554">
    <p class='ocr_par' dir='ltr' id='par_1_116' title="bbox 1976 5478 3554 5554">
     <span class='ocr_line' id='line_1_116' title="bbox 1976 5478 3554 5554; baseline -0.006 -16"><span class='ocrx_word' id='word_1_828' title='bbox 1976 5485 2172 5554; x_wconf 77' lang='lat' dir='ltr'><strong>quippe</strong></span> <span class='ocrx_word' id='word_1_829' title='bbox 2211 5483 2365 5535; x_wconf 87' lang='lat' dir='ltr'><strong>nobis</strong></span> <span class='ocrx_word' id='word_1_830' title='bbox 2392 5491 2446 5536; x_wconf 88' lang='lat' dir='ltr'><strong>et</strong></span> <span class='ocrx_word' id='word_1_831' title='bbox 2475 5480 2832 5550; x_wconf 89' lang='lat' dir='ltr'><strong>intemporale</strong></span> <span class='ocrx_word' id='word_1_832' title='bbox 2867 5489 3100 5548; x_wconf 88' lang='lat' dir='ltr'><strong>tempus,</strong></span> <span class='ocrx_word' id='word_1_833' title='bbox 3133 5489 3187 5533; x_wconf 91' lang='lat' dir='ltr'><strong>et</strong></span> <span class='ocrx_word' id='word_1_834' title='bbox 3218 5478 3442 5532; x_wconf 88' lang='lat' dir='ltr'><strong>illocalis</strong></span> <span class='ocrx_word' id='word_1_835' title='bbox 3469 5487 3554 5530; x_wconf 87' lang='lat' dir='ltr'><strong>est</strong></span> 
     </span>
    </p>
   </div>
   <div class='ocr_carea' id='block_1_117' title="bbox 1976 5568 3548 5640">
    <p class='ocr_par' dir='ltr' id='par_1_117' title="bbox 1976 5568 3548 5640">
     <span class='ocr_line' id='line_1_117' title="bbox 1976 5568 3548 5640; baseline -0.004 -14"><span class='ocrx_word' id='word_1_836' title='bbox 1976 5575 2144 5628; x_wconf 76' lang='lat' dir='ltr'><strong>locus.</strong></span> <span class='ocrx_word' id='word_1_837' title='bbox 2169 5573 2398 5626; x_wconf 89' lang='lat' dir='ltr'><strong>lllocalis</strong></span> <span class='ocrx_word' id='word_1_838' title='bbox 2427 5572 2631 5626; x_wconf 88' lang='lat' dir='ltr'><strong>scilicet</strong></span> <span class='ocrx_word' id='word_1_839' title='bbox 2656 5572 2779 5640; x_wconf 85' lang='lat' dir='ltr'><strong>quia</strong></span> <span class='ocrx_word' id='word_1_840' title='bbox 2813 5585 2917 5626; x_wconf 91' lang='lat' dir='ltr'><strong>non</strong></span> <span class='ocrx_word' id='word_1_841' title='bbox 2946 5570 3438 5632; x_wconf 82' lang='lat' dir='ltr'><strong>circumscribitur;</strong></span> <span class='ocrx_word' id='word_1_842' title='bbox 3464 5568 3548 5619; x_wconf 91' lang='lat' dir='ltr'><strong>in-</strong></span> 
     </span>
    </p>
   </div>
   <div class='ocr_carea' id='block_1_118' title="bbox 1979 5655 3550 5732">
    <p class='ocr_par' dir='ltr' id='par_1_118' title="bbox 1979 5655 3550 5732">
     <span class='ocr_line' id='line_1_118' title="bbox 1979 5655 3550 5732; baseline -0.007 -15"><span class='ocrx_word' id='word_1_843' title='bbox 1979 5662 2317 5732; x_wconf 87' lang='lat' dir='ltr'><strong>temporalis,</strong></span> <span class='ocrx_word' id='word_1_844' title='bbox 2368 5663 2492 5729; x_wconf 92' lang='lat' dir='ltr'><strong>quia</strong></span> <span class='ocrx_word' id='word_1_845' title='bbox 2525 5675 2795 5728; x_wconf 88' lang='lat' dir='ltr'><strong>uuuqnam</strong></span> <span class='ocrx_word' id='word_1_846' title='bbox 2832 5661 3032 5712; x_wconf 74' lang='lat' dir='ltr'><strong>(luitur.</strong></span> <span class='ocrx_word' id='word_1_847' title='bbox 3082 5658 3316 5726; x_wconf 83' lang='lat' dir='ltr'><strong>Tempus</strong></span> <span class='ocrx_word' id='word_1_848' title='bbox 3367 5655 3550 5722; x_wconf 63' lang='lat' dir='ltr'><strong>itaque</strong></span> 
     </span>
    </p>
   </div>
  </div>
