4108 5342
582 358 685 417 995
1471 343 1961 408 COLLECTANEA
2003 348 2067 403 IN
2113 347 2336 405 VETUS
2376 349 2911 405 TESTAMEN'I'UM.
3721 349 3840 405 996

582 466 737 523 nobis
766 476 872 529 est,
901 465 1022 519 dum
1055 462 1223 516 dicit:
1276 468 1295 511 ι
1326 460 1513 516 Nonne
1542 461 1822 514 duodecun
1853 461 1995 513 horae
2021 468 2149 514 sunt
2176 474 2219 526 Α
2250 460 2518 526 firmaret;
2560 462 2626 515 ad
2677 462 2778 516 hoc
2816 462 3118 519 sublimitas
3156 461 3409 517 inclinata
3461 469 3565 526 est,
3612 473 3672 516 ut
3724 464 3835 517 de—

588 556 737 611 diei?
766 573 787 608 ι
827 553 1007 623 (Joan.
1042 554 1119 622 χι)
1167 550 1237 605 Se
1266 550 1472 605 scilicet
1518 551 1688 612 diem;
1730 549 2006 603 duodecim
2061 565 2154 601 au-
2248 550 2422 621 jeetos
2464 553 2734 621 erigeret;
2768 552 2834 606 ad
2884 553 2986 607 hoc
3032 552 3140 608 vita
3182 553 3315 606 mori
3349 552 3564 622 dignata
3606 561 3717 615 est,
3768 562 3834 605 ut

585 661 690 703 tem
718 648 896 711 horas,
931 645 1151 699 totidem
1204 643 1336 698 dicit
1370 642 1659 712 apostolos.
1691 641 1866 696 Locus
1892 656 2019 695 vero
2047 640 2154 697 illic
2254 641 2443 693 mortis
2489 640 2774 709 imperium
2815 642 3099 695 destructis
3141 641 3208 694 ad
3257 642 3421 694 vitam
3453 651 3699 695 mortuos
3726 655 3825 694 re-

584 736 950 793 indubitanter
979 734 1324 805 exprimitur,
1363 733 1454 787 ubi
1496 730 1793 801 Pmpheta,
1844 746 1966 785 cum
2012 745 2152 798 pra:-

584 827 823 882 misisset
849 844 862 879 :
904 845 924 877 ι
952 826 1029 880 Tu
1058 834 1237 880 autem
1275 824 1415 878 idem
1444 822 1557 892 ipse
1593 836 1681 887 es,
1709 832 1765 876 et
1786 822 1909 875 anni
1939 822 2013 875 tui
2045 836 2152 875 non

582 916 859 981 deficient,
908 936 926 967 ι
1005 915 1253 985 protinus
1315 913 1572 967 addidit:
1630 933 1649 965 ι
1697 913 1817 968 Filii
1869 928 2150 968 servorum

583 1019 796 1062 tuorum
839 1007 1162 1061 habitabant
1205 1003 1377 1076 (Psaf.
1405 1006 1513 1077 ct);
1545 1024 1564 1058 ›
1616 1006 1686 1059 ibi
1734 1006 1875 1060 haud
1896 1006 2149 1068 dubium,

580 1099 791 1168 quando
829 1097 881 1151 in
915 1106 984 1151 te.
1014 1096 1168 1150 Fecit
1198 1097 1379 1166 itaque
1414 1096 1553 1151 Deus
1580 1096 1775 1152 coelum
1806 1107 1862 1150 et
1910 1104 2145 1162 terram;

580 1198 633 1240 et
671 1186 997 1256 requievisse
1027 1200 1131 1239 non
1181 1186 1398 1240 dicitur.
1450 1184 1606 1240 Fecit
1657 1185 1837 1240 omnia
1889 1198 2008 1253 quae
2053 1198 2149 1255 pa-

581 1289 806 1333 scuntur
834 1279 890 1333 in
924 1278 1107 1343 terris,
1136 1288 1192 1332 et
1236 1293 1355 1346 qua:
1386 1286 1674 1332 moventur
1703 1277 1758 1331 in
1798 1277 1983 1346 aquis;
2014 1285 2071 1331 et
2096 1277 2152 1330 in

586 1371 839 1425 erunibus
889 1370 973 1424 bis
1017 1382 1288 1438 nunquam
1350 1367 1546 1438 legitur
1615 1368 1941 1439 rcquievisse
1979 1383 1993 1421 :
2034 1368 2149 1434 sed,

586 1460 849 1530 plasmate
898 1460 968 1514 ad
1016 1460 1304 1528 imaginem
1357 1473 1509 1513 suam
1563 1456 1813 1523 homine,
1857 1456 2151 1512 Sahbatum

584 1549 831 1617 protinus
865 1548 1062 1616 quietis
1092 1546 1289 1611 illuxit,
1318 1554 1373 1600 et
1420 1546 1500 1600 sic
1539 1545 1910 1600 universitatis
1950 1544 2149 1601 Canidi-

583 1649 668 1693 tor
705 1638 985 1709 requievit.
1034 1637 1095 1692 Et
1127 1652 1251 1692 eum
1300 1637 1415 1707 ipse
1455 1649 1556 1706 per
1600 1637 1919 1706 prophetam
1963 1637 2148 1691 dicat:

586 1747 608 1781 ι
639 1729 842 1784 leum
900 1728 1029 1781 mihi
1083 1728 1239 1781 sedes
1280 1735 1384 1790 est,
1428 1734 1571 1779 terra
1623 1734 1803 1779 autem
1857 1724 2149 1781 scabellum

2250 738 2490 784 vocaret.
2535 729 2686 795 Quod
2732 729 2987 784 nimirum
3014 731 3176 785 etiam
3226 731 3279 784 in
3310 731 3425 799 ipso
3474 732 3691 801 generis
3717 734 3827 785 hu-

2253 820 2395 873 mani
2425 819 2731 875 declaratur
2756 822 2995 877 exordio.
3027 821 3298 890 Scriptum
3322 831 3406 876 est
3424 823 3568 876 enim
3593 840 3606 874 :
3645 822 3819 889 (Quia

2253 912 2397 965 misit
2426 911 2684 966 Dominus
2730 927 2976 981 soporem
3022 913 3075 966 in
3102 912 3311 977 Adam;
3358 926 3591 982 eumque
3616 913 3819 968 obdor-

2253 1002 2459 1068 misset,
2493 1001 2610 1056 tulit
2641 1017 2800 1056 unam
2846 1003 2911 1056 de
2953 1001 3122 1057 costis
3160 1002 3298 1072 ejus,
3344 1010 3399 1055 et
3438 1002 3661 1070 replevit
3692 1016 3818 1056 car-

2254 1108 2375 1149 nem
2416 1108 2512 1163 pro
2558 1108 2658 1158 ea;
2690 1102 2743 1147 et
2784 1093 3068 1147 aedificavit
3109 1090 3365 1147 Dominus
3412 1091 3553 1146 Deus
3580 1100 3813 1147 costam.

2251 1200 2412 1256 quam
2459 1190 2651 1241 tulerat
2700 1187 2766 1242 de
2809 1185 3005 1249 Adam,
3054 1185 3108 1239 in
3157 1184 3435 1240 mulierem
3479 1184 3629 1256 (Gen.
3663 1184 3750 1255 tt).
3788 1204 3808 1235 ι

2251 1274 2428 1346 Super
2488 1291 2595 1346 quo
2652 1291 2775 1332 cum
2832 1276 3146 1345 loqueretur
3200 1274 3528 1344 Apostolus,
3580 1276 3808 1329 dicens:

2256 1385 2276 1418 ι
2317 1364 2607 1435 Relinquet
2655 1365 2815 1420 homo
2866 1374 3108 1436 patrem,
3149 1374 3205 1419 et
3258 1374 3484 1418 matrem
3526 1378 3702 1428 suam,
3755 1374 3814 1418 et

2252 1455 2546 1510 adhaerebit
2597 1456 2752 1509 uxori
2807 1470 2919 1510 sua:
2948 1494 2963 1518 .
3037 1461 3093 1510 et
3153 1464 3315 1509 erttnt
3375 1454 3481 1509 duo
3538 1454 3591 1507 in
3643 1468 3816 1508 carne

2252 1559 2383 1611 una,
2426 1564 2446 1599 ι
2479 1557 2675 1615 praesto
2706 1546 2986 1616 subjunxit
3013 1564 3026 1600 :
3066 1564 3085 1597 ι
3117 1545 3526 1599 Sacramentum
3554 1545 3657 1598 hoc
3692 1560 3809 1597 ma-

2249 1649 2411 1707 gnum
2443 1645 2557 1699 est;
2589 1650 2689 1704 ego
2717 1645 2899 1689 autem
2928 1637 3047 1691 dico
3076 1637 3128 1688 in
3164 1635 3381 1690 Christo
3427 1644 3481 1688 et
3528 1636 3582 1688 in
3626 1635 3814 1689 Eccle-

2250 1727 2331 1782 sia
2361 1725 2577 1797 (Ephes.
2605 1726 2679 1800 v).
2713 1746 2733 1778 ι
2779 1728 2845 1782 Et
2890 1741 3014 1782 vere
3057 1743 3264 1798 magna:
3288 1727 3504 1782 virtutis
3533 1728 3811 1787 indicium,

578 1821 771 1891 pedum
803 1834 1040 1873 meorum
1065 1818 1199 1887 (lsa.
1229 1815 1401 1886 χιιι),
1433 1835 1453 1868 ι
1474 1815 1613 1883 quod
1643 1815 1697 1868 in
1725 1814 1934 1869 illorum
1960 1815 2149 1869 condi-
2180 1814 2223 1873 Β
2252 1817 2509 1891 miranda:
2538 1814 2920 1885 profunditatis
2947 1824 3033 1871 est
3058 1826 3479 1871 sacramentum.
3509 1814 3611 1869 Per
3636 1815 3815 1868 Adam

587 1911 730 1964 tione
755 1924 859 1963 non
889 1908 1108 1972 dicitur,
1157 1908 1208 1960 in
1252 1906 1366 1960 sola
1395 1905 1628 1959 hominis
1656 1904 1962 1958 conditione
1989 1904 2146 1972 quie-

582 2002 724 2055 visse
764 1999 1090 2070 perhibetur.
1143 1997 1211 2052 Et
1245 2005 1303 2050 ut
1336 1995 1508 2065 magis
1551 2010 1614 2048 ac
1665 1994 1836 2064 magis
1882 1994 2146 2063 insignem

580 2090 739 2158 lmjus
802 2090 912 2143 diei
981 2098 1199 2157 stupeas
1261 2087 1601 2157 dignitatem,
1641 2086 1775 2141 dicit
1833 2084 2147 2154 Scriptura:

583 2199 606 2231 ι
638 2180 774 2246 Quia
804 2177 1075 2233 benedixit
1106 2178 1247 2231 Deus
1290 2176 1395 2230 diei
1426 2175 1678 2245 septimo,
1709 2184 1764 2229 et
1793 2173 2153 2229 sanctificavit

579 2269 750 2335 illum,
788 2268 912 2337 quia
944 2268 1058 2337 ipse
1086 2277 1391 2321 cessaverat
1440 2266 1508 2320 ab
1554 2265 1810 2319 universo
1837 2277 2017 2333 Opere
2053 2278 2149 2317 suo

578 2360 732 2433 (Gen.
784 2360 930 2430 11);»
982 2358 1125 2428 quod
1177 2358 1231 2411 in
1262 2358 1477 2412 cteteris
1516 2357 1709 2412 diebus
1755 2355 1950 2410 fecisse
2002 2348 2149 2407 nullo

578 2451 739 2505 modo
802 2449 1090 2518 reperitur.
1157 2446 1294 2513 Quid
1352 2454 1437 2500 cst
1490 2446 1634 2499 enim
1690 2445 1800 2499 Deo
1853 2443 2148 2498 Sabbatum

576 2539 943 2602 sanctificare,
979 2539 1081 2592 nisi
1113 2536 1368 2603 templum
1426 2536 1642 2591 sibimet
1679 2535 1734 2588 in
1764 2535 1935 2590 sancti
1986 2544 2151 2602 atque

578 2630 801 2700 perfecti
830 2630 931 2684 viri
960 2638 1138 2683 mente
1162 2638 1479 2682 construere
1498 2624 1703 2680 YSicut
1737 2635 1792 2680 et
1818 2624 2106 2694 Apostolus
2131 2642 2143 2676 :

585 2740 603 2771 ι
642 2719 944 2789 Templum,
983 2720 1080 2783 ait,
1128 2718 1222 2771 Dei
1261 2726 1503 2771 sanctum
1535 2726 1640 2779 est,
1671 2717 1813 2785 quod
1857 2716 1989 2770 estis
2027 2729 2145 2778 vos,

581 2819 637 2862 et
682 2807 915 2876 Spiritus
951 2816 1170 2861 sanctus
1202 2805 1410 2858 habitat
1458 2804 1510 2857 in
1541 2805 1694 2857 vobis
1742 2803 1789 2874 (1
1826 2802 1950 2857 Cor.
1982 2804 2085 2873 tu).
2123 2822 2142 2853 ι

577 2901 747 2957 Porro
762 2909 960 2967 autem,
980 2900 1118 2955 sicut
1134 2898 1197 2955 de
1213 2896 1447 2954 Subhato
1462 2896 1718 2964 diximus,
1736 2898 1805 2953 ita
1821 2909 2033 2970 quoque
2063 2911 2150 2953 ra-

580 3005 654 3049 tto
714 2995 882 3063 exigit
933 3003 990 3047 ut
1029 2994 1096 3047 de
1165 2992 1362 3060 templo
1422 2992 1665 3046 dicamus
1720 2993 1848 3061 quia
1901 3001 1958 3046 et
2008 2993 2150 3047 Deus

576 3083 833 3153 templum
872 3082 1129 3146 hominis,
1162 3092 1217 3136 et
1244 3082 1406 3135 homo
1434 3091 1520 3136 est
1564 3082 1817 3149 templum
1854 3081 1980 3146 Dei;
2004 3082 2147 3134 sicut

2250 1907 2516 1977 siquidem
2560 1904 2841 1971 Christus,
2868 1920 2963 1977 per
2992 1906 3156 1962 Evam
3204 1906 3517 1974 designatur
3550 1904 3813 1959 Ecclesia.

2251 1995 2390 2063 Quid
2419 2003 2503 2050 est
2534 2002 2712 2049 autem
2738 1996 2882 2064 quod
2914 1995 3064 2065 prius
3090 1994 3260 2048 Adam
3288 1994 3549 2049 Dominus
3588 2009 3818 2063 sopora-

2252 2086 2349 2148 vit,
2375 2084 2568 2139 deinde
2596 2093 2802 2139 costam
2827 2100 2895 2138 ex
2921 2085 3040 2156 ejus
3073 2083 3269 2149 latere,
3292 2086 3435 2138 unde
3476 2084 3670 2140 mulier
3707 2084 3820 2138 for-

2251 2187 2508 2239 maretur,
2555 2176 2760 2237 eduxit,
2794 2175 2895 2230 nisi
2939 2175 3063 2242 quia
3092 2175 3245 2246 prius
3270 2173 3602 2243 Redemptor
3630 2183 3821 2228 noster

2254 2266 2304 2318 in
2338 2273 2511 2321 morte
2552 2266 2824 2330 dormivit,
2856 2265 3039 2333 sicque
3078 2265 3144 2318 de
3188 2264 3358 2319 latere
3384 2262 3501 2330 ejus
3529 2265 3581 2317 in
3629 2263 3819 2317 Eccle-

2250 2354 2345 2409 sia:
2368 2364 2764 2409 sacramentum
2789 2354 3008 2424 sanguis
3053 2361 3111 2407 et
3137 2368 3275 2422 aqua
3303 2352 3590 2423 proﬂuxit?
3615 2351 3828 2406 Trans-'

2251 2445 2359 2498 lata
2405 2453 2490 2499 est
2522 2445 2630 2498 Eva
2658 2445 2725 2499 de
2747 2444 2848 2498 viri
2870 2443 3039 2499 latere
3064 2443 3399 2507 dormientis,
3432 2442 3599 2497 exivit
3628 2442 3820 2497 Eccle-

2252 2535 2331 2589 sia
2356 2534 2619 2593 delatere
2658 2533 2863 2589 Christi
2903 2534 2958 2588 in
3001 2549 3162 2588 cruce
3198 2534 3509 2604 pendentis.
3546 2533 3657 2587 Sed
3684 2532 3817 2600 quid

2251 2634 2335 2680 est
2366 2626 2509 2695 quod
2539 2625 2886 2693 omnipotens
2920 2625 3211 2690 Conditor,
3252 2640 3374 2679 cum
3422 2623 3705 2677 mulierem
3754 2623 3819 2676 de

2252 2715 2394 2779 viro,
2418 2715 2470 2769 id
2501 2723 2603 2781 est,
2631 2714 2877 2786 fragilem
2905 2728 3094 2769 sexum
3137 2714 3202 2768 de
3247 2713 3474 2769 fortiore
3517 2726 3817 2782 propagare

2251 2805 2581 2875 disponeret,
2601 2820 2706 2859 non
2732 2804 2833 2858 viri
2855 2818 3100 2869 carnem,
3123 2804 3215 2857 sed
3239 2818 3299 2858 os
3320 2804 3499 2873 potius
3525 2803 3591 2857 ad
3616 2802 3817 2856 facien-

2250 2897 2375 2955 datu
2398 2896 2659 2956 feminam
2684 2897 2785 2950 sibi
2808 2895 2977 2949 voluit
3007 2897 3287 2949 materiam
3313 2895 3608 2950 exhibere?
3635 2893 3817 2947 Potuit

2250 2992 2393 3044 enim
2435 2991 2576 3044 Deus
2606 2990 2807 3045 homini
2833 3000 3052 3044 carnem
3081 2985 3400 3050 detrahem,
3430 2986 3575 3043 unde
3617 2984 3819 3039 fet-tina

2253 3079 2595 3144 formaretur,
2641 3088 2698 3134 et
2737 3081 2840 3134 hoc
2888 3091 3035 3135 certe
3080 3078 3466 3146 congruentius
3512 3078 3814 3137 videretur;

577 3173 630 3225 in
663 3172 978 3242 Apocalypsi
1008 3171 1243 3227 Joannes
1292 3173 1406 3225 ait:
1445 3189 1465 3221 ι
1495 3170 1771 3240 Templum
1802 3187 1907 3225 non
1963 3171 2062 3225 vidi
2094 3171 2146 3223 in
2176 3170 2217 3226 (ἶ
2251 3168 2414 3223 ﬁebat
2455 3169 2597 3222 enim
2643 3182 2805 3222 sexus
2862 3168 3117 3230 debilior,
3173 3168 3263 3236 qui
3317 3167 3576 3221 nimirum
3627 3180 3821 3221 conse-

573 3278 674 3316 ea:
724 3264 864 3316 Deus
889 3264 1030 3317 enim
1080 3263 1423 3331 omnipotens
1470 3262 1729 3330 templum
1775 3262 1920 3317 illius
1967 3272 2049 3316 est
2094 3273 2147 3317 et

576 3353 760 3421 Agnus
781 3350 964 3420 (Apoc.
993 3352 1130 3420 ut).
1158 3371 1177 3400 ι
1214 3350 1492 3418 Templum
1517 3351 1698 3419 itaque
1724 3351 1958 3405 hominis
1983 3350 2143 3414 Deus;

580 3443 836 3512 templum
885 3440 977 3494 Dei
1012 3444 1070 3493 fit
1100 3442 1281 3493 homo.
1311 3438 1429 3492 Hoc
1461 3439 1695 3493 hominis
1723 3439 2001 3506 templum,
2034 3441 2147 3507 spi-

579 3530 791 3583 ritualis
832 3538 915 3582 est
959 3528 1237 3597 paradisus
1269 3541 1283 3579 :
1317 3540 1468 3580 mens
1498 3526 1705 3581 scilicet
1748 3535 1957 3587 saneta,
1997 3541 2149 3581 mens

580 3615 843 3685 perfecta,
870 3631 1021 3669 mens
1049 3617 1270 3679 munda,
1302 3623 1462 3682 atque
1483 3614 1550 3668 ad
1572 3615 1653 3667 sui
1684 3614 1991 3669 Conditoris
2021 3614 2150 3668 ima-

580 3707 759 3773 ginem
791 3705 1069 3773 signanter
1098 3718 1375 3772 expressa.
1394 3703 1541 3767 llatc,
1573 3704 1812 3772 inquam,
1834 3718 2005 3770 mens,
2036 3705 2150 3758 sive

578 3793 863 3847 rationalis
889 3792 1092 3856 anima,
1114 3790 1237 3859 jure
1262 3792 1456 3845 dicitur
1478 3792 1780 3860 paradisus,
1808 3807 1928 3860 qua:
1954 3802 2009 3847 et
2033 3806 2146 3847 eoe-

574 3882 789 3938 lestium
833 3882 1219 3936 charismatum
1266 3893 1352 3936 est
1397 3880 1612 3936 fluentis
1653 3882 1888 3952 irrigua,
1922 3893 1980 3937 et
2028 3893 2145 3937 tan'

574 3988 734 4042 quam
763 3971 1020 4026 fertilium
1078 3973 1330 4026 arborum
1374 3972 1457 4026 vel
1500 3971 1812 4035 herbarum,
1853 3974 1933 4028 sic
1961 3974 2146 4027 viren-

575 4065 720 4119 tibus
755 4073 1062 4119 sanctarum
1095 4065 1352 4118 virtutum
1394 4074 1584 4117 vernat
1612 4065 1948 4137 germinibus
1991 4065 2147 4120 ador-

575 4164 721 4208 ttata.
764 4154 909 4208 Fons
946 4155 1089 4208 enim
1151 4155 1240 4209 ille
1277 4156 1389 4209 sive
1426 4153 1643 4219 fluvius,
1672 4156 1762 4224 qui
1811 4155 1922 4209 illic
1953 4156 2148 4211 dicitur

577 4246 758 4314 egredi
809 4246 873 4298 de
903 4246 1020 4300 loco
1049 4245 1336 4314 voluptatis
1364 4245 1430 4299 ad
1460 4244 1786 4313 irrigandum
1815 4245 2143 4313 paradisum,

575 4337 776 4403 quique
803 4336 1060 4388 dividitur
1089 4336 1141 4387 in
1171 4345 1406 4403 quatuor
1432 4337 1632 4405 capita,
1658 4337 1796 4389 ratio
1820 4337 2016 4390 mentis
2039 4345 2143 4402 est,

570 4442 637 4479 ex
677 4441 780 4492 qua
807 4425 953 4477 velut
977 4425 1227 4491 originali
1256 4424 1401 4478 fonte
1429 4434 1661 4492 quatuor
1697 4426 1944 4488 virtutes,
1977 4423 2139 4491 justi-

2248 3263 2500 3330 quentius
2545 3262 2613 3315 de
2650 3263 2832 3317 carnis
2876 3262 3188 3317 infirmitate
3217 3276 3379 3330 quam
3409 3275 3475 3315 ex
3511 3261 3652 3315 ossis
3695 3275 3818 3329 pros

2247 3351 2460 3403 cederet
2483 3348 2799 3405 fortitudine
2828 3367 2842 3404 :
2872 3360 2949 3417 et,
2976 3360 3035 3405 ut
3060 3352 3227 3420 magis
3253 3360 3472 3419 stupeas
3494 3351 3660 3403 divini
3692 3365 3819 3418 ope-

2249 3438 2324 3491 ris
2371 3446 2799 3504 sacramentum,
2847 3454 2955 3494 non
3000 3455 3107 3509 pro
3145 3456 3265 3495 osse
3300 3455 3364 3495 os
3409 3441 3671 3506 redditur,
3722 3440 3818 3495 sed

2247 3543 2409 3583 carne
2430 3531 2628 3598 potius,
2663 3533 2804 3600 quod
2844 3531 2897 3585 in
2927 3532 3026 3586 viri
3055 3547 3283 3601 corpore
3310 3533 3572 3596 vacabat,
3621 3531 3814 3600 imple-

2247 3616 2342 3669 vit.
2393 3616 2544 3671 Unde
2586 3616 2888 3687 Scriptura,
2912 3634 3035 3674 cum
3080 3622 3248 3675 dicit:
3302 3640 3322 3671 ι
3351 3620 3500 3675 Tulit
3543 3636 3705 3675 unam
3752 3622 3821 3675 de

2248 3707 2415 3760 costis
2443 3707 2594 3776 ejus,
2629 3725 2647 3757 ι
2683 3723 2809 3763 mox
2849 3710 3037 3763 addit:
3073 3728 3091 3761 ι
3117 3720 3171 3764 et
3194 3710 3419 3779 replevit
3458 3723 3683 3766 carnem
3718 3724 3818 3779 pro

2246 3811 2306 3848 ea
2340 3794 2492 3863 (Gen.
2521 3799 2602 3866 ιι).
2632 3814 2652 3847 ι
2681 3796 2899 3852 Poterat
2928 3814 3117 3869 nempe
3145 3799 3211 3853 ad
3235 3799 3516 3853 mulierem
3544 3799 3813 3869 plasmau-

2246 3887 2369 3938 dam
2416 3900 2635 3940 carnem
2696 3887 2814 3941 viro
2860 3889 3180 3952 detrahere,
3243 3896 3456 3957 poterat
3503 3904 3628 3945 esse
3677 3890 3816 3945 ossis

2247 3975 2580 4044 dispendium
2616 3976 2937 4032 immutilato
2983 3993 3209 4048 corpore
3256 3987 3603 4043 restaurare;
3631 3979 3726 4033 sed
3754 3994 3819 4034 os

2248 4066 2387 4132 tulit,
2413 4075 2471 4120 et
2494 4081 2713 4121 carnem
2744 4068 2992 4131 reddidit,
3024 4070 3208 4137 sicque
3235 4068 3481 4137 fragilem
3521 4070 3589 4123 de
3617 4070 3824 4122 virtute

2246 4153 2519 4209 formavit.
2544 4156 2747 4211 Debilis
2771 4157 2951 4225 itaque
2979 4160 3150 4212 factus
3182 4168 3265 4212 est
3303 4158 3501 4222 Adam,
3552 4167 3609 4212 ut
3661 4158 3823 4215 fortis

2245 4242 2401 4297 ﬂeret
2426 4243 2533 4298 Eva
2562 4262 2576 4297 :
2610 4245 2911 4300 infirmatus
2937 4255 3022 4300 est
3044 4246 3317 4310 Christus,
3367 4258 3426 4300 ut
3465 4247 3824 4302 roboraretur

2243 4331 2520 4399 Ecclesia;
2568 4333 2715 4390 illius
2758 4335 2904 4390 enim
2952 4335 3271 4400 infirmitas,
3307 4346 3494 4391 nostra
3540 4348 3627 4392 est
3669 4337 3823 4393 forti-

2247 4423 2406 4487 tudo,
2457 4432 2512 4478 et
2538 4424 2605 4476 ad
2649 4424 2753 4479 hoc
2781 4424 2872 4479 ille
2897 4435 3134 4480 nostram
3170 4425 3392 4493 per.ulit
3422 4426 3819 4491 infirmitatein,

572 4518 646 4569 tia
696 4490 969 4578 videlicet,
995 4490 1257 4567 fortitudo
1308 4490 1889 4582 prudentia,similitcr
2088 4522 2142 4567 et
2172 4490 2220 4549 Ῑ)
2246 4522 2306 4567 ut
2334 4514 2401 4567 ad
2429 4528 2582 4567 suam
2610 4528 2712 4569 nos
2739 4522 3001 4569 statueret
3032 4490 3427 4569 fortitudinem.
3460 4534 3480 4567 ι
3528 4517 3682 4583 Quod
3706 4517 3818 4587 83

573 4606 953 4673 temperantia,
1004 4605 1156 4672 quasi
1202 4605 1422 4658 totidem
1459 4603 1718 4657 salutiferi
1748 4605 1988 4674 gurgites
2018 4620 2139 4672 pro-

570 4695 777 4758 fluunt,
827 4695 918 4761 qui
959 4703 1156 4747 terram
1213 4693 1380 4747 nostri
1413 4693 1592 4747 cordis
1619 4694 1843 4747 fertilem
1888 4695 2136 4749 reddunt.

569 4788 796 4856 Lignum
839 4800 966 4840 vero
998 4784 1141 4849 vine,
1175 4785 1288 4855 ipsa
1322 4785 1583 4838 bonorum
1627 4795 1799 4837 mater
1826 4793 1907 4837 est
1926 4784 2138 4853 sapien-

569 4882 677 4945 tia;
710 4880 776 4933 de
801 4895 903 4947 qua
935 4887 990 4932 et
1020 4877 1275 4931 Salomon
1306 4878 1422 4931 ait:
1458 4895 1477 4927 ι
1509 4877 1733 4946 Lignum
1763 4876 1883 4929 vita:
1912 4885 1996 4930 cst
2050 4876 2137 4930 bis

569 4970 660 5039 qui
685 4968 1134 5038 apprehenderint
1161 4982 1304 5030 eam,
1331 4978 1386 5021 et
1409 4967 1498 5035 qui
1528 4966 1756 5020 tenuerit
1780 4980 1921 5032 eam,
1946 4965 2138 5021 beatus

2246 4604 2519 4658 infirmum
2554 4613 2639 4658 est
2667 4604 2785 4668 Dei,
2817 4606 2894 4657 ait
2927 4605 3236 4674 Apostolus,
3270 4607 3466 4662 fortius
3509 4618 3595 4662 est
3645 4608 3821 4661 homi-

2246 4693 2403 4748 nibus
2434 4692 2483 4763 (1
2513 4690 2636 4747 Cor.
2668 4693 2706 4764 ι)
2734 4712 2754 4743 ι
2806 4693 2876 4747 Ει
2917 4692 3041 4746 alibi
3071 4710 3085 4746 :
3120 4711 3139 4743 ι
3168 4692 3301 4748 Nam
3331 4695 3375 4747 si
3405 4698 3704 4751 crucifixus
3733 4706 3821 4752 est

2244 4782 2489 4838 Christus
2534 4799 2602 4837 ex
2652 4782 2993 4847 infirmitate,
3033 4787 3126 4838 sed
3156 4785 3288 4838 vivit
3332 4800 3401 4840 ex
3427 4786 3632 4841 virtute
3655 4786 3771 4842 Dei.
3793 4806 3813 4839 ι

2243 4869 2377 4924 Nam
2409 4879 2465 4924 et
2508 4872 2552 4924 si
2582 4886 2680 4925 nos
2723 4870 2919 4925 infirmi
2963 4885 3149 4924 sumus
3191 4871 3242 4924 in
3295 4872 3408 4936 illo,
3461 4874 3557 4928 sed
3586 4876 3819 4930 vivimus

2243 4961 2296 5013 in
2327 4974 2391 5012 eo
2418 4975 2483 5013 ex
2501 4960 2697 5013 virtute
2720 4958 2809 5011 Dei
2836 4957 2921 5022 (II
2958 4956 3082 5011 Cor.
3110 4961 3286 5030 κιιι).›
3315 4960 3610 5019 Enimvero
3636 4965 3821 5019 seculi

2243 5051 2399 5070 I,-.9---
2432 5050 2671 5070 L---!H--
2735 5049 2816 5070 ---ε
2853 5048 3111 5070 l--|l-..-._..
3166 5064 3185 5070 -
