4078 6336
297 332 402 396 99³1

297 562 544 614 campum
574 555 908 615 pugnaturus
936 545 1254 614 ingreditur,
1283 561 1405 599 cum
1433 547 1496 599 ad
1527 545 1872 599 debellandas

299 639 441 691 aeris
467 637 624 704 hujus
655 636 923 702 nequitias
950 633 1106 688 fortis
1130 635 1401 704 praeliator
1430 644 1710 696 armatur,
1746 636 1869 704 quia

300 743 493 781 novum
541 727 771 780 debebat
810 727 1092 780 instituere
1138 725 1410 792 przelium,
1467 740 1662 778 novum
1701 725 1876 778 induit

301 833 468 886 genus
517 833 828 886 armorum:
869 818 1120 872 videlicet
1178 829 1236 870 ut
1283 818 1423 887 quod
1473 816 1744 871 inﬁrmum
1792 826 1874 870 est

301 918 710 980 superponeret.
736 918 789 963 ct
830 910 971 980 quod
999 913 1278 964 robustum
1305 920 1385 964 est
1434 910 1750 964 occultaret.
1776 910 1876 962 [ιο-

301 1000 470 1055 ricam
509 993 772 1068 siquidem
818 999 1100 1052 imbecilla:
1130 999 1312 1052 carnis
1344 999 1536 1064 induit,
1575 1009 1629 1054 et
1659 1000 1878 1068 insupe—

304 1092 525 1146 rabilem
557 1091 856 1146 divinitatis
897 1090 1606 1146 fortitudinemoccultavit.
1655 1090 1766 1154 Sic,
1799 1089 1877 1142 sic

303 1200 400 1252 per
426 1200 640 1239 carnem
667 1184 912 1238 diabolus
938 1201 965 1237 a
996 1187 1232 1238 secundo
1259 1185 1478 1238 homine
1505 1183 1758 1253 perdidit,
1787 1182 1876 1251 qui

304 1287 402 1343 per
423 1288 638 1326 carnem
667 1273 864 1326 dudum
896 1275 1128 1341 primum
1159 1274 1432 1328 hominem
1458 1269 1764 1342 superavit;
1792 1286 1879 1324 ea-

307 1363 536 1430 demque
584 1362 684 1415 sibi
719 1379 858 1416 nunc
892 1363 1058 1416 ruina:
1105 1362 1244 1416 facta
1276 1371 1360 1416 est
1399 1377 1583 1423 causa,
1617 1376 1737 1430 quae
1769 1360 1879 1412 vie-

310 1454 460 1508 toria:
489 1452 665 1506 fuerat
690 1454 755 1506 de
784 1454 954 1522 primo
985 1463 1205 1522 parente
1233 1455 1478 1526 materia.

908 1563 1133 1621 CAPUT
1183 1565 1272 1618 IX.

309 1651 378 1708 In
402 1653 620 1725 epistola
666 1655 734 1708 ad
764 1656 1142 1727 Ariprandum,
1176 1659 1231 1709 in
1259 1674 1362 1727 qua
1395 1659 1634 1711 hortatur
1664 1667 1742 1720 ut,
1781 1656 1878 1710 Dei

519 1739 715 1788 servus,
738 1725 1076 1779 strcularibus
1099 1743 1201 1779 non
1229 1725 1435 1780 studeat
1463 1728 1668 1781 litteris.

1594 339 1655 391 IN
1698 336 1959 391 LIBRUM
1990 333 2278 394 GENESIS

295 461 440 516 intus
469 466 568 510 est.
595 456 922 526 Redemptor
954 464 1132 510 autem
1163 466 1344 512 uoster
1394 472 1514 511 cum
1568 456 1871 527 hujnsmodi
1904 453 1953 510 Λ

3450 346 3552 402 993

2573 457 2800 513 CAPUT
2845 459 2930 513 ΧΙ.

2217 545 2284 597 1η
2310 545 2440 598 libro
2471 549 2534 600 de
2561 549 2875 616 perfectione
2900 553 3298 607 monachorum.

2044 635 2260 698 Arcam,
2295 652 2413 705 quae
2440 646 2559 691 octo
2586 639 2794 693 animas
2834 641 2977 694 inter
3009 643 3321 714 cataclysmi
3352 644 3550 701 ﬂuenta

1977 724 2263 788 continuit,
2307 726 2630 781 intrinsecus
2658 738 2710 780 ct
2743 730 3079 784 extrinsecus
3111 731 3252 786 liniri
3293 735 3554 791 bitumine

1977 830 2078 870 vox
2109 816 2287 869 divina
2320 819 2593 886 prteeepit.
2641 818 2838 873 Sancta
2871 821 3078 875 scilicet
3123 823 3390 888 Ecclesia,
3433 839 3554 894 quas

1979 905 2046 958 ad
2077 909 2488 961 resurrectionis
2517 908 2743 977 gloriam
2801 912 3002 976 tendit,
3030 913 3109 966 sic
3149 913 3286 966 intra
3317 924 3372 969 et
3400 923 3553 970 extra

1977 994 2464 1058 bituminelinitur,
2485 1009 2540 1048 ut
2565 1007 2617 1048 et
2641 997 2772 1052 foris
2789 998 3090 1052 blandiatur
3113 1003 3164 1054 in
3184 1001 3553 1058 fraternadul-

1978 1087 2186 1148 cediue,
2216 1094 2269 1140 et
2307 1088 2449 1139 intus
2487 1088 2760 1141 cohaereat
2789 1088 2842 1141 in
2879 1089 3180 1144 dilectionis
3219 1102 3419 1147 mutua:
3456 1107 3554 1147 ve-

1982 1179 2160 1234 ritate.
2193 1180 2449 1252 Quisquis
2476 1183 2620 1236 enim
2652 1183 2798 1237 intus
2824 1194 2993 1248 amat,
3027 1185 3118 1238 sed
3147 1179 3278 1238 foris
3310 1202 3340 1240 a
3368 1188 3555 1241 fratri-

1979 1269 2078 1323 bus
2111 1285 2317 1324 morum
2346 1272 2639 1326 inconsona
2679 1273 2972 1341 asperitate
3018 1273 3309 1340 discordat,
3360 1276 3557 1330 intrin—

1980 1377 2138 1416 secus
2179 1363 2396 1432 quidem
2434 1363 2672 1417 bitumen
2715 1366 2894 1430 habet,
2945 1365 3037 1420 sed
3085 1367 3421 1423 extrinsecus
3448 1383 3552 1422 non

1983 1452 2166 1506 habet.
2205 1451 2459 1521 Quisquis
2492 1469 2621 1506 vero
2650 1468 2709 1507 sc
2732 1456 2911 1523 specie
2939 1466 3093 1509 tenus
3121 1455 3390 1510 atfabilem
3416 1472 3556 1526 pra:-

1982 1541 2096 1605 bet,
2123 1542 2417 1596 amicitiam
2449 1543 2682 1607 simulat,
2713 1546 2805 1599 sed
2854 1546 2906 1598 in
2953 1547 3137 1601 cordis
3175 1549 3390 1602 occulto
3413 1549 3545 1602 veri-

1984 1641 2148 1687 tatem
2186 1634 2438 1690 amicitize
2480 1651 2586 1690 non
2629 1647 2942 1700 conservat,
2989 1639 3368 1691 danmabiliter
3411 1639 3558 1692 intus

1984 1723 2120 1786 hiat,
2167 1738 2288 1777 cum
2334 1723 2633 1780 forinsecus
2654 1728 2964 1795 superducti
3017 1727 3294 1782 bituminis
3337 1727 3557 1782 simula-

373 1812 566 1883 Frigus
595 1825 914 1885 conceptum
945 1826 1166 1885 pectore
1187 1833 1371 1872 vocem
1404 1819 1722 1888 intercipere
1754 1833 1878 1873 eon-
1909 1788 1956 1848 Β
1987 1816 2131 1871 tione
2178 1817 2469 1872 cohaereat.
2501 1817 2740 1884 Quorum
2780 1819 3028 1873 videlicet
3066 1838 3094 1872 a
3138 1820 3372 1873 dilnviali
3419 1836 3556 1874 nau-

306 1906 496 1960 suevit.
529 1905 640 1960 Hoc
679 1907 909 1975 denique
941 1906 1110 1977 frigus
1133 1906 1244 1975 jam
1276 1918 1401 1962 tunc
1429 1909 1513 1963 ille
1540 1917 1873 1978 conceperat,

306 1996 397 2064 qui
447 1995 812 2050 deambulanti
859 1995 1086 2049 Domino
1129 1998 1192 2050 ad
1241 2013 1426 2050 auram
1477 1999 1706 2064 paradisi
1760 2006 1879 2065 post

304 2085 584 2140 meridiem
615 2087 794 2140 raucis
817 2087 1214 2156 quodammodo
1236 2089 1457 2141 vocibus
1489 2088 1872 2154 respondebat:

311 2176 556 2241 «Audivi,
583 2178 974 2245 inquit,voccm
1003 2186 1239 2240 tuam,et
1262 2179 1410 2231 timui
1431 2193 1523 2240 ,en
1544 2179 1685 2247 quod
1704 2179 1876 2232 nudus

306 2282 504 2331 essem,
538 2277 587 2323 et
616 2268 872 2321 abscondi
903 2267 1152 2336 me(Gen.
1177 2269 1311 2337 ιιι).›
1348 2268 1534 2331 Porro,
1567 2269 1688 2338 quia
1718 2269 1878 2322 meri-

304 2357 500 2411 dianus
537 2359 607 2411 ab
637 2357 726 2410 illo
751 2357 864 2427 jam
897 2357 1078 2411 fervor
1104 2357 1334 2418 abierat,
1367 2372 1520 2417 aura,
1548 2373 1668 2424 qua:
1713 2357 1876 2427 frigo-

307 2449 383 2504 ris
408 2460 492 2505 est
515 2451 750 2514 alumna,
773 2452 879 2504 huc
905 2451 1224 2512 accedebat;
1252 2451 1375 2520 quia
1401 2458 1454 2502 et
1485 2450 1630 2503 illum
1655 2448 1767 2516 jam
1801 2451 1879 2502 in-

304 2544 554 2599 nocentia
594 2544 806 2596 sublata
837 2543 1154 2598 nudaverat.
1189 2543 1313 2598 Hme
1353 2543 1530 2597 omnia
1565 2543 1693 2611 quid
1735 2542 1876 2596 aliud

304 2635 538 2688 innuunt
585 2649 744 2702 quam
791 2635 932 2703 quod
959 2634 1102 2688 illius
1143 2634 1353 2688 viscera
1390 2633 1642 2687 exstincti
1676 2631 1878 2684 amoris

304 2725 456 2794 algor
483 2725 870 2787 obstrinxerat,
909 2733 1072 2794 atque
1115 2725 1315 2780 ideirco
1343 2739 1448 2777 vox
1483 2722 1622 2776 illius
1651 2722 1702 2775 in
1734 2722 1878 2774 auri-

305 2817 408 2869 bus
437 2814 646 2868 Domini
681 2831 900 2869 raucum
933 2817 1196 2870 sonabat?
1222 2816 1304 2870 Ab
1349 2815 1450 2870 hoc
1495 2815 1652 2884 plane
1676 2813 1878 2884 frigore

301 2909 574 2963 Abraham
606 2908 813 2962 alienus
844 2910 1148 2972 exstiterat,
1180 2910 1246 2964 de
1285 2924 1393 2977 quo
1434 2908 1710 2976 Scriptura
1756 2920 1879 2975 pro-

303 2997 557 3050 nuntiat:
596 3015 613 3048 ‹
647 2997 908 3064 Quoniam
960 2998 1209 3067 apparuit
1253 2998 1302 3052 ei
1356 2997 1613 3051 Dominus
1662 2997 1713 3049 in
1763 2997 1878 3064 ipso

304 3085 518 3142 fervore
549 3087 651 3141 diei
682 3085 835 3157 (Gen.
868 3091 1025 3158 xvm)
1047 3105 1060 3152 ;
1086 3108 1104 3140 ι
1137 3097 1192 3142 et
1221 3088 1464 3155 Sponsus
1496 3087 1582 3139 ille
1612 3087 1870 3150 caelestis,
1903 3127 1948 3189 Ο

294 3177 444 3232 sicut
467 3179 518 3231 in
547 3179 785 3234 Canticis
819 3179 1049 3247 legitur:
1087 3199 1103 3230 ι
1133 3181 1312 3236 Pascit
1355 3188 1412 3234 et
1449 3179 1608 3233 cubat
1637 3179 1688 3232 in
1716 3178 1876 3233 meri-

291 3268 393 3324 die
428 3269 605 3340 (Cum.
637 3273 695 3340 t).
730 3291 749 3324 ο
961 3300 964 3301 ν

901 3364 1128 3419 CAPUT
1170 3364 1235 3418 X.

762 3453 828 3507 In
857 3471 1092 3509 sermone
1123 3457 1181 3511 S.
1224 3456 1389 3510 Lacte.

369 3541 442 3597 Et
467 3543 655 3599 beatus
696 3544 894 3606 Lucas,
924 3555 984 3599 ut
1027 3546 1231 3614 expiari
1266 3561 1362 3600 nos
1401 3561 1430 3600 a
1463 3546 1662 3600 nostris
1705 3545 1876 3600 scele-

301 3633 452 3688 ribus
481 3648 576 3702 per
605 3636 890 3689 adventum
928 3637 1096 3691 nostri
1130 3635 1430 3690 Salvatoris
1459 3636 1729 3697 ostendat,
1769 3651 1875 3688 non

301 3722 371 3778 ab
409 3724 728 3794 evangelica
773 3727 1099 3780 narrationis
1146 3729 1390 3792 exordio,
1432 3727 1526 3781 sed
1556 3742 1586 3779 a
1612 3725 1877 3794 baptismo

301 3816 568 3870 duntaxat
642 3816 840 3871 Christi
906 3802 1246 3886 cognationis
1311 3817 1556 3871 ordinem
1621 3816 1872 3878 inchoat;

300 3920 463 3974 quem
513 3921 609 3974 per
655 3922 834 3960 Lxxvu
866 3907 1244 3976 cognationum
1288 3906 1486 3976 gradus
1535 3905 1876 3960 ascendendo

297 3998 578 4052 describit.
628 3999 780 4065 Quod
832 3999 994 4053 etiam
1039 3999 1088 4052 in
1120 3998 1258 4052 libro
1296 3996 1569 4051 Geneseos
1597 3999 1878 4049 evidenter

278 4090 627 4154 ostenditur,
658 4091 747 4144 ubi
778 4089 1010 4143 Lamech
1061 4089 1320 4142 uxoribus
1370 4088 1483 4141 suis
1512 4087 1713 4139 dixisse
1751 4099 1878 4138 nar-

284 4193 488 4238 ratur:
508 4205 526 4235 ‹
563 4186 877 4256 Septuplum
898 4185 1030 4238 ultio
1057 4185 1274 4239 dabitur
1288 4184 1353 4236 de
1384 4182 1513 4236 Cain
1546 4179 1696 4252 (Gen.
1722 4179 1794 4246 tv)
1814 4195 1827 4242 ;
1851 4197 1869 4230 ι

299 4277 367 4332 de
379 4276 737 4349 Lamechsﬁ.
755 4295 880 4333 vero
899 4279 1205 4348 scptuagies
1227 4279 1424 4346 septies
1447 4276 1618 4336 danda
1653 4274 1872 4337 dicitur,

298 4369 427 4437 quia
469 4384 652 4424 Lxxvn
690 4371 922 4424 hominis
955 4372 1020 4424 de
1054 4369 1346 4424 femoribus
1377 4368 1491 4435 ejus
1523 4363 1874 4436 perhibentur

1983 1906 2156 1975 fragio
2185 1917 2376 1962 neuter
2401 1909 2651 1976 eripitur,
2679 1909 2803 1977 quia
2831 1909 3025 1976 duplici
3077 1909 3358 1963 charitatis
3407 1911 3552 1964 bitu-

1982 1999 2147 2063 mine,
2186 2007 2245 2053 ut
2292 1999 2549 2054 divinitus
2606 2011 2932 2070 praeceptum
2983 2011 3085 2062 est,
3132 2016 3240 2054 non
3290 2002 3552 2056 munitur.

1981 2089 2082 2156 Qui
2135 2099 2315 2144 autem
2356 2100 2409 2145 et
2450 2108 2508 2145 se
2554 2090 2686 2145 foris
2727 2093 2927 2161 praebet
2971 2092 3260 2146 amabilem
3307 2100 3363 2146 et
3413 2092 3558 2146 intus

1981 2190 2270 2235 conservat
2301 2198 2576 2246 amorem,
2622 2182 2754 2238 foris
2797 2199 2920 2238 cum
2964 2185 3128 2238 ramis
3167 2184 3316 2238 verbi
3352 2183 3559 2238 fructus

1979 2270 2196 2324 exhibet
2237 2271 2516 2336 beneﬁcii,
2564 2275 2710 2327 intus
2752 2273 2918 2326 altam
2967 2274 3202 2327 radicem
3239 2273 3392 2342 ﬁgit,
3429 2273 3553 2341 quia

1981 2362 2290 2428 medullitus
2320 2362 2526 2434 diligit;
2560 2365 2648 2417 hic
2673 2364 2916 2432 profecto
2953 2374 3008 2417 et
3034 2365 3179 2417 intus
3207 2374 3260 2416 et
3291 2373 3443 2416 extra
3479 2364 3561 2415 bi-

1981 2453 2184 2507 tumine
2221 2452 2425 2517 linitur,
2455 2453 2580 2521 quia
2602 2453 2799 2520 duplici
2851 2452 3138 2507 charitatis
3183 2452 3391 2523 glutino
3432 2468 3554 2507 cmn

1981 2543 2239 2612 proximis
2269 2542 2587 2598 foederatur.
2615 2542 2788 2596 Porro
2818 2552 2997 2598 autem
3030 2543 3154 2612 quia
3185 2545 3250 2597 dc
3279 2542 3439 2612 lignis
3471 2543 3559 2596 lte-

1982 2633 2172 2703 vigatis
2204 2635 2355 2702 prius
2395 2633 2511 2686 ﬁeri
2547 2647 2670 2685 arca
2706 2633 3036 2701 praecipitur,
3067 2642 3120 2686 et
3161 2634 3239 2686 sic
3303 2632 3559 2700 deinceps

1980 2735 2038 2779 ut
2068 2726 2328 2780 bitumine
2366 2724 2608 2786 liniatur,
2631 2738 2728 2792 per
2760 2725 2862 2778 hoc
2892 2733 3080 2793 aperte
3127 2725 3282 2778 nobis
3310 2725 3558 2778 inuuitur

1979 2827 2037 2872 ut
2069 2818 2210 2887 ligna
2236 2826 2442 2880 nostra,
2466 2817 2586 2870 duri
2615 2817 2866 2871 videlicet
2898 2832 3075 2871 mores
3100 2825 3154 2870 et
3186 2817 3561 2884 inculti,prius

1979 2909 2212 2963 debeant
2238 2908 2395 2977 poliri
2427 2923 2524 2977 per
2558 2908 2857 2976 spiritualis
2895 2908 3139 2962 exercitii
3188 2907 3555 2976 disciplinam,

1980 3010 2038 3052 ut
2069 3008 2363 3068 compacta:
2381 2999 2578 3053 dehinc
2603 2999 2820 3052 fabricze
2846 2999 3086 3053 bitumen
3110 2998 3351 3052 accedat.
3377 2997 3558 3050 Enim-

1979 3108 2107 3146 vero
2129 3092 2368 3161 quandiu
2397 3106 2576 3145 mores
2605 3091 2886 3144 hominum
2912 3091 3089 3160 asperi
3115 3099 3241 3143 sunt
3265 3099 3317 3144 et
3353 3089 3556 3153 inculti,

1982 3185 2216 3238 inaniter
2251 3184 2332 3237 eis
2377 3183 2665 3237 charitatis
2713 3182 2895 3252 gluten
2945 3181 3256 3250 apponitur,
3303 3179 3556 3248 quoniam

1980 3276 2047 3327 ab
2071 3274 2300 3327 invicem
2331 3273 2442 3327 cito
2473 3272 2766 3334 dissiliunt,
2799 3272 2926 3326 dum
2961 3272 3015 3325 in
3043 3271 3124 3325 eis
3149 3270 3328 3341 polita:
3358 3278 3559 3324 morta-

1982 3368 2146 3421 litatis
2171 3377 2382 3436 aequata
2412 3366 2804 3420 confcederatio
2833 3380 2940 3419 non
2971 3373 3201 3434 tenetur.

2578 3476 2806 3531 CAPUT
2847 3475 2960 3530 Xll.

2157 3566 2224 3621 In
2249 3583 2485 3621 sermone
2511 3567 2575 3620 de
2604 3566 2925 3620 exultatione
2953 3575 3149 3618 sanctive
3180 3566 3370 3619 crucis.

2049 3658 2239 3712 Crucis
2274 3658 2589 3728 mysterium
2618 3657 2704 3711 illa
2735 3656 2788 3709 in
2822 3672 2879 3710 se
2900 3656 3084 3710 diluvii
3109 3671 3234 3710 arca
3264 3657 3555 3720 continuit,

1979 3749 2132 3817 cujus
2183 3749 2571 3820 longitudinem
2627 3756 2990 3801 trecentormn
3036 3745 3206 3799 fuisse
3247 3745 3554 3799 cubitorum

1981 3840 2260 3909 Scriptura
2314 3839 2522 3894 deﬁnit.
2554 3839 2652 3905 Qui
2694 3837 2943 3890 videlicet
2991 3851 3248 3889 numerus
3298 3836 3350 3889 iu
3406 3835 3556 3888 Thou

1979 3930 2180 3994 littera,
2215 3944 2335 3997 quae
2386 3929 2564 3981 crucis
2613 3927 2869 3994 exprimit
2912 3926 3172 3992 speciem,
3227 3925 3552 3978 continetur.

1976 4022 2145 4075 Porro
2184 4021 2325 4075 sicut
2350 4019 2464 4074 Noe
2517 4035 2638 4074 cum
2678 4019 2790 4072 suis
2829 4032 2926 4086 per
2974 4033 3166 4084 aquam
3243 4016 3556 4084 lignumque

1977 4115 2244 4179 salvatur,
2279 4115 2390 4185 85
2421 4114 2501 4168 sic
2543 4120 2598 4164 et
2645 4109 2846 4164 Christi
2876 4108 3081 4162 familia
3127 4123 3265 4176 aqua
3316 4107 3556 4161 salvatnr

1975 4215 2030 4260 et
2060 4206 2220 4273 ligno,
2257 4214 2380 4258 dum
2411 4212 2466 4256 et
2494 4199 2762 4269 baptismo
2808 4198 2999 4252 salutis
3029 4198 3286 4261 abluitur,
3318 4207 3372 4252 et
3413 4199 3552 4250 vivi-

1977 4297 2090 4350 ficze
2136 4294 2314 4349 crucis
2373 4291 2728 4360 impressione
2792 4287 3054 4356 signatur.
3119 4289 3248 4352 Quae
3306 4287 3556 4342 videlicet

1975 4401 2099 4441 arca
2131 4425 2146 4448 ,
2193 4392 2252 4438 ut
2309 4383 2364 4436 in
2401 4386 2742 4436 sacramento
2797 4376 2996 4431 Christi
3045 4375 3263 4429 humani
3314 4361 3555 4443 corporis

299 4461 536 4528 egressi,
584 4477 648 4515 ac
676 4462 1018 4530 postmodum
1065 4462 1265 4516 diluvio
1307 4470 1531 4514 vorante
1567 4459 1875 4513 referuntur

1978 4479 2224 4531 videatur
2249 4474 2586 4542 aequiparare
2614 4484 2943 4532 mensuram,
2988 4476 3258 4523 trecentos
3305 4468 3555 4522 habuisse

299 4552 561 4620 absorpti.
587 4553 690 4607 Sed
716 4555 840 4622 quia
870 4553 1098 4608 Lamceh
1145 4555 1435 4623 percutiens
1461 4553 1574 4605 sive
1595 4568 1870 4620 percussus

299 4639 657 4708 exprimitur,
689 4643 816 4710 quid
862 4657 959 4712 per
999 4643 1124 4705 hoc,
1160 4643 1259 4695 nisi
1310 4642 1514 4710 primus
1543 4655 1738 4708 parens
1767 4640 1870 4693 hu-

300 4731 446 4784 mani
476 4733 690 4800 generis
730 4733 1021 4802 ﬁguratur?
1047 4734 1137 4802 qui
1165 4734 1419 4788 nimirum
1449 4731 1658 4802 peccati
1683 4731 1868 4794 telmn,

302 4834 412 4889 quo
437 4821 640 4889 primus
671 4823 782 4892 ipse
807 4839 1095 4892 percussus
1123 4823 1350 4886 interiit,
1375 4823 1628 4877 universo
1655 4835 1871 4891 quoque

299 4911 483 4980 generi
515 4927 842 4967 successum:
882 4914 1215 4984 posteritatis
1247 4912 1458 4967 inflixit.
1501 4912 1576 4966 De
1614 4912 1715 4965 hoc
1741 4925 1869 4979 ergo

298 5002 538 5060 Lamech
568 5007 868 5077 septuagies
895 5009 1093 5076 septies
1120 5007 1254 5060 ultio
1299 5007 1421 5061 data
1458 5013 1564 5069 est,
1591 5004 1715 5074 quia
1747 5017 1872 5072 pec-

299 5107 504 5162 catum,
538 5099 680 5167 quod
707 5100 914 5167 primus
943 5100 1104 5153 homo
1137 5099 1426 5159 contraxit,
1457 5112 1552 5166 per
1577 5111 1757 5149 Lxxvu
1782 5110 1873 5165 ge-

301 5187 612 5242 nerationes
643 5190 695 5242 in
725 5189 960 5243 lmmano
995 5202 1193 5256 genere
1225 5187 1395 5255 viguit
1422 5199 1593 5254 usque
1621 5184 1687 5237 ad
1719 5183 1871 5237 Chri-

300 5289 443 5334 Stum
462 5321 476 5344 ,
505 5279 768 5348 siquidem
797 5288 1075 5347 peccatum
1101 5277 1362 5348 originale
1386 5275 1703 5346 permansit,
1729 5274 1872 5342 quod

301 5370 417 5439 ipse
455 5386 550 5440 per
585 5370 834 5440 baptismi
884 5372 990 5435 sui,
1044 5370 1184 5424 unde
1205 5368 1381 5423 Lucas
1428 5367 1637 5435 incipit,
1687 5381 1870 5419 sacra-

299 5472 482 5515 menta
519 5462 753 5518 delevit:
787 5463 878 5517 ubi
909 5462 1161 5517 videlicet
1190 5462 1254 5515 de
1293 5456 1382 5515 illo
1410 5460 1646 5513 dicitur:
1683 5475 1700 5508 ι
1733 5457 1872 5511 Ecce

302 5550 484 5617 Agnus
513 5550 628 5615 Dei,
659 5566 785 5606 ecce
812 5552 902 5621 qui
936 5550 1072 5604 tollit
1099 5559 1317 5620 peccata
1349 5547 1533 5602 mundi
1566 5544 1744 5615 (Joon.
1773 5544 1864 5615 1).:

1978 4571 2187 4626 cubitos
2216 4571 2267 4622 in
2295 4566 2630 4638 longitudine
2652 4607 2666 4627 ,
2697 4563 3084 4634 quinquaginta
3132 4564 3185 4616 in
3230 4562 3510 4616 latitudine
3537 4603 3552 4624 ,

1980 4665 2196 4734 triginta
2244 4678 2374 4716 vero
2443 4660 2498 4714 in
2558 4659 2842 4713 altitudine
2917 4657 3249 4727 perhibetur.
3303 4658 3552 4713 Trecenti

1977 4770 2209 4824 namque
2241 4752 2761 4823 quinquagenarium
2803 4765 3081 4803 numerum
3121 4749 3297 4802 sexies
3321 4789 3336 4812 ,
3378 4760 3432 4803 et
3459 4751 3556 4803 tri-

1978 4851 2252 4906 cenarium
2300 4850 2351 4902 in
2381 4862 2440 4902 se
2467 4847 2647 4900 decies
2680 4843 2988 4906 includunt;
3027 4850 3082 4894 et
3109 4841 3326 4894 humani
3361 4857 3554 4912 corpo-

1976 4943 2052 4996 ris
2083 4939 2356 5011 longitudo
2378 4975 2396 5001 ,
2426 4951 2457 4990 a
2504 4935 2705 4990 vertice
2755 4931 3007 4985 videlicet
3037 4946 3204 4999 usque
3238 4932 3304 4984 ad
3345 4932 3508 5000 pedes
3535 4973 3550 4993 ,

1973 5033 2149 5088 sexies
2198 5039 2405 5085 tantmn
2453 5027 2656 5088 habet,
2701 5039 2863 5094 quam
2909 5023 3136 5077 latitudo
3192 5037 3312 5090 qua:
3351 5032 3435 5076 est
3483 5024 3548 5075 ad

1974 5124 2252 5178 dexteram
2305 5133 2477 5186 usque
2530 5117 2594 5169 ad
2643 5116 2914 5170 sinistram
2943 5154 2958 5179 ,
3017 5121 3070 5166 et
3117 5113 3294 5166 decies
3343 5121 3548 5166 tantum

1974 5232 2134 5286 quam
2163 5213 2386 5267 altitudo
2432 5225 2550 5280 qua:
2579 5216 2661 5262 est
2690 5215 2816 5260 ante
2852 5215 2905 5259 et
2957 5216 3122 5258 retro.
3171 5204 3261 5258 Sic
3295 5205 3547 5257 nimirum

1977 5322 2099 5360 arca
2145 5314 2199 5360 et
2242 5304 2294 5356 in
2328 5299 2724 5356 trccentenario
2774 5295 3121 5365 longitudinis
3169 5310 3278 5349 sutr
3323 5311 3550 5349 numero

1977 5397 2209 5467 speciem
2242 5393 2438 5456 crucis,
2480 5401 2534 5446 et
2577 5391 2629 5444 in
2683 5389 2844 5443 totius
2888 5403 2996 5441 sua:
3022 5383 3372 5441 dimensionis
3400 5387 3551 5440 habi-

1977 5491 2160 5545 tudine
2211 5486 2433 5555 ﬁguram
2486 5490 2635 5538 tenet
2684 5481 2947 5535 Dominici
2993 5479 3378 5548 corporis;et,
3413 5478 3549 5531 sicut

1975 5588 2178 5647 septem
2211 5577 2404 5630 animte
2435 5575 2704 5628 donantur
2741 5568 2852 5624 Noe
2873 5611 2887 5632 ,
2918 5577 2973 5621 ut
2999 5584 3096 5639 per
3116 5568 3314 5637 lignum
3339 5565 3548 5618 salven-

1977 5679 2063 5723 tur
2093 5669 2143 5722 in
2181 5666 2360 5730 undis,
2386 5667 2464 5720 sic
2500 5672 2706 5734 septem
2736 5659 2990 5716 Ecclesia:
3011 5657 3312 5729 septiformi
3345 5653 3547 5724 Spiritu
