4078 6336
551 348 654 399 999
1362 351 1852 408 COLLECTANEA
1897 353 1961 407 ΙΝ
2007 354 2230 411 VETUS
2271 356 2806 415 TESTAMENTL'M.
3659 371 3798 428 ωΟο

555 463 768 530 repletae
811 460 1084 515 salvantur
1124 463 1174 516 in
1205 461 1418 518 Christo
1446 477 1542 533 per
1592 465 1795 536 lignum
1847 466 2025 522 crucis
2061 474 2116 519 et
2145 473 2190 528 Α
2800 468 3024 527 CAPUT
3058 472 3197 528 XVII

552 566 745 620 aquam
771 549 1127 620 baptismatis.
1157 550 1262 606 Per
1288 552 1493 622 lignum
1529 568 1719 623 nempe
1745 569 1843 610 nos
1871 556 2115 610 servituti
2577 557 2637 612 In
2661 576 2894 614 sermone
2934 563 2987 616 in
3020 581 3162 618 caena
3202 564 3430 620 Domini.

552 642 800 710 princeps
831 641 1092 710 superbia:
1130 642 1404 706 subdidit;
1431 658 1526 712 per
1563 643 1765 713 lignum
1796 647 1898 700 hoc
1940 646 2116 700 humi-
2271 646 2418 701 Dum
2467 651 2648 704 mundi
2678 652 2903 707 crimina
2954 654 3154 710 diluvio
3181 657 3451 725 quondam
3501 661 3797 729 expiarcn~

551 733 718 787 litatis
741 733 946 788 Auctor
966 733 1020 788 in
1051 732 1317 788 libertatis
1343 734 1526 789 titulos
1545 735 1835 790 revocavit.
2218 747 2304 793 tur
2353 737 2525 796 effuso
2550 783 2565 807 ,
2620 742 2782 798 futuri
2821 747 3058 802 muneris
3087 747 3331 803 columba
3383 751 3795 809 similitudinem

1142 821 1369 890 CAPUT
1405 823 1539 878 Xlll.
2104 869 2107 871 .
2215 828 2469 895 praetulit,
2509 845 2630 885 cum
2658 847 2756 900 per
2798 833 2954 889 olivze
2983 852 3193 890 ramum
3247 854 3433 909 pacem
3466 844 3626 898 terris
3662 846 3786 898 red-

975 914 1036 967 ln
1063 931 1298 968 sermone
1327 915 1389 968 de
1417 925 1595 969 sancto
1631 914 1695 969 P.
2216 915 2382 972 ditam
2431 920 2720 975 nuntiavit.
2749 921 2838 975 Ait
2866 923 3008 978 enim
3057 924 3333 996 Scriptura
3361 947 3374 982 :
3403 948 3421 981 ι
3452 930 3798 1002 Exspectatis

624 1029 642 1061 ε
675 1007 991 1073 Quindecim
1016 1008 1211 1063 cubitis
1240 1009 1398 1063 altior
1437 1008 1536 1062 fuit
1576 1010 1711 1078 aqua
1746 1022 1905 1077 super
1932 1023 2118 1063 omnes
2216 1015 2394 1060 autem
2450 1018 2656 1078 septem
2717 1011 2903 1068 diebus
2959 1015 3079 1072 aliis
3110 1056 3125 1081 ,
3162 1034 3376 1075 rursum
3428 1023 3632 1080 dimisit
3679 1025 3798 1079 Noe

547 1109 778 1162 montes,
828 1113 962 1168 quos
1005 1106 1292 1168 operuerat
1320 1096 1470 1167 (Gen.
1503 1099 1630 1169 vn).
1672 1116 1690 1149 ι
1725 1097 2118 1164 Quindenarius
2216 1095 2517 1152 columbam
2556 1108 2628 1154 ex
2661 1116 2823 1156 arca:
2857 1114 2912 1157 at
2940 1105 3027 1159 illa
3055 1109 3198 1162 venit
3222 1110 3288 1164 ad
3313 1126 3435 1165 eum
3474 1115 3540 1167 ad
3588 1130 3793 1187 vespe-

550 1186 707 1255 plane
752 1201 1009 1242 numerus
1033 1226 1048 1252 ,
1098 1185 1221 1253 quia
1268 1201 1333 1240 ex
1363 1195 1564 1254 septem
1616 1194 1824 1239 constat
1853 1194 1906 1239 et
1953 1194 2076 1239 octo
2101 1225 2115 1249 ,
2216 1203 2353 1255 ram,
2379 1200 2598 1256 portans
2618 1209 2825 1248 ramum
2846 1195 3000 1252 oliva
3021 1199 3316 1256 virentibus
3341 1204 3548 1259 foliisin
3569 1222 3667 1262 ore
3689 1185 3794 1264 suo

552 1278 863 1348 mysterium
895 1279 946 1332 in
991 1292 1049 1332 se
1096 1279 1334 1332 continet
1365 1278 1535 1331 beatae
1581 1277 1779 1346 quietis
1831 1285 1884 1329 et
1927 1274 2118 1329 futura!
2218 1275 2367 1339 (Gen.
2409 1281 2546 1350 vm).
2593 1302 2611 1333 ι
2646 1281 2700 1336 1η
2730 1284 3019 1341 emissione
3068 1302 3132 1344 ac
3167 1294 3477 1349 reversione
3522 1297 3794 1354 columba:

552 1367 980 1431 resurrectionis,
1011 1367 1263 1435 quoniam
1294 1365 1630 1434 omnipotens
1665 1366 1806 1419 Deus
1840 1374 1895 1419 et
1927 1375 2118 1419 octavo
2217 1369 2550 1433 septenarius
2572 1385 2823 1427 numerus
2843 1375 3219 1447 ponitur,quia
3245 1391 3447 1449 septem
3469 1389 3796 1455 esseprocul

549 1459 636 1512 die
657 1473 778 1511 cum
805 1457 1059 1510 mundum
1085 1456 1360 1520 conderet,
1388 1456 1678 1524 requievit,
1706 1465 1755 1509 et
1781 1466 1971 1510 octavo
1996 1470 2114 1509 cum
2217 1455 2377 1511 dubio
2416 1457 2649 1528 Spiritus
2701 1466 2870 1519 sancti
2921 1468 3060 1522 dona
3112 1481 3423 1527 noscuntur.
3468 1473 3792 1545 Vespertina

552 1550 858 1612 redimeret,
888 1546 1679 1618 resurrexit;virtusquelmjus
1705 1547 1909 1603 numeri
1940 1561 2119 1601 sacra-
2216 1561 2346 1602 vero
2372 1549 2502 1604 hora
2536 1553 2600 1606 ad
2639 1569 2818 1610 arcam
2848 1558 3098 1614 columba
3125 1565 3436 1629 revertitur,
3464 1568 3591 1635 quia
3617 1567 3794 1638 Spiri-

553 1648 790 1692 mentum
817 1640 1058 1694 continet
1083 1638 1388 1707 specialiter
1414 1639 1465 1692 in
1489 1637 1773 1707 baptismo,
1798 1637 1887 1690 ubi
1913 1635 2119 1690 scilicet
2219 1645 2304 1690 tus
2330 1650 2570 1706 sanctus,
2600 1644 2692 1712 qui
2722 1645 2773 1700 in
2805 1649 2989 1702 mundi
3029 1650 3294 1721 principio
3325 1653 3601 1710 ferebatur
3628 1635 3793 1728 super

548 1739 605 1784 et
663 1730 785 1783 novi
843 1733 908 1784 de
960 1738 1229 1784 vetustate
1302 1729 1630 1799 resurgimus
1659 1768 1673 1791 ,
1746 1735 1802 1780 et
1865 1727 2117 1792 deinceps
2149 1811 2165 1819 _
2217 1739 2404 1796 aquas.
2435 1728 2546 1797 jam
2587 1745 3000 1805 vesperascente
3047 1742 3242 1797 smculo
3290 1753 3529 1800 sanctam
3563 1727 3793 1819 replevit

547 1821 831 1890 quiescere
885 1836 914 1874 a
960 1821 1211 1874 mundani
1263 1820 1518 1888 strepitus
1578 1817 1979 1887 perturbatione
2029 1815 2114 1883 ju-
2149 1811 2187 1868 Il
2220 1815 2533 1872 Ecclesiam.

548 1915 756 1968 hemur.
813 1912 925 1966 Hoc
979 1912 1210 1980 denique
1265 1911 1506 1982 septimm
1557 1910 1755 1980 quietis
1810 1918 1866 1963 et
1911 1918 2114 1963 octava:
2783 1933 3011 1992 CAPUT
3041 1935 3228 1994 xw".

547 2005 964 2060 resurrectionis
1025 2005 1340 2075 mysterium
1383 2019 1488 2058 non
1545 2001 1850 2071 intelligunt
1890 2001 1980 2068 qui
2032 1999 2114 2054 vel

2215 2011 2531 2111 ln'ﬁpf‘slofa
2574 2023 2656 2111 ad)
2674 2021 3023 2111 Hirr‘nisindin
3067 2033 3560 2111 sanctimonialem:
3589 2037 3648 2092 in
3684 2059 3789 2111 qua

547 2096 730 2168 gloria:
780 2097 1065 2151 mundanae
1090 2095 1348 2166 jactantia
1376 2136 1391 2156 ,
1432 2094 1517 2148 vel
1570 2102 1800 2149 terrena:
1838 2092 2113 2163 sapientiae
2283 2083 2656 2178 {trif'fﬁﬂ'wd
2720 2095 3002 2161 ίεάίβείαηι
3064 2083 3648 2173 ¹¹²¹ηιά²ίίίηῖτῖῥὲίδίὲ
3674 2083 3789 2178 ἷῖὗῖ

547 2159 875 2245 vanitatibus
921 2159 1302 2244 intumescunt.
1356 2186 1508 2242 Unde
1551 2195 1734 2254 aperte
1777 2185 1867 2238 hic
1917 2184 2110 2238 dicitur
2292 2159 2594 2212 άεδτηείηινο

546 2279 670 2349 quia
722 2297 740 2331 ι
790 2278 1094 2346 quindecim
1147 2277 1341 2332 cubitis
1389 2275 1550 2330 altior
1601 2275 1698 2328 fuit
1764 2287 1899 2342 aqua
1953 2285 2114 2338 super
2290 2290 2308 2322 ι
2355 2271 2487 2326 Cum
2542 2274 2963 2342 profiscerentur
3021 2279 3091 2334 de
3142 2280 3364 2338 Oriente
3397 2327 3412 2350 ,
3466 2287 3791 2345 invenerunt

545 2385 734 2425 omnes
771 2379 1013 2433 montes,
1045 2383 1179 2438 quos
1218 2375 1528 2437 operuerat;
1562 2383 1580 2417 ι
1635 2372 1844 2417 montes
1888 2361 2110 2416 scilicet.
2213 2377 2462 2431 campum
2509 2364 2562 2417 in
2601 2373 2742 2419 terra
2776 2367 3041 2434 Sennaar,
3075 2379 3129 2426 et
3165 2373 3548 2430 habitaverunt
3595 2377 3648 2432 in
3679 2396 3744 2434 eo
3773 2421 3787 2443 ,

546 2461 803 2529 superbos
849 2460 1151 2528 significant
1195 2466 1249 2511 et
1299 2456 1488 2510 elatos.
1543 2455 1721 2508 Altum
1777 2468 1905 2519 ergo
1955 2460 2113 2520 atque
2213 2453 2454 2522 dixitque
2490 2455 2630 2510 alter
2671 2457 2736 2511 ad
2781 2459 3087 2526 proximum
3130 2477 3332 2518 suum:
3372 2467 3596 2533 Venite,
3630 2469 3791 2525 facia-

545 2550 866 2622 profundum
900 2550 1310 2604 resurrectionis
1360 2558 1412 2601 et
1443 2547 1638 2616 quietis
1677 2547 1881 2600 intimae
1930 2561 2112 2600 sacra-
2213 2557 2334 2598 mus
2358 2543 2574 2611 lateres,
2599 2553 2652 2600 et
2673 2561 2968 2615 coquamus
2985 2565 3078 2604 eos
3100 2551 3205 2621 igni
3235 2571 3246 2605 :
3277 2555 3686 2628 habueruntque
3710 2560 3787 2613 la-

545 2648 783 2694 mentum
811 2653 1025 2694 omnem
1055 2636 1389 2692 transcendit
1431 2635 1760 2689 intellectum
1793 2633 2111 2703 sapientium
2213 2642 2357 2688 teres
2377 2650 2475 2703 pro
2504 2636 2743 2700 saxis,’et
2768 2636 3006 2694 bitumen
3035 2655 3134 2709 pro
3163 2654 3430 2698 caemcnto
3450 2645 3603 2716 (Gen.
3631 2653 3731 2713 ιι).
3767 2668 3784 2699 ι

544 2729 918 2800 superborum.
2215 2722 2382 2778 Porro
2413 2735 2592 2780 autem
2621 2742 2744 2781 cum
2767 2727 3016 2785 Christus
3047 2747 3172 2787 vere
3196 2733 3263 2787 sit
3288 2733 3500 2800 Oriens,
3525 2739 3789 2806 propheta

1123 2818 1350 2875 CAPUT
1388 2815 1504 2872 XIV
2214 2821 2449 2868 testante
2477 2856 2492 2879 ,
2538 2816 2629 2885 qui
2671 2818 2748 2871 ait
2782 2836 2795 2870 :
2836 2836 2857 2870 ι
2892 2819 3033 2877 Ecce
3069 2823 3180 2885 vir,
3215 2821 3409 2880 Oriens
3437 2843 3630 2882 nomen
3673 2831 3790 2898 ejus

1055 2912 1112 2966 νη
1139 2914 1315 2967 eodem
1344 2927 1598 2965 εει-ηιοηε,
2213 2898 2399 2970 (Zach.
2431 2902 2538 2971 vt),
2582 2920 2600 2955 ι
2631 2905 2694 2960 de
2715 2906 2935 2964 Oriente
2960 2912 3185 2966 veniunt
3213 2915 3303 2982 qui
3342 2931 3372 2970 a
3408 2918 3614 2975 Christi
3665 2936 3791 2980 con-

618 3024 638 3056 ε
675 3004 926 3060 Reversae
979 3011 1103 3057 sunt
1156 3017 1308 3071 aqua:
1349 3016 1511 3070 super
1569 3011 1769 3055 terram
1824 3008 2016 3056 euntes
2060 3007 2113 3053 et
2213 2994 2403 3057 sortio,
2431 2994 2568 3049 male
2598 2996 2850 3062 vivendo,
2882 2999 2965 3053 vel
2991 3003 3264 3069 proximos
3292 3005 3617 3074 lacerando,
3643 3027 3789 3067 rece-

541 3097 827 3149 redeuntes
851 3135 866 3157 ,
921 3101 977 3148 et
1005 3102 1284 3162 coeperunt
1317 3092 1483 3146 minui
1530 3099 1650 3162 post
1694 3102 1908 3146 centum
1957 3091 2113 3158 quin-
2146 3154 2181 3163 Α
2214 3081 2367 3137 dunt.
2400 3082 2642 3140 Sennaar
2676 3087 3063 3156 interpretatur
3105 3096 3339 3148 excttssio
3380 3098 3644 3163 dentium,
3675 3104 3788 3157 sive

542 3187 792 3254 quaginta
829 3154 944 3240 dies
972 3154 1121 3251 (Cen.
1152 3185 1293 3250 vut).
1330 3204 1346 3235 ι
1380 3154 1645 3250 Quoniam
1669 3183 1721 3237 in
1753 3181 2110 3251 generationis
2137 3154 2182 3214 ε
2213 3171 2368 3240 fam"
2393 3189 2593 3227 εονιιτηο
2620 3175 2676 3228 Ῑη
2709 3191 2902 3246 Campo
2931 3179 3095 3245 ίὲξίιυν
3115 3180 3362 3238 scnnaal‘
3388 3185 3637 3242 habilam
3669 3193 3787 3259 (illi.

542 3284 738 3328 nostrae
763 3273 1017 3343 mysterio
1048 3274 1270 3341 septima
1300 3273 1520 3341 requies
1545 3287 1665 3325 cum
1712 3280 1901 3325 octava
1931 3285 2110 3324 resur-
2210 3277 2314 3315 non
2345 3265 2622 3318 constituti
2651 3265 2704 3319 in
2750 3282 2873 3321 arce
2923 3269 3176 3324 virtutum
3226 3273 3319 3327 sed
3347 3276 3528 3343 potius
3568 3277 3621 3330 in
3661 3293 3790 3334 con-

541 3364 798 3418 motionis
827 3360 1436 3430 conj‘mgimr'benein
1473 3359 1870 3416 Genesisnbm
1917 3360 2112 3412 dicitur
2208 3350 2345 3404 valle
2391 3351 2665 3417 vitiorum,
2713 3364 2768 3409 et
2815 3356 3005 3412 dentes
3050 3361 3349 3425 excutiunt,
3404 3373 3462 3418 ut
3511 3369 3788 3435 proximos

539 3454 664 3522 quia
722 3466 952 3506 reversae
1016 3449 1233 3504 fuerunt
1273 3464 1429 3518 aqua:
1488 3449 1553 3502 de
1603 3457 1777 3509 terra,
1821 3456 1877 3502 et
1933 3461 2112 3515 cmpe-
2209 3457 2333 3495 suos
2372 3441 2483 3512 87
2513 3443 2940 3500 detractionibus
2969 3448 3122 3516 quasi
3163 3450 3436 3505 mordicus
3475 3453 3694 3519 rodant,
3734 3468 3788 3510 et

543 3550 666 3595 runt
696 3541 863 3595 minui
884 3548 1003 3608 post
1032 3548 1250 3593 centum
1285 3536 1670 3606 quinquaginta
1707 3536 1841 3588 dies.
1881 3533 2109 3602 Septna-
2207 3531 2426 3586 [αξιοι-ες
2467 3535 2758 3598 emittunt,
2799 3537 2924 3591 dum
2971 3537 3023 3592 in
3081 3555 3310 3597 cmnosas
3353 3546 3788 3602 conversationis

541 3631 686 3695 ginta
708 3643 963 3696 namque,
981 3627 1360 3696 quiaseptem.
1380 3634 1436 3679 et
1463 3625 1757 3692 octoginta,
1785 3625 1872 3690 qui
1899 3624 1964 3676 ab
1985 3635 2109 3675 octo
2207 3622 2545 3689 squaloribus
2570 3635 3027 3695 computrescunt.
3061 3627 3167 3684 Sed
3199 3645 3384 3686 eorum
3426 3635 3618 3690 dentes
3642 3637 3788 3692 Deus

539 3718 980 3778 dinumerantur.
1002 3715 1160 3769 simul
1203 3713 1413 3783 juncti,
1454 3724 1672 3768 centum
1718 3713 2105 3783 quinquaginta
2205 3711 2544 3781 omnipotens
2565 3715 2924 3780 excutit,dum
2953 3732 3325 3786 perversorum
3349 3723 3716 3790 quorumlibet
3735 3735 3788 3779 et

539 3811 762 3865 faciunt.
2206 3802 2343 3856 facta
2378 3801 2627 3856 similiter
2654 3812 2707 3858 et
2736 3805 2898 3858 verba
2938 3806 3237 3862 confundit.
3267 3808 3418 3865 Unde
3445 3820 3496 3866 et
3524 3811 3632 3867 illic
3650 3813 3786 3869 dici-

1051 3899 1165 3968 86
1212 3896 1438 3951 CAPUT
1478 3896 1591 3950 XV.
2206 3900 2336 3944 tur:
2373 3908 2394 3941 ι
2433 3890 2635 3947 Idcirco
2665 3903 2908 3948 vocatum
2938 3905 3022 3950 est
3051 3911 3244 3951 nomen
3283 3897 3400 3968 ejus
3429 3900 3594 3957 Babel
3626 3902 3780 3973 (Gen.

1053 3985 1121 4040 In
1145 3985 1323 4038 eodem
1347 4002 1600 4039 sermone.
2206 3981 2314 4046 xI);
2351 3998 2369 4029 ι
2395 3978 2518 4047 quia
2551 3979 2620 4033 ibi
2645 3980 2924 4035 confusum
2957 3993 3040 4038 est
3061 3983 3274 4052 labium;
3294 3987 3558 4042 universa:
3587 3999 3746 4045 terra:
3766 4027 3782 4054 ,

611 4095 631 4128 ι
673 4075 957 4145 Requievit
1005 4091 1158 4140 arca,
1195 4091 1379 4131 mense
1429 4077 1682 4144 septimo,
1725 4075 1978 4129 vicesima
2015 4088 2102 4129 se-
2203 4076 2258 4123 et
2280 4069 2399 4123 ideo
2427 4069 2683 4138 dispersit
2708 4085 2801 4125 eos
2825 4071 3084 4128 Dominus
3117 4090 3280 4144 super
3309 4075 3446 4133 facie
3461 4087 3783 4136 exterarum

532 4167 700 4237 ptima
715 4167 801 4220 die
816 4165 1039 4229 mensis,
1061 4179 1224 4234 super
1243 4172 1452 4219 montes
1467 4163 1733 4218 Armeniae
1754 4161 1904 4234 (Gen.
1926 4163 2098 4227 vui),i
2204 4161 2501 4229 regionum.
2553 4159 2718 4214 Recte
2751 4175 2881 4232 ergo
2907 4164 3123 4227 dicitur,
3155 4167 3281 4234 quia
3326 4169 3542 4238 superbi
3570 4171 3647 4226 illi
3679 4173 3781 4229 ὴοέ

533 4258 658 4325 quia
705 4257 957 4310 nimirum
989 4254 1276 4324 septenarii
1322 4254 1537 4322 requies
1566 4252 1704 4307 bene
1730 4253 1783 4305 in
1836 4249 2104 4320 baptismo
2203 4250 2376 4305 mines
2403 4265 2466 4305 ac
2493 4265 2645 4306 vanze
2675 4250 2858 4321 gloriae
2882 4263 3208 4323 captatores,
3245 4258 3499 4314 nimirum
3529 4261 3778 4320 dicentes

531 4334 960 4402 commendatur.
1015 4345 1167 4411 Quod
1209 4344 1460 4398 videlicet
1510 4358 1608 4413 per
1662 4341 1917 4396 diluvium
1975 4339 2103 4394 illud
2203 4341 2270 4395 ad
2311 4341 2675 4396 alterutrum:
2716 4343 2904 4398 Venite
2930 4386 2945 4406 ,
2974 4344 3235 4402 faciamus
3275 4351 3428 4405 nobis
3455 4353 3733 4410 civitatem
3761 4397 3777 4413 .

532 4437 818 4504 figuratum
839 4448 958 4489 esse
983 4432 1336 4502 dignoscitur,
1368 4433 1419 4486 in
1443 4447 1572 4500 quo,
1595 4430 1721 4484 novi
1747 4431 1812 4484 de
1838 4437 2102 4518 vetustate
2131 4483 2179 4518 η
2203 4441 2258 4486 et
2287 4434 2498 4493 turrim,
2522 4431 2675 4500 cujus
2700 4432 2908 4489 culmen
2940 4437 3206 4507 pertingat
3226 4440 3295 4494 ad
3321 4440 3536 4505 coelum,
3562 4453 3618 4498 et
3639 4447 3784 4501 cele-

533 4535 898 4592 resurgentes,
924 4523 1178 4589 deinceps
1202 4521 1480 4589 quiescere
1501 4535 1530 4574 a
1559 4519 1812 4574 mundani
1845 4518 2100 4588 strepitus
2133 4518 2178 4542 ”
2204 4524 2422 4578 bremus
2468 4538 2660 4578 nomen
2711 4533 2949 4578 nostrum
2975 4566 2991 4588 ,
3048 4539 3335 4598 antequam
3374 4533 3681 4589 dividamur
3725 4537 3779 4588 in

529 4612 938 4682 perturbatione
965 4609 1237 4679 iubemur.
2207 4611 2485 4664 universas
2513 4621 2682 4666 terras
2699 4627 2712 4674 ;
2732 4621 2786 4666 et
2807 4613 3254 4670 habitaveruntin
3279 4633 3472 4688 campo
3492 4621 3739 4677 Sennaar
3763 4643 3776 4677 :

1114 4701 1338 4758 CAPUT
1373 4698 1510 4754 XVI.
1542 4748 1549 4754 .
2206 4699 2346 4767 quod
2371 4698 2510 4767 apud
2561 4714 2659 4755 nos
2684 4740 2700 4762 .
2747 4701 2887 4755 sicut
2913 4703 3111 4758 dictum
3159 4716 3239 4761 est
3267 4749 3282 4770 ,
3327 4718 3486 4764 sonat
3525 4714 3781 4767 excussio

771 4793 840 4849 In
867 4794 1000 4848 libro
1028 4793 1092 4847 de
1119 4793 1433 4862 perfectione
1458 4792 1850 4847 monachorum.
2205 4789 2442 4843 dentium
2465 4831 2480 4855 ,
2513 4789 2596 4844 vel
2651 4789 2790 4844 fetor
2817 4807 3021 4847 eorum.
3072 4793 3336 4862 Quoniam
3375 4801 3614 4868 perversi
3656 4804 3778 4871 qui-

597 4883 653 4937 In
703 4882 861 4952 bujus
896 4883 1090 4951 quippe
1137 4881 1321 4936 mundi
1363 4881 1477 4936 salo
1508 4879 1640 4949 justi
1688 4880 1931 4934 laborant
1961 4919 1975 4942 ,
2006 4877 2097 4933 ubi
2205 4898 2328 4950 que,
2356 4883 2481 4938 dum
2509 4893 2696 4939 contra
2726 4886 2918 4941 divina:
2949 4887 3080 4958 legis
3125 4893 3374 4947 mandata
3405 4897 3726 4964 superbiunt
3757 4939 3774 4959 ,

527 4987 681 5026 suam
726 4971 940 5042 reprobi
987 4970 1266 5040 possident
1308 4970 1573 5038 requiem.
1623 4967 1795 5036 Quam
1848 4967 2096 5022 videlicet
2200 4973 2324 5028 dum
2359 4974 2616 5028 adversus
2655 4975 2935 5029 Dominum
2979 4979 3243 5034 cervicem
3284 4982 3462 5037 cordis
3502 4997 3770 5054 arrogan-

525 5063 892 5119 diversitatem
935 5063 1073 5116 bene
1123 5075 1317 5116 corvus
1361 5076 1429 5115 ex
1469 5075 1596 5116 arca
1626 5059 1898 5123 dimissus,
1930 5068 1985 5113 et
2007 5074 2095 5113 co-
2201 5070 2282 5116 ter
2310 5062 2580 5125 attollunt,
2607 5073 2663 5118 et
2690 5063 2952 5131 proximis
2982 5083 3366 5137 nonnunquam
3390 5071 3774 5129 damnabiliter

525 5151 705 5209 lumba
731 5151 1057 5223 signiﬁcant.
1077 5171 1095 5204 ι
1115 5150 1317 5207 Corvus
1337 5170 1355 5206 ι
1379 5151 1577 5222 quippe
1605 5169 1624 5203 ι
1641 5151 1994 5206 cadaveribus
2015 5149 2098 5203 in-
2197 5152 2502 5217 detrahunt,
2531 5161 2584 5209 et
2605 5153 2703 5224 ipsi
2731 5155 3021 5221 proclivius
3043 5158 3094 5211 in
3122 5159 3370 5216 obscenas
3392 5163 3512 5217 vitae
3537 5167 3777 5234 sterqui-

525 5244 710 5300 sidens
740 5245 808 5300 ad
838 5258 978 5298 arcte
1001 5243 1235 5299 claustra
1262 5259 1370 5298 non
1395 5243 1594 5310 rediit;
1626 5243 1871 5299 columba
1913 5250 2092 5296 autem
2196 5242 2326 5299 linio
2350 5243 2677 5299 volutantur.
2717 5243 2784 5298 Et
2811 5243 2879 5298 de
2915 5248 3232 5306 excussione
3271 5251 3485 5320 quidem
3526 5254 3771 5309 dentium

524 5349 740 5389 reversa
788 5342 912 5399 est,
955 5334 1080 5404 quia
1127 5334 1218 5389 ubi
1265 5349 1360 5405 pes
1407 5335 1525 5405 ejus
1574 5334 1935 5405 requiesceret
1984 5347 2090 5386 non
2197 5345 2296 5400 per
2316 5330 2484 5386 David
2510 5331 2708 5386 dicitur
2735 5351 2746 5385 :
2777 5349 2796 5382 ι
2828 5333 2906 5387 Tu
2932 5337 3244 5403 percussisti
3266 5353 3454 5396 omnes
3480 5343 3772 5398 adversan-

523 5426 727 5480 invenit
774 5424 928 5495 (Gen.
960 5425 1103 5496 vut).
1149 5445 1167 5480 ι
1222 5425 1318 5481 Hic
1361 5427 1505 5482 enim
1556 5426 1646 5481 ubi
1694 5425 1842 5496 pravi
1891 5424 2091 5495 quique
2200 5428 2281 5475 tes
2321 5420 2452 5474 mihi
2481 5420 2599 5476 sine
2628 5435 2827 5487 causa;
2863 5421 3050 5479 dentes
3090 5436 3430 5494 peccatorum
3464 5435 3766 5489 contrivisti

519 5516 828 5573 carnalibus
854 5531 912 5571 se
942 5517 1299 5587 voluptatibus
1323 5517 1522 5573 satiant
1547 5558 1563 5582 ,
1601 5516 1772 5572 sancti
1800 5515 1900 5569 viri
1947 5525 2092 5583 repe-
2198 5508 2371 5577 (Psal.
2405 5510 2511 5581 ιιι).
2542 5527 2562 5563 ι
2594 5509 2663 5564 Et
2683 5510 2811 5566 alibi
2842 5528 2855 5566 :
2891 5530 2908 5564 ι
2942 5513 3080 5568 Deus
3101 5525 3348 5573 conteret
3365 5519 3555 5575 dentes
3575 5535 3765 5576 eorum

521 5608 629 5660 [ire
670 5616 946 5678 nequeunt
1005 5607 1094 5663 ubi
1147 5607 1211 5662 ad
1265 5607 1649 5678 quiescendum
2005 5602 2088 5660 sui
2199 5598 2252 5650 ill
2279 5610 2374 5652 ore
2401 5597 2670 5668 ipsorum,
2722 5597 2891 5652 molas
2923 5598 3134 5655 leonum
3165 5604 3466 5676 confringet
3507 5609 3767 5664 Dominus

521 5696 706 5764 pedem
739 5706 955 5765 ροηοηι,
2201 5682 2385 5755 (Paul.
2442 5686 2609 5756 ml).
2649 5705 2668 5740 ι
2731 5686 2808 5744 De
2873 5687 3043 5746 fetore
3105 5709 3318 5763 quoque
3379 5712 3564 5751 eorum
3625 5701 3763 5755 allus
