4078 6336
296 315 431 378 1001

1573 314 1640 370 ΙΝ
1667 309 1927 368 LIBRUM
1966 309 2276 366 GENESIS.

3423 312 3560 368 l00‘2

285 433 548 507 propheta
579 429 755 487 dicit:
797 450 815 482 ι
850 429 1240 501 Computruere
1269 427 1513 498 iumenta
1551 428 1604 482 in
1634 436 1874 484 stercore
1902 435 1948 493 Α
1979 424 2205 487 tionem,
2233 437 2327 478 seu
2352 436 2574 491 operum
2603 428 2913 479 nostrorum
2941 421 3212 487 victimas,
3243 437 3274 477 a
3311 423 3562 495 malignis

287 540 386 581 suo
416 521 576 596 (laet.
601 523 664 588 ι).
702 540 720 574 ι
750 520 818 575 Ει
848 520 1017 576 Isaias
1047 539 1059 573 :
1099 539 1116 567 α
1161 519 1313 584 Erit,
1342 519 1546 589 inquit,
1589 534 1688 588 pro
1715 519 1866 574 suavi

285 617 453 672 odore
500 612 641 669 fetor
688 611 825 684 (Isa.
879 610 985 682 ιιι).
1031 630 1051 664 ι
1105 610 1392 666 Enimvero
1443 610 1690 681 quisquis
1755 608 1872 663 vult

285 707 573 764 azditicium
629 705 862 760 condere
909 703 1052 774 quod
1103 702 1260 758 facile
1303 704 1473 758 ruinae
1519 718 1626 758 non
1681 703 1752 756 sit
1779 702 1872 758 ob-

284 798 549 862 noxium,
598 810 822 850 necesse
869 803 954 849 est
981 809 1105 850 eum
1154 809 1261 849 non
1301 794 1500 849 lateres
1529 802 1583 847 et
1627 792 1870 848 bitumen

286 889 508 952 habere,
549 900 669 956 qua:
693 893 916 954 repente
963 882 1260 948 dissiliant;
1310 882 1405 937 sed
1451 882 1657 952 lapides
1694 881 1872 952 potius

285 992 352 1031 ac
393 991 545 1039 saxa,
578 989 698 1044 qua:
743 973 983 1043 parietes
1011 973 1258 1044 erigant,
1293 981 1350 1028 et
1411 972 1577 1027 calcis
1607 987 1671 1026 ac
1697 971 1871 1026 sabuli

285 1074 611 1122 crementum
635 1105 652 1131 ,
700 1065 843 1135 quod
879 1064 1025 1133 ipsos
1055 1063 1291 1134 parietes
1321 1062 1579 1117 inviolata
1629 1061 1869 1131 lapidum

285 1170 546 1227 compage
574 1155 932 1226 constringat.
962 1155 1115 1221 Quod
1138 1168 1266 1225 ergo
1288 1155 1400 1225 jam
1429 1153 1557 1209 dicti
1591 1152 1869 1224 Babylonii

285 1252 484 1306 lateres
505 1266 604 1320 pro
629 1251 775 1304 saxis
789 1258 844 1304 et
865 1249 1108 1304 bitumen
1133 1249 1432 1304 habuerant
1458 1263 1556 1317 pro
1579 1253 1870 1311 caemento,

283 1343 524 1398 carnalis
553 1343 676 1396 vitae
703 1341 974 1412 signiﬁcat
1002 1339 1321 1404 anillicium,
1358 1339 1424 1392 ad
1447 1338 1556 1391 vim
1584 1345 1870 1392 ventorum

285 1433 371 1488 vel
408 1434 665 1503 impetum
693 1431 972 1485 ﬂuminum
999 1429 1324 1499 quantocius
1352 1427 1711 1482 obruendum.

873 1539 1103 1596 CAPUT
1145 1539 1281 1594 XIX.

285 1659 355 1714 In
383 1657 610 1728 'epistola
632 1657 706 1710 ad
753 1655 1089 1728 Bonifacium
1124 1653 1497 1728 Causidicum;
1535 1653 1653 1728 _ubi_
1676 1652 1871 1707 dicitur

355 1724 687 1782 iit-exteriori
732 1725 1028 1796 prudentia:
1092 1725 1381 1794 spiritantia
1429 1724 1688 1794 sapientia
1729 1741 1869 1793 pra:-

356 1799 583 1866 feratur.

362 1910 381 1943 ι
415 1889 706 1945 Prudentia
758 1886 918 1956 huius
958 1887 1145 1943 mundi
1182 1886 1402 1941 inimica
1435 1895 1516 1942 est
1565 1885 1678 1940 Deo
1716 1904 1729 1939 :
1764 1885 1868 1956 legi

281 1983 428 2037 enim
450 1981 546 2036 Dei
571 1995 678 2034 non
704 1979 1103 2048 subjiciturnec
1125 1977 1267 2033 enim
1291 1985 1468 2048 potest
1493 1976 1665 2047 (Rom.
1691 1977 1864 2049 νιιι).›

283 2075 426 2131 Ilinc
449 2085 533 2130 est
561 2073 702 2144 quod
732 2114 748 2139 ,
781 2073 920 2127 sicut
951 2073 1006 2126 in
1043 2072 1184 2126 libro
1225 2069 1452 2126 Genesis
1482 2069 1682 2125 dicitur
1727 2071 1870 2141 quod

280 2169 522 2239 quinque
565 2179 722 2236 reges
746 2206 760 2229 ,
789 2164 881 2233 qui
917 2163 1139 2218 subesse
1179 2162 1468 2216 noluerunt
1495 2161 1872 2216 Cbodorlaho-

283 2276 424 2324 mor,
457 2275 484 2312 a
534 2266 772 2328 quatuor
808 2256 1024 2326 regibus
1075 2253 1313 2325 superati
1347 2261 1510 2319 sunt,
1559 2262 1614 2307 et
1663 2253 1788 2307 ubi?
1817 2253 1868 2306 in

283 2350 422 2404 valle
447 2347 716 2411 Silvestri,
748 2362 866 2416 quae
915 2361 1060 2400 nunc
1094 2353 1178 2399 est
1203 2359 1356 2399 mare
1393 2344 1524 2400 salis
1548 2341 1701 2416 (Gen.
1735 2343 1866 2415 κεν).

281 2439 385 2506 Qui
418 2447 543 2492 sunt
580 2437 725 2492 enim
753 2446 989 2507 quatuor
1020 2451 1196 2505 reges,
1223 2435 1325 2490 nisi
1354 2442 1589 2504 quatuor
1618 2435 1868 2500 virtutes,

283 2549 421 2603 quas
447 2531 726 2600 Scriptura
750 2544 905 2584 sacra
931 2527 1174 2582 nominat
1195 2525 1561 2597 principales?
1582 2525 1718 2592 Quid
1743 2540 1870 2580 vero

283 2637 382 2694 per
409 2621 646 2691 quinque
689 2634 875 2688 reges,
906 2618 1010 2674 nisi
1040 2619 1262 2674 totidem
1284 2632 1478 2673 sensus
1511 2617 1778 2688 corporis,
1807 2633 1872 2674 ac

284 2731 383 2786 per
425 2730 520 2770 eos
564 2712 802 2768 exterior
850 2711 1077 2767 scientia
1121 2711 1474 2780 designatur?
1505 2708 1658 2764 Sicut
1686 2720 1867 2764 autem

285 2806 390 2861 illa:
419 2814 652 2875 quatuor
678 2807 907 2859 virtutes
931 2805 1078 2859 velut
1100 2821 1165 2859 ex
1193 2803 1446 2874 originali
1498 2804 1688 2858 matris
1731 2818 1864 2866 suae,

286 2896 514 2951 rationis
565 2895 774 2950 scilicet
819 2893 965 2949 fonte
1009 2895 1347 2963 procedunt;
1382 2895 1462 2949 sic
1501 2894 1618 2948 ista'
1657 2894 1709 2948 in
1760 2903 1868 2949 ter-

284 3003 430 3043 reme
472 2987 749 3058 sapientia:
777 2987 1017 3041 vanitate
1042 3025 1057 3050 ,
1091 2984 1232 3040 velut
1265 2986 1320 3040 in
1352 2985 1599 3041 convalle
1639 2984 1869 3056 salsugi-

282 3079 370 3134 nis
407 3079 785 3145 immorantur,
819 3077 1000 3147 ibique
1052 3093 1080 3130 a
1133 3078 1246 3132 suis
1293 3077 1539 3132 hostibus
1571 3085 1699 3131 sunt
1747 3091 1868 3146 pro—

1976 513 2255 591 spiritibus
2298 528 2391 568 eos
2417 512 2624 570 fmdare
2675 514 3042 581 tentantibus,
3096 515 3321 586 provide
3355 529 3562 572 "custo-

1973 604 2169 661 dimus.

2549 697 2775 755 CAPUT
2815 701 2957 756 XXII

1975 810 2056 863 Ad
2100 809 2470 883 Alexandrum
2518 828 2752 880 papam;
2805 815 2893 867 ubi
2947 815 3283 883 conqueritur
3305 813 3368 867 dc
3413 815 3558 868 inso-

2345 881 2506 934 lentia
2538 898 2818 950 pravorum
2841 881 3132 938 hominum.

2050 994 2071 1027 ε
2094 974 2226 1030 Cum
2249 974 2326 1029 sol
2349 975 2717 1036 occumberet,
2730 991 2894 1046 sopor
2910 977 3066 1031 irruit
3087 993 3250 1048 super
3262 979 3556 1044 Abraham,

1976 1074 2031 1120 et
2067 1066 2264 1121 horror
2293 1081 2524 1135 magnus
2550 1074 2604 1120 et
2641 1068 2961 1122 tenebrosus
3012 1068 3208 1123 invasit
3241 1085 3365 1125 eum
3400 1068 3556 1140 (Gen.

1976 1156 2088 1226 xv).
2124 1175 2142 1208 ι
2176 1156 2317 1212 Solis
2343 1157 2626 1212 occubitus
2668 1158 2850 1211 mundi
2880 1158 3129 1229 designat
3151 1175 3340 1214 casum
3363 1147 3388 1214 ﬁ:
3421 1163 3550 1215 hor-

1977 1264 2070 1302 ror
2125 1264 2254 1304 vero
2307 1265 2538 1321 magnus
2590 1259 2646 1305 et
2696 1250 3013 1306 tenebrosus
3064 1253 3315 1307 vitiorum
3367 1255 3564 1325 ﬁgurat;

1976 1339 2377 1410 criminumque
2422 1340 2706 1410 caliginem
2747 1359 2760 1393 :
2797 1357 2916 1412 qua:
2960 1343 3202 1413 quotidie
3248 1346 3566 1413 pestilenter

1971 1425 2358 1484 inhorrescunt
2401 1444 2500 1500 per
2533 1439 2854 1486 aestuantem
2887 1434 3242 1503 reproborunt
3286 1436 3565 1493 hominum

1974 1520 2320 1590 pravitatem.
2345 1521 2497 1577 Unde
2518 1531 2576 1577 et
2607 1523 2715 1578 illic
2744 1525 2904 1593 paulo
2930 1537 3050 1596 post
3075 1528 3292 1583 additur
3317 1545 3334 1584 :
3370 1548 3391 1582 ‹
3426 1531 3563 1586 Cum

1975 1624 2106 1681 ergo
2133 1612 2478 1667 occubuisset
2513 1613 2631 1680 sol,
2662 1613 2805 1669 {acta
2848 1624 2933 1670 est
2966 1617 3142 1686 caligo
3163 1621 3474 1685 tenebrosa,
3505 1631 3562 1676 et

1976 1701 2224 1769 apparuit
2266 1701 2510 1758 clibanus
2545 1702 2780 1759 fumans.
2816 1723 2834 1756 ι
2889 1705 3043 1761 Sicut
3069 1709 3214 1762 enim
3267 1709 3447 1765 fumus
3491 1727 3560 1767 ex

1899 1791 2095 1863 Bigne
2143 1794 2342 1850 clibani
2413 1796 2732 1865 vaporantis
2795 1799 3113 1870 egreditur,
3169 1803 3239 1857 ita
3303 1804 3558 1860 vitiorum

1973 1884 2216 1938 omnium
2247 1884 2687 1957 ﬂagitiorumque
2725 1888 2898 1958 caligo
2930 1890 2995 1946 de
3039 1893 3252 1947 camino
3280 1897 3561 1952 azstuantis

1973 1974 2215 2028 avaritiae
2261 1985 2569 2045 generatur.
2618 1977 2772 2033 Sicut
2812 1980 2946 2033 dixit
2999 1983 3322 2052 Apostolus:
3361 2005 3380 2037 ‹
3417 1987 3556 2054 Quia

1971 2065 2129 2119 radix
2157 2066 2400 2121 omnium
2449 2069 2712 2124 malorum
2764 2074 2992 2127 avaritia
3019 2085 3097 2130 cst
3137 2077 3188 2147 (I
3226 2077 3360 2132 Tim.
3407 2080 3503 2151 vi).
3535 2101 3552 2132 ι

1971 2154 2038 2208 Et
2069 2155 2172 2210 hoc
2220 2157 2364 2211 circa
2410 2157 2572 2212 linem
2601 2159 2704 2214 diei
2736 2201 2749 2225 ,
2800 2161 2905 2216 hoc
2947 2173 3048 2230 est,
3074 2165 3222 2222 circa
3265 2170 3556 2226 terminum

1972 2247 2180 2300 mundi.
2211 2246 2450 2302 Fumans
2465 2263 2600 2320 ergo
2620 2249 2867 2306 clibanus
2899 2256 3239 2312 tenebrosam
3268 2259 3553 2332 caliginem

1967 2344 2232 2404 generat,
2265 2336 2390 2404 quia
2416 2339 2663 2393 caminus
2706 2340 2948 2395 avaritia:
2976 2383 2991 2406 ,
3028 2347 3118 2414 qui
3166 2347 3218 2400 in
3265 2364 3556 2418 pravorum

1972 2425 2249 2481 hominum
2301 2430 2614 2496 pectoribus
2659 2440 2893 2499 aestuat,
2928 2435 3110 2491 multis
3145 2442 3561 2508 perversitatum

1969 2516 2213 2570 tenebris
2290 2519 2546 2572 mundum
2607 2522 2926 2589 pestilenter
2975 2526 3257 2584 obscurat.
3314 2531 3395 2586 An
3450 2548 3556 2590 non

1971 2616 2179 2662 mentes
2203 2609 2495 2666 infelicium
2523 2613 2869 2686 c:eeat[deest
2893 2617 3126 2686 luxuria,
3164 2624 3431 2692 cupiditas
3460 2639 3557 2684 aut

1971 2702 2099 2770 quid
2122 2702 2316 2769 simile,
2344 2713 2436 2758 aut
2457 2707 2739 2780 avaritia],
2759 2725 2882 2779 quae
2910 2713 3113 2769 scilicet
3134 2725 3186 2770 et
3216 2718 3372 2774 Iidem
3402 2722 3558 2790 tollit,

1963 2801 2022 2846 et
2046 2795 2288 2848 omnium
2306 2795 2566 2851 virtutum
2591 2797 2644 2853 in
2669 2811 2854 2856 eorum
2875 2805 3132 2862 cordibus
3147 2807 3328 2892 lumen
3349 2815 3556 2868 exstin-

1971 2886 2120 2955 guit?
2148 2887 2318 2953 Unde,
2345 2903 2467 2943 cum
2499 2889 2625 2945 illud
2649 2893 3000 2960 praemisisset
3026 2886 3334 2970 Apostolus,
3360 2915 3560 2974 praesto

1971 2977 2311 3031 subintulit:
2374 2997 2394 3030 ι
2451 2980 2623 3047 Quam
2680 2983 2931 3040 videlicet
2998 2992 3284 3047 avaritiam
3336 2996 3556 3065 quidam

1971 3079 2285 3136 appetentes
2319 3082 2641 3128 erraverunt
2663 3075 2776 3145 89
2799 3091 2828 3129 a
2860 3077 2986 3146 tide,
3017 3090 3072 3135 et
3103 3083 3448 3142 inseruerunt
3496 3102 3556 3144 se

283 3169 465 3233 strati,
498 3168 620 3237 quia
663 3168 882 3237 dignum
912 3175 998 3222 est
1026 3167 1164 3221 utin
1198 3168 1379 3221 anima
1432 3167 1668 3221 hominis
1709 3167 1865 3236 sp’ri-

1975 3158 2250 3214 doloribus
2279 3161 2461 3216 multis
2489 3162 2543 3233 (Ι
2588 3163 2721 3218 Tim.
2755 3167 2850 3239 vi).
2894 3189 2912 3221 ι
2948 3171 3112 3227 Multo
3140 3177 3336 3246 quippe
3365 3194 3422 3234 sc
3461 3180 3558 3236 do-

284 3260 448 3314 tualis
517 3259 777 3329 sapientia
847 3259 1029 3314 vincat
1110 3265 1165 3313 et
1258 3257 1495 3314 carnalis
1565 3259 1865 3328 prudentia:

282 3353 549 3409 calliditas
572 3361 778 3422 pereat.
806 3353 945 3407 Ilinc
983 3360 1040 3407 et
1063 3353 1128 3407 de
1151 3351 1319 3406 David
1349 3352 1548 3422 legitur
1574 3351 1699 3420 quia
1743 3350 1870 3405 fecit

283 3444 386 3499 sibi
422 3459 616 3498 nomen
650 3445 765 3515 88
801 3461 922 3500 cum
956 3453 1346 3508 reverteretur,
1379 3451 1536 3513 capta
1581 3442 1764 3515 Syria,
1809 3443 1866 3496 in

283 3534 425 3590 valle
454 3533 761 3590 Salinarum
788 3536 942 3591 caesis
968 3535 1250 3591 duodecim
1275 3536 1512 3590 millibus
1535 3534 1622 3608 (ll
1645 3533 1774 3604 Reg.
1803 3535 1864 3604 l).

885 3626 1113 3683 CAPUT
1151 3627 1269 3682 XX.

546 3720 612 3774 In
643 3720 860 3791 epistola
891 3720 960 3774 ad
993 3719 1351 3773 Alexandrum
1379 3735 1570 3789 papam

359 3830 379 3864 ι
421 3812 521 3880 Qui
579 3812 791 3877 tollens,
817 3831 833 3864 ι
866 3812 1038 3883 inquit
1063 3811 1343 3880 Scriptura
1368 3850 1383 3875 ,
1415 3830 1432 3862 ‹
1453 3811 1702 3867 universa
1730 3814 1864 3877 luce,

280 3907 468 3963 divisit
503 3923 564 3962 ea
589 3921 686 3977 per
711 3907 966 3972 medium,
997 3915 1053 3960 et
1078 3906 1360 3975 utriusque
1389 3913 1570 3974 partes
1596 3916 1780 3961 contra
1807 3923 1865 3963 se

282 3999 607 4056 altrinsecus
655 4001 862 4071 posuit;
918 4015 1045 4053 aves
1088 4009 1270 4054 autem
1327 4013 1434 4052 non
1477 3998 1664 4054 divisit
1708 3997 1862 4070 (Gen.

283 4092 397 4160 xv).
435 4111 456 4145 ι
495 4091 731 4146 Terrena
755 4091 972 4160 quidem
1007 4089 1260 4144 animalia
1296 4094 1490 4147 contra
1512 4104 1568 4144 se
1599 4099 1654 4144 et
1678 4090 1864 4146 altrin-

281 4196 442 4237 secus
505 4191 894 4251 opponuntur;
953 4181 1078 4249 quia
1140 4181 1340 4235 terreni
1408 4181 1608 4251 quique
1675 4189 1862 4236 contra

277 4273 558 4343 proximos
583 4272 777 4343 jurgiis
796 4281 852 4327 et
877 4273 1312 4328 contentionibus
1338 4274 1583 4335 serviunt,
1610 4273 1691 4326 vel
1713 4282 1864 4328 certe

280 4362 512 4418 occultis
576 4363 834 4417 adversus
879 4377 971 4417 eos
1019 4362 1264 4417 odiorum
1325 4363 1600 4428 fomitibus
1652 4363 1864 4418 inarde—

281 4463 462 4510 scunt.
496 4454 566 4508 At
592 4462 804 4518 contra,
835 4455 927 4524 qui
981 4469 1101 4510 sese
1137 4455 1190 4510 in
1235 4455 1402 4510 altum
1433 4454 1671 4511 caelestis
1716 4455 1860 4510 desi-

279 4543 417 4598 derii
448 4542 628 4613 pluma
660 4543 983 4609 sustollunt,
1015 4544 1140 4598 dum
1171 4545 1495 4600 sacriﬁcium
1523 4546 1632 4600 Deo
1661 4555 1861 4600 semet-

279 4634 429 4704 ipsos
483 4632 754 4702 otl‘erunt,
811 4650 841 4689 a
889 4644 1087 4690 mutuae
1142 4635 1445 4692 dilectionis
1499 4636 1707 4708 glutino
1755 4653 1861 4693 non

281 4725 562 4781 recedunt.

871 4817 1098 4874 CAPUT
1136 4817 1275 4874 XXI.

355 4907 419 4961 In
451 4907 667 4977 epistola
706 4908 775 4962 ad
807 4908 1134 4962 Desiderium
1161 4909 1397 4963 abbatem
1427 4907 1784 4964 Casincnsem.

353 4998 568 5069 Maligni
599 5000 851 5069 spiritus,
893 5000 978 5055 vel
1003 5001 1278 5056 orationes
1304 5011 1517 5060 nostras
1546 5002 1729 5072 pravis
1773 5014 1857 5056 co-

279 5091 632 5163 gitationibus
653 5092 890 5161 polluere
919 5133 932 5154 ,
963 5092 1047 5147 vel
1072 5107 1234 5162 Opera
1263 5093 1400 5147 bona
1443 5093 1648 5161 peccati
1679 5092 1859 5160 cujus-

279 5182 411 5237 libet
486 5181 897 5237 attaminatione
962 5197 1309 5253 corrumpere
1381 5183 1646 5237 nituntur.
1711 5182 1863 5238 Unde

279 5273 541 5344 scriptum
578 5281 661 5327 est
685 5275 840 5342 quia,
873 5293 892 5326 ‹
927 5289 1050 5329 cum
1084 5274 1356 5330 Abraham
1390 5273 1498 5328 Deo
1535 5275 1861 5329 sacriﬁcium

278 5368 347 5420 de
375 5366 659 5436 pecoribus
699 5377 753 5420 et
784 5366 1093 5421 volucribus
1115 5368 1339 5423 devotus
1381 5367 1570 5424 olleret
1590 5410 1604 5433 ,
1637 5369 1861 5423 descen-

279 5463 478 5512 derunt
525 5457 772 5510 volucres
815 5471 977 5524 super
1026 5458 1288 5512 cadavera
1317 5497 1331 5523 ,
1383 5467 1435 5509 et
1481 5457 1728 5528 abigebat
1769 5474 1861 5512 eas

277 5547 552 5601 Abraham
583 5546 734 5617 (Gen.
762 5548 873 5616 xv).
923 5570 940 5598 ι
973 5548 1111 5614 Quid
1160 5549 1302 5603 enim
1356 5549 1664 5618 exprimunt
1715 5549 1862 5601 volu-

277 5654 421 5702 cres,
458 5637 556 5691 nisi
587 5639 844 5708 reprobus
876 5639 1096 5708 Spiritus
1126 5655 1221 5710 per
1244 5656 1368 5695 acra
1405 5640 1724 5695 volisantes?
1753 5639 1859 5694 Vo-

277 5731 459 5786 lucres
507 5734 636 5798 ergo
669 5749 696 5783 a
725 5730 990 5786 sacriﬁcio
1020 5742 1205 5790 nostro
1235 5734 1562 5807 repellimus,
1591 5750 1709 5788 cum
1737 5749 1856 5788 ora-

563 5828 811 5889 PATIIOL
881 5832 1107 5893 CXLV.

1976 3249 2176 3306 loribus
2231 3253 2520 3316 inserunt,
2571 3255 2699 3310 dum
2766 3271 2990 3332 propter
3039 3268 3350 3336 temporalia
3408 3270 3559 3328 lucra

1973 3340 2331 3396 inlcederabili
2369 3359 2399 3397 a
2438 3358 2499 3399 se
2549 3345 2780 3404 invicem
2840 3353 3116 3410 simultate
3166 3357 3471 3427 dissiliunt;
3504 3371 3561 3418 et

1970 3429 2308 3502 plerumque,
2351 3434 2479 3489 dum
2520 3452 2620 3507 pro
2658 3443 3029 3511 corporalibus
3060 3446 3111 3500 in
3151 3461 3298 3503 arma
3328 3465 3560 3507 concur-

1969 3533 2132 3584 runt,
2187 3528 2507 3597 corporibus
2563 3530 2772 3588 animus
2821 3546 3046 3590 exuunt.
3095 3536 3199 3604 Qui
3251 3556 3379 3596 vero
3424 3543 3554 3602 solis

1970 3614 2283 3674 coelestibus
2327 3619 2695 3691 inardescunt,
2730 3639 2828 3695 pro
2857 3625 3152 3694 doloribus,
3181 3631 3561 3691 oblectationi-

1967 3707 2070 3763 bus
2095 3712 2395 3781 potiuutur,
2419 3715 2550 3784 quia
2582 3716 2634 3770 in
2670 3716 2925 3773 fraternae
2954 3721 3239 3778 charitatis
3281 3726 3560 3784 dulcedine

1971 3804 2298 3859 unanimiter
2341 3806 2548 3860 vivunt.
2603 3807 2740 3863 Hinc
2769 3821 2847 3864 est
2878 3813 3019 3878 quod
3049 3813 3101 3865 in
3149 3813 3238 3867 illo
3287 3817 3559 3874 sacriﬁcio

1967 3899 2313 3966 vespertino,
2388 3901 2530 3968 quod
2582 3909 2706 3956 tunc
2764 3902 3036 3956 Abraham
3079 3906 3276 3960 obtulit
3305 3949 3319 3973 ,
3358 3925 3557 3979 pecora

1968 3988 2184 4056 quidem
2231 3997 2442 4044 terrena
2479 3991 2547 4044 ab
2580 3990 2809 4046 invicem
2837 4003 3175 4062 sequestrata
3203 3998 3419 4066 posuit,
3461 4003 3558 4056 sed

1968 4076 2204 4131 volatilia
2247 4094 2353 4133 non
2406 4079 2667 4148 adjuuxit.
2706 4080 2857 4136 Unde
2887 4083 3167 4153 Scriptura
3207 4105 3220 4140 :
3256 4107 3274 4141 ‹
3314 4089 3414 4156 Qui
3459 4091 3560 4147 tol-

1966 4164 2106 4230 lens,
2142 4167 2333 4237 inquit,
2366 4170 2611 4224 universa
2645 4171 2788 4232 haec,
2821 4171 3004 4226 divisit
3029 4190 3089 4228 ea
3131 4191 3228 4244 per
3272 4178 3505 4234 medium
3538 4224 3552 4245 ,

1965 4265 2022 4310 et
2059 4258 2341 4327 utriusque
2387 4268 2570 4329 partes
2614 4260 2938 4318 altrinsecus
2981 4276 3171 4320 contra
3221 4282 3278 4322 se
3339 4269 3554 4338 posuit;

1966 4362 2090 4403 aves
2114 4357 2296 4405 autem
2319 4367 2424 4405 non
2455 4351 2641 4408 divisit
2669 4351 2823 4424 (Gen.
2854 4356 2967 4426 xv).
3005 4375 3024 4409 ι

2531 4463 2759 4520 CAPUT
2798 4465 2982 4521 XXIII.

1969 4554 2034 4610 In
2060 4555 2277 4627 epistola
2316 4558 2384 4611 ad
2428 4555 2645 4613 Leonem
2677 4577 2889 4642 papam,
2923 4561 3009 4614 ubi
3036 4575 3339 4620 accusatum
3368 4583 3422 4622 se
3446 4585 3556 4624 esse

2579 4645 2935 4700 conqueritur.

2039 4715 2095 4771 Si
2127 4717 2402 4774 Creatoris
2445 4721 2617 4774 nostri
2669 4721 2814 4776 facta
2853 4724 3140 4793 vigilanter
3174 4728 3552 4794 attendamus,

1970 4808 2038 4862 ad
2075 4810 2342 4864 credenda
2375 4811 2663 4880 cujuslibet
2707 4812 2850 4867 mala
2896 4813 3058 4870 ﬁdem
3101 4816 3357 4872 adhibere
3393 4819 3554 4877 facile

1968 4906 2073 4955 non
2098 4901 2386 4968 debemus;
2415 4902 2528 4971 ipse
2548 4902 2717 4969 enim,
2746 4902 2899 4973 cujus
2921 4905 3090 4960 oculis
3122 4907 3263 4961 nuda
3291 4917 3346 4961 et
3368 4921 3553 4980 aperta

1969 5003 2094 5048 sunt
2121 4995 2324 5060 omnia,
2358 5009 2464 5050 non
2491 4995 2814 5066 dedignatus
2844 5005 2950 5063 cst,
2984 5011 3106 5052 eum
3137 4999 3454 5070 loqueretur
3483 5005 3552 5058 ad

1967 5087 2242 5142 Abraham
2287 5101 2448 5156 super
2492 5086 2849 5146 Sodomorum
2881 5090 3152 5156 clamore,
3197 5093 3291 5162 qui
3329 5094 3397 5148 ad
3426 5109 3551 5150 cum

1969 5189 2193 5232 venerat
2220 5179 2402 5234 dicere
2434 5197 2446 5232 :
2487 5197 2504 5230 ι
2544 5179 2900 5247 Descendam,
2941 5193 2998 5236 et
3019 5182 3210 5236 videbo
3234 5191 3414 5238 utrum
3445 5185 3554 5239 cla-

1970 5285 2200 5334 morem,
2231 5271 2324 5339 qui
2346 5272 2495 5325 venit
2524 5271 2590 5325 ad
2638 5287 2723 5326 me
2746 5313 2760 5337 ,
2795 5287 2958 5342 opere
2985 5274 3403 5343 conipleverint;
3456 5293 3554 5330 an-

1972 5377 2076 5415 non
2105 5370 2188 5415 est
2217 5363 2314 5427 ita,
2336 5369 2396 5414 ut
2428 5360 2632 5416 sciam?
2667 5379 2684 5412 ι
2717 5360 2868 5432 (Gen.
2898 5363 2998 5433 xi.)
3030 5363 3181 5429 Quod
3205 5363 3447 5433 profecto
3484 5368 3553 5421 ad
3588 5373 3590 5375 ’

1971 5453 2044 5507 nil
2080 5452 2223 5504 aliud
2254 5453 2456 5506 dictum
2487 5452 2731 5519 videtur,
2762 5453 2867 5508 nisi
2901 5461 2959 5508 ut
3005 5455 3240 5510 humana
3288 5459 3549 5511 doceatur

1970 5544 2294 5612 ignorantia,
2341 5545 2457 5597 sine
2500 5544 2885 5614 experimentis
2914 5546 3116 5610 audita,
3157 5562 3262 5601 non
3303 5549 3550 5619 credere,

1970 5635 2239 5704 incognita
2272 5649 2376 5687 non
2424 5633 2613 5688 leviter
2635 5633 2900 5703 judicare,
2937 5653 3036 5692 nec
3065 5646 3189 5691 ante
3223 5640 3550 5693 sententiain

1967 5743 2216 5800 promere
2245 5743 2407 5798 quam
2435 5743 2546 5784 rem
2576 5730 2793 5786 dubiam
2827 5731 3149 5788 testimoniis
3181 5735 3500 5802 approbare.

3145 5833 3223 5893 32
