4078 6336
579 281 719 338 I005

1142 386 1371 445 CAPUT
1408 384 1600 441 XXIV.

1040 481 1106 536 In
1128 481 1261 538 libro
1292 477 1694 533 Gomorrhiano.

652 596 670 628 ι
685 576 938 641 Ειθεεο,›
955 571 1135 642 inquit
1150 569 1457 639 Scriptura,
1476 567 1769 621 «miserunt
1797 580 2012 621 manum
2033 565 2155 629 viri,

574 678 630 725 et
665 665 1079 724 introduxerunt
1107 662 1174 716 ad
1201 675 1261 716 se
1284 658 1445 723 Loth,
1476 658 1892 726 clauseruntque
1921 658 2153 721 ostium;

573 769 627 816 ct
658 771 771 821 eos,
800 755 892 826 qui
921 752 1055 809 foris
1083 760 1235 806 erant
1257 749 1686 824 (percusserunt
1715 748 1958 803 caecitate
1986 762 2015 800 a
2050 747 2155 800 mi-

570 851 721 905 nimo
756 861 929 918 usque
960 846 1028 900 ad
1073 844 1407 907 maximum,
1445 840 1520 895 ita
1560 848 1619 895 ut
1664 840 1862 895 ostium
1912 838 2159 894 invenire

570 958 678 999 non
707 947 927 1011 possent
954 935 1110 1010 (Gen.
1139 933 1278 1006 xix).
1320 953 1339 986 ι
1371 932 1662 989 Sodomita:
1690 945 1923 1001 namque
1957 930 2023 984 ad
2053 945 2155 984 an—

568 1035 718 1106 gelos
752 1040 1019 1089 conantur
1057 1028 1323 1083 violenter
1363 1026 1665 1094 irrumpere
1690 1063 1704 1088 ,
1738 1038 1860 1077 cum
1893 1022 2153 1076 immundi

568 1126 815 1182 homines
839 1123 906 1178 ad
934 1119 1223 1177 Dominum
1265 1124 1476 1172 tentant
1506 1131 1600 1184 per
1627 1114 1769 1169 sacri
1796 1112 2001 1169 ordinis
2040 1112 2156 1167 olli-

567 1220 650 1276 cia
692 1215 1080 1288 propinquare.
1133 1209 1245 1265 Sed
1294 1208 1328 1263 ii
1373 1206 1619 1277 profecto
1664 1205 1909 1259 excitate
1961 1217 2157 1273 percu-

567 1312 808 1374 tiuntur;
841 1306 967 1377 quia
986 1304 1135 1375 justo
1155 1301 1249 1357 Dei
1274 1299 1481 1370 judicio
1510 1298 1564 1352 in
1592 1297 1841 1353 tenebras
1866 1294 2155 1349 interiores

551 1401 791 1467 cadunt,
822 1398 898 1453 ita
926 1405 987 1451 ut
1017 1409 1117 1450 nec
1150 1392 1350 1448 ostium
1379 1388 1625 1444 invenire
1647 1384 1994 1457 praevaleant,
2023 1383 2153 1453 quia

556 1511 597 1549 a
626 1493 738 1548 Deo
782 1485 1057 1561 peccando
1103 1483 1291 1549 divisi,
1326 1481 1468 1536 unde
1500 1479 1568 1533 ad
1612 1493 1736 1533 eum
1782 1483 2148 1537 revertantur,

563 1585 836 1657 ignorant.
861 1579 965 1647 Qui
991 1577 1137 1633 enim
1167 1590 1273 1629 non
1304 1588 1401 1643 per
1430 1568 1751 1625 humilitatis
1779 1568 1905 1632 iter,
1931 1566 2025 1622 sed
2055 1580 2153 1635 per

563 1671 891 1743 arrogantiae
924 1676 980 1724 et
1009 1665 1237 1723 tumoris
1271 1662 1552 1718 anfractus
1580 1664 1645 1715 ad
1675 1659 1964 1715 Dominum
1997 1672 2152 1713 acce-

1470 273 1973 365 COLI.FCTANEA
2013 275 2079 331 IN
2116 274 2345 334 VETUS
2386 271 2932 331 TESTAMENTUM.

2186 386 2234 445 Α
2264 381 2424 437 Israel
2454 381 2599 437 facta
2624 390 2727 448 est,
2755 392 2815 436 ut
2839 381 3119 451 plenitudo
3154 382 3392 453 gerulum
3421 381 3653 438 intraret
3685 394 3741 440 et
3770 387 3845 438 sic

3687 274 3835 330 I001

2260 473 2438 527 ontnis
2466 471 2632 528 Israel
2664 472 2848 526 salvus
2874 471 3027 526 ﬁeret
3052 470 3225 543 (Rom.
3259 471 3358 541 ιι).
3388 491 3405 524 ι
3429 472 3565 539 Quid
3589 483 3673 527 est
3696 475 3844 528 cnim

2258 567 2401 637 quod
2443 566 2682 620 dicitur:
2734 583 2753 616 ι
2800 564 3028 622 Caecitas
3066 581 3131 620 ex
3181 576 3333 636 parte
3381 565 3435 619 in
3484 565 3651 619 Israel
3699 565 3845 622 facta

2258 658 2378 712 est?
2414 678 2432 711 ι
2460 658 2563 712 hoc
2588 665 2671 712 est
2700 656 2968 722 videlicet,
2997 675 3017 708 ι
3052 665 3362 726 exspectate
3391 656 3479 710 hie
3508 672 3632 711 cum
3654 656 3842 721 asino,

2257 759 2313 803 ut
2337 749 2614 818 plenitudo
2642 748 2883 819 gentium
2930 749 3192 803 intraret:
3232 768 3251 801 ι
3284 747 3386 803 hoc
3418 758 3525 813 est,
3556 758 3843 819 postquam

2256 842 2681 905 adoraverimus,
2732 841 2821 895 ubi
2867 840 3120 895 videlicet
3166 840 3495 901 sacriﬁcium
3546 841 3844 897 Dominica:

2257 933 2437 988 cmeis
2464 933 2766 1002 impletum,
2800 948 2898 1002 per
2924 948 3114 987 omnes
3146 943 3336 1002 gentes
3373 933 3537 988 fuerit
3577 936 3845 1011 praedica-

2258 1031 2391 1075 tum.
2419 1021 2573 1088 Quod
2621 1032 2837 1087 autem,
2871 1023 3155 1091 sequitur:
3195 1039 3214 1074 ι
3250 1022 3316 1077 Et
3344 1022 3424 1077 sic
3454 1022 3633 1077 omnis
3676 1023 3845 1079 Israel

2254 1110 2437 1167 salvus
2468 1112 2655 1179 fieret;
2708 1132 2727 1165 ι
2777 1113 2878 1167 hoc
2921 1120 3034 1176 est,
3087 1122 3422 1168 revertemur
3448 1114 3515 1167 ad
3556 1129 3673 1168 vos.
3701 1115 3844 1180 Quid

2254 1211 2339 1257 est
2368 1212 2549 1257 autem
2588 1202 2730 1271 quod
2761 1204 2903 1257 aries
2941 1204 3083 1257 inter
3113 1218 3306 1273 vepres
3341 1205 3553 1258 hmrens
3580 1205 3846 1258 cornibus

2255 1293 2558 1358 invenitur,
2587 1294 2677 1362 qui
2711 1309 2807 1362 pro
2853 1294 3002 1348 Isaac
3048 1294 3358 1348 immolatus
3402 1292 3661 1348 oll'ertur?
3694 1294 3841 1348 Crux

2253 1398 2446 1453 nempe
2477 1399 2680 1438 cornua
2710 1385 2901 1450 habet;
2954 1390 3060 1439 duo
3103 1384 3370 1455 siquidem
3417 1384 3560 1455 ligna
3609 1384 3841 1439 invicem

2253 1476 2703 1546 compinguntur,
2731 1485 2784 1529 et
2819 1477 2898 1532 sic
2928 1478 3109 1531 crucis
3136 1477 3370 1546 speciem
3403 1475 3638 1531 reddunt
3666 1494 3680 1529 :
3716 1477 3842 1531 hinc

2253 1576 2336 1621 est
2373 1567 2519 1621 enim
2555 1568 2697 1639 quod
2744 1567 2810 1622 de
2835 1568 3053 1623 Christo
3089 1569 3351 1639 scriptum
3397 1578 3520 1622 est:
3564 1587 3584 1619 ι
3622 1567 3838 1622 Cornua

2252 1664 2380 1710 sunt
2427 1656 2480 1709 in
2526 1655 2781 1711 manibus
2823 1657 2942 1727 ejus
2986 1657 3217 1727 (Habac.
3249 1657 3353 1727 ιιι).
3385 1677 3403 1708 ι
3455 1655 3677 1712 llaarens
3714 1673 3840 1728 ergo

562 1732 976 1836 derevgcstiunt,
1004 1768 1156 1830 patet
1190 1754 1453 1827 profecto,
1480 1752 1605 1823 quia
1631 1750 1773 1807 unde
1796 1749 2150 1820 ingressiouis
2180 1732 2226 1793 Β
2257 1747 2515 1803 cornibus
2544 1746 2707 1811 aries,
2733 1746 2984 1803 Christus
3017 1756 3102 1803 est
3126 1749 3421 1803 cruciﬁxus
3450 1747 3593 1802 inter
3622 1749 3839 1805 aculea-

563 1858 744 1913 aditus
767 1862 971 1925 pateat,
1008 1865 1115 1906 non
1142 1854 1460 1918 agnoscunt.
1494 1842 1590 1898 Vel
1614 1843 1739 1913 quia
1769 1842 1965 1896 ostium
1995 1840 2151 1896 Chri-

565 1957 686 2004 stus
715 1955 834 2010 est,
863 1945 1006 2000 sicut
1034 1943 1148 2012 ipse
1173 1939 1305 1995 dicit
1337 1956 1350 1991 z
1409 1955 1430 1988 ι
1461 1936 1572 2006 Ego
1594 1950 1713 1989 sum
1740 1934 1942 1989 ostium
1964 1931 2147 2003 (Joan.

562 2038 645 2109 χ).
688 2057 706 2090 ι
754 2035 855 2104 Qui
888 2034 1165 2091 Christum
1203 2028 1549 2101 exigentibus
1585 2025 1823 2096 peccatis
1860 2024 2138 2088 amittunt,

560 2128 719 2200 quasi
740 2128 947 2182 intrare
975 2123 1280 2180 caelestium
1304 2121 1502 2177 civium
1530 2118 1896 2174 habitaculum
1918 2116 2149 2187 possint,

560 2220 760 2276 ostium
801 2232 911 2273 non
961 2216 1262 2271 inveniunt.
1308 2213 1365 2268 In
1405 2210 1693 2281 reprobum
1750 2224 1880 2280 ergo
1927 2222 2148 2264 sensum

561 2309 743 2364 traditi
770 2318 917 2373 sunt,
959 2306 1105 2377 quia,
1137 2303 1266 2358 dum
1289 2310 1476 2358 reatus
1498 2301 1581 2355 sui
1605 2300 1816 2370 pondus
1837 2301 1889 2352 in
1917 2296 2150 2368 proprias

562 2399 765 2454 mentis
792 2406 995 2453 statera
1026 2392 1211 2451 subtili
1242 2391 1679 2448 consideratione
1708 2405 1817 2444 non
1848 2390 2146 2452 trutiuaat,

561 2490 940 2562 gravissimam
960 2486 1159 2559 plumbi
1187 2499 1419 2540 massam
1440 2497 1740 2553 pennarum
1760 2480 1998 2536 inanium
2027 2480 2151 2535 levi-

560 2591 731 2637 tatem
760 2588 973 2650 putant.
1007 2578 1166 2645 Quod
1199 2591 1329 2648 ergo
1363 2575 1470 2630 illic
1500 2572 1702 2627 dicitur
1734 2590 1747 2625 :
1800 2591 1817 2623 ι
1855 2572 2151 2627 Percusse-

562 2680 693 2727 runt
716 2686 830 2736 eos,
858 2670 950 2739 qui
977 2667 1110 2724 foris
1134 2675 1313 2732 erant,
1358 2664 1604 2720 excitate
1628 2680 1643 2729 ;
1685 2683 1706 2717 ι
1740 2665 1844 2719 hoc
1869 2663 1979 2734 90
2005 2664 2148 2733 Apo-

563 2761 735 2817 stolus
764 2758 1049 2815 manifeste
1071 2758 1334 2822 declarat,
1361 2772 1485 2811 eum
1516 2755 1648 2810 dicit
1674 2773 1687 2809 :
1725 2774 1744 2807 σ
1781 2754 2027 2810 Tradidit
2053 2769 2148 2810 eos

558 2852 705 2906 Deus
751 2850 804 2903 in
842 2849 1131 2918 reprohum
1175 2862 1414 2903 sensum.
1445 2865 1466 2898 ι
1511 2845 1580 2900 Et
1620 2844 1764 2914 quod
1795 2844 1904 2899 illic
1928 2845 2149 2913 subjun-

559 2941 747 3012 gitur:
789 2959 806 2990 I
845 2938 915 2995 lit
940 2934 1138 2993 ostium
1165 2937 1410 2993 invenire
1442 2950 1547 2990 non
1573 2945 1827 3004 possent;
1864 2954 1884 2987 ι
1920 2934 2022 2988 hoc
2044 2935 2148 2991 isto

546 3038 812 3099 patenter
853 3029 1104 3099 exponit,
1153 3043 1274 3082 cum
1306 3028 1425 3081 ait:
1462 3045 1482 3079 ι
1533 3025 1604 3080 Ut
1635 3024 1844 3081 faciant
1887 3040 2007 3094 qua:
2037 3040 2143 3079 non

563 3085 893 3180 conveniunt
924 3085 1120 3191 ⁸(Βιιιιι.
1150 3119 1232 3190 ι);
1284 3138 1303 3172 ο
1353 3134 1419 3174 ac
1460 3118 1506 3173 si
1552 3117 1792 3183 diceret,
1830 3124 1889 3170 ut
1938 3114 2147 3173 intrare
2172 3085 2218 3148 ε

560 3222 794 3279 tentent,
825 3212 966 3269 unde
989 3226 1099 3266 non
1128 3211 1347 3267 debent.

792 3358 797 3363 .
1136 3302 1363 3359 CAPUT
1403 3301 1570 3358 XXV.

767 3398 833 3453 In
860 3412 1095 3452 sermone
1119 3397 1182 3450 de
1204 3397 1493 3450 intentione
1516 3405 1712 3451 sancta:
1745 3396 1937 3451 crucis.

629 3490 902 3545 Abraham
931 3489 1059 3543 dum
1090 3485 1370 3542 immolare
1391 3485 1503 3539 Deo
1539 3486 1707 3539 ﬁlium
1739 3486 1925 3551 voluit,
1949 3495 2144 3542 cuncta

558 3594 697 3649 pene
726 3593 823 3649 per
861 3578 1107 3633 ordinem
1145 3576 1414 3646 passionis
1440 3574 1644 3630 Christi
1688 3586 2028 3633 sacramenta
2071 3579 2146 3632 εἰα-

560 3672 766 3740 gnavit.
813 3669 966 3724 Sicut
988 3669 1133 3724 enim
1175 3668 1477 3732 Abraham,
1512 3668 1604 3737 qui
1629 3677 1777 3737 pater
1799 3670 2034 3724 excelsus
2064 3671 2143 3725 di-

560 3762 723 3825 citur,
755 3760 974 3814 unicum
1019 3768 1076 3813 et
1123 3757 1377 3812 dilectum
1424 3756 1595 3810 ﬁlium
1633 3755 1831 3812 offerre
1879 3757 1990 3813 Deo
2035 3776 2141 3814 non

558 3848 852 3915 dubitavit;
884 3848 956 3902 ita
986 3856 1043 3903 et
1069 3863 1314 3903 summus
1352 3846 1516 3901 Pater
1556 3847 1896 3918 unigenitum
1945 3848 2140 3904 Filium

556 3956 658 4012 pro
694 3940 850 3996 nobis
876 3939 1127 3994 omnibus
1158 3937 1398 3994 tradidit.
1441 3937 1509 3991 Et
1535 3938 1677 3993 sicut
1714 3938 1863 3994 Isaac
1891 3939 2006 4010 ipse
2037 3940 2142 3996 sibi

557 4034 701 4105 ligna
726 4033 995 4103 portavit,
1033 4032 1228 4102 quibus
1267 4039 1387 4086 erat
1413 4031 1767 4102 imponendus
1793 4030 1943 4098 (Cen.
1971 4035 2138 4099 xxu);

557 4125 633 4180 ita
658 4139 872 4196 quoque
898 4125 1145 4180 Christus
1170 4123 1351 4179 crucis
1381 4138 1491 4178 sua:
1535 4124 1769 4194 gestavit
1800 4125 1852 4178 in
1900 4126 2142 4181 humeris

550 4218 787 4289 lignum,
826 4216 877 4271 iu
900 4232 1007 4286 quo
1030 4224 1151 4271 erat
1177 4232 1276 4286 pro
1305 4225 1490 4270 nostra
1519 4215 1693 4271 salute
1716 4231 1995 4285 passurus.
2029 4219 2143 4273 Duo

556 4316 740 4361 autem
772 4305 913 4361 servi
960 4305 1033 4359 illi
1064 4304 1253 4374 procul
1282 4304 1493 4360 dimissi
1532 4302 1749 4360 Judreos
1797 4306 2137 4377 signiﬁcant;

556 4399 651 4466 qui
682 4411 803 4454 cum
831 4397 1100 4453 serviliter
1127 4398 1375 4451 viverent
1416 4406 1471 4452 et
1517 4398 1811 4453 carnaliter
1853 4408 2138 4467 saperent,

556 4504 666 4543 non
710 4487 1093 4542 intellexerunt
1136 4486 1456 4541 altissimam
1506 4486 1867 4540 humilitatem
1899 4487 2138 4551 Christi,

557 4588 722 4648 atque
747 4577 868 4633 ideo
895 4577 1258 4634 ascenderunt
1284 4576 1337 4631 in
1380 4584 1640 4641 montem,
1689 4576 1865 4630 locum
1890 4576 2142 4632 videlicet

557 4670 833 4727 sacriﬁcii.
867 4667 978 4725 Cur
1007 4675 1189 4722 autem
1230 4665 1337 4720 duo
1360 4666 1525 4730 servi,
1558 4666 1660 4720 nisi
1691 4666 1841 4736 quia,
1874 4676 2139 4736 peccante

558 4761 851 4816 Salomone
877 4800 892 4823 ,
923 4774 991 4815 ex
1032 4774 1138 4814 una
1167 4756 1467 4813 Israelitica
1504 4756 1661 4827 plebe
1708 4759 1815 4813 duo
1843 4757 1972 4814 facti
2013 4769 2139 4815 sunt

556 4853 780 4925 populi?
806 4850 925 4924 (ill
954 4850 1081 4922 Reg.
1129 4850 1232 4922 ιι.)
1259 4848 1465 4916 Quibus
1488 4848 1671 4917 utique
1701 4863 1841 4917 saepe
1868 4864 1966 4919 per
2008 4847 2138 4904 Pro-

554 4944 777 5013 phetam
809 4941 1045 4998 dicitur:
1083 4958 1100 4992 ι
1139 4937 1489 4994 Adversatrix
1534 4937 1702 4993 lsrael
1740 4947 1795 4992 et
1824 4939 2144 5007 praevarica-

557 5034 665 5088 trix
694 5030 831 5087 Juda
874 5030 1007 5099 (λεν.
1044 5030 1148 5101 ιιι).
1183 5046 1203 5082 ι
1256 5027 1457 5083 Asinus
1490 5038 1672 5082 autem
1702 5027 1791 5083 ille
1815 5070 1830 5094 ,
1881 5043 1988 5098 quo
2015 5038 2144 5085 tunc

555 5128 814 5181 utebatur
854 5123 1154 5189 Abraham,
1203 5122 1480 5177 insensata
1519 5129 1637 5174 erat
1664 5119 1894 5175 stultitia
1936 5118 2144 5178 Iudaeo-

557 5233 716 5283 rum;
769 5215 862 5271 illa
904 5215 1064 5286 plane
1108 5216 1265 5270 bruta
1301 5213 1530 5269 stultitia
1576 5212 1757 5268 omnia
1803 5226 2145 5269 sacramenta

557 5309 843 5377 portabat;
889 5323 1008 5377 qua:
1037 5315 1216 5362 tamen
1264 5306 1392 5376 quid
1436 5306 1620 5369 ferret,
1652 5305 1800 5361 velut
1832 5306 2146 5361 irrationale

557 5401 761 5455 animal
792 5401 1093 5470 ignorabat.
1139 5399 1259 5455 Jam
1297 5414 1425 5455 vero
1468 5398 1599 5470 quid
1644 5408 1727 5454 est
1756 5399 1898 5468 quod
1939 5399 2141 5454 dictum

557 5494 639 5550 eis
667 5501 752 5548 est
780 5509 793 5545 :
826 5511 844 5544 ι
879 5493 1201 5562 Exspectate
1244 5492 1333 5547 hic
1357 5506 1481 5547 cum
1508 5491 1695 5558 asino;
1726 5501 2013 5562 postquam
2042 5507 2140 5546 au-

559 5594 668 5640 tem
693 5581 1117 5647 adoraverimus,
1134 5590 1470 5637 revertemur
1497 5581 1565 5636 ad
1591 5581 1731 5636 vos?
1756 5578 1906 5651 (Cen.
1935 5582 2094 5653 xxu.)
2114 5602 2133 5634 ι

557 5676 697 5736 Audi
730 5675 1044 5747 Apostolum
1082 5694 1094 5730 :
1139 5695 1158 5727 ι
1207 5674 1464 5741 Caecitas,
1515 5675 1722 5746 inquit,
1770 5692 1835 5732 ex
1882 5686 2037 5746 parte
2082 5678 2137 5732 in

2256 1846 2337 1891 tas
2362 1843 2418 1891 et
2459 1834 2742 1889 rtdniﬁcas
2794 1834 3102 1891 .ludzeorum
3143 1837 3479 1906 iniquitates.
3525 1835 3681 1890 Sicut
3730 1837 3841 1906 ipse

2253 1939 2352 1995 per
2394 1922 2688 1979 Jeremiam
2739 1927 3120 1995 conqueritur,
3179 1926 3405 1980 dicens:
3440 1944 3459 1975 ι
3500 1924 3685 1995 Spinis
3714 1942 3837 1996 pec~

2253 2024 2499 2072 calorum
2520 2032 2742 2072 suorum
2766 2018 3120 2073 circumdedit
3141 2034 3227 2073 me
3250 2018 3481 2088 pOpulus
3500 2034 3655 2073 meus
3682 2019 3791 2073 hic.
3815 2040 3834 2071 ι

2252 2106 2480 2163 Peracto
2507 2108 2777 2164 sacriﬁcio
2809 2109 3009 2164 dicitur
3036 2110 3271 2164 Abrahae
3300 2128 3314 2163 :
3348 2130 3364 2160 ι
3404 2110 3458 2163 ιιι
3504 2111 3715 2165 semine
3744 2120 3836 2166 tuo

2250 2199 2643 2256 benedicentur
2682 2216 2874 2258 munes
2903 2211 3093 2272 gentes
3144 2201 3295 2273 (Gen.
3330 2209 3488 2273 χιιι).
3530 2222 3548 2255 ι
3598 2203 3668 2258 Et
3697 2214 3838 2275 post-

2251 2306 2414 2361 quam
2466 2292 2729 2347 Dominus
2758 2293 2935 2350 dicit:
2969 2313 2987 2343 ι
3023 2292 3297 2348 Fuderunt
3341 2309 3536 2348 manus
3588 2310 3742 2349 meas
3785 2305 3837 2350 et

2251 2382 2416 2452 pedes
2442 2397 2623 2449 meos;
2657 2402 2675 2434 ι
2707 2383 2864 2453 paulo
2894 2392 3015 2453 post
3039 2384 3091 2437 in
3121 2384 3310 2440 eodem
3332 2383 3541 2453 psalmo
3571 2385 3831 2454 subjecit:

2259 2489 2278 2522 ι
2318 2472 2756 2526 Reminiscentur
2783 2482 2837 2527 et
2866 2481 3256 2529 convertentur
3295 2474 3360 2528 ad
3399 2472 3686 2527 Dominum
3712 2475 3835 2527 uni-

2251 2564 2394 2617 versi
2420 2561 2560 2618 ﬁnes
2608 2574 2805 2629 terrm,
2852 2574 2908 2618 et
2951 2565 3256 2621 adorabunt
3306 2564 3358 2617 in
3401 2575 3693 2633 conspectu
3721 2566 3834 2637 ejus

2250 2668 2439 2707 onmes
2456 2653 2647 2724 patria:
2665 2655 2909 2725 gentium
2932 2670 2946 2709 :
2965 2654 3227 2722 Quoniam
3254 2654 3464 2709 Domini
3479 2665 3562 2710 est
3589 2672 3833 2725 regnum,

2249 2755 2304 2800 et
2340 2747 2454 2816 ipse
2490 2746 2861 2803 dominabitur
2889 2748 3131 2819 gentium
3174 2744 3355 2820 (Psal.
3398 2749 3545 2819 nt).
3593 2769 3612 2800 ι
3645 2750 3832 2807 Oblatu

2250 2840 2433 2908 itaque
2459 2839 2732 2894 Abraham
2767 2841 2910 2905 ﬁlio,
2939 2852 2993 2895 et
3021 2841 3126 2911 91
3173 2858 3282 2913 pro
3316 2856 3382 2898 eo
3433 2843 3608 2897 ariete
3638 2845 3826 2899 immo-

2248 2931 2378 2999 lato,
2411 2933 2702 3005 appellavit
2726 2950 2921 2989 nomen
2946 2935 3047 2989 loci
3077 2936 3254 2990 illius:
3292 2954 3309 2999 ς
3342 2936 3601 2992 Dominus
3626 2938 3788 2992 videt.
3809 2956 3830 2991 ι

2249 3028 2384 3095 Quia
2428 3028 2760 3099 Redemptor
2802 3044 3013 3096 noster,
3071 3042 3354 3101 postquam
3407 3031 3459 3084 in
3512 3046 3609 3084 ara
3657 3033 3835 3086 crucis

2252 3117 2487 3182 oblatus,
2516 3120 2706 3173 mortis
2739 3129 2937 3174 nostrte
2968 3120 3208 3175 debitum
3238 3119 3421 3185 solvit,
3454 3120 3748 3175 videndum
3777 3134 3833 3174 se

2250 3210 2504 3281 deinceps
2535 3210 2769 3264 fidelium
2801 3226 3022 3265 suorum
3049 3210 3327 3265 obtutibus
3371 3210 3620 3279 praebuit,
3668 3220 3729 3263 ut
3756 3210 3836 3263 ni-

2248 3302 2449 3358 mirum
2469 3302 2729 3374 redempti
2756 3318 2947 3358 omnes
2978 3303 3123 3356 illum
3145 3303 3256 3373 jam
3284 3319 3378 3372 per
3406 3303 3564 3357 fidem
3597 3303 3833 3367 videant,

2250 3393 2343 3464 qui
2374 3402 2600 3450 eatenus
2628 3393 2752 3448 fidei
2782 3393 2968 3447 oculos
3000 3409 3103 3447 non
3137 3392 3430 3448 habebant.

2809 3482 3037 3537 CAPUT
3078 3482 3265 3537 XXVI.

2246 3575 2324 3631 De
2348 3575 2444 3630 Lia
2461 3587 2506 3631 et
2525 3576 2740 3641 Rachel,
2762 3579 2817 3631 in
2839 3577 2971 3631 libro
3002 3577 3074 3631 De
3096 3580 3409 3649 perfectione
3430 3580 3829 3633 monachorum.

2317 3664 2485 3720 Porro
2515 3681 2621 3720 nou
2652 3676 2734 3720 est
2777 3668 3066 3721 obscurmn
3100 3669 3241 3737 quod
3290 3668 3474 3721 Laban
3513 3670 3653 3723 duas
3695 3669 3834 3726 ﬁlias

2244 3758 2454 3823 habuit,
2477 3774 2705 3829 quarum
2729 3756 2998 3825 iuniorem
3024 3759 3190 3815 Jacob
3223 3760 3273 3815 in
3297 3762 3602 3831 conjugium
3631 3779 3834 3816 concu-

2241 3853 2406 3922 pivit;
2436 3852 2500 3906 ad
2529 3850 2683 3919 cujus
2732 3862 2910 3907 tamen
2940 3852 3219 3923 amplexus
3266 3856 3547 3923 pervenire
3588 3872 3695 3909 non
3735 3872 3835 3924 po-

2245 3944 2379 4008 tuit,
2430 3944 2601 3998 donec
2651 3942 2914 4010 majorem
2966 3943 3189 4015 ignarus
3233 3954 3397 4015 atque
3443 3945 3578 3999 adeo
3631 3947 3836 4000 invitus

2244 4035 2452 4105 accepit
2474 4033 2627 4106 (Cen.
2659 4036 2831 4105 xxxx).
2861 4034 2966 4090 Sed
2991 4036 3117 4103 quia
3148 4051 3261 4090 rem
3291 4036 3534 4090 scienlih-
3561 4052 3586 4090 s
3614 4036 3832 4105 Ιιψιοι.

2243 4141 2351 4181 non
2405 4126 2535 4179 mihi
2588 4126 2770 4179 nmltis
2818 4126 3208 4180 elaborandum
3256 4136 3341 4180 est
3383 4128 3582 4181 verbis.
3641 4126 3833 4181 Laban

2243 4216 2727 4287 quippcdealbalio
2760 4217 3182 4287 interpretatur;
3227 4220 3350 4288 quis
3381 4228 3560 4273 autem
3604 4219 3671 4271 ad
3718 4220 3832 4273 Do-

2244 4309 2447 4363 miumn
2496 4309 2871 4376 convertitur,
2920 4309 3021 4365 nisi
3086 4318 3145 4364 ut
3191 4312 3431 4380 deposita
3481 4320 3831 4379 peccatorum

2243 4400 2523 4470 nigredine
2564 4414 2660 4468 per
2688 4400 3019 4454 remissionis
3049 4401 3278 4467 gratiam
3322 4401 3633 4453 dealhetur?
3677 4400 3833 4454 Sicut

2248 4491 2363 4561 ipse
2388 4490 2689 4561 pollicetur,
2718 4490 2933 4547 dicens:
2971 4508 2990 4541 ‹
3048 4490 3103 4545 Si
3151 4490 3352 4545 fuerint
3379 4500 3597 4559 peccata
3645 4500 3831 4544 vestra

2247 4583 2401 4651 quasi
2427 4580 2775 4658 vermicplus,
2827 4592 3081 4652 tanquam
3126 4583 3218 4637 nix
3255 4583 3645 4637 dealbahuutur
3691 4582 3828 4653 (lsa.

2250 4671 2310 4743 l).
2343 4693 2360 4725 ι
2397 4672 2551 4742 Quod
2583 4671 2715 4726 felix
2746 4673 2834 4728 ille
2862 4683 3114 4743 peccator
3158 4673 3495 4742 postulabat.
3530 4690 3654 4727 cum
3683 4674 3833 4728 dice-

2245 4772 2331 4818 rct
2361 4782 2373 4817 :
2410 4783 2428 4816 ι
2477 4763 2795 4831 Mundabor,
2825 4765 3031 4820 lavabis
3069 4781 3177 4831 me,
3208 4774 3263 4822 et
3284 4781 3446 4836 super
3472 4768 3652 4821 nivem
3683 4767 3834 4820 deal-

2245 4854 2415 4910 babor
2444 4854 2614 4926 (Psal.
2647 4856 2723 4925 1.).
2761 4876 2779 4909 ι
2820 4856 2915 4914 Lia
2953 4859 3341 4927 interpretatur
3382 4857 3632 4911 laborans
3658 4874 3676 4911 :
3730 4859 3833 4912 Ra-

2246 4945 2384 5009 chel,
2416 4947 2645 5010 verbum,
2691 4948 2807 5002 sive
2853 4950 3016 5002 risum
3060 4950 3390 5020 principium.
3441 4948 3547 5003 Sed
3597 4951 3643 5004 si
3684 4949 3834 5005 Serio

2244 5049 2459 5108 pturam
2512 5041 2794 5111 diligenter
2847 5042 3219 5107 attendimus,
3280 5058 3380 5097 nec
3445 5058 3552 5098 uno
3610 5044 3829 5113 quidem

2247 5130 2334 5184 die
2362 5131 2596 5186 servisse
2630 5129 2799 5187 Iacob
2840 5143 3063 5203 propter
3109 5133 3218 5187 Lize
3253 5133 3579 5187 desiderium
3628 5135 3829 5202 reperi-

2247 5236 2406 5286 mus;
2455 5222 2548 5276 sed
2581 5237 2677 5291 per
2705 5230 2846 5278 totas
2876 5223 2994 5278 illas
3028 5239 3291 5278 annorum
3337 5224 3708 5279 hebdomadas
3735 5238 3831 5293 pro

2249 5312 2363 5367 sola
2408 5312 2613 5369 Ilachel
2656 5316 2902 5370 servituti
2942 5316 3255 5386 subjacuit;
3291 5316 3511 5385 insuper
3552 5325 3611 5369 et
3656 5316 3828 5386 ipsam

2249 5403 2399 5459 Liam
2427 5405 2493 5459 ad
2518 5406 2662 5460 illius
2691 5406 2941 5460 intuitum
2970 5407 3239 5461 toleravit.
3276 5407 3407 5474 Quis
3447 5407 3593 5461 enim
3626 5407 3693 5461 ad
3727 5407 3830 5466 De:

2244 5497 2448 5550 minum
2482 5496 2683 5552 idcirco
2716 5500 3066 5562 convertitur,
3099 5509 3157 5553 ut
3181 5498 3415 5562 labores,
3450 5507 3507 5553 et
3533 5513 3830 5563 aerumnas,

2242 5603 2306 5642 ac
2339 5588 2692 5643 tentationum
2717 5590 3009 5644 certamina
3042 5590 3311 5659 patiatur?
3338 5588 3527 5644 OJiIlia
3558 5589 3703 5641 enim
3727 5586 3829 5640 Do-

2242 5679 2445 5734 minum
2468 5680 2759 5750 quaerentis
2780 5680 3008 5736 intentio
3029 5682 3132 5736 hoc
3152 5693 3352 5753 sperat,
3379 5682 3445 5734 ad
3468 5682 3569 5734 hoc
3595 5688 3826 5750 spectat,
