4078 6336
301 314 440 373 1003

1579 302 1646 358 IN
1683 302 1884 358 LIBRU
1899 303 1944 355 al
1985 301 2294 357 GENESIS.

3433 301 3571 357 l006

298 444 362 492 ut
385 434 455 490 ad
483 432 724 502 requiem
765 429 1088 499 quandoque
1139 424 1451 495 perveniat;
1481 431 1535 477 et
1581 423 1634 476 in
1666 436 1889 476 summa:
1921 425 1967 479 A
1995 403 2156 486 atque
2188 426 2248 471 ut
2269 415 2448 471 omnia
2476 412 2847 485 spiritualibus
2872 413 3239 485 intelligantur
3276 415 3579 472 redundare

296 519 774 592 contemplationis
823 517 1053 585 gaudio,
1104 514 1252 569 velut
1299 514 1352 566 in
1395 511 1634 582 pulchra:
1682 510 1887 565 Rachel

298 617 634 688 amplexibus
663 614 988 684 requiescat,
1016 609 1268 664 videlicet
1297 618 1356 662 ut
1376 623 1472 677 per
1492 606 1715 660 verbum
1745 605 1886 672 quod

297 711 466 771 audit,
500 707 757 763 ascendat
790 706 857 759 ad
886 702 1176 758 videndum
1207 699 1532 771 principium
1576 699 1716 766 quod
1749 712 1888 765 qure-

297 801 443 856 sivit.
482 798 589 853 Sed
626 809 852 850 necesse
872 801 957 848 est
985 802 1044 846 ut
1072 793 1216 846 hunc
1259 790 1599 844 diversorum
1633 787 1886 842 certami-

300 909 426 948 num
477 891 628 944 lahor
657 896 944 948 exerceat,
989 894 1279 952 antequam
1325 881 1392 934 ad
1434 879 1634 950 quietis
1682 878 1886 932 intima:

297 981 642 1041 suavitatem,
675 991 834 1046 quam
865 973 1219 1041 concupiscit,
1251 971 1498 1040 attingat.
1524 969 1680 1022 Prius
1711 967 1886 1022 servi--

298 1083 413 1128 tute
459 1070 822 1140 deprimitur,
866 1075 925 1120 ut
959 1064 1086 1132 jure
1131 1064 1472 1134 postmodum
1520 1061 1586 1116 ad
1632 1061 1886 1129 perlecta:

297 1161 562 1216 libertatis
590 1159 779 1212 titulos
809 1156 1155 1227 provehatur.
1197 1153 1419 1224 Septem
1447 1166 1576 1204 vero
1603 1150 1761 1204 annis
1785 1151 1886 1204 sub

300 1251 656 1308 dcalbationis
685 1249 855 1320 gratia
902 1247 1100 1310 servit,
1132 1261 1256 1300 cum
1287 1255 1489 1314 septem
1521 1257 1615 1307 ea,
1656 1257 1777 1311 quae
1818 1242 1884 1294 ad

299 1343 530 1415 proximi
587 1339 934 1395 dilectionem
988 1337 1285 1408 pertinent,
1327 1332 1576 1403 Dccalogi
1631 1331 1883 1385 mandata

300 1432 570 1498 custodit;
624 1430 877 1485 videlicet
930 1437 990 1483 ut
1040 1429 1216 1499 primo
1269 1426 1465 1481 timore
1517 1423 1883 1486 constrictus,

300 1533 464 1594 atque
494 1522 615 1576 ideo
653 1521 936 1574 'servitutis
966 1518 1095 1589 jugo
1125 1514 1431 1588 depressus,
1457 1516 1645 1570 saltem
1675 1530 1704 1569 a
1730 1522 1884 1568 vetu-

300 1625 399 1672 sta:
438 1615 571 1686 legis
615 1613 837 1682 incipiat
882 1611 1175 1675 institutis;
1219 1619 1278 1663 ut
1325 1608 1580 1662 nimirum
1631 1616 1887 1677 parentes

295 1707 550 1771 honoret,
575 1713 632 1759 ut
662 1720 766 1759 non
798 1704 1102 1758 moechetur
1122 1742 1136 1768 ,
1175 1717 1278 1757 non
1316 1701 1560 1764 occidat,
1587 1715 1692 1753 non
1742 1699 1890 1754 fure-

1993 507 2289 580 mysteriis,
2320 508 2556 577 ipsarum
2599 522 2813 576 quoque
2860 507 3181 562 ancillarum
3233 509 3449 563 nomina
3478 511 3577 564 sub

1992 600 2240 671 mysticis
2271 608 2395 654 sunt
2437 599 2781 668 pronuntiata
2833 598 3036 669 ﬁguris.
3068 598 3202 652 Nam
3242 600 3368 653 Bala
3415 602 3576 655 inter-

1991 698 2237 757 pretatur
2295 689 2599 741 inveterata.
2649 687 2792 741 Sane
2851 689 2976 758 quia
3031 689 3364 744 intellectum
3410 691 3574 759 spiri-

1992 779 2152 835 tualis
2184 779 2500 834 substantia:
2532 779 2688 832 nudis
2711 779 2889 832 verbis
2912 779 3146 832 luunana
3179 779 3356 850 lingua
3390 781 3579 849 nequit

1990 871 2315 940 exprimere,
2347 868 2670 939 quandoque
2695 867 2938 923 doctrina
2971 869 3252 939 sapientiae
3279 884 3375 938 per
3413 885 3578 940 quas-

1990 962 2111 1016 dam
2142 976 2432 1031 corporeas
2476 959 2862 1014 similitudines
2906 960 3213 1015 audientem
3260 961 3451 1015 nititur
3498 962 3581 1016 in-

1989 1048 2246 1105 formare.
2287 1050 2362 1104 De
2396 1050 2564 1103 veteri
2606 1059 2791 1103 autem
2830 1050 2941 1104 vita
2973 1059 3028 1104 et
3054 1051 3364 1107 carnalibus
3398 1053 3576 1108 sensi-

1988 1141 2138 1196 sibus
2165 1142 2364 1206 dedita,
2395 1157 2672 1210 corporeae
2694 1142 3002 1212 cogitantur
3030 1142 3314 1212 imagines;
3346 1159 3572 1214 quarum

1988 1233 2242 1288 videlicet
2272 1234 2337 1288 ad
2368 1234 2668 1288 docendum
2699 1251 2830 1289 usus
2862 1237 3189 1301 assumitur,
3222 1253 3342 1291 cum
3375 1239 3575 1308 aliquid

1989 1339 2054 1378 ex
2084 1324 2612 1394 iucomprehcnsibili
2640 1335 2692 1380 et
2723 1327 3151 1381 iacommutabili
3183 1332 3416 1382 essentia
3441 1328 3577 1382 divi-

1988 1415 2181 1470 nitatis
2211 1416 2451 1470 auditur.
2476 1416 2684 1471 Rachel
2714 1418 2898 1487 itaque
2925 1417 3114 1472 maluit
3141 1427 3413 1488 utcunque
3441 1419 3578 1474 ﬁlios

1988 1521 2054 1561 ex
2087 1506 2281 1560 ancilla
2327 1506 2626 1575 suscipere,
2673 1523 2834 1576 quam
2879 1507 3099 1562 omnino
3130 1509 3332 1563 sterilis
3363 1525 3577 1579 perma-

1988 1614 2139 1652 nere.
2181 1598 2317 1664 Quia
2358 1599 2604 1652 doctrina
2649 1599 2929 1669 sapientiae
2975 1601 3089 1655 sive
3126 1601 3300 1670 gratia
3331 1612 3579 1657 contem-

1988 1691 2242 1760 plationis
2289 1707 2386 1762 per
2429 1691 2762 1746 exteriorum
2813 1691 3094 1746 scientiam
3146 1691 3227 1746 vel
3280 1693 3572 1748 visibilium

299 1809 411 1862 tur,
440 1813 544 1852 non
574 1795 764 1849 falsum
798 1794 1167 1849 testimonium
1201 1792 1472 1862 proferat,
1522 1807 1625 1845 non
1657 1804 1882 1846 uxorem

1989 1797 2169 1835 rerum
2213 1783 2419 1836 formas
2447 1782 2784 1838 auditoribus
2825 1783 3038 1836 intimat
3064 1783 3324 1853 quidquid
3354 1784 3418 1838 de
3447 1785 3577 1837 visi-

299 1891 543 1956 alterius,
572 1904 680 1944 non
708 1902 820 1942 rem
853 1887 1084 1958 proximi
1111 1885 1459 1955 concupiscat
1489 1883 1683 1953 (Exod.
1714 1884 1826 1952 xx).

369 1981 574 2048 Quibus
606 1979 711 2033 rite
742 1978 972 2032 servatis
993 2017 1007 2039 ,
1039 1991 1143 2029 non
1187 1991 1309 2029 mox
1336 2016 1350 2037 ,
1381 1984 1440 2028 ut
1481 1974 1768 2044 sperabat,
1817 1975 1884 2028 ad

297 2069 772 2141 contemplationis
818 2069 1214 2122 oblectamenta
1244 2066 1600 2138 perdueitur,
1649 2074 1707 2118 ut
1738 2065 1886 2119 velut

297 2171 611 2234 exspectata
639 2162 726 2215 diu
761 2160 961 2214 Rachel
993 2159 1394 2229 pulchritudine
1425 2156 1755 2226 perfruatur.
1791 2158 1886 2212 sed

297 2252 394 2307 Lia
423 2251 521 2304 sibi
548 2266 642 2321 per
672 2258 883 2303 noctem
917 2249 1192 2318 inopinate
1215 2248 1565 2316 supponitur;
1592 2248 1716 2316 quia
1748 2248 1887 2302 inter

295 2343 547 2396 humana:
591 2340 750 2409 hujus
792 2339 1110 2409 ignorantia:
1155 2340 1406 2393 tenebras
1454 2338 1738 2392 tolerantia
1782 2340 1882 2394 sibi

296 2434 499 2488 laboris
546 2431 867 2501 iniungitur,
903 2449 966 2486 ex
1010 2447 1114 2502 qua
1161 2442 1340 2486 tamen
1382 2429 1495 2498 jam
1543 2447 1884 2486 numerosam

297 2523 540 2577 sobolem
573 2523 839 2590 suscipit;
890 2523 1010 2590 quia
1057 2523 1251 2576 uberes
1291 2522 1590 2591 spiritualis
1626 2521 1759 2576 latri
1791 2538 1887 2592 per

300 2615 444 2667 hunc
487 2613 725 2666 laborem
779 2612 988 2665 fructus
1034 2612 1286 2681 acquirit.
1342 2611 1492 2668 llanc
1541 2613 1723 2681 itaque
1754 2613 1886 2668 tole-

299 2703 501 2767 rando,
552 2702 618 2755 ad
670 2701 814 2755 illam
863 2702 1186 2772 quandoque
1229 2702 1338 2772 92
1379 2705 1688 2772 perveniet,
1723 2717 1884 2773 quam

299 2803 709 2862 perseveranter
741 2799 907 2844 amat.
942 2791 1211 2845 Suadetur
1239 2809 1388 2862 ergo,
1434 2801 1491 2846 ut
1513 2793 1651 2848 alios
1680 2803 1883 2864 Septem

300 2898 474 2936 armos
503 2882 707 2936 servire
731 2881 955 2937 desudet
981 2899 996 2948 ;
1031 2883 1156 2951 quia
1183 2883 1422 2953 profecto
1443 2900 1665 2939 necesse
1696 2893 1796 2950 εει,
1829 2894 1886 2942 ut

300 2972 480 3026 adhuc
510 2972 613 3024 alia
643 2981 846 3041 septem
872 2963 1140 3042 przecepta
1175 2984 1490 3042 conservet,
1523 2976 1618 3030 sed
1639 2974 1753 3042 jam
1787 2976 1884 3030 ali-

297 3063 516 3132 quando
558 3061 798 3125 liberior,
834 3078 939 3130 non
981 3062 1171 3132 legalia
1217 3072 1472 3133 tanquam
1522 3080 1738 3132 servus,
1790 3067 1883 3122 sed

1987 1873 2188 1928 bilibus
2237 1873 2379 1927 intra
2429 1889 2626 1928 arcana
2674 1876 2871 1928 mentis
2918 1876 3188 1941 occultat;
3217 1887 3269 1930 ct
3317 1878 3396 1932 sic
3431 1893 3568 1947 quo-

1989 1965 2277 2019 dammodo
2302 1981 2400 2035 per
2433 1965 2685 2020 ancillam
2716 1966 2854 2021 ﬁlios
2887 1968 3106 2037 accipit,
3155 1970 3278 2023 dum
3310 1986 3406 2040 per
3431 1987 3572 2035 eam,

1987 2071 2106 2124 qua:
2135 2057 2234 2110 sub
2255 2071 2313 2111 se
2337 2066 2420 2111 est
2441 2057 2747 2122 scientiam,
2773 2058 3082 2128 Spirituales
3111 2059 3221 2115 Deo
3245 2061 3380 2115 ﬁlios
3411 2063 3574 2132 parit.

1989 2148 2187 2218 Zelpha
2237 2165 2367 2204 vero
2408 2149 2797 2219 interpretatur
2826 2168 2880 2204 os
2909 2153 3082 2206 hians.
3117 2151 3243 2207 Ihec
3275 2154 3438 2223 igitur
3479 2170 3577 2208 an-

1987 2238 2109 2292 cilla
2147 2239 2264 2294 illos
2312 2239 2532 2307 ﬁgurat,
2567 2257 2794 2310 quorum
2836 2243 2887 2296 in
2917 2243 3301 2311 prmdicatione
3333 2260 3571 2315 evange-

1987 2331 2104 2385 licze
2133 2333 2253 2387 lidci
2283 2349 2342 2387 os
2373 2335 2589 2401 quidem
2621 2336 2765 2398 hiat,
2809 2336 2900 2390 sed
2929 2353 3022 2391 cor
3050 2353 3154 2391 non
3186 2340 3326 2404 hiat;
3362 2341 3428 2394 de
3457 2341 3576 2410 qui-

1986 2423 2086 2476 bus
2117 2423 2367 2478 videlicet
2390 2425 2650 2493 scriptum
2682 2435 2762 2480 est
2792 2445 2804 2479 :
2841 2447 2858 2476 ‹
2905 2427 3139 2498 Populus
3167 2429 3255 2484 hic
3287 2430 3446 2483 labiis
3490 2447 3576 2486 me

1988 2513 2218 2567 honorat
2243 2554 2257 2578 ,
2291 2529 2386 2568 cor
2436 2524 2618 2568 autem
2645 2531 2834 2570 eorum
2868 2517 3022 2587 longe
3065 2530 3145 2575 est
3178 2535 3207 2572 a
3253 2536 3336 2574 me
3359 2520 3570 2592 (Manli.

1989 2606 2077 2672 xv)
2107 2621 2120 2668 ;
2153 2624 2170 2656 ι
2198 2604 2305 2674 93
2334 2615 2388 2660 et
2413 2605 2479 2659 de
2504 2608 2699 2676 quibus
2740 2609 3028 2680 Apostolus
3055 2629 3067 2665 :
3106 2631 3124 2662 ι
3159 2613 3259 2679 Qui
3290 2614 3572 2683 prtedicas,

1987 2695 2182 2764 inquit,
2214 2712 2319 2751 non
2353 2697 2660 2762 furandum,
2689 2699 2888 2755 furaris
2911 2702 3081 2772 (Rom.
3113 2705 3198 2773 tt).
3232 2725 3250 2756 ι
3293 2706 3574 2759 Verumta-

1944 2795 1946 2797 ’
1985 2803 2108 2842 men
2139 2805 2204 2843 ex
2234 2791 2334 2844 bac
2364 2791 2552 2845 ancilla
2587 2793 2829 2848 hmrcdcs
2874 2795 3085 2850 futuros
3133 2799 3266 2851 alios
3312 2797 3405 2852 Lia
3436 2798 3574 2854 ﬁlios

1987 2877 2224 2946 accetiit;
2279 2878 2403 2948 quia
2453 2895 2594 2949 saepe
2649 2883 2812 2935 etiam
2862 2900 2957 2952 per
3009 2885 3140 2939 tales
3191 2888 3574 2955 praedicatores

1988 2969 2160 3047 activa
2194 2971 2298 3024 vita
2333 2971 2531 3027 mullos
2562 2975 2711 3044 regni
2761 2975 2895 3030 ﬁlios
2927 2979 3232 3046 adoptavit;
3263 2979 3330 3035 de
3379 2969 3574 3050 quibus

1988 3060 2200 3116 Veritas
2233 3081 2245 3114 :
2281 3083 2298 3114 ι
2336 3063 2463 3130 Quze
2503 3065 2718 3131 dicunt,
2753 3068 2951 3137 inquit,
3005 3069 3166 3125 facite
3196 3090 3208 3125 :
3243 3089 3362 3142 qua:
3392 3084 3574 3130 autem

297 3131 610 3222 evangelica
641 3154 782 3208 sicut
813 3168 998 3223 gener,
1039 3131 1287 3209 videlicet
1328 3131 1394 3208 in,
1427 3157 1497 3210 sit
1540 3131 1743 3226 pauper-
1777 3158 1885 3228 spi-
1911 3131 1958 3192 (ἶ
1990 3150 2208 3210 faciunt.
2242 3151 2420 3208 facere
2450 3155 2616 3209 nolite
2647 3155 2860 3225 (Matth.
2895 3161 3072 3229 xxltl).
3111 3180 3130 3212 ι
3163 3161 3229 3215 Et
3249 3131 3568 3232 Apostolus:

298 3243 434 3311 ritu,
478 3244 550 3298 sit
595 3243 776 3310 mitis,
822 3245 1020 3314 lugeat,
1052 3247 1276 3310 esuriat,
1310 3246 1568 3316 sitiatque
1591 3246 1880 3315 justitiam,

302 3333 375 3389 sit
416 3334 753 3400 misericors,
799 3337 1058 3390 mundum
1092 3351 1188 3390 cor
1217 3336 1445 3403 habeat,
1490 3338 1562 3393 sit.
1609 3349 1887 3408 postremo

298 3426 558 3496 paciﬁcus
587 3426 804 3497 (Matth.
835 3427 911 3495 v).
944 3427 1256 3494 Enimvero,
1283 3429 1446 3485 vellet
1484 3431 1668 3495 homo,
1699 3433 1743 3487 si
1770 3433 1885 3487 ﬁeri

299 3527 504 3585 posset,
534 3515 707 3572 nullas
733 3516 934 3573 laboris
957 3518 1234 3574 molestias
1257 3521 1486 3590 agendo,
1521 3521 1604 3575 vel
1634 3524 1886 3592 patiendo

299 3605 574 3678 perferre,
624 3607 720 3662 sed
766 3608 1013 3678 protinus
1037 3609 1096 3664 in
1148 3610 1280 3680 ipsis
1323 3611 1405 3665 sui
1459 3611 1694 3666 tirocinii
1741 3613 1886 3667 rudi—

301 3698 502 3753 mentis
549 3699 615 3753 ad
645 3699 884 3769 pulchrae
913 3702 1394 3772 contemplationis
1440 3703 1666 3759 delicias
1701 3719 1891 3774 perve-

303 3787 453 3852 nire;
488 3800 860 3843 verumtamen
896 3791 999 3844 hoc
1023 3807 1127 3845 non
1156 3793 1210 3846 in
1241 3803 1383 3847 terra
1418 3795 1764 3850 morientium
1796 3797 1882 3863 ﬁt,

301 3878 395 3931 sed
444 3877 498 3931 in
549 3887 693 3932 terra
743 3878 1062 3934 viventium.
1118 3881 1270 3947 Quod
1319 3882 1626 3952 signiﬁcare
1675 3886 1888 3941 videtur

301 3969 452 4034 illud,
487 3970 629 4040 quod
659 3972 724 4025 ad
754 3969 920 4027 Jacob
950 3973 1151 4027 dicitur
1181 3989 1197 4027 :
1238 3992 1256 4025 ι
1291 3973 1406 4029 Νοη
1434 3984 1535 4040 est,
1583 3977 1757 4045 inquit
1783 3977 1886 4031 La-

300 4062 431 4126 ban,
476 4063 529 4117 in
570 4063 688 4119 loco
718 4072 907 4119 nostro
935 4066 1363 4133 consuetudinis,
1398 4077 1456 4122 ut
1500 4068 1736 4123 minores
1763 4079 1887 4124 ante

303 4156 584 4210 tradamus
618 4157 686 4211 ad
731 4159 948 4228 nuptias
997 4157 1150 4231 (Gen.
1198 4160 1386 4231 xxxx);
1435 4180 1454 4214 ι
1508 4178 1610 4216 nec
1655 4163 1888 4218 absurde

302 4246 479 4315 major
509 4249 834 4318 appellatur,
869 4267 990 4321 qua:
1021 4253 1172 4320 prior
1200 4261 1284 4307 est
1325 4262 1586 4323 tempore.
1620 4255 1778 4312 Prior
1804 4265 1888 4311 est

302 4340 450 4393 enim
482 4340 537 4393 in
571 4341 806 4395 hominis
833 4342 1140 4397 eruditione
1182 4342 1333 4398 labor
1359 4344 1483 4398 boui
1518 4347 1698 4414 operis
1724 4361 1884 4416 quam

303 4430 518 4498 requies
574 4431 1064 4500 contemplationis.
1123 4433 1364 4503 Expletis
1425 4434 1608 4503 itaque
1676 4435 1884 4492 duabus

304 4523 756 4588 hebdomadibus,
783 4523 955 4579 altera
993 4525 1247 4580 videlicet
1271 4526 1402 4595 legis
1430 4529 1688 4597 antiqua),
1719 4528 1888 4582 altera

303 4614 630 4683 evangelicae
672 4615 876 4687 gratirc,
909 4629 1033 4669 mox
1079 4617 1145 4669 ad
1174 4617 1263 4670 diu
1294 4618 1609 4672 desiderata:
1638 4618 1890 4674 Rachelis

341 4707 619 4761 crvenitur
668 4708 976 4776 amplexus;
1020 4710 1144 4776 quia
1194 4710 1439 4780 quisquis
1472 4713 1780 4781 peningcre
1823 4713 1888 4766 ad

307 4798 499 4852 di‘viure
521 4799 992 4868 contemplationis
1011 4801 1405 4856 oblectamenta
1429 4803 1718 4867 (Ιιδίᾱρτυε,
1742 4806 1893 4875 prius

306 4906 528 4944 necesse
559 4901 640 4945 est
672 4893 951 4961 utriusque
979 4892 1310 4947 Testaaieuti
1343 4911 1601 4966 peragere
1626 4899 1879 4952 mandata

304 4981 614 5034 contendat.

851 5075 1080 5130 CAPUT
1138 5075 1347 5130 XXVII.

592 5165 669 5220 De
703 5165 834 5219 Bala
855 5176 900 5219 et
920 5165 1137 5237 Zelplta,
1167 5169 1222 5220 in
1247 5169 1424 5222 eodem
1452 5168 1605 5222 libro.

379 5257 485 5311 Sed
517 5257 640 5326 quia
675 5257 876 5312 electus
916 5259 1147 5328 quisque
1191 5259 1541 5328 perfectionis
1579 5276 1688 5315 sua:
1719 5261 1888 5316 limite

309 5363 417 5403 non
459 5357 766 5414 contentus,
812 5349 949 5404 ﬁlios
998 5351 1160 5404 etiam
1207 5351 1316 5405 Deo
1363 5351 1582 5420 gignere
1624 5353 1890 5420 spirituali

307 5440 644 5496 fecunditate
695 5441 1000 5506 desiderat,
1055 5450 1342 5512 postquam
1387 5441 1668 5512 conjugale
1715 5442 1891 5498 foedus

308 5531 475 5587 Jacob
501 5549 623 5588 cum
670 5533 876 5588 duabus
903 5534 1180 5590 sororibus
1206 5535 1347 5596 iniit,
1390 5535 1454 5587 ad
1486 5536 1888 5605 propagandum

309 5626 579 5679 uberioris
606 5643 826 5697 germen
860 5627 1060 5681 sobolis
1103 5627 1328 5683 ancillas
1371 5642 1583 5697 quoque
1630 5627 1695 5680 ad
1731 5643 1891 5698 gene-

310 5720 463 5773 randi
520 5736 674 5774 usum
730 5721 1002 5793 suscipere
1065 5737 1172 5777 non
1225 5721 1421 5791 refugit
1472 5719 1652 5793 (Gen.
1694 5720 1887 5792 xxx);

1919 4480 1967 4537 D

1994 3259 2013 3292 ι
2047 3240 2192 3308 Sive,
2223 3244 2419 3314 inquit,
2453 3246 2764 3312 occasione,
2796 3249 2907 3302 sive
2935 3250 3184 3306 Christus
3209 3254 3438 3307 veritate
3473 3271 3572 3309 an—

1988 3334 2308 3401 nuntietur,
2363 3345 2420 3391 et
2473 3337 2528 3390 in
2588 3337 2692 3392 hoc
2750 3339 3000 3408 gaudeo,
3060 3343 3153 3397 sed
3213 3352 3266 3397 et
3331 3345 3573 3415 gaudebo

1989 3423 2207 3494 (Philip.
2242 3425 2301 3496 ι).
2349 3444 2367 3478 ι
2402 3425 2513 3482 Hoc
2548 3437 2728 3483 autem
2775 3430 2828 3483 in
2857 3431 2941 3484 his
2967 3434 3417 3488 considerandum
3454 3451 3574 3492 esse

1986 3516 2408 3584 perpendimus:
2458 3518 2594 3585 Quia
2629 3521 2766 3576 sicut
2793 3521 2960 3578 Jacob
3001 3525 3172 3579 solius
3205 3525 3455 3581 Rachelis
3488 3529 3574 3581 iu-

1991 3606 2124 3660 tuitu
2156 3624 2343 3663 omnes
2373 3609 2494 3665 illas
2524 3611 2778 3668 mulieres
2825 3615 3034 3683 accepit
3060 3657 3074 3678 ,
3111 3631 3174 3670 ex
3209 3617 3406 3686 quibus
3435 3617 3575 3673 ﬁlios

1986 3699 2202 3767 genuit;
2234 3700 2312 3754 sic
2342 3701 2590 3770 quisquis
2623 3704 2724 3757 sub
2768 3704 3124 3760 dealbationis
3155 3709 3329 3777 gratia
3374 3711 3576 3763 consti-

1988 3799 2154 3856 tutus,
2189 3793 2518 3849 fructiﬁcare
2550 3796 2660 3850 Deo
2691 3798 2955 3867 spirituali
3004 3801 3332 3856 fecumlitatc
3367 3803 3577 3857 deside-

1988 3891 2094 3945 rat,
2130 3898 2349 3938 necesse
2383 3895 2466 3938 est
2513 3895 2689 3954 utper
2717 3889 2897 3940 omnia
2929 3905 3048 3957 qua:
3080 3891 3190 3958 agit
3235 3892 3300 3942 ad
3335 3901 3576 3946 conteru-

1985 3972 2240 4042 platiouis
2272 3992 2486 4046 semper
2515 3979 2746 4047 gratiam
2775 3980 2978 4036 tendat.

2525 4087 2754 4144 CAPUT
2805 4089 3039 4146 XXVIII.

1986 4174 2053 4230 In
2084 4178 2300 4244 epistola
2331 4178 2399 4230 ad
2430 4177 2757 4231 Desiderium
2787 4180 3042 4246 abbatem,
3077 4182 3162 4235 ubi
3193 4185 3389 4236 dicitur
3424 4199 3440 4235 :
3468 4185 3575 4239 Cur

2059 4246 2264 4301 Paulus
2306 4249 2374 4300 ad
2417 4249 2686 4301 dexteram
2712 4290 2726 4315 ,
2761 4248 2954 4305 Petrus
3001 4253 3069 4304 ad
3116 4254 3381 4306 sinistram
3414 4257 3465 4308 in
3495 4259 3577 4311 ni-

2055 4329 2204 4371 ctura
2231 4330 2478 4388 ponatur.

2069 4448 2086 4478 ι
2129 4429 2450 4500 Egrediente
2480 4429 2661 4485 anima
2688 4429 2896 4488 Rachel
2936 4449 3045 4504 pra:
3072 4434 3277 4501 dolore,
3315 4446 3369 4491 et
3393 4438 3574 4492 immi-

1991 4527 2154 4572 nente
2190 4519 2300 4588 jam
2331 4530 2526 4585 morte,
2569 4522 2780 4576 vocavit
2806 4539 3001 4578 nomen
3035 4525 3129 4579 ﬁlii
3159 4527 3240 4580 sui
3267 4526 3490 4594 Bcnoui,
3524 4529 3576 4582 id

1993 4620 2073 4666 est
2119 4611 2259 4666 illius
2307 4611 2509 4666 doloris
2553 4613 2692 4680 mei;
2742 4623 2894 4682 pater
2925 4631 3053 4670 vero
3102 4617 3393 4687 appellavit
3451 4634 3574 4672 eum

1997 4705 2272 4774 Beniamin
2299 4745 2312 4770 ,
2365 4705 2417 4762 id
2459 4715 2543 4759 est
2577 4704 2718 4759 illius
2746 4708 2981 4761 dextera:
3010 4707 3165 4777 (Cen.
3201 4708 3386 4779 xxxv).
3421 4729 3439 4761 ι
3475 4709 3578 4762 Per

2000 4797 2195 4851 Rachel
2235 4812 2466 4866 namque
2491 4838 2505 4860 ,
2544 4811 2663 4866 qua:
2690 4798 2796 4851 oris
2837 4799 2918 4851 vel
2963 4801 3130 4854 risum
3158 4800 3470 4868 principith
3499 4801 3578 4853 di-

1996 4888 2158 4952 citur,
2204 4887 2442 4941 Eetlesia
2491 4901 2596 4940 non
2635 4888 2906 4942 immerito
2948 4889 3280 4959 designatur.
3335 4888 3465 4955 Quae
3497 4890 3580 4944 ni-

1998 4979 2194 5035 mirum
2223 4986 2277 5032 et
2306 4979 2370 5034 ad
2409 4980 2581 5032 instar
2625 4981 2741 5033 ovis
2787 4979 3106 5034 innocenter
3155 4981 3326 5045 vivit,
3385 4992 3437 5037 et.
3482 4999 3580 5052 per

1997 5072 2230 5125 studium
2277 5069 2746 5139 contemplationis
2777 5071 2843 5122 ad
2887 5070 3170 5124 videndam
3205 5072 3578 5142 Redemptoris

1998 5165 2078 5219 sui
2097 5164 2330 5232 speciem
2352 5163 2657 5217 medullitus
2679 5163 2989 5217 inardescit.
3010 5164 3109 5230 Qui
3135 5165 3198 5219 de
3213 5181 3269 5218 se
3294 5168 3575 5234 requiren-

1997 5258 2142 5314 tibus
2178 5255 2377 5311 Judaeis
2416 5256 2490 5309 ait
2527 5274 2538 5308 :
2577 5275 2593 5307 ε
2628 5256 2739 5326 Ego
2769 5257 3091 5326 principium
3117 5297 3132 5321 ,
3163 5259 3253 5327 qui
3299 5268 3350 5311 et
3386 5259 3576 5327 loquor

1997 5349 2147 5403 vobis
2165 5348 2343 5413 (Joatt.
2365 5349 2503 5416 vm).
2529 5367 2544 5400 ι
2571 5345 2675 5401 Per
2689 5347 2961 5418 Benjatnitt
2991 5366 3136 5408 vero.
3170 5367 3274 5420 quo
3299 5365 3574 5416 nascente,

1993 5440 2199 5495 Rachel
2223 5449 2392 5494 mater
2417 5439 2704 5506 emoritur,
2732 5441 3044 5511 designatur
3064 5442 3282 5506 Paulus,
3315 5461 3473 5514 quem
3512 5447 3578 5500 de

1993 5529 2574 5598 ejusstirpeexstitisse
2597 5545 2754 5584 nemo
2778 5529 3008 5584 dubitat.
3049 5531 3258 5587 Etbcne
3291 5533 3571 5601 Beujamin

1996 5608 2275 5685 nascente,
2301 5630 2474 5674 mater
2507 5622 2676 5675 emori
2701 5622 2921 5688 dicitur,
2958 5625 3086 5693 quia
3111 5625 3579 5696 appropinquante

1998 5717 2062 5773 ad
2106 5717 2276 5774 lucem
2329 5733 2481 5775 novae
2525 5722 2950 5790 regenerationis
2998 5721 3161 5777 Saulo
3188 5763 3201 5789 ,
3247 5721 3578 5791 persecutio-
