4078 6336
557 251 722 312 ι10οἹ

1508 251 2006 311 COLLECTANEA
2045 249 2110 304 ΙΝ
2146 249 2374 305 VETUS
2405 238 2963 304 TESTAMENTUM.‘

3699 241 3841 298 1008

586 372 1012 432 nibusEcelesia
1058 386 1151 443 per
1177 385 1301 426 eum
1340 368 1577 441 graviter
1616 368 1986 437 impugnatur;
2030 363 2167 418 sicut
2196 367 2242 426 Λ
2273 352 2358 415 illa
2386 361 2511 414 dum
2538 359 2860 414 humanitati
2888 357 3089 413 Christl
3120 355 3369 426 dependit
3397 354 3748 424 obsequium.
3780 357 3849 410 ad

588 468 760 522 Lucas
786 465 838 521 in
867 461 1473 532 Actibus'apostolorum
1502 458 1618 513 ait:
1654 477 1672 510 ι
1709 456 1922 523 Saulus,
1954 456 2158 526 inquit,

585 558 895 615 devastabat
928 555 1365 623 Eccle_siam,per
1382 551 1572 607 domos
1594 551 1824 614 intrans,
1857 556 1911 603 et
1942 548 2161 603 trahens

584 652 749 711 viros,
774 655 828 701 et
855 645 1108 700 mulieres
1132 642 1378 697 tradebat
1400 641 1451 695 in
1485 640 1785 694 custodiam
1814 637 1951 709 (Act.
1984 637 2154 707 νιιι).ι

581 739 827 809 Congrue
859 737 1038 805 itaque
1065 734 1266 789 Rachel
1292 732 1515 794 Benoni,
1554 731 1607 784 id
1637 740 1719 785 est
1763 728 1931 783 ﬁlium
1960 727 2163 782 doloris

580 829 724 893 mei,
771 834 966 890 vocat,
1013 838 1171 895 quem
1205 821 1372 878 Jacob
1406 819 1721 889 Benjamin,
1791 819 1844 874 id
1886 826 1970 874 est
2019 817 2160 872 filius

580 921 815 976 dextera
844 925 1139 987 nuncupat.
1171 914 1307 982 Quia
1327 913 1548 975 Paulus,
1574 911 1665 982 qui
1698 909 1886 965 Matris
1906 907 2160 964 Ecclesia:

580 1010 731 1067 dolor
767 1009 1071 1073 exstiterat,
1116 1004 1207 1076 qui
1238 1019 1358 1060 eam
1389 1000 1784 1073 quodammodo
1809 999 1936 1079 dum
1965 1012 2156 1054 nasce-

579 1108 750 1163 retur,
803 1094 1166 1168 impugnando
1215 1091 1477 1164 peremit,
1534 1105 1566 1144 a
1622 1090 1732 1146 Deo
1796 1088 1960 1144 Patre
2015 1086 2158 1142 filius

545 1256 549 1260 θ
578 1188 814 1243 dexterae
859 1192 942 1241 est
971 1191 1225 1248 vocatus;
1266 1182 1390 1236 dum
1419 1194 1517 1249 per
1546 1193 1667 1234 eum
1713 1176 2158 1248 divinapotentia

581 1279 843 1334 adversus
891 1284 1076 1345 gentes
1100 1313 1114 1338 ,
1144 1272 1297 1342 quasi
1324 1287 1422 1341 per
1450 1269 1644 1325 fortem
1672 1284 1825 1324 suam
1854 1269 2152 1333 dexteram,

580 1368 897 1434 dimicavit,
922 1367 1209 1424 verborum
1233 1365 1414 1436 jacula
1444 1365 1690 1419 valenter
1727 1364 1943 1420 intorsit
1970 1403 1985 1430 ,
2014 1364 2159 1419 salu-

581 1459 709 1515 bres
737 1457 979 1513 eordium
1018 1456 1203 1527 plagas
1242 1453 1462 1520 intulit,
1514 1461 1570 1507 et
1611 1466 1707 1521 per
1760 1467 1883 1507 eum
1931 1450 2156 1507 devictis

578 1556 742 1618 atque
793 1544 1078 1618 prostratis
1107 1544 1372 1612 hostibus,
1419 1556 1540 1597 cum
1579 1540 1746 1611 gloria
1785 1540 2153 1611 triumphavit.

539 1682 543 1685 τ
574 1639 711 1695 Hinc
736 1648 822 1695 est
866 1638 1009 1709 quod
1055 1638 1195 1694 idem
1238 1636 1437 1692 Paulus
1476 1635 1542 1691 ad
1567 1633 1786 1691 Galatas
1812 1633 1889 1688 ait
1920 1652 1933 1688 :
1968 1652 1986 1687 ‹
2018 1634 2152 1690 (lum

2262 447 2559 502 divinitatis
2579 447 2845 515 attingere
2862 445 3059 499 meruit
3081 443 3431 498 intellectum.
3450 442 3541 498 Sic
3566 443 3845 507 nimirum,

2262 537 2340 592 sic
2367 538 2558 592 doctor
2582 535 2866 597 Ecclesiae,
2898 535 3024 589 dum
3064 532 3264 588 Christi
3292 533 3536 587 membra
3574 532 3846 600 custodit,

2262 627 2684 700 contemplandas
2712 627 3011 682 divinitatis
3039 627 3267 695 gratiam
3294 626 3540 696 percipit.

2826 738 3051 795 CAPUT
3102 737 3274 793 XXX.

2508 852 2575 906 In
2620 867 2856 906 sermone
2903 851 2966 904 de
3011 848 3068 904 S.
3096 849 3303 903 Joanne
3332 846 3591 918 Baptista.

2338 960 2358 995 ι
2390 942 2675 998 Descendit
2704 939 2872 996 Judas
2894 940 2947 993 in
2980 939 3255 993 Thamnas
3280 936 3347 991 ad
3387 937 3685 991 tondendas
3712 950 3845 991 oves

2259 1048 2381 1089 cum
2439 1032 2563 1087 [lira
2613 1032 2849 1102 opilione
2896 1028 3089 1100 gregis
3147 1027 3231 1081 sui
3305 1026 3625 1082 Odollamite
3683 1026 3855 1096 (Gen-

2259 1122 2512 1192 xxxvnt).
2548 1140 2566 1174 ι
2601 1120 2875 1175 Thamnas
2905 1126 3084 1173 autem
3122 1108 3368 1185 deﬁciens
3408 1117 3841 1185 interpretatur;

2255 1228 2356 1286 per
2380 1229 2543 1284 quam
2570 1211 2821 1267 videlicet
2848 1209 3167 1280 Synagoga,
3196 1207 3250 1262 in
3289 1222 3395 1276 qua
3432 1221 3589 1277 reges
3623 1214 3680 1261 et
3709 1220 3843 1276 pro-

2241 1305 2433 1375 phetae
2473 1302 2839 1371 defecerant;
2871 1299 3031 1356 simul
3071 1309 3127 1354 et
3172 1298 3380 1363 unctio,
3405 1298 3575 1353 donec
3603 1299 3842 1362 veniret,

2235 1395 2346 1457 .cui
2370 1395 2666 1465 repositum
2700 1400 2839 1458 erat,
2874 1391 3273 1448 ostenderetur.
3311 1388 3466 1445 Unde
3490 1400 3547 1444 et
3570 1404 3670 1459 per
3710 1404 3841 1459 pro-

2256 1489 2474 1559 phetam
2501 1485 2697 1542 dicitur
2725 1499 2739 1538 :
2775 1503 2795 1536 ι
2830 1482 2964 1540 Cum
2995 1482 3205 1538 venerit
3234 1479 3466 1537 Sanctus
3496 1490 3838 1544 sanctorum,

2257 1576 2490 1633 cessabit
2517 1575 2698 1630 unctio
2725 1573 2886 1645 (:Dan.
2920 1573 3019 1638 ix).
3051 1591 3069 1623 ›
3099 1570 3240 1639 Quid
3271 1570 3454 1639 itaque
3484 1585 3582 1639 per
3615 1569 3837 1633 Judam,

2257 1666 2350 1737 qui
2382 1666 2457 1721 ad
2497 1664 2793 1720 tondendas
2833 1677 2962 1720 oves
2994 1663 3050 1717 in
3078 1661 3351 1717 Thamnas
3378 1662 3562 1726 venit,
3598 1662 3702 1716 nisi
3735 1661 3838 1717 Re-

574 1738 757 1826 ³³ιθ¹ἷ¹
801 1727 1120 1800 θοωΡ¹³⁰¹¹ί¹
1152 1729 1200 1784 εί
1233 1727 1370 1826 ’,αυί
1417 1741 1505 1783 me
1552 1724 1858 1826 SFg'egav"
1891 1741 1960 1783 ει
1999 1735 2154 1781 υιετο
2186 1712 2228 1773 ³
2255 1712 3347 1826 igtgi..';.;1;;};..;niga.3};3.11;
3388 1712 3524 1807 ei};
3547 1712 3838 1822 tua}.

572 1820 763 1876 matris
791 1834 943 1885 mete,
988 1827 1043 1874 et
1084 1818 1297 1874 vocavit
1325 1832 1421 1888 per
1447 1816 1682 1889 gratiam
1714 1831 1888 1884 suam,
1915 1825 1976 1872 ut
2002 1831 2153 1873 reve-

542 1916 713 1971 ‘llaret
734 1912 934 1970 Filium
963 1928 1119 1969 suum
1150 1912 1202 1967 in
1230 1926 1314 1967 me
1342 1952 1358 1978 ,
1388 1923 1443 1967 et
1479 1909 1906 1983 evangelizarem
1939 1926 2062 1967 eum
2096 1911 2151 1965 in

544 1994 856 2079 gentibus,
889 2005 1146 2061 continuo
1195 2018 1300 2059 non
1352 2002 1597 2074 acquievi
1637 2001 1786 2057 carni
1825 2009 1881 2057 et
1906 2000 2152 2070 sanguini

573 2097 717 2168 (Gal.
758 2097 821 2169 ι).
852 2116 870 2149 ι
902 2095 1017 2153 Non
1045 2110 1174 2168 ergo
1221 2095 1491 2151 immerito
1523 2094 1664 2149 filius
1691 2093 1929 2148 dextera:
1954 2090 2153 2148 Paulus

571 2196 817 2254 vocatur,
845 2202 942 2259 per
986 2202 1147 2258 quem
1179 2173 1364 2241 omnis
1398 2185 1637 2256 gentium
1683 2183 1969 2240 multitudo
1992 2223 2007 2247 ,
2031 2198 2151 2254 quae

572 2282 638 2337 ad
661 2282 940 2337 dexteram
969 2280 1061 2337 Dei
1106 2279 1353 2351 ponenda
1384 2286 1468 2334 est
1489 2319 1503 2343 ,
1543 2279 1610 2335 ad
1642 2277 1764 2334 fidei
1812 2283 2151 2334 sacramenta

577 2370 866 2442 colligitur.

1061 2455 1173 2533 θῇ,
1208 2457 1434 2515 CAPUT
1473 2457 1663 2513 XXIX.

569 2563 652 2617 Ad
676 2563 1001 2621 Desiderium
1024 2565 1285 2633 abbatem,
1307 2575 1363 2620 ut
1389 2573 1531 2620 vacet
1550 2564 1725 2619 studio
1744 2563 2150 2634 contemplandi.

646 2655 802 2710 «iste
840 2663 923 2712 est
969 2656 1130 2723 Ana,
1188 2656 1280 2726 qui
1336 2654 1543 2709 invenit
1601 2666 1772 2724 aquas
1833 2653 2033 2709 calidas
2096 2654 2151 2708 in

568 2743 899 2812 solitudine,
955 2746 1079 2801 dum
1140 2754 1402 2817 pasceret
1472 2745 1652 2801 asinos
1721 2743 1931 2802 Sebeon
1977 2746 2152 2815 patris

567 2835 648 2889 sui
681 2832 831 2906 (Cen.
859 2836 1068 2906 xxxvr).
1092 2854 1120 2909 Α»
1156 2836 1267 2891 Hoc
1294 2835 1468 2906 plane,
1502 2843 1763 2906 quantum
1792 2836 1860 2892 ad
1891 2835 2147 2900 litteram,

565 2942 765 2981 vanum
796 2928 1022 2984 videtur
1050 2936 1106 2985 et
1135 2928 1408 2984 frivolum.
1461 2928 1602 2996 Quid
1637 2929 1781 2984 enim
1832 2928 1903 2985 ad
1938 2944 2147 2985 sacram

567 3016 904 3103 Scripturam
932 3020 1209 3090 pertinet,
1253 3027 1313 3074 ut
1341 3018 1561 3083 referat,
1594 3020 1721 3090 quia
1746 3027 1931 3076 custos
1961 3020 2148 3076 asino-

566 3126 685 3166 rum
720 3126 888 3181 aquas
916 3111 1116 3181 reperit
1160 3111 1214 3166 in
1259 3111 1523 3167 deserto?
1553 3110 1659 3166 Sed
1706 3109 1795 3166 ubi
1841 3111 1898 3166 in
1947 3110 2145 3167 litteris

566 3204 711 3258 nulla
740 3204 953 3261 videtur
998 3204 1203 3260 utilitas
1226 3245 1244 3269 ,
1272 3204 1341 3258 ad
1370 3202 2145 3275 spiritualem-intelligentiam

564 3309 788 3349 necesse
826 3304 910 3350 est
943 3309 1095 3349 mens
1122 3302 1387 3349 recurrat.
1420 3294 1556 3361 Quid
1585 3303 1673 3350 est
1697 3296 1854 3351 enim
1886 3310 1985 3365 per
2014 3295 2144 3367 figu-

564 3400 715 3449 ram,
742 3390 856 3439 Ana
902 3384 958 3438 in
997 3384 1295 3439 solitudine
1337 3384 1508 3453 patris
1538 3384 1620 3441 sui
1668 3384 1850 3441 asinos
1875 3400 2140 3456 pascere,

563 3471 666 3526 nisi
715 3472 1047 3542 spiritualem
1077 3471 1384 3542 quempiam
1413 3472 1621 3540 virum,
1669 3475 1757 3530 cui
1802 3474 1942 3530 Deus
1990 3484 2146 3545 pater

563 3571 665 3624 est,
699 3561 974 3631 simplices
1013 3560 1213 3617 fratres
1244 3562 1344 3617 sub
1375 3562 1671 3634 disciplina:
1700 3566 2011 3621 remotioris
2034 3573 2143 3620 stu-

542 3653 654 3706 dio
678 3652 998 3707 custodire?
1025 3661 1080 3706 et
1123 3653 1250 3721 quid
1280 3662 1398 3718 est,
1430 3668 1598 3723 aquas
1639 3654 1841 3711 calidas
1865 3643 2103 3711 invenire
2123 3696 2139 3723 ,

534 3744 666 3799 -nisi
715 3743 777 3798 in
829 3743 1259 3813 compnnetionis
1308 3743 1617 3815 lacrymas,
1673 3761 1792 3813 qua:
1839 3748 1904 3803 de
1932 3746 2142 3805 fervore

544 3837 733 3892 sancti
767 3834 1005 3907 Spiritus
1047 3834 1358 3901 eliciuntur,
1402 3838 1735 3906 erumpere?
1777 3836 1909 3893 Nam
1939 3848 1995 3894 et
2024 3840 2140 3911 ipsa

563 3929 935 3998 interpretatio
986 3928 1266 3984 nominum
1325 3926 1484 3997 hujus
1542 3928 1724 3999 figurae
1778 3944 1884 3984 non
1945 3928 2141 4002 refugit

538 4019 913 4075 intellectum.
932 4018 1083 4075 Onan
1106 4019 1371 4090 siquidem
1390 4019 1565 4086 dolor,
1593 4021 1676 4075 vel
1699 4022 1912 4077 tristitia
1935 4016 2138 4089 eorum,

538 4110 675 4164 ’sive
696 4112 854 4164 etiam
882 4112 1201 4176 mussitatio,
1233 4111 1313 4166 vel
1346 4112 1695 4166 murmuratio
1731 4113 2138 4184 interpretatur.

546 4202 817 4273 'Quisquis
852 4204 997 4259 enim
1026 4219 1151 4259 vere
1180 4204 1611 4275 compunctionis
1658 4205 1841 4260 dolore
1870 4200 2137 4271 tristatur,

559 4293 713 4364 quasi
761 4292 860 4347 sub
886 4293 1118 4362 quadam
1167 4279 1392 4363 querula
1441 4295 1817 4351 mussitatione
1855 4297 2137 4352 adversum

560 4383 883 4451 pravitatem
910 4382 1029 4437 vita:
1050 4396 1161 4437 sum
1184 4398 1520 4439 murmurare
1536 4386 1898 4455 compellitur.
1925 4387 2134 4442 Sebeon
2165 4422 2213 4481 υ

558 4482 740 4527 autem
796 4473 1184 4542 interpretatur
1247 4484 1394 4527 stans
1432 4475 1487 4528 in
1521 4477 1980 4548 wquitale;-quod
2024 4478 2134 4534 Deo

556 4578 856 4633 congruere
901 4579 1060 4620 nemo
1114 4579 1338 4634 prorsus
1387 4565 1613 4635 ignorat.
1665 4567 1783 4637 Ipse
1832 4568 2029 4640 quippe
2078 4570 2131 4624 in

553 4655 811 4724 :eqnitate
848 4654 1221 4726 principaliter
1267 4664 1410 4720 stat,
1451 4654 1541 4725 qui
1590 4669 1622 4710 a
1657 4654 1883 4721 iustitia:
1913 4659 2136 4713 rectitu-

553 4745 678 4800 dine
707 4745 850 4800 nulla
891 4746 1214 4829 necessitate
1245 4754 1465 4802 coactus
1493 4746 1781 4803 exorbitat.
1820 4747 2132 4825 Onan‘crgo

552 4833 681 4889 dum
709 4837 876 4904 patris
912 4836 993 4891 sui
1031 4835 1241 4891 Sebeon
1291 4837 1473 4893 asinos
1516 4837 1569 4892 in
1610 4837 1896 4894 solitudine
1925 4840 2129 4909 pascit,

552 4940 724 4997 aquas
770 4926 974 4982 calidas
1023 4928 1254 4997 reperit;
1311 4928 1437 4997 quia
1490 4929 1736 4999 quisquis
1784 4944 1842 4984 se
1883 4945 1981 5000 per
2008 4931 2131 4986 vitae

548 5016 926 5076 rectitudinem
951 5018 1060 5075 Deo
1087 5018 1253 5074 filium
1284 5020 1503 5075 exhibet
1527 5059 1540 5082 ,
1574 5035 1636 5076 ac
1666 5021 1732 5075 de
1755 5022 1990 5092 peccatis
2018 5022 2130 5078 suis

552 5108 860 5168 medullitus
902 5110 1066 5177 dolet,
1095 5111 1220 5165 dum
1256 5126 1314 5166 se
1345 5110 1519 5166 reddit
1547 5111 1600 5165 in
1626 5111 1867 5183 pervigili
1898 5111 2128 5166 fratrum

542 5216 684 5259 .cura
703 5200 999 5259 sollicitum
1027 5243 1042 5266 ,
1072 5203 1253 5257 divino
1284 5216 1509 5257 munere
1537 5202 1765 5272 percipit
1790 5201 2020 5271 gratiam
2051 5201 2129 5255 la-

538 5305 883 5361 .erymarum.
916 5291 1049 5346 Nam
1080 5302 1135 5347 et
1176 5292 1331 5347 beata
1360 5292 1449 5346 illa
1473 5293 1745 5362 peccatrix
1788 5293 1937 5362 prius
1966 5292 2129 5363 pedes

528 5376 767 5440 'Dnmini
798 5395 1070 5456 unguento
1091 5386 1366 5457 perunxit,
1398 5386 1736 5456 postmodum
1758 5386 1919 5441 etiam
1946 5385 2137 5440 alaha-'

552 5482 723 5528 strum
768 5477 1025 5544 unguenti
1075 5478 1296 5547 pretiosi
1349 5493 1511 5547 super
1558 5487 1719 5547 caput
1767 5478 2126 5533 recumbentis

546 5563 741 5628 effudit
786 5565 1000 5633 (Matth.
1032 5584 1188 5631 xxvr;
1239 5568 1407 5622 Marc.
1441 5568 1754 5633 x1v;Joan.
1795 5568 1913 5636 xu).
1953 5567 2126 5638 Caput

546 5658 751 5715 Christi
787 5658 926 5715 Deus
957 5676 969 5713 :
997 5659 1160 5734 pedes
1204 5658 1442 5727 Christi,
1476 5658 1613 5715 servi
1652 5658 1763 5715 Dei.
1803 5658 1948 5715 Sicut
1979 5659 2121 5713 enim

2251 1850 2429 1907 ierant
2455 1847 2646 1903 domus
2673 1845 2835 1902 Israel
2861 1852 3187 1900 exoneraret
3209 1842 3472 1913 peccatis,
3494 1841 3563 1897 ad
3592 1840 3835 1912 Synago-

2250 1959 2373 2015 gam
2425 1942 2638 1998 venisse
2702 1936 3299 2012 cognoscituriUnde
3345 1946 3398 1992 et
3469 1950 3706 2006 sponsus
3767 1934 3834 1989 ad

2250 2046 2521 2103 sponsam,
2545 2031 2599 2086 in
2645 2030 2885 2087 Canticis
2915 2043 2931 2083 :
2961 2047 2981 2080 ‹
3014 2028 3215 2085 Dentes
3252 2027 3328 2083 tui
3369 2028 3510 2084 sicut
3552 2042 3688 2099 grex
3718 2035 3833 2082 ton-

2249 2136 2434 2177 sarum
2462 2161 2476 2185 ,
2515 2134 2635 2190 quae
2679 2112 3043 2174 ascenderunt
3089 2117 3155 2172 de
3203 2114 3421 2172 lavacro
3469 2113 3648 2186 (Cant.
3679 2116 3779 2185 Iv).
3808 2136 3826 2168 ι

2249 2212 2359 2284 95
2388 2211 2545 2268 Venit
2571 2211 2754 2281 itaque
2782 2209 2949 2266 Judas
2978 2209 3047 2265 ad
3080 2207 3380 2265 tondendas
3400 2221 3550 2272 oves,
3582 2223 3691 2263 non
3714 2208 3828 2279 qni-

2250 2308 2372 2362 dem
2406 2305 2552 2361 solus
2579 2343 2596 2370 ,
2640 2302 2737 2360 sed
2774 2318 2899 2359 eum
2928 2311 3148 2374 pastore
3195 2317 3294 2357 suo
3336 2300 3657 2356 Odollamite
3681 2341 3698 2365 ,
3744 2301 3829 2357 cui

2250 2410 2449 2451 nomen
2479 2402 2596 2449 erat
2622 2393 2811 2463 ,Hiras.
2844 2392 3014 2461 Quem
3043 2405 3143 2462 per
3175 2390 3546 2448 Odollamitem
3575 2390 3828 2462 intelligi-

2251 2501 2373 2542 mus
2403 2485 2505 2542 nisi
2531 2483 2835 2542 Joannem?
2856 2485 3250 2554 Interpretatur
3270 2489 3451 2537 autem
3477 2480 3826 2538 Odollamites

2249 2577 2600 2632 testimonium
2629 2577 2684 2631 in
2709 2594 2880 2649 aqua;
2922 2591 3044 2631 cum
3086 2575 3189 2630 hoc
3209 2573 3369 2646 plane
3394 2573 3704 2630 testimonio
3731 2587 3825 2627 ve-

2232 2668 2332 2735 nit
2359 2667 2619 2723 Dominus
2661 2668 2727 2722 ad
2758 2681 2954 2737 aquam
2981 2664 3341 2737 baptismatis,
3371 2663 3579 2719 habens
3608 2663 3824 2734 quidem

2239 2755 2621 2812 testimonium
2669 2756 2844 2827 majus
2886 2754 3132 2821 Joanne,
3189 2754 3283 2810 sed
3322 2760 3543 2824 propter
3586 2751 3825 2807 infirmas

2234 2862 2380 2904 oves
2418 2848 2523 2905 hoc
2569 2847 2873 2903 testimonio
2905 2846 2987 2901 uti
3016 2844 3268 2916 dignatus
3289 2851 3380 2900 est
3409 2843 3466 2897 in
3489 2858 3652 2913 aqua.
3680 2841 3825 2897 Unde

2252 2950 2374 2991 cum
2397 2936 2604 2991 videret
2628 2951 2749 2992 eum
2771 2935 2837 2991 ad
2860 2934 3111 2991 Jordauis
3131 2934 3329 2989 fluenta
3350 2933 3819 3003 propinquantem.

2250 3024 2499 3103 protinus
2527 3024 2873 3089 exclamans,
2921 3023 3000 3079 ait
3045 3020 3058 3077 ξ
3102 3042 3121 3074 ι
3158 3022 3298 3078 Ecce
3334 3021 3521 3093 Agnus
3552 3020 3672 3086 Dei,
3699 3035 3825 3076 ecce

2250 3114 2341 3184 qui
2377 3114 2521 3170 tollit
2558 3122 2786 3185 peccata
2818 3113 3001 3169 mundi
3035 3112 3216 3185 (Joan.
3239 3112 3301 3183 ι).
3341 3129 3363 3164 ι
3401 3111 3470 3167 Ει
3494 3110 3824 3183 evangelista

2248 3208 2380 3263 dicit
2423 3225 2436 3261 :
2499 3225 2517 3258 ι
2554 3206 2945 3261 Testimonium
2990 3203 3263 3275 perhibuit
3303 3201 3539 3257 Joannes
3590 3201 3819 3257 dicens:

2247 3298 2382 3365 Quia
2417 3297 2523 3352 vidi
2569 3296 2831 3368 Spiritum
2873 3293 3289 3352 descendentem
3328 3303 3585 3361 tanquam
3614 3291 3822 3347 colum-

2243 3388 2368 3443 bam
2399 3388 2463 3443 de
2489 3387 2650 3454 coelo,
2673 3396 2734 3442 et
2773 3397 3077 3441 manentem
3112 3400 3277 3455 super
3302 3400 3424 3448 eum
3450 3400 3465 3449 ;
3494 3393 3551 3439 et
3595 3398 3701 3454 ego
3729 3396 3818 3437 ne-

2244 3480 2480 3535 sciebam
2526 3494 2681 3545 eum;
2712 3478 2808 3534 sed
2836 3478 2929 3548 qui
2958 3477 3108 3533 misit
3148 3491 3233 3532 me
3278 3475 3554 3546 baptizare
3582 3474 3639 3529 in
3664 3490 3817 3544 aqua,

2244 3570 2333 3625 ille
2366 3570 2497 3624 mihi
2525 3569 2665 3625 dixit
2702 3588 2716 3624 :
2753 3569 2929 3641 Super
2971 3582 3131 3639 quem
3175 3566 3377 3623 videris
3415 3566 3680 3637 Spiritum
3727 3566 3818 3647 de-

2243 3663 2589 3735 scendentem
2628 3671 2684 3718 et
2726 3670 3035 3717 manentem
3082 3674 3246 3730 super
3285 3673 3408 3713 eum
3433 3698 3450 3723 ,
3491 3657 3580 3713 hic
3618 3667 3706 3713 est
3731 3656 3820 3726 qui

2226 3754 2479 3833 .haptizat
2509 3756 2563 3809 in
2593 3754 2796 3824 Spiritu
2824 3760 3014 3809 sancto
3059 3749 3271 3823 (lbid.).
3303 3767 3322 3801 ι
3365 3748 3463 3805 Cui
3491 3747 3701 3804 scilicet
3745 3749 3821 3803 vi-

2240 3846 2381 3902 sioni
2405 3845 2569 3917 etiam
2596 3859 2792 3900 nomen
2820 3843 3052 3914 pastoris
3077 3842 3217 3896 illius
3236 3840 3512 3912 aptissime
3534 3838 3816 3910 congruit;

2241 3936 2637 4013 interpretatur
2682 3934 2828 3990 enim
2883 3932 3042 3988 lliras
3089 3932 3272 4001 fratris
3329 3929 3431 3984 mei
3479 3928 3631 3983 visio.
3691 3928 3820 3982 Erat

2239 4028 2435 4097 quippe
2462 4026 2722 4081 Dominus
2748 4023 2913 4078 frater
2938 4022 3186 4095 Joannis,
3214 4036 3319 4077 non
3342 4020 3499 4075 modo
3520 4019 3817 4075 secundum

2239 4129 2423 4169 semen
2452 4113 2701 4179 Abrahae,
2735 4114 2827 4168 sed
2856 4112 3018 4169 etiam
3037 4110 3191 4179 juxta
3219 4110 3594 4181 cognationem
3636 4107 3816 4162 Mariae

2238 4213 2292 4260 et
2316 4205 2612 4261 Elisabetb.
2649 4192 2791 4258 Vidit
2818 4204 2999 4273 itaque
3026 4201 3263 4258 Joannes
3290 4200 3511 4255 fratrem
3538 4213 3697 4254 suum
3724 4198 3815 4252 ad-

2240 4299 2345 4352 huc
2370 4296 2583 4353 clausus
2611 4296 2667 4351 in
2692 4304 2872 4360 utero;
2907 4295 3039 4349 vidit
3067 4294 3123 4349 in
3152 4291 3453 4362 baptismo;
3487 4290 3625 4345 vidit
3645 4289 3813 4345 oculis

2239 4389 2418 4444 carnis
2448 4386 2715 4441 hominem
2747 4404 2762 4441 :
2794 4386 2927 4441 vidit
2952 4386 3005 4439 in
3035 4383 3224 4454 spiritu
3264 4380 3621 4450 majestatem.
3665 4378 3813 4435 Unde

2241 4486 2294 4534 et
2323 4478 2602 4548 utriusque
2629 4477 2790 4548 hujus
2821 4475 3058 4531 nominis
3088 4471 3584 4542 interpretationem
3604 4509 3621 4535 ,
3656 4468 3813 4524 Hiras

2240 4568 2524 4633 videlicet,
2557 4567 2701 4638 quod
2729 4576 2810 4621 est
2834 4566 3021 4621 fratris
3046 4564 3152 4619 mei
3180 4563 3346 4629 visio;
3371 4570 3424 4617 et
3449 4558 3810 4624 Odollamitis,

2239 4659 2381 4730 quod
2422 4667 2579 4712 sonat
2606 4656 2956 4711 testimonium
2983 4654 3037 4706 in
3078 4668 3248 4723 aqua,
3281 4650 3423 4706 idem
3445 4647 3684 4704 Joannes
3714 4648 3812 4704 sub

2239 4751 2397 4806 unius
2445 4750 2726 4806 sententia:
2778 4745 3040 4803 versiculo
3091 4743 3530 4815 comprehendit,
3574 4742 3810 4797 dicens:

2244 4859 2263 4892 ι
2301 4840 2369 4896 Et
2395 4854 2494 4911 ego
2519 4838 2649 4903 vidi,
2675 4846 2730 4894 et
2757 4836 3120 4892 testimonium
3155 4831 3426 4907 perhibui,
3453 4830 3581 4901 quia
3612 4831 3702 4886 hic
3729 4838 3813 4886 est

2237 4930 2406 4986 Filius
2433 4930 2525 4985 Dei
2552 4929 2765 4999 (Ibid.).
2795 4948 2812 4981 ι

2309 5022 2567 5077 Veniente
2595 5020 2755 5091 igitur
2775 5017 2910 5075 Juda
2945 5018 3015 5073 ad
3040 5031 3171 5074 oves
3208 5014 3507 5071 tondendas
3527 5054 3542 5078 ,
3575 5013 3814 5069 Thamar

2238 5119 2413 5167 mutat
2458 5110 2737 5175 habitum,
2787 5109 2912 5179 quia
2958 5116 3132 5162 mutat
3158 5103 3438 5176 spirituale
3464 5103 3810 5158 vocabulum.

2237 5202 2472 5258 Thamar
2499 5196 2711 5270 quippe
2760 5207 3085 5252 committam
3136 5197 3557 5265 interpretatur,
3591 5208 3719 5247 nam
3746 5194 3812 5248 de

2236 5290 2520 5362 Synagoga
2559 5289 2615 5343 tit
2643 5288 2902 5344 Ecclesia.
2931 5284 3216 5355 Sedjuxta
3248 5285 3507 5349 litteram,
3538 5283 3683 5337 idem
3714 5298 3812 5337 no.

2234 5397 2357 5436 men
2387 5378 2763 5434 amaritudinis
2794 5386 2996 5444 manet,
3030 5391 3136 5430 non
3166 5376 3309 5430 illius
3359 5374 3415 5427 in
3440 5388 3547 5443 qua
3581 5373 3810 5428 Domino

2211 5463 2302 5529 fel
2353 5473 2419 5527 ad
2467 5471 2757 5527 bibendum
2811 5469 2967 5525 miles
2997 5469 3195 5525 obtulit
3241 5466 3456 5540 (Matth.
3487 5465 3682 5535 xxvn),
3712 5465 3807 5520 sed

2232 5563 2347 5632 ejus
2371 5563 2548 5633 potius
2586 5564 2639 5617 in
2671 5575 2777 5631 qua
2813 5552 3009 5616 Petrus
3035 5569 3159 5631 post
3186 5559 3396 5629 lapsum
3419 5571 3606 5612 amare
3634 5554 3798 5610 ﬂevit.

2231 5655 2438 5727 (.'bid.).
2469 5653 2633 5710 Judas
2664 5663 2845 5710 autem
2875 5652 3133 5722 confessio
3163 5652 3375 5707 dicitur.
3408 5649 3645 5704 Thamar
3672 5661 3802 5719 ergo
