  <div class='ocr_page' id='page_1' title='image "/cluster/home/n/w/nwhite01/storage/ocr_20150623/145/hvd.32044015471824/512.png"; bbox 0 0 4078 6336; ppageno 0'>
   <div class='ocr_carea' id='block_1_1' title="bbox 305 467 441 524">
    <p class='ocr_par' dir='ltr' id='par_1_1' title="bbox 305 467 441 524">
     <span class='ocr_line' id='line_1_1' title="bbox 305 467 441 524; baseline 0 0"><span class='ocrx_word' id='word_1_1' title='bbox 305 467 441 524; x_wconf 73' lang='grc'><strong>1009</strong></span> 
     </span>
    </p>
   </div>
   <div class='ocr_carea' id='block_1_2' title="bbox 1558 424 2320 538">
    <p class='ocr_par' dir='ltr' id='par_1_2' title="bbox 1558 424 2320 538">
     <span class='ocr_line' id='line_1_2' title="bbox 1558 424 2320 538; baseline -0.003 -22"><span class='ocrx_word' id='word_1_2' title='bbox 1558 460 1622 516; x_wconf 65' lang='grc' dir='ltr'><strong><em>ιΝ</em></strong></span> <span class='ocrx_word' id='word_1_3' title='bbox 1657 460 1913 517; x_wconf 63' lang='lat' dir='ltr'><strong>manus!</strong></span> <span class='ocrx_word' id='word_1_4' title='bbox 1955 424 2262 516; x_wconf 73' lang='lat' dir='ltr'><strong>GENESIS.</strong></span> <span class='ocrx_word' id='word_1_5' title='bbox 2318 536 2320 538; x_wconf 13' lang='grc' dir='ltr'>ν</span> 
     </span>
    </p>
   </div>
   <div class='ocr_carea' id='block_1_3' title="bbox 3433 455 3570 512">
    <p class='ocr_par' dir='ltr' id='par_1_3' title="bbox 3433 455 3570 512">
     <span class='ocr_line' id='line_1_3' title="bbox 3433 455 3570 512; baseline 0.007 -1"><span class='ocrx_word' id='word_1_6' title='bbox 3433 455 3570 512; x_wconf 71' lang='grc' dir='ltr'><strong>10ῑο</strong></span> 
     </span>
    </p>
   </div>
   <div class='ocr_carea' id='block_1_4' title="bbox 304 574 3578 650">
    <p class='ocr_par' dir='ltr' id='par_1_4' title="bbox 304 574 3578 650">
     <span class='ocr_line' id='line_1_4' title="bbox 304 574 3578 650; baseline -0.004 -9"><span class='ocrx_word' id='word_1_7' title='bbox 304 600 430 643; x_wconf 82' lang='lat' dir='ltr'><strong>cum</strong></span> <span class='ocrx_word' id='word_1_8' title='bbox 477 583 614 638; x_wconf 79' lang='lat' dir='ltr'><strong>Juda</strong></span> <span class='ocrx_word' id='word_1_9' title='bbox 665 578 940 636; x_wconf 87' lang='lat' dir='ltr'><strong>dormiens</strong></span> <span class='ocrx_word' id='word_1_10' title='bbox 969 621 983 647; x_wconf 92' lang='lat'><strong>,</strong></span> <span class='ocrx_word' id='word_1_11' title='bbox 1019 580 1266 650; x_wconf 99' lang='lat' dir='ltr'><strong>protinus</strong></span> <span class='ocrx_word' id='word_1_12' title='bbox 1311 579 1564 648; x_wconf 77' lang='lat' dir='ltr'><strong>concrpit,</strong></span> <span class='ocrx_word' id='word_1_13' title='bbox 1611 578 1735 646; x_wconf 85' lang='lat' dir='ltr'><strong>quia</strong></span> <span class='ocrx_word' id='word_1_14' title='bbox 1771 593 1892 632; x_wconf 90' lang='lat' dir='ltr'><strong>cum</strong></span> <span class='ocrx_word' id='word_1_15' title='bbox 1926 584 1967 639; x_wconf 74' lang='grc' dir='ltr'><strong>Α</strong></span> <span class='ocrx_word' id='word_1_16' title='bbox 1999 591 2122 630; x_wconf 83' lang='lat' dir='ltr'><strong>mox</strong></span> <span class='ocrx_word' id='word_1_17' title='bbox 2170 576 2416 642; x_wconf 86' lang='lat' dir='ltr'><strong>retraxit,</strong></span> <span class='ocrx_word' id='word_1_18' title='bbox 2451 575 2634 645; x_wconf 83' lang='lat' dir='ltr'><strong>sicque</strong></span> <span class='ocrx_word' id='word_1_19' title='bbox 2661 582 2782 629; x_wconf 86' lang='lat' dir='ltr'><strong>ante</strong></span> <span class='ocrx_word' id='word_1_20' title='bbox 2815 590 2873 628; x_wconf 88' lang='lat' dir='ltr'><strong>se</strong></span> <span class='ocrx_word' id='word_1_21' title='bbox 2902 575 3157 630; x_wconf 89' lang='lat' dir='ltr'><strong>nascendi</strong></span> <span class='ocrx_word' id='word_1_22' title='bbox 3190 574 3344 630; x_wconf 88' lang='lat' dir='ltr'><strong>alteri</strong></span> <span class='ocrx_word' id='word_1_23' title='bbox 3376 574 3578 628; x_wconf 84' lang='lat' dir='ltr'><strong>aditum</strong></span> 
     </span>
    </p>
   </div>
   <div class='ocr_carea' id='block_1_5' title="bbox 307 670 1892 740">
    <p class='ocr_par' dir='ltr' id='par_1_5' title="bbox 307 670 1892 740">
     <span class='ocr_line' id='line_1_5' title="bbox 307 670 1892 740; baseline -0.006 -7"><span class='ocrx_word' id='word_1_24' title='bbox 307 674 635 733; x_wconf 81' lang='lat' dir='ltr'><strong>confessioni</strong></span> <span class='ocrx_word' id='word_1_25' title='bbox 667 674 972 731; x_wconf 72' lang='lat' dir='ltr'><strong>amaritudo</strong></span> <span class='ocrx_word' id='word_1_26' title='bbox 1011 672 1270 728; x_wconf 82' lang='lat' dir='ltr'><strong>miscetur</strong></span> <span class='ocrx_word' id='word_1_27' title='bbox 1297 671 1364 726; x_wconf 89' lang='lat' dir='ltr'><strong>ad</strong></span> <span class='ocrx_word' id='word_1_28' title='bbox 1402 670 1752 740; x_wconf 76' lang='lat' dir='ltr'><strong>proferendos</strong></span> <span class='ocrx_word' id='word_1_29' title='bbox 1782 684 1892 738; x_wconf 75' lang='lat' dir='ltr'><strong>poe-</strong></span> 
     </span>
    </p>
   </div>
   <div class='ocr_carea' id='block_1_6' title="bbox 306 762 1888 830">
    <p class='ocr_par' dir='ltr' id='par_1_6' title="bbox 306 762 1888 830">
     <span class='ocr_line' id='line_1_6' title="bbox 306 762 1888 830; baseline -0.008 -4"><span class='ocrx_word' id='word_1_30' title='bbox 306 768 546 826; x_wconf 66' lang='lat' dir='ltr'><strong>nitentiaz</strong></span> <span class='ocrx_word' id='word_1_31' title='bbox 595 768 802 823; x_wconf 92' lang='lat' dir='ltr'><strong>fructus</strong></span> <span class='ocrx_word' id='word_1_32' title='bbox 831 807 845 830; x_wconf 92' lang='lat'><strong>,</strong></span> <span class='ocrx_word' id='word_1_33' title='bbox 876 774 1064 820; x_wconf 88' lang='lat' dir='ltr'><strong>sancta</strong></span> <span class='ocrx_word' id='word_1_34' title='bbox 1096 779 1220 819; x_wconf 83' lang='lat' dir='ltr'><strong>mox</strong></span> <span class='ocrx_word' id='word_1_35' title='bbox 1255 763 1497 818; x_wconf 78' lang='lat' dir='ltr'><strong>Ecclesia</strong></span> <span class='ocrx_word' id='word_1_36' title='bbox 1545 762 1888 817; x_wconf 83' lang='lat' dir='ltr'><strong>fecmulatur.</strong></span> 
     </span>
    </p>
   </div>
   <div class='ocr_carea' id='block_1_7' title="bbox 305 851 1892 924">
    <p class='ocr_par' dir='ltr' id='par_1_7' title="bbox 305 851 1892 924">
     <span class='ocr_line' id='line_1_7' title="bbox 305 851 1892 924; baseline -0.007 -9"><span class='ocrx_word' id='word_1_37' title='bbox 305 859 460 916; x_wconf 84' lang='lat' dir='ltr'><strong>Unde</strong></span> <span class='ocrx_word' id='word_1_38' title='bbox 503 865 558 912; x_wconf 89' lang='lat' dir='ltr'><strong>et</strong></span> <span class='ocrx_word' id='word_1_39' title='bbox 602 853 837 911; x_wconf 90' lang='lat' dir='ltr'><strong>Joannes</strong></span> <span class='ocrx_word' id='word_1_40' title='bbox 878 873 889 909; x_wconf 92' lang='lat'><strong>:</strong></span> <span class='ocrx_word' id='word_1_41' title='bbox 930 873 948 906; x_wconf 83' lang='grc'><em>‹</em></span> <span class='ocrx_word' id='word_1_42' title='bbox 982 853 1200 916; x_wconf 79' lang='lat' dir='ltr'><strong>Facite,</strong></span> <span class='ocrx_word' id='word_1_43' title='bbox 1248 853 1440 924; x_wconf 84' lang='lat' dir='ltr'><strong>inquit,</strong></span> <span class='ocrx_word' id='word_1_44' title='bbox 1476 851 1681 908; x_wconf 81' lang='lat' dir='ltr'><strong>fructus</strong></span> <span class='ocrx_word' id='word_1_45' title='bbox 1705 851 1892 919; x_wconf 73' lang='lat' dir='ltr'><strong>dignos</strong></span> 
     </span>
    </p>
   </div>
   <div class='ocr_carea' id='block_1_8' title="bbox 305 943 1894 1022">
    <p class='ocr_par' dir='ltr' id='par_1_8' title="bbox 305 943 1894 1022">
     <span class='ocr_line' id='line_1_8' title="bbox 305 943 1894 1022; baseline -0.005 -17"><span class='ocrx_word' id='word_1_46' title='bbox 305 948 637 1022; x_wconf 60' lang='lat' dir='ltr'><strong>paenitentia</strong></span> <span class='ocrx_word' id='word_1_47' title='bbox 685 947 868 1017; x_wconf 86' lang='lat' dir='ltr'><strong>(Joan.</strong></span> <span class='ocrx_word' id='word_1_48' title='bbox 905 945 1014 1016; x_wconf 89' lang='grc' dir='ltr'><strong><em>ιιι).</em></strong></span> <span class='ocrx_word' id='word_1_49' title='bbox 1050 963 1068 998; x_wconf 70' lang='grc' dir='ltr'><strong>ι</strong></span> <span class='ocrx_word' id='word_1_50' title='bbox 1107 944 1206 1012; x_wconf 86' lang='lat' dir='ltr'><strong>Qui</strong></span> <span class='ocrx_word' id='word_1_51' title='bbox 1252 945 1510 999; x_wconf 75' lang='lat' dir='ltr'><strong>nimirum</strong></span> <span class='ocrx_word' id='word_1_52' title='bbox 1558 943 1894 1012; x_wconf 67' lang='lat' dir='ltr'><strong>pomitcntite</strong></span> 
     </span>
    </p>
   </div>
   <div class='ocr_carea' id='block_1_9' title="bbox 305 1033 1894 1106">
    <p class='ocr_par' dir='ltr' id='par_1_9' title="bbox 305 1033 1894 1106">
     <span class='ocr_line' id='line_1_9' title="bbox 305 1033 1894 1106; baseline -0.008 -9"><span class='ocrx_word' id='word_1_53' title='bbox 305 1041 518 1096; x_wconf 83' lang='lat' dir='ltr'><strong>fructus</strong></span> <span class='ocrx_word' id='word_1_54' title='bbox 560 1039 614 1094; x_wconf 91' lang='lat' dir='ltr'><strong>in</strong></span> <span class='ocrx_word' id='word_1_55' title='bbox 645 1036 984 1093; x_wconf 82' lang='lat' dir='ltr'><strong>Hierusalem</strong></span> <span class='ocrx_word' id='word_1_56' title='bbox 1029 1035 1238 1106; x_wconf 89' lang='lat' dir='ltr'><strong>primus</strong></span> <span class='ocrx_word' id='word_1_57' title='bbox 1274 1035 1489 1104; x_wconf 88' lang='lat' dir='ltr'><strong>erupit,</strong></span> <span class='ocrx_word' id='word_1_58' title='bbox 1523 1033 1708 1103; x_wconf 85' lang='lat' dir='ltr'><strong>sicque</strong></span> <span class='ocrx_word' id='word_1_59' title='bbox 1748 1041 1894 1103; x_wconf 87' lang='lat' dir='ltr'><strong>post-</strong></span> 
     </span>
    </p>
   </div>
   <div class='ocr_carea' id='block_1_10' title="bbox 306 1125 1891 1200">
    <p class='ocr_par' dir='ltr' id='par_1_10' title="bbox 306 1125 1891 1200">
     <span class='ocr_line' id='line_1_10' title="bbox 306 1125 1891 1200; baseline -0.007 -12"><span class='ocrx_word' id='word_1_60' title='bbox 306 1133 526 1188; x_wconf 92' lang='lat' dir='ltr'><strong>modum</strong></span> <span class='ocrx_word' id='word_1_61' title='bbox 577 1126 676 1200; x_wconf 83' lang='lat' dir='ltr'><strong>per</strong></span> <span class='ocrx_word' id='word_1_62' title='bbox 722 1144 936 1187; x_wconf 90' lang='lat' dir='ltr'><strong>omnem</strong></span> <span class='ocrx_word' id='word_1_63' title='bbox 971 1129 1155 1184; x_wconf 78' lang='lat' dir='ltr'><strong>mundi</strong></span> <span class='ocrx_word' id='word_1_64' title='bbox 1203 1127 1539 1182; x_wconf 84' lang='lat' dir='ltr'><strong>latitudinem</strong></span> <span class='ocrx_word' id='word_1_65' title='bbox 1595 1125 1891 1196; x_wconf 90' lang='lat' dir='ltr'><strong>pullulavit.</strong></span> 
     </span>
    </p>
   </div>
   <div class='ocr_carea' id='block_1_11' title="bbox 306 1215 1898 1287">
    <p class='ocr_par' dir='ltr' id='par_1_11' title="bbox 306 1215 1898 1287">
     <span class='ocr_line' id='line_1_11' title="bbox 306 1215 1898 1287; baseline -0.006 -10"><span class='ocrx_word' id='word_1_66' title='bbox 306 1221 447 1277; x_wconf 87' lang='lat' dir='ltr'><strong>llinc</strong></span> <span class='ocrx_word' id='word_1_67' title='bbox 496 1218 714 1275; x_wconf 80' lang='lat' dir='ltr'><strong>Veritas</strong></span> <span class='ocrx_word' id='word_1_68' title='bbox 749 1217 918 1274; x_wconf 90' lang='lat' dir='ltr'><strong>dicit:</strong></span> <span class='ocrx_word' id='word_1_69' title='bbox 958 1237 975 1268; x_wconf 86' lang='grc'><strong><em>‹</em></strong></span> <span class='ocrx_word' id='word_1_70' title='bbox 1009 1217 1304 1287; x_wconf 62' lang='lat' dir='ltr'><strong>Oportebat</strong></span> <span class='ocrx_word' id='word_1_71' title='bbox 1356 1215 1631 1272; x_wconf 72' lang='lat' dir='ltr'><strong>Christum</strong></span> <span class='ocrx_word' id='word_1_72' title='bbox 1683 1215 1795 1285; x_wconf 89' lang='lat' dir='ltr'><strong>pati</strong></span> <span class='ocrx_word' id='word_1_73' title='bbox 1843 1223 1898 1269; x_wconf 90' lang='lat' dir='ltr'><strong>et</strong></span> 
     </span>
    </p>
   </div>
   <div class='ocr_carea' id='block_1_12' title="bbox 307 1305 1894 1380">
    <p class='ocr_par' dir='ltr' id='par_1_12' title="bbox 307 1305 1894 1380">
     <span class='ocr_line' id='line_1_12' title="bbox 307 1305 1894 1380; baseline -0.005 -15"><span class='ocrx_word' id='word_1_74' title='bbox 307 1322 596 1380; x_wconf 84' lang='lat' dir='ltr'><strong>resurgere</strong></span> <span class='ocrx_word' id='word_1_75' title='bbox 640 1323 669 1361; x_wconf 90' lang='lat' dir='ltr'><strong>a</strong></span> <span class='ocrx_word' id='word_1_76' title='bbox 701 1305 934 1362; x_wconf 86' lang='lat' dir='ltr'><strong>mortuis</strong></span> <span class='ocrx_word' id='word_1_77' title='bbox 960 1307 1048 1361; x_wconf 91' lang='lat' dir='ltr'><strong>die</strong></span> <span class='ocrx_word' id='word_1_78' title='bbox 1082 1305 1238 1361; x_wconf 86' lang='lat' dir='ltr'><strong>tertia</strong></span> <span class='ocrx_word' id='word_1_79' title='bbox 1266 1346 1280 1370; x_wconf 91' lang='lat'><strong>,</strong></span> <span class='ocrx_word' id='word_1_80' title='bbox 1312 1315 1367 1360; x_wconf 91' lang='lat' dir='ltr'><strong>et</strong></span> <span class='ocrx_word' id='word_1_81' title='bbox 1396 1305 1678 1375; x_wconf 75' lang='lat' dir='ltr'><strong>przcdicari</strong></span> <span class='ocrx_word' id='word_1_82' title='bbox 1712 1306 1763 1359; x_wconf 93' lang='lat' dir='ltr'><strong>in</strong></span> <span class='ocrx_word' id='word_1_83' title='bbox 1793 1321 1894 1358; x_wconf 89' lang='lat' dir='ltr'><strong>no—</strong></span> 
     </span>
    </p>
   </div>
   <div class='ocr_carea' id='block_1_13' title="bbox 307 1394 1892 1468">
    <p class='ocr_par' dir='ltr' id='par_1_13' title="bbox 307 1394 1892 1468">
     <span class='ocr_line' id='line_1_13' title="bbox 307 1394 1892 1468; baseline -0.003 -15"><span class='ocrx_word' id='word_1_84' title='bbox 307 1397 452 1453; x_wconf 87' lang='lat' dir='ltr'><strong>mine</strong></span> <span class='ocrx_word' id='word_1_85' title='bbox 473 1397 590 1468; x_wconf 87' lang='lat' dir='ltr'><strong>ejus</strong></span> <span class='ocrx_word' id='word_1_86' title='bbox 609 1394 986 1465; x_wconf 67' lang='lat' dir='ltr'><strong>pmnitentiam</strong></span> <span class='ocrx_word' id='word_1_87' title='bbox 1008 1404 1063 1448; x_wconf 88' lang='lat' dir='ltr'><strong>et</strong></span> <span class='ocrx_word' id='word_1_88' title='bbox 1081 1394 1450 1449; x_wconf 86' lang='lat' dir='ltr'><strong>remissionem</strong></span> <span class='ocrx_word' id='word_1_89' title='bbox 1473 1404 1816 1464; x_wconf 76' lang='lat' dir='ltr'><strong>peccatorum</strong></span> <span class='ocrx_word' id='word_1_90' title='bbox 1839 1395 1892 1448; x_wconf 92' lang='lat' dir='ltr'><strong>in</strong></span> 
     </span>
    </p>
   </div>
   <div class='ocr_carea' id='block_1_14' title="bbox 308 1483 1889 1559">
    <p class='ocr_par' dir='ltr' id='par_1_14' title="bbox 308 1483 1889 1559">
     <span class='ocr_line' id='line_1_14' title="bbox 308 1483 1889 1559; baseline -0.004 -17"><span class='ocrx_word' id='word_1_91' title='bbox 308 1503 500 1544; x_wconf 89' lang='lat' dir='ltr'><strong>omnes</strong></span> <span class='ocrx_word' id='word_1_92' title='bbox 523 1495 732 1559; x_wconf 89' lang='lat' dir='ltr'><strong>gentes,</strong></span> <span class='ocrx_word' id='word_1_93' title='bbox 750 1484 1058 1554; x_wconf 90' lang='lat' dir='ltr'><strong>incipiendo</strong></span> <span class='ocrx_word' id='word_1_94' title='bbox 1073 1485 1140 1538; x_wconf 86' lang='lat' dir='ltr'><strong>ab</strong></span> <span class='ocrx_word' id='word_1_95' title='bbox 1155 1483 1492 1540; x_wconf 78' lang='lat' dir='ltr'><strong>Hierusalem</strong></span> <span class='ocrx_word' id='word_1_96' title='bbox 1513 1483 1662 1554; x_wconf 79' lang='lat' dir='ltr'><strong>(Luc.</strong></span> <span class='ocrx_word' id='word_1_97' title='bbox 1683 1483 1854 1555; x_wconf 78' lang='lat' dir='ltr'><strong>xxiv).</strong></span> <span class='ocrx_word' id='word_1_98' title='bbox 1873 1503 1889 1535; x_wconf 73' lang='grc' dir='ltr'><strong>ι</strong></span> 
     </span>
    </p>
   </div>
   <div class='ocr_carea' id='block_1_15' title="bbox 310 1575 1896 1647">
    <p class='ocr_par' dir='ltr' id='par_1_15' title="bbox 310 1575 1896 1647">
     <span class='ocr_line' id='line_1_15' title="bbox 310 1575 1896 1647; baseline -0.006 -11"><span class='ocrx_word' id='word_1_99' title='bbox 310 1581 444 1636; x_wconf 79' lang='lat' dir='ltr'><strong>Nam</strong></span> <span class='ocrx_word' id='word_1_100' title='bbox 483 1588 540 1635; x_wconf 90' lang='lat' dir='ltr'><strong>et</strong></span> <span class='ocrx_word' id='word_1_101' title='bbox 585 1578 698 1647; x_wconf 87' lang='lat' dir='ltr'><strong>ipse</strong></span> <span class='ocrx_word' id='word_1_102' title='bbox 745 1575 1097 1632; x_wconf 78' lang='lat' dir='ltr'><strong>meretriculis</strong></span> <span class='ocrx_word' id='word_1_103' title='bbox 1131 1577 1350 1632; x_wconf 91' lang='lat' dir='ltr'><strong>habitus</strong></span> <span class='ocrx_word' id='word_1_104' title='bbox 1394 1575 1791 1631; x_wconf 77' lang='lat' dir='ltr'><strong>confessionem</strong></span> <span class='ocrx_word' id='word_1_105' title='bbox 1823 1576 1896 1628; x_wconf 88' lang='lat' dir='ltr'><strong>si-</strong></span> 
     </span>
    </p>
   </div>
   <div class='ocr_carea' id='block_1_16' title="bbox 308 1665 1896 1740">
    <p class='ocr_par' dir='ltr' id='par_1_16' title="bbox 308 1665 1896 1740">
     <span class='ocr_line' id='line_1_16' title="bbox 308 1665 1896 1740; baseline -0.003 -18"><span class='ocrx_word' id='word_1_106' title='bbox 308 1669 530 1740; x_wconf 76' lang='lat' dir='ltr'><strong>gnificat</strong></span> <span class='ocrx_word' id='word_1_107' title='bbox 570 1676 918 1739; x_wconf 87' lang='lat' dir='ltr'><strong>peccatorum</strong></span> <span class='ocrx_word' id='word_1_108' title='bbox 943 1708 958 1733; x_wconf 88' lang='lat'><strong>,</strong></span> <span class='ocrx_word' id='word_1_109' title='bbox 1010 1669 1126 1723; x_wconf 90' lang='lat' dir='ltr'><strong>sive</strong></span> <span class='ocrx_word' id='word_1_110' title='bbox 1171 1669 1296 1738; x_wconf 90' lang='lat' dir='ltr'><strong>quia</strong></span> <span class='ocrx_word' id='word_1_111' title='bbox 1334 1669 1569 1724; x_wconf 83' lang='lat' dir='ltr'><strong>Thamar</strong></span> <span class='ocrx_word' id='word_1_112' title='bbox 1594 1683 1660 1720; x_wconf 85' lang='lat' dir='ltr'><strong>ex</strong></span> <span class='ocrx_word' id='word_1_113' title='bbox 1690 1665 1896 1721; x_wconf 84' lang='lat' dir='ltr'><strong>duobus</strong></span> 
     </span>
    </p>
   </div>
   <div class='ocr_carea' id='block_1_17' title="bbox 308 1755 1895 1828">
    <p class='ocr_par' dir='ltr' id='par_1_17' title="bbox 308 1755 1895 1828">
     <span class='ocr_line' id='line_1_17' title="bbox 308 1755 1895 1828; baseline -0.003 -15"><span class='ocrx_word' id='word_1_114' title='bbox 308 1757 578 1828; x_wconf 84' lang='lat' dir='ltr'><strong>corruptis</strong></span> <span class='ocrx_word' id='word_1_115' title='bbox 614 1758 959 1828; x_wconf 90' lang='lat' dir='ltr'><strong>componitur</strong></span> <span class='ocrx_word' id='word_1_116' title='bbox 985 1756 1167 1812; x_wconf 86' lang='lat' dir='ltr'><strong>verbis</strong></span> <span class='ocrx_word' id='word_1_117' title='bbox 1192 1798 1208 1822; x_wconf 92' lang='lat'><strong>,</strong></span> <span class='ocrx_word' id='word_1_118' title='bbox 1240 1758 1460 1812; x_wconf 87' lang='lat' dir='ltr'><strong>thamna</strong></span> <span class='ocrx_word' id='word_1_119' title='bbox 1490 1757 1716 1820; x_wconf 85' lang='lat' dir='ltr'><strong>scilicet,</strong></span> <span class='ocrx_word' id='word_1_120' title='bbox 1751 1755 1895 1824; x_wconf 89' lang='lat' dir='ltr'><strong>quod</strong></span> 
     </span>
    </p>
   </div>
   <div class='ocr_carea' id='block_1_18' title="bbox 307 1845 1894 1916">
    <p class='ocr_par' dir='ltr' id='par_1_18' title="bbox 307 1845 1894 1916">
     <span class='ocr_line' id='line_1_18' title="bbox 307 1845 1894 1916; baseline -0.003 -14"><span class='ocrx_word' id='word_1_121' title='bbox 307 1847 555 1916; x_wconf 77' lang='lat' dir='ltr'><strong>deﬁciens</strong></span> <span class='ocrx_word' id='word_1_122' title='bbox 581 1847 798 1914; x_wconf 90' lang='lat' dir='ltr'><strong>dicitur,</strong></span> <span class='ocrx_word' id='word_1_123' title='bbox 830 1856 884 1901; x_wconf 89' lang='lat' dir='ltr'><strong>et</strong></span> <span class='ocrx_word' id='word_1_124' title='bbox 909 1862 1080 1911; x_wconf 88' lang='lat' dir='ltr'><strong>mara,</strong></span> <span class='ocrx_word' id='word_1_125' title='bbox 1110 1847 1252 1916; x_wconf 85' lang='lat' dir='ltr'><strong>quod</strong></span> <span class='ocrx_word' id='word_1_126' title='bbox 1279 1857 1362 1901; x_wconf 91' lang='lat' dir='ltr'><strong>est</strong></span> <span class='ocrx_word' id='word_1_127' title='bbox 1391 1846 1714 1900; x_wconf 81' lang='lat' dir='ltr'><strong>amaritudo.</strong></span> <span class='ocrx_word' id='word_1_128' title='bbox 1750 1845 1894 1900; x_wconf 86' lang='lat' dir='ltr'><strong>Bene</strong></span> 
     </span>
    </p>
   </div>
   <div class='ocr_carea' id='block_1_19' title="bbox 1994 665 3579 737">
    <p class='ocr_par' dir='ltr' id='par_1_19' title="bbox 1994 665 3579 737">
     <span class='ocr_line' id='line_1_19' title="bbox 1994 665 3579 737; baseline -0.001 -17"><span class='ocrx_word' id='word_1_129' title='bbox 1994 667 2266 736; x_wconf 79' lang='lat' dir='ltr'><strong>patefecit.</strong></span> <span class='ocrx_word' id='word_1_130' title='bbox 2302 666 2438 733; x_wconf 84' lang='lat' dir='ltr'><strong>Quia</strong></span> <span class='ocrx_word' id='word_1_131' title='bbox 2489 667 2744 721; x_wconf 84' lang='lat' dir='ltr'><strong>nimirum</strong></span> <span class='ocrx_word' id='word_1_132' title='bbox 2781 665 3034 721; x_wconf 89' lang='lat' dir='ltr'><strong>Judaicns</strong></span> <span class='ocrx_word' id='word_1_133' title='bbox 3082 665 3308 737; x_wconf 81' lang='lat' dir='ltr'><strong>populus</strong></span> <span class='ocrx_word' id='word_1_134' title='bbox 3332 709 3345 729; x_wconf 85' lang='lat'><strong>,</strong></span> <span class='ocrx_word' id='word_1_135' title='bbox 3381 666 3471 735; x_wconf 88' lang='lat' dir='ltr'><strong>qui</strong></span> <span class='ocrx_word' id='word_1_136' title='bbox 3510 665 3579 719; x_wconf 77' lang='lat' dir='ltr'><strong>ad</strong></span> 
     </span>
    </p>
   </div>
   <div class='ocr_carea' id='block_1_20' title="bbox 1993 758 3576 830">
    <p class='ocr_par' dir='ltr' id='par_1_20' title="bbox 1993 758 3576 830">
     <span class='ocr_line' id='line_1_20' title="bbox 1993 758 3576 830; baseline -0.003 -15"><span class='ocrx_word' id='word_1_137' title='bbox 1993 762 2167 816; x_wconf 87' lang='lat' dir='ltr'><strong>lucem</strong></span> <span class='ocrx_word' id='word_1_138' title='bbox 2214 759 2449 830; x_wconf 86' lang='lat' dir='ltr'><strong>Spiritus</strong></span> <span class='ocrx_word' id='word_1_139' title='bbox 2476 760 2621 814; x_wconf 88' lang='lat' dir='ltr'><strong>nasci</strong></span> <span class='ocrx_word' id='word_1_140' title='bbox 2650 760 2898 829; x_wconf 81' lang='lat' dir='ltr'><strong>primitus</strong></span> <span class='ocrx_word' id='word_1_141' title='bbox 2931 760 3116 828; x_wconf 47' lang='lat' dir='ltr'><strong>carpit,</strong></span> <span class='ocrx_word' id='word_1_142' title='bbox 3143 758 3381 813; x_wconf 82' lang='lat' dir='ltr'><strong>ostendit</strong></span> <span class='ocrx_word' id='word_1_143' title='bbox 3416 773 3496 828; x_wconf 62' lang='lat' dir='ltr'><strong>ops</strong></span> <span class='ocrx_word' id='word_1_144' title='bbox 3521 773 3576 810; x_wconf 86' lang='lat' dir='ltr'><strong>r.t</strong></span> 
     </span>
    </p>
   </div>
   <div class='ocr_carea' id='block_1_21' title="bbox 1994 848 3579 923">
    <p class='ocr_par' dir='ltr' id='par_1_21' title="bbox 1994 848 3579 923">
     <span class='ocr_line' id='line_1_21' title="bbox 1994 848 3579 923; baseline -0.005 -15"><span class='ocrx_word' id='word_1_145' title='bbox 1994 871 2087 908; x_wconf 89' lang='lat' dir='ltr'><strong>sua</strong></span> <span class='ocrx_word' id='word_1_146' title='bbox 2131 854 2520 923; x_wconf 83' lang='lat' dir='ltr'><strong>prophetarmn</strong></span> <span class='ocrx_word' id='word_1_147' title='bbox 2570 851 2989 919; x_wconf 70' lang='lat' dir='ltr'><strong>praecedentium</strong></span> <span class='ocrx_word' id='word_1_148' title='bbox 3017 892 3031 914; x_wconf 93' lang='lat'><strong>,</strong></span> <span class='ocrx_word' id='word_1_149' title='bbox 3085 860 3139 904; x_wconf 90' lang='lat' dir='ltr'><strong>et</strong></span> <span class='ocrx_word' id='word_1_150' title='bbox 3171 850 3338 920; x_wconf 85' lang='lat' dir='ltr'><strong>ipsius</strong></span> <span class='ocrx_word' id='word_1_151' title='bbox 3369 848 3579 903; x_wconf 73' lang='lat' dir='ltr'><strong>Doiriini</strong></span> 
     </span>
    </p>
   </div>
   <div class='ocr_carea' id='block_1_22' title="bbox 1994 940 3578 1014">
    <p class='ocr_par' dir='ltr' id='par_1_22' title="bbox 1994 940 3578 1014">
     <span class='ocr_line' id='line_1_22' title="bbox 1994 940 3578 1014; baseline -0.006 -13"><span class='ocrx_word' id='word_1_152' title='bbox 1994 959 2189 1001; x_wconf 85' lang='lat' dir='ltr'><strong>Cruore</strong></span> <span class='ocrx_word' id='word_1_153' title='bbox 2236 942 2461 1014; x_wconf 80' lang='lat' dir='ltr'><strong>polluta.</strong></span> <span class='ocrx_word' id='word_1_154' title='bbox 2494 941 2648 996; x_wconf 90' lang='lat' dir='ltr'><strong>Unde</strong></span> <span class='ocrx_word' id='word_1_155' title='bbox 2692 951 2746 996; x_wconf 86' lang='lat' dir='ltr'><strong>et</strong></span> <span class='ocrx_word' id='word_1_156' title='bbox 2776 941 2912 994; x_wconf 75' lang='lat' dir='ltr'><strong>Zara</strong></span> <span class='ocrx_word' id='word_1_157' title='bbox 2959 942 3128 994; x_wconf 77' lang='lat' dir='ltr'><strong>oriens</strong></span> <span class='ocrx_word' id='word_1_158' title='bbox 3163 940 3578 1009; x_wconf 65' lang='lat' dir='ltr'><strong>interpretatur;</strong></span> 
     </span>
    </p>
   </div>
   <div class='ocr_carea' id='block_1_23' title="bbox 1996 1033 3583 1108">
    <p class='ocr_par' dir='ltr' id='par_1_23' title="bbox 1996 1033 3583 1108">
     <span class='ocr_line' id='line_1_23' title="bbox 1996 1033 3583 1108; baseline -0.003 -17"><span class='ocrx_word' id='word_1_159' title='bbox 1996 1039 2118 1108; x_wconf 86' lang='lat' dir='ltr'><strong>quia</strong></span> <span class='ocrx_word' id='word_1_160' title='bbox 2155 1037 2452 1092; x_wconf 87' lang='lat' dir='ltr'><strong>llebraicus</strong></span> <span class='ocrx_word' id='word_1_161' title='bbox 2496 1036 2585 1090; x_wconf 90' lang='lat' dir='ltr'><strong>ille</strong></span> <span class='ocrx_word' id='word_1_162' title='bbox 2622 1035 2848 1106; x_wconf 85' lang='lat' dir='ltr'><strong>populus</strong></span> <span class='ocrx_word' id='word_1_163' title='bbox 2881 1035 3028 1104; x_wconf 90' lang='lat' dir='ltr'><strong>prior</strong></span> <span class='ocrx_word' id='word_1_164' title='bbox 3058 1047 3209 1088; x_wconf 80' lang='lat' dir='ltr'><strong>ortus</strong></span> <span class='ocrx_word' id='word_1_165' title='bbox 3240 1043 3323 1090; x_wconf 90' lang='lat' dir='ltr'><strong>est</strong></span> <span class='ocrx_word' id='word_1_166' title='bbox 3348 1033 3414 1087; x_wconf 90' lang='lat' dir='ltr'><strong>ad</strong></span> <span class='ocrx_word' id='word_1_167' title='bbox 3442 1033 3583 1086; x_wconf 88' lang='lat' dir='ltr'><strong>litte-</strong></span> 
     </span>
    </p>
   </div>
   <div class='ocr_carea' id='block_1_24' title="bbox 1997 1127 3581 1201">
    <p class='ocr_par' dir='ltr' id='par_1_24' title="bbox 1997 1127 3581 1201">
     <span class='ocr_line' id='line_1_24' title="bbox 1997 1127 3581 1201; baseline -0.004 -15"><span class='ocrx_word' id='word_1_168' title='bbox 1997 1147 2111 1186; x_wconf 84' lang='lat' dir='ltr'><strong>ram</strong></span> <span class='ocrx_word' id='word_1_169' title='bbox 2144 1130 2296 1201; x_wconf 84' lang='lat' dir='ltr'><strong>legis.</strong></span> <span class='ocrx_word' id='word_1_170' title='bbox 2330 1131 2421 1185; x_wconf 86' lang='lat' dir='ltr'><strong>sed</strong></span> <span class='ocrx_word' id='word_1_171' title='bbox 2450 1129 2720 1199; x_wconf 88' lang='lat' dir='ltr'><strong>posterior</strong></span> <span class='ocrx_word' id='word_1_172' title='bbox 2747 1129 2924 1182; x_wconf 85' lang='lat' dir='ltr'><strong>factus</strong></span> <span class='ocrx_word' id='word_1_173' title='bbox 2962 1136 3044 1182; x_wconf 92' lang='lat' dir='ltr'><strong>cst</strong></span> <span class='ocrx_word' id='word_1_174' title='bbox 3090 1127 3156 1182; x_wconf 89' lang='lat' dir='ltr'><strong>ad</strong></span> <span class='ocrx_word' id='word_1_175' title='bbox 3181 1127 3581 1196; x_wconf 82' lang='lat' dir='ltr'><strong>suscipiendam</strong></span> 
     </span>
    </p>
   </div>
   <div class='ocr_carea' id='block_1_25' title="bbox 1997 1217 3586 1293">
    <p class='ocr_par' dir='ltr' id='par_1_25' title="bbox 1997 1217 3586 1293">
     <span class='ocr_line' id='line_1_25' title="bbox 1997 1217 3586 1293; baseline -0.006 -17"><span class='ocrx_word' id='word_1_176' title='bbox 1997 1221 2224 1293; x_wconf 86' lang='lat' dir='ltr'><strong>gratiam</strong></span> <span class='ocrx_word' id='word_1_177' title='bbox 2262 1220 2560 1291; x_wconf 73' lang='lat' dir='ltr'><strong>Evangelii.</strong></span> <span class='ocrx_word' id='word_1_178' title='bbox 2615 1219 2728 1275; x_wconf 86' lang='lat' dir='ltr'><strong>Hoc</strong></span> <span class='ocrx_word' id='word_1_179' title='bbox 2781 1221 2965 1288; x_wconf 86' lang='lat' dir='ltr'><strong>itaque</strong></span> <span class='ocrx_word' id='word_1_180' title='bbox 3015 1217 3174 1274; x_wconf 91' lang='lat' dir='ltr'><strong>modo</strong></span> <span class='ocrx_word' id='word_1_181' title='bbox 3220 1217 3446 1270; x_wconf 81' lang='lat' dir='ltr'><strong>retraxit</strong></span> <span class='ocrx_word' id='word_1_182' title='bbox 3475 1231 3586 1268; x_wconf 86' lang='lat' dir='ltr'><strong>ma-</strong></span> 
     </span>
    </p>
   </div>
   <div class='ocr_carea' id='block_1_26' title="bbox 1996 1308 3584 1382">
    <p class='ocr_par' dir='ltr' id='par_1_26' title="bbox 1996 1308 3584 1382">
     <span class='ocr_line' id='line_1_26' title="bbox 1996 1308 3584 1382; baseline -0.005 -14"><span class='ocrx_word' id='word_1_183' title='bbox 1996 1329 2150 1377; x_wconf 88' lang='lat' dir='ltr'><strong>tntm,</strong></span> <span class='ocrx_word' id='word_1_184' title='bbox 2182 1311 2272 1382; x_wconf 91' lang='lat' dir='ltr'><strong>qui</strong></span> <span class='ocrx_word' id='word_1_185' title='bbox 2307 1313 2452 1366; x_wconf 89' lang='lat' dir='ltr'><strong>nasci</strong></span> <span class='ocrx_word' id='word_1_186' title='bbox 2487 1309 2600 1379; x_wconf 91' lang='lat' dir='ltr'><strong>jam</strong></span> <span class='ocrx_word' id='word_1_187' title='bbox 2633 1326 2729 1382; x_wconf 91' lang='lat' dir='ltr'><strong>per</strong></span> <span class='ocrx_word' id='word_1_188' title='bbox 2759 1310 3018 1379; x_wconf 88' lang='lat' dir='ltr'><strong>Spiritqu</strong></span> <span class='ocrx_word' id='word_1_189' title='bbox 3070 1317 3313 1378; x_wconf 79' lang='lat' dir='ltr'><strong>coeperat</strong></span> <span class='ocrx_word' id='word_1_190' title='bbox 3353 1308 3584 1378; x_wconf 89' lang='lat' dir='ltr'><strong>populus</strong></span> 
     </span>
    </p>
   </div>
   <div class='ocr_carea' id='block_1_27' title="bbox 1996 1397 3588 1471">
    <p class='ocr_par' dir='ltr' id='par_1_27' title="bbox 1996 1397 3588 1471">
     <span class='ocr_line' id='line_1_27' title="bbox 1996 1397 3588 1471; baseline -0.005 -13"><span class='ocrx_word' id='word_1_191' title='bbox 1996 1402 2332 1467; x_wconf 72' lang='lat' dir='ltr'><strong>Judazorum;</strong></span> <span class='ocrx_word' id='word_1_192' title='bbox 2366 1411 2422 1456; x_wconf 87' lang='lat' dir='ltr'><strong>et</strong></span> <span class='ocrx_word' id='word_1_193' title='bbox 2452 1397 2572 1456; x_wconf 84' lang='lat' dir='ltr'><strong>mox</strong></span> <span class='ocrx_word' id='word_1_194' title='bbox 2604 1401 2852 1471; x_wconf 87' lang='lat' dir='ltr'><strong>prorupit</strong></span> <span class='ocrx_word' id='word_1_195' title='bbox 2897 1416 2960 1454; x_wconf 90' lang='lat' dir='ltr'><strong>ac</strong></span> <span class='ocrx_word' id='word_1_196' title='bbox 3003 1398 3178 1452; x_wconf 86' lang='lat' dir='ltr'><strong>factus</strong></span> <span class='ocrx_word' id='word_1_197' title='bbox 3212 1406 3293 1451; x_wconf 90' lang='lat' dir='ltr'><strong>cst</strong></span> <span class='ocrx_word' id='word_1_198' title='bbox 3323 1397 3588 1468; x_wconf 84' lang='lat' dir='ltr'><strong>primoge-</strong></span> 
     </span>
    </p>
   </div>
   <div class='ocr_carea' id='block_1_28' title="bbox 1998 1486 3584 1562">
    <p class='ocr_par' dir='ltr' id='par_1_28' title="bbox 1998 1486 3584 1562">
     <span class='ocr_line' id='line_1_28' title="bbox 1998 1486 3584 1562; baseline -0.005 -16"><span class='ocrx_word' id='word_1_199' title='bbox 1998 1493 2144 1547; x_wconf 85' lang='lat' dir='ltr'><strong>nitus</strong></span> <span class='ocrx_word' id='word_1_200' title='bbox 2174 1492 2403 1561; x_wconf 91' lang='lat' dir='ltr'><strong>populus</strong></span> <span class='ocrx_word' id='word_1_201' title='bbox 2429 1491 2688 1562; x_wconf 89' lang='lat' dir='ltr'><strong>gentium,</strong></span> <span class='ocrx_word' id='word_1_202' title='bbox 2720 1489 2923 1544; x_wconf 90' lang='lat' dir='ltr'><strong>scilicet</strong></span> <span class='ocrx_word' id='word_1_203' title='bbox 2952 1497 3007 1542; x_wconf 92' lang='lat' dir='ltr'><strong>ut</strong></span> <span class='ocrx_word' id='word_1_204' title='bbox 3034 1531 3047 1553; x_wconf 88' lang='lat'><strong>,</strong></span> <span class='ocrx_word' id='word_1_205' title='bbox 3073 1486 3225 1556; x_wconf 81' lang='lat' dir='ltr'><strong>juxta</strong></span> <span class='ocrx_word' id='word_1_206' title='bbox 3259 1487 3584 1541; x_wconf 90' lang='lat' dir='ltr'><strong>sententiam</strong></span> 
     </span>
    </p>
   </div>
   <div class='ocr_carea' id='block_1_29' title="bbox 1999 1577 3586 1648">
    <p class='ocr_par' dir='ltr' id='par_1_29' title="bbox 1999 1577 3586 1648">
     <span class='ocr_line' id='line_1_29' title="bbox 1999 1577 3586 1648; baseline -0.006 -9"><span class='ocrx_word' id='word_1_207' title='bbox 1999 1584 2255 1639; x_wconf 79' lang='lat' dir='ltr'><strong>Veritatis</strong></span> <span class='ocrx_word' id='word_1_208' title='bbox 2281 1624 2294 1648; x_wconf 91' lang='lat'><strong>,</strong></span> <span class='ocrx_word' id='word_1_209' title='bbox 2325 1583 2492 1636; x_wconf 83' lang='lat' dir='ltr'><strong>futuri</strong></span> <span class='ocrx_word' id='word_1_210' title='bbox 2522 1590 2703 1636; x_wconf 89' lang='lat' dir='ltr'><strong>essent</strong></span> <span class='ocrx_word' id='word_1_211' title='bbox 2737 1579 3016 1636; x_wconf 77' lang='lat' dir='ltr'><strong>novissimi</strong></span> <span class='ocrx_word' id='word_1_212' title='bbox 3067 1579 3158 1648; x_wconf 85' lang='lat' dir='ltr'><strong>qui</strong></span> <span class='ocrx_word' id='word_1_213' title='bbox 3202 1587 3357 1632; x_wconf 87' lang='lat' dir='ltr'><strong>erant</strong></span> <span class='ocrx_word' id='word_1_214' title='bbox 3383 1577 3541 1648; x_wconf 88' lang='lat' dir='ltr'><strong>primi</strong></span> <span class='ocrx_word' id='word_1_215' title='bbox 3570 1623 3586 1645; x_wconf 89' lang='lat'><strong>,</strong></span> 
     </span>
    </p>
   </div>
   <div class='ocr_carea' id='block_1_30' title="bbox 1995 1663 3590 1746">
    <p class='ocr_par' dir='ltr' id='par_1_30' title="bbox 1995 1663 3590 1746">
     <span class='ocr_line' id='line_1_30' title="bbox 1995 1663 3590 1746; baseline -0.007 -16"><span class='ocrx_word' id='word_1_216' title='bbox 1995 1663 2051 1731; x_wconf 89' lang='lat' dir='ltr'><strong>et</strong></span> <span class='ocrx_word' id='word_1_217' title='bbox 2078 1675 2239 1746; x_wconf 90' lang='lat' dir='ltr'><strong>primi</strong></span> <span class='ocrx_word' id='word_1_218' title='bbox 2295 1675 2488 1729; x_wconf 88' lang='lat' dir='ltr'><strong>ﬁerent</strong></span> <span class='ocrx_word' id='word_1_219' title='bbox 2535 1672 2623 1742; x_wconf 89' lang='lat' dir='ltr'><strong>qui</strong></span> <span class='ocrx_word' id='word_1_220' title='bbox 2673 1684 2828 1728; x_wconf 87' lang='lat' dir='ltr'><strong>erant</strong></span> <span class='ocrx_word' id='word_1_221' title='bbox 2878 1671 3182 1727; x_wconf 84' lang='lat' dir='ltr'><strong>novissimi.</strong></span> <span class='ocrx_word' id='word_1_222' title='bbox 3232 1670 3379 1724; x_wconf 86' lang='lat' dir='ltr'><strong>Bene</strong></span> <span class='ocrx_word' id='word_1_223' title='bbox 3428 1669 3590 1738; x_wconf 78' lang='lat' dir='ltr'><strong>igitur</strong></span> 
     </span>
    </p>
   </div>
   <div class='ocr_carea' id='block_1_31' title="bbox 1997 1763 3587 1834">
    <p class='ocr_par' dir='ltr' id='par_1_31' title="bbox 1997 1763 3587 1834">
     <span class='ocr_line' id='line_1_31' title="bbox 1997 1763 3587 1834; baseline -0.004 -13"><span class='ocrx_word' id='word_1_224' title='bbox 1997 1768 2203 1822; x_wconf 81' lang='lat' dir='ltr'><strong>Phares</strong></span> <span class='ocrx_word' id='word_1_225' title='bbox 2239 1768 2510 1822; x_wconf 80' lang='lat' dir='ltr'><strong>divisionis</strong></span> <span class='ocrx_word' id='word_1_226' title='bbox 2540 1781 2734 1821; x_wconf 87' lang='lat' dir='ltr'><strong>nomen</strong></span> <span class='ocrx_word' id='word_1_227' title='bbox 2763 1766 2990 1834; x_wconf 85' lang='lat' dir='ltr'><strong>accepit.</strong></span> <span class='ocrx_word' id='word_1_228' title='bbox 3034 1764 3187 1819; x_wconf 85' lang='lat' dir='ltr'><strong>Unde</strong></span> <span class='ocrx_word' id='word_1_229' title='bbox 3227 1773 3281 1817; x_wconf 88' lang='lat' dir='ltr'><strong>et</strong></span> <span class='ocrx_word' id='word_1_230' title='bbox 3324 1763 3587 1817; x_wconf 83' lang='lat' dir='ltr'><strong>obstettix</strong></span> 
     </span>
    </p>
   </div>
   <div class='ocr_carea' id='block_1_32' title="bbox 1998 1856 3590 1924">
    <p class='ocr_par' dir='ltr' id='par_1_32' title="bbox 1998 1856 3590 1924">
     <span class='ocr_line' id='line_1_32' title="bbox 1998 1856 3590 1924; baseline -0.002 -12"><span class='ocrx_word' id='word_1_231' title='bbox 1998 1873 2063 1912; x_wconf 87' lang='lat' dir='ltr'><strong>eo</strong></span> <span class='ocrx_word' id='word_1_232' title='bbox 2090 1865 2345 1912; x_wconf 90' lang='lat' dir='ltr'><strong>nascente</strong></span> <span class='ocrx_word' id='word_1_233' title='bbox 2373 1856 2626 1912; x_wconf 80' lang='lat' dir='ltr'><strong>clamavit</strong></span> <span class='ocrx_word' id='word_1_234' title='bbox 2658 1876 2669 1910; x_wconf 90' lang='lat'>:</span> <span class='ocrx_word' id='word_1_235' title='bbox 2705 1876 2724 1908; x_wconf 78' lang='grc' dir='ltr'><strong>ι</strong></span> <span class='ocrx_word' id='word_1_236' title='bbox 2756 1856 2936 1923; x_wconf 85' lang='lat' dir='ltr'><strong>Quare</strong></span> <span class='ocrx_word' id='word_1_237' title='bbox 2974 1857 3146 1910; x_wconf 89' lang='lat' dir='ltr'><strong>divisa</strong></span> <span class='ocrx_word' id='word_1_238' title='bbox 3177 1864 3256 1910; x_wconf 87' lang='lat' dir='ltr'><strong>est</strong></span> <span class='ocrx_word' id='word_1_239' title='bbox 3291 1863 3512 1924; x_wconf 88' lang='lat' dir='ltr'><strong>propter</strong></span> <span class='ocrx_word' id='word_1_240' title='bbox 3539 1864 3590 1909; x_wconf 87' lang='lat' dir='ltr'><strong>te</strong></span> 
     </span>
    </p>
   </div>
   <div class='ocr_carea' id='block_1_33' title="bbox 309 1937 3591 2018">
    <p class='ocr_par' dir='ltr' id='par_1_33' title="bbox 309 1937 3591 2018">
     <span class='ocr_line' id='line_1_33' title="bbox 309 1937 3591 2018; baseline -0.003 -12"><span class='ocrx_word' id='word_1_241' title='bbox 309 1940 364 1993; x_wconf 70' lang='lat' dir='ltr'><strong>in</strong></span> <span class='ocrx_word' id='word_1_242' title='bbox 395 1953 455 1992; x_wconf 65' lang='lat' dir='ltr'><strong>ea</strong></span> <span class='ocrx_word' id='word_1_243' title='bbox 485 1939 790 1993; x_wconf 67' lang='grc' dir='ltr'><strong>θητὶὶΐίιυάο</strong></span> <span class='ocrx_word' id='word_1_244' title='bbox 814 1937 1014 1993; x_wconf 51' lang='lat' dir='ltr'><strong>defeat</strong></span> <span class='ocrx_word' id='word_1_245' title='bbox 1037 1979 1052 2004; x_wconf 74' lang='grc' dir='ltr'><strong>ν</strong></span> <span class='ocrx_word' id='word_1_246' title='bbox 1101 1953 1223 1994; x_wconf 78' lang='lat' dir='ltr'><strong>Cum</strong></span> <span class='ocrx_word' id='word_1_247' title='bbox 1257 1938 1486 1994; x_wconf 67' lang='lat' dir='ltr'><strong>fecunda</strong></span> <span class='ocrx_word' id='word_1_248' title='bbox 1512 1939 1650 1994; x_wconf 66' lang='lat' dir='ltr'><strong>facta</strong></span> <span class='ocrx_word' id='word_1_249' title='bbox 1686 1937 1751 1991; x_wconf 76' lang='lat' dir='ltr'><strong>de</strong></span> <span class='ocrx_word' id='word_1_250' title='bbox 1782 1950 1893 1991; x_wconf 75' lang='lat' dir='ltr'><strong>Sle-</strong></span> <span class='ocrx_word' id='word_1_251' title='bbox 1930 1941 1969 1998; x_wconf 86' lang='grc' dir='ltr'><strong><em>Β</em></strong></span> <span class='ocrx_word' id='word_1_252' title='bbox 2001 1945 2476 2018; x_wconf 69' lang='grc' dir='ltr'><strong>ιιιειοριὶειῖι(ϐεη.</strong></span> <span class='ocrx_word' id='word_1_253' title='bbox 2498 1947 2746 2016; x_wconf 77' lang='lat' dir='ltr'><strong>xxxviii.)</strong></span> <span class='ocrx_word' id='word_1_254' title='bbox 2777 1946 2948 2001; x_wconf 88' lang='lat' dir='ltr'><strong>Omne</strong></span> <span class='ocrx_word' id='word_1_255' title='bbox 2975 1946 3172 2016; x_wconf 87' lang='lat' dir='ltr'><strong>quippe</strong></span> <span class='ocrx_word' id='word_1_256' title='bbox 3201 1959 3369 2015; x_wconf 84' lang='lat' dir='ltr'><strong>genus</strong></span> <span class='ocrx_word' id='word_1_257' title='bbox 3397 1945 3591 1998; x_wconf 85' lang='lat' dir='ltr'><strong>huma-</strong></span> 
     </span>
    </p>
   </div>
   <div class='ocr_carea' id='block_1_34' title="bbox 307 2031 1899 2104">
    <p class='ocr_par' dir='ltr' id='par_1_34' title="bbox 307 2031 1899 2104">
     <span class='ocr_line' id='line_1_34' title="bbox 307 2031 1899 2104; baseline -0.001 -17"><span class='ocrx_word' id='word_1_258' title='bbox 307 2032 417 2096; x_wconf 90' lang='lat' dir='ltr'><strong>rili,</strong></span> <span class='ocrx_word' id='word_1_259' title='bbox 449 2032 657 2088; x_wconf 86' lang='lat' dir='ltr'><strong>dulcem</strong></span> <span class='ocrx_word' id='word_1_260' title='bbox 685 2034 808 2088; x_wconf 91' lang='lat' dir='ltr'><strong>novi</strong></span> <span class='ocrx_word' id='word_1_261' title='bbox 835 2033 1095 2104; x_wconf 84' lang='lat' dir='ltr'><strong>germinis</strong></span> <span class='ocrx_word' id='word_1_262' title='bbox 1125 2033 1361 2088; x_wconf 84' lang='lat' dir='ltr'><strong>subolem</strong></span> <span class='ocrx_word' id='word_1_263' title='bbox 1396 2033 1721 2102; x_wconf 89' lang='lat' dir='ltr'><strong>procreavit.</strong></span> <span class='ocrx_word' id='word_1_264' title='bbox 1755 2031 1899 2086; x_wconf 84' lang='lat' dir='ltr'><strong>Tha-</strong></span> 
     </span>
    </p>
   </div>
   <div class='ocr_carea' id='block_1_35' title="bbox 308 2120 1895 2197">
    <p class='ocr_par' dir='ltr' id='par_1_35' title="bbox 308 2120 1895 2197">
     <span class='ocr_line' id='line_1_35' title="bbox 308 2120 1895 2197; baseline -0.001 -17"><span class='ocrx_word' id='word_1_265' title='bbox 308 2141 430 2180; x_wconf 88' lang='lat' dir='ltr'><strong>mar</strong></span> <span class='ocrx_word' id='word_1_266' title='bbox 478 2125 642 2196; x_wconf 81' lang='lat' dir='ltr'><strong>igitur</strong></span> <span class='ocrx_word' id='word_1_267' title='bbox 670 2142 700 2180; x_wconf 93' lang='lat' dir='ltr'><strong>a</strong></span> <span class='ocrx_word' id='word_1_268' title='bbox 730 2141 838 2182; x_wconf 92' lang='lat' dir='ltr'><strong>non</strong></span> <span class='ocrx_word' id='word_1_269' title='bbox 884 2120 1249 2197; x_wconf 33' lang='lat' dir='ltr'><strong>&#39;cognoscente</strong></span> <span class='ocrx_word' id='word_1_270' title='bbox 1281 2127 1478 2180; x_wconf 88' lang='lat' dir='ltr'><strong>fetatur</strong></span> <span class='ocrx_word' id='word_1_271' title='bbox 1501 2167 1516 2192; x_wconf 93' lang='lat'><strong>,</strong></span> <span class='ocrx_word' id='word_1_272' title='bbox 1554 2126 1678 2196; x_wconf 86' lang='lat' dir='ltr'><strong>quia</strong></span> <span class='ocrx_word' id='word_1_273' title='bbox 1707 2137 1895 2179; x_wconf 85' lang='lat' dir='ltr'><strong>sancta</strong></span> 
     </span>
    </p>
   </div>
   <div class='ocr_carea' id='block_1_36' title="bbox 273 2203 1897 2292">
    <p class='ocr_par' dir='ltr' id='par_1_36' title="bbox 273 2203 1897 2292">
     <span class='ocr_line' id='line_1_36' title="bbox 273 2203 1897 2292; baseline -0.003 -15"><span class='ocrx_word' id='word_1_274' title='bbox 273 2279 283 2288; x_wconf 68' lang='grc'><em>,</em></span> <span class='ocrx_word' id='word_1_275' title='bbox 309 2203 837 2290; x_wconf 63' lang='grc' dir='ltr'><strong><em>Εεειθδίςίίιιιιιιιιιιιιι</em></strong></span> <span class='ocrx_word' id='word_1_276' title='bbox 867 2220 934 2275; x_wconf 88' lang='lat' dir='ltr'><strong>ad</strong></span> <span class='ocrx_word' id='word_1_277' title='bbox 957 2220 1311 2292; x_wconf 78' lang='lat' dir='ltr'><strong>gentilitatem</strong></span> <span class='ocrx_word' id='word_1_278' title='bbox 1344 2220 1397 2274; x_wconf 90' lang='lat' dir='ltr'><strong>in</strong></span> <span class='ocrx_word' id='word_1_279' title='bbox 1429 2220 1745 2290; x_wconf 91' lang='lat' dir='ltr'><strong>primordio,</strong></span> <span class='ocrx_word' id='word_1_280' title='bbox 1773 2217 1897 2272; x_wconf 90' lang='lat' dir='ltr'><strong>dum</strong></span> 
     </span>
    </p>
   </div>
   <div class='ocr_carea' id='block_1_37' title="bbox 309 2310 1901 2381">
    <p class='ocr_par' dir='ltr' id='par_1_37' title="bbox 309 2310 1901 2381">
     <span class='ocr_line' id='line_1_37' title="bbox 309 2310 1901 2381; baseline 0.001 -15"><span class='ocrx_word' id='word_1_281' title='bbox 309 2326 465 2367; x_wconf 71' lang='lat' dir='ltr'><strong>nova:</strong></span> <span class='ocrx_word' id='word_1_282' title='bbox 493 2311 617 2366; x_wconf 88' lang='lat' dir='ltr'><strong>ﬁdei</strong></span> <span class='ocrx_word' id='word_1_283' title='bbox 646 2326 828 2367; x_wconf 89' lang='lat' dir='ltr'><strong>semen</strong></span> <span class='ocrx_word' id='word_1_284' title='bbox 872 2310 1110 2381; x_wconf 89' lang='lat' dir='ltr'><strong>accipit,</strong></span> <span class='ocrx_word' id='word_1_285' title='bbox 1139 2324 1249 2366; x_wconf 90' lang='lat' dir='ltr'><strong>non</strong></span> <span class='ocrx_word' id='word_1_286' title='bbox 1299 2312 1628 2380; x_wconf 85' lang='lat' dir='ltr'><strong>agnoscitur.</strong></span> <span class='ocrx_word' id='word_1_287' title='bbox 1663 2313 1816 2370; x_wconf 83' lang='lat' dir='ltr'><strong>Unde</strong></span> <span class='ocrx_word' id='word_1_288' title='bbox 1846 2323 1901 2368; x_wconf 76' lang='lat' dir='ltr'><strong>et</strong></span> 
     </span>
    </p>
   </div>
   <div class='ocr_carea' id='block_1_38' title="bbox 312 2404 1896 2476">
    <p class='ocr_par' dir='ltr' id='par_1_38' title="bbox 312 2404 1896 2476">
     <span class='ocr_line' id='line_1_38' title="bbox 312 2404 1896 2476; baseline 0 -15"><span class='ocrx_word' id='word_1_289' title='bbox 312 2405 529 2461; x_wconf 91' lang='lat' dir='ltr'><strong>canitur</strong></span> <span class='ocrx_word' id='word_1_290' title='bbox 553 2423 566 2458; x_wconf 91' lang='lat'><strong>:</strong></span> <span class='ocrx_word' id='word_1_291' title='bbox 599 2423 615 2454; x_wconf 70' lang='grc' dir='ltr'><strong>ε</strong></span> <span class='ocrx_word' id='word_1_292' title='bbox 642 2404 896 2473; x_wconf 85' lang='lat' dir='ltr'><strong>Populus,</strong></span> <span class='ocrx_word' id='word_1_293' title='bbox 919 2420 1080 2474; x_wconf 88' lang='lat' dir='ltr'><strong>quem</strong></span> <span class='ocrx_word' id='word_1_294' title='bbox 1107 2418 1213 2458; x_wconf 93' lang='lat' dir='ltr'><strong>non</strong></span> <span class='ocrx_word' id='word_1_295' title='bbox 1241 2405 1492 2476; x_wconf 82' lang='lat' dir='ltr'><strong>cognovi,</strong></span> <span class='ocrx_word' id='word_1_296' title='bbox 1522 2407 1744 2461; x_wconf 85' lang='lat' dir='ltr'><strong>servivit</strong></span> <span class='ocrx_word' id='word_1_297' title='bbox 1766 2406 1896 2461; x_wconf 85' lang='lat' dir='ltr'><strong>mihi</strong></span> 
     </span>
    </p>
   </div>
   <div class='ocr_carea' id='block_1_39' title="bbox 314 2494 1899 2566">
    <p class='ocr_par' dir='ltr' id='par_1_39' title="bbox 314 2494 1899 2566">
     <span class='ocr_line' id='line_1_39' title="bbox 314 2494 1899 2566; baseline 0.002 -17"><span class='ocrx_word' id='word_1_298' title='bbox 314 2495 488 2566; x_wconf 79' lang='lat' dir='ltr'><strong>(Psal.</strong></span> <span class='ocrx_word' id='word_1_299' title='bbox 524 2509 682 2565; x_wconf 80' lang='lat' dir='ltr'><strong>xvn.)</strong></span> <span class='ocrx_word' id='word_1_300' title='bbox 716 2513 735 2548; x_wconf 76' lang='grc' dir='ltr'><strong>ι</strong></span> <span class='ocrx_word' id='word_1_301' title='bbox 770 2495 838 2550; x_wconf 89' lang='lat' dir='ltr'><strong>Et</strong></span> <span class='ocrx_word' id='word_1_302' title='bbox 873 2495 1038 2550; x_wconf 86' lang='lat' dir='ltr'><strong>Isaias</strong></span> <span class='ocrx_word' id='word_1_303' title='bbox 1073 2513 1088 2549; x_wconf 90' lang='lat'><strong>:</strong></span> <span class='ocrx_word' id='word_1_304' title='bbox 1129 2513 1146 2546; x_wconf 77' lang='grc' dir='ltr'><strong>ι</strong></span> <span class='ocrx_word' id='word_1_305' title='bbox 1187 2494 1350 2559; x_wconf 82' lang='lat' dir='ltr'><strong>Ecce,</strong></span> <span class='ocrx_word' id='word_1_306' title='bbox 1374 2496 1472 2560; x_wconf 86' lang='lat' dir='ltr'><strong>ait,</strong></span> <span class='ocrx_word' id='word_1_307' title='bbox 1495 2504 1706 2566; x_wconf 78' lang='lat' dir='ltr'><strong>gentem</strong></span> <span class='ocrx_word' id='word_1_308' title='bbox 1739 2513 1899 2566; x_wconf 79' lang='lat' dir='ltr'><strong>quam</strong></span> 
     </span>
    </p>
   </div>
   <div class='ocr_carea' id='block_1_40' title="bbox 314 2585 1901 2658">
    <p class='ocr_par' dir='ltr' id='par_1_40' title="bbox 314 2585 1901 2658">
     <span class='ocr_line' id='line_1_40' title="bbox 314 2585 1901 2658; baseline 0.002 -18"><span class='ocrx_word' id='word_1_309' title='bbox 314 2586 597 2642; x_wconf 83' lang='lat' dir='ltr'><strong>nesciebas</strong></span> <span class='ocrx_word' id='word_1_310' title='bbox 628 2587 870 2651; x_wconf 90' lang='lat' dir='ltr'><strong>vocabis,</strong></span> <span class='ocrx_word' id='word_1_311' title='bbox 903 2594 957 2640; x_wconf 93' lang='lat' dir='ltr'><strong>et</strong></span> <span class='ocrx_word' id='word_1_312' title='bbox 988 2595 1175 2657; x_wconf 85' lang='lat' dir='ltr'><strong>gentes</strong></span> <span class='ocrx_word' id='word_1_313' title='bbox 1205 2601 1325 2655; x_wconf 68' lang='lat' dir='ltr'><strong>qua:</strong></span> <span class='ocrx_word' id='word_1_314' title='bbox 1348 2585 1460 2658; x_wconf 81' lang='lat'><strong>96</strong></span> <span class='ocrx_word' id='word_1_315' title='bbox 1490 2595 1541 2641; x_wconf 89' lang='lat' dir='ltr'><strong>te</strong></span> <span class='ocrx_word' id='word_1_316' title='bbox 1566 2603 1671 2640; x_wconf 84' lang='lat' dir='ltr'><strong>non</strong></span> <span class='ocrx_word' id='word_1_317' title='bbox 1700 2603 1901 2657; x_wconf 84' lang='lat' dir='ltr'><strong>cogno-</strong></span> 
     </span>
    </p>
   </div>
   <div class='ocr_carea' id='block_1_41' title="bbox 247 2669 1901 2747">
    <p class='ocr_par' dir='ltr' id='par_1_41' title="bbox 247 2669 1901 2747">
     <span class='ocr_line' id='line_1_41' title="bbox 247 2669 1901 2747; baseline 0.002 -18"><span class='ocrx_word' id='word_1_318' title='bbox 247 2689 253 2694; x_wconf 83' lang='lat'><strong><em>&#39;</em></strong></span> <span class='ocrx_word' id='word_1_319' title='bbox 312 2686 550 2739; x_wconf 83' lang='lat' dir='ltr'><strong>verunt,</strong></span> <span class='ocrx_word' id='word_1_320' title='bbox 576 2669 672 2731; x_wconf 61' lang='lat' dir='ltr'><strong>&#39;ad</strong></span> <span class='ocrx_word' id='word_1_321' title='bbox 723 2685 775 2731; x_wconf 91' lang='lat' dir='ltr'><strong>te</strong></span> <span class='ocrx_word' id='word_1_322' title='bbox 827 2685 1048 2732; x_wconf 88' lang='lat' dir='ltr'><strong>current</strong></span> <span class='ocrx_word' id='word_1_323' title='bbox 1085 2675 1218 2747; x_wconf 76' lang='lat' dir='ltr'><strong>(Isa.</strong></span> <span class='ocrx_word' id='word_1_324' title='bbox 1253 2676 1362 2746; x_wconf 69' lang='grc' dir='ltr'><strong><em>ιγ).</em></strong></span> <span class='ocrx_word' id='word_1_325' title='bbox 1397 2695 1413 2726; x_wconf 79' lang='grc' dir='ltr'><strong>ι</strong></span> <span class='ocrx_word' id='word_1_326' title='bbox 1460 2675 1631 2730; x_wconf 83' lang='lat' dir='ltr'><strong>Porro</strong></span> <span class='ocrx_word' id='word_1_327' title='bbox 1680 2685 1857 2732; x_wconf 90' lang='lat' dir='ltr'><strong>autem</strong></span> <span class='ocrx_word' id='word_1_328' title='bbox 1886 2721 1901 2745; x_wconf 94' lang='lat'><strong>,</strong></span> 
     </span>
    </p>
   </div>
   <div class='ocr_carea' id='block_1_42' title="bbox 313 2766 1900 2838">
    <p class='ocr_par' dir='ltr' id='par_1_42' title="bbox 313 2766 1900 2838">
     <span class='ocr_line' id='line_1_42' title="bbox 313 2766 1900 2838; baseline 0.003 -19"><span class='ocrx_word' id='word_1_329' title='bbox 313 2767 458 2836; x_wconf 90' lang='lat' dir='ltr'><strong>quod</strong></span> <span class='ocrx_word' id='word_1_330' title='bbox 489 2766 563 2820; x_wconf 92' lang='lat' dir='ltr'><strong>illi</strong></span> <span class='ocrx_word' id='word_1_331' title='bbox 597 2767 784 2822; x_wconf 60' lang='lat' dir='ltr'><strong>bardus</strong></span> <span class='ocrx_word' id='word_1_332' title='bbox 828 2780 926 2838; x_wconf 88' lang='lat' dir='ltr'><strong>per</strong></span> <span class='ocrx_word' id='word_1_333' title='bbox 955 2767 1203 2822; x_wconf 85' lang='lat' dir='ltr'><strong>eumdem</strong></span> <span class='ocrx_word' id='word_1_334' title='bbox 1248 2766 1623 2823; x_wconf 84' lang='lat' dir='ltr'><strong>Odollamitcm</strong></span> <span class='ocrx_word' id='word_1_335' title='bbox 1650 2771 1900 2834; x_wconf 85' lang='lat' dir='ltr'><strong>mittitur,</strong></span> 
     </span>
    </p>
   </div>
   <div class='ocr_carea' id='block_1_43' title="bbox 317 2855 1904 2927">
    <p class='ocr_par' dir='ltr' id='par_1_43' title="bbox 317 2855 1904 2927">
     <span class='ocr_line' id='line_1_43' title="bbox 317 2855 1904 2927; baseline 0.004 -19"><span class='ocrx_word' id='word_1_336' title='bbox 317 2856 447 2927; x_wconf 89' lang='lat' dir='ltr'><strong>quid</strong></span> <span class='ocrx_word' id='word_1_337' title='bbox 474 2857 576 2911; x_wconf 89' lang='lat' dir='ltr'><strong>nisi</strong></span> <span class='ocrx_word' id='word_1_338' title='bbox 600 2872 698 2926; x_wconf 91' lang='lat' dir='ltr'><strong>per</strong></span> <span class='ocrx_word' id='word_1_339' title='bbox 724 2855 985 2911; x_wconf 89' lang='lat' dir='ltr'><strong>Joannem</strong></span> <span class='ocrx_word' id='word_1_340' title='bbox 1018 2856 1156 2910; x_wconf 90' lang='lat' dir='ltr'><strong>facta</strong></span> <span class='ocrx_word' id='word_1_341' title='bbox 1178 2867 1527 2926; x_wconf 88' lang='lat' dir='ltr'><strong>peccatorum</strong></span> <span class='ocrx_word' id='word_1_342' title='bbox 1555 2860 1904 2927; x_wconf 79' lang='lat' dir='ltr'><strong>exprobratio</strong></span> 
     </span>
    </p>
   </div>
   <div class='ocr_carea' id='block_1_44' title="bbox 315 2948 1907 3022">
    <p class='ocr_par' dir='ltr' id='par_1_44' title="bbox 315 2948 1907 3022">
     <span class='ocr_line' id='line_1_44' title="bbox 315 2948 1907 3022; baseline 0.002 -19"><span class='ocrx_word' id='word_1_343' title='bbox 315 2948 674 3019; x_wconf 77' lang='lat' dir='ltr'><strong>designatur?</strong></span> <span class='ocrx_word' id='word_1_344' title='bbox 720 2948 884 3016; x_wconf 85' lang='lat' dir='ltr'><strong>Quasi</strong></span> <span class='ocrx_word' id='word_1_345' title='bbox 930 2948 1074 3002; x_wconf 90' lang='lat' dir='ltr'><strong>enim</strong></span> <span class='ocrx_word' id='word_1_346' title='bbox 1109 2949 1318 3004; x_wconf 80' lang='lat' dir='ltr'><strong>haedum</strong></span> <span class='ocrx_word' id='word_1_347' title='bbox 1356 2951 1630 3006; x_wconf 88' lang='lat' dir='ltr'><strong>meretrici</strong></span> <span class='ocrx_word' id='word_1_348' title='bbox 1675 2953 1907 3022; x_wconf 86' lang='lat' dir='ltr'><strong>portitor</strong></span> 
     </span>
    </p>
   </div>
   <div class='ocr_carea' id='block_1_45' title="bbox 315 3038 1904 3111">
    <p class='ocr_par' dir='ltr' id='par_1_45' title="bbox 315 3038 1904 3111">
     <span class='ocr_line' id='line_1_45' title="bbox 315 3038 1904 3111; baseline 0.004 -19"><span class='ocrx_word' id='word_1_349' title='bbox 315 3038 616 3104; x_wconf 76' lang='lat' dir='ltr'><strong>afferebat,</strong></span> <span class='ocrx_word' id='word_1_350' title='bbox 665 3054 788 3094; x_wconf 91' lang='lat' dir='ltr'><strong>cum</strong></span> <span class='ocrx_word' id='word_1_351' title='bbox 839 3039 1148 3108; x_wconf 88' lang='lat' dir='ltr'><strong>properanti</strong></span> <span class='ocrx_word' id='word_1_352' title='bbox 1192 3041 1260 3094; x_wconf 90' lang='lat' dir='ltr'><strong>ad</strong></span> <span class='ocrx_word' id='word_1_353' title='bbox 1315 3041 1570 3111; x_wconf 87' lang='lat' dir='ltr'><strong>baptismi</strong></span> <span class='ocrx_word' id='word_1_354' title='bbox 1626 3042 1904 3098; x_wconf 86' lang='lat' dir='ltr'><strong>lavacrum</strong></span> 
     </span>
    </p>
   </div>
   <div class='ocr_carea' id='block_1_46' title="bbox 315 3132 1905 3204">
    <p class='ocr_par' dir='ltr' id='par_1_46' title="bbox 315 3132 1905 3204">
     <span class='ocr_line' id='line_1_46' title="bbox 315 3132 1905 3204; baseline 0.002 -17"><span class='ocrx_word' id='word_1_355' title='bbox 315 3133 490 3187; x_wconf 77' lang='lat' dir='ltr'><strong>turbze</strong></span> <span class='ocrx_word' id='word_1_356' title='bbox 517 3147 614 3202; x_wconf 90' lang='lat' dir='ltr'><strong>per</strong></span> <span class='ocrx_word' id='word_1_357' title='bbox 645 3132 1072 3202; x_wconf 89' lang='lat' dir='ltr'><strong>increpatioucm</strong></span> <span class='ocrx_word' id='word_1_358' title='bbox 1104 3133 1314 3188; x_wconf 89' lang='lat' dir='ltr'><strong>dicebat</strong></span> <span class='ocrx_word' id='word_1_359' title='bbox 1344 3149 1358 3185; x_wconf 91' lang='lat'><strong>:</strong></span> <span class='ocrx_word' id='word_1_360' title='bbox 1394 3153 1412 3184; x_wconf 75' lang='grc' dir='ltr'><strong>ι</strong></span> <span class='ocrx_word' id='word_1_361' title='bbox 1440 3133 1725 3189; x_wconf 84' lang='lat' dir='ltr'><strong>Genitniua</strong></span> <span class='ocrx_word' id='word_1_362' title='bbox 1755 3135 1905 3204; x_wconf 69' lang='lat' dir='ltr'><strong>vipev</strong></span> 
     </span>
    </p>
   </div>
   <div class='ocr_carea' id='block_1_47' title="bbox 315 3219 1900 3292">
    <p class='ocr_par' dir='ltr' id='par_1_47' title="bbox 315 3219 1900 3292">
     <span class='ocr_line' id='line_1_47' title="bbox 315 3219 1900 3292; baseline -0.001 -16"><span class='ocrx_word' id='word_1_363' title='bbox 315 3237 526 3288; x_wconf 86' lang='lat' dir='ltr'><strong>rarum,</strong></span> <span class='ocrx_word' id='word_1_364' title='bbox 548 3221 669 3291; x_wconf 87' lang='lat' dir='ltr'><strong>quis</strong></span> <span class='ocrx_word' id='word_1_365' title='bbox 705 3221 942 3276; x_wconf 84' lang='lat' dir='ltr'><strong>ostendit</strong></span> <span class='ocrx_word' id='word_1_366' title='bbox 973 3221 1128 3276; x_wconf 85' lang='lat' dir='ltr'><strong>vobis</strong></span> <span class='ocrx_word' id='word_1_367' title='bbox 1168 3219 1353 3292; x_wconf 86' lang='lat' dir='ltr'><strong>fugere</strong></span> <span class='ocrx_word' id='word_1_368' title='bbox 1384 3223 1451 3276; x_wconf 85' lang='lat' dir='ltr'><strong>ab</strong></span> <span class='ocrx_word' id='word_1_369' title='bbox 1479 3223 1556 3276; x_wconf 88' lang='lat' dir='ltr'><strong>ira</strong></span> <span class='ocrx_word' id='word_1_370' title='bbox 1582 3224 1848 3278; x_wconf 81' lang='lat' dir='ltr'><strong>ventura?</strong></span> <span class='ocrx_word' id='word_1_371' title='bbox 1881 3243 1900 3275; x_wconf 70' lang='grc' dir='ltr'><strong>ι</strong></span> 
     </span>
    </p>
   </div>
   <div class='ocr_carea' id='block_1_48' title="bbox 1999 2037 3592 2109">
    <p class='ocr_par' dir='ltr' id='par_1_48' title="bbox 1999 2037 3592 2109">
     <span class='ocr_line' id='line_1_48' title="bbox 1999 2037 3592 2109; baseline -0.002 -16"><span class='ocrx_word' id='word_1_372' title='bbox 1999 2054 2172 2105; x_wconf 89' lang='lat' dir='ltr'><strong>num,</strong></span> <span class='ocrx_word' id='word_1_373' title='bbox 2210 2039 2365 2109; x_wconf 88' lang='lat' dir='ltr'><strong>quasi</strong></span> <span class='ocrx_word' id='word_1_374' title='bbox 2417 2039 2643 2094; x_wconf 86' lang='lat' dir='ltr'><strong>distorta</strong></span> <span class='ocrx_word' id='word_1_375' title='bbox 2697 2038 2952 2094; x_wconf 80' lang='lat' dir='ltr'><strong>silvarum</strong></span> <span class='ocrx_word' id='word_1_376' title='bbox 3009 2037 3282 2107; x_wconf 82' lang='lat' dir='ltr'><strong>virgulta,</strong></span> <span class='ocrx_word' id='word_1_377' title='bbox 3333 2037 3592 2091; x_wconf 83' lang='lat' dir='ltr'><strong>adversus</strong></span> 
     </span>
    </p>
   </div>
   <div class='ocr_carea' id='block_1_49' title="bbox 2000 2125 3592 2192">
    <p class='ocr_par' dir='ltr' id='par_1_49' title="bbox 2000 2125 3592 2192">
     <span class='ocr_line' id='line_1_49' title="bbox 2000 2125 3592 2192; baseline -0.005 -6"><span class='ocrx_word' id='word_1_378' title='bbox 2000 2133 2300 2187; x_wconf 87' lang='lat' dir='ltr'><strong>venientem</strong></span> <span class='ocrx_word' id='word_1_379' title='bbox 2335 2131 2388 2186; x_wconf 91' lang='lat' dir='ltr'><strong>in</strong></span> <span class='ocrx_word' id='word_1_380' title='bbox 2414 2146 2579 2187; x_wconf 89' lang='lat' dir='ltr'><strong>carne</strong></span> <span class='ocrx_word' id='word_1_381' title='bbox 2609 2131 2894 2185; x_wconf 87' lang='lat' dir='ltr'><strong>Dominum</strong></span> <span class='ocrx_word' id='word_1_382' title='bbox 2941 2129 3230 2184; x_wconf 87' lang='lat' dir='ltr'><strong>maceriam</strong></span> <span class='ocrx_word' id='word_1_383' title='bbox 3277 2125 3502 2192; x_wconf 85' lang='lat' dir='ltr'><strong>fecerat,</strong></span> <span class='ocrx_word' id='word_1_384' title='bbox 3537 2135 3592 2179; x_wconf 90' lang='lat' dir='ltr'><strong>et</strong></span> 
     </span>
    </p>
   </div>
   <div class='ocr_carea' id='block_1_50' title="bbox 2001 2217 3594 2298">
    <p class='ocr_par' dir='ltr' id='par_1_50' title="bbox 2001 2217 3594 2298">
     <span class='ocr_line' id='line_1_50' title="bbox 2001 2217 3594 2298; baseline -0.006 -19"><span class='ocrx_word' id='word_1_385' title='bbox 2001 2221 2067 2279; x_wconf 84' lang='lat' dir='ltr'><strong>ne</strong></span> <span class='ocrx_word' id='word_1_386' title='bbox 2098 2225 2164 2278; x_wconf 88' lang='lat' dir='ltr'><strong>ad</strong></span> <span class='ocrx_word' id='word_1_387' title='bbox 2190 2225 2557 2296; x_wconf 87' lang='lat' dir='ltr'><strong>peragendum</strong></span> <span class='ocrx_word' id='word_1_388' title='bbox 2585 2218 2902 2294; x_wconf 85' lang='lat' dir='ltr'><strong>mysterium</strong></span> <span class='ocrx_word' id='word_1_389' title='bbox 2934 2219 3318 2298; x_wconf 77' lang='lat' dir='ltr'><strong>redemptionis</strong></span> <span class='ocrx_word' id='word_1_390' title='bbox 3349 2217 3594 2290; x_wconf 87' lang='lat' dir='ltr'><strong>ingrede-</strong></span> 
     </span>
    </p>
   </div>
   <div class='ocr_carea' id='block_1_51' title="bbox 2001 2309 3589 2380">
    <p class='ocr_par' dir='ltr' id='par_1_51' title="bbox 2001 2309 3589 2380">
     <span class='ocr_line' id='line_1_51' title="bbox 2001 2309 3589 2380; baseline -0.004 -11"><span class='ocrx_word' id='word_1_391' title='bbox 2001 2315 2516 2380; x_wconf 88' lang='lat' dir='ltr'><strong>retur,unanimitcr</strong></span> <span class='ocrx_word' id='word_1_392' title='bbox 2538 2314 2857 2370; x_wconf 90' lang='lat' dir='ltr'><strong>obsistebat.</strong></span> <span class='ocrx_word' id='word_1_393' title='bbox 2885 2310 3038 2367; x_wconf 89' lang='lat' dir='ltr'><strong>Unde</strong></span> <span class='ocrx_word' id='word_1_394' title='bbox 3061 2321 3114 2365; x_wconf 90' lang='lat' dir='ltr'><strong>et</strong></span> <span class='ocrx_word' id='word_1_395' title='bbox 3141 2311 3336 2366; x_wconf 86' lang='lat' dir='ltr'><strong>Paulus</strong></span> <span class='ocrx_word' id='word_1_396' title='bbox 3363 2331 3376 2364; x_wconf 89' lang='lat'><strong>:</strong></span> <span class='ocrx_word' id='word_1_397' title='bbox 3408 2330 3426 2362; x_wconf 84' lang='grc'><em>‹</em></span> <span class='ocrx_word' id='word_1_398' title='bbox 3462 2309 3589 2372; x_wconf 82' lang='lat' dir='ltr'><strong>Nos,</strong></span> 
     </span>
    </p>
   </div>
   <div class='ocr_carea' id='block_1_52' title="bbox 2002 2401 3594 2476">
    <p class='ocr_par' dir='ltr' id='par_1_52' title="bbox 2002 2401 3594 2476">
     <span class='ocr_line' id='line_1_52' title="bbox 2002 2401 3594 2476; baseline -0.003 -17"><span class='ocrx_word' id='word_1_399' title='bbox 2002 2404 2218 2475; x_wconf 89' lang='lat' dir='ltr'><strong>inquit,</strong></span> <span class='ocrx_word' id='word_1_400' title='bbox 2266 2405 2622 2476; x_wconf 65' lang='lat' dir='ltr'><strong>praedicamus</strong></span> <span class='ocrx_word' id='word_1_401' title='bbox 2667 2403 2945 2461; x_wconf 89' lang='lat' dir='ltr'><strong>Christum</strong></span> <span class='ocrx_word' id='word_1_402' title='bbox 2999 2403 3356 2469; x_wconf 76' lang='lat' dir='ltr'><strong>crucifixum,</strong></span> <span class='ocrx_word' id='word_1_403' title='bbox 3396 2401 3594 2458; x_wconf 74' lang='lat' dir='ltr'><strong>Judwis</strong></span> 
     </span>
    </p>
   </div>
   <div class='ocr_carea' id='block_1_53' title="bbox 2001 2494 3591 2567">
    <p class='ocr_par' dir='ltr' id='par_1_53' title="bbox 2001 2494 3591 2567">
     <span class='ocr_line' id='line_1_53' title="bbox 2001 2494 3591 2567; baseline -0.001 -19"><span class='ocrx_word' id='word_1_404' title='bbox 2001 2496 2220 2566; x_wconf 88' lang='lat' dir='ltr'><strong>quidem</strong></span> <span class='ocrx_word' id='word_1_405' title='bbox 2286 2495 2602 2552; x_wconf 87' lang='lat' dir='ltr'><strong>scandalum</strong></span> <span class='ocrx_word' id='word_1_406' title='bbox 2643 2537 2657 2562; x_wconf 93' lang='lat'><strong>,</strong></span> <span class='ocrx_word' id='word_1_407' title='bbox 2727 2497 2977 2567; x_wconf 84' lang='lat' dir='ltr'><strong>gentibus</strong></span> <span class='ocrx_word' id='word_1_408' title='bbox 3049 2504 3230 2550; x_wconf 90' lang='lat' dir='ltr'><strong>autem</strong></span> <span class='ocrx_word' id='word_1_409' title='bbox 3306 2494 3591 2549; x_wconf 83' lang='lat' dir='ltr'><strong>stultitiam</strong></span> 
     </span>
    </p>
   </div>
   <div class='ocr_carea' id='block_1_54' title="bbox 2004 2584 3594 2659">
    <p class='ocr_par' dir='ltr' id='par_1_54' title="bbox 2004 2584 3594 2659">
     <span class='ocr_line' id='line_1_54' title="bbox 2004 2584 3594 2659; baseline -0.003 -18"><span class='ocrx_word' id='word_1_410' title='bbox 2004 2587 2056 2659; x_wconf 87' lang='grc' dir='ltr'><strong>(Ι</strong></span> <span class='ocrx_word' id='word_1_411' title='bbox 2081 2588 2202 2642; x_wconf 81' lang='lat' dir='ltr'><strong>Cor.</strong></span> <span class='ocrx_word' id='word_1_412' title='bbox 2243 2590 2303 2658; x_wconf 84' lang='grc' dir='ltr'><strong>ι).</strong></span> <span class='ocrx_word' id='word_1_413' title='bbox 2337 2609 2355 2641; x_wconf 77' lang='grc' dir='ltr'><strong>ι</strong></span> <span class='ocrx_word' id='word_1_414' title='bbox 2391 2587 2495 2644; x_wconf 87' lang='lat' dir='ltr'><strong>Sed</strong></span> <span class='ocrx_word' id='word_1_415' title='bbox 2537 2588 2755 2659; x_wconf 83' lang='lat' dir='ltr'><strong>gentilis</strong></span> <span class='ocrx_word' id='word_1_416' title='bbox 2785 2587 3012 2659; x_wconf 89' lang='lat' dir='ltr'><strong>populus</strong></span> <span class='ocrx_word' id='word_1_417' title='bbox 3043 2588 3183 2641; x_wconf 83' lang='lat' dir='ltr'><strong>hanc</strong></span> <span class='ocrx_word' id='word_1_418' title='bbox 3212 2586 3397 2640; x_wconf 87' lang='lat' dir='ltr'><strong>divisit</strong></span> <span class='ocrx_word' id='word_1_419' title='bbox 3438 2584 3594 2655; x_wconf 88' lang='lat' dir='ltr'><strong>quasi</strong></span> 
     </span>
    </p>
   </div>
   <div class='ocr_carea' id='block_1_55' title="bbox 2005 2677 3597 2749">
    <p class='ocr_par' dir='ltr' id='par_1_55' title="bbox 2005 2677 3597 2749">
     <span class='ocr_line' id='line_1_55' title="bbox 2005 2677 3597 2749; baseline -0.004 -13"><span class='ocrx_word' id='word_1_420' title='bbox 2005 2682 2276 2737; x_wconf 91' lang='lat' dir='ltr'><strong>nascendo</strong></span> <span class='ocrx_word' id='word_1_421' title='bbox 2319 2682 2611 2737; x_wconf 89' lang='lat' dir='ltr'><strong>maceriam</strong></span> <span class='ocrx_word' id='word_1_422' title='bbox 2640 2724 2653 2745; x_wconf 94' lang='lat'><strong>,</strong></span> <span class='ocrx_word' id='word_1_423' title='bbox 2687 2696 2808 2736; x_wconf 91' lang='lat' dir='ltr'><strong>cum</strong></span> <span class='ocrx_word' id='word_1_424' title='bbox 2857 2695 2954 2749; x_wconf 88' lang='lat' dir='ltr'><strong>per</strong></span> <span class='ocrx_word' id='word_1_425' title='bbox 2983 2679 3293 2734; x_wconf 89' lang='lat' dir='ltr'><strong>Cornelium</strong></span> <span class='ocrx_word' id='word_1_426' title='bbox 3321 2677 3597 2734; x_wconf 47' lang='lat' dir='ltr'><strong>centurios</strong></span> 
     </span>
    </p>
   </div>
   <div class='ocr_carea' id='block_1_56' title="bbox 2005 2769 3596 2842">
    <p class='ocr_par' dir='ltr' id='par_1_56' title="bbox 2005 2769 3596 2842">
     <span class='ocr_line' id='line_1_56' title="bbox 2005 2769 3596 2842; baseline -0.003 -16"><span class='ocrx_word' id='word_1_427' title='bbox 2005 2787 2125 2826; x_wconf 90' lang='lat' dir='ltr'><strong>nem</strong></span> <span class='ocrx_word' id='word_1_428' title='bbox 2174 2771 2416 2841; x_wconf 86' lang='lat' dir='ltr'><strong>aliosque</strong></span> <span class='ocrx_word' id='word_1_429' title='bbox 2466 2772 2604 2841; x_wconf 76' lang='lat' dir='ltr'><strong>(Act.</strong></span> <span class='ocrx_word' id='word_1_430' title='bbox 2653 2773 2749 2842; x_wconf 90' lang='lat' dir='ltr'><strong>x),</strong></span> <span class='ocrx_word' id='word_1_431' title='bbox 2807 2770 3077 2840; x_wconf 88' lang='lat' dir='ltr'><strong>primitias</strong></span> <span class='ocrx_word' id='word_1_432' title='bbox 3129 2769 3290 2833; x_wconf 90' lang='lat' dir='ltr'><strong>ﬁdei,</strong></span> <span class='ocrx_word' id='word_1_433' title='bbox 3341 2769 3596 2838; x_wconf 86' lang='lat' dir='ltr'><strong>baptismi</strong></span> 
     </span>
    </p>
   </div>
   <div class='ocr_carea' id='block_1_57' title="bbox 2005 2853 3591 2925">
    <p class='ocr_par' dir='ltr' id='par_1_57' title="bbox 2005 2853 3591 2925">
     <span class='ocr_line' id='line_1_57' title="bbox 2005 2853 3591 2925; baseline -0.004 -14"><span class='ocrx_word' id='word_1_434' title='bbox 2005 2856 2306 2925; x_wconf 86' lang='lat' dir='ltr'><strong>suscipiens</strong></span> <span class='ocrx_word' id='word_1_435' title='bbox 2331 2857 2631 2921; x_wconf 84' lang='lat' dir='ltr'><strong>lavacrum,</strong></span> <span class='ocrx_word' id='word_1_436' title='bbox 2663 2858 2760 2910; x_wconf 90' lang='lat' dir='ltr'><strong>sub</strong></span> <span class='ocrx_word' id='word_1_437' title='bbox 2786 2854 2987 2910; x_wconf 87' lang='lat' dir='ltr'><strong>Christi</strong></span> <span class='ocrx_word' id='word_1_438' title='bbox 3021 2853 3234 2908; x_wconf 88' lang='lat' dir='ltr'><strong>titulum</strong></span> <span class='ocrx_word' id='word_1_439' title='bbox 3262 2853 3591 2908; x_wconf 87' lang='lat' dir='ltr'><strong>convolavit.</strong></span> 
     </span>
    </p>
   </div>
   <div class='ocr_carea' id='block_1_58' title="bbox 2006 2943 3596 3019">
    <p class='ocr_par' dir='ltr' id='par_1_58' title="bbox 2006 2943 3596 3019">
     <span class='ocr_line' id='line_1_58' title="bbox 2006 2943 3596 3019; baseline -0.004 -15"><span class='ocrx_word' id='word_1_440' title='bbox 2006 2950 2158 3005; x_wconf 83' lang='lat' dir='ltr'><strong>lianc</strong></span> <span class='ocrx_word' id='word_1_441' title='bbox 2183 2951 2547 3006; x_wconf 87' lang='lat' dir='ltr'><strong>alteruitatem</strong></span> <span class='ocrx_word' id='word_1_442' title='bbox 2573 2948 2827 3004; x_wconf 90' lang='lat' dir='ltr'><strong>nascendi</strong></span> <span class='ocrx_word' id='word_1_443' title='bbox 2860 2947 2967 3019; x_wconf 82' lang='lat'><strong>97</strong></span> <span class='ocrx_word' id='word_1_444' title='bbox 2999 2945 3385 3003; x_wconf 81' lang='lat' dir='ltr'><strong>considerabat</strong></span> <span class='ocrx_word' id='word_1_445' title='bbox 3405 2943 3596 2998; x_wconf 87' lang='lat' dir='ltr'><strong>beatus</strong></span> 
     </span>
    </p>
   </div>
   <div class='ocr_carea' id='block_1_59' title="bbox 2005 3035 3665 3107">
    <p class='ocr_par' dir='ltr' id='par_1_59' title="bbox 2005 3035 3665 3107">
     <span class='ocr_line' id='line_1_59' title="bbox 2005 3035 3665 3107; baseline -0.007 -11"><span class='ocrx_word' id='word_1_446' title='bbox 2005 3041 2259 3106; x_wconf 81' lang='lat' dir='ltr'><strong>Joannes,</strong></span> <span class='ocrx_word' id='word_1_447' title='bbox 2281 3058 2401 3096; x_wconf 92' lang='lat' dir='ltr'><strong>cum</strong></span> <span class='ocrx_word' id='word_1_448' title='bbox 2421 3041 2726 3096; x_wconf 68' lang='lat' dir='ltr'><strong>Judmorum</strong></span> <span class='ocrx_word' id='word_1_449' title='bbox 2753 3039 2924 3094; x_wconf 81' lang='lat' dir='ltr'><strong>turbis</strong></span> <span class='ocrx_word' id='word_1_450' title='bbox 2944 3039 3182 3107; x_wconf 89' lang='lat' dir='ltr'><strong>undique</strong></span> <span class='ocrx_word' id='word_1_451' title='bbox 3198 3035 3597 3092; x_wconf 86' lang='lat' dir='ltr'><strong>confluentibus</strong></span> <span class='ocrx_word' id='word_1_452' title='bbox 3663 3082 3665 3084; x_wconf 90' lang='lat'><strong>.</strong></span> 
     </span>
    </p>
   </div>
   <div class='ocr_carea' id='block_1_60' title="bbox 2008 3114 3598 3206">
    <p class='ocr_par' dir='ltr' id='par_1_60' title="bbox 2008 3114 3598 3206">
     <span class='ocr_line' id='line_1_60' title="bbox 2008 3114 3598 3206; baseline -0.003 -19"><span class='ocrx_word' id='word_1_453' title='bbox 2008 3133 2252 3189; x_wconf 87' lang='lat' dir='ltr'><strong>diceret:</strong></span> <span class='ocrx_word' id='word_1_454' title='bbox 2294 3155 2312 3186; x_wconf 74' lang='grc' dir='ltr'><strong>ι</strong></span> <span class='ocrx_word' id='word_1_455' title='bbox 2355 3134 2430 3189; x_wconf 82' lang='lat' dir='ltr'><strong>Ne</strong></span> <span class='ocrx_word' id='word_1_456' title='bbox 2470 3135 2743 3206; x_wconf 88' lang='lat' dir='ltr'><strong>coeperitis</strong></span> <span class='ocrx_word' id='word_1_457' title='bbox 2780 3133 2964 3188; x_wconf 88' lang='lat' dir='ltr'><strong>dicere</strong></span> <span class='ocrx_word' id='word_1_458' title='bbox 3010 3147 3022 3185; x_wconf 95' lang='lat'><strong>:</strong></span> <span class='ocrx_word' id='word_1_459' title='bbox 3070 3114 3288 3191; x_wconf 81' lang='lat' dir='ltr'><strong>Patrem</strong></span> <span class='ocrx_word' id='word_1_460' title='bbox 3335 3131 3598 3184; x_wconf 86' lang='lat' dir='ltr'><strong>habemus</strong></span> 
     </span>
    </p>
   </div>
   <div class='ocr_carea' id='block_1_61' title="bbox 2009 3221 3600 3294">
    <p class='ocr_par' dir='ltr' id='par_1_61' title="bbox 2009 3221 3600 3294">
     <span class='ocr_line' id='line_1_61' title="bbox 2009 3221 3600 3294; baseline -0.003 -16"><span class='ocrx_word' id='word_1_461' title='bbox 2009 3225 2316 3291; x_wconf 86' lang='lat' dir='ltr'><strong>Abraham;</strong></span> <span class='ocrx_word' id='word_1_462' title='bbox 2341 3228 2462 3282; x_wconf 89' lang='lat' dir='ltr'><strong>dico</strong></span> <span class='ocrx_word' id='word_1_463' title='bbox 2489 3227 2633 3280; x_wconf 91' lang='lat' dir='ltr'><strong>enim</strong></span> <span class='ocrx_word' id='word_1_464' title='bbox 2664 3225 2846 3290; x_wconf 82' lang='lat' dir='ltr'><strong>vobis,</strong></span> <span class='ocrx_word' id='word_1_465' title='bbox 2880 3226 3004 3294; x_wconf 87' lang='lat' dir='ltr'><strong>quia</strong></span> <span class='ocrx_word' id='word_1_466' title='bbox 3033 3233 3226 3292; x_wconf 87' lang='lat' dir='ltr'><strong>potens</strong></span> <span class='ocrx_word' id='word_1_467' title='bbox 3254 3231 3336 3277; x_wconf 89' lang='lat' dir='ltr'><strong>est</strong></span> <span class='ocrx_word' id='word_1_468' title='bbox 3363 3223 3505 3276; x_wconf 87' lang='lat' dir='ltr'><strong>Deus</strong></span> <span class='ocrx_word' id='word_1_469' title='bbox 3531 3221 3600 3274; x_wconf 89' lang='lat' dir='ltr'><strong>de</strong></span> 
     </span>
    </p>
   </div>
   <div class='ocr_carea' id='block_1_62' title="bbox 316 3294 3598 3391">
    <p class='ocr_par' dir='ltr' id='par_1_62' title="bbox 316 3294 3598 3391">
     <span class='ocr_line' id='line_1_62' title="bbox 316 3294 3598 3391; baseline -0.001 -25"><span class='ocrx_word' id='word_1_470' title='bbox 316 3311 534 3382; x_wconf 79' lang='lat' dir='ltr'><strong>(Matth.</strong></span> <span class='ocrx_word' id='word_1_471' title='bbox 567 3313 672 3383; x_wconf 90' lang='grc' dir='ltr'><strong><em>ιιι.)</em></strong></span> <span class='ocrx_word' id='word_1_472' title='bbox 720 3312 1054 3382; x_wconf 82' lang='lat' dir='ltr'><strong>Requirebat</strong></span> <span class='ocrx_word' id='word_1_473' title='bbox 1093 3321 1271 3366; x_wconf 91' lang='lat' dir='ltr'><strong>autem</strong></span> <span class='ocrx_word' id='word_1_474' title='bbox 1299 3313 1456 3368; x_wconf 86' lang='lat' dir='ltr'><strong>lliras</strong></span> <span class='ocrx_word' id='word_1_475' title='bbox 1496 3313 1540 3368; x_wconf 92' lang='grc' dir='ltr'>Ο</span> <span class='ocrx_word' id='word_1_476' title='bbox 1563 3313 1845 3369; x_wconf 84' lang='lat' dir='ltr'><strong>&#39;ollamites</strong></span> <span class='ocrx_word' id='word_1_477' title='bbox 1874 3329 1904 3369; x_wconf 91' lang='lat' dir='ltr'><strong>a</strong></span> <span class='ocrx_word' id='word_1_478' title='bbox 1931 3294 1975 3355; x_wconf 62' lang='grc' dir='ltr'>θ</span> <span class='ocrx_word' id='word_1_479' title='bbox 2010 3319 2407 3391; x_wconf 88' lang='lat' dir='ltr'><strong>lapidibusistis</strong></span> <span class='ocrx_word' id='word_1_480' title='bbox 2433 3318 2696 3372; x_wconf 91' lang='lat' dir='ltr'><strong>suscitare</strong></span> <span class='ocrx_word' id='word_1_481' title='bbox 2721 3317 2859 3373; x_wconf 90' lang='lat' dir='ltr'><strong>ﬁlios</strong></span> <span class='ocrx_word' id='word_1_482' title='bbox 2879 3315 3112 3370; x_wconf 73' lang='lat' dir='ltr'><strong>Abrahae</strong></span> <span class='ocrx_word' id='word_1_483' title='bbox 3131 3313 3321 3385; x_wconf 81' lang='lat' dir='ltr'><strong>(Marc.</strong></span> <span class='ocrx_word' id='word_1_484' title='bbox 3348 3312 3452 3382; x_wconf 90' lang='grc' dir='ltr'><strong><em>ιιι).</em></strong></span> <span class='ocrx_word' id='word_1_485' title='bbox 3477 3331 3493 3363; x_wconf 75' lang='grc' dir='ltr'><strong>ι</strong></span> <span class='ocrx_word' id='word_1_486' title='bbox 3520 3310 3598 3364; x_wconf 74' lang='lat' dir='ltr'><strong>At:</strong></span> 
     </span>
    </p>
   </div>
   <div class='ocr_carea' id='block_1_63' title="bbox 316 3401 1904 3469">
    <p class='ocr_par' dir='ltr' id='par_1_63' title="bbox 316 3401 1904 3469">
     <span class='ocr_line' id='line_1_63' title="bbox 316 3401 1904 3469; baseline 0.001 -12"><span class='ocrx_word' id='word_1_487' title='bbox 316 3403 559 3458; x_wconf 80' lang='lat' dir='ltr'><strong>Thamar</strong></span> <span class='ocrx_word' id='word_1_488' title='bbox 582 3402 838 3458; x_wconf 89' lang='lat' dir='ltr'><strong>annulum</strong></span> <span class='ocrx_word' id='word_1_489' title='bbox 866 3444 881 3469; x_wconf 86' lang='lat'><strong>,</strong></span> <span class='ocrx_word' id='word_1_490' title='bbox 918 3401 1182 3457; x_wconf 85' lang='lat' dir='ltr'><strong>armillam</strong></span> <span class='ocrx_word' id='word_1_491' title='bbox 1212 3414 1267 3456; x_wconf 89' lang='lat' dir='ltr'><strong>et</strong></span> <span class='ocrx_word' id='word_1_492' title='bbox 1293 3403 1564 3458; x_wconf 70' lang='lat' dir='ltr'><strong>hacrlnm.</strong></span> <span class='ocrx_word' id='word_1_493' title='bbox 1598 3403 1700 3456; x_wconf 87' lang='lat' dir='ltr'><strong>Per</strong></span> <span class='ocrx_word' id='word_1_494' title='bbox 1727 3420 1904 3458; x_wconf 86' lang='lat' dir='ltr'><strong>annu-</strong></span> 
     </span>
    </p>
   </div>
   <div class='ocr_carea' id='block_1_64' title="bbox 316 3493 1900 3565">
    <p class='ocr_par' dir='ltr' id='par_1_64' title="bbox 316 3493 1900 3565">
     <span class='ocr_line' id='line_1_64' title="bbox 316 3493 1900 3565; baseline 0.002 -20"><span class='ocrx_word' id='word_1_495' title='bbox 316 3493 432 3546; x_wconf 90' lang='lat' dir='ltr'><strong>lum</strong></span> <span class='ocrx_word' id='word_1_496' title='bbox 454 3535 468 3556; x_wconf 93' lang='lat'><strong>,</strong></span> <span class='ocrx_word' id='word_1_497' title='bbox 500 3493 834 3564; x_wconf 85' lang='lat' dir='ltr'><strong>signaculum</strong></span> <span class='ocrx_word' id='word_1_498' title='bbox 866 3493 1020 3560; x_wconf 86' lang='lat' dir='ltr'><strong>ﬁdei;</strong></span> <span class='ocrx_word' id='word_1_499' title='bbox 1053 3509 1149 3563; x_wconf 90' lang='lat' dir='ltr'><strong>per</strong></span> <span class='ocrx_word' id='word_1_500' title='bbox 1171 3494 1463 3560; x_wconf 68' lang='lat' dir='ltr'><strong>armillam,</strong></span> <span class='ocrx_word' id='word_1_501' title='bbox 1498 3494 1649 3548; x_wconf 64' lang='lat' dir='ltr'><strong>labor</strong></span> <span class='ocrx_word' id='word_1_502' title='bbox 1693 3496 1900 3565; x_wconf 86' lang='lat' dir='ltr'><strong>operis;</strong></span> 
     </span>
    </p>
   </div>
   <div class='ocr_carea' id='block_1_65' title="bbox 316 3583 1904 3654">
    <p class='ocr_par' dir='ltr' id='par_1_65' title="bbox 316 3583 1904 3654">
     <span class='ocr_line' id='line_1_65' title="bbox 316 3583 1904 3654; baseline 0.002 -17"><span class='ocrx_word' id='word_1_503' title='bbox 316 3597 415 3651; x_wconf 86' lang='lat' dir='ltr'><strong>per</strong></span> <span class='ocrx_word' id='word_1_504' title='bbox 458 3583 712 3638; x_wconf 90' lang='lat' dir='ltr'><strong>baculum</strong></span> <span class='ocrx_word' id='word_1_505' title='bbox 762 3600 892 3638; x_wconf 88' lang='lat' dir='ltr'><strong>vero</strong></span> <span class='ocrx_word' id='word_1_506' title='bbox 940 3585 1253 3654; x_wconf 84' lang='lat' dir='ltr'><strong>designatur</strong></span> <span class='ocrx_word' id='word_1_507' title='bbox 1302 3586 1517 3654; x_wconf 88' lang='lat' dir='ltr'><strong>requies</strong></span> <span class='ocrx_word' id='word_1_508' title='bbox 1570 3587 1702 3654; x_wconf 88' lang='lat' dir='ltr'><strong>spei.</strong></span> <span class='ocrx_word' id='word_1_509' title='bbox 1739 3585 1904 3652; x_wconf 86' lang='lat' dir='ltr'><strong>Quasi</strong></span> 
     </span>
    </p>
   </div>
   <div class='ocr_carea' id='block_1_66' title="bbox 315 3675 1905 3745">
    <p class='ocr_par' dir='ltr' id='par_1_66' title="bbox 315 3675 1905 3745">
     <span class='ocr_line' id='line_1_66' title="bbox 315 3675 1905 3745; baseline 0.003 -17"><span class='ocrx_word' id='word_1_510' title='bbox 315 3675 462 3728; x_wconf 89' lang='lat' dir='ltr'><strong>enim</strong></span> <span class='ocrx_word' id='word_1_511' title='bbox 499 3675 624 3730; x_wconf 91' lang='lat' dir='ltr'><strong>ﬁdei</strong></span> <span class='ocrx_word' id='word_1_512' title='bbox 653 3676 910 3729; x_wconf 90' lang='lat' dir='ltr'><strong>annulum</strong></span> <span class='ocrx_word' id='word_1_513' title='bbox 942 3677 1276 3745; x_wconf 89' lang='lat' dir='ltr'><strong>requirebat,</strong></span> <span class='ocrx_word' id='word_1_514' title='bbox 1311 3692 1432 3730; x_wconf 91' lang='lat' dir='ltr'><strong>cum</strong></span> <span class='ocrx_word' id='word_1_515' title='bbox 1461 3677 1666 3731; x_wconf 87' lang='lat' dir='ltr'><strong>diceret</strong></span> <span class='ocrx_word' id='word_1_516' title='bbox 1697 3694 1710 3731; x_wconf 89' lang='lat'><strong>:</strong></span> <span class='ocrx_word' id='word_1_517' title='bbox 1749 3697 1766 3729; x_wconf 78' lang='grc' dir='ltr'><strong>ι</strong></span> <span class='ocrx_word' id='word_1_518' title='bbox 1803 3677 1905 3744; x_wconf 82' lang='lat' dir='ltr'><strong>Qui</strong></span> 
     </span>
    </p>
   </div>
   <div class='ocr_carea' id='block_1_67' title="bbox 318 3767 1904 3838">
    <p class='ocr_par' dir='ltr' id='par_1_67' title="bbox 318 3767 1904 3838">
     <span class='ocr_line' id='line_1_67' title="bbox 318 3767 1904 3838; baseline -0.001 -16"><span class='ocrx_word' id='word_1_519' title='bbox 318 3767 494 3822; x_wconf 85' lang='lat' dir='ltr'><strong>credit</strong></span> <span class='ocrx_word' id='word_1_520' title='bbox 543 3767 595 3821; x_wconf 92' lang='lat' dir='ltr'><strong>in</strong></span> <span class='ocrx_word' id='word_1_521' title='bbox 639 3767 835 3822; x_wconf 81' lang='lat' dir='ltr'><strong>Filium</strong></span> <span class='ocrx_word' id='word_1_522' title='bbox 889 3767 1023 3831; x_wconf 92' lang='lat' dir='ltr'><strong>Dei,</strong></span> <span class='ocrx_word' id='word_1_523' title='bbox 1055 3769 1220 3822; x_wconf 89' lang='lat' dir='ltr'><strong>habet</strong></span> <span class='ocrx_word' id='word_1_524' title='bbox 1271 3767 1439 3822; x_wconf 91' lang='lat' dir='ltr'><strong>vitam</strong></span> <span class='ocrx_word' id='word_1_525' title='bbox 1489 3778 1782 3833; x_wconf 77' lang='lat' dir='ltr'><strong>:nternam;</strong></span> <span class='ocrx_word' id='word_1_526' title='bbox 1812 3768 1904 3838; x_wconf 90' lang='lat' dir='ltr'><strong>qui</strong></span> 
     </span>
    </p>
   </div>
   <div class='ocr_carea' id='block_1_68' title="bbox 317 3857 1907 3922">
    <p class='ocr_par' dir='ltr' id='par_1_68' title="bbox 317 3857 1907 3922">
     <span class='ocr_line' id='line_1_68' title="bbox 317 3857 1907 3922; baseline 0.001 -12"><span class='ocrx_word' id='word_1_527' title='bbox 317 3866 499 3912; x_wconf 84' lang='lat' dir='ltr'><strong>autem</strong></span> <span class='ocrx_word' id='word_1_528' title='bbox 531 3858 842 3913; x_wconf 87' lang='lat' dir='ltr'><strong>incredulus</strong></span> <span class='ocrx_word' id='word_1_529' title='bbox 885 3866 969 3913; x_wconf 92' lang='lat' dir='ltr'><strong>est</strong></span> <span class='ocrx_word' id='word_1_530' title='bbox 1018 3857 1234 3913; x_wconf 86' lang='lat' dir='ltr'><strong>Christo</strong></span> <span class='ocrx_word' id='word_1_531' title='bbox 1263 3857 1422 3922; x_wconf 88' lang='lat' dir='ltr'><strong>Filio,</strong></span> <span class='ocrx_word' id='word_1_532' title='bbox 1457 3875 1560 3912; x_wconf 92' lang='lat' dir='ltr'><strong>nou</strong></span> <span class='ocrx_word' id='word_1_533' title='bbox 1601 3859 1802 3914; x_wconf 88' lang='lat' dir='ltr'><strong>videbit</strong></span> <span class='ocrx_word' id='word_1_534' title='bbox 1831 3859 1907 3912; x_wconf 89' lang='lat' dir='ltr'><strong>vi-</strong></span> 
     </span>
    </p>
   </div>
   <div class='ocr_carea' id='block_1_69' title="bbox 321 3946 1900 4019">
    <p class='ocr_par' dir='ltr' id='par_1_69' title="bbox 321 3946 1900 4019">
     <span class='ocr_line' id='line_1_69' title="bbox 321 3946 1900 4019; baseline 0 -19"><span class='ocrx_word' id='word_1_535' title='bbox 321 3957 452 4013; x_wconf 90' lang='lat' dir='ltr'><strong>tam,</strong></span> <span class='ocrx_word' id='word_1_536' title='bbox 498 3946 593 4002; x_wconf 87' lang='lat' dir='ltr'><strong>sed</strong></span> <span class='ocrx_word' id='word_1_537' title='bbox 639 3948 717 4001; x_wconf 90' lang='lat' dir='ltr'><strong>ira</strong></span> <span class='ocrx_word' id='word_1_538' title='bbox 763 3948 858 4002; x_wconf 85' lang='lat' dir='ltr'><strong>Dei</strong></span> <span class='ocrx_word' id='word_1_539' title='bbox 890 3956 1072 4001; x_wconf 90' lang='lat' dir='ltr'><strong>manet</strong></span> <span class='ocrx_word' id='word_1_540' title='bbox 1116 3962 1278 4016; x_wconf 86' lang='lat' dir='ltr'><strong>super</strong></span> <span class='ocrx_word' id='word_1_541' title='bbox 1316 3947 1489 4016; x_wconf 90' lang='lat' dir='ltr'><strong>ipsum</strong></span> <span class='ocrx_word' id='word_1_542' title='bbox 1524 3946 1705 4018; x_wconf 77' lang='lat' dir='ltr'><strong>(Joan.</strong></span> <span class='ocrx_word' id='word_1_543' title='bbox 1738 3949 1843 4019; x_wconf 89' lang='grc' dir='ltr'><strong><em>ιιι).</em></strong></span> <span class='ocrx_word' id='word_1_544' title='bbox 1881 3967 1900 4000; x_wconf 71' lang='grc' dir='ltr'><strong>ι</strong></span> 
     </span>
    </p>
   </div>
   <div class='ocr_carea' id='block_1_70' title="bbox 317 4037 1901 4108">
    <p class='ocr_par' dir='ltr' id='par_1_70' title="bbox 317 4037 1901 4108">
     <span class='ocr_line' id='line_1_70' title="bbox 317 4037 1901 4108; baseline 0 -18"><span class='ocrx_word' id='word_1_545' title='bbox 317 4038 399 4092; x_wconf 85' lang='lat' dir='ltr'><strong>An</strong></span> <span class='ocrx_word' id='word_1_546' title='bbox 428 4053 532 4093; x_wconf 92' lang='lat' dir='ltr'><strong>non</strong></span> <span class='ocrx_word' id='word_1_547' title='bbox 561 4039 725 4093; x_wconf 89' lang='lat' dir='ltr'><strong>etiam</strong></span> <span class='ocrx_word' id='word_1_548' title='bbox 749 4039 815 4093; x_wconf 90' lang='lat' dir='ltr'><strong>ad</strong></span> <span class='ocrx_word' id='word_1_549' title='bbox 845 4038 1099 4092; x_wconf 88' lang='lat' dir='ltr'><strong>annulum</strong></span> <span class='ocrx_word' id='word_1_550' title='bbox 1134 4037 1458 4108; x_wconf 89' lang='lat' dir='ltr'><strong>pertinebat,</strong></span> <span class='ocrx_word' id='word_1_551' title='bbox 1492 4053 1613 4092; x_wconf 90' lang='lat' dir='ltr'><strong>cum</strong></span> <span class='ocrx_word' id='word_1_552' title='bbox 1658 4038 1862 4092; x_wconf 89' lang='lat' dir='ltr'><strong>diceret</strong></span> <span class='ocrx_word' id='word_1_553' title='bbox 1889 4054 1901 4090; x_wconf 87' lang='lat'>:</span> 
     </span>
    </p>
   </div>
   <div class='ocr_carea' id='block_1_71' title="bbox 325 4127 1905 4198">
    <p class='ocr_par' dir='ltr' id='par_1_71' title="bbox 325 4127 1905 4198">
     <span class='ocr_line' id='line_1_71' title="bbox 325 4127 1905 4198; baseline 0 -18"><span class='ocrx_word' id='word_1_554' title='bbox 325 4147 344 4180; x_wconf 71' lang='grc' dir='ltr'><em>α</em></span> <span class='ocrx_word' id='word_1_555' title='bbox 377 4127 478 4194; x_wconf 90' lang='lat' dir='ltr'><strong>Qui</strong></span> <span class='ocrx_word' id='word_1_556' title='bbox 521 4127 685 4182; x_wconf 86' lang='lat' dir='ltr'><strong>habet</strong></span> <span class='ocrx_word' id='word_1_557' title='bbox 737 4143 989 4198; x_wconf 91' lang='lat' dir='ltr'><strong>sponsam</strong></span> <span class='ocrx_word' id='word_1_558' title='bbox 1021 4168 1034 4192; x_wconf 94' lang='lat'><strong>,</strong></span> <span class='ocrx_word' id='word_1_559' title='bbox 1073 4143 1304 4196; x_wconf 78' lang='lat' dir='ltr'><strong>sponsus</strong></span> <span class='ocrx_word' id='word_1_560' title='bbox 1347 4128 1476 4182; x_wconf 85' lang='lat' dir='ltr'><strong>est?</strong></span> <span class='ocrx_word' id='word_1_561' title='bbox 1525 4127 1712 4197; x_wconf 79' lang='lat' dir='ltr'><strong>(lbid.)</strong></span> <span class='ocrx_word' id='word_1_562' title='bbox 1748 4147 1764 4178; x_wconf 70' lang='grc' dir='ltr'><strong>ιι</strong></span> <span class='ocrx_word' id='word_1_563' title='bbox 1804 4127 1905 4181; x_wconf 85' lang='lat' dir='ltr'><strong>Ar-</strong></span> 
     </span>
    </p>
   </div>
   <div class='ocr_carea' id='block_1_72' title="bbox 319 4208 1906 4288">
    <p class='ocr_par' dir='ltr' id='par_1_72' title="bbox 319 4208 1906 4288">
     <span class='ocr_line' id='line_1_72' title="bbox 319 4208 1906 4288; baseline 0.001 -17"><span class='ocrx_word' id='word_1_564' title='bbox 319 4217 522 4271; x_wconf 87' lang='lat' dir='ltr'><strong>millam</strong></span> <span class='ocrx_word' id='word_1_565' title='bbox 571 4208 700 4272; x_wconf 87' lang='lat' dir='ltr'><strong>vero</strong></span> <span class='ocrx_word' id='word_1_566' title='bbox 745 4217 945 4272; x_wconf 89' lang='lat' dir='ltr'><strong>laboris</strong></span> <span class='ocrx_word' id='word_1_567' title='bbox 972 4217 1218 4288; x_wconf 76' lang='lat' dir='ltr'><strong>exigebat</strong></span> <span class='ocrx_word' id='word_1_568' title='bbox 1247 4260 1260 4284; x_wconf 95' lang='lat'><strong>,</strong></span> <span class='ocrx_word' id='word_1_569' title='bbox 1296 4235 1417 4273; x_wconf 90' lang='lat' dir='ltr'><strong>cum</strong></span> <span class='ocrx_word' id='word_1_570' title='bbox 1452 4219 1693 4274; x_wconf 85' lang='lat' dir='ltr'><strong>diceret:</strong></span> <span class='ocrx_word' id='word_1_571' title='bbox 1737 4236 1754 4269; x_wconf 75' lang='grc' dir='ltr'><strong>ι</strong></span> <span class='ocrx_word' id='word_1_572' title='bbox 1790 4219 1906 4273; x_wconf 74' lang='lat' dir='ltr'><strong>Pte-</strong></span> 
     </span>
    </p>
   </div>
   <div class='ocr_carea' id='block_1_73' title="bbox 318 4310 1903 4385">
    <p class='ocr_par' dir='ltr' id='par_1_73' title="bbox 318 4310 1903 4385">
     <span class='ocr_line' id='line_1_73' title="bbox 318 4310 1903 4385; baseline 0.003 -21"><span class='ocrx_word' id='word_1_573' title='bbox 318 4311 604 4365; x_wconf 90' lang='lat' dir='ltr'><strong>nitentiam</strong></span> <span class='ocrx_word' id='word_1_574' title='bbox 649 4313 790 4382; x_wconf 89' lang='lat' dir='ltr'><strong>agite</strong></span> <span class='ocrx_word' id='word_1_575' title='bbox 821 4310 1038 4384; x_wconf 75' lang='lat' dir='ltr'><strong>(Matth.</strong></span> <span class='ocrx_word' id='word_1_576' title='bbox 1103 4316 1203 4385; x_wconf 81' lang='grc' dir='ltr'><strong><em>ιιι).</em></strong></span> <span class='ocrx_word' id='word_1_577' title='bbox 1259 4333 1277 4366; x_wconf 76' lang='grc' dir='ltr'><strong>ι</strong></span> <span class='ocrx_word' id='word_1_578' title='bbox 1329 4313 1508 4369; x_wconf 90' lang='lat' dir='ltr'><strong>Baeuli</strong></span> <span class='ocrx_word' id='word_1_579' title='bbox 1561 4323 1774 4383; x_wconf 82' lang='lat' dir='ltr'><strong>quoque</strong></span> <span class='ocrx_word' id='word_1_580' title='bbox 1816 4331 1903 4369; x_wconf 86' lang='lat' dir='ltr'><strong>re-</strong></span> 
     </span>
    </p>
   </div>
   <div class='ocr_carea' id='block_1_74' title="bbox 319 4399 1906 4474">
    <p class='ocr_par' dir='ltr' id='par_1_74' title="bbox 319 4399 1906 4474">
     <span class='ocr_line' id='line_1_74' title="bbox 319 4399 1906 4474; baseline 0.005 -24"><span class='ocrx_word' id='word_1_581' title='bbox 319 4399 522 4469; x_wconf 84' lang='lat' dir='ltr'><strong>quiem,</strong></span> <span class='ocrx_word' id='word_1_582' title='bbox 550 4416 671 4454; x_wconf 90' lang='lat' dir='ltr'><strong>cum</strong></span> <span class='ocrx_word' id='word_1_583' title='bbox 711 4411 911 4470; x_wconf 63' lang='lat' dir='ltr'><strong>prieslo</strong></span> <span class='ocrx_word' id='word_1_584' title='bbox 948 4403 1338 4474; x_wconf 87' lang='lat' dir='ltr'><strong>subjungeret:</strong></span> <span class='ocrx_word' id='word_1_585' title='bbox 1378 4422 1396 4454; x_wconf 73' lang='grc' dir='ltr'><strong>ι</strong></span> <span class='ocrx_word' id='word_1_586' title='bbox 1440 4404 1906 4474; x_wconf 80' lang='lat' dir='ltr'><strong>Appropinquavit</strong></span> 
     </span>
    </p>
   </div>
   <div class='ocr_carea' id='block_1_75' title="bbox 319 4493 1906 4570">
    <p class='ocr_par' dir='ltr' id='par_1_75' title="bbox 319 4493 1906 4570">
     <span class='ocr_line' id='line_1_75' title="bbox 319 4493 1906 4570; baseline 0.004 -25"><span class='ocrx_word' id='word_1_587' title='bbox 319 4493 466 4546; x_wconf 89' lang='lat' dir='ltr'><strong>enint</strong></span> <span class='ocrx_word' id='word_1_588' title='bbox 517 4508 740 4562; x_wconf 85' lang='lat' dir='ltr'><strong>regnum</strong></span> <span class='ocrx_word' id='word_1_589' title='bbox 793 4495 1052 4549; x_wconf 68' lang='lat' dir='ltr'><strong>caalorum</strong></span> <span class='ocrx_word' id='word_1_590' title='bbox 1089 4495 1300 4567; x_wconf 83' lang='lat' dir='ltr'><strong>(Ibid.).</strong></span> <span class='ocrx_word' id='word_1_591' title='bbox 1337 4517 1355 4546; x_wconf 74' lang='grc' dir='ltr'><strong>ι</strong></span> <span class='ocrx_word' id='word_1_592' title='bbox 1392 4496 1468 4550; x_wconf 87' lang='lat' dir='ltr'><strong>Ac</strong></span> <span class='ocrx_word' id='word_1_593' title='bbox 1523 4497 1566 4550; x_wconf 93' lang='lat' dir='ltr'><strong>si</strong></span> <span class='ocrx_word' id='word_1_594' title='bbox 1622 4498 1906 4570; x_wconf 83' lang='lat' dir='ltr'><strong>perspicue</strong></span> 
     </span>
    </p>
   </div>
   <div class='ocr_carea' id='block_1_76' title="bbox 320 4571 1905 4656">
    <p class='ocr_par' dir='ltr' id='par_1_76' title="bbox 320 4571 1905 4656">
     <span class='ocr_line' id='line_1_76' title="bbox 320 4571 1905 4656; baseline 0.004 -22"><span class='ocrx_word' id='word_1_595' title='bbox 320 4582 634 4651; x_wconf 88' lang='lat' dir='ltr'><strong>loqueretur</strong></span> <span class='ocrx_word' id='word_1_596' title='bbox 669 4602 682 4638; x_wconf 90' lang='lat'><strong>:</strong></span> <span class='ocrx_word' id='word_1_597' title='bbox 735 4583 911 4640; x_wconf 81' lang='lat' dir='ltr'><strong>Nolite</strong></span> <span class='ocrx_word' id='word_1_598' title='bbox 944 4587 1042 4640; x_wconf 81' lang='lat' dir='ltr'><strong>sub</strong></span> <span class='ocrx_word' id='word_1_599' title='bbox 1091 4585 1342 4655; x_wconf 73' lang='lat' dir='ltr'><strong>injunctze</strong></span> <span class='ocrx_word' id='word_1_600' title='bbox 1374 4587 1525 4642; x_wconf 90' lang='lat' dir='ltr'><strong>vobis</strong></span> <span class='ocrx_word' id='word_1_601' title='bbox 1574 4571 1905 4656; x_wconf 59' lang='lat' dir='ltr'><strong>ptenitcutia:</strong></span> 
     </span>
    </p>
   </div>
   <div class='ocr_carea' id='block_1_77' title="bbox 320 4655 1981 4750">
    <p class='ocr_par' dir='ltr' id='par_1_77' title="bbox 320 4655 1981 4750">
     <span class='ocr_line' id='line_1_77' title="bbox 320 4655 1981 4750; baseline 0.004 -23"><span class='ocrx_word' id='word_1_602' title='bbox 320 4674 506 4729; x_wconf 89' lang='lat' dir='ltr'><strong>labore</strong></span> <span class='ocrx_word' id='word_1_603' title='bbox 539 4675 852 4743; x_wconf 83' lang='lat' dir='ltr'><strong>lassessere,</strong></span> <span class='ocrx_word' id='word_1_604' title='bbox 883 4680 977 4732; x_wconf 90' lang='lat' dir='ltr'><strong>scd</strong></span> <span class='ocrx_word' id='word_1_605' title='bbox 1008 4680 1185 4747; x_wconf 78' lang='lat' dir='ltr'><strong>pntius</strong></span> <span class='ocrx_word' id='word_1_606' title='bbox 1211 4679 1362 4733; x_wconf 90' lang='lat' dir='ltr'><strong>ﬁrma</strong></span> <span class='ocrx_word' id='word_1_607' title='bbox 1396 4695 1490 4750; x_wconf 88' lang='lat' dir='ltr'><strong>spe</strong></span> <span class='ocrx_word' id='word_1_608' title='bbox 1513 4681 1578 4734; x_wconf 83' lang='lat' dir='ltr'><strong>de</strong></span> <span class='ocrx_word' id='word_1_609' title='bbox 1615 4681 1764 4749; x_wconf 85' lang='lat' dir='ltr'><strong>regni</strong></span> <span class='ocrx_word' id='word_1_610' title='bbox 1792 4694 1902 4733; x_wconf 75' lang='lat' dir='ltr'><strong>rm-</strong></span> <span class='ocrx_word' id='word_1_611' title='bbox 1935 4655 1981 4712; x_wconf 77' lang='lat' dir='ltr'>D</span> 
     </span>
    </p>
   </div>
   <div class='ocr_carea' id='block_1_78' title="bbox 319 4765 1596 4838">
    <p class='ocr_par' dir='ltr' id='par_1_78' title="bbox 319 4765 1596 4838">
     <span class='ocr_line' id='line_1_78' title="bbox 319 4765 1596 4838; baseline 0.005 -21"><span class='ocrx_word' id='word_1_612' title='bbox 319 4765 471 4822; x_wconf 78' lang='lat' dir='ltr'><strong>lcstis</strong></span> <span class='ocrx_word' id='word_1_613' title='bbox 499 4770 1019 4838; x_wconf 84' lang='lat' dir='ltr'><strong>appropinquatione</strong></span> <span class='ocrx_word' id='word_1_614' title='bbox 1054 4772 1291 4823; x_wconf 87' lang='lat' dir='ltr'><strong>animum</strong></span> <span class='ocrx_word' id='word_1_615' title='bbox 1325 4772 1596 4826; x_wconf 67' lang='lat' dir='ltr'><strong>rob&#39;orate.</strong></span> 
     </span>
    </p>
   </div>
   <div class='ocr_carea' id='block_1_79' title="bbox 392 4856 1907 4922">
    <p class='ocr_par' dir='ltr' id='par_1_79' title="bbox 392 4856 1907 4922">
     <span class='ocr_line' id='line_1_79' title="bbox 392 4856 1907 4922; baseline 0.005 -15"><span class='ocrx_word' id='word_1_616' title='bbox 392 4856 652 4922; x_wconf 85' lang='lat' dir='ltr'><strong>Quaesivit</strong></span> <span class='ocrx_word' id='word_1_617' title='bbox 687 4866 869 4912; x_wconf 86' lang='lat' dir='ltr'><strong>autem</strong></span> <span class='ocrx_word' id='word_1_618' title='bbox 896 4875 1015 4912; x_wconf 88' lang='lat' dir='ltr'><strong>eam</strong></span> <span class='ocrx_word' id='word_1_619' title='bbox 1053 4858 1216 4913; x_wconf 87' lang='lat' dir='ltr'><strong>Judas</strong></span> <span class='ocrx_word' id='word_1_620' title='bbox 1247 4861 1298 4912; x_wconf 92' lang='lat' dir='ltr'><strong>in</strong></span> <span class='ocrx_word' id='word_1_621' title='bbox 1342 4861 1507 4922; x_wconf 78' lang='lat' dir='ltr'><strong>bivio,</strong></span> <span class='ocrx_word' id='word_1_622' title='bbox 1539 4862 1629 4913; x_wconf 90' lang='lat' dir='ltr'><strong>sed</strong></span> <span class='ocrx_word' id='word_1_623' title='bbox 1665 4861 1907 4915; x_wconf 87' lang='lat' dir='ltr'><strong>invenire</strong></span> 
     </span>
    </p>
   </div>
   <div class='ocr_carea' id='block_1_80' title="bbox 318 4947 1903 5019">
    <p class='ocr_par' dir='ltr' id='par_1_80' title="bbox 318 4947 1903 5019">
     <span class='ocr_line' id='line_1_80' title="bbox 318 4947 1903 5019; baseline -0.001 -18"><span class='ocrx_word' id='word_1_624' title='bbox 318 4963 426 5001; x_wconf 89' lang='lat' dir='ltr'><strong>non</strong></span> <span class='ocrx_word' id='word_1_625' title='bbox 457 4949 662 5016; x_wconf 89' lang='lat' dir='ltr'><strong>potuit;</strong></span> <span class='ocrx_word' id='word_1_626' title='bbox 689 4948 814 5016; x_wconf 91' lang='lat' dir='ltr'><strong>quia</strong></span> <span class='ocrx_word' id='word_1_627' title='bbox 861 4965 980 5016; x_wconf 84' lang='lat' dir='ltr'><strong>quae</strong></span> <span class='ocrx_word' id='word_1_628' title='bbox 1012 4950 1063 5003; x_wconf 93' lang='lat' dir='ltr'><strong>iu</strong></span> <span class='ocrx_word' id='word_1_629' title='bbox 1107 4949 1341 5018; x_wconf 89' lang='lat' dir='ltr'><strong>publico,</strong></span> <span class='ocrx_word' id='word_1_630' title='bbox 1371 4947 1526 5017; x_wconf 81' lang='lat' dir='ltr'><strong>juxta</strong></span> <span class='ocrx_word' id='word_1_631' title='bbox 1559 4949 1903 5019; x_wconf 69' lang='grc' dir='ltr'><strong><em>Ριοριιεξιιιτιι,</em></strong></span> 
     </span>
    </p>
   </div>
   <div class='ocr_carea' id='block_1_81' title="bbox 319 5031 1904 5110">
    <p class='ocr_par' dir='ltr' id='par_1_81' title="bbox 319 5031 1904 5110">
     <span class='ocr_line' id='line_1_81' title="bbox 319 5031 1904 5110; baseline 0.002 -21"><span class='ocrx_word' id='word_1_632' title='bbox 319 5046 376 5092; x_wconf 80' lang='lat' dir='ltr'><strong>et</strong></span> <span class='ocrx_word' id='word_1_633' title='bbox 396 5039 494 5092; x_wconf 89' lang='lat' dir='ltr'><strong>sub</strong></span> <span class='ocrx_word' id='word_1_634' title='bbox 519 5031 667 5093; x_wconf 84' lang='lat' dir='ltr'><strong>omni</strong></span> <span class='ocrx_word' id='word_1_635' title='bbox 690 5039 831 5109; x_wconf 79' lang='lat' dir='ltr'><strong>ligno</strong></span> <span class='ocrx_word' id='word_1_636' title='bbox 853 5039 1108 5093; x_wconf 86' lang='lat' dir='ltr'><strong>frondoso</strong></span> <span class='ocrx_word' id='word_1_637' title='bbox 1129 5040 1306 5094; x_wconf 83' lang='lat' dir='ltr'><strong>fuerat</strong></span> <span class='ocrx_word' id='word_1_638' title='bbox 1330 5040 1617 5109; x_wconf 82' lang='lat' dir='ltr'><strong>prosituta</strong></span> <span class='ocrx_word' id='word_1_639' title='bbox 1639 5040 1770 5110; x_wconf 86' lang='lat' dir='ltr'><strong>(Jer.</strong></span> <span class='ocrx_word' id='word_1_640' title='bbox 1797 5040 1904 5102; x_wconf 84' lang='grc' dir='ltr'><strong><em>ιιι).</em></strong></span> 
     </span>
    </p>
   </div>
   <div class='ocr_carea' id='block_1_82' title="bbox 315 5129 1910 5199">
    <p class='ocr_par' dir='ltr' id='par_1_82' title="bbox 315 5129 1910 5199">
     <span class='ocr_line' id='line_1_82' title="bbox 315 5129 1910 5199; baseline 0.001 -17"><span class='ocrx_word' id='word_1_641' title='bbox 315 5129 430 5198; x_wconf 84' lang='lat' dir='ltr'><strong>jam</strong></span> <span class='ocrx_word' id='word_1_642' title='bbox 460 5144 518 5184; x_wconf 88' lang='lat' dir='ltr'><strong>se</strong></span> <span class='ocrx_word' id='word_1_643' title='bbox 550 5129 602 5183; x_wconf 92' lang='lat' dir='ltr'><strong>in</strong></span> <span class='ocrx_word' id='word_1_644' title='bbox 631 5130 791 5183; x_wconf 89' lang='lat' dir='ltr'><strong>domo</strong></span> <span class='ocrx_word' id='word_1_645' title='bbox 817 5139 1041 5199; x_wconf 89' lang='lat' dir='ltr'><strong>paterna</strong></span> <span class='ocrx_word' id='word_1_646' title='bbox 1071 5172 1083 5196; x_wconf 92' lang='lat'><strong>,</strong></span> <span class='ocrx_word' id='word_1_647' title='bbox 1121 5130 1222 5184; x_wconf 91' lang='lat' dir='ltr'><strong>sub</strong></span> <span class='ocrx_word' id='word_1_648' title='bbox 1250 5130 1450 5184; x_wconf 91' lang='lat' dir='ltr'><strong>Christi</strong></span> <span class='ocrx_word' id='word_1_649' title='bbox 1493 5131 1742 5185; x_wconf 61' lang='lat' dir='ltr'><strong>videlicet</strong></span> <span class='ocrx_word' id='word_1_650' title='bbox 1785 5146 1910 5184; x_wconf 85' lang='lat' dir='ltr'><strong>con-</strong></span> 
     </span>
    </p>
   </div>
   <div class='ocr_carea' id='block_1_83' title="bbox 323 5222 1909 5292">
    <p class='ocr_par' dir='ltr' id='par_1_83' title="bbox 323 5222 1909 5292">
     <span class='ocr_line' id='line_1_83' title="bbox 323 5222 1909 5292; baseline 0 -18"><span class='ocrx_word' id='word_1_651' title='bbox 323 5222 623 5276; x_wconf 82' lang='lat' dir='ltr'><strong>strinxerat</strong></span> <span class='ocrx_word' id='word_1_652' title='bbox 645 5223 958 5291; x_wconf 84' lang='lat' dir='ltr'><strong>disciplina;</strong></span> <span class='ocrx_word' id='word_1_653' title='bbox 992 5238 1090 5276; x_wconf 91' lang='lat' dir='ltr'><strong>nce</strong></span> <span class='ocrx_word' id='word_1_654' title='bbox 1112 5236 1230 5276; x_wconf 85' lang='lat' dir='ltr'><strong>eam</strong></span> <span class='ocrx_word' id='word_1_655' title='bbox 1256 5224 1461 5292; x_wconf 82' lang='lat' dir='ltr'><strong>peccati</strong></span> <span class='ocrx_word' id='word_1_656' title='bbox 1495 5225 1695 5292; x_wconf 78' lang='lat' dir='ltr'><strong>reperit</strong></span> <span class='ocrx_word' id='word_1_657' title='bbox 1721 5239 1909 5291; x_wconf 82' lang='lat' dir='ltr'><strong>expro-</strong></span> 
     </span>
    </p>
   </div>
   <div class='ocr_carea' id='block_1_84' title="bbox 323 5310 1904 5379">
    <p class='ocr_par' dir='ltr' id='par_1_84' title="bbox 323 5310 1904 5379">
     <span class='ocr_line' id='line_1_84' title="bbox 323 5310 1904 5379; baseline 0.001 -17"><span class='ocrx_word' id='word_1_658' title='bbox 323 5310 538 5373; x_wconf 84' lang='lat' dir='ltr'><strong>bratio,</strong></span> <span class='ocrx_word' id='word_1_659' title='bbox 590 5326 751 5379; x_wconf 83' lang='lat' dir='ltr'><strong>quant</strong></span> <span class='ocrx_word' id='word_1_660' title='bbox 813 5310 1169 5366; x_wconf 84' lang='lat' dir='ltr'><strong>confessionis</strong></span> <span class='ocrx_word' id='word_1_661' title='bbox 1220 5321 1522 5366; x_wconf 77' lang='lat' dir='ltr'><strong>mutaverat</strong></span> <span class='ocrx_word' id='word_1_662' title='bbox 1583 5312 1904 5365; x_wconf 89' lang='lat' dir='ltr'><strong>amaritudo.</strong></span> 
     </span>
    </p>
   </div>
   <div class='ocr_carea' id='block_1_85' title="bbox 325 5401 1906 5470">
    <p class='ocr_par' dir='ltr' id='par_1_85' title="bbox 325 5401 1906 5470">
     <span class='ocr_line' id='line_1_85' title="bbox 325 5401 1906 5470; baseline 0.003 -18"><span class='ocrx_word' id='word_1_663' title='bbox 325 5401 614 5454; x_wconf 74' lang='lat' dir='ltr'><strong>Viduitatis</strong></span> <span class='ocrx_word' id='word_1_664' title='bbox 657 5417 715 5455; x_wconf 89' lang='lat' dir='ltr'><strong>se</strong></span> <span class='ocrx_word' id='word_1_665' title='bbox 745 5403 986 5456; x_wconf 83' lang='lat' dir='ltr'><strong>vestibus</strong></span> <span class='ocrx_word' id='word_1_666' title='bbox 1020 5403 1224 5466; x_wconf 90' lang='lat' dir='ltr'><strong>induit,</strong></span> <span class='ocrx_word' id='word_1_667' title='bbox 1252 5402 1376 5470; x_wconf 90' lang='lat' dir='ltr'><strong>quia</strong></span> <span class='ocrx_word' id='word_1_668' title='bbox 1411 5411 1604 5470; x_wconf 60' lang='lat' dir='ltr'><strong>praeter</strong></span> <span class='ocrx_word' id='word_1_669' title='bbox 1632 5402 1906 5457; x_wconf 71' lang='lat' dir='ltr'><strong>crelestem</strong></span> 
     </span>
    </p>
   </div>
   <div class='ocr_carea' id='block_1_86' title="bbox 325 5491 1908 5562">
    <p class='ocr_par' dir='ltr' id='par_1_86' title="bbox 325 5491 1908 5562">
     <span class='ocr_line' id='line_1_86' title="bbox 325 5491 1908 5562; baseline 0 -17"><span class='ocrx_word' id='word_1_670' title='bbox 325 5491 620 5559; x_wconf 87' lang='lat' dir='ltr'><strong>Sponsum,</strong></span> <span class='ocrx_word' id='word_1_671' title='bbox 653 5492 744 5562; x_wconf 91' lang='lat' dir='ltr'><strong>qui</strong></span> <span class='ocrx_word' id='word_1_672' title='bbox 775 5507 872 5562; x_wconf 85' lang='lat' dir='ltr'><strong>pro</strong></span> <span class='ocrx_word' id='word_1_673' title='bbox 909 5508 970 5547; x_wconf 90' lang='lat' dir='ltr'><strong>ea</strong></span> <span class='ocrx_word' id='word_1_674' title='bbox 998 5501 1246 5547; x_wconf 89' lang='lat' dir='ltr'><strong>mortuus</strong></span> <span class='ocrx_word' id='word_1_675' title='bbox 1274 5502 1377 5557; x_wconf 88' lang='lat' dir='ltr'><strong>est,</strong></span> <span class='ocrx_word' id='word_1_676' title='bbox 1417 5492 1646 5546; x_wconf 89' lang='lat' dir='ltr'><strong>alterum</strong></span> <span class='ocrx_word' id='word_1_677' title='bbox 1683 5508 1787 5547; x_wconf 90' lang='lat' dir='ltr'><strong>non</strong></span> <span class='ocrx_word' id='word_1_678' title='bbox 1817 5494 1908 5546; x_wconf 72' lang='lat' dir='ltr'><strong>at!-</strong></span> 
     </span>
    </p>
   </div>
   <div class='ocr_carea' id='block_1_87' title="bbox 325 5582 1904 5652">
    <p class='ocr_par' dir='ltr' id='par_1_87' title="bbox 325 5582 1904 5652">
     <span class='ocr_line' id='line_1_87' title="bbox 325 5582 1904 5652; baseline 0 -16"><span class='ocrx_word' id='word_1_679' title='bbox 325 5583 512 5637; x_wconf 90' lang='lat' dir='ltr'><strong>mittit.</strong></span> <span class='ocrx_word' id='word_1_680' title='bbox 541 5582 693 5649; x_wconf 90' lang='lat' dir='ltr'><strong>Quod</strong></span> <span class='ocrx_word' id='word_1_681' title='bbox 743 5593 921 5636; x_wconf 89' lang='lat' dir='ltr'><strong>autem</strong></span> <span class='ocrx_word' id='word_1_682' title='bbox 961 5584 1162 5652; x_wconf 86' lang='lat' dir='ltr'><strong>gemini</strong></span> <span class='ocrx_word' id='word_1_683' title='bbox 1198 5593 1565 5652; x_wconf 89' lang='lat' dir='ltr'><strong>apparuerunt</strong></span> <span class='ocrx_word' id='word_1_684' title='bbox 1617 5583 1669 5636; x_wconf 90' lang='lat' dir='ltr'><strong>in</strong></span> <span class='ocrx_word' id='word_1_685' title='bbox 1722 5592 1904 5646; x_wconf 84' lang='lat' dir='ltr'><strong>utero,</strong></span> 
     </span>
    </p>
   </div>
   <div class='ocr_carea' id='block_1_88' title="bbox 323 5673 1907 5745">
    <p class='ocr_par' dir='ltr' id='par_1_88' title="bbox 323 5673 1907 5745">
     <span class='ocr_line' id='line_1_88' title="bbox 323 5673 1907 5745; baseline 0 -19"><span class='ocrx_word' id='word_1_686' title='bbox 323 5673 431 5726; x_wconf 88' lang='lat' dir='ltr'><strong>duo</strong></span> <span class='ocrx_word' id='word_1_687' title='bbox 466 5682 592 5727; x_wconf 87' lang='lat' dir='ltr'><strong>sunt</strong></span> <span class='ocrx_word' id='word_1_688' title='bbox 631 5673 811 5743; x_wconf 90' lang='lat' dir='ltr'><strong>populi</strong></span> <span class='ocrx_word' id='word_1_689' title='bbox 843 5674 895 5728; x_wconf 90' lang='lat' dir='ltr'><strong>in</strong></span> <span class='ocrx_word' id='word_1_690' title='bbox 942 5673 1194 5728; x_wconf 70' lang='lat' dir='ltr'><strong>Ecclesia:</strong></span> <span class='ocrx_word' id='word_1_691' title='bbox 1223 5674 1428 5743; x_wconf 88' lang='lat' dir='ltr'><strong>gremio</strong></span> <span class='ocrx_word' id='word_1_692' title='bbox 1460 5689 1555 5744; x_wconf 87' lang='lat' dir='ltr'><strong>per</strong></span> <span class='ocrx_word' id='word_1_693' title='bbox 1583 5673 1750 5727; x_wconf 89' lang='lat' dir='ltr'><strong>sancti</strong></span> <span class='ocrx_word' id='word_1_694' title='bbox 1782 5674 1907 5745; x_wconf 89' lang='lat' dir='ltr'><strong>Spi-</strong></span> 
     </span>
    </p>
   </div>
   <div class='ocr_carea' id='block_1_89' title="bbox 324 5763 1909 5836">
    <p class='ocr_par' dir='ltr' id='par_1_89' title="bbox 324 5763 1909 5836">
     <span class='ocr_line' id='line_1_89' title="bbox 324 5763 1909 5836; baseline 0.001 -20"><span class='ocrx_word' id='word_1_695' title='bbox 324 5765 463 5818; x_wconf 89' lang='lat' dir='ltr'><strong>ritus</strong></span> <span class='ocrx_word' id='word_1_696' title='bbox 494 5766 722 5834; x_wconf 80' lang='lat' dir='ltr'><strong>gratiam</strong></span> <span class='ocrx_word' id='word_1_697' title='bbox 757 5765 1021 5836; x_wconf 87' lang='lat' dir='ltr'><strong>generati.</strong></span> <span class='ocrx_word' id='word_1_698' title='bbox 1071 5764 1124 5817; x_wconf 91' lang='lat' dir='ltr'><strong>ln</strong></span> <span class='ocrx_word' id='word_1_699' title='bbox 1173 5765 1287 5832; x_wconf 90' lang='lat' dir='ltr'><strong>ipsa</strong></span> <span class='ocrx_word' id='word_1_700' title='bbox 1340 5779 1470 5819; x_wconf 90' lang='lat' dir='ltr'><strong>vero</strong></span> <span class='ocrx_word' id='word_1_701' title='bbox 1505 5763 1775 5832; x_wconf 80' lang='lat' dir='ltr'><strong>_cﬁ&#39;usioue</strong></span> <span class='ocrx_word' id='word_1_702' title='bbox 1815 5782 1909 5818; x_wconf 89' lang='lat' dir='ltr'><strong>na-</strong></span> 
     </span>
    </p>
   </div>
   <div class='ocr_carea' id='block_1_90' title="bbox 324 5855 1928 5928">
    <p class='ocr_par' dir='ltr' id='par_1_90' title="bbox 324 5855 1928 5928">
     <span class='ocr_line' id='line_1_90' title="bbox 324 5855 1928 5928; baseline 0.002 -19"><span class='ocrx_word' id='word_1_703' title='bbox 324 5855 590 5911; x_wconf 82' lang='lat' dir='ltr'><strong>sccntium</strong></span> <span class='ocrx_word' id='word_1_704' title='bbox 619 5897 631 5922; x_wconf 95' lang='lat'><strong>,</strong></span> <span class='ocrx_word' id='word_1_705' title='bbox 667 5872 806 5911; x_wconf 86' lang='lat' dir='ltr'><strong>unus</strong></span> <span class='ocrx_word' id='word_1_706' title='bbox 839 5873 1055 5913; x_wconf 88' lang='lat' dir='ltr'><strong>manum</strong></span> <span class='ocrx_word' id='word_1_707' title='bbox 1090 5856 1331 5928; x_wconf 85' lang='lat' dir='ltr'><strong>protulit,</strong></span> <span class='ocrx_word' id='word_1_708' title='bbox 1366 5865 1418 5910; x_wconf 86' lang='lat' dir='ltr'><strong>et</strong></span> <span class='ocrx_word' id='word_1_709' title='bbox 1446 5856 1610 5928; x_wconf 84' lang='lat' dir='ltr'><strong>ligato</strong></span> <span class='ocrx_word' id='word_1_710' title='bbox 1643 5858 1865 5914; x_wconf 79' lang='lat' dir='ltr'><strong>coccino</strong></span> <span class='ocrx_word' id='word_1_711' title='bbox 1893 5901 1928 5926; x_wconf 90' lang='lat'><strong>,_</strong></span> 
     </span>
    </p>
   </div>
   <div class='ocr_carea' id='block_1_91' title="bbox 2008 3404 3582 3480">
    <p class='ocr_par' dir='ltr' id='par_1_91' title="bbox 2008 3404 3582 3480">
     <span class='ocr_line' id='line_1_91' title="bbox 2008 3404 3582 3480; baseline -0.007 -13"><span class='ocrx_word' id='word_1_712' title='bbox 2008 3413 2053 3467; x_wconf 91' lang='lat' dir='ltr'><strong>si</strong></span> <span class='ocrx_word' id='word_1_713' title='bbox 2080 3419 2330 3480; x_wconf 88' lang='lat' dir='ltr'><strong>patenter</strong></span> <span class='ocrx_word' id='word_1_714' title='bbox 2355 3411 2498 3465; x_wconf 89' lang='lat' dir='ltr'><strong>dicat</strong></span> <span class='ocrx_word' id='word_1_715' title='bbox 2529 3407 2813 3469; x_wconf 84' lang='lat' dir='ltr'><strong>:Ceutiles</strong></span> <span class='ocrx_word' id='word_1_716' title='bbox 2842 3407 3055 3477; x_wconf 91' lang='lat' dir='ltr'><strong>populi,</strong></span> <span class='ocrx_word' id='word_1_717' title='bbox 3079 3407 3170 3476; x_wconf 92' lang='lat' dir='ltr'><strong>qui</strong></span> <span class='ocrx_word' id='word_1_718' title='bbox 3201 3404 3407 3475; x_wconf 88' lang='lat' dir='ltr'><strong>lapides</strong></span> <span class='ocrx_word' id='word_1_719' title='bbox 3433 3406 3582 3458; x_wconf 91' lang='lat' dir='ltr'><strong>sunt</strong></span> 
     </span>
    </p>
   </div>
   <div class='ocr_carea' id='block_1_92' title="bbox 1997 3495 3596 3575">
    <p class='ocr_par' dir='ltr' id='par_1_92' title="bbox 1997 3495 3596 3575">
     <span class='ocr_line' id='line_1_92' title="bbox 1997 3495 3596 3575; baseline -0.004 -19"><span class='ocrx_word' id='word_1_720' title='bbox 1997 3495 2131 3572; x_wconf 88' lang='lat' dir='ltr'><strong>quia</strong></span> <span class='ocrx_word' id='word_1_721' title='bbox 2156 3503 2360 3573; x_wconf 87' lang='lat' dir='ltr'><strong>lapides</strong></span> <span class='ocrx_word' id='word_1_722' title='bbox 2385 3502 2590 3565; x_wconf 86' lang='lat' dir='ltr'><strong>colunt,</strong></span> <span class='ocrx_word' id='word_1_723' title='bbox 2623 3501 2964 3575; x_wconf 84' lang='lat' dir='ltr'><strong>primogeniti</strong></span> <span class='ocrx_word' id='word_1_724' title='bbox 2990 3499 3145 3555; x_wconf 89' lang='lat' dir='ltr'><strong>vobis</strong></span> <span class='ocrx_word' id='word_1_725' title='bbox 3187 3503 3317 3552; x_wconf 89' lang='lat' dir='ltr'><strong>flent</strong></span> <span class='ocrx_word' id='word_1_726' title='bbox 3342 3498 3408 3550; x_wconf 88' lang='lat' dir='ltr'><strong>ad</strong></span> <span class='ocrx_word' id='word_1_727' title='bbox 3441 3511 3596 3566; x_wconf 78' lang='lat' dir='ltr'><strong>rege-</strong></span> 
     </span>
    </p>
   </div>
   <div class='ocr_carea' id='block_1_93' title="bbox 2008 3593 3602 3662">
    <p class='ocr_par' dir='ltr' id='par_1_93' title="bbox 2008 3593 3602 3662">
     <span class='ocr_line' id='line_1_93' title="bbox 2008 3593 3602 3662; baseline -0.004 -14"><span class='ocrx_word' id='word_1_728' title='bbox 2008 3594 2306 3649; x_wconf 77' lang='lat' dir='ltr'><strong>nerationis</strong></span> <span class='ocrx_word' id='word_1_729' title='bbox 2335 3606 2389 3648; x_wconf 89' lang='lat' dir='ltr'><strong>et</strong></span> <span class='ocrx_word' id='word_1_730' title='bbox 2409 3609 2560 3648; x_wconf 77' lang='lat' dir='ltr'><strong>nova:</strong></span> <span class='ocrx_word' id='word_1_731' title='bbox 2581 3593 2767 3662; x_wconf 75' lang='lat' dir='ltr'><strong>gratia:</strong></span> <span class='ocrx_word' id='word_1_732' title='bbox 2790 3601 3217 3657; x_wconf 85' lang='lat' dir='ltr'><strong>sacramentum;</strong></span> <span class='ocrx_word' id='word_1_733' title='bbox 3247 3606 3475 3660; x_wconf 83' lang='lat' dir='ltr'><strong>quorum</strong></span> <span class='ocrx_word' id='word_1_734' title='bbox 3502 3604 3602 3650; x_wconf 77' lang='lat' dir='ltr'><strong>vos</strong></span> 
     </span>
    </p>
   </div>
   <div class='ocr_carea' id='block_1_94' title="bbox 2007 3679 3594 3756">
    <p class='ocr_par' dir='ltr' id='par_1_94' title="bbox 2007 3679 3594 3756">
     <span class='ocr_line' id='line_1_94' title="bbox 2007 3679 3594 3756; baseline -0.007 -15"><span class='ocrx_word' id='word_1_735' title='bbox 2007 3701 2105 3756; x_wconf 89' lang='lat' dir='ltr'><strong>per</strong></span> <span class='ocrx_word' id='word_1_736' title='bbox 2116 3685 2315 3756; x_wconf 83' lang='lat' dir='ltr'><strong>legales</strong></span> <span class='ocrx_word' id='word_1_737' title='bbox 2327 3685 2676 3743; x_wconf 67' lang='lat' dir='ltr'><strong>caeremonias</strong></span> <span class='ocrx_word' id='word_1_738' title='bbox 2690 3683 3017 3740; x_wconf 88' lang='lat' dir='ltr'><strong>videbamini</strong></span> <span class='ocrx_word' id='word_1_739' title='bbox 3033 3681 3268 3737; x_wconf 89' lang='lat' dir='ltr'><strong>tenuisse</strong></span> <span class='ocrx_word' id='word_1_740' title='bbox 3280 3679 3594 3752; x_wconf 85' lang='lat' dir='ltr'><strong>primatum,</strong></span> 
     </span>
    </p>
   </div>
   <div class='ocr_carea' id='block_1_95' title="bbox 2243 3773 3041 3844">
    <p class='ocr_par' dir='ltr' id='par_1_95' title="bbox 2243 3773 3041 3844">
     <span class='ocr_line' id='line_1_95' title="bbox 2243 3773 3041 3844; baseline -0.008 -10"><span class='ocrx_word' id='word_1_741' title='bbox 2243 3841 2245 3844; x_wconf 42' lang='grc'>,</span> <span class='ocrx_word' id='word_1_742' title='bbox 2579 3773 2808 3838; x_wconf 73' lang='lat' dir='ltr'><strong>CAPUT</strong></span> <span class='ocrx_word' id='word_1_743' title='bbox 2849 3774 3041 3829; x_wconf 82' lang='lat' dir='ltr'><strong>XXXI.</strong></span> 
     </span>
    </p>
   </div>
   <div class='ocr_carea' id='block_1_96' title="bbox 2244 3867 3325 3939">
    <p class='ocr_par' dir='ltr' id='par_1_96' title="bbox 2244 3867 3325 3939">
     <span class='ocr_line' id='line_1_96' title="bbox 2244 3867 3325 3939; baseline -0.003 -15"><span class='ocrx_word' id='word_1_744' title='bbox 2244 3871 2326 3926; x_wconf 44' lang='lat' dir='ltr'><strong>&#39;In</strong></span> <span class='ocrx_word' id='word_1_745' title='bbox 2353 3887 2588 3926; x_wconf 79' lang='lat' dir='ltr'><strong>sermone</strong></span> <span class='ocrx_word' id='word_1_746' title='bbox 2621 3870 2685 3924; x_wconf 86' lang='lat' dir='ltr'><strong>de</strong></span> <span class='ocrx_word' id='word_1_747' title='bbox 2724 3869 2785 3924; x_wconf 91' lang='lat' dir='ltr'><strong>S.</strong></span> <span class='ocrx_word' id='word_1_748' title='bbox 2822 3867 2961 3921; x_wconf 86' lang='lat' dir='ltr'><strong>Luca</strong></span> <span class='ocrx_word' id='word_1_749' title='bbox 2993 3867 3325 3939; x_wconf 81' lang='lat' dir='ltr'><strong>evangelista.</strong></span> 
     </span>
    </p>
   </div>
   <div class='ocr_carea' id='block_1_97' title="bbox 2092 3956 3602 4027">
    <p class='ocr_par' dir='ltr' id='par_1_97' title="bbox 2092 3956 3602 4027">
     <span class='ocr_line' id='line_1_97' title="bbox 2092 3956 3602 4027; baseline -0.001 -17"><span class='ocrx_word' id='word_1_750' title='bbox 2092 3959 2311 4014; x_wconf 71' lang='lat' dir='ltr'><strong>«Jussit</strong></span> <span class='ocrx_word' id='word_1_751' title='bbox 2362 3959 2557 4027; x_wconf 86' lang='lat' dir='ltr'><strong>Joscph</strong></span> <span class='ocrx_word' id='word_1_752' title='bbox 2616 3956 2919 4019; x_wconf 87' lang='lat' dir='ltr'><strong>ministris.</strong></span> <span class='ocrx_word' id='word_1_753' title='bbox 2971 3964 3030 4010; x_wconf 91' lang='lat' dir='ltr'><strong>ut</strong></span> <span class='ocrx_word' id='word_1_754' title='bbox 3074 3956 3360 4026; x_wconf 86' lang='lat' dir='ltr'><strong>implerent</strong></span> <span class='ocrx_word' id='word_1_755' title='bbox 3413 3969 3602 4009; x_wconf 87' lang='lat' dir='ltr'><strong>saccos</strong></span> 
     </span>
    </p>
   </div>
   <div class='ocr_carea' id='block_1_98' title="bbox 2011 4044 3601 4117">
    <p class='ocr_par' dir='ltr' id='par_1_98' title="bbox 2011 4044 3601 4117">
     <span class='ocr_line' id='line_1_98' title="bbox 2011 4044 3601 4117; baseline -0.003 -17"><span class='ocrx_word' id='word_1_756' title='bbox 2011 4048 2212 4112; x_wconf 85' lang='lat' dir='ltr'><strong>tritico,</strong></span> <span class='ocrx_word' id='word_1_757' title='bbox 2245 4057 2299 4101; x_wconf 89' lang='lat' dir='ltr'><strong>et</strong></span> <span class='ocrx_word' id='word_1_758' title='bbox 2326 4055 2648 4117; x_wconf 89' lang='lat' dir='ltr'><strong>reponerent</strong></span> <span class='ocrx_word' id='word_1_759' title='bbox 2692 4045 2948 4115; x_wconf 88' lang='lat' dir='ltr'><strong>pecunias</strong></span> <span class='ocrx_word' id='word_1_760' title='bbox 2977 4044 3312 4116; x_wconf 89' lang='lat' dir='ltr'><strong>singulorum</strong></span> <span class='ocrx_word' id='word_1_761' title='bbox 3339 4045 3391 4098; x_wconf 93' lang='lat' dir='ltr'><strong>iu</strong></span> <span class='ocrx_word' id='word_1_762' title='bbox 3426 4045 3601 4099; x_wconf 86' lang='lat' dir='ltr'><strong>saccis</strong></span> 
     </span>
    </p>
   </div>
   <div class='ocr_carea' id='block_1_99' title="bbox 2010 4133 3602 4206">
    <p class='ocr_par' dir='ltr' id='par_1_99' title="bbox 2010 4133 3602 4206">
     <span class='ocr_line' id='line_1_99' title="bbox 2010 4133 3602 4206; baseline -0.002 -15"><span class='ocrx_word' id='word_1_763' title='bbox 2010 4137 2124 4191; x_wconf 71' lang='lat' dir='ltr'><strong>suis</strong></span> <span class='ocrx_word' id='word_1_764' title='bbox 2158 4134 2311 4206; x_wconf 84' lang='lat' dir='ltr'><strong>(Gen.</strong></span> <span class='ocrx_word' id='word_1_765' title='bbox 2355 4136 2523 4206; x_wconf 63' lang='grc' dir='ltr'><strong><em>χιιι).</em></strong></span> <span class='ocrx_word' id='word_1_766' title='bbox 2558 4155 2576 4186; x_wconf 70' lang='grc' dir='ltr'><strong>ι</strong></span> <span class='ocrx_word' id='word_1_767' title='bbox 2609 4133 2740 4201; x_wconf 73' lang='lat' dir='ltr'><strong>Qua:</strong></span> <span class='ocrx_word' id='word_1_768' title='bbox 2781 4149 3012 4204; x_wconf 89' lang='lat' dir='ltr'><strong>namque</strong></span> <span class='ocrx_word' id='word_1_769' title='bbox 3061 4142 3186 4188; x_wconf 90' lang='lat' dir='ltr'><strong>sunt</strong></span> <span class='ocrx_word' id='word_1_770' title='bbox 3233 4133 3414 4203; x_wconf 84' lang='lat' dir='ltr'><strong>fruges</strong></span> <span class='ocrx_word' id='word_1_771' title='bbox 3466 4150 3602 4200; x_wconf 90' lang='lat' dir='ltr'><strong>quas</strong></span> 
     </span>
    </p>
   </div>
   <div class='ocr_carea' id='block_1_100' title="bbox 1994 4224 3604 4300">
    <p class='ocr_par' dir='ltr' id='par_1_100' title="bbox 1994 4224 3604 4300">
     <span class='ocr_line' id='line_1_100' title="bbox 1994 4224 3604 4300; baseline -0.004 -16"><span class='ocrx_word' id='word_1_772' title='bbox 1994 4224 2203 4300; x_wconf 24' lang='lat' dir='ltr'><strong>&#39;Joscpli</strong></span> <span class='ocrx_word' id='word_1_773' title='bbox 2237 4229 2498 4283; x_wconf 86' lang='lat' dir='ltr'><strong>fratribus</strong></span> <span class='ocrx_word' id='word_1_774' title='bbox 2529 4227 2774 4291; x_wconf 91' lang='lat' dir='ltr'><strong>contulit,</strong></span> <span class='ocrx_word' id='word_1_775' title='bbox 2808 4226 2910 4280; x_wconf 88' lang='lat' dir='ltr'><strong>nisi</strong></span> <span class='ocrx_word' id='word_1_776' title='bbox 2942 4225 3250 4296; x_wconf 85' lang='lat' dir='ltr'><strong>evangelica</strong></span> <span class='ocrx_word' id='word_1_777' title='bbox 3283 4225 3604 4296; x_wconf 84' lang='lat' dir='ltr'><strong>apostolica-</strong></span> 
     </span>
    </p>
   </div>
   <div class='ocr_carea' id='block_1_101' title="bbox 2007 4317 3600 4389">
    <p class='ocr_par' dir='ltr' id='par_1_101' title="bbox 2007 4317 3600 4389">
     <span class='ocr_line' id='line_1_101' title="bbox 2007 4317 3600 4389; baseline -0.001 -18"><span class='ocrx_word' id='word_1_778' title='bbox 2007 4335 2112 4387; x_wconf 90' lang='lat' dir='ltr'><strong>que</strong></span> <span class='ocrx_word' id='word_1_779' title='bbox 2152 4319 2417 4382; x_wconf 87' lang='lat' dir='ltr'><strong>doctrina,</strong></span> <span class='ocrx_word' id='word_1_780' title='bbox 2448 4318 2588 4372; x_wconf 90' lang='lat' dir='ltr'><strong>unde</strong></span> <span class='ocrx_word' id='word_1_781' title='bbox 2617 4317 2867 4372; x_wconf 89' lang='lat' dir='ltr'><strong>videlicet</strong></span> <span class='ocrx_word' id='word_1_782' title='bbox 2905 4318 3152 4373; x_wconf 87' lang='lat' dir='ltr'><strong>esuriens</strong></span> <span class='ocrx_word' id='word_1_783' title='bbox 3178 4317 3404 4389; x_wconf 90' lang='lat' dir='ltr'><strong>populus</strong></span> <span class='ocrx_word' id='word_1_784' title='bbox 3435 4317 3600 4378; x_wconf 87' lang='lat' dir='ltr'><strong>vivat,</strong></span> 
     </span>
    </p>
   </div>
   <div class='ocr_carea' id='block_1_102' title="bbox 2007 4407 3604 4481">
    <p class='ocr_par' dir='ltr' id='par_1_102' title="bbox 2007 4407 3604 4481">
     <span class='ocr_line' id='line_1_102' title="bbox 2007 4407 3604 4481; baseline -0.001 -19"><span class='ocrx_word' id='word_1_785' title='bbox 2007 4409 2150 4464; x_wconf 90' lang='lat' dir='ltr'><strong>unde</strong></span> <span class='ocrx_word' id='word_1_786' title='bbox 2177 4425 2307 4481; x_wconf 80' lang='lat' dir='ltr'><strong>grex</strong></span> <span class='ocrx_word' id='word_1_787' title='bbox 2339 4409 2538 4464; x_wconf 90' lang='lat' dir='ltr'><strong>Christi</strong></span> <span class='ocrx_word' id='word_1_788' title='bbox 2564 4409 2793 4464; x_wconf 89' lang='lat' dir='ltr'><strong>viventia</strong></span> <span class='ocrx_word' id='word_1_789' title='bbox 2821 4407 3009 4464; x_wconf 89' lang='lat' dir='ltr'><strong>salutis</strong></span> <span class='ocrx_word' id='word_1_790' title='bbox 3032 4408 3286 4463; x_wconf 88' lang='lat' dir='ltr'><strong>alimenta</strong></span> <span class='ocrx_word' id='word_1_791' title='bbox 3315 4409 3604 4480; x_wconf 78' lang='lat' dir='ltr'><strong>decerpat?</strong></span> 
     </span>
    </p>
   </div>
   <div class='ocr_carea' id='block_1_103' title="bbox 2010 4499 3604 4570">
    <p class='ocr_par' dir='ltr' id='par_1_103' title="bbox 2010 4499 3604 4570">
     <span class='ocr_line' id='line_1_103' title="bbox 2010 4499 3604 4570; baseline 0.001 -16"><span class='ocrx_word' id='word_1_792' title='bbox 2010 4499 2135 4554; x_wconf 85' lang='lat' dir='ltr'><strong>Haec</strong></span> <span class='ocrx_word' id='word_1_793' title='bbox 2167 4499 2254 4553; x_wconf 91' lang='lat' dir='ltr'><strong>illa</strong></span> <span class='ocrx_word' id='word_1_794' title='bbox 2285 4499 2442 4570; x_wconf 89' lang='lat' dir='ltr'><strong>plane</strong></span> <span class='ocrx_word' id='word_1_795' title='bbox 2475 4508 2557 4554; x_wconf 89' lang='lat' dir='ltr'><strong>est</strong></span> <span class='ocrx_word' id='word_1_796' title='bbox 2589 4499 2834 4568; x_wconf 89' lang='lat' dir='ltr'><strong>pecunia,</strong></span> <span class='ocrx_word' id='word_1_797' title='bbox 2867 4515 3029 4570; x_wconf 89' lang='lat' dir='ltr'><strong>quam</strong></span> <span class='ocrx_word' id='word_1_798' title='bbox 3069 4500 3121 4552; x_wconf 87' lang='lat' dir='ltr'><strong>in</strong></span> <span class='ocrx_word' id='word_1_799' title='bbox 3149 4514 3243 4553; x_wconf 90' lang='lat' dir='ltr'><strong>ore</strong></span> <span class='ocrx_word' id='word_1_800' title='bbox 3287 4499 3430 4553; x_wconf 90' lang='lat' dir='ltr'><strong>sacci</strong></span> <span class='ocrx_word' id='word_1_801' title='bbox 3466 4514 3604 4569; x_wconf 68' lang='lat' dir='ltr'><strong>pra:-</strong></span> 
     </span>
    </p>
   </div>
   <div class='ocr_carea' id='block_1_104' title="bbox 2009 4587 3602 4659">
    <p class='ocr_par' dir='ltr' id='par_1_104' title="bbox 2009 4587 3602 4659">
     <span class='ocr_line' id='line_1_104' title="bbox 2009 4587 3602 4659; baseline -0.003 -15"><span class='ocrx_word' id='word_1_802' title='bbox 2009 4589 2155 4658; x_wconf 88' lang='lat' dir='ltr'><strong>cepit</strong></span> <span class='ocrx_word' id='word_1_803' title='bbox 2184 4589 2383 4659; x_wconf 87' lang='lat' dir='ltr'><strong>imponi</strong></span> <span class='ocrx_word' id='word_1_804' title='bbox 2412 4605 2426 4653; x_wconf 94' lang='lat'><strong>;</strong></span> <span class='ocrx_word' id='word_1_805' title='bbox 2459 4589 2572 4643; x_wconf 78' lang='lat' dir='ltr'><strong>lucc</strong></span> <span class='ocrx_word' id='word_1_806' title='bbox 2599 4589 2825 4658; x_wconf 85' lang='lat' dir='ltr'><strong>pecunia</strong></span> <span class='ocrx_word' id='word_1_807' title='bbox 2859 4604 3001 4642; x_wconf 90' lang='lat' dir='ltr'><strong>nunc</strong></span> <span class='ocrx_word' id='word_1_808' title='bbox 3033 4589 3082 4642; x_wconf 92' lang='lat' dir='ltr'><strong>in</strong></span> <span class='ocrx_word' id='word_1_809' title='bbox 3133 4587 3388 4642; x_wconf 74' lang='lat' dir='ltr'><strong>Ecclesia:</strong></span> <span class='ocrx_word' id='word_1_810' title='bbox 3419 4603 3602 4641; x_wconf 86' lang='lat' dir='ltr'><strong>mensa</strong></span> 
     </span>
    </p>
   </div>
   <div class='ocr_carea' id='block_1_105' title="bbox 2009 4676 3602 4752">
    <p class='ocr_par' dir='ltr' id='par_1_105' title="bbox 2009 4676 3602 4752">
     <span class='ocr_line' id='line_1_105' title="bbox 2009 4676 3602 4752; baseline -0.002 -20"><span class='ocrx_word' id='word_1_811' title='bbox 2009 4679 2344 4749; x_wconf 88' lang='lat' dir='ltr'><strong>proponitur,</strong></span> <span class='ocrx_word' id='word_1_812' title='bbox 2378 4689 2433 4733; x_wconf 93' lang='lat' dir='ltr'><strong>ut</strong></span> <span class='ocrx_word' id='word_1_813' title='bbox 2455 4696 2617 4734; x_wconf 88' lang='lat' dir='ltr'><strong>usura</strong></span> <span class='ocrx_word' id='word_1_814' title='bbox 2645 4681 2985 4752; x_wconf 90' lang='lat' dir='ltr'><strong>postmodum</strong></span> <span class='ocrx_word' id='word_1_815' title='bbox 3019 4695 3046 4731; x_wconf 89' lang='lat' dir='ltr'><strong>a</strong></span> <span class='ocrx_word' id='word_1_816' title='bbox 3075 4676 3496 4748; x_wconf 80' lang='lat' dir='ltr'><strong>negotiatoribus</strong></span> <span class='ocrx_word' id='word_1_817' title='bbox 3523 4692 3602 4729; x_wconf 83' lang='lat' dir='ltr'><strong>re-</strong></span> 
     </span>
    </p>
   </div>
   <div class='ocr_carea' id='block_1_106' title="bbox 2011 4767 3604 4840">
    <p class='ocr_par' dir='ltr' id='par_1_106' title="bbox 2011 4767 3604 4840">
     <span class='ocr_line' id='line_1_106' title="bbox 2011 4767 3604 4840; baseline -0.001 -18"><span class='ocrx_word' id='word_1_818' title='bbox 2011 4770 2279 4838; x_wconf 76' lang='lat' dir='ltr'><strong>quiratur.</strong></span> <span class='ocrx_word' id='word_1_819' title='bbox 2331 4768 2438 4824; x_wconf 87' lang='lat' dir='ltr'><strong>Sed</strong></span> <span class='ocrx_word' id='word_1_820' title='bbox 2473 4780 2528 4823; x_wconf 91' lang='lat' dir='ltr'><strong>et</strong></span> <span class='ocrx_word' id='word_1_821' title='bbox 2577 4768 2855 4837; x_wconf 70' lang='lat' dir='ltr'><strong>Beuj’amiu</strong></span> <span class='ocrx_word' id='word_1_822' title='bbox 2905 4771 3008 4831; x_wconf 81' lang='lat' dir='ltr'><strong>hoc</strong></span> <span class='ocrx_word' id='word_1_823' title='bbox 3057 4768 3217 4826; x_wconf 82' lang='lat' dir='ltr'><strong>etiam</strong></span> <span class='ocrx_word' id='word_1_824' title='bbox 3251 4783 3361 4840; x_wconf 74' lang='lat' dir='ltr'><strong>pra:</strong></span> <span class='ocrx_word' id='word_1_825' title='bbox 3392 4767 3604 4820; x_wconf 70' lang='lat' dir='ltr'><strong>cancris</strong></span> 
     </span>
    </p>
   </div>
   <div class='ocr_carea' id='block_1_107' title="bbox 2016 4860 3603 4932">
    <p class='ocr_par' dir='ltr' id='par_1_107' title="bbox 2016 4860 3603 4932">
     <span class='ocr_line' id='line_1_107' title="bbox 2016 4860 3603 4932; baseline -0.001 -16"><span class='ocrx_word' id='word_1_826' title='bbox 2016 4864 2241 4924; x_wconf 59' lang='lat' dir='ltr'><strong>additur,</strong></span> <span class='ocrx_word' id='word_1_827' title='bbox 2280 4872 2338 4916; x_wconf 91' lang='lat' dir='ltr'><strong>ut</strong></span> <span class='ocrx_word' id='word_1_828' title='bbox 2382 4879 2540 4917; x_wconf 87' lang='lat' dir='ltr'><strong>sacco</strong></span> <span class='ocrx_word' id='word_1_829' title='bbox 2580 4862 2698 4928; x_wconf 86' lang='lat' dir='ltr'><strong>ejus</strong></span> <span class='ocrx_word' id='word_1_830' title='bbox 2737 4862 2900 4916; x_wconf 89' lang='lat' dir='ltr'><strong>etiam</strong></span> <span class='ocrx_word' id='word_1_831' title='bbox 2942 4860 3177 4932; x_wconf 71' lang='lat' dir='ltr'><strong>scyphus</strong></span> <span class='ocrx_word' id='word_1_832' title='bbox 3214 4876 3334 4914; x_wconf 85' lang='lat' dir='ltr'><strong>cum</strong></span> <span class='ocrx_word' id='word_1_833' title='bbox 3374 4861 3603 4929; x_wconf 77' lang='lat' dir='ltr'><strong>pecunia</strong></span> 
     </span>
    </p>
   </div>
   <div class='ocr_carea' id='block_1_108' title="bbox 2011 4948 3602 5022">
    <p class='ocr_par' dir='ltr' id='par_1_108' title="bbox 2011 4948 3602 5022">
     <span class='ocr_line' id='line_1_108' title="bbox 2011 4948 3602 5022; baseline -0.002 -16"><span class='ocrx_word' id='word_1_834' title='bbox 2011 4961 2302 5021; x_wconf 87' lang='lat' dir='ltr'><strong>reponatur</strong></span> <span class='ocrx_word' id='word_1_835' title='bbox 2333 4951 2550 5022; x_wconf 55' lang='grc' dir='ltr'><strong><em>(ΗΜΛ).</em></strong></span> <span class='ocrx_word' id='word_1_836' title='bbox 2575 4951 2743 5018; x_wconf 89' lang='lat' dir='ltr'><strong>Quem</strong></span> <span class='ocrx_word' id='word_1_837' title='bbox 2775 4948 3137 5017; x_wconf 67' lang='lat' dir='ltr'><strong>cuimdoscph</strong></span> <span class='ocrx_word' id='word_1_838' title='bbox 3169 4964 3262 5018; x_wconf 89' lang='lat' dir='ltr'><strong>per</strong></span> <span class='ocrx_word' id='word_1_839' title='bbox 3291 4948 3602 5018; x_wconf 80' lang='lat' dir='ltr'><strong>mysterium</strong></span> 
     </span>
    </p>
   </div>
   <div class='ocr_carea' id='block_1_109' title="bbox 2014 5038 3604 5110">
    <p class='ocr_par' dir='ltr' id='par_1_109' title="bbox 2014 5038 3604 5110">
     <span class='ocr_line' id='line_1_109' title="bbox 2014 5038 3604 5110; baseline -0.004 -13"><span class='ocrx_word' id='word_1_840' title='bbox 2014 5045 2232 5108; x_wconf 88' lang='lat' dir='ltr'><strong>indicat,</strong></span> <span class='ocrx_word' id='word_1_841' title='bbox 2261 5042 2364 5098; x_wconf 91' lang='lat' dir='ltr'><strong>nisi</strong></span> <span class='ocrx_word' id='word_1_842' title='bbox 2415 5042 2828 5110; x_wconf 72' lang='lat' dir='ltr'><strong>lledemptorem</strong></span> <span class='ocrx_word' id='word_1_843' title='bbox 2879 5049 3141 5104; x_wconf 90' lang='lat' dir='ltr'><strong>nostrum,</strong></span> <span class='ocrx_word' id='word_1_844' title='bbox 3171 5054 3329 5108; x_wconf 89' lang='lat' dir='ltr'><strong>quem</strong></span> <span class='ocrx_word' id='word_1_845' title='bbox 3368 5053 3466 5090; x_wconf 90' lang='lat' dir='ltr'><strong>suo</strong></span> <span class='ocrx_word' id='word_1_846' title='bbox 3491 5038 3604 5106; x_wconf 91' lang='lat' dir='ltr'><strong>jam</strong></span> 
     </span>
    </p>
   </div>
   <div class='ocr_carea' id='block_1_110' title="bbox 2011 5127 3602 5203">
    <p class='ocr_par' dir='ltr' id='par_1_110' title="bbox 2011 5127 3602 5203">
     <span class='ocr_line' id='line_1_110' title="bbox 2011 5127 3602 5203; baseline -0.005 -16"><span class='ocrx_word' id='word_1_847' title='bbox 2011 5143 2138 5188; x_wconf 87' lang='lat' dir='ltr'><strong>tunc</strong></span> <span class='ocrx_word' id='word_1_848' title='bbox 2159 5135 2246 5187; x_wconf 91' lang='lat' dir='ltr'><strong>ille</strong></span> <span class='ocrx_word' id='word_1_849' title='bbox 2269 5133 2525 5203; x_wconf 84' lang='lat' dir='ltr'><strong>mysterio</strong></span> <span class='ocrx_word' id='word_1_850' title='bbox 2551 5130 2964 5200; x_wconf 60' lang='lat' dir='ltr'><strong>prtcﬁgurabat?</strong></span> <span class='ocrx_word' id='word_1_851' title='bbox 2998 5130 3089 5183; x_wconf 86' lang='lat' dir='ltr'><strong>Ait</strong></span> <span class='ocrx_word' id='word_1_852' title='bbox 3113 5129 3257 5183; x_wconf 88' lang='lat' dir='ltr'><strong>enim</strong></span> <span class='ocrx_word' id='word_1_853' title='bbox 3289 5127 3602 5196; x_wconf 80' lang='lat' dir='ltr'><strong>Scriptura:</strong></span> 
     </span>
    </p>
   </div>
   <div class='ocr_carea' id='block_1_111' title="bbox 2019 5217 3604 5290">
    <p class='ocr_par' dir='ltr' id='par_1_111' title="bbox 2019 5217 3604 5290">
     <span class='ocr_line' id='line_1_111' title="bbox 2019 5217 3604 5290; baseline -0.004 -17"><span class='ocrx_word' id='word_1_854' title='bbox 2019 5242 2034 5273; x_wconf 74' lang='grc' dir='ltr'><strong>ι</strong></span> <span class='ocrx_word' id='word_1_855' title='bbox 2075 5222 2210 5290; x_wconf 87' lang='lat' dir='ltr'><strong>Quia</strong></span> <span class='ocrx_word' id='word_1_856' title='bbox 2261 5222 2426 5275; x_wconf 88' lang='lat' dir='ltr'><strong>vertit</strong></span> <span class='ocrx_word' id='word_1_857' title='bbox 2456 5234 2652 5275; x_wconf 86' lang='lat' dir='ltr'><strong>nomen</strong></span> <span class='ocrx_word' id='word_1_858' title='bbox 2709 5220 2851 5273; x_wconf 90' lang='lat' dir='ltr'><strong>illius</strong></span> <span class='ocrx_word' id='word_1_859' title='bbox 2898 5219 3128 5282; x_wconf 83' lang='lat' dir='ltr'><strong>Pharao,</strong></span> <span class='ocrx_word' id='word_1_860' title='bbox 3155 5227 3210 5272; x_wconf 89' lang='lat' dir='ltr'><strong>et</strong></span> <span class='ocrx_word' id='word_1_861' title='bbox 3236 5217 3449 5272; x_wconf 81' lang='lat' dir='ltr'><strong>vocavit</strong></span> <span class='ocrx_word' id='word_1_862' title='bbox 3480 5232 3604 5269; x_wconf 90' lang='lat' dir='ltr'><strong>cum</strong></span> 
     </span>
    </p>
   </div>
   <div class='ocr_carea' id='block_1_112' title="bbox 2012 5305 3600 5384">
    <p class='ocr_par' dir='ltr' id='par_1_112' title="bbox 2012 5305 3600 5384">
     <span class='ocr_line' id='line_1_112' title="bbox 2012 5305 3600 5384; baseline -0.008 -17"><span class='ocrx_word' id='word_1_863' title='bbox 2012 5315 2188 5384; x_wconf 85' lang='lat' dir='ltr'><strong>lingua</strong></span> <span class='ocrx_word' id='word_1_864' title='bbox 2217 5313 2555 5384; x_wconf 60' lang='lat' dir='ltr'><strong>Egyptiaca,</strong></span> <span class='ocrx_word' id='word_1_865' title='bbox 2608 5311 2941 5367; x_wconf 87' lang='lat' dir='ltr'><strong>Salvatorem</strong></span> <span class='ocrx_word' id='word_1_866' title='bbox 2994 5308 3176 5362; x_wconf 90' lang='lat' dir='ltr'><strong>mundi</strong></span> <span class='ocrx_word' id='word_1_867' title='bbox 3208 5306 3339 5379; x_wconf 81' lang='lat' dir='ltr'><strong>(Gen</strong></span> <span class='ocrx_word' id='word_1_868' title='bbox 3391 5305 3525 5376; x_wconf 66' lang='lat' dir='ltr'><strong>ut).</strong></span> <span class='ocrx_word' id='word_1_869' title='bbox 3582 5326 3600 5354; x_wconf 78' lang='grc' dir='ltr'><strong>ι</strong></span> 
     </span>
    </p>
   </div>
   <div class='ocr_carea' id='block_1_113' title="bbox 2013 5395 3604 5473">
    <p class='ocr_par' dir='ltr' id='par_1_113' title="bbox 2013 5395 3604 5473">
     <span class='ocr_line' id='line_1_113' title="bbox 2013 5395 3604 5473; baseline -0.006 -17"><span class='ocrx_word' id='word_1_870' title='bbox 2013 5402 2150 5469; x_wconf 86' lang='lat' dir='ltr'><strong>Quid</strong></span> <span class='ocrx_word' id='word_1_871' title='bbox 2180 5419 2277 5473; x_wconf 90' lang='lat' dir='ltr'><strong>per</strong></span> <span class='ocrx_word' id='word_1_872' title='bbox 2308 5405 2526 5467; x_wconf 77' lang='lat' dir='ltr'><strong>fratres,</strong></span> <span class='ocrx_word' id='word_1_873' title='bbox 2572 5401 2673 5456; x_wconf 89' lang='lat' dir='ltr'><strong>nisi</strong></span> <span class='ocrx_word' id='word_1_874' title='bbox 2725 5401 2897 5455; x_wconf 86' lang='lat' dir='ltr'><strong>sancti</strong></span> <span class='ocrx_word' id='word_1_875' title='bbox 2947 5398 3297 5468; x_wconf 82' lang='lat' dir='ltr'><strong>designantur</strong></span> <span class='ocrx_word' id='word_1_876' title='bbox 3341 5395 3604 5466; x_wconf 85' lang='lat' dir='ltr'><strong>apostoli?</strong></span> 
     </span>
    </p>
   </div>
   <div class='ocr_carea' id='block_1_114' title="bbox 2013 5486 3605 5562">
    <p class='ocr_par' dir='ltr' id='par_1_114' title="bbox 2013 5486 3605 5562">
     <span class='ocr_line' id='line_1_114' title="bbox 2013 5486 3605 5562; baseline -0.005 -15"><span class='ocrx_word' id='word_1_877' title='bbox 2013 5493 2149 5558; x_wconf 83' lang='lat' dir='ltr'><strong>Quid</strong></span> <span class='ocrx_word' id='word_1_878' title='bbox 2180 5508 2277 5562; x_wconf 86' lang='lat' dir='ltr'><strong>per</strong></span> <span class='ocrx_word' id='word_1_879' title='bbox 2302 5491 2602 5559; x_wconf 71' lang='lat' dir='ltr'><strong>Beniamin,</strong></span> <span class='ocrx_word' id='word_1_880' title='bbox 2634 5491 2735 5545; x_wconf 89' lang='lat' dir='ltr'><strong>nisi</strong></span> <span class='ocrx_word' id='word_1_881' title='bbox 2766 5489 3102 5558; x_wconf 60' lang='lat' dir='ltr'><strong>Paulus,,qui</strong></span> <span class='ocrx_word' id='word_1_882' title='bbox 3132 5489 3197 5543; x_wconf 87' lang='lat' dir='ltr'><strong>de</strong></span> <span class='ocrx_word' id='word_1_883' title='bbox 3231 5489 3371 5542; x_wconf 88' lang='lat' dir='ltr'><strong>tribu</strong></span> <span class='ocrx_word' id='word_1_884' title='bbox 3413 5486 3605 5554; x_wconf 87' lang='lat' dir='ltr'><strong>Benja-</strong></span> 
     </span>
    </p>
   </div>
   <div class='ocr_carea' id='block_1_115' title="bbox 2013 5579 3604 5653">
    <p class='ocr_par' dir='ltr' id='par_1_115' title="bbox 2013 5579 3604 5653">
     <span class='ocr_line' id='line_1_115' title="bbox 2013 5579 3604 5653; baseline -0.003 -17"><span class='ocrx_word' id='word_1_885' title='bbox 2013 5585 2126 5636; x_wconf 87' lang='lat' dir='ltr'><strong>min</strong></span> <span class='ocrx_word' id='word_1_886' title='bbox 2149 5583 2410 5652; x_wconf 85' lang='lat' dir='ltr'><strong>originem</strong></span> <span class='ocrx_word' id='word_1_887' title='bbox 2439 5582 2628 5637; x_wconf 87' lang='lat' dir='ltr'><strong>duxit?</strong></span> <span class='ocrx_word' id='word_1_888' title='bbox 2658 5581 2858 5637; x_wconf 91' lang='lat' dir='ltr'><strong>Omnes</strong></span> <span class='ocrx_word' id='word_1_889' title='bbox 2889 5597 3015 5653; x_wconf 86' lang='lat' dir='ltr'><strong>ergo</strong></span> <span class='ocrx_word' id='word_1_890' title='bbox 3037 5579 3234 5634; x_wconf 78' lang='lat' dir='ltr'><strong>fratres</strong></span> <span class='ocrx_word' id='word_1_891' title='bbox 3264 5579 3442 5648; x_wconf 84' lang='lat' dir='ltr'><strong>fruges</strong></span> <span class='ocrx_word' id='word_1_892' title='bbox 3468 5593 3604 5647; x_wconf 74' lang='lat' dir='ltr'><strong>prte-</strong></span> 
     </span>
    </p>
   </div>
   <div class='ocr_carea' id='block_1_116' title="bbox 2013 5669 3603 5742">
    <p class='ocr_par' dir='ltr' id='par_1_116' title="bbox 2013 5669 3603 5742">
     <span class='ocr_line' id='line_1_116' title="bbox 2013 5669 3603 5742; baseline -0.003 -16"><span class='ocrx_word' id='word_1_893' title='bbox 2013 5673 2296 5728; x_wconf 87' lang='lat' dir='ltr'><strong>dicationis</strong></span> <span class='ocrx_word' id='word_1_894' title='bbox 2335 5674 2626 5741; x_wconf 88' lang='lat' dir='ltr'><strong>accipiunt,</strong></span> <span class='ocrx_word' id='word_1_895' title='bbox 2675 5688 2809 5742; x_wconf 89' lang='lat' dir='ltr'><strong>quas</strong></span> <span class='ocrx_word' id='word_1_896' title='bbox 2853 5687 3034 5726; x_wconf 83' lang='lat' dir='ltr'><strong>serere</strong></span> <span class='ocrx_word' id='word_1_897' title='bbox 3075 5687 3168 5740; x_wconf 89' lang='lat' dir='ltr'><strong>per</strong></span> <span class='ocrx_word' id='word_1_898' title='bbox 3208 5671 3461 5724; x_wconf 88' lang='lat' dir='ltr'><strong>mundum</strong></span> <span class='ocrx_word' id='word_1_899' title='bbox 3509 5669 3603 5722; x_wconf 65' lang='grc' dir='ltr'><strong>αθ·-</strong></span> 
     </span>
    </p>
   </div>
   <div class='ocr_carea' id='block_1_117' title="bbox 2015 5759 3603 5836">
    <p class='ocr_par' dir='ltr' id='par_1_117' title="bbox 2015 5759 3603 5836">
     <span class='ocr_line' id='line_1_117' title="bbox 2015 5759 3603 5836; baseline -0.006 -15"><span class='ocrx_word' id='word_1_900' title='bbox 2015 5768 2193 5830; x_wconf 89' lang='lat' dir='ltr'><strong>beant,</strong></span> <span class='ocrx_word' id='word_1_901' title='bbox 2221 5775 2275 5820; x_wconf 87' lang='lat' dir='ltr'><strong>et</strong></span> <span class='ocrx_word' id='word_1_902' title='bbox 2303 5767 2605 5836; x_wconf 81' lang='lat' dir='ltr'><strong>pecuniam,</strong></span> <span class='ocrx_word' id='word_1_903' title='bbox 2649 5782 2810 5834; x_wconf 89' lang='lat' dir='ltr'><strong>quam</strong></span> <span class='ocrx_word' id='word_1_904' title='bbox 2849 5765 2913 5818; x_wconf 87' lang='lat' dir='ltr'><strong>ad</strong></span> <span class='ocrx_word' id='word_1_905' title='bbox 2941 5780 3115 5817; x_wconf 63' lang='lat' dir='ltr'><strong>usurae</strong></span> <span class='ocrx_word' id='word_1_906' title='bbox 3157 5763 3361 5816; x_wconf 88' lang='lat' dir='ltr'><strong>lucrum</strong></span> <span class='ocrx_word' id='word_1_907' title='bbox 3396 5761 3447 5814; x_wconf 89' lang='lat' dir='ltr'><strong>in</strong></span> <span class='ocrx_word' id='word_1_908' title='bbox 3479 5759 3603 5813; x_wconf 81' lang='lat' dir='ltr'><strong>fidei</strong></span> 
     </span>
    </p>
   </div>
   <div class='ocr_carea' id='block_1_118' title="bbox 2017 5854 3598 5932">
    <p class='ocr_par' dir='ltr' id='par_1_118' title="bbox 2017 5854 3598 5932">
     <span class='ocr_line' id='line_1_118' title="bbox 2017 5854 3598 5932; baseline -0.006 -20"><span class='ocrx_word' id='word_1_909' title='bbox 2017 5875 2197 5916; x_wconf 81' lang='lat' dir='ltr'><strong>mt&#39;nsa</strong></span> <span class='ocrx_word' id='word_1_910' title='bbox 2237 5868 2538 5932; x_wconf 81' lang='lat' dir='ltr'><strong>proponant</strong></span> <span class='ocrx_word' id='word_1_911' title='bbox 2615 5857 2726 5914; x_wconf 85' lang='lat' dir='ltr'><strong>Soli</strong></span> <span class='ocrx_word' id='word_1_912' title='bbox 2782 5871 2907 5913; x_wconf 79' lang='lat' dir='ltr'><strong>vero</strong></span> <span class='ocrx_word' id='word_1_913' title='bbox 2935 5855 3237 5926; x_wconf 61' lang='lat' dir='ltr'><strong>Beniamin</strong></span> <span class='ocrx_word' id='word_1_914' title='bbox 3287 5854 3446 5909; x_wconf 90' lang='lat' dir='ltr'><strong>etiam</strong></span> <span class='ocrx_word' id='word_1_915' title='bbox 3480 5865 3598 5923; x_wconf 61' lang='lat' dir='ltr'><strong>scy-</strong></span> 
     </span>
    </p>
   </div>
  </div>
