4078 6336
516 409 648 466 IOII

512 526 654 598 phus
690 524 959 595 adjicitur,
1007 533 1061 578 ut
1092 539 1187 595 per
1224 523 1473 591 Paulum,
1518 539 1678 595 quem
1720 524 1807 579 ille
1835 523 2102 595 signabat,
2134 528 2182 588 Α

514 635 621 673 non
655 617 987 672 tabernaculi
1039 616 1268 688 cyathus
1318 615 1587 683 gentibus,
1622 614 1715 671 sed
1763 615 2000 684 amplum
2049 626 2105 670 et

512 711 755 782 patulmn
782 707 932 763 verbi
983 707 1232 777 poculum
1273 706 1608 776 propinetur.
1659 705 1794 759 IIinc
1834 715 1917 759 est
1958 704 2102 759 enim

511 801 653 871 quod
683 802 759 854 ait
787 819 831 853 τι
869 799 944 853 Os
967 806 1207 853 nostrum
1234 807 1381 868 patet
1406 798 1471 851 ad
1495 813 1609 862 vos,
1640 812 1673 851 ο
1694 794 1983 859 Corinthii,
2008 810 2105 849 cor

512 901 761 947 nostrum
783 891 1064 945 dilatatum
1089 898 1195 955 est,
1222 905 1327 943 non
1353 887 1735 959 angustiamini
1761 887 1813 941 in
1841 887 1995 940 nobis
2015 884 2103 957 (II

512 983 634 1038 Cor.
687 985 783 1055 vi).
823 1004 841 1036 ι
871 983 947 1038 Ac
984 984 1028 1037 si
1058 984 1200 1038 dicat
1234 999 1247 1036 :
1278 980 1413 1050 Quia
1443 997 1528 1035 me
1556 980 1706 1035 vobis
1734 979 1880 1034 verbi
1915 989 2101 1049 potum

510 1092 609 1146 per
634 1076 855 1130 uberem
883 1075 1141 1144 scyphum
1174 1073 1322 1144 large
1348 1072 1539 1129 videtis
1576 1072 1819 1135 influere,
1842 1083 1895 1125 et
1921 1085 2014 1124 vos
2038 1070 2110 1125 si-
2142 1080 2149 1087 '

514 1166 723 1222 tibuudi
768 1167 949 1220 coriis
1004 1164 1072 1219 ad
1118 1164 1472 1217 hauriendum
1519 1178 1637 1222 ora,
1670 1161 1864 1218 laxate.
1902 1171 1961 1213 ut
2006 1161 2103 1213 de-

513 1273 740 1313 currens
772 1258 911 1311 unda
945 1272 1051 1311 [non
1104 1256 1339 1310 inanite.r
1377 1253 1524 1319 ﬂuat,
1554 1254 1648 1308 sed
1695 1254 1917 1323 capacia
1947 1266 2101 1316 vasa,

516 1350 572 1403 in
600 1365 720 1419 qua:
779 1347 1243 1409 trausLmdantur,
1294 1346 1551 1399 inveniat.
1608 1345 1681 1399 De
1723 1358 1829 1413 quo
1860 1342 2105 1398 videlicet

513 1450 643 1510 potu
693 1454 789 1508 per
833 1438 1026 1492 Isaiam
1082 1436 1341 1490 Dominus
1388 1434 1562 1489 dicit:
1602 1452 1620 1484 ι
1656 1432 1990 1488 Glorificabit
2020 1447 2106 1487 me

512 1532 686 1587 bestia
720 1531 855 1602 agri,
886 1530 1149 1585 dracones
1175 1538 1227 1582 et
1272 1527 1590 1593 strutiones,
1621 1528 1746 1596 quia
1783 1527 1901 1580 deli
1931 1526 1984 1579 in
2011 1526 2109 1580 de.

512 1634 660 1682 serto
682 1638 873 1692 aquas,
894 1620 1112 1676 flumina
1143 1620 1194 1673 in
1223 1619 1385 1686 invio,
1416 1618 1674 1671 utdarem
1704 1626 1884 1686 potum
1909 1616 2105 1687 populo

513 1731 656 1781 meo,
713 1715 887 1769 electo
942 1727 1067 1767 meo
1106 1710 1243 1777 (Isa.
1308 1710 1483 1777 xLut).
1540 1727 1559 1760 ι
1608 1707 1882 1778 Scyphum
1922 1707 2105 1777 itaque

513 1807 838 1879 evangeliea:
886 1804 1318 1877 prazdicationis,
1374 1802 1427 1856 in
1490 1798 1770 1869 Benjamin
1824 1799 1981 1853 datus
2023 1807 2107 1853 est

513 1898 699 1963 Paulo,
723 1907 781 1952 ut
812 1897 927 1968 ipse
948 1895 1216 1951 desertum
1232 1893 1546 1965 gentilitatis
1572 1893 1875 1963 specialiter
1897 1890 2110 1946 excolat
2141 1893 2185 1953 Β

514 2000 570 2044 et
592 1990 900 2043 ariditatem
932 1987 1049 2058 ejus
1088 1986 1240 2057 largo
1274 1994 1478 2041 sancta:
1504 1984 1906 2056 praedicationis
1934 1983 2105 2039 imbre

514 2080 819 2151 perfundat.
854 2079 930 2134 De
954 2094 1061 2150 quo
1089 2078 1294 2134 scilicet
1319 2077 1491 2133 imbre
1514 2078 1775 2147 scriptum
1807 2084 1889 2131 est
1915 2092 1928 2129 :
1958 2094 1976 2126 ι
2004 2076 2105 2140 Qui

515 2174 689 2243 operit
720 2171 915 2229 coelum
946 2170 1178 2226 nubibus
1200 2178 1255 2225 et
1297 2177 1454 2239 parat
1481 2177 1637 2224 terra:
1667 2166 1898 2238 pluviam
1931 2165 2104 2233 (Psal.

516 2265 719 2335 exui.)
754 2284 773 2316 ι

1077 2354 1303 2411 CAPUT
1345 2355 1557 2410 XXXII.

910 2446 974 2499 In
1022 2446 1275 2502 Sermone
1301 2446 1365 2499 de
1400 2443 1459 2499 S.
1522 2444 1711 2499 Vilale.

656 2540 713 2596 Si
745 2540 982 2603 inxcui,»
1013 2537 1384 2608 inquitlacob,
1418 2556 1436 2590 ‹
1466 2539 1693 2609 gratiam
1731 2537 1783 2592 iu
1822 2551 2108 2607 conspectu

519 2645 633 2701 tuo,
662 2649 801 2706 pone
831 2648 1045 2688 manum
1094 2631 1195 2687 sub
1239 2630 1443 2685 feruore
1498 2645 1638 2696 meo,
1666 2639 1722 2684 et
1776 2629 1937 2684 facies
1978 2629 2110 2683 mihi

520 2726 945 2783 misericordiam
977 2733 1033 2780 et
1073 2724 1381 2789 veritatem,
1408 2730 1596 2777 utnon
1623 2721 1737 2793 98
1764 2721 1992 2791 sepelias
2027 2735 2111 2774 me

521 2818 575 2873 ia
597 2818 849 2889 AZgypto,
869 2815 961 2872 sed
982 2815 1243 2872 dormiam
1263 2830 1382 2869 cum
1402 2813 1646 2883 patribus
1664 2813 1819 2877 meis,
1835 2819 1940 2867 etc.
1958 2807 2111 2881 (Cen.

519 2910 708 2979 XLVII).
745 2928 765 2961 ι
792 2909 928 2976 Quid
958 2919 1041 2962 est
1079 2907 1203 2969 hoc,
1249 2904 1449 2960 fratres
1493 2904 1619 2969 mei,
1651 2904 1778 2973 quid
1810 2902 1910 2957 sibi
1941 2902 2054 2955 vult
2083 2913 2111 2955 a

520 3011 671 3056 tanto
694 3002 811 3056 viro
839 3008 944 3053 tam
978 2998 1137 3053 anxia
1168 2997 1461 3067 sepeliendi
1500 2997 1742 3066 corporis
1769 2995 2115 3051 sollicitudo?

521 3095 577 3149 Si
615 3094 759 3148 enim
813 3092 915 3147 huc
969 3106 1037 3146 ex
1084 3090 1317 3145 humana
1366 3089 1753 3145 consuetudine
1803 3088 2112 3151 metiamur,

520 3183 762 3255 profecto
788 3182 920 3235 nihil
947 3182 1165 3251 dignum
1217 3188 1367 3234 tanta
1416 3179 1745 3249 prophetica:
1788 3176 1986 3231 mentis
2027 3191 2116 3230 cx-

1424 409 1924 465 COLLECTANEA
1966 409 2031 465 IN
2077 411 2306 467 VETUS
2337 412 2881 469 TESTABIENTUM.

3652 416 3810 474 1312

2743 527 2970 585 CAPUT
3009 528 3242 599 χχχιιι,
3300 584 3311 593 ,

2422 620 2488 673 In
2508 638 2742 674 sermone
2770 622 2835 675 de
2856 622 3146 675 inventione
3172 632 3364 676 sancta:
3389 639 3582 677 eruas.

2283 730 2301 762 ι
2335 711 2559 766 Lavabit
2589 712 2641 765 in
2669 712 2793 767 vino
2814 712 3004 766 stolam
3034 728 3210 773 suam,
3237 722 3292 766 et
3313 714 3363 766 iu
3395 716 3656 783 sanguine
3686 732 3809 769 uva:

2206 803 2423 873 pallium
2450 819 2605 857 suum
2634 800 2785 871 (Gen.
2822 804 2989 869 uix).
3030 822 3048 855 ι
3085 803 3232 857 Stola
3263 803 3463 858 Christi
3495 815 3546 859 et
3577 806 3807 874 pallium

2207 894 2493 950 multitudo
2522 903 2605 949 est
2639 896 2898 965 gentium,
2927 912 3063 965 quas
3117 907 3244 950 tunc
3294 896 3554 951 Uomiuus
3600 899 3805 961 induit,

2206 989 2420 1059 quando
2454 988 2556 1042 sibi
2596 1004 2687 1043 cas
2712 1003 2809 1058 per
2837 988 3067 1059 gratiam
3118 989 3504 1060 redemptionis
3527 991 3805 1058 adjunxit,

2206 1081 2346 1135 sicut
2374 1095 2469 1150 per
2512 1079 2835 1150 Pmphetam
2874 1080 3181 1150 pollicetur,
3203 1081 3426 1136 dicens:
3462 1100 3480 1134 ι
3517 1082 3654 1136 Vivo
3676 1099 3805 1154 ego.

2205 1170 2336 1226 dicit
2387 1170 2669 1233 Dominus,
2717 1169 2817 1224 nisi
2864 1171 2964 1225 bos
3006 1186 3194 1225 omnes
3226 1170 3445 1225 induam
3473 1171 3612 1228 sicut
3641 1175 3810 1227 vesti-

2208 1271 2444 1316 mentum
2470 1260 2605 1331 (Isa.
2637 1263 2806 1330 χιιι).
2834 1279 2852 1312 ι
2887 1260 3093 1315 Stolam
3120 1276 3250 1330 ergo
3281 1277 3434 1315 suam
3456 1262 3724 1317 Dominus
3753 1264 3807 1317 in

2207 1354 2349 1419 vino,
2391 1362 2444 1408 et
2470 1353 2688 1423 pallium
2725 1353 2779 1407 in
2805 1353 3065 1422 sanguine
3094 1369 3211 1407 uva:
3238 1352 3367 1407 lavit
3388 1354 3625 1424 quando,
3657 1355 3809 1409 sicut

2206 1444 2413 1509 botrus,
2440 1442 2490 1496 in
2529 1442 2705 1497 cruris
2731 1442 2876 1512 ligno
2900 1440 3189 1511 pependit?
3220 1450 3346 1496 tunc
3373 1442 3514 1496 enim
3539 1458 3607 1496 ex
3631 1441 3808 1496 latere

2205 1532 2321 1602 ejus
2358 1533 2578 1605 sanguis
2616 1540 2671 1588 et
2696 1547 2834 1602 aqua
2876 1530 3165 1600 proﬂuxit;
3196 1530 3290 1584 sed
3317 1545 3456 1601 aqua
3488 1546 3590 1585 nos
3613 1529 3804 1593 abluit,

2204 1625 2423 1695 sanguis
2453 1623 2707 1690 redemit,
2728 1622 2984 1676 nimirum
3015 1630 3074 1674 ut
3100 1620 3378 1675 exhiberet
3414 1620 3515 1674 sibi
3546 1635 3806 1690 sponsam

2207 1732 2313 1773 non
2349 1717 2639 1774 habentem
2681 1714 2946 1769 maculam
2975 1728 3150 1782 neque
3180 1727 3369 1784 rugam
3398 1710 3619 1781 (Ep/tes.
3652 1711 3734 1765 vi.

2759 1803 2985 1861 CAPUT
3029 1801 3270 1859 XXXIV.

2555 1899 2622 1954 In
2669 1914 2909 1954 sermone
2956 1898 3019 1950 de
3056 1896 3121 1952 S.
3169 1893 3482 1949 Eleucadio.

2285 2012 2303 2044 ι
2322 1992 2665 2048 Pulchriores
2680 2001 2806 2045 sunt
2833 1989 2972 2045 oculi
3002 1985 3118 2056 ejus
3142 1989 3286 2052 vino,
3309 2007 3327 2039 ι
3361 1984 3716 2058 inquitJacob
3740 1984 3807 2037 ad

2210 2084 2377 2139 tilium
2406 2085 2471 2139 de
2510 2082 2745 2147 Christo,
2778 2101 2792 2133 ι
2821 2091 2873 2136 et
2897 2081 3087 2135 dentes
3105 2081 3223 2149 ejus
3269 2078 3410 2133 lacte
3464 2076 3809 2131 candidiores

2210 2176 2363 2248 (Gen.
2403 2174 2571 2243 xux).
2603 2194 2622 2228 ι
2660 2173 2811 2230 Oculi
2846 2188 3038 2243 nempe
3063 2171 3260 2228 Christi
3288 2170 3612 2241 Apostoli‘et
3635 2169 3808 2223 Evan-

2211 2269 2414 2340 gelista:
2444 2278 2592 2333 sunt,
2633 2268 2725 2338 qui
2775 2268 3027 2322 universo
3059 2266 3273 2335 corpori
3321 2276 3521 2321 saneta:
3555 2264 3812 2318 Ecclesia:

2215 2368 2393 2422 lumen
2418 2364 2699 2435 sapientiae
2721 2364 3113 2433 perstiterunt,
3137 2377 3369 2431 quorum
3387 2360 3653 2421 doctrina,
3675 2358 3809 2409 dum

2214 2457 2445 2527 rigorem
2468 2465 2631 2525 atque
2651 2456 2906 2512 duritiam
2929 2455 3123 2525 prisca)
3140 2454 3272 2523 legis
3299 2451 3526 2515 emollit,
3551 2450 3808 2519 qundam-

2214 2550 2375 2604 modo
2425 2548 2799 2601 austeritatem
2838 2547 2948 2600 vini
2979 2545 3181 2599 veteris
3226 2558 3413 2598 eorum
3463 2540 3810 2612 pulchritudo

2215 2639 2489 2711 pnecellit.
2522 2638 2840 2708 Evangeliea
2882 2636 3079 2706 quippe
3107 2643 3376 2704 percepta
3408 2632 3676 2687 mandatis
3702 2631 3801 2684 \‘c-

2218 2732 2348 2786 teris
2386 2729 2717 2783 Testamenti
2769 2727 2927 2795 longe
2974 2733 3101 2780 sunt
3136 2724 3386 2779 clariora.
3439 2722 3641 2775 Dentes
3684 2733 3808 2773 vero

2216 2824 2389 2879 sancti
2417 2821 2799 2894 przedicatores
2842 2827 2986 2881 sunt,
3019 2818 3109 2886 qui
3160 2829 3455 2879 conversos
3500 2812 3754 2866 homines
3782 2827 3811 2862 a

2216 2930 2504 2987 pravorum
2532 2913 2790 2967 societate
2818 2910 3112 2978 praecidunt
3142 2921 3344 2975 eosque
3371 2906 3424 2958 in
3459 2903 3668 2958 Christi
3693 2918 3811 2957 cor—

2216 3023 2336 3077 pus,
2390 3013 2645 3071 tanqnam
2696 3000 2753 3071 in
2796 3016 2889 3053 sua
2948 2997 3186 3052 membra
3240 2996 3608 3065 suscipiendo,
3658 2994 3813 3062 quasi

2219 3094 2521 3150 mandendo
2552 3089 2841 3158 trajiciunt.
2873 3087 3062 3153 Porro,
3098 3086 3316 3140 nomine
3344 3086 3522 3148 lactis,
3567 3084 3814 3138 doctrina

2218 3188 2354 3260 legis
2406 3188 2669 3251 iunuitnr,
2718 3199 2837 3253 quin
2889 3182 3162 3238 carnalem
3192 3178 3302 3250 99
3345 3176 3599 3247 populum
3660 3175 3816 3228 lactis

521 3276 767 3330 ccut‘mia
818 3274 1135 3342 I't‘PCFImUS-
1202 3272 1515 3341 Ubicunque
1568 3271 1712 3324 θιιίιη
1768 3284 1965 3338 corpus
2014 3270 2115 3352 hu:
2146 3261 2190 3323 (ἶ
2224 3280 2415 3352 poculo
2448 3290 2702 3346 tanquam
2734 3273 2982 3344 parvulos
3028 3272 3175 3326 alere
3214 3271 3517 3325 videbatur.
3571 3267 3817 3334 Quorum

522 3381 740 3419 manum
778 3364 1089 3434 sepeliatur,
1132 3378 1235 3417 non
1279 3363 1396 3417 ideo
1435 3362 1516 3416 vel
1544 3361 1723 3415 minus
1747 3358 2010 3430 perfecta,
2033 3343 2119 3415 vel

527 3457 706 3510 minus
734 3455 964 3525 gloriosa
1008 3453 1126 3522 ejus
1166 3453 1493 3507 resurrectio
1521 3452 1699 3506 futura
1729 3450 1917 3522 procul
1956 3451 2119 3505 dubio

522 3549 795 3610 creditur;
842 3546 934 3600 sed
966 3545 1012 3599 si
1059 3532 1267 3616 mystici
1310 3544 1635 3598 sacramenti
1684 3543 2022 3613 profunditas
2064 3542 2119 3597 in

524 3636 687 3705 hujus
746 3636 1036 3691 dubietatis
1084 3635 1313 3704 caligine
1379 3635 1719 3704 requiratur,
1772 3635 2118 3705 perspicuum

525 3731 705 3783 lumen
732 3726 1098 3794 Iutclligcntim
1132 3725 1232 3794 ipsi
1264 3726 1355 3795 qui
1384 3726 1650 3779 invenerit
1679 3726 1906 3780 orietur.
1947 3723 2124 3780 Cada-

524 3833 653 3871 vera
684 3816 881 3887 quippe
937 3825 1273 3870 mortuorum
1316 3826 1535 3886 peccata
1574 3815 1882 3887 significant
1926 3814 2121 3886 injuste

529 3908 849 3961 viventium.
921 3904 1071 3962 Sicut
1119 3907 1261 3960 enim
1311 3915 1435 3977 post
1481 3916 1786 3962 contactum
1834 3922 2121 3978 corporum

529 4007 864 4054 mortuorum
901 3997 986 4052 lex
1040 3997 1282 4068 prmcipit
1330 3998 1575 4053 homines
1624 3995 2117 4070 purificari(f\imn.

449 4124 458 4130 ~
528 4092 668 4161 six),
701 4091 772 4144 ita
799 4090 962 4144 etiam
991 4098 1111 4156 post
1141 4090 1595 4160 perpetrationem
1627 4089 1943 4145 delictorum
1966 4091 2121 4159 jube-

529 4197 653 4235 mnr
679 4195 776 4250 per
804 4180 1175 4249 pmnitentiam
1204 4180 1370 4234 ablui.
1420 4180 1557 4235 IIiuc
1594 4181 1848 4235 nimirum
1876 4181 1962 4235 illa
2002 4196 2128 4235 sen-

530 4272 699 4327 tentia
727 4272 871 4327 dicta
890 4281 972 4325 est
998 4286 1012 4324 :
1044 4292 1059 4320 ι
1089 4270 1189 4338 Qui
1214 4270 1523 4341 baptizatur
1553 4289 1581 4325 a
1602 4282 1813 4326 mortuo
1842 4282 1895 4327 et
1926 4273 2123 4327 iterum

531 4362 706 4433 tangit
739 4361 919 4426 illum,
949 4361 1076 4429 quid
1135 4359 1349 4429 proficit
1396 4361 1594 4417 lavatio
1648 4361 1810 4431 ejus?
1846 4382 1864 4414 ι
1930 4361 2121 4434 (Eccli.

536 4451 748 4521 xxxrv.)
779 4450 1096 4518 Baptizatur
1144 4451 1341 4520 quippe
1365 4466 1394 4505 a
1426 4463 1662 4517 mortuo,
1716 4454 1806 4522 qui
1837 4454 2126 4509 inundatur

532 4544 749 4599 ﬂetibus
779 4560 809 4597 a
862 4552 1102 4611 peccato,
1162 4540 1255 4596 sed
1311 4551 1431 4611 post
1480 4544 1807 4614 baptismum
1848 4553 2122 4599 mortuum

535 4633 730 4702 tangit,
784 4633 877 4703 qui
926 4632 1137 4701 culpam
1169 4640 1291 4702 post
1324 4632 1589 4702 lacrymas
1637 4635 1845 4702 repetit.
1893 4634 1997 4689 Sed
2039 4652 2128 4690 se-

532 4726 745 4797 pultura
775 4734 1109 4780 mortuorum
1151 4723 1523 4779 remissionem
1578 4725 1845 4795 significat
1874 4736 2121 4796 peccato—

533 4835 673 4874 rum.
712 4818 865 4873 Unde
907 4833 1003 4887 per
1027 4817 1347 4887 Prophetam
1378 4817 1615 4873 dicitur:
1652 4839 1670 4870 ‹
1708 4818 1851 4875 Beati
1891 4836 2119 4891 quorum

458 4915 463 4919 ’
536 4910 777 4964 remissa:
803 4920 926 4963 sunt
957 4908 1289 4978 iniquitates,
1322 4918 1377 4964 et
1404 4924 1631 4979 quorum
1665 4919 1802 4965 tecta
1848 4922 1974 4967 sunt
1998 4900 2122 4983 pec-'-

534 5008 652 5053 cata
682 4996 849 5069 (Psnl.
889 5000 1059 5066 xxxi).
1099 5017 1118 5048 ι
1156 4997 1254 5052 Ubi
1289 5012 1417 5068 ergo
1444 4999 1748 5068 sepelienda
1779 5010 1934 5054 erant
1968 5004 2128 5055 cada-

533 5102 658 5140 vera
691 5088 1144 5155 patriarcharum,
1180 5088 1280 5141 nisi
1314 5087 1364 5140 in
1397 5087 1481 5141 illa
1512 5096 1653 5141 terra
1686 5090 1774 5144 ubi
1801 5101 1919 5144 erat
1950 5093 2127 5145 cruci-

538 5177 781 5247 tigendus
823 5178 976 5245 cujus
1022 5179 1284 5250 sanguine
1328 5178 1468 5233 facta
1514 5189 1596 5234 est
1646 5180 1893 5235 remissio
1936 5198 2127 5252 pecca-

536 5267 752 5320 torum?

2154 4592 2203 4652 υ

2221 3372 2476 3426 nimirum
2519 3368 2656 3422 lacte
2700 3365 3043 3420 candidiores
3084 3372 3209 3418 sunt
3239 3364 3488 3416 doctores
3534 3358 3815 3417 Ecclesia),

2220 3463 2344 3533 quia
2379 3460 2571 3515 fortem
2613 3467 2667 3511 et
2713 3456 2943 3511 solidum
2990 3454 3138 3508 verbi
3184 3454 3361 3508 cibum
3389 3460 3445 3504 et
3474 3452 3577 3520 ipsi
3635 3464 3816 3503 come-

2221 3552 2375 3616 dunt,
2403 3559 2459 3605 et
2490 3551 2612 3605 aliis
2663 3548 2921 3612 tradunt;
2970 3546 3036 3600 de
3067 3544 3261 3614 quibus
3284 3543 3349 3597 ad
3396 3542 3659 3597 Ichrteos
3688 3541 3817 3594 dicit

2221 3642 2553 3714 Apostolus:
2591 3664 2607 3687 ι
2644 3638 3017 3695 Perfectorum
3062 3645 3146 3691 est
3190 3635 3393 3689 solidus
3439 3635 3595 3687 cibus
3627 3631 3818 3700 (Hebr.

2223 3737 2309 3807 ιι).
2332 3756 2349 3787 ι
2377 3734 2443 3792 Et
2464 3735 2602 3790 bene
2621 3730 2834 3787 candidi
2855 3745 2975 3785 esse
2996 3730 3250 3783 dicuntur
3266 3726 3514 3780 doctores
3536 3723 3816 3784 Ecclesia,

2224 3830 2348 3899 quia
2377 3838 2433 3883 et
2467 3843 2498 3881 a
2526 3823 2811 3895 pravitatis
2841 3820 3049 3876 macula
3088 3820 3244 3873 liberi
3274 3828 3329 3873 et
3360 3817 3674 3886 conspicua:
3697 3830 3819 3869 cou-

2224 3918 2549 3974 versationis
2582 3915 2832 3969 videntur
2858 3911 3113 3982 cperihus
3138 3909 3293 3964 clari.
3352 3908 3701 3976 Quapropter
3730 3920 3821 3959 ea.

2224 4008 2458 4064 vendam
2489 4015 2591 4070 est,
2645 4004 2842 4058 fratres
2881 4002 3010 4066 mei,
3051 4015 3118 4055 ne
3143 4015 3254 4070 qua
3303 4013 3402 4053 nos
3432 3998 3691 4051 vitiorum
3738 3996 3822 4048 ni-

2224 4099 2391 4166 gredo
2438 4096 2752 4159 dedecoret,
2805 4091 2898 4163 qui
2948 4089 3209 4146 candidos
3265 4089 3319 4142 in
3368 4087 3570 4142 Christi
3625 4085 3820 4140 militia

2226 4192 2390 4245 duces
2442 4190 2726 4245 habemus.
2775 4184 3085 4240 Periculose
3128 4183 3383 4238 nimirum
3434 4179 3595 4249 100
3636 4193 3819 4232 rerum

2226 4282 2435 4351 species
2485 4279 2777 4344 ﬂuctuant,
2831 4277 2919 4332 ubi
2981 4291 3104 4331 cum
3156 4273 3386 4327 ducibus
3439 4268 3818 4338 subsequentis

2224 4373 2498 4426 exercitus
2540 4369 2770 4439 insignia
2801 4383 2907 4422 non
2950 4364 3304 4421 concordant.
3358 4360 3505 4415 Beati
3547 4358 3817 4426 siquidem

2226 4474 2405 4533 patres
2438 4460 2606 4517 nostri
2635 4468 2913 4531 promptos
2942 4472 3001 4512 se
3035 4453 3368 4511 exhibebant
3393 4451 3461 4505 ad
3495 4446 3816 4520 perferenda

2228 4553 2521 4623 supplicia;
2543 4566 2642 4606 nos
2661 4557 2864 4613 autem,
2896 4548 3023 4602 dum
3051 4562 3079 4599 a
3099 4545 3347 4616 proximo
3374 4541 3646 4603 hedimur,
3671 4552 3820 4593 com-

2232 4661 2517 4716 pescamus
2562 4643 2753 4698 saltem
2800 4640 3011 4695 animos
3056 4637 3318 4692 vindicta.
3368 4632 3580 4703 Moyses
3628 4643 3818 4698 nempe

2234 4739 2301 4791 ad
2341 4737 2557 4791 ultionis
2583 4733 2835 4789 indicium
2866 4728 3197 4786 descendens
3236 4726 3304 4785 de
3332 4731 3534 4787 monte,
3559 4728 3818 4777 cornutas

2238 4825 2666 4897 apparuitmen.
2716 4820 2924 4892 xxxiv);
2968 4832 3130 4888 super
3187 4813 3473 4869 Dominum
3531 4818 3713 4864 autem
3765 4807 3817 4859 in

2232 4915 2659 4972 mansuetudinis
2678 4912 2880 4983 Spiritu
2898 4909 3143 4965 columba
3167 4903 3443 4961 descendit
3466 4907 3480 4962 (
3492 4899 3685 4952 Matth.
3710 4897 3813 4965 tu).

2232 5007 2308 5061 Illi
2359 5008 2721 5061 decreverunt
2762 5017 2860 5074 pro
2914 5000 3131 5056 Christo
3170 4995 3389 5068 propria
3448 4999 3643 5048 cuncta
3686 5003 3819 5043 cou-

2233 5109 2504 5162 temnere;
2536 5112 2635 5150 nos
2680 5104 2861 5150 autem
2918 5092 3193 5149 discamus
3238 5086 3431 5144 saltem
3474 5098 3597 5154 qua:
3643 5081 3821 5137 aliena
3880 5102 3883 5105 ·

2229 5203 2355 5246 sunt
2376 5207 2480 5244 non
2509 5190 2735 5246 ambire.

1660 5422 1878 5477 Fininnt
1920 5425 2216 5480 testimonia
2263 5424 2382 5479 libri
2426 5421 2661 5478 Genesis.

1553 5555 1894 5612 INCIPIUNT
1951 5555 2294 5613 CAPITULA
2346 5554 2527 5609 LIBRI
2570 5551 2800 5611 EXODI.

579 5645 627 5718 ε.
674 5644 749 5718 De
777 5644 997 5718 urbibus
1037 5646 1497 5702 lnbernacmorum
1536 5646 1763 5702 Pirithon
1794 5658 1840 5703 et
1889 5646 2159 5715 Ramesse,
2204 5665 2335 5718 quas
2385 5646 2600 5702 Pharao
2646 5644 2757 5701 luto
2788 5655 2834 5699 et
2866 5642 3020 5713 palea
3058 5639 3373 5697 construxit.

577 5715 631 5769 2.
670 5713 747 5786 De
772 5716 914 5786 virga
946 5714 1115 5786 Moysi
1156 5718 1210 5771 in
1236 5728 1521 5785 serpentem
1555 5734 1821 5773 conversa.

576 5786 629 5837 5.
672 5783 820 5855 Unde
847 5783 1029 5855 Supra.

578 5854 632 5922 4.
670 5854 740 5911 De
769 5854 929 5912 manu
962 5855 1153 5925 Moysi,
1178 5874 1296 5927 qua:
1323 5858 1511 5913 educta
1544 5858 1606 5912 de
1628 5858 1745 5912 sinu
1774 5860 2015 5929 apparuit
2044 5858 2267 5931 leprosa.
