4078 6336
351 364 486 423 1015

1612 373 1678 428 ΙΝ
1716 373 1977 429 LIBRUM
2020 371 2243 426 EXODI.

3445 377 3582 431 l0”

382 481 438 562 ξ.
471 479 604 562 (_.'_um_
638 493 768 537 esset
797 483 1089 562 b‘oysesﬂin
1124 487 1324 562 itinere,
1357 489 1584 562 occurrit
1619 489 1665 541 ei
1696 487 1968 562 Dominus,
2002 495 2048 538 et
2081 484 2276 538 volebat
2307 500 2424 536 eum
2453 484 2759 562 interﬁcere.

379 552 434 606 6.
474 551 1089 635 Projecerunt'maleﬁci
1145 556 1443 611 Pharaonis
1469 561 1522 612 in
1568 569 1760 612 terram
1805 559 1978 628 virgas
2018 572 2167 620 suas,
2196 570 2314 622 qua:
2343 570 2500 607 versae
2539 564 2657 607 sunt
2683 556 2736 607 iu
2776 554 3050 618 dracones,
3095 555 3182 608 sed
3225 553 3485 608 devoravit
3510 570 3600 610 eas

571 626 717 693 virga
751 625 948 678 Aaron.

381 689 438 749 7.
469 691 546 748 De
575 689 748 767 decem
777 695 943 767 plagis
973 695 1189 764 Egypti
1221 710 1240 767 :_
1273 697 1320 761 l,
1349 693 1412 752 de
1462 699 1609 766 aquis
1641 699 1689 752 in
1727 701 2032 767 sanguinem
2061 694 2217 750 versis
2239 711 2259 767 7;
2297 692 2469 767 9.,_de_
2495 693 2650 762 plaga
2697 710 2984 767 ranarum;
3016 695 3068 759 5,
3093 695 3156 767 de
3185 694 3429 762 ciuiphe;
3543 695 3608 767 de

559 766 786 829 ntuscis;
823 762 878 826 5,
911 765 973 817 de
1004 762 1124 818 nece
1154 762 1592 832 auimaliumfti,
1618 769 1680 820 de
1721 762 1978 821 ulceribus
2016 777 2062 818 et
2094 766 2316 826 vesicis;
2356 763 2407 824 7,
2435 765 2499 815 de
2540 765 2798 830 grandine
2837 775 2885 816 et
2907 765 3154 818 touitruis
3182 775 3228 818 et
3269 767 3417 834 igne;
3451 762 3504 828 8,
3541 765 3606 818 de

559 834 714 906 plaga
743 835 1107 899 locustarum;
1139 837 1188 898 9,
1231 839 1294 888 de
1320 839 1575 902 tenebris;
1620 840 1701 900 10,
1737 840 1800 890 de
1838 837 2300 906 primogenitorum
2334 833 2801 901 interiectionibus.

386 904 439 958 8.
473 902 709 957 Postulet
747 907 824 957 vir
847 906 910 956 ab
935 906 1101 957 amico
1124 923 1243 971 suo,
1269 917 1315 959 et
1339 908 1529 960 mulier
1552 927 1581 960 τι
1616 911 1779 961 vicina
1805 902 1924 969 sua,
1953 902 2075 958 vasa
2101 915 2342 972 argentea
2367 912 2412 955 et
2439 919 2599 956 aurea
2628 913 2675 955 et
2709 913 2882 958 vestes.

384 975 437 1046 9.
481 973 700 1046 ξιιηιρηι
733 976 798 1046 de
831 976 1083 1046 sanguine
1119 979 1258 1042 agni,
1287 988 1333 1030 et
1363 990 1549 1046 ponent
1584 995 1739 1045 super
1777 991 2051 1046 utrumque
2079 987 2293 1046 postem.

350 1043 435 1096 l0.
479 1041 611 1096 Cum
643 1045 893 1114 emisisse!
933 1041 1145 1098 Pharao
1175 1041 1446 1114 populum,
1477 1065 1576 1100 non
1615 1041 1697 1099 eos
1724 1048 1936 1101 deiurit
1964 1041 2224 1097 Dominus
2255 1058 2346 1112 per
2373 1043 2692 1114 viantjerrae
2746 1042 3090 1108 Philisthiim,
3123 1059 3240 1113 qua:
3268 1044 3433 1098 vicina
3473 1053 3606 1110 erat,

561 1130 623 1166 ne
648 1119 691 1167 si
718 1113 850 1185 bella
875 1116 928 1167 in
964 1116 1042 1167 ria
1066 1112 1457 1185 consurgerent,
1488 1128 1750 1185 paunteret
1784 1134 1898 1171 eum
1921 1127 1967 1168 et
1995 1124 2332 1167 reverteretur
2358 1114 2412 1166 in
2456 1112 2770 1183 .IEgyptum.

481 1182 710 1257 Sumpsi!
743 1181 1275 1257 .llariaprophetissa
1293 1203 1444 1239 soror
1479 1181 1652 1240 Aaron
1699 1199 2000 1257 tympanum
2040 1185 2312 1257 inpransi.

349 1252 435 1324 12.
481 1255 555 1324 De
581 1252 730 1322 aquis
761 1255 1135 1324 amaris,quw
1161 1255 1311 1324 ligni,
1334 1258 1471 1324 quod
1505 1252 1737 1309 ostendit
1773 1252 2024 1310 Dominus
2073 1253 2266 1322 Moysi,
2297 1252 2630 1320 admistione,
2660 1265 2779 1309 sunt
2807 1256 2860 1310 in
2883 1255 3208 1310 dulcedinem
3241 1271 3417 1309 reme.

470 1323 547 1394 De
583 1340 659 1378 XII
694 1341 951 1394 aquarum
981 1323 1214 1392 fontibus
1247 1336 1294 1378 et
1324 1323 1425 1380 cxx
1465 1327 1652 1393 palmis
1681 1328 1734 1379 in
1776 1325 1974 1379 iielim.

479 1392 630 1465 Quod
661 1390 808 1465 serta
834 1395 916 1446 die
947 1390 1146 1465 duplex
1176 1412 1416 1448 mensura
1454 1390 1739 1465 jubebatur
1778 1397 1841 1449 de
1873 1412 2066 1448 manna
2097 1390 2294 1465 colligi.

347 1463 436 1533 15.
473 1464 626 1526 Quod
649 1463 748 1533 lilii
784 1463 974 1527 Israel,
1004 1481 1120 1517 cum
1149 1466 1392 1520 vidissent
1421 1462 1636 1527 mrmna,
1669 1467 1906 1520 dicebant
1931 1483 1948 1519 :
1987 1463 2208 1528 Man/tu,
2235 1462 2286 1514 id
2310 1473 2406 1526 est,
2438 1462 2576 1528 Quid
2605 1476 2679 1519 est
2718 1468 2813 1521 hoc
2837 1469 2862 1520 ἒ

479 1533 632 1604 Quod
652 1532 850 1587 manna
883 1535 936 1587 in
959 1536 1248 1604 crastinum
1273 1547 1585 1589 reservatum
1609 1537 1952 1604 putrescebat.

349 1603 436 1676 η.
477 1603 628 1676 Quod
650 1613 911 1676 pugnante
941 1603 1110 1676 Israel
1138 1614 1330 1676 contra
1367 1606 1636 1666 Amalech,
1685 1606 1888 1676 Moyses
1925 1604 2120 1676 habens
2147 1603 2343 1676 virgam
2375 1603 2426 1676 in
2456 1620 2613 1658 manu
2645 1607 2856 1660 brachia
2886 1609 3070 1662 erexit.

477 1674 628 1746 Quod
676 1671 1221 1746 Dominusingmonte
1271 1674 1423 1729 Sinui
1463 1677 1654 1745 populo
1680 1671 1894 1746 suo'per
1926 1671 2334 1744 Moysen-legent
2366 1672 2529 1729 (ludit.

346 1744 433 1796 l9.
475 1743 653 1796 Altare
675 1743 738 1796 de
763 1755 901 1796 terra
925 1743 1130 1811 facietis
1164 1746 1313 1800 mihi.
1464 1743 1471 1745 ⁷
1531 1743 1538 1745 ⁷
1804 1743 1811 1746 ’
1912 1791 1916 1794 .

476 1811 604 1886 illan
627 1813 955 1886 wdi/icabitis
987 1814 1114 1868 mihi
1141 1816 1306 1869 altare.
1331 1816 1396 1867 de
1421 1816 1578 1886 sectis
1621 1815 1905 1886 lapidibus.

476 1881 659 1954 [iacies
696 1881 840 1935 bases
867 1893 1160 1953 argenteas,
1195 1894 1242 1937 et
1284 1885 1487 1937 tabulas
1527 1881 1808 1939 deauratas
1851 1888 2070 1954 desuper
2101 1887 2285 1953 erigas.

477 1949 664 2024 {facies
696 1949 966 2024 columnas
994 1963 1220 2020 quatuor
1258 1965 1303 2007 et
1343 1955 1488 2007 bases
1517 1972 1695 2008 earum
1727 1957 1934 2010 restitas
1971 1949 2204 2024 argento:

341 2021 438 2075 25.
478 2019 546 2074 Ut
583 2024 636 2076 in
672 2023 936 2098 rationali,
965 2024 1104 2098 quod
1149 2027 1390 2078 sacerdos
1434 2025 1625 2092 ferebat
1657 2027 1710 2080 in
1744 2036 1969 2095 pectore,
2014 2019 2090 2080 in
2138 2030 2353 2096 pretiosi
2395 2027 2594 2097 lapides
2643 2040 2978 2098 ponerentur,
3015 2031 3149 2084 terni
3201 2046 3291 2098 per
3332 2036 3614 2098 quaternos

550 2094 769 2162 angulos
808 2093 996 2146 inclusi
1034 2110 1184 2145 auro.

345 2160 438 2214 24.
475 2160 747 2232 Arripiens
785 2162 1247 2240 Moysesvitulum
1287 2181 1504 2218 aureum
1536 2167 1652 2236 igne
1694 2167 1975 2221 combussit
2005 2167 2065 2222 ef
2086 2184 2247 2239 usque
2275 2171 2342 2223 ad
2386 2167 2648 2239 puluerem
2676 2171 2954 2236 contrivit;
2990 2181 3036 2224 et
3067 2172 3119 2223 in
3147 2186 3338 2240 aquam
3368 2183 3616 2236 spargens

558 2243 736 2302 polum
763 2232 953 2301 populo
978 2233 1139 2286 dedit.

474 2301 867 2378 QuodMoyses
898 2319 1026 2378 litin
1056 2303 1231 2378 millia
1245 2305 1513 2358 hominum
1543 2306 1606 2358 ob
1637 2306 1844 2374 culpam
1872 2309 2087 2376 conﬂati
2119 2309 2266 2362 vituli
2297 2310 2548 2378 perimere
2587 2309 2727 2377 fecit.

479 2371 612 2450 ἔρεξε
636 2374 780 2450 l_o_cus
810 2375 949 2450 apud
971 2390 1073 2450 me,
1097 2375 1258 2428 stabis
1279 2391 1444 2450 super
1467 2387 1691 2450 petram,
1719 2371 1938 2448 cumque
1966 2371 2233 2433 transierit
2263 2371 2430 2449 gloria
2461 2371 2597 2444 mea,
2633 2379 2824 2434 videbis
2862 2385 3152 2450 posteriora
3176 2399 3311 2434 mea.

345 2442 433 2495 27.
469 2441 614 2497 Fecit
641 2441 848 2513 Moyses
889 2444 941 2496 in
982 2444 1320 2498 tabernaculo
1352 2441 1426 2500 vtt
1459 2441 1698 2500 lucernas
1727 2441 1863 2499 cum'
1887 2451 2222 2502 emunctoriis
2253 2441 2360 2504 suis
2391 2461 2436 2503 et
2477 2441 2617 2504 casa.

1720 2537 1938 2593 Finiunt
1991 2539 2240 2610 capitula.

533 2716 888 2859 101492
996 2733 1640 2824 INCIPIUNT
1717 2735 2471 2827 TESTIMONIA
2543 2738 2872 2826 LIBRI
2951 2736 3335 2834 EXODI

835 2930 1064 2985 CAPUT
1105 2931 1394 2988 PRIMUM.

341 3038 407 3091 In
439 3041 654 3107 epistola
676 3042 744 3094 ad
771 3041 1152 3096 Ilermisiudem
1180 3044 1654 3106 sanctimonialem,
1688 3046 1776 3098 ubi
1799 3046 1934 3100 dici-

413 3119 498 3162 tur
535 3113 689 3185 quod
735 3113 1016 3182 aedi/icium
1067 3119 1313 3169 humana!
1376 3119 1632 3185 superbia:
1694 3119 1796 3170 cito
1845 3118 1938 3170 de-

410 3183 654 3234 struitur.

415 3295 586 3351 Urbes
617 3297 720 3352 illa:
749 3299 1241 3363 tabernaculorum,
1279 3315 1412 3370 quas
1434 3301 1646 3357 Pharao
1673 3297 1787 3356 luto
1841 3317 1936 3372 pa-

342 3385 533 3456 lenque
547 3389 872 3453 construxit,
899 3389 1150 3443 nimirum
1171 3390 1302 3455 luto,
1321 3392 1462 3460 quod
1477 3392 1740 3461 inquinat,
1758 3391 1932 3461 palea,

342 3493 462 3546 qua:
488 3471 788 3532 destinatur
817 3481 882 3534 ad
917 3479 1181 3545 ﬂammas,
1207 3481 1398 3535 Phiton
1414 3492 1467 3536 et
1498 3481 1786 3537 Ramesses
1809 3488 1934 3535 sunt

342 3583 447 3620 non
475 3568 589 3622 sine
629 3570 887 3639 mysterio
918 3579 1269 3639 nuncttpatae;
1299 3570 1494 3625 Pbiton
1540 3572 1802 3641 siquidem
1853 3572 1936 3624 iu-

342 3667 676 3726 terpretatur
703 3676 759 3711 os
790 3659 1081 3728 abyssi,ch
1103 3660 1562 3730 subito.Quisqnis
1585 3662 1749 3725 enim,
1778 3660 1932 3729 juxta

343 3747 500 3802 Pauli
567 3751 911 3816 sententiam,
961 3765 1120 3818 supra
1167 3751 1596 3818 fundamentum,
1648 3755 1790 3823 quod
1849 3760 1935 3807 cst

342 3841 589 3895 Christus
608 3840 784 3907 Jesus,
809 3842 974 3911 ligna,
1000 3842 1202 3906 l‘enum,
1229 3844 1479 3910 stipulam
1513 3860 1654 3900 nunc
1679 3848 1933 3911 aediﬁcat,

344 3936 504 4004 quale
544 3937 806 4006 cujusque
841 3952 977 4006 opus
1002 3937 1093 3998 sit,
1123 3936 1261 4005 ignis
1284 3937 1532 4004 probabit
1570 3937 1630 4008 (I
1659 3937 1781 3994 Cor.
1811 3941 1926 4008 tu);

343 4039 537 4095 etquo
575 4029 821 4099 magisin
845 4029 1014 4081 altum
1063 4029 1176 4082 haec
1216 4029 1456 4082 carnalis
1505 4031 1626 4084 vita:
1655 4041 1932 4087 structura

344 4121 662 4190 sabrigitur,
696 4131 846 4175 tanto
893 4121 1208 4190 proclivius,
1233 4120 1396 4175 veluti
1436 4122 1488 4174 in
1542 4123 1721 4193 abyssi
1771 4100 1930 4178 vora-

345 4209 522 4279 ginem
550 4224 748 4272 mersa,
779 4209 958 4263 subito
990 4210 1304 4278 dissipatur.
1343 4209 1495 4264 Unde
1530 4212 1789 4294 scriptum
1813 4220 1928 4268 est:

1960 2937 2009 2998 Α
2039 2935 2092 2987 in
2124 2950 2284 2989 manu
2312 2944 2512 3003 gestas,
2546 2934 2600 2988 in
2631 2944 2863 2999 terram;
2894 2943 2949 2989 et
2976 2923 3220 3004 proiecit,
3253 2944 3308 2988 et
3331 2932 3506 2989 factus
3535 2943 3636 2989 est

2041 3038 2284 3093 serpens.
2309 3026 2537 3093 Expavit
2569 3025 2710 3078 illico
2737 3025 2950 3094 Moyses
2973 3037 3026 3078 et
3051 3025 3204 3094 fugit.
3230 3025 3298 3079 Et
3321 3024 3399 3079 ait
3423 3025 3495 3080 illi
3518 3025 3622 3080 Do-

2040 3116 2216 3170 minus
2239 3133 2250 3168 :
2273 3116 2631 3184 Apprehende
2658 3116 2886 3168 caudam
2936 3116 3114 3188 illius,
3143 3124 3212 3170 et.
3244 3117 3621 3186 apprehendit.

2041 3205 2292 3272 factaque
2319 3217 2401 3259 cst
2433 3205 2624 3258 iterum
2677 3205 2822 3276 virga
2872 3205 3079 3275 (Exod.
3113 3205 3219 3276 tv).
3263 3224 3281 3258 ι
3326 3203 3523 3263 Cuncti
3561 3207 3630 3261 li-

2037 3297 2200 3365 quido
2227 3297 2477 3351 novimus
2515 3298 2640 3365 quia
2665 3312 2886 3366 serpens
2911 3297 3082 3351 suasit
3106 3297 3313 3352 homini
3363 3307 3615 3360 mortem;

2036 3403 2164 3456 ergo
2185 3401 2330 3442 mors
2352 3403 2380 3440 a
2403 3397 2670 3456 serpente.
2697 3387 2827 3454 Quis
2841 3397 3016 3442 autent
3044 3389 3215 3459 virga,
3236 3391 3336 3444 nisi
3353 3390 3626 3444 Christus?

2038 3477 2104 3531 de
2131 3491 2238 3546 quo
2266 3478 2524 3546 propheta
2556 3477 2714 3532 dicit:
2766 3476 2900 3542 Quia
2937 3496 2954 3528 ε
3009 3481 3324 3549 egredietur
3357 3481 3508 3550 virga
3543 3464 3626 3535 'do

2038 3569 2218 3623 radice
2244 3567 2396 3623 Jesse
2427 3567 2568 3638 (Isa.
2624 3569 2720 3638 ιι).
2755 3587 2771 3618 ι
2810 3569 2968 3639 Virga
2998 3570 3180 3640 itaque
3205 3571 3259 3625 in
3289 3580 3620 3642 serpentem,

2036 3661 2289 3715 Christus
2311 3656 2365 3715 in
2392 3671 2638 3716 mortem.
2665 3661 2877 3732 Moyses
2904 3672 3086 3716 autem
3112 3664 3332 3732 expavit
3373 3673 3427 3719 et
3464 3665 3621 3735 fugit,

2040 3755 2166 3823 quia
2193 3769 2457 3823 suspenso
2483 3755 2536 3808 in
2560 3770 2742 3819 cruce,
2769 3756 2882 3810 sive
2914 3757 3178 3811 moriente
3210 3757 3460 3822 Domino,
3505 3773 3626 3812 om-

2040 3849 2126 3902 nis
2183 3848 2272 3902 ille
2317 3846 2683 3917 apOstolorum
2716 3863 2974 3902 nutrieras
3006 3847 3353 3903 tremefactus
3381 3849 3626 3916 expavit,

2037 3949 2091 3993 et
2118 3955 2147 3992 a
2173 3949 2335 3993 (erue
2365 3939 2475 4008 spei
2500 3954 2562 3993 ac
2590 3939 2758 3992 ﬁrmae
2782 3939 2901 3992 .‘idei
2932 3939 3202 3992 soliditate
3233 3939 3625 4005 recessit.Quia

2037 4045 2165 4083 vero
2189 4030 2360 4084 cauda
2386 4038 2628 4084 extrema
2643 4045 2768 4100 pars
2787 4038 2870 4083 est
2891 4029 3153 4098 corporis,
3171 4030 3318 4098 quid,
3344 4029 3446 4084 nisi
3465 4031 3626 4085 linem

2038 4121 2332 4176 Dominica:
2365 4120 2634 4192 signiﬁcat
2663 4119 3194 4192 passionis?Moyscs
3219 4121 3378 4190 igitur
3393 4124 3626 4177 caudam

2037 4213 2394 4284 apprehendit
2424 4222 2478 4268 et
2501 4213 2634 4267 nihil
2663 4213 2718 4267 in
2747 4213 2898 4282 virga
2916 4212 3052 4266 ultra
3077 4214 3627 4284 serpentisapparnit,

351 4322 368 4353 ι
403 4300 618 4355 Ducunt
654 4301 705 4355 in
737 4302 893 4356 bonis
922 4303 1035 4356 dies
1066 4319 1212 4366 suos,
1237 4315 1291 4358 et
1322 4304 1374 4357 in
1402 4315 1599 4372 puncto
1625 4309 1694 4360 ad
1726 4307 1933 4363 inferna
1964 4309 2010 4367 B
2039 4308 2188 4377 quia,
2216 4307 2485 4375 completo
2515 4306 2811 4361 Dominicaz
2850 4306 3118 4376 passionis
3167 4308 3458 4375 crurisque
3513 4323 3629 4379 my-

345 4391 678 4448 dcscendunt
733 4393 866 4464 (Job
909 4396 1057 4464 xxr).
1099 4415 1118 4449 ι
1171 4398 1314 4453 Bene
1361 4414 1491 4467 ergo
1535 4401 1734 4454 dicitur
1775 4410 1829 4455 et
1875 4418 1936 4456 os

345 4483 524 4555 abyssi
561 4493 616 4539 et
638 4486 835 4551 subito,
867 4490 991 4557 quia
1021 4488 1085 4542 de
1117 4489 1352 4542 carnalis
1371 4490 1514 4553 Viue,
1539 4505 1658 4558 quae
1689 4506 1785 4559 per
1811 4507 1935 4545 eum

346 4577 608 4639 innuitur,
657 4578 893 4634 culmine
942 4595 1045 4633 non
1076 4580 1334 4649 segniter,
1366 4581 1459 4634 sed
1489 4583 1596 4635 cito
1631 4585 1933 4648 corruitur;

346 4667 552 4721 etillml
575 4679 660 4723 est
703 4685 764 4723 os
809 4671 990 4741 abyssi
1021 4670 1164 4739 quod
1218 4686 1474 4726 ascensus
1501 4673 1786 4727 videbatur
1817 4689 1939 4730 esse

347 4756 571 4829 fastigii,
598 4759 862 4829 Propheta
892 4771 1124 4815 testante
1151 4763 1242 4831 qui
1276 4763 1380 4815 ait:
1412 4762 1660 4831 Dejecisti
1685 4781 1790 4828 eos,
1813 4766 1938 4818 dum

347 4847 704 4902 alienarentur
739 4850 922 4921 (Psal.
951 4853 1154 4919 txxn).
1185 4853 1474 4906 Ramesses
1510 4868 1638 4907 vero
1682 4855 1936 4924 pabulum

350 4941 573 5006 dicitur,
628 4943 709 4997 vel
747 4945 908 4999 tinea.
960 4944 1224 4998 Pabuluut
1278 4959 1510 5013 namque
1557 4946 1757 5000 diaboli
1815 4953 1940 5000 sunt

349 5049 538 5090 omnes
583 5037 818 5105 reprobi,
854 5036 1050 5106 quibus
1094 5035 1184 5090 ille
1236 5044 1494 5104 tanquam
1546 5036 1703 5106 lupus
1749 5036 1940 5091 ovibus

349 5128 608 5191 vescitur,
639 5143 934 5198 eorumque
956 5129 1196 5195 pernicie
1221 5127 1366 5182 velut
1403 5129 1576 5196 epulis
1629 5128 1936 5199 saginatur.

351 5220 428 5273 De
457 5220 651 5288 quibus
676 5222 837 5274 etiam
861 5236 956 5290 per
995 5221 1162 5274 David
1194 5220 1422 5276 dicitur:
1481 5239 1499 5270 ι
1531 5221 1684 5274 Sicut
1725 5237 1852 5275 oves
1886 5223 1938 5276 in

352 5311 564 5365 inferno
618 5313 774 5380 positi
825 5322 969 5374 sunt,
1006 5320 1059 5365 et
1116 5327 1261 5368 mors
1309 5313 1563 5381 deposcet
1609 5327 1704 5366 COS
1753 5311 1937 5380 (Psal.

355 5418 518 5459 vatn
535 5404 577 5474 ).
613 5425 630 5456 ι

974 5493 1201 5550 CAPUT
1238 5493 1300 5549 ll.

355 5608 424 5665 In
437 5595 653 5678 epistola
674 5610 742 5662 ad
765 5609 1165 5671 llernusinrlem,
1186 5609 1271 5662 ubi
1294 5609 1484 5661 dicitur
1499 5607 1637 5676 quod
1654 5607 1939 5676 (edi/icium

700 5681 944 5733 humana:
973 5681 1226 5749 superbiat
1245 5681 1346 5732 cito
1369 5679 1599 5730 labatur.

429 5789 449 5824 ι
484 5769 624 5826 Dixit
655 5772 910 5827 Dominus
938 5771 1002 5826 ad
1027 5771 1243 5841 Moysen
1263 5787 1278 5826 :
1302 5767 1750 5838 Projiccvirgam,
1777 5783 1938 5838 quant

2039 4398 2226 4462 sterio,
2246 4407 2299 4452 et
2322 4397 2493 4453 ﬁdelis
2514 4397 2743 4466 quisque
2761 4407 2888 4452 tunc
2910 4398 2974 4452 ad
3007 4397 3164 4452 [idem
3189 4399 3372 4459 rediit.
3396 4407 3451 4452 et
3471 4398 3629 4453 Chri-

2039 4497 2174 4552 stus,
2204 4499 2521 4558 eonsumpta
2543 4497 2738 4554 morte,
2763 4488 2992 4557 idipsum
3020 4489 3072 4543 in
3096 4503 3155 4544 se
3175 4491 3318 4561 quod
3339 4488 3513 4545 fuerat
3532 4503 3628 4560 per

2041 4578 2459 4634 resurrectionis
2489 4578 2716 4649 gloriam
2744 4580 3038 4649 reparavit.

2631 4669 2862 4724 CAPUT
2897 4670 2983 4723 lll.

2467 4760 2533 4814 In
2565 4777 2802 4815 sermone
2824 4761 2888 4814 de
2909 4758 2966 4814 S.
2993 4759 3268 4816 Columba.

2116 4871 2136 4902 ‹
2178 4851 2323 4905 Dixit
2346 4851 2606 4904 Dominus
2632 4850 2700 4903 ad
2729 4849 2977 4920 Moysen:
3005 4848 3144 4917 Quid
3168 4861 3252 4906 cst
3277 4852 3420 4920 quod
3475 4862 3629 4908 tenes

2043 4946 2095 5000 in
2122 4961 2283 4998 manu
2315 4945 2441 4997 tua?
2476 4944 2801 5013 Respondit:
2839 4945 3077 5013 Virgam.
3102 4946 3222 4998 Ait:
3257 4944 3468 5016 Projiee
3509 4963 3629 5002 eam
3681 4997 3684 5002 .

2044 5037 2094 5088 in
2123 5046 2322 5090 terram
2346 5046 2450 5090 etc.
2499 5035 2707 5105 (Exod.
2737 5035 2846 5107 tv).
2881 5056 2902 5089 ι
2948 5037 3081 5103 Quis
3114 5051 3209 5105 per
3250 5035 3491 5107 Moysen,
3520 5040 3626 5092 nisi

2040 5127 2295 5182 Judaicus
2321 5126 2580 5194 populus:
2606 5128 2811 5196 etquid
2858 5139 2955 5196 per
2995 5126 3218 5197 virgam,
3253 5128 3355 5182 nisi
3394 5137 3629 5197 potestas

2042 5219 2453 5275 divinitatis?et
2501 5219 2630 5287 quid
2667 5230 2763 5288 per
2806 5228 3136 5288 serpentem,
3168 5217 3274 5273 nisi
3325 5220 3626 5275 mortalitas

2043 5311 2215 5366 nostri
2239 5309 2618 5378 Redemptoris
2637 5311 2996 5380 exprimitur?
3038 5311 3170 5378 Quia
3199 5311 3342 5366 enim
3374 5327 3472 5380 per
3510 5327 3631 5367 ser-

2045 5411 2254 5470 pentem
2279 5415 2445 5466 mors,
2477 5407 2624 5456 recte
2645 5402 2886 5457 mortalis
2913 5403 2965 5457 in
2993 5411 3276 5472 serpente;
3333 5404 3416 5457 vel
3458 5411 3628 5468 certe,

2046 5508 2170 5546 cum
2200 5491 2460 5559 scriptum
2491 5492 2592 5546 sit:
2626 5511 2644 5542 ι
2681 5491 2870 5547 Estote
2899 5494 3196 5563 prudentes
3239 5494 3379 5548 sicut
3408 5507 3631 5562 serpen-

2048 5594 2128 5638 tes
2153 5583 2379 5652 (Matth.
2408 5599 2439 5637 χ
2458 5582 2495 5652 ).
2536 5602 2554 5636 ι
2584 5583 2708 5652 quia
2734 5584 2850 5653 ipsa
2878 5599 3088 5638 summa
3117 5583 3423 5653 prudentia,
3474 5583 3526 5636 id
3550 5593 3633 5637 est

2050 5674 2141 5727 Dei
2177 5672 2474 5743 Sapientia,
2507 5675 2776 5729 incarnari
2803 5675 3021 5746 dignata
3047 5683 3150 5740 est,
3175 5683 3325 5730 recte
3354 5672 3468 5741 ejus
3490 5688 3627 5727 more

2053 5767 2228 5826 talitas
2262 5768 2314 5824 in
2344 5779 2595 5842 serpente
2649 5769 2929 5839 ﬁguratur.
2984 5764 3134 5826 Unde
3163 5775 3216 5823 et
3257 5767 3310 5823 in
3344 5762 3595 5835 Evangeli
3625 5837 3633 5842 η
