4078 6336
520 368 661 426 1015

1443 376 1944 437 COLLECTANEA
1982 381 2049 437 IN
2089 381 2314 439 VETUS
2352 384 2890 446 TESTAMENTUM.

3651 390 3794 448 l0l6

517 484 585 539 de
609 486 860 554 passione
882 502 977 543 sua
1000 497 1263 560 loquitur,
1309 488 1528 546 dicens:
1560 513 1578 544 ι
1639 491 1796 549 Sicut
1842 495 2107 567 exaltavit
2132 502 2175 558 Λ
2205 497 2444 552 occurrit
2465 499 2514 554 ei
2538 500 2797 557 Dominus
2816 509 2872 557 et
2899 499 3112 557 volebat
3141 502 3392 560 occidere
3416 519 3543 560 eum
3576 502 3789 573 (Exod.

517 572 729 646 Moyses
772 586 1081 647 serpentem
1132 579 1184 633 in
1234 594 1437 642 eremo.
1482 581 1561 636 ita
1604 582 1833 639 exaltari
1889 594 2103 655 oportet

515 666 684 723 lilium
714 668 949 726 hominis
974 669 1172 742 (Joan.
1202 673 1319 742 ιιι).
1360 693 1377 725 ι
1410 672 1623 745 Moyses
1650 691 1780 746 ergo
1803 678 2006 745 virgam
2023 687 2102 731 te-

512 758 653 826 nuit,
682 759 807 828 quia
837 756 1094 817 Judaicus
1136 764 1364 832 populus
1401 772 1527 819 ante
1582 764 1960 835 Redemptoris
2006 767 2100 821 ad-

515 859 736 903 ventum
763 849 817 903 in
841 850 1020 906 divina
1048 862 1313 921 potestate
1339 856 1574 912 conlisus
1600 867 1721 922 est;
1753 858 1847 913 sed
1891 858 2101 928 virgam

513 938 569 993 in
598 948 800 995 terram
829 938 1079 1010 proiecit,
1107 943 1232 1013 quia
1264 943 1404 998 idem
1458 945 1687 1015 populus
1734 961 1833 1017 per
1859 947 2096 1017 patriar-

510 1027 644 1083 chas
672 1044 734 1084 ac
762 1030 1053 1101 prophetas
1080 1030 1367 1087 Dominum
1390 1034 1780 1092 incarnandum
1810 1051 1931 1092 esse
1955 1052 2094 1091 nun-

512 1118 687 1174 tiavit.
718 1120 884 1191 Virga
910 1136 1041 1192 ergo
1063 1122 1115 1176 in
1138 1122 1420 1180 colubrum
1443 1125 1693 1191 vertitur,
1726 1128 1850 1197 quia
1865 1127 2097 1183 Redem-

505 1219 632 1280 ptor
652 1220 839 1266 noster
862 1211 1006 1267 Deus
1060 1213 1115 1267 in
1172 1229 1231 1270 se
1280 1230 1604 1285 permanens
1653 1218 1899 1279 mortalis
1954 1219 2097 1274 inter

509 1302 754 1358 homines
781 1302 958 1358 factus
979 1313 1062 1359 est
1079 1322 1094 1358 :
1109 1306 1205 1361 sed
1222 1306 1433 1378 Moyses
1450 1307 1729 1364 colubrum
1758 1308 2096 1379 conspiciens

506 1393 788 1463 pertimuit
811 1403 867 1450 et
899 1393 1054 1467 fugit,
1086 1398 1211 1467 quia
1239 1398 1499 1455 Judaicus
1538 1401 1788 1472 populus,
1833 1400 1960 1455 dum
1990 1400 2094 1456 Re-

505 1484 839 1555 demptorem
870 1487 1091 1542 humani
1117 1492 1336 1560 generis
1384 1491 1545 1546 talem
1588 1492 1721 1547 vidit
1770 1493 2095 1559 Dominum;

506 1579 729 1634 credere
757 1580 912 1650 quasi
952 1579 1333 1637 formidolosus
1354 1584 1592 1654 expavit.
1634 1583 1735 1639 Cui
1771 1583 1995 1653 jubetur
2033 1594 2096 1643 ut

504 1669 783 1726 colubrum
808 1673 979 1728 cauda
1005 1681 1203 1741 teneat,
1245 1675 1372 1745 quia
1419 1675 1659 1746 perﬁdus
1705 1676 1793 1730 ille
1841 1675 2092 1747 populus,

504 1762 597 1832 qui
628 1765 787 1820 modo
836 1766 1061 1823 credere
1110 1776 1348 1834 recusat,
1376 1769 1431 1823 in
1459 1778 1702 1825 extrema
1731 1778 1885 1841 parte
1911 1771 2092 1826 Domi—

2202 588 2312 658 tv).
2346 608 2365 640 ›
2401 589 2593 645 Mirum
2623 592 2798 657 valde,
2830 608 2930 648 cur
2962 609 3085 649 eum
3110 586 3331 666 repenti:
3356 596 3618 652 Dominus
3643 599 3793 654 occi-

2201 679 2330 735 dere
2359 680 2592 739 voluisse
2615 683 2961 744 describitur.
2992 700 3154 755 quem
3180 695 3506 743 asseeretem
3535 689 3639 744 sibi
3671 690 3789 760 jam

2200 781 2253 828 et
2276 784 2632 844 synanystem
2659 774 3000 833 familiariter
3023 777 3250 845 fecerat,
3274 781 3360 836 cui
3382 782 3593 837 consilii
3621 784 3703 838 sui
3725 801 3793 840 ac

2198 862 2497 921 voluntatis
2532 881 2732 923 arcana
2777 870 3066 938 panderat,
3090 879 3148 926 et
3172 887 3318 927 nunc
3358 874 3412 928 in
3440 876 3793 931 exsecutione

2198 969 2310 1008 suae
2329 957 2653 1013 obedientite
2703 959 2989 1030 dirigebat.
3029 959 3138 1017 Sed
3183 963 3373 1032 procul
3420 965 3585 1020 dubio
3625 966 3793 1020 datur

2196 1047 2422 1119 intelligi
2446 1049 2574 1119 quia
2593 1052 2990 1121 quantamlibet
3012 1055 3247 1126 contagii
3276 1054 3543 1110 maculam
3566 1071 3633 1111 ex
3663 1058 3790 1112 diu-

2199 1146 2251 1192 tu
2261 1155 2355 1193 rna
2369 1139 2787 1198 Madianitarnm
2806 1143 3214 1202 cohabitatione
3234 1156 3606 1213 contraxerat,
3624 1157 3793 1220 atque

2195 1227 2403 1286 ideirco
2427 1238 2637 1288 terrore
2666 1247 2731 1288 ac
2755 1233 3100 1306 negligentiae
3113 1238 3454 1293 correctione
3472 1240 3793 1309 purgandus

2195 1331 2333 1389 erat,
2365 1324 2457 1393 qui
2512 1324 2848 1397 corrigendis
2879 1328 3003 1385 aliis
3056 1328 3357 1385 caelestium
3405 1331 3791 1386 mandatorum

2193 1411 2411 1481 bajulus
2432 1406 2743 1472 accedebat.
2792 1416 2946 1485 Quod
2975 1418 3183 1475 scilicet
3226 1435 3365 1475 uxor
3395 1420 3514 1490 ejus
3542 1419 3793 1490 Sephora

2192 1504 2493 1573 prudenter
2517 1506 2786 1563 intellexit
2823 1508 2891 1564 de
2933 1524 3041 1580 qua
3080 1509 3361 1581 Scriptura
3392 1511 3645 1582 protinus
3690 1513 3788 1566 ad-

2194 1595 2360 1650 didit:
2396 1614 2415 1648 ι
2446 1595 2590 1653 Tulit
2622 1598 2769 1655 illico
2800 1596 3044 1671 Sephora
3074 1602 3444 1657 acutissimam
3466 1613 3701 1673 petram,
3733 1612 3794 1658 et

2192 1687 2536 1745 circumcidit
2564 1692 2888 1761 praeputium
2919 1692 3013 1747 lilii
3035 1694 3119 1749 sui
3149 1676 3320 1765 (Ibid.
3345 1696 3383 1765 ).
3417 1714 3438 1747 ι
3471 1695 3788 1749 Absurdum

2192 1778 2393 1849 quippe
2427 1778 2630 1846 fuerat,
2659 1782 2705 1836 si
2738 1781 3015 1837 videretur
3043 1783 3264 1854 gentilis
3288 1784 3340 1837 in
3361 1783 3472 1838 lilio
3495 1785 3587 1853 qui
3615 1783 3789 1844 Israe-

500 1857 608 1912 nici
640 1860 910 1928 corporis,
942 1860 995 1916 id
1018 1871 1126 1927 est,
1148 1862 1440 1933 posteriori
1468 1872 1713 1935 tempore
1743 1871 1949 1920 sanctae
1977 1864 2083 1918 Ec-
2119 1855 2164 1915 Β
2190 1868 2285 1924 lita
2325 1879 2443 1926 erat
2465 1871 2517 1925 in
2545 1873 2858 1943 semetipso.
2892 1872 2994 1941 Qui
3020 1889 3146 1946 erga
3176 1874 3314 1930 alios
3343 1875 3411 1930 ad
3442 1874 3792 1931 rectitudinis

500 1948 699 2014 etesiae,
729 1950 978 2007 videlicet
1002 1952 1057 2007 in
1087 1951 1194 2009 line
1223 1954 1434 2022 mundi,
1461 1970 1581 2011 sese
1602 1955 1670 2011 ad
1714 1954 1874 2011 ﬁdem
1915 1953 2085 2011 recol-

500 2040 637 2111 ligit.
666 2040 732 2096 Et
755 2042 1038 2099 colubrum
1061 2045 1236 2100 cauda
1259 2054 1426 2113 tenet,
1454 2047 1581 2118 quia
1600 2062 1743 2114 eum,
1768 2062 1926 2118 quem
1942 2063 2083 2103 mor-

501 2128 661 2183 talem
683 2139 810 2186 ante
831 2132 1173 2202 despexerat,
1198 2133 1615 2205 Rcdemptorem
1637 2151 1792 2193 suum
1817 2137 1871 2192 in
1895 2137 2085 2191 ultima

489 2217 605 2285 jam
634 2229 789 2290 parte
809 2220 1067 2277 Ecclesiae
1111 2224 1418 2280 conﬁtetur.
1448 2226 1554 2282 Sed
1606 2242 1730 2282 mox
1764 2241 1991 2297 serpens
2031 2227 2084 2281 in

497 2312 707 2383 virgam
735 2313 896 2379 redit,
922 2314 1055 2393 quia
1083 2316 1267 2372 statim
1298 2316 1616 2373 utiudaicus
1638 2317 1866 2388 populus
1893 2318 1947 2373 in
1982 2317 2086 2373 Re-

496 2402 831 2470 demptorem
859 2412 1103 2458 nostrum
1131 2407 1445 2473 crediderit,
1474 2408 1615 2465 idem
1642 2409 1973 2479 Redemptor
2015 2409 2084 2463 ad

487 2491 759 2561 judicium
793 2495 846 2549 in
869 2502 1139 2565 potestate
1164 2512 1278 2553 suae
1296 2499 1595 2556 divinitatis
1618 2501 1921 2572 apparebit,
1943 2509 2004 2555 ut
2034 2502 2084 2556 ei

487 2583 601 2653 jam
625 2598 849 2654 serpens
881 2585 1026 2656 virga
1056 2586 1149 2655 sit,
1173 2590 1298 2659 quia
1327 2590 1371 2645 is
1405 2593 1494 2662 qui
1529 2592 1580 2647 in
1612 2602 1756 2648 terra
1798 2593 1960 2648 horno
1986 2593 2083 2647 de-

493 2690 709 2751 spectus
727 2690 831 2747 est,
856 2682 922 2737 de
943 2683 1080 2742 coelo
1100 2684 1323 2739 veniens
1352 2701 1514 2755 super
1552 2685 1772 2756 angelos
1817 2685 2085 2740 videbitur

491 2771 653 2826 Deus.
688 2772 845 2829 Sicut
860 2790 990 2845 ergo
1013 2775 1270 2833 Dominus
1299 2786 1352 2832 et
1373 2778 1490 2832 sine
1535 2777 1685 2847 lepra
1728 2777 1994 2848 leprosos,
2028 2787 2084 2833 et

491 2862 611 2918 sine
635 2878 843 2921 veneno
866 2880 1091 2935 serpens
1115 2881 1210 2936 per
1231 2867 1547 2937 mysterium
1570 2868 1787 2933 dicitur,
1818 2868 1890 2922 ita
1922 2868 2083 2922 nihil-

488 2953 706 3008 ominus
727 2961 784 3009 et
802 2955 920 3011 sine
947 2954 1198 3011 fatuitate
1237 2956 1455 3023 stultus,
1486 2966 1542 3012 et
1568 2958 1688 3016 sine
1710 2957 2082 3014 imbecillitate

488 3043 808 3113 perhibetur
850 3046 1122 3115 inﬁrmus,
1163 3048 1290 3118 quia
1344 3048 1600 3103 nimirum
1657 3049 1737 3105 sic
1766 3064 1824 3104 se
1879 3061 2079 3106 nostra:

493 3135 799 3193 infirmitati
830 3140 1108 3210 componit
1133 3152 1295 3211 atque
1321 3150 1716 3211 contemperat,
1762 3150 1905 3198 utet
1951 3159 2074 3199 eum

2187 1961 2330 2017 viam
2355 1963 2515 2020 debet
2541 1964 2839 2033 instruere,
2896 1966 3054 2023 valde
3080 1954 3380 2023 cavendum
3412 1975 3497 2024 est
3532 1984 3603 2023 ne
3652 1968 3789 2042 ipse,

2186 2056 2329 2125 quod
2373 2055 2536 2123 absit,
2592 2057 2648 2113 in
2697 2058 2881 2129 aliquo
2934 2059 3187 2115 videatur
3255 2076 3461 2116 errare.
3516 2060 3659 2116 llinc
3706 2069 3793 2117 est

2186 2146 2333 2202 enim
2363 2149 2507 2219 quod
2542 2149 2872 2205 lsraelitieus
2902 2151 3131 2222 populus
3154 2152 3221 2206 ad
3254 2151 3628 2208 ulciscendum
3674 2168 3793 2208 sce-

2186 2240 2269 2296 lus
2296 2241 2571 2312 Beniamin
2593 2243 2709 2301 zelo
2732 2245 3071 2300 rectitudinis
3093 2243 3477 2310 inﬂammatur,
3520 2256 3576 2298 et
3605 2252 3791 2298 tamen

2188 2332 2329 2389 idem
2378 2335 2610 2406 populus
2660 2334 2946 2405 Benjamin
2998 2334 3192 2407 gladiis
3231 2344 3357 2390 ante
3415 2333 3792 2405 prosternitur

2188 2424 2347 2493 (Iud.
2373 2425 2497 2498 xx).

2793 2520 3022 2578 CAPUT
3064 2521 3153 2577 Vl.

2186 2609 2253 2664 In
2278 2612 2495 2682 epistola
2518 2613 2589 2667 ad
2636 2612 3000 2683 Boni/nciam,
3044 2615 3131 2667 ubi
3186 2614 3386 2667 dicitur
3422 2622 3476 2667 ut
3530 2609 3786 2665 exteriori

2352 2684 2642 2753 prudentia:
2668 2683 2960 2755 spiritualis
2985 2685 3242 2754 rapientia
3262 2684 3599 2753 prrvfcratnr.

2262 2794 2280 2826 ι
2324 2771 2919 2844 Projeceruntmalelici
2943 2775 3249 2832 Pharaonis
3273 2777 3327 2830 in
3368 2785 3573 2831 terram
3599 2775 3786 2845 virgas

2185 2879 2333 2929 suos,
2363 2881 2485 2935 qua:
2525 2882 2696 2921 versa:
2733 2875 2861 2922 sunt
2915 2866 2970 2921 in
3009 2867 3332 2922 draconesz'
3361 2864 3456 2920 sed
3497 2864 3786 2920 devoravit

2182 2954 2331 3024 virga
2346 2955 2527 3011 Aaron
2550 2956 2728 3027 virgas
2740 2972 2930 3012 eorum
2953 2956 2972 3028 (
2994 2954 3170 3011 Exod.
3194 2955 3324 3026 vn).
3357 2976 3377 3008 ι
3402 2953 3563 3026 Virga
3581 2955 3788 3025 quippe

2181 3044 2363 3099 Aaron
2392 3046 2758 3102 maleficorum
2785 3047 3070 3113 absorbuit
3101 3047 3305 3118 virgas,
3337 3046 3467 3116 quia
3499 3045 3781 3115 sapientia

2181 3132 2413 3200 Christi,
2466 3150 2630 3206 quam
2685 3136 2775 3191 illa
2827 3136 3104 3207 signabat,
3151 3151 3341 3191 omnes
3369 3134 3529 3205 hujus
3594 3133 3783 3188 mundi

488 3227 869 3285 dimicantibus
892 3240 1066 3288 certe;
1088 3243 1145 3289 ει
1165 3249 1285 3290 cum
1316 3234 1647 3304 pauentibus
1672 3234 1923 3290 similuer
1949 3251 2073 3307 sup.
2101 3217 2146 3279 Ο
2178 3228 2472 3296 sapientius
2486 3216 2787 3285 annullavit
2803 3230 3098 3298 mundique
3120 3229 3394 3300 sapientes
3408 3228 3489 3281 sui
3508 3225 3781 3296 ροτροῐίεο

485 3318 647 3391 plicia
681 3321 892 3377 toleret.

1095 3416 1324 3472 CAPUT
1362 3416 1451 3472 IV.

982 3505 1048 3561 In
1071 3508 1250 3561 eodeni
1277 3525 1536 3562 sermone.

568 3614 587 3646 ι
618 3596 790 3662 Mitte,
826 3598 1001 3667 inquit
1032 3599 1312 3660 Dominus.
1345 3601 1643 3655 ntanumin
1696 3601 1872 3656 sinum
1903 3611 2072 3656 tuum.

487 3687 613 3753 Qui,
643 3703 766 3741 cum
790 3689 1029 3743 misisset
1050 3690 1102 3743 in
1129 3689 1331 3756 sinum,
1360 3690 1582 3761 protulit
1610 3690 1880 3761 leprosum
1905 3691 2076 3746 instar

482 3778 645 3832 nivis.
676 3777 941 3845 Retrahe,
968 3779 1066 3844 ait,
1098 3795 1319 3835 manum
1351 3782 1403 3835 in
1432 3781 1809 3847 sinumtnum;
1846 3783 2077 3837 retraxit

480 3876 534 3922 et
560 3866 784 3937 protulit
809 3868 1024 3934 iterum,
1042 3879 1097 3925 et
1113 3870 1436 3926 eratsimilis
1455 3871 1605 3926 carni
1622 3871 1842 3942 reliqua:
1863 3868 2071 3944 (Exod.

480 3960 592 4029 tv).
625 3980 645 4012 ι
681 3959 821 4028 Quid
851 3962 953 4017 hoc
981 3962 1101 4018 loco
1120 3978 1217 4033 per
1257 3979 1475 4019 manum
1512 3962 1682 4035 Moysi
1727 3966 2068 4037 designatur,

478 4051 582 4106 nisi
601 4050 774 4107 Filius
814 4052 947 4106 Dei?
984 4052 1137 4110 Unde
1166 4054 1367 4110 dicitur
1394 4056 1448 4111 in
1474 4054 1712 4125 psalmo:
1753 4075 1773 4109 ι
1808 4057 1931 4113 Fiat
1957 4073 2065 4113 ma.

479 4154 583 4197 nus
614 4148 729 4206 tua,
763 4149 823 4195 ut
841 4141 1015 4197 salvet
1039 4156 1127 4197 me
1146 4141 1164 4213 (
1184 4142 1329 4198 Psal.
1353 4146 1584 4214 cum);
1625 4164 1646 4198 ι
1676 4161 1741 4201 ac
1767 4146 1812 4200 si
1840 4146 2065 4202 diceret:

476 4228 600 4283 Fiat
623 4230 732 4296 ille,
755 4245 855 4300 per
884 4233 1040 4304 103
1068 4248 1233 4303 quem
1253 4234 1396 4289 facta
1421 4245 1548 4291 sunt
1570 4237 1775 4302 omnia,
1807 4246 1885 4303 ut,
1937 4238 2065 4292 dum

479 4318 571 4375 ille
590 4329 831 4387 creatur,
858 4332 1112 4377 creatura
1137 4341 1167 4379 a
1191 4334 1373 4381 reatus
1396 4326 1478 4381 sui
1500 4328 1754 4394 contagio
1782 4327 2064 4383 liberetur.

483 4410 609 4469 llaec
632 4427 824 4467 manus
848 4413 902 4467 in
928 4413 1050 4468 sinu
1081 4413 1260 4470 Patris
1286 4425 1390 4480 est,
1424 4417 1565 4471 sicut
1590 4415 1830 4473 Joannes
1878 4417 2063 4488 Bapti-

474 4512 563 4557 sta
599 4504 758 4559 dieit:
802 4524 819 4554 ι
856 4505 1045 4570 Filius,
1070 4507 1161 4575 qui
1186 4518 1267 4562 est
1293 4509 1348 4562 in
1385 4509 1503 4563 sinu
1535 4508 1734 4575 Patris,
1763 4511 1877 4580 ipse
1904 4526 2063 4566 enar-

2180 3318 2322 3388 quod
2377 3328 2461 3374 est
2504 3319 2769 3385 Ecclesia,
2816 3318 3118 3375 visceribus
3162 3316 3426 3373 counivit.
3475 3315 3780 3370 Terrenam

2183 3411 2366 3480 itaque
2391 3412 2717 3481 sapientiam
2746 3420 2991 3467 nostram
3036 3410 3306 3482 sapientia
3337 3406 3642 3479 spiritualis
3670 3406 3777 3460 ab-

2178 3503 2397 3559 sorbeat
2423 3518 2653 3574 eamque
2682 3503 2829 3559 velut
2877 3503 2933 3557 in
2966 3501 3051 3557 sui
3101 3500 3346 3571 corporis
3386 3513 3585 3553 arcana
3639 3510 3775 3550 con-

2178 3602 2373 3647 vertat.
2397 3593 2705 3649 Absurdum
2737 3608 2972 3662 namque
2997 3601 3081 3646 est
3124 3601 3180 3647 et
3228 3590 3365 3646 satis
3422 3588 3774 3643 inhonestum

2176 3691 2238 3737 ut
2285 3682 2472 3738 eadem
2516 3682 2803 3752 prudentia
2843 3682 3149 3751 eademque
3175 3679 3449 3735 subtilitas
3479 3676 3642 3732 rebus
3672 3675 3775 3728 ad-

2176 3774 2429 3829 hibeatnr
2475 3774 2727 3830 humanis
2753 3789 2874 3844 qua:
2924 3773 3300 3844 spiritualibus
3340 3770 3672 3841 impenditur
3715 3780 3773 3824 et

2173 3866 2404 3930 divinis.

2182 4022 2186 4027 ,
2671 3957 2828 4031 101.
2863 3956 3092 4014 CAPUT
3135 3954 3255 4011 vn-

2173 4070 2251 4126 De
2276 4073 2451 4125 decem
2474 4070 2646 4143 plagis
2676 4070 2917 4143 zEgypti,
2966 4069 3020 4123 in
3048 4066 3269 4139 epistola
3324 4066 3400 4120 ad
3439 4062 3765 4134 discipulum

2808 4141 3092 4195 Joannem.

2240 4233 2417 4305 Plagae
2481 4242 2663 4289 autem
2718 4232 2875 4299 factae
2928 4231 2980 4285 in
3020 4230 3277 4301 Egypto,
3320 4228 3446 4299 quia
3506 4228 3763 4282 humanae

2168 4326 2365 4380 anima:
2405 4325 2456 4380 in
2499 4310 2698 4380 mundo
2752 4322 3070 4394 inﬂiguntur
3116 4321 3363 4375 vulnera.
3419 4318 3574 4375 Unde
3622 4325 3760 4387 quot

2167 4418 2334 4487 plagae
2369 4415 2586 4471 fuerant
2626 4423 2705 4470 tot
2734 4421 3004 4484 praecepta
3041 4422 3169 4468 sunt
3216 4410 3476 4465 divinitus
3517 4407 3761 4479 promul-

2165 4520 2291 4581 gata
2318 4516 2397 4573 ut,
2424 4516 2551 4577 quot
2584 4517 2712 4563 sunt
2773 4506 2999 4560 vulnera
3048 4503 3232 4559 cordis
3261 4501 3472 4572 :egroli,
3535 4498 3761 4558 totidem

481 4592 625 4646 ravit
654 4590 850 4665 (Ioan.
881 4593 955 4664 ι).
993 4613 1011 4646 ι
1045 4593 1151 4650 Sed
1184 4611 1375 4652 manus
1398 4598 1514 4654 haec
1539 4613 1663 4653 cum
1689 4600 1754 4654 de
1782 4578 1903 4654 sinu
1933 4616 2060 4671 pro-
2093 4578 2140 4637 Ῑ)
2166 4578 2276 4654 sint
2305 4598 2842 4670 medicamentaquze
2866 4596 2942 4650 illi
2971 4595 3186 4649 valeant
3213 4592 3485 4649 adhiberi.

474 4685 586 4739 lata
620 4693 725 4752 est,
756 4685 857 4740 hoc
879 4695 980 4751 est,
1011 4701 1133 4740 cum
1163 4702 1262 4756 per
1317 4689 1634 4759 mysterium
1665 4689 2063 4747 incarnationis

472 4777 746 4847 apparuit,
770 4786 1109 4846 peccatorem
1138 4793 1263 4833 eum
1289 4789 1345 4834 et
1369 4789 1625 4852 tanquam
1669 4782 1891 4838 sceleris
1916 4783 2061 4854 lepra

471 4867 751 4934 perfusum
793 4868 861 4932 is,
895 4869 1036 4923 unde
1069 4880 1429 4941 processerat,
1474 4872 1704 4942 populus
1749 4876 2060 4929 aestimavit.

473 4956 628 5015 Unde
676 4960 809 5016 dicit
856 4960 1055 5016 Isaias:
1085 4980 1105 5013 ι
1159 4961 1226 5017 Ει
1264 4977 1363 5019 nos
1413 4964 1724 5033 putavimus
1753 4980 1877 5019 eum
1908 4967 2061 5034 quasi

467 5048 764 5119 leprosum,
794 5061 850 5109 ot
876 5068 1192 5122 percussum
1215 5070 1245 5108 a
1277 5055 1411 5121 Deo,
1437 5065 1492 5110 et
1518 5055 1879 5114 humilitatum
1911 5056 2053 5127 (Ian.

464 5159 562 5198 Lm
580 5143 620 5212 ).
661 5163 682 5197 ι
710 5143 817 5199 Sed
847 5161 1039 5201 manus
1063 5147 1179 5204 haec
1211 5163 1335 5203 cum
1358 5148 1414 5203 in
1437 5148 1616 5203 sinum
1635 5148 1815 5211 rediit,
1849 5148 2056 5219 leprarn

465 5250 695 5304 prorsus
723 5237 935 5299 amisit,
988 5238 1118 5308 quia
1154 5239 1485 5311 Redemptor
1532 5250 1739 5308 noster,
1769 5252 2055 5311 postquam

463 5324 534 5377 ad
550 5323 790 5391 Patrem,
816 5327 1027 5385 calcato
1048 5332 1242 5386 mortis
1265 5332 1511 5402 imperio,
1530 5332 1709 5398 rediit,
1731 5332 1845 5402 jam
1868 5335 1924 5389 in
1950 5336 2056 5391 line

462 5415 650 5472 smeuli
672 5431 777 5471 non
817 5430 1069 5488 peccator
1091 5424 1274 5489 homo,
1305 5425 1401 5480 sed
1446 5440 1576 5481 vere
1602 5426 1745 5481 Deus
1782 5435 1839 5482 et
1891 5428 2055 5484 homo

465 5504 666 5565 Judzeis
688 5508 940 5566 omnibus
970 5514 1272 5582 apparebit.

566 5606 571 5625 ³
1115 5604 1344 5664 CAPUT
1385 5610 1452 5665 V.

741 5690 809 5747 In
834 5692 1050 5763 epistola
1074 5696 1144 5749 ad
1175 5699 1451 5753 canonicos
1484 5696 1770 5755 Fauens“.

544 5799 569 5851 ς
597 5796 842 5858 Cumque
884 5794 1031 5843 esset
1067 5786 1120 5843 in
1173 5787 1364 5843 itinere
1410 5790 1463 5844 in
1492 5789 1792 5850 diversorio
1824 5790 2053 5863 Moyses,

2234 4693 2350 4761 Age
2375 4688 2775 4761 igitur;_prima
2806 4686 2963 4757 plaga
3001 4695 3087 4741 est
3123 4701 3246 4740 cum
3278 4699 3433 4754 aquae
3470 4691 3761 4737 vertuntur

2167 4783 2219 4837 in
2246 4782 2564 4851 sanguinem
2614 4780 2824 4853 (Exod.
2848 4779 2982 4851 vn).
3006 4778 3178 4857 Porro
3225 4787 3408 4833 autem
3435 4776 3552 4831 ista:
3583 4774 3758 4844 plaga‘

2168 4888 2274 4928 non
2297 4873 2433 4927 liunt
2464 4872 2568 4928 nisi
2594 4872 2647 4926 in
2673 4870 3019 4945 EgyptOLid
3037 4878 3138 4934 est,
3173 4869 3228 4924 in
3255 4869 3421 4924 corde
3467 4865 3759 4921 tenebroso

2168 4973 2223 5019 et
2244 4964 2475 5036 caligine
2495 4964 2761 5020 caecitatis
2782 4978 3063 5035 oppresso.
3100 4962 3198 5018 Cui
3229 4961 3438 5018 scilicet
3460 4975 3615 5029 aquas
3627 4974 3761 5014 con-

2170 5067 2455 5114 vertuntur
2482 5058 2537 5111 in
2570 5056 2913 5129 sanguinem,
2946 5072 3070 5112 cum
3103 5070 3247 5113 caeca
3280 5070 3455 5118 mens,
3489 5062 3756 5123 quantum

2167 5150 2233 5204 ad
2262 5165 2340 5215 se,
2389 5149 2672 5205 confundit
2723 5164 2788 5204 ac
2814 5147 2983 5204 violat
3032 5156 3196 5202 recta:
3243 5146 3367 5201 fidei
3417 5144 3752 5214 puritatem;

2165 5241 2305 5295 sicut
2331 5240 2472 5295 enim
2499 5256 2595 5311 per
2625 5254 2823 5309 aquam
2847 5253 3038 5296 omnes
3058 5237 3126 5293 de
3152 5232 3452 5311 visceribus
3475 5243 3634 5291 terrae
3664 5247 3755 5287 se—

2163 5341 2315 5401 getes
2338 5332 2624 5399 prodeunt,
2678 5329 2760 5385 sic
2804 5344 2873 5385 ex
2906 5328 3013 5387 lide
3051 5327 3359 5398 spiritualia
3401 5324 3758 5396 proferuntur

2166 5422 2421 5477 alimenta
2454 5423 2735 5477 virtutum.
2765 5420 2918 5476 Tunc
2979 5420 3141 5490 igitur
3177 5435 3315 5489 aqua
3347 5420 3399 5472 in
3431 5417 3752 5487 sanguinem

2170 5515 2419 5579 vertitur,
2442 5528 2565 5569 cum
2596 5513 2842 5568 excitate
2866 5511 3108 5582 perﬁdia:
3135 5527 3234 5566 eor
3261 5511 3522 5579 insipiens
3557 5508 3757 5563 obscu-

2168 5615 2342 5661 ratur.
2375 5606 2527 5662 Sicut
2553 5606 2621 5661 de
2673 5605 2999 5676 quibusdam
3051 5604 3181 5660 dicit
3210 5604 3527 5673 Apostolus:
3568 5621 3586 5653 ι
3617 5599 3756 5668 Quia

2169 5715 2291 5754 cum
2341 5699 2721 5771 cognovissent
2768 5698 3080 5763 Dominum,
3128 5713 3234 5752 non
3282 5696 3422 5752 sicut
3465 5695 3755 5749 Dominum

2170 5790 2629 5862 glorificaverunt,
2655 5801 2743 5846 aut
2772 5790 2977 5861 gratias
3004 5799 3249 5862 egerunt,
3290 5790 3382 5844 sed
3414 5794 3757 5867 evanuerunt
