  <div class='ocr_page' id='page_1' title='image "/cluster/home/n/w/nwhite01/storage/ocr_20150623/145/hvd.32044015471824/516.png"; bbox 0 0 4078 6336; ppageno 0'>
   <div class='ocr_carea' id='block_1_1' title="bbox 255 414 392 474">
    <p class='ocr_par' dir='ltr' id='par_1_1' title="bbox 255 414 392 474">
     <span class='ocr_line' id='line_1_1' title="bbox 255 414 392 474; baseline -0.036 0"><span class='ocrx_word' id='word_1_1' title='bbox 255 414 392 474; x_wconf 73' lang='grc'><strong>1017</strong></span> 
     </span>
    </p>
   </div>
   <div class='ocr_carea' id='block_1_2' title="bbox 1526 411 2140 468">
    <p class='ocr_par' dir='ltr' id='par_1_2' title="bbox 1526 411 2140 468">
     <span class='ocr_line' id='line_1_2' title="bbox 1526 411 2140 468; baseline 0.003 -2"><span class='ocrx_word' id='word_1_2' title='bbox 1526 411 1593 466; x_wconf 86' lang='lat' dir='ltr'><strong>IN</strong></span> <span class='ocrx_word' id='word_1_3' title='bbox 1632 411 1890 467; x_wconf 73' lang='lat' dir='ltr'><strong>LIBRUM</strong></span> <span class='ocrx_word' id='word_1_4' title='bbox 1925 413 2140 468; x_wconf 73' lang='lat' dir='ltr'><strong>EXODI.</strong></span> 
     </span>
    </p>
   </div>
   <div class='ocr_carea' id='block_1_3' title="bbox 3389 381 3523 472">
    <p class='ocr_par' dir='ltr' id='par_1_3' title="bbox 3389 381 3523 472">
     <span class='ocr_line' id='line_1_3' title="bbox 3389 381 3523 472; baseline 0.015 -2"><span class='ocrx_word' id='word_1_5' title='bbox 3389 381 3523 472; x_wconf 69' lang='lat' dir='ltr'><strong>tots</strong></span> 
     </span>
    </p>
   </div>
   <div class='ocr_carea' id='block_1_4' title="bbox 256 527 3524 604">
    <p class='ocr_par' dir='ltr' id='par_1_4' title="bbox 256 527 3524 604">
     <span class='ocr_line' id='line_1_4' title="bbox 256 527 3524 604; baseline 0.001 -18"><span class='ocrx_word' id='word_1_6' title='bbox 256 531 313 586; x_wconf 89' lang='lat' dir='ltr'><strong>in</strong></span> <span class='ocrx_word' id='word_1_7' title='bbox 343 527 768 600; x_wconf 74' lang='lat' dir='ltr'><strong>cogitationibus</strong></span> <span class='ocrx_word' id='word_1_8' title='bbox 798 528 941 596; x_wconf 87' lang='lat' dir='ltr'><strong>suis;</strong></span> <span class='ocrx_word' id='word_1_9' title='bbox 974 537 1027 585; x_wconf 89' lang='lat' dir='ltr'><strong>et</strong></span> <span class='ocrx_word' id='word_1_10' title='bbox 1085 532 1428 585; x_wconf 74' lang='lat' dir='ltr'><strong>obscuratum</strong></span> <span class='ocrx_word' id='word_1_11' title='bbox 1460 541 1544 586; x_wconf 91' lang='lat' dir='ltr'><strong>est</strong></span> <span class='ocrx_word' id='word_1_12' title='bbox 1572 533 1832 602; x_wconf 90' lang='lat' dir='ltr'><strong>insipiens</strong></span> <span class='ocrx_word' id='word_1_13' title='bbox 1860 535 1907 594; x_wconf 79' lang='grc' dir='ltr'><strong>Α</strong></span> <span class='ocrx_word' id='word_1_14' title='bbox 1935 536 2061 603; x_wconf 76' lang='lat' dir='ltr'><strong>quia</strong></span> <span class='ocrx_word' id='word_1_15' title='bbox 2092 535 2135 588; x_wconf 90' lang='lat' dir='ltr'><strong>si</strong></span> <span class='ocrx_word' id='word_1_16' title='bbox 2175 534 2409 604; x_wconf 85' lang='lat' dir='ltr'><strong>Spiritus</strong></span> <span class='ocrx_word' id='word_1_17' title='bbox 2436 542 2653 590; x_wconf 80' lang='lat' dir='ltr'><strong>sanctus</strong></span> <span class='ocrx_word' id='word_1_18' title='bbox 2685 535 2975 604; x_wconf 88' lang='lat' dir='ltr'><strong>requiescit</strong></span> <span class='ocrx_word' id='word_1_19' title='bbox 3009 537 3383 589; x_wconf 73' lang='lat' dir='ltr'><strong>tantummodo</strong></span> <span class='ocrx_word' id='word_1_20' title='bbox 3429 551 3524 590; x_wconf 87' lang='lat' dir='ltr'><strong>sn-</strong></span> 
     </span>
    </p>
   </div>
   <div class='ocr_carea' id='block_1_5' title="bbox 256 619 1834 692">
    <p class='ocr_par' dir='ltr' id='par_1_5' title="bbox 256 619 1834 692">
     <span class='ocr_line' id='line_1_5' title="bbox 256 619 1834 692; baseline 0.001 -16"><span class='ocrx_word' id='word_1_21' title='bbox 256 637 355 676; x_wconf 89' lang='lat' dir='ltr'><strong>cor</strong></span> <span class='ocrx_word' id='word_1_22' title='bbox 391 635 579 674; x_wconf 90' lang='lat' dir='ltr'><strong>eorum</strong></span> <span class='ocrx_word' id='word_1_23' title='bbox 613 619 799 690; x_wconf 84' lang='lat' dir='ltr'><strong>(Rom.</strong></span> <span class='ocrx_word' id='word_1_24' title='bbox 839 625 913 689; x_wconf 90' lang='grc' dir='ltr'><strong>ι).</strong></span> <span class='ocrx_word' id='word_1_25' title='bbox 951 641 969 673; x_wconf 73' lang='grc' dir='ltr'><strong>ι</strong></span> <span class='ocrx_word' id='word_1_26' title='bbox 1017 621 1113 677; x_wconf 88' lang='lat' dir='ltr'><strong>Cui</strong></span> <span class='ocrx_word' id='word_1_27' title='bbox 1139 622 1326 692; x_wconf 75' lang='lat' dir='ltr'><strong>prima:</strong></span> <span class='ocrx_word' id='word_1_28' title='bbox 1349 623 1537 692; x_wconf 71' lang='lat' dir='ltr'><strong>plagae,</strong></span> <span class='ocrx_word' id='word_1_29' title='bbox 1586 625 1689 679; x_wconf 87' lang='lat' dir='ltr'><strong>hoc</strong></span> <span class='ocrx_word' id='word_1_30' title='bbox 1735 635 1834 686; x_wconf 84' lang='lat' dir='ltr'><strong>est,</strong></span> 
     </span>
    </p>
   </div>
   <div class='ocr_carea' id='block_1_6' title="bbox 257 711 1842 783">
    <p class='ocr_par' dir='ltr' id='par_1_6' title="bbox 257 711 1842 783">
     <span class='ocr_line' id='line_1_6' title="bbox 257 711 1842 783; baseline 0.002 -19"><span class='ocrx_word' id='word_1_31' title='bbox 257 711 710 780; x_wconf 81' lang='lat' dir='ltr'><strong>pestilentissimo</strong></span> <span class='ocrx_word' id='word_1_32' title='bbox 745 711 979 776; x_wconf 85' lang='lat' dir='ltr'><strong>vulneri,</strong></span> <span class='ocrx_word' id='word_1_33' title='bbox 1003 728 1126 766; x_wconf 86' lang='lat' dir='ltr'><strong>mox</strong></span> <span class='ocrx_word' id='word_1_34' title='bbox 1153 713 1439 766; x_wconf 82' lang='lat' dir='ltr'><strong>adhibetur</strong></span> <span class='ocrx_word' id='word_1_35' title='bbox 1486 715 1644 783; x_wconf 86' lang='lat' dir='ltr'><strong>primi</strong></span> <span class='ocrx_word' id='word_1_36' title='bbox 1677 714 1842 767; x_wconf 87' lang='lat' dir='ltr'><strong>medi-</strong></span> 
     </span>
    </p>
   </div>
   <div class='ocr_carea' id='block_1_7' title="bbox 260 802 1842 872">
    <p class='ocr_par' dir='ltr' id='par_1_7' title="bbox 260 802 1842 872">
     <span class='ocr_line' id='line_1_7' title="bbox 260 802 1842 872; baseline 0.002 -16"><span class='ocrx_word' id='word_1_37' title='bbox 260 802 686 872; x_wconf 67' lang='lat' dir='ltr'><strong>einapriecepti:</strong></span> <span class='ocrx_word' id='word_1_38' title='bbox 722 821 740 853; x_wconf 80' lang='grc' dir='ltr'><strong>ι</strong></span> <span class='ocrx_word' id='word_1_39' title='bbox 774 802 936 868; x_wconf 83' lang='lat' dir='ltr'><strong>Audi,</strong></span> <span class='ocrx_word' id='word_1_40' title='bbox 984 804 1166 870; x_wconf 88' lang='lat' dir='ltr'><strong>Israel,</strong></span> <span class='ocrx_word' id='word_1_41' title='bbox 1223 804 1483 859; x_wconf 88' lang='lat' dir='ltr'><strong>Dominus</strong></span> <span class='ocrx_word' id='word_1_42' title='bbox 1527 806 1669 859; x_wconf 88' lang='lat' dir='ltr'><strong>Deus</strong></span> <span class='ocrx_word' id='word_1_43' title='bbox 1720 815 1842 859; x_wconf 80' lang='lat' dir='ltr'><strong>tuus</strong></span> 
     </span>
    </p>
   </div>
   <div class='ocr_carea' id='block_1_8' title="bbox 259 893 1843 965">
    <p class='ocr_par' dir='ltr' id='par_1_8' title="bbox 259 893 1843 965">
     <span class='ocr_line' id='line_1_8' title="bbox 259 893 1843 965; baseline 0.002 -17"><span class='ocrx_word' id='word_1_44' title='bbox 259 894 404 948; x_wconf 90' lang='lat' dir='ltr'><strong>Deus</strong></span> <span class='ocrx_word' id='word_1_45' title='bbox 430 909 567 948; x_wconf 93' lang='lat' dir='ltr'><strong>unus</strong></span> <span class='ocrx_word' id='word_1_46' title='bbox 595 902 680 948; x_wconf 86' lang='lat' dir='ltr'><strong>est</strong></span> <span class='ocrx_word' id='word_1_47' title='bbox 706 893 897 965; x_wconf 88' lang='lat' dir='ltr'><strong>(Deut.</strong></span> <span class='ocrx_word' id='word_1_48' title='bbox 923 910 976 948; x_wconf 80' lang='lat' dir='ltr'><strong>vr</strong></span> <span class='ocrx_word' id='word_1_49' title='bbox 994 895 1033 965; x_wconf 93' lang='lat'><strong>).</strong></span> <span class='ocrx_word' id='word_1_50' title='bbox 1055 915 1073 946; x_wconf 72' lang='grc' dir='ltr'><strong>ι</strong></span> <span class='ocrx_word' id='word_1_51' title='bbox 1106 895 1217 950; x_wconf 87' lang='lat' dir='ltr'><strong>Hoc</strong></span> <span class='ocrx_word' id='word_1_52' title='bbox 1238 907 1322 951; x_wconf 84' lang='lat' dir='ltr'><strong>est</strong></span> <span class='ocrx_word' id='word_1_53' title='bbox 1347 898 1491 952; x_wconf 92' lang='lat' dir='ltr'><strong>enim</strong></span> <span class='ocrx_word' id='word_1_54' title='bbox 1522 899 1843 952; x_wconf 89' lang='lat' dir='ltr'><strong>medieinale</strong></span> 
     </span>
    </p>
   </div>
   <div class='ocr_carea' id='block_1_9' title="bbox 258 984 1844 1059">
    <p class='ocr_par' dir='ltr' id='par_1_9' title="bbox 258 984 1844 1059">
     <span class='ocr_line' id='line_1_9' title="bbox 258 984 1844 1059; baseline 0.002 -20"><span class='ocrx_word' id='word_1_55' title='bbox 258 985 558 1049; x_wconf 84' lang='lat' dir='ltr'><strong>vinculum,</strong></span> <span class='ocrx_word' id='word_1_56' title='bbox 591 1000 699 1054; x_wconf 87' lang='lat' dir='ltr'><strong>quo</strong></span> <span class='ocrx_word' id='word_1_57' title='bbox 743 984 981 1055; x_wconf 69' lang='lat' dir='ltr'><strong>perﬁdia:</strong></span> <span class='ocrx_word' id='word_1_58' title='bbox 1022 986 1216 1042; x_wconf 81' lang='lat' dir='ltr'><strong>vulnus</strong></span> <span class='ocrx_word' id='word_1_59' title='bbox 1252 987 1448 1042; x_wconf 88' lang='lat' dir='ltr'><strong>debeat</strong></span> <span class='ocrx_word' id='word_1_60' title='bbox 1508 989 1738 1059; x_wconf 86' lang='lat' dir='ltr'><strong>alligari,</strong></span> <span class='ocrx_word' id='word_1_61' title='bbox 1783 999 1844 1043; x_wconf 91' lang='lat' dir='ltr'><strong>ut</strong></span> 
     </span>
    </p>
   </div>
   <div class='ocr_carea' id='block_1_10' title="bbox 260 1074 1842 1134">
    <p class='ocr_par' dir='ltr' id='par_1_10' title="bbox 260 1074 1842 1134">
     <span class='ocr_line' id='line_1_10' title="bbox 260 1074 1842 1134; baseline 0.003 -6"><span class='ocrx_word' id='word_1_62' title='bbox 260 1074 365 1129; x_wconf 87' lang='lat' dir='ltr'><strong>hoc</strong></span> <span class='ocrx_word' id='word_1_63' title='bbox 389 1075 614 1128; x_wconf 89' lang='lat' dir='ltr'><strong>audiens</strong></span> <span class='ocrx_word' id='word_1_64' title='bbox 645 1090 810 1128; x_wconf 92' lang='lat' dir='ltr'><strong>unum</strong></span> <span class='ocrx_word' id='word_1_65' title='bbox 857 1075 1199 1131; x_wconf 86' lang='lat' dir='ltr'><strong>solummodo</strong></span> <span class='ocrx_word' id='word_1_66' title='bbox 1253 1077 1422 1132; x_wconf 91' lang='lat' dir='ltr'><strong>Deum</strong></span> <span class='ocrx_word' id='word_1_67' title='bbox 1480 1077 1626 1134; x_wconf 89' lang='lat' dir='ltr'><strong>colas</strong></span> <span class='ocrx_word' id='word_1_68' title='bbox 1687 1087 1742 1133; x_wconf 92' lang='lat' dir='ltr'><strong>et</strong></span> <span class='ocrx_word' id='word_1_69' title='bbox 1789 1078 1842 1132; x_wconf 87' lang='lat' dir='ltr'><strong>in</strong></span> 
     </span>
    </p>
   </div>
   <div class='ocr_carea' id='block_1_11' title="bbox 257 1167 1841 1243">
    <p class='ocr_par' dir='ltr' id='par_1_11' title="bbox 257 1167 1841 1243">
     <span class='ocr_line' id='line_1_11' title="bbox 257 1167 1841 1243; baseline 0.004 -22"><span class='ocrx_word' id='word_1_70' title='bbox 257 1168 442 1238; x_wconf 89' lang='lat' dir='ltr'><strong>plures</strong></span> <span class='ocrx_word' id='word_1_71' title='bbox 475 1167 618 1223; x_wconf 85' lang='lat' dir='ltr'><strong>Deos</strong></span> <span class='ocrx_word' id='word_1_72' title='bbox 658 1172 1044 1225; x_wconf 90' lang='lat' dir='ltr'><strong>marcescentis</strong></span> <span class='ocrx_word' id='word_1_73' title='bbox 1073 1172 1313 1240; x_wconf 60' lang='lat' dir='ltr'><strong>perﬁdia:</strong></span> <span class='ocrx_word' id='word_1_74' title='bbox 1353 1175 1694 1243; x_wconf 86' lang='lat' dir='ltr'><strong>putredinem</strong></span> <span class='ocrx_word' id='word_1_75' title='bbox 1734 1189 1841 1229; x_wconf 91' lang='lat' dir='ltr'><strong>non</strong></span> 
     </span>
    </p>
   </div>
   <div class='ocr_carea' id='block_1_12' title="bbox 259 1257 1842 1330">
    <p class='ocr_par' dir='ltr' id='par_1_12' title="bbox 259 1257 1842 1330">
     <span class='ocr_line' id='line_1_12' title="bbox 259 1257 1842 1330; baseline 0.005 -18"><span class='ocrx_word' id='word_1_76' title='bbox 259 1257 527 1313; x_wconf 74' lang='lat' dir='ltr'><strong>ell‘undas.</strong></span> <span class='ocrx_word' id='word_1_77' title='bbox 562 1259 628 1312; x_wconf 88' lang='lat' dir='ltr'><strong>Et</strong></span> <span class='ocrx_word' id='word_1_78' title='bbox 649 1259 796 1328; x_wconf 84' lang='lat' dir='ltr'><strong>justo</strong></span> <span class='ocrx_word' id='word_1_79' title='bbox 821 1260 1162 1328; x_wconf 88' lang='lat' dir='ltr'><strong>Deijudicio,</strong></span> <span class='ocrx_word' id='word_1_80' title='bbox 1189 1262 1343 1330; x_wconf 90' lang='lat' dir='ltr'><strong>juxta</strong></span> <span class='ocrx_word' id='word_1_81' title='bbox 1376 1265 1610 1320; x_wconf 83' lang='lat' dir='ltr'><strong>litteram</strong></span> <span class='ocrx_word' id='word_1_82' title='bbox 1637 1265 1842 1320; x_wconf 81' lang='lat' dir='ltr'><strong>factum</strong></span> 
     </span>
    </p>
   </div>
   <div class='ocr_carea' id='block_1_13' title="bbox 261 1351 1842 1428">
    <p class='ocr_par' dir='ltr' id='par_1_13' title="bbox 261 1351 1842 1428">
     <span class='ocr_line' id='line_1_13' title="bbox 261 1351 1842 1428; baseline 0.003 -22"><span class='ocrx_word' id='word_1_83' title='bbox 261 1359 345 1406; x_wconf 90' lang='lat' dir='ltr'><strong>est</strong></span> <span class='ocrx_word' id='word_1_84' title='bbox 377 1361 434 1405; x_wconf 85' lang='lat' dir='ltr'><strong>ut</strong></span> <span class='ocrx_word' id='word_1_85' title='bbox 462 1351 606 1406; x_wconf 91' lang='lat' dir='ltr'><strong>illius</strong></span> <span class='ocrx_word' id='word_1_86' title='bbox 661 1352 804 1406; x_wconf 84' lang='lat' dir='ltr'><strong>ﬂuvii</strong></span> <span class='ocrx_word' id='word_1_87' title='bbox 835 1355 1097 1424; x_wconf 84' lang='lat' dir='ltr'><strong>sanguine</strong></span> <span class='ocrx_word' id='word_1_88' title='bbox 1129 1364 1444 1424; x_wconf 83' lang='lat' dir='ltr'><strong>putarentur</strong></span> <span class='ocrx_word' id='word_1_89' title='bbox 1491 1356 1750 1428; x_wconf 64' lang='lat' dir='ltr'><strong>Egyptii,</strong></span> <span class='ocrx_word' id='word_1_90' title='bbox 1788 1357 1842 1410; x_wconf 89' lang='lat' dir='ltr'><strong>in</strong></span> 
     </span>
    </p>
   </div>
   <div class='ocr_carea' id='block_1_14' title="bbox 263 1441 1442 1510">
    <p class='ocr_par' dir='ltr' id='par_1_14' title="bbox 263 1441 1442 1510">
     <span class='ocr_line' id='line_1_14' title="bbox 263 1441 1442 1510; baseline 0.006 -18"><span class='ocrx_word' id='word_1_91' title='bbox 263 1456 372 1510; x_wconf 90' lang='lat' dir='ltr'><strong>quo</strong></span> <span class='ocrx_word' id='word_1_92' title='bbox 398 1441 649 1510; x_wconf 81' lang='lat' dir='ltr'><strong>primitus</strong></span> <span class='ocrx_word' id='word_1_93' title='bbox 670 1442 823 1510; x_wconf 85' lang='lat' dir='ltr'><strong>pueri</strong></span> <span class='ocrx_word' id='word_1_94' title='bbox 850 1444 1189 1499; x_wconf 88' lang='lat' dir='ltr'><strong>necabantur</strong></span> <span class='ocrx_word' id='word_1_95' title='bbox 1211 1443 1442 1501; x_wconf 63' lang='lat' dir='ltr'><strong>Hebrai.</strong></span> 
     </span>
    </p>
   </div>
   <div class='ocr_carea' id='block_1_15' title="bbox 337 1531 1844 1603">
    <p class='ocr_par' dir='ltr' id='par_1_15' title="bbox 337 1531 1844 1603">
     <span class='ocr_line' id='line_1_15' title="bbox 337 1531 1844 1603; baseline 0.004 -18"><span class='ocrx_word' id='word_1_96' title='bbox 337 1531 585 1585; x_wconf 82' lang='lat' dir='ltr'><strong>Secunda</strong></span> <span class='ocrx_word' id='word_1_97' title='bbox 636 1547 766 1586; x_wconf 91' lang='lat' dir='ltr'><strong>vero</strong></span> <span class='ocrx_word' id='word_1_98' title='bbox 828 1533 1006 1603; x_wconf 82' lang='lat' dir='ltr'><strong>plaga,</strong></span> <span class='ocrx_word' id='word_1_99' title='bbox 1071 1548 1326 1588; x_wconf 90' lang='lat' dir='ltr'><strong>ranarum</strong></span> <span class='ocrx_word' id='word_1_100' title='bbox 1395 1544 1476 1591; x_wconf 89' lang='lat' dir='ltr'><strong>est</strong></span> <span class='ocrx_word' id='word_1_101' title='bbox 1517 1536 1844 1592; x_wconf 86' lang='lat' dir='ltr'><strong>abundantia</strong></span> 
     </span>
    </p>
   </div>
   <div class='ocr_carea' id='block_1_16' title="bbox 266 1617 1844 1689">
    <p class='ocr_par' dir='ltr' id='par_1_16' title="bbox 266 1617 1844 1689">
     <span class='ocr_line' id='line_1_16' title="bbox 266 1617 1844 1689; baseline 0.004 -18"><span class='ocrx_word' id='word_1_102' title='bbox 266 1617 475 1688; x_wconf 72' lang='lat' dir='ltr'><strong>(Exod.</strong></span> <span class='ocrx_word' id='word_1_103' title='bbox 513 1635 606 1673; x_wconf 82' lang='lat' dir='ltr'><strong>\&#39;lll</strong></span> <span class='ocrx_word' id='word_1_104' title='bbox 627 1621 667 1689; x_wconf 95' lang='lat'><strong>).</strong></span> <span class='ocrx_word' id='word_1_105' title='bbox 700 1620 850 1674; x_wconf 80' lang='lat' dir='ltr'><strong>Rana</strong></span> <span class='ocrx_word' id='word_1_106' title='bbox 881 1621 1178 1676; x_wconf 91' lang='lat' dir='ltr'><strong>clamosum</strong></span> <span class='ocrx_word' id='word_1_107' title='bbox 1203 1631 1286 1677; x_wconf 89' lang='lat' dir='ltr'><strong>est</strong></span> <span class='ocrx_word' id='word_1_108' title='bbox 1319 1624 1540 1689; x_wconf 90' lang='lat' dir='ltr'><strong>animal,</strong></span> <span class='ocrx_word' id='word_1_109' title='bbox 1571 1634 1625 1678; x_wconf 90' lang='lat' dir='ltr'><strong>et</strong></span> <span class='ocrx_word' id='word_1_110' title='bbox 1666 1625 1720 1678; x_wconf 90' lang='lat' dir='ltr'><strong>in</strong></span> <span class='ocrx_word' id='word_1_111' title='bbox 1778 1624 1844 1678; x_wconf 88' lang='lat' dir='ltr'><strong>li-</strong></span> 
     </span>
    </p>
   </div>
   <div class='ocr_carea' id='block_1_17' title="bbox 263 1709 1845 1785">
    <p class='ocr_par' dir='ltr' id='par_1_17' title="bbox 263 1709 1845 1785">
     <span class='ocr_line' id='line_1_17' title="bbox 263 1709 1845 1785; baseline 0.004 -22"><span class='ocrx_word' id='word_1_112' title='bbox 263 1709 433 1764; x_wconf 90' lang='lat' dir='ltr'><strong>mosis</strong></span> <span class='ocrx_word' id='word_1_113' title='bbox 463 1709 792 1764; x_wconf 79' lang='lat' dir='ltr'><strong>vociferatur</strong></span> <span class='ocrx_word' id='word_1_114' title='bbox 817 1726 881 1766; x_wconf 83' lang='lat' dir='ltr'><strong>ex</strong></span> <span class='ocrx_word' id='word_1_115' title='bbox 906 1727 1057 1767; x_wconf 91' lang='lat' dir='ltr'><strong>more</strong></span> <span class='ocrx_word' id='word_1_116' title='bbox 1079 1713 1390 1782; x_wconf 84' lang='lat' dir='ltr'><strong>paludibus;</strong></span> <span class='ocrx_word' id='word_1_117' title='bbox 1420 1717 1507 1769; x_wconf 91' lang='lat' dir='ltr'><strong>cui</strong></span> <span class='ocrx_word' id='word_1_118' title='bbox 1535 1714 1740 1769; x_wconf 79' lang='lat' dir='ltr'><strong>similes</strong></span> <span class='ocrx_word' id='word_1_119' title='bbox 1758 1715 1845 1785; x_wconf 91' lang='lat' dir='ltr'><strong>ju-</strong></span> 
     </span>
    </p>
   </div>
   <div class='ocr_carea' id='block_1_18' title="bbox 265 1800 1846 1877">
    <p class='ocr_par' dir='ltr' id='par_1_18' title="bbox 265 1800 1846 1877">
     <span class='ocr_line' id='line_1_18' title="bbox 265 1800 1846 1877; baseline 0.004 -24"><span class='ocrx_word' id='word_1_120' title='bbox 265 1800 519 1854; x_wconf 88' lang='lat' dir='ltr'><strong>dicantur</strong></span> <span class='ocrx_word' id='word_1_121' title='bbox 561 1801 800 1855; x_wconf 65' lang='lat' dir='ltr'><strong>haeretici</strong></span> <span class='ocrx_word' id='word_1_122' title='bbox 850 1817 914 1857; x_wconf 89' lang='lat' dir='ltr'><strong>ac</strong></span> <span class='ocrx_word' id='word_1_123' title='bbox 967 1803 1297 1874; x_wconf 87' lang='lat' dir='ltr'><strong>philosophi,</strong></span> <span class='ocrx_word' id='word_1_124' title='bbox 1356 1806 1445 1874; x_wconf 90' lang='lat' dir='ltr'><strong>qui</strong></span> <span class='ocrx_word' id='word_1_125' title='bbox 1491 1807 1636 1860; x_wconf 88' lang='lat' dir='ltr'><strong>velut</strong></span> <span class='ocrx_word' id='word_1_126' title='bbox 1685 1822 1846 1877; x_wconf 87' lang='lat' dir='ltr'><strong>super</strong></span> 
     </span>
    </p>
   </div>
   <div class='ocr_carea' id='block_1_19' title="bbox 1943 628 3523 698">
    <p class='ocr_par' dir='ltr' id='par_1_19' title="bbox 1943 628 3523 698">
     <span class='ocr_line' id='line_1_19' title="bbox 1943 628 3523 698; baseline -0.001 -16"><span class='ocrx_word' id='word_1_127' title='bbox 1943 645 2039 698; x_wconf 84' lang='lat' dir='ltr'><strong>per</strong></span> <span class='ocrx_word' id='word_1_128' title='bbox 2085 628 2209 697; x_wconf 90' lang='lat' dir='ltr'><strong>quic</strong></span> <span class='ocrx_word' id='word_1_129' title='bbox 2237 644 2324 681; x_wconf 88' lang='lat' dir='ltr'><strong>um</strong></span> <span class='ocrx_word' id='word_1_130' title='bbox 2351 669 2365 692; x_wconf 92' lang='lat'><strong>,</strong></span> <span class='ocrx_word' id='word_1_131' title='bbox 2417 643 2545 697; x_wconf 86' lang='lat' dir='ltr'><strong>ergo</strong></span> <span class='ocrx_word' id='word_1_132' title='bbox 2587 629 2788 683; x_wconf 84' lang='lat' dir='ltr'><strong>deserit</strong></span> <span class='ocrx_word' id='word_1_133' title='bbox 2839 629 3156 697; x_wconf 88' lang='lat' dir='ltr'><strong>inquietum.</strong></span> <span class='ocrx_word' id='word_1_134' title='bbox 3211 629 3523 692; x_wconf 83' lang='lat' dir='ltr'><strong>Enimvero,</strong></span> 
     </span>
    </p>
   </div>
   <div class='ocr_carea' id='block_1_20' title="bbox 1943 719 3526 787">
    <p class='ocr_par' dir='ltr' id='par_1_20' title="bbox 1943 719 3526 787">
     <span class='ocr_line' id='line_1_20' title="bbox 1943 719 3526 787; baseline 0.001 -15"><span class='ocrx_word' id='word_1_135' title='bbox 1943 719 2082 773; x_wconf 87' lang='lat' dir='ltr'><strong>sicut</strong></span> <span class='ocrx_word' id='word_1_136' title='bbox 2103 719 2396 772; x_wconf 89' lang='lat' dir='ltr'><strong>secundum</strong></span> <span class='ocrx_word' id='word_1_137' title='bbox 2418 729 2744 787; x_wconf 68' lang='lat' dir='ltr'><strong>prmceptum</strong></span> <span class='ocrx_word' id='word_1_138' title='bbox 2770 721 3000 774; x_wconf 78' lang='lat' dir='ltr'><strong>refertur</strong></span> <span class='ocrx_word' id='word_1_139' title='bbox 3012 721 3076 772; x_wconf 89' lang='lat' dir='ltr'><strong>ad</strong></span> <span class='ocrx_word' id='word_1_140' title='bbox 3094 720 3312 782; x_wconf 89' lang='lat' dir='ltr'><strong>Filium,</strong></span> <span class='ocrx_word' id='word_1_141' title='bbox 3337 720 3407 773; x_wconf 91' lang='lat' dir='ltr'><strong>ita</strong></span> <span class='ocrx_word' id='word_1_142' title='bbox 3423 720 3526 774; x_wconf 92' lang='lat' dir='ltr'><strong>hoc</strong></span> 
     </span>
    </p>
   </div>
   <div class='ocr_carea' id='block_1_21' title="bbox 1943 809 3522 879">
    <p class='ocr_par' dir='ltr' id='par_1_21' title="bbox 1943 809 3522 879">
     <span class='ocr_line' id='line_1_21' title="bbox 1943 809 3522 879; baseline -0.002 -14"><span class='ocrx_word' id='word_1_143' title='bbox 1943 811 2161 865; x_wconf 90' lang='lat' dir='ltr'><strong>tertium</strong></span> <span class='ocrx_word' id='word_1_144' title='bbox 2184 810 2417 878; x_wconf 84' lang='lat' dir='ltr'><strong>pertinet</strong></span> <span class='ocrx_word' id='word_1_145' title='bbox 2442 809 2508 863; x_wconf 92' lang='lat' dir='ltr'><strong>ad</strong></span> <span class='ocrx_word' id='word_1_146' title='bbox 2542 809 2801 879; x_wconf 81' lang='lat' dir='ltr'><strong>Spiritum</strong></span> <span class='ocrx_word' id='word_1_147' title='bbox 2828 820 3098 874; x_wconf 87' lang='lat' dir='ltr'><strong>sanctum,</strong></span> <span class='ocrx_word' id='word_1_148' title='bbox 3127 811 3216 879; x_wconf 88' lang='lat' dir='ltr'><strong>qui</strong></span> <span class='ocrx_word' id='word_1_149' title='bbox 3246 810 3522 864; x_wconf 90' lang='lat' dir='ltr'><strong>nihilomi-</strong></span> 
     </span>
    </p>
   </div>
   <div class='ocr_carea' id='block_1_22' title="bbox 1944 883 3530 969">
    <p class='ocr_par' dir='ltr' id='par_1_22' title="bbox 1944 883 3530 969">
     <span class='ocr_line' id='line_1_22' title="bbox 1944 883 3530 969; baseline 0.002 -18"><span class='ocrx_word' id='word_1_150' title='bbox 1944 915 2047 953; x_wconf 86' lang='lat' dir='ltr'><strong>nus</strong></span> <span class='ocrx_word' id='word_1_151' title='bbox 2076 901 2231 954; x_wconf 89' lang='lat' dir='ltr'><strong>tertia</strong></span> <span class='ocrx_word' id='word_1_152' title='bbox 2279 883 2441 954; x_wconf 83' lang='lat' dir='ltr'><strong>estin</strong></span> <span class='ocrx_word' id='word_1_153' title='bbox 2474 908 2657 952; x_wconf 89' lang='lat' dir='ltr'><strong>sancta</strong></span> <span class='ocrx_word' id='word_1_154' title='bbox 2691 899 2954 954; x_wconf 81' lang='lat' dir='ltr'><strong>Trinitate</strong></span> <span class='ocrx_word' id='word_1_155' title='bbox 3003 915 3252 969; x_wconf 90' lang='lat' dir='ltr'><strong>persona.</strong></span> <span class='ocrx_word' id='word_1_156' title='bbox 3298 899 3431 952; x_wconf 86' lang='lat' dir='ltr'><strong>Nam</strong></span> <span class='ocrx_word' id='word_1_157' title='bbox 3474 907 3530 954; x_wconf 88' lang='lat' dir='ltr'><strong>et</strong></span> 
     </span>
    </p>
   </div>
   <div class='ocr_carea' id='block_1_23' title="bbox 1944 988 3529 1059">
    <p class='ocr_par' dir='ltr' id='par_1_23' title="bbox 1944 988 3529 1059">
     <span class='ocr_line' id='line_1_23' title="bbox 1944 988 3529 1059; baseline 0.003 -17"><span class='ocrx_word' id='word_1_158' title='bbox 1944 988 2090 1042; x_wconf 88' lang='lat' dir='ltr'><strong>illam</strong></span> <span class='ocrx_word' id='word_1_159' title='bbox 2142 989 2353 1042; x_wconf 87' lang='lat' dir='ltr'><strong>tertiam</strong></span> <span class='ocrx_word' id='word_1_160' title='bbox 2402 989 2613 1058; x_wconf 74' lang='lat' dir='ltr'><strong>plagam</strong></span> <span class='ocrx_word' id='word_1_161' title='bbox 2663 988 2884 1059; x_wconf 90' lang='lat' dir='ltr'><strong>Spiritui</strong></span> <span class='ocrx_word' id='word_1_162' title='bbox 2930 1001 3116 1045; x_wconf 90' lang='lat' dir='ltr'><strong>sancto</strong></span> <span class='ocrx_word' id='word_1_163' title='bbox 3163 990 3529 1046; x_wconf 86' lang='lat' dir='ltr'><strong>incantatores</strong></span> 
     </span>
    </p>
   </div>
   <div class='ocr_carea' id='block_1_24' title="bbox 1945 1080 3527 1151">
    <p class='ocr_par' dir='ltr' id='par_1_24' title="bbox 1945 1080 3527 1151">
     <span class='ocr_line' id='line_1_24' title="bbox 1945 1080 3527 1151; baseline -0.001 -16"><span class='ocrx_word' id='word_1_164' title='bbox 1945 1080 2242 1142; x_wconf 90' lang='lat' dir='ltr'><strong>ascribunt,</strong></span> <span class='ocrx_word' id='word_1_165' title='bbox 2267 1095 2391 1134; x_wconf 89' lang='lat' dir='ltr'><strong>cum</strong></span> <span class='ocrx_word' id='word_1_166' title='bbox 2418 1089 2470 1134; x_wconf 90' lang='lat' dir='ltr'><strong>et</strong></span> <span class='ocrx_word' id='word_1_167' title='bbox 2494 1081 2594 1149; x_wconf 89' lang='lat' dir='ltr'><strong>ipsi</strong></span> <span class='ocrx_word' id='word_1_168' title='bbox 2621 1081 2864 1148; x_wconf 87' lang='lat' dir='ltr'><strong>ciniphes</strong></span> <span class='ocrx_word' id='word_1_169' title='bbox 2885 1081 3123 1134; x_wconf 85' lang='lat' dir='ltr'><strong>excitare</strong></span> <span class='ocrx_word' id='word_1_170' title='bbox 3148 1095 3252 1135; x_wconf 93' lang='lat' dir='ltr'><strong>non</strong></span> <span class='ocrx_word' id='word_1_171' title='bbox 3281 1089 3527 1151; x_wconf 90' lang='lat' dir='ltr'><strong>possunt,</strong></span> 
     </span>
    </p>
   </div>
   <div class='ocr_carea' id='block_1_25' title="bbox 1945 1169 3528 1240">
    <p class='ocr_par' dir='ltr' id='par_1_25' title="bbox 1945 1169 3528 1240">
     <span class='ocr_line' id='line_1_25' title="bbox 1945 1169 3528 1240; baseline 0.001 -16"><span class='ocrx_word' id='word_1_172' title='bbox 1945 1171 2184 1225; x_wconf 84' lang='lat' dir='ltr'><strong>dicentes</strong></span> <span class='ocrx_word' id='word_1_173' title='bbox 2211 1169 2275 1222; x_wconf 89' lang='lat' dir='ltr'><strong>ad</strong></span> <span class='ocrx_word' id='word_1_174' title='bbox 2300 1169 2634 1224; x_wconf 87' lang='lat' dir='ltr'><strong>Pharaonem</strong></span> <span class='ocrx_word' id='word_1_175' title='bbox 2661 1185 2674 1223; x_wconf 91' lang='lat'><strong>:</strong></span> <span class='ocrx_word' id='word_1_176' title='bbox 2712 1189 2729 1221; x_wconf 70' lang='grc' dir='ltr'><strong>ι</strong></span> <span class='ocrx_word' id='word_1_177' title='bbox 2759 1171 2965 1240; x_wconf 86' lang='lat' dir='ltr'><strong>Digitus</strong></span> <span class='ocrx_word' id='word_1_178' title='bbox 2986 1171 3078 1225; x_wconf 89' lang='lat' dir='ltr'><strong>Dei</strong></span> <span class='ocrx_word' id='word_1_179' title='bbox 3107 1181 3191 1225; x_wconf 89' lang='lat' dir='ltr'><strong>est</strong></span> <span class='ocrx_word' id='word_1_180' title='bbox 3219 1172 3308 1226; x_wconf 91' lang='lat' dir='ltr'><strong>hic</strong></span> <span class='ocrx_word' id='word_1_181' title='bbox 3327 1171 3528 1239; x_wconf 73' lang='lat' dir='ltr'><strong>(Exod.</strong></span> 
     </span>
    </p>
   </div>
   <div class='ocr_carea' id='block_1_26' title="bbox 1945 1261 3527 1333">
    <p class='ocr_par' dir='ltr' id='par_1_26' title="bbox 1945 1261 3527 1333">
     <span class='ocr_line' id='line_1_26' title="bbox 1945 1261 3527 1333; baseline 0.003 -19"><span class='ocrx_word' id='word_1_182' title='bbox 1945 1261 2105 1330; x_wconf 82' lang='lat' dir='ltr'><strong>vni).</strong></span> <span class='ocrx_word' id='word_1_183' title='bbox 2166 1279 2184 1311; x_wconf 73' lang='grc' dir='ltr'><strong>ι</strong></span> <span class='ocrx_word' id='word_1_184' title='bbox 2235 1261 2314 1315; x_wconf 86' lang='lat' dir='ltr'><strong>Ad</strong></span> <span class='ocrx_word' id='word_1_185' title='bbox 2363 1263 2647 1317; x_wconf 89' lang='lat' dir='ltr'><strong>colendum</strong></span> <span class='ocrx_word' id='word_1_186' title='bbox 2702 1265 2805 1318; x_wconf 90' lang='lat' dir='ltr'><strong>hoc</strong></span> <span class='ocrx_word' id='word_1_187' title='bbox 2864 1263 3148 1318; x_wconf 87' lang='lat' dir='ltr'><strong>sabbatum</strong></span> <span class='ocrx_word' id='word_1_188' title='bbox 3202 1264 3527 1333; x_wconf 87' lang='lat' dir='ltr'><strong>discipulum</strong></span> 
     </span>
    </p>
   </div>
   <div class='ocr_carea' id='block_1_27' title="bbox 1945 1352 3529 1423">
    <p class='ocr_par' dir='ltr' id='par_1_27' title="bbox 1945 1352 3529 1423">
     <span class='ocr_line' id='line_1_27' title="bbox 1945 1352 3529 1423; baseline 0.002 -18"><span class='ocrx_word' id='word_1_189' title='bbox 1945 1366 2101 1405; x_wconf 90' lang='lat' dir='ltr'><strong>suum</strong></span> <span class='ocrx_word' id='word_1_190' title='bbox 2129 1352 2455 1421; x_wconf 63' lang='lat' dir='ltr'><strong>provocabat</strong></span> <span class='ocrx_word' id='word_1_191' title='bbox 2481 1354 2786 1423; x_wconf 87' lang='lat' dir='ltr'><strong>Apostolus,</strong></span> <span class='ocrx_word' id='word_1_192' title='bbox 2813 1370 2936 1410; x_wconf 92' lang='lat' dir='ltr'><strong>cum</strong></span> <span class='ocrx_word' id='word_1_193' title='bbox 2963 1355 3175 1409; x_wconf 87' lang='lat' dir='ltr'><strong>dicebat</strong></span> <span class='ocrx_word' id='word_1_194' title='bbox 3200 1373 3212 1407; x_wconf 90' lang='lat'><strong>:</strong></span> <span class='ocrx_word' id='word_1_195' title='bbox 3246 1373 3264 1404; x_wconf 85' lang='grc'><strong><em>‹</em></strong></span> <span class='ocrx_word' id='word_1_196' title='bbox 3297 1354 3529 1408; x_wconf 81' lang='lat' dir='ltr'><strong>Attende</strong></span> 
     </span>
    </p>
   </div>
   <div class='ocr_carea' id='block_1_28' title="bbox 1945 1440 3531 1515">
    <p class='ocr_par' dir='ltr' id='par_1_28' title="bbox 1945 1440 3531 1515">
     <span class='ocr_line' id='line_1_28' title="bbox 1945 1440 3531 1515; baseline 0.003 -21"><span class='ocrx_word' id='word_1_197' title='bbox 1945 1440 2163 1496; x_wconf 90' lang='lat' dir='ltr'><strong>lectioni</strong></span> <span class='ocrx_word' id='word_1_198' title='bbox 2194 1451 2248 1496; x_wconf 89' lang='lat' dir='ltr'><strong>et</strong></span> <span class='ocrx_word' id='word_1_199' title='bbox 2277 1443 2535 1498; x_wconf 74' lang='lat' dir='ltr'><strong>doctrina:</strong></span> <span class='ocrx_word' id='word_1_200' title='bbox 2572 1444 2622 1510; x_wconf 91' lang='grc'><strong>(1</strong></span> <span class='ocrx_word' id='word_1_201' title='bbox 2656 1444 2790 1499; x_wconf 87' lang='lat' dir='ltr'><strong>Tim.</strong></span> <span class='ocrx_word' id='word_1_202' title='bbox 2822 1445 2882 1515; x_wconf 88' lang='grc' dir='ltr'><strong>ι).</strong></span> <span class='ocrx_word' id='word_1_203' title='bbox 2925 1465 2942 1496; x_wconf 82' lang='grc'><strong>)</strong></span> <span class='ocrx_word' id='word_1_204' title='bbox 2991 1445 3059 1498; x_wconf 84' lang='lat' dir='ltr'><strong>Et</strong></span> <span class='ocrx_word' id='word_1_205' title='bbox 3109 1444 3272 1500; x_wconf 86' lang='lat' dir='ltr'><strong>alibi:</strong></span> <span class='ocrx_word' id='word_1_206' title='bbox 3314 1463 3331 1496; x_wconf 74' lang='grc' dir='ltr'><strong>ι</strong></span> <span class='ocrx_word' id='word_1_207' title='bbox 3365 1445 3531 1500; x_wconf 88' lang='lat' dir='ltr'><strong>Orate</strong></span> 
     </span>
    </p>
   </div>
   <div class='ocr_carea' id='block_1_29' title="bbox 1948 1531 3532 1604">
    <p class='ocr_par' dir='ltr' id='par_1_29' title="bbox 1948 1531 3532 1604">
     <span class='ocr_line' id='line_1_29' title="bbox 1948 1531 3532 1604; baseline 0.001 -18"><span class='ocrx_word' id='word_1_208' title='bbox 1948 1531 2066 1586; x_wconf 90' lang='lat' dir='ltr'><strong>sine</strong></span> <span class='ocrx_word' id='word_1_209' title='bbox 2103 1531 2504 1586; x_wconf 84' lang='lat' dir='ltr'><strong>intermissione</strong></span> <span class='ocrx_word' id='word_1_210' title='bbox 2535 1533 2586 1603; x_wconf 93' lang='grc'><strong>(1</strong></span> <span class='ocrx_word' id='word_1_211' title='bbox 2630 1533 2808 1588; x_wconf 78' lang='lat' dir='ltr'><strong>Thess.</strong></span> <span class='ocrx_word' id='word_1_212' title='bbox 2841 1535 2917 1604; x_wconf 92' lang='lat' dir='ltr'><strong>v).</strong></span> <span class='ocrx_word' id='word_1_213' title='bbox 2957 1554 2976 1587; x_wconf 74' lang='grc' dir='ltr'><strong>ι</strong></span> <span class='ocrx_word' id='word_1_214' title='bbox 3025 1535 3108 1588; x_wconf 83' lang='lat' dir='ltr'><strong>Ad</strong></span> <span class='ocrx_word' id='word_1_215' title='bbox 3133 1535 3290 1604; x_wconf 88' lang='lat' dir='ltr'><strong>hujus</strong></span> <span class='ocrx_word' id='word_1_216' title='bbox 3324 1535 3532 1590; x_wconf 86' lang='lat' dir='ltr'><strong>sabbati</strong></span> 
     </span>
    </p>
   </div>
   <div class='ocr_carea' id='block_1_30' title="bbox 1948 1619 3532 1695">
    <p class='ocr_par' dir='ltr' id='par_1_30' title="bbox 1948 1619 3532 1695">
     <span class='ocr_line' id='line_1_30' title="bbox 1948 1619 3532 1695; baseline 0.002 -19"><span class='ocrx_word' id='word_1_217' title='bbox 1948 1619 2150 1676; x_wconf 91' lang='lat' dir='ltr'><strong>cultum</strong></span> <span class='ocrx_word' id='word_1_218' title='bbox 2205 1621 2464 1676; x_wconf 89' lang='lat' dir='ltr'><strong>Dominus</strong></span> <span class='ocrx_word' id='word_1_219' title='bbox 2521 1637 2619 1678; x_wconf 90' lang='lat' dir='ltr'><strong>nos</strong></span> <span class='ocrx_word' id='word_1_220' title='bbox 2683 1632 2945 1694; x_wconf 89' lang='lat' dir='ltr'><strong>provocat</strong></span> <span class='ocrx_word' id='word_1_221' title='bbox 3003 1640 3100 1695; x_wconf 87' lang='lat' dir='ltr'><strong>per</strong></span> <span class='ocrx_word' id='word_1_222' title='bbox 3161 1626 3477 1694; x_wconf 82' lang='lat' dir='ltr'><strong>prophetam</strong></span> <span class='ocrx_word' id='word_1_223' title='bbox 3516 1667 3532 1689; x_wconf 85' lang='lat'><strong>,</strong></span> 
     </span>
    </p>
   </div>
   <div class='ocr_carea' id='block_1_31' title="bbox 1949 1708 3535 1782">
    <p class='ocr_par' dir='ltr' id='par_1_31' title="bbox 1949 1708 3535 1782">
     <span class='ocr_line' id='line_1_31' title="bbox 1949 1708 3535 1782; baseline 0.004 -20"><span class='ocrx_word' id='word_1_224' title='bbox 1949 1725 2070 1763; x_wconf 89' lang='lat' dir='ltr'><strong>eum</strong></span> <span class='ocrx_word' id='word_1_225' title='bbox 2099 1708 2271 1763; x_wconf 91' lang='lat' dir='ltr'><strong>dicit:</strong></span> <span class='ocrx_word' id='word_1_226' title='bbox 2308 1727 2326 1760; x_wconf 76' lang='grc' dir='ltr'><strong>ι</strong></span> <span class='ocrx_word' id='word_1_227' title='bbox 2374 1708 2575 1766; x_wconf 83' lang='lat' dir='ltr'><strong>Vacate</strong></span> <span class='ocrx_word' id='word_1_228' title='bbox 2623 1721 2678 1766; x_wconf 89' lang='lat' dir='ltr'><strong>et</strong></span> <span class='ocrx_word' id='word_1_229' title='bbox 2723 1713 2922 1779; x_wconf 81' lang='lat' dir='ltr'><strong>videte,</strong></span> <span class='ocrx_word' id='word_1_230' title='bbox 2967 1713 3219 1781; x_wconf 88' lang='lat' dir='ltr'><strong>quoniam</strong></span> <span class='ocrx_word' id='word_1_231' title='bbox 3267 1729 3367 1782; x_wconf 82' lang='lat' dir='ltr'><strong>ego</strong></span> <span class='ocrx_word' id='word_1_232' title='bbox 3415 1729 3535 1768; x_wconf 88' lang='lat' dir='ltr'><strong>sum</strong></span> 
     </span>
    </p>
   </div>
   <div class='ocr_carea' id='block_1_32' title="bbox 1951 1799 3536 1874">
    <p class='ocr_par' dir='ltr' id='par_1_32' title="bbox 1951 1799 3536 1874">
     <span class='ocr_line' id='line_1_32' title="bbox 1951 1799 3536 1874; baseline 0.003 -19"><span class='ocrx_word' id='word_1_233' title='bbox 1951 1799 2210 1856; x_wconf 88' lang='lat' dir='ltr'><strong>Dominus</strong></span> <span class='ocrx_word' id='word_1_234' title='bbox 2235 1799 2406 1872; x_wconf 79' lang='lat' dir='ltr'><strong>(Psal.</strong></span> <span class='ocrx_word' id='word_1_235' title='bbox 2435 1802 2581 1872; x_wconf 74' lang='lat' dir='ltr'><strong>xu).</strong></span> <span class='ocrx_word' id='word_1_236' title='bbox 2619 1822 2635 1854; x_wconf 78' lang='grc' dir='ltr'><strong>ι</strong></span> <span class='ocrx_word' id='word_1_237' title='bbox 2683 1805 2762 1858; x_wconf 86' lang='lat' dir='ltr'><strong>Ac</strong></span> <span class='ocrx_word' id='word_1_238' title='bbox 2787 1805 2831 1858; x_wconf 91' lang='lat' dir='ltr'><strong>si</strong></span> <span class='ocrx_word' id='word_1_239' title='bbox 2882 1805 3024 1859; x_wconf 91' lang='lat' dir='ltr'><strong>dicat</strong></span> <span class='ocrx_word' id='word_1_240' title='bbox 3052 1823 3062 1856; x_wconf 92' lang='lat'><strong>:</strong></span> <span class='ocrx_word' id='word_1_241' title='bbox 3091 1803 3379 1874; x_wconf 89' lang='lat' dir='ltr'><strong>Spirituale</strong></span> <span class='ocrx_word' id='word_1_242' title='bbox 3409 1805 3536 1860; x_wconf 89' lang='lat' dir='ltr'><strong>sab-</strong></span> 
     </span>
    </p>
   </div>
   <div class='ocr_carea' id='block_1_33' title="bbox 259 1883 3529 1966">
    <p class='ocr_par' dir='ltr' id='par_1_33' title="bbox 259 1883 3529 1966">
     <span class='ocr_line' id='line_1_33' title="bbox 259 1883 3529 1966; baseline 0.002 -21"><span class='ocrx_word' id='word_1_243' title='bbox 259 1891 486 1962; x_wconf 89' lang='lat' dir='ltr'><strong>paludes</strong></span> <span class='ocrx_word' id='word_1_244' title='bbox 518 1893 757 1958; x_wconf 83' lang='lat' dir='ltr'><strong>limosas,</strong></span> <span class='ocrx_word' id='word_1_245' title='bbox 789 1894 889 1948; x_wconf 91' lang='lat' dir='ltr'><strong>hoc</strong></span> <span class='ocrx_word' id='word_1_246' title='bbox 913 1903 998 1948; x_wconf 91' lang='lat' dir='ltr'><strong>est</strong></span> <span class='ocrx_word' id='word_1_247' title='bbox 1045 1893 1187 1949; x_wconf 91' lang='lat' dir='ltr'><strong>inter</strong></span> <span class='ocrx_word' id='word_1_248' title='bbox 1216 1896 1403 1950; x_wconf 89' lang='lat' dir='ltr'><strong>turbas</strong></span> <span class='ocrx_word' id='word_1_249' title='bbox 1451 1895 1707 1965; x_wconf 84' lang='lat' dir='ltr'><strong>squalore</strong></span> <span class='ocrx_word' id='word_1_250' title='bbox 1731 1912 1849 1965; x_wconf 87' lang='lat' dir='ltr'><strong>per-</strong></span> <span class='ocrx_word' id='word_1_251' title='bbox 1881 1883 1922 1941; x_wconf 78' lang='grc' dir='ltr'><strong>Β</strong></span> <span class='ocrx_word' id='word_1_252' title='bbox 1952 1893 2137 1948; x_wconf 88' lang='lat' dir='ltr'><strong>batum</strong></span> <span class='ocrx_word' id='word_1_253' title='bbox 2189 1894 2370 1960; x_wconf 88' lang='lat' dir='ltr'><strong>colite,</strong></span> <span class='ocrx_word' id='word_1_254' title='bbox 2427 1896 2728 1965; x_wconf 85' lang='lat' dir='ltr'><strong>vagationis</strong></span> <span class='ocrx_word' id='word_1_255' title='bbox 2778 1896 3204 1966; x_wconf 82' lang='lat' dir='ltr'><strong>inquietudinem</strong></span> <span class='ocrx_word' id='word_1_256' title='bbox 3251 1897 3486 1951; x_wconf 85' lang='lat' dir='ltr'><strong>devitate</strong></span> <span class='ocrx_word' id='word_1_257' title='bbox 3515 1915 3529 1959; x_wconf 90' lang='lat'><strong>;</strong></span> 
     </span>
    </p>
   </div>
   <div class='ocr_carea' id='block_1_34' title="bbox 261 1982 1853 2048">
    <p class='ocr_par' dir='ltr' id='par_1_34' title="bbox 261 1982 1853 2048">
     <span class='ocr_line' id='line_1_34' title="bbox 261 1982 1853 2048; baseline 0.004 -13"><span class='ocrx_word' id='word_1_258' title='bbox 261 1982 402 2036; x_wconf 74' lang='lat' dir='ltr'><strong>ﬁdia:</strong></span> <span class='ocrx_word' id='word_1_259' title='bbox 425 1983 695 2048; x_wconf 88' lang='lat' dir='ltr'><strong>sordidas,</strong></span> <span class='ocrx_word' id='word_1_260' title='bbox 732 1984 884 2038; x_wconf 90' lang='lat' dir='ltr'><strong>vanis</strong></span> <span class='ocrx_word' id='word_1_261' title='bbox 914 1985 1461 2041; x_wconf 88' lang='lat' dir='ltr'><strong>adversusChristnm</strong></span> <span class='ocrx_word' id='word_1_262' title='bbox 1487 1988 1853 2044; x_wconf 83' lang='lat' dir='ltr'><strong>vociferantur</strong></span> 
     </span>
    </p>
   </div>
   <div class='ocr_carea' id='block_1_35' title="bbox 259 2070 1854 2144">
    <p class='ocr_par' dir='ltr' id='par_1_35' title="bbox 259 2070 1854 2144">
     <span class='ocr_line' id='line_1_35' title="bbox 259 2070 1854 2144; baseline 0.005 -20"><span class='ocrx_word' id='word_1_263' title='bbox 259 2070 549 2140; x_wconf 85' lang='lat' dir='ltr'><strong>obloquiis,</strong></span> <span class='ocrx_word' id='word_1_264' title='bbox 581 2081 656 2137; x_wconf 85' lang='lat' dir='ltr'><strong>et,</strong></span> <span class='ocrx_word' id='word_1_265' title='bbox 697 2072 824 2126; x_wconf 91' lang='lat' dir='ltr'><strong>dum</strong></span> <span class='ocrx_word' id='word_1_266' title='bbox 850 2089 945 2142; x_wconf 89' lang='lat' dir='ltr'><strong>per</strong></span> <span class='ocrx_word' id='word_1_267' title='bbox 967 2085 1282 2144; x_wconf 85' lang='lat' dir='ltr'><strong>argumenta</strong></span> <span class='ocrx_word' id='word_1_268' title='bbox 1329 2074 1554 2130; x_wconf 72' lang='lat' dir='ltr'><strong>fallacia:</strong></span> <span class='ocrx_word' id='word_1_269' title='bbox 1581 2092 1686 2130; x_wconf 89' lang='lat' dir='ltr'><strong>non</strong></span> <span class='ocrx_word' id='word_1_270' title='bbox 1719 2077 1854 2132; x_wconf 85' lang='lat' dir='ltr'><strong>desi-</strong></span> 
     </span>
    </p>
   </div>
   <div class='ocr_carea' id='block_1_36' title="bbox 259 2162 1850 2237">
    <p class='ocr_par' dir='ltr' id='par_1_36' title="bbox 259 2162 1850 2237">
     <span class='ocr_line' id='line_1_36' title="bbox 259 2162 1850 2237; baseline 0.004 -22"><span class='ocrx_word' id='word_1_271' title='bbox 259 2172 397 2216; x_wconf 88' lang='lat' dir='ltr'><strong>nunt</strong></span> <span class='ocrx_word' id='word_1_272' title='bbox 425 2162 748 2232; x_wconf 90' lang='lat' dir='ltr'><strong>importunis</strong></span> <span class='ocrx_word' id='word_1_273' title='bbox 771 2164 980 2234; x_wconf 82' lang='lat' dir='ltr'><strong>garrire</strong></span> <span class='ocrx_word' id='word_1_274' title='bbox 1028 2165 1374 2229; x_wconf 87' lang='lat' dir='ltr'><strong>clamoribus,</strong></span> <span class='ocrx_word' id='word_1_275' title='bbox 1424 2167 1583 2222; x_wconf 87' lang='lat' dir='ltr'><strong>inane</strong></span> <span class='ocrx_word' id='word_1_276' title='bbox 1632 2167 1850 2237; x_wconf 90' lang='lat' dir='ltr'><strong>quidem</strong></span> 
     </span>
    </p>
   </div>
   <div class='ocr_carea' id='block_1_37' title="bbox 260 2249 1847 2320">
    <p class='ocr_par' dir='ltr' id='par_1_37' title="bbox 260 2249 1847 2320">
     <span class='ocr_line' id='line_1_37' title="bbox 260 2249 1847 2320; baseline 0.004 -12"><span class='ocrx_word' id='word_1_277' title='bbox 260 2254 316 2309; x_wconf 87' lang='lat' dir='ltr'><strong>in</strong></span> <span class='ocrx_word' id='word_1_278' title='bbox 348 2255 572 2309; x_wconf 87' lang='lat' dir='ltr'><strong>auribus</strong></span> <span class='ocrx_word' id='word_1_279' title='bbox 621 2255 860 2320; x_wconf 70' lang='lat' dir='ltr'><strong>tazdium,</strong></span> <span class='ocrx_word' id='word_1_280' title='bbox 901 2257 994 2312; x_wconf 91' lang='lat' dir='ltr'><strong>sed</strong></span> <span class='ocrx_word' id='word_1_281' title='bbox 1038 2258 1244 2311; x_wconf 91' lang='lat' dir='ltr'><strong>nullum</strong></span> <span class='ocrx_word' id='word_1_282' title='bbox 1299 2259 1571 2313; x_wconf 86' lang='lat' dir='ltr'><strong>mentibus</strong></span> <span class='ocrx_word' id='word_1_283' title='bbox 1627 2249 1847 2314; x_wconf 75' lang='lat' dir='ltr'><strong>vivendi</strong></span> 
     </span>
    </p>
   </div>
   <div class='ocr_carea' id='block_1_38' title="bbox 264 2344 1849 2417">
    <p class='ocr_par' dir='ltr' id='par_1_38' title="bbox 264 2344 1849 2417">
     <span class='ocr_line' id='line_1_38' title="bbox 264 2344 1849 2417; baseline 0.003 -18"><span class='ocrx_word' id='word_1_284' title='bbox 264 2344 499 2399; x_wconf 71' lang='lat' dir='ltr'><strong>alterunt</strong></span> <span class='ocrx_word' id='word_1_285' title='bbox 543 2345 742 2399; x_wconf 90' lang='lat' dir='ltr'><strong>cibum.</strong></span> <span class='ocrx_word' id='word_1_286' title='bbox 769 2345 866 2399; x_wconf 89' lang='lat' dir='ltr'><strong>Cui</strong></span> <span class='ocrx_word' id='word_1_287' title='bbox 897 2346 1105 2410; x_wconf 86' lang='lat' dir='ltr'><strong>morbo,</strong></span> <span class='ocrx_word' id='word_1_288' title='bbox 1135 2349 1224 2417; x_wconf 83' lang='lat' dir='ltr'><strong>qui</strong></span> <span class='ocrx_word' id='word_1_289' title='bbox 1277 2348 1525 2404; x_wconf 89' lang='lat' dir='ltr'><strong>videlicet</strong></span> <span class='ocrx_word' id='word_1_290' title='bbox 1585 2350 1638 2404; x_wconf 93' lang='lat' dir='ltr'><strong>in</strong></span> <span class='ocrx_word' id='word_1_291' title='bbox 1669 2351 1849 2404; x_wconf 91' lang='lat' dir='ltr'><strong>anima</strong></span> 
     </span>
    </p>
   </div>
   <div class='ocr_carea' id='block_1_39' title="bbox 263 2432 1852 2509">
    <p class='ocr_par' dir='ltr' id='par_1_39' title="bbox 263 2432 1852 2509">
     <span class='ocr_line' id='line_1_39' title="bbox 263 2432 1852 2509; baseline 0.006 -23"><span class='ocrx_word' id='word_1_292' title='bbox 263 2432 537 2489; x_wconf 89' lang='lat' dir='ltr'><strong>letbaliter</strong></span> <span class='ocrx_word' id='word_1_293' title='bbox 563 2435 737 2499; x_wconf 70' lang='lat' dir='ltr'><strong>saevit,</strong></span> <span class='ocrx_word' id='word_1_294' title='bbox 763 2435 1059 2491; x_wconf 88' lang='lat' dir='ltr'><strong>secundum</strong></span> <span class='ocrx_word' id='word_1_295' title='bbox 1101 2447 1429 2508; x_wconf 60' lang='lat' dir='ltr'><strong>praeceptum</strong></span> <span class='ocrx_word' id='word_1_296' title='bbox 1455 2448 1711 2508; x_wconf 86' lang='lat' dir='ltr'><strong>tanquam</strong></span> <span class='ocrx_word' id='word_1_297' title='bbox 1757 2455 1852 2509; x_wconf 89' lang='lat' dir='ltr'><strong>po-</strong></span> 
     </span>
    </p>
   </div>
   <div class='ocr_carea' id='block_1_40' title="bbox 266 2525 1849 2601">
    <p class='ocr_par' dir='ltr' id='par_1_40' title="bbox 266 2525 1849 2601">
     <span class='ocr_line' id='line_1_40' title="bbox 266 2525 1849 2601; baseline 0.005 -23"><span class='ocrx_word' id='word_1_298' title='bbox 266 2526 442 2579; x_wconf 90' lang='lat' dir='ltr'><strong>culum</strong></span> <span class='ocrx_word' id='word_1_299' title='bbox 472 2525 659 2581; x_wconf 85' lang='lat' dir='ltr'><strong>salutis</strong></span> <span class='ocrx_word' id='word_1_300' title='bbox 683 2527 940 2582; x_wconf 91' lang='lat' dir='ltr'><strong>occurrit.</strong></span> <span class='ocrx_word' id='word_1_301' title='bbox 975 2527 1284 2583; x_wconf 88' lang='lat' dir='ltr'><strong>Secundum</strong></span> <span class='ocrx_word' id='word_1_302' title='bbox 1315 2541 1494 2585; x_wconf 89' lang='lat' dir='ltr'><strong>autem</strong></span> <span class='ocrx_word' id='word_1_303' title='bbox 1520 2541 1849 2601; x_wconf 68' lang='lat' dir='ltr'><strong>prmeeptum</strong></span> 
     </span>
    </p>
   </div>
   <div class='ocr_carea' id='block_1_41' title="bbox 265 2619 1851 2677">
    <p class='ocr_par' dir='ltr' id='par_1_41' title="bbox 265 2619 1851 2677">
     <span class='ocr_line' id='line_1_41' title="bbox 265 2619 1851 2677; baseline 0.003 -5"><span class='ocrx_word' id='word_1_304' title='bbox 265 2629 372 2672; x_wconf 90' lang='lat' dir='ltr'><strong>est:</strong></span> <span class='ocrx_word' id='word_1_305' title='bbox 414 2638 432 2670; x_wconf 80' lang='grc' dir='ltr'><strong>ι</strong></span> <span class='ocrx_word' id='word_1_306' title='bbox 466 2619 578 2673; x_wconf 76' lang='lat' dir='ltr'><strong>Non</strong></span> <span class='ocrx_word' id='word_1_307' title='bbox 627 2635 870 2676; x_wconf 87' lang='lat' dir='ltr'><strong>assumes</strong></span> <span class='ocrx_word' id='word_1_308' title='bbox 925 2636 1126 2676; x_wconf 90' lang='lat' dir='ltr'><strong>nomen</strong></span> <span class='ocrx_word' id='word_1_309' title='bbox 1183 2621 1397 2677; x_wconf 89' lang='lat' dir='ltr'><strong>Domini</strong></span> <span class='ocrx_word' id='word_1_310' title='bbox 1436 2623 1526 2676; x_wconf 90' lang='lat' dir='ltr'><strong>Dei</strong></span> <span class='ocrx_word' id='word_1_311' title='bbox 1565 2623 1640 2677; x_wconf 90' lang='lat' dir='ltr'><strong>tui</strong></span> <span class='ocrx_word' id='word_1_312' title='bbox 1673 2624 1725 2677; x_wconf 93' lang='lat' dir='ltr'><strong>in</strong></span> <span class='ocrx_word' id='word_1_313' title='bbox 1759 2638 1851 2677; x_wconf 89' lang='lat' dir='ltr'><strong>va-</strong></span> 
     </span>
    </p>
   </div>
   <div class='ocr_carea' id='block_1_42' title="bbox 267 2709 1851 2783">
    <p class='ocr_par' dir='ltr' id='par_1_42' title="bbox 267 2709 1851 2783">
     <span class='ocr_line' id='line_1_42' title="bbox 267 2709 1851 2783; baseline 0.004 -20"><span class='ocrx_word' id='word_1_314' title='bbox 267 2725 392 2765; x_wconf 90' lang='lat' dir='ltr'><strong>num</strong></span> <span class='ocrx_word' id='word_1_315' title='bbox 424 2709 630 2778; x_wconf 76' lang='lat' dir='ltr'><strong>(Exod.</strong></span> <span class='ocrx_word' id='word_1_316' title='bbox 662 2713 787 2782; x_wconf 81' lang='lat' dir='ltr'><strong>xx).</strong></span> <span class='ocrx_word' id='word_1_317' title='bbox 841 2732 861 2764; x_wconf 73' lang='grc' dir='ltr'><strong>ι</strong></span> <span class='ocrx_word' id='word_1_318' title='bbox 916 2713 973 2768; x_wconf 89' lang='lat' dir='ltr'><strong>In</strong></span> <span class='ocrx_word' id='word_1_319' title='bbox 1009 2729 1205 2768; x_wconf 90' lang='lat' dir='ltr'><strong>vanum</strong></span> <span class='ocrx_word' id='word_1_320' title='bbox 1263 2729 1497 2783; x_wconf 87' lang='lat' dir='ltr'><strong>namque</strong></span> <span class='ocrx_word' id='word_1_321' title='bbox 1521 2715 1722 2770; x_wconf 86' lang='lat' dir='ltr'><strong>Christi</strong></span> <span class='ocrx_word' id='word_1_322' title='bbox 1757 2731 1851 2770; x_wconf 92' lang='lat' dir='ltr'><strong>no-</strong></span> 
     </span>
    </p>
   </div>
   <div class='ocr_carea' id='block_1_43' title="bbox 266 2803 1845 2872">
    <p class='ocr_par' dir='ltr' id='par_1_43' title="bbox 266 2803 1845 2872">
     <span class='ocr_line' id='line_1_43' title="bbox 266 2803 1845 2872; baseline 0.002 -15"><span class='ocrx_word' id='word_1_323' title='bbox 266 2816 388 2857; x_wconf 88' lang='lat' dir='ltr'><strong>men</strong></span> <span class='ocrx_word' id='word_1_324' title='bbox 421 2803 647 2857; x_wconf 88' lang='lat' dir='ltr'><strong>assumit</strong></span> <span class='ocrx_word' id='word_1_325' title='bbox 689 2803 781 2872; x_wconf 90' lang='lat' dir='ltr'><strong>qui</strong></span> <span class='ocrx_word' id='word_1_326' title='bbox 807 2819 928 2858; x_wconf 89' lang='lat' dir='ltr'><strong>eum</strong></span> <span class='ocrx_word' id='word_1_327' title='bbox 951 2820 1054 2859; x_wconf 91' lang='lat' dir='ltr'><strong>non</strong></span> <span class='ocrx_word' id='word_1_328' title='bbox 1091 2805 1404 2860; x_wconf 86' lang='lat' dir='ltr'><strong>Creatorem</strong></span> <span class='ocrx_word' id='word_1_329' title='bbox 1431 2846 1445 2870; x_wconf 89' lang='lat'><strong>,</strong></span> <span class='ocrx_word' id='word_1_330' title='bbox 1483 2807 1576 2861; x_wconf 85' lang='lat' dir='ltr'><strong>sed</strong></span> <span class='ocrx_word' id='word_1_331' title='bbox 1609 2815 1845 2860; x_wconf 89' lang='lat' dir='ltr'><strong>tantum-</strong></span> 
     </span>
    </p>
   </div>
   <div class='ocr_carea' id='block_1_44' title="bbox 266 2893 1848 2951">
    <p class='ocr_par' dir='ltr' id='par_1_44' title="bbox 266 2893 1848 2951">
     <span class='ocr_line' id='line_1_44' title="bbox 266 2893 1848 2951; baseline 0.004 -7"><span class='ocrx_word' id='word_1_332' title='bbox 266 2893 428 2946; x_wconf 88' lang='lat' dir='ltr'><strong>modo</strong></span> <span class='ocrx_word' id='word_1_333' title='bbox 454 2904 760 2947; x_wconf 87' lang='lat' dir='ltr'><strong>creaturam</strong></span> <span class='ocrx_word' id='word_1_334' title='bbox 791 2894 996 2948; x_wconf 89' lang='lat' dir='ltr'><strong>crcdit:</strong></span> <span class='ocrx_word' id='word_1_335' title='bbox 1026 2912 1046 2946; x_wconf 72' lang='grc' dir='ltr'><strong>ι</strong></span> <span class='ocrx_word' id='word_1_336' title='bbox 1105 2895 1346 2949; x_wconf 80' lang='lat' dir='ltr'><strong>Vanitati</strong></span> <span class='ocrx_word' id='word_1_337' title='bbox 1403 2895 1548 2950; x_wconf 91' lang='lat' dir='ltr'><strong>enim</strong></span> <span class='ocrx_word' id='word_1_338' title='bbox 1597 2907 1848 2951; x_wconf 86' lang='lat' dir='ltr'><strong>creatura</strong></span> 
     </span>
    </p>
   </div>
   <div class='ocr_carea' id='block_1_45' title="bbox 267 2983 1852 3056">
    <p class='ocr_par' dir='ltr' id='par_1_45' title="bbox 267 2983 1852 3056">
     <span class='ocr_line' id='line_1_45' title="bbox 267 2983 1852 3056; baseline 0.003 -18"><span class='ocrx_word' id='word_1_339' title='bbox 267 2983 508 3052; x_wconf 86' lang='lat' dir='ltr'><strong>subjecta</strong></span> <span class='ocrx_word' id='word_1_340' title='bbox 535 2994 616 3039; x_wconf 89' lang='lat' dir='ltr'><strong>est</strong></span> <span class='ocrx_word' id='word_1_341' title='bbox 643 2983 834 3054; x_wconf 83' lang='lat' dir='ltr'><strong>(Rom.</strong></span> <span class='ocrx_word' id='word_1_342' title='bbox 871 2985 1022 3056; x_wconf 85' lang='lat' dir='ltr'><strong>vtu).</strong></span> <span class='ocrx_word' id='word_1_343' title='bbox 1065 3003 1086 3039; x_wconf 75' lang='grc' dir='ltr'><strong>ι</strong></span> <span class='ocrx_word' id='word_1_344' title='bbox 1123 2985 1190 3039; x_wconf 90' lang='grc' dir='ltr'>Ει</span> <span class='ocrx_word' id='word_1_345' title='bbox 1239 2985 1360 3040; x_wconf 87' lang='lat' dir='ltr'><strong>ideo</strong></span> <span class='ocrx_word' id='word_1_346' title='bbox 1417 2985 1554 3040; x_wconf 88' lang='lat' dir='ltr'><strong>tales</strong></span> <span class='ocrx_word' id='word_1_347' title='bbox 1604 2987 1852 3042; x_wconf 89' lang='lat' dir='ltr'><strong>homines</strong></span> 
     </span>
    </p>
   </div>
   <div class='ocr_carea' id='block_1_46' title="bbox 266 3074 1850 3145">
    <p class='ocr_par' dir='ltr' id='par_1_46' title="bbox 266 3074 1850 3145">
     <span class='ocr_line' id='line_1_46' title="bbox 266 3074 1850 3145; baseline 0.002 -17"><span class='ocrx_word' id='word_1_348' title='bbox 266 3085 392 3128; x_wconf 90' lang='lat' dir='ltr'><strong>sunt</strong></span> <span class='ocrx_word' id='word_1_349' title='bbox 420 3074 606 3142; x_wconf 87' lang='lat' dir='ltr'><strong>procul</strong></span> <span class='ocrx_word' id='word_1_350' title='bbox 632 3075 794 3130; x_wconf 90' lang='lat' dir='ltr'><strong>dubio</strong></span> <span class='ocrx_word' id='word_1_351' title='bbox 816 3076 955 3139; x_wconf 91' lang='lat' dir='ltr'><strong>vani,</strong></span> <span class='ocrx_word' id='word_1_352' title='bbox 981 3077 1108 3145; x_wconf 88' lang='lat' dir='ltr'><strong>quia</strong></span> <span class='ocrx_word' id='word_1_353' title='bbox 1144 3076 1426 3130; x_wconf 85' lang='lat' dir='ltr'><strong>veritatem</strong></span> <span class='ocrx_word' id='word_1_354' title='bbox 1470 3076 1566 3131; x_wconf 92' lang='lat' dir='ltr'><strong>Dei</strong></span> <span class='ocrx_word' id='word_1_355' title='bbox 1605 3091 1850 3131; x_wconf 90' lang='lat' dir='ltr'><strong>commu-</strong></span> 
     </span>
    </p>
   </div>
   <div class='ocr_carea' id='block_1_47' title="bbox 268 3168 1668 3232">
    <p class='ocr_par' dir='ltr' id='par_1_47' title="bbox 268 3168 1668 3232">
     <span class='ocr_line' id='line_1_47' title="bbox 268 3168 1668 3232; baseline 0.002 -13"><span class='ocrx_word' id='word_1_356' title='bbox 268 3178 445 3222; x_wconf 91' lang='lat' dir='ltr'><strong>tantes</strong></span> <span class='ocrx_word' id='word_1_357' title='bbox 468 3169 520 3221; x_wconf 92' lang='lat' dir='ltr'><strong>in</strong></span> <span class='ocrx_word' id='word_1_358' title='bbox 547 3168 908 3232; x_wconf 89' lang='lat' dir='ltr'><strong>mendacium,</strong></span> <span class='ocrx_word' id='word_1_359' title='bbox 944 3168 1099 3223; x_wconf 85' lang='lat' dir='ltr'><strong>tidem</strong></span> <span class='ocrx_word' id='word_1_360' title='bbox 1131 3170 1387 3224; x_wconf 87' lang='lat' dir='ltr'><strong>adhibent</strong></span> <span class='ocrx_word' id='word_1_361' title='bbox 1423 3169 1668 3223; x_wconf 89' lang='lat' dir='ltr'><strong>vanitati.</strong></span> 
     </span>
    </p>
   </div>
   <div class='ocr_carea' id='block_1_48' title="bbox 1957 1984 3540 2056">
    <p class='ocr_par' dir='ltr' id='par_1_48' title="bbox 1957 1984 3540 2056">
     <span class='ocr_line' id='line_1_48' title="bbox 1957 1984 3540 2056; baseline 0 -17"><span class='ocrx_word' id='word_1_362' title='bbox 1957 1994 2014 2039; x_wconf 91' lang='lat' dir='ltr'><strong>ut</strong></span> <span class='ocrx_word' id='word_1_363' title='bbox 2039 1999 2136 2053; x_wconf 90' lang='lat' dir='ltr'><strong>per</strong></span> <span class='ocrx_word' id='word_1_364' title='bbox 2163 1984 2400 2053; x_wconf 88' lang='lat' dir='ltr'><strong>Spiritus</strong></span> <span class='ocrx_word' id='word_1_365' title='bbox 2444 1987 2613 2041; x_wconf 90' lang='lat' dir='ltr'><strong>sancti</strong></span> <span class='ocrx_word' id='word_1_366' title='bbox 2656 1987 2885 2056; x_wconf 79' lang='lat' dir='ltr'><strong>gratiam</strong></span> <span class='ocrx_word' id='word_1_367' title='bbox 2934 1988 3087 2048; x_wconf 81' lang='lat' dir='ltr'><strong>ﬁxos,</strong></span> <span class='ocrx_word' id='word_1_368' title='bbox 3121 2001 3224 2040; x_wconf 91' lang='lat' dir='ltr'><strong>non</strong></span> <span class='ocrx_word' id='word_1_369' title='bbox 3256 2003 3348 2039; x_wconf 86' lang='lat' dir='ltr'><strong>vos</strong></span> <span class='ocrx_word' id='word_1_370' title='bbox 3400 1987 3540 2041; x_wconf 89' lang='lat' dir='ltr'><strong>cini-</strong></span> 
     </span>
    </p>
   </div>
   <div class='ocr_carea' id='block_1_49' title="bbox 1954 2075 3534 2146">
    <p class='ocr_par' dir='ltr' id='par_1_49' title="bbox 1954 2075 3534 2146">
     <span class='ocr_line' id='line_1_49' title="bbox 1954 2075 3534 2146; baseline 0.001 -17"><span class='ocrx_word' id='word_1_371' title='bbox 1954 2076 2088 2145; x_wconf 83' lang='lat' dir='ltr'><strong>phes</strong></span> <span class='ocrx_word' id='word_1_372' title='bbox 2117 2075 2433 2145; x_wconf 91' lang='lat' dir='ltr'><strong>inquietent,</strong></span> <span class='ocrx_word' id='word_1_373' title='bbox 2464 2078 2556 2130; x_wconf 89' lang='lat' dir='ltr'><strong>sed</strong></span> <span class='ocrx_word' id='word_1_374' title='bbox 2592 2076 2857 2146; x_wconf 87' lang='lat' dir='ltr'><strong>spirituali</strong></span> <span class='ocrx_word' id='word_1_375' title='bbox 2891 2077 3098 2131; x_wconf 88' lang='lat' dir='ltr'><strong>sabbati</strong></span> <span class='ocrx_word' id='word_1_376' title='bbox 3149 2075 3358 2130; x_wconf 90' lang='lat' dir='ltr'><strong>cultura</strong></span> <span class='ocrx_word' id='word_1_377' title='bbox 3404 2093 3534 2130; x_wconf 89' lang='lat' dir='ltr'><strong>san-</strong></span> 
     </span>
    </p>
   </div>
   <div class='ocr_carea' id='block_1_50' title="bbox 1953 2163 3537 2236">
    <p class='ocr_par' dir='ltr' id='par_1_50' title="bbox 1953 2163 3537 2236">
     <span class='ocr_line' id='line_1_50' title="bbox 1953 2163 3537 2236; baseline 0 -16"><span class='ocrx_word' id='word_1_378' title='bbox 1953 2165 2170 2220; x_wconf 82' lang='lat' dir='ltr'><strong>etilicet.</strong></span> <span class='ocrx_word' id='word_1_379' title='bbox 2204 2163 2504 2220; x_wconf 86' lang='lat' dir='ltr'><strong>Notandum</strong></span> <span class='ocrx_word' id='word_1_380' title='bbox 2544 2175 2802 2236; x_wconf 65' lang='lat' dir='ltr'><strong>praeterea</strong></span> <span class='ocrx_word' id='word_1_381' title='bbox 2833 2168 3087 2236; x_wconf 89' lang='lat' dir='ltr'><strong>quoniam</strong></span> <span class='ocrx_word' id='word_1_382' title='bbox 3125 2168 3223 2220; x_wconf 86' lang='lat' dir='ltr'><strong>tria</strong></span> <span class='ocrx_word' id='word_1_383' title='bbox 3272 2167 3537 2220; x_wconf 82' lang='lat' dir='ltr'><strong>duntaxat</strong></span> 
     </span>
    </p>
   </div>
   <div class='ocr_carea' id='block_1_51' title="bbox 1955 2257 3534 2328">
    <p class='ocr_par' dir='ltr' id='par_1_51' title="bbox 1955 2257 3534 2328">
     <span class='ocr_line' id='line_1_51' title="bbox 1955 2257 3534 2328; baseline 0 -18"><span class='ocrx_word' id='word_1_384' title='bbox 1955 2258 2056 2310; x_wconf 87' lang='lat' dir='ltr'><strong>ista</strong></span> <span class='ocrx_word' id='word_1_385' title='bbox 2080 2267 2344 2328; x_wconf 71' lang='lat' dir='ltr'><strong>prmcepta</strong></span> <span class='ocrx_word' id='word_1_386' title='bbox 2368 2258 2419 2311; x_wconf 91' lang='lat' dir='ltr'><strong>in</strong></span> <span class='ocrx_word' id='word_1_387' title='bbox 2444 2274 2548 2312; x_wconf 88' lang='lat' dir='ltr'><strong>una</strong></span> <span class='ocrx_word' id='word_1_388' title='bbox 2577 2258 2842 2327; x_wconf 88' lang='lat' dir='ltr'><strong>descripta</strong></span> <span class='ocrx_word' id='word_1_389' title='bbox 2872 2268 2997 2312; x_wconf 91' lang='lat' dir='ltr'><strong>sunt</strong></span> <span class='ocrx_word' id='word_1_390' title='bbox 3028 2257 3206 2312; x_wconf 87' lang='lat' dir='ltr'><strong>tabula</strong></span> <span class='ocrx_word' id='word_1_391' title='bbox 3234 2276 3247 2322; x_wconf 91' lang='lat'><strong>;</strong></span> <span class='ocrx_word' id='word_1_392' title='bbox 3280 2258 3380 2311; x_wconf 86' lang='lat' dir='ltr'><strong>alia</strong></span> <span class='ocrx_word' id='word_1_393' title='bbox 3410 2274 3534 2310; x_wconf 88' lang='lat' dir='ltr'><strong>vero</strong></span> 
     </span>
    </p>
   </div>
   <div class='ocr_carea' id='block_1_52' title="bbox 1954 2349 3538 2418">
    <p class='ocr_par' dir='ltr' id='par_1_52' title="bbox 1954 2349 3538 2418">
     <span class='ocr_line' id='line_1_52' title="bbox 1954 2349 3538 2418; baseline 0 -16"><span class='ocrx_word' id='word_1_394' title='bbox 1954 2358 2158 2418; x_wconf 88' lang='lat' dir='ltr'><strong>septem</strong></span> <span class='ocrx_word' id='word_1_395' title='bbox 2209 2349 2627 2403; x_wconf 87' lang='lat' dir='ltr'><strong>continebantur</strong></span> <span class='ocrx_word' id='word_1_396' title='bbox 2676 2350 2726 2403; x_wconf 89' lang='lat' dir='ltr'><strong>in</strong></span> <span class='ocrx_word' id='word_1_397' title='bbox 2764 2349 2953 2404; x_wconf 90' lang='lat' dir='ltr'><strong>altera.</strong></span> <span class='ocrx_word' id='word_1_398' title='bbox 3005 2349 3110 2404; x_wconf 88' lang='lat' dir='ltr'><strong>lsta</strong></span> <span class='ocrx_word' id='word_1_399' title='bbox 3159 2350 3421 2418; x_wconf 87' lang='lat' dir='ltr'><strong>siquidem</strong></span> <span class='ocrx_word' id='word_1_400' title='bbox 3471 2349 3538 2402; x_wconf 89' lang='lat' dir='ltr'><strong>ad</strong></span> 
     </span>
    </p>
   </div>
   <div class='ocr_carea' id='block_1_53' title="bbox 1954 2438 3539 2506">
    <p class='ocr_par' dir='ltr' id='par_1_53' title="bbox 1954 2438 3539 2506">
     <span class='ocr_line' id='line_1_53' title="bbox 1954 2438 3539 2506; baseline -0.003 -12"><span class='ocrx_word' id='word_1_401' title='bbox 1954 2439 2276 2494; x_wconf 87' lang='lat' dir='ltr'><strong>charitatem</strong></span> <span class='ocrx_word' id='word_1_402' title='bbox 2343 2439 2480 2504; x_wconf 85' lang='lat' dir='ltr'><strong>Dei,</strong></span> <span class='ocrx_word' id='word_1_403' title='bbox 2536 2438 2623 2492; x_wconf 85' lang='lat' dir='ltr'><strong>illa</strong></span> <span class='ocrx_word' id='word_1_404' title='bbox 2672 2453 2803 2494; x_wconf 87' lang='lat' dir='ltr'><strong>vero</strong></span> <span class='ocrx_word' id='word_1_405' title='bbox 2851 2439 2918 2493; x_wconf 91' lang='lat' dir='ltr'><strong>ad</strong></span> <span class='ocrx_word' id='word_1_406' title='bbox 2975 2454 3212 2493; x_wconf 90' lang='lat' dir='ltr'><strong>amorem</strong></span> <span class='ocrx_word' id='word_1_407' title='bbox 3268 2440 3539 2506; x_wconf 91' lang='lat' dir='ltr'><strong>pertinent</strong></span> 
     </span>
    </p>
   </div>
   <div class='ocr_carea' id='block_1_54' title="bbox 1953 2528 3539 2598">
    <p class='ocr_par' dir='ltr' id='par_1_54' title="bbox 1953 2528 3539 2598">
     <span class='ocr_line' id='line_1_54' title="bbox 1953 2528 3539 2598; baseline -0.001 -16"><span class='ocrx_word' id='word_1_408' title='bbox 1953 2529 2205 2598; x_wconf 80' lang='lat' dir='ltr'><strong>proximi.</strong></span> <span class='ocrx_word' id='word_1_409' title='bbox 2231 2528 2299 2583; x_wconf 86' lang='lat' dir='ltr'><strong>Et</strong></span> <span class='ocrx_word' id='word_1_410' title='bbox 2321 2529 2521 2584; x_wconf 89' lang='lat' dir='ltr'><strong>idcirco</strong></span> <span class='ocrx_word' id='word_1_411' title='bbox 2548 2545 2652 2585; x_wconf 92' lang='lat' dir='ltr'><strong>non</strong></span> <span class='ocrx_word' id='word_1_412' title='bbox 2685 2529 2914 2598; x_wconf 88' lang='lat' dir='ltr'><strong>amplius</strong></span> <span class='ocrx_word' id='word_1_413' title='bbox 2940 2546 3099 2598; x_wconf 89' lang='lat' dir='ltr'><strong>quam</strong></span> <span class='ocrx_word' id='word_1_414' title='bbox 3147 2529 3265 2582; x_wconf 74' lang='lat' dir='ltr'><strong>dua:</strong></span> <span class='ocrx_word' id='word_1_415' title='bbox 3295 2539 3416 2582; x_wconf 90' lang='lat' dir='ltr'><strong>sunt</strong></span> <span class='ocrx_word' id='word_1_416' title='bbox 3455 2539 3539 2581; x_wconf 88' lang='lat' dir='ltr'><strong>ta-</strong></span> 
     </span>
    </p>
   </div>
   <div class='ocr_carea' id='block_1_55' title="bbox 1953 2620 3535 2690">
    <p class='ocr_par' dir='ltr' id='par_1_55' title="bbox 1953 2620 3535 2690">
     <span class='ocr_line' id='line_1_55' title="bbox 1953 2620 3535 2690; baseline -0.001 -14"><span class='ocrx_word' id='word_1_417' title='bbox 1953 2621 2108 2684; x_wconf 69' lang='lat' dir='ltr'><strong>bulm,</strong></span> <span class='ocrx_word' id='word_1_418' title='bbox 2147 2621 2269 2690; x_wconf 90' lang='lat' dir='ltr'><strong>quia</strong></span> <span class='ocrx_word' id='word_1_419' title='bbox 2307 2620 2537 2690; x_wconf 79' lang='lat' dir='ltr'><strong>geminae</strong></span> <span class='ocrx_word' id='word_1_420' title='bbox 2577 2621 3009 2676; x_wconf 89' lang='lat' dir='ltr'><strong>suntcbaritatis</strong></span> <span class='ocrx_word' id='word_1_421' title='bbox 3049 2621 3405 2689; x_wconf 86' lang='lat' dir='ltr'><strong>impressione</strong></span> <span class='ocrx_word' id='word_1_422' title='bbox 3455 2621 3535 2674; x_wconf 89' lang='lat' dir='ltr'><strong>di-</strong></span> 
     </span>
    </p>
   </div>
   <div class='ocr_carea' id='block_1_56' title="bbox 1953 2711 3536 2782">
    <p class='ocr_par' dir='ltr' id='par_1_56' title="bbox 1953 2711 3536 2782">
     <span class='ocr_line' id='line_1_56' title="bbox 1953 2711 3536 2782; baseline -0.001 -16"><span class='ocrx_word' id='word_1_423' title='bbox 1953 2713 2182 2767; x_wconf 64' lang='lat' dir='ltr'><strong>stinctae.</strong></span> <span class='ocrx_word' id='word_1_424' title='bbox 2218 2712 2344 2766; x_wconf 90' lang='lat' dir='ltr'><strong>Tria</strong></span> <span class='ocrx_word' id='word_1_425' title='bbox 2369 2711 2530 2782; x_wconf 88' lang='lat' dir='ltr'><strong>plane</strong></span> <span class='ocrx_word' id='word_1_426' title='bbox 2560 2721 2828 2781; x_wconf 62' lang='lat' dir='ltr'><strong>praecepta</strong></span> <span class='ocrx_word' id='word_1_427' title='bbox 2856 2713 2909 2766; x_wconf 90' lang='lat' dir='ltr'><strong>in</strong></span> <span class='ocrx_word' id='word_1_428' title='bbox 2939 2726 3044 2766; x_wconf 90' lang='lat' dir='ltr'><strong>una</strong></span> <span class='ocrx_word' id='word_1_429' title='bbox 3077 2712 3280 2777; x_wconf 91' lang='lat' dir='ltr'><strong>tabula,</strong></span> <span class='ocrx_word' id='word_1_430' title='bbox 3325 2722 3536 2781; x_wconf 86' lang='lat' dir='ltr'><strong>septem</strong></span> 
     </span>
    </p>
   </div>
   <div class='ocr_carea' id='block_1_57' title="bbox 1953 2801 3538 2872">
    <p class='ocr_par' dir='ltr' id='par_1_57' title="bbox 1953 2801 3538 2872">
     <span class='ocr_line' id='line_1_57' title="bbox 1953 2801 3538 2872; baseline -0.001 -17"><span class='ocrx_word' id='word_1_431' title='bbox 1953 2817 2083 2856; x_wconf 90' lang='lat' dir='ltr'><strong>vero</strong></span> <span class='ocrx_word' id='word_1_432' title='bbox 2112 2802 2384 2872; x_wconf 86' lang='lat' dir='ltr'><strong>descripta</strong></span> <span class='ocrx_word' id='word_1_433' title='bbox 2418 2801 2585 2856; x_wconf 78' lang='lat' dir='ltr'><strong>fuisse</strong></span> <span class='ocrx_word' id='word_1_434' title='bbox 2617 2803 2670 2856; x_wconf 93' lang='lat' dir='ltr'><strong>in</strong></span> <span class='ocrx_word' id='word_1_435' title='bbox 2701 2802 2825 2867; x_wconf 90' lang='lat' dir='ltr'><strong>alia,</strong></span> <span class='ocrx_word' id='word_1_436' title='bbox 2872 2819 2937 2856; x_wconf 84' lang='lat' dir='ltr'><strong>ex</strong></span> <span class='ocrx_word' id='word_1_437' title='bbox 2981 2803 3082 2857; x_wconf 92' lang='lat' dir='ltr'><strong>hoc</strong></span> <span class='ocrx_word' id='word_1_438' title='bbox 3129 2802 3361 2855; x_wconf 84' lang='lat' dir='ltr'><strong>maxime</strong></span> <span class='ocrx_word' id='word_1_439' title='bbox 3387 2802 3538 2856; x_wconf 88' lang='lat' dir='ltr'><strong>colli-</strong></span> 
     </span>
    </p>
   </div>
   <div class='ocr_carea' id='block_1_58' title="bbox 1954 2891 3539 2963">
    <p class='ocr_par' dir='ltr' id='par_1_58' title="bbox 1954 2891 3539 2963">
     <span class='ocr_line' id='line_1_58' title="bbox 1954 2891 3539 2963; baseline -0.001 -17"><span class='ocrx_word' id='word_1_440' title='bbox 1954 2894 2099 2962; x_wconf 85' lang='lat' dir='ltr'><strong>gitur</strong></span> <span class='ocrx_word' id='word_1_441' title='bbox 2125 2895 2269 2963; x_wconf 90' lang='lat' dir='ltr'><strong>quod</strong></span> <span class='ocrx_word' id='word_1_442' title='bbox 2314 2893 2373 2946; x_wconf 92' lang='grc' dir='ltr'><strong><em>Β.</em></strong></span> <span class='ocrx_word' id='word_1_443' title='bbox 2405 2891 2698 2963; x_wconf 85' lang='lat' dir='ltr'><strong>Apostolus</strong></span> <span class='ocrx_word' id='word_1_444' title='bbox 2744 2894 2810 2946; x_wconf 91' lang='lat' dir='ltr'><strong>ad</strong></span> <span class='ocrx_word' id='word_1_445' title='bbox 2858 2893 3122 2962; x_wconf 86' lang='lat' dir='ltr'><strong>Ephesios</strong></span> <span class='ocrx_word' id='word_1_446' title='bbox 3154 2893 3229 2946; x_wconf 90' lang='lat' dir='ltr'><strong>ait</strong></span> <span class='ocrx_word' id='word_1_447' title='bbox 3275 2911 3287 2946; x_wconf 96' lang='lat'><strong>:</strong></span> <span class='ocrx_word' id='word_1_448' title='bbox 3323 2911 3340 2944; x_wconf 82' lang='grc' dir='ltr'><strong>ι</strong></span> <span class='ocrx_word' id='word_1_449' title='bbox 3393 2892 3539 2955; x_wconf 87' lang='lat' dir='ltr'><strong>Filii,</strong></span> 
     </span>
    </p>
   </div>
   <div class='ocr_carea' id='block_1_59' title="bbox 1952 2982 3540 3054">
    <p class='ocr_par' dir='ltr' id='par_1_59' title="bbox 1952 2982 3540 3054">
     <span class='ocr_line' id='line_1_59' title="bbox 1952 2982 3540 3054; baseline -0.003 -16"><span class='ocrx_word' id='word_1_450' title='bbox 1952 2983 2166 3038; x_wconf 86' lang='lat' dir='ltr'><strong>obedite</strong></span> <span class='ocrx_word' id='word_1_451' title='bbox 2188 2983 2500 3054; x_wconf 89' lang='lat' dir='ltr'><strong>parentibus</strong></span> <span class='ocrx_word' id='word_1_452' title='bbox 2525 2984 2720 3038; x_wconf 88' lang='lat' dir='ltr'><strong>vestris</strong></span> <span class='ocrx_word' id='word_1_453' title='bbox 2746 2983 2798 3037; x_wconf 93' lang='lat' dir='ltr'><strong>in</strong></span> <span class='ocrx_word' id='word_1_454' title='bbox 2828 2983 3081 3047; x_wconf 93' lang='lat' dir='ltr'><strong>Domino,</strong></span> <span class='ocrx_word' id='word_1_455' title='bbox 3129 2983 3230 3037; x_wconf 93' lang='lat' dir='ltr'><strong>hoc</strong></span> <span class='ocrx_word' id='word_1_456' title='bbox 3271 2982 3411 3036; x_wconf 91' lang='lat' dir='ltr'><strong>enim</strong></span> <span class='ocrx_word' id='word_1_457' title='bbox 3451 2983 3540 3051; x_wconf 88' lang='lat' dir='ltr'><strong>ju-</strong></span> 
     </span>
    </p>
   </div>
   <div class='ocr_carea' id='block_1_60' title="bbox 1952 3073 3540 3144">
    <p class='ocr_par' dir='ltr' id='par_1_60' title="bbox 1952 3073 3540 3144">
     <span class='ocr_line' id='line_1_60' title="bbox 1952 3073 3540 3144; baseline -0.002 -15"><span class='ocrx_word' id='word_1_458' title='bbox 1952 3087 2094 3129; x_wconf 80' lang='lat' dir='ltr'><strong>stum</strong></span> <span class='ocrx_word' id='word_1_459' title='bbox 2145 3082 2247 3130; x_wconf 90' lang='lat' dir='ltr'><strong>est.</strong></span> <span class='ocrx_word' id='word_1_460' title='bbox 2294 3073 2510 3128; x_wconf 82' lang='lat' dir='ltr'><strong>Honora</strong></span> <span class='ocrx_word' id='word_1_461' title='bbox 2569 3083 2775 3144; x_wconf 90' lang='lat' dir='ltr'><strong>patrem</strong></span> <span class='ocrx_word' id='word_1_462' title='bbox 2821 3083 2886 3128; x_wconf 85' lang='lat' dir='ltr'><strong>et</strong></span> <span class='ocrx_word' id='word_1_463' title='bbox 2923 3083 3201 3138; x_wconf 88' lang='lat' dir='ltr'><strong>matrem;</strong></span> <span class='ocrx_word' id='word_1_464' title='bbox 3254 3073 3396 3143; x_wconf 91' lang='lat' dir='ltr'><strong>quod</strong></span> <span class='ocrx_word' id='word_1_465' title='bbox 3458 3082 3540 3126; x_wconf 85' lang='lat' dir='ltr'><strong>est</strong></span> 
     </span>
    </p>
   </div>
   <div class='ocr_carea' id='block_1_61' title="bbox 1955 3165 3540 3234">
    <p class='ocr_par' dir='ltr' id='par_1_61' title="bbox 1955 3165 3540 3234">
     <span class='ocr_line' id='line_1_61' title="bbox 1955 3165 3540 3234; baseline -0.003 -12"><span class='ocrx_word' id='word_1_466' title='bbox 1955 3167 2264 3222; x_wconf 88' lang='lat' dir='ltr'><strong>mandatum</strong></span> <span class='ocrx_word' id='word_1_467' title='bbox 2297 3167 2526 3234; x_wconf 90' lang='lat' dir='ltr'><strong>primum</strong></span> <span class='ocrx_word' id='word_1_468' title='bbox 2561 3166 2612 3219; x_wconf 93' lang='lat' dir='ltr'><strong>in</strong></span> <span class='ocrx_word' id='word_1_469' title='bbox 2646 3165 3024 3234; x_wconf 89' lang='lat' dir='ltr'><strong>promissione,</strong></span> <span class='ocrx_word' id='word_1_470' title='bbox 3070 3173 3126 3219; x_wconf 89' lang='lat' dir='ltr'><strong>ut</strong></span> <span class='ocrx_word' id='word_1_471' title='bbox 3167 3165 3302 3218; x_wconf 88' lang='lat' dir='ltr'><strong>bene</strong></span> <span class='ocrx_word' id='word_1_472' title='bbox 3331 3165 3401 3217; x_wconf 88' lang='lat' dir='ltr'><strong>sit</strong></span> <span class='ocrx_word' id='word_1_473' title='bbox 3445 3165 3540 3219; x_wconf 89' lang='lat' dir='ltr'><strong>tibi</strong></span> 
     </span>
    </p>
   </div>
   <div class='ocr_carea' id='block_1_62' title="bbox 339 3241 3542 3332">
    <p class='ocr_par' dir='ltr' id='par_1_62' title="bbox 339 3241 3542 3332">
     <span class='ocr_line' id='line_1_62' title="bbox 339 3241 3542 3332; baseline -0.002 -17"><span class='ocrx_word' id='word_1_474' title='bbox 339 3261 525 3315; x_wconf 89' lang='lat' dir='ltr'><strong>Tertia</strong></span> <span class='ocrx_word' id='word_1_475' title='bbox 546 3276 676 3315; x_wconf 86' lang='lat' dir='ltr'><strong>vero</strong></span> <span class='ocrx_word' id='word_1_476' title='bbox 697 3261 851 3332; x_wconf 84' lang='lat' dir='ltr'><strong>plaga</strong></span> <span class='ocrx_word' id='word_1_477' title='bbox 880 3261 1126 3330; x_wconf 89' lang='lat' dir='ltr'><strong>ciniphes</strong></span> <span class='ocrx_word' id='word_1_478' title='bbox 1153 3271 1279 3316; x_wconf 91' lang='lat' dir='ltr'><strong>sunt</strong></span> <span class='ocrx_word' id='word_1_479' title='bbox 1307 3261 1515 3332; x_wconf 75' lang='lat' dir='ltr'><strong>(Exod.</strong></span> <span class='ocrx_word' id='word_1_480' title='bbox 1558 3263 1710 3330; x_wconf 86' lang='lat' dir='ltr'><strong>vin).</strong></span> <span class='ocrx_word' id='word_1_481' title='bbox 1735 3261 1850 3317; x_wconf 81' lang='lat' dir='ltr'><strong>Hoc</strong></span> <span class='ocrx_word' id='word_1_482' title='bbox 1878 3241 1922 3304; x_wconf 75' lang='grc' dir='ltr'>Ο</span> <span class='ocrx_word' id='word_1_483' title='bbox 1955 3266 2011 3309; x_wconf 90' lang='lat' dir='ltr'><strong>et</strong></span> <span class='ocrx_word' id='word_1_484' title='bbox 2039 3257 2113 3308; x_wconf 91' lang='lat' dir='ltr'><strong>sis</strong></span> <span class='ocrx_word' id='word_1_485' title='bbox 2143 3256 2414 3324; x_wconf 69' lang='lat' dir='ltr'><strong>longrevus</strong></span> <span class='ocrx_word' id='word_1_486' title='bbox 2439 3269 2602 3323; x_wconf 90' lang='lat' dir='ltr'><strong>super</strong></span> <span class='ocrx_word' id='word_1_487' title='bbox 2633 3265 2830 3308; x_wconf 90' lang='lat' dir='ltr'><strong>terram</strong></span> <span class='ocrx_word' id='word_1_488' title='bbox 2864 3253 3079 3323; x_wconf 70' lang='lat' dir='ltr'><strong>(Ep/tes.</strong></span> <span class='ocrx_word' id='word_1_489' title='bbox 3105 3254 3203 3323; x_wconf 77' lang='lat' dir='ltr'><strong>vr).</strong></span> <span class='ocrx_word' id='word_1_490' title='bbox 3250 3273 3267 3304; x_wconf 76' lang='grc' dir='ltr'><strong>ι</strong></span> <span class='ocrx_word' id='word_1_491' title='bbox 3315 3255 3424 3306; x_wconf 88' lang='lat' dir='ltr'><strong>Cur</strong></span> <span class='ocrx_word' id='word_1_492' title='bbox 3454 3271 3542 3307; x_wconf 90' lang='lat' dir='ltr'><strong>au-</strong></span> 
     </span>
    </p>
   </div>
   <div class='ocr_carea' id='block_1_63' title="bbox 265 3358 1858 3427">
    <p class='ocr_par' dir='ltr' id='par_1_63' title="bbox 265 3358 1858 3427">
     <span class='ocr_line' id='line_1_63' title="bbox 265 3358 1858 3427; baseline -0.002 -14"><span class='ocrx_word' id='word_1_493' title='bbox 265 3368 447 3413; x_wconf 89' lang='lat' dir='ltr'><strong>autem</strong></span> <span class='ocrx_word' id='word_1_494' title='bbox 472 3358 670 3412; x_wconf 91' lang='lat' dir='ltr'><strong>animal</strong></span> <span class='ocrx_word' id='word_1_495' title='bbox 697 3370 802 3412; x_wconf 90' lang='lat' dir='ltr'><strong>tam</strong></span> <span class='ocrx_word' id='word_1_496' title='bbox 858 3359 1122 3411; x_wconf 86' lang='lat' dir='ltr'><strong>minutum</strong></span> <span class='ocrx_word' id='word_1_497' title='bbox 1152 3366 1236 3413; x_wconf 90' lang='lat' dir='ltr'><strong>est</strong></span> <span class='ocrx_word' id='word_1_498' title='bbox 1289 3373 1352 3412; x_wconf 92' lang='lat' dir='ltr'><strong>ac</strong></span> <span class='ocrx_word' id='word_1_499' title='bbox 1383 3358 1736 3427; x_wconf 86' lang='lat' dir='ltr'><strong>perexiguum</strong></span> <span class='ocrx_word' id='word_1_500' title='bbox 1797 3366 1858 3410; x_wconf 93' lang='lat' dir='ltr'><strong>nt</strong></span> 
     </span>
    </p>
   </div>
   <div class='ocr_carea' id='block_1_64' title="bbox 267 3447 1858 3519">
    <p class='ocr_par' dir='ltr' id='par_1_64' title="bbox 267 3447 1858 3519">
     <span class='ocr_line' id='line_1_64' title="bbox 267 3447 1858 3519; baseline -0.001 -17"><span class='ocrx_word' id='word_1_501' title='bbox 267 3451 396 3502; x_wconf 90' lang='lat' dir='ltr'><strong>dum</strong></span> <span class='ocrx_word' id='word_1_502' title='bbox 424 3465 481 3504; x_wconf 90' lang='lat' dir='ltr'><strong>se</strong></span> <span class='ocrx_word' id='word_1_503' title='bbox 508 3465 602 3519; x_wconf 90' lang='lat' dir='ltr'><strong>per</strong></span> <span class='ocrx_word' id='word_1_504' title='bbox 623 3465 806 3504; x_wconf 84' lang='lat' dir='ltr'><strong>aerem</strong></span> <span class='ocrx_word' id='word_1_505' title='bbox 843 3449 1005 3503; x_wconf 82' lang='lat' dir='ltr'><strong>librat</strong></span> <span class='ocrx_word' id='word_1_506' title='bbox 1027 3457 1082 3502; x_wconf 90' lang='lat' dir='ltr'><strong>et</strong></span> <span class='ocrx_word' id='word_1_507' title='bbox 1106 3449 1212 3502; x_wconf 92' lang='lat' dir='ltr'><strong>huc</strong></span> <span class='ocrx_word' id='word_1_508' title='bbox 1254 3447 1490 3517; x_wconf 91' lang='lat' dir='ltr'><strong>illucque</strong></span> <span class='ocrx_word' id='word_1_509' title='bbox 1524 3447 1858 3518; x_wconf 81' lang='lat' dir='ltr'><strong>vagabundis</strong></span> 
     </span>
    </p>
   </div>
   <div class='ocr_carea' id='block_1_65' title="bbox 267 3538 1860 3605">
    <p class='ocr_par' dir='ltr' id='par_1_65' title="bbox 267 3538 1860 3605">
     <span class='ocr_line' id='line_1_65' title="bbox 267 3538 1860 3605; baseline -0.003 -11"><span class='ocrx_word' id='word_1_510' title='bbox 267 3540 951 3596; x_wconf 77' lang='lat' dir='ltr'><strong>anfractibusinstabiliter</strong></span> <span class='ocrx_word' id='word_1_511' title='bbox 999 3539 1159 3605; x_wconf 79' lang='lat' dir='ltr'><strong>volat,</strong></span> <span class='ocrx_word' id='word_1_512' title='bbox 1207 3541 1382 3594; x_wconf 88' lang='lat' dir='ltr'><strong>visum</strong></span> <span class='ocrx_word' id='word_1_513' title='bbox 1415 3555 1642 3594; x_wconf 88' lang='lat' dir='ltr'><strong>cernere</strong></span> <span class='ocrx_word' id='word_1_514' title='bbox 1677 3538 1860 3592; x_wconf 85' lang='lat' dir='ltr'><strong>volen-</strong></span> 
     </span>
    </p>
   </div>
   <div class='ocr_carea' id='block_1_66' title="bbox 265 3629 1860 3702">
    <p class='ocr_par' dir='ltr' id='par_1_66' title="bbox 265 3629 1860 3702">
     <span class='ocr_line' id='line_1_66' title="bbox 265 3629 1860 3702; baseline -0.004 -15"><span class='ocrx_word' id='word_1_515' title='bbox 265 3644 351 3687; x_wconf 86' lang='lat' dir='ltr'><strong>tes</strong></span> <span class='ocrx_word' id='word_1_516' title='bbox 376 3631 624 3702; x_wconf 80' lang='lat' dir='ltr'><strong>eﬂ&#39;ugiat;</strong></span> <span class='ocrx_word' id='word_1_517' title='bbox 654 3632 705 3684; x_wconf 92' lang='lat' dir='ltr'><strong>in</strong></span> <span class='ocrx_word' id='word_1_518' title='bbox 729 3646 954 3702; x_wconf 88' lang='lat' dir='ltr'><strong>corpore</strong></span> <span class='ocrx_word' id='word_1_519' title='bbox 1005 3640 1186 3685; x_wconf 89' lang='lat' dir='ltr'><strong>tamen</strong></span> <span class='ocrx_word' id='word_1_520' title='bbox 1235 3640 1423 3684; x_wconf 87' lang='lat' dir='ltr'><strong>nostro</strong></span> <span class='ocrx_word' id='word_1_521' title='bbox 1477 3631 1604 3684; x_wconf 85' lang='lat' dir='ltr'><strong>dum</strong></span> <span class='ocrx_word' id='word_1_522' title='bbox 1635 3629 1860 3688; x_wconf 88' lang='lat' dir='ltr'><strong>sederit,</strong></span> 
     </span>
    </p>
   </div>
   <div class='ocr_carea' id='block_1_67' title="bbox 265 3721 1862 3795">
    <p class='ocr_par' dir='ltr' id='par_1_67' title="bbox 265 3721 1862 3795">
     <span class='ocr_line' id='line_1_67' title="bbox 265 3721 1862 3795; baseline -0.004 -18"><span class='ocrx_word' id='word_1_523' title='bbox 265 3725 477 3795; x_wconf 84' lang='lat' dir='ltr'><strong>pnngit,</strong></span> <span class='ocrx_word' id='word_1_524' title='bbox 504 3724 636 3778; x_wconf 87' lang='lat' dir='ltr'><strong>adeo</strong></span> <span class='ocrx_word' id='word_1_525' title='bbox 660 3735 736 3787; x_wconf 89' lang='lat' dir='ltr'><strong>ut,</strong></span> <span class='ocrx_word' id='word_1_526' title='bbox 763 3738 885 3777; x_wconf 90' lang='lat' dir='ltr'><strong>cum</strong></span> <span class='ocrx_word' id='word_1_527' title='bbox 915 3737 1008 3777; x_wconf 91' lang='lat' dir='ltr'><strong>eas</strong></span> <span class='ocrx_word' id='word_1_528' title='bbox 1031 3738 1272 3792; x_wconf 89' lang='lat' dir='ltr'><strong>nequeas</strong></span> <span class='ocrx_word' id='word_1_529' title='bbox 1297 3723 1484 3777; x_wconf 89' lang='lat' dir='ltr'><strong>videre</strong></span> <span class='ocrx_word' id='word_1_530' title='bbox 1509 3724 1632 3776; x_wconf 86' lang='lat' dir='ltr'><strong>dum</strong></span> <span class='ocrx_word' id='word_1_531' title='bbox 1657 3721 1862 3783; x_wconf 84' lang='lat' dir='ltr'><strong>volant,</strong></span> 
     </span>
    </p>
   </div>
   <div class='ocr_carea' id='block_1_68' title="bbox 267 3813 1862 3884">
    <p class='ocr_par' dir='ltr' id='par_1_68' title="bbox 267 3813 1862 3884">
     <span class='ocr_line' id='line_1_68' title="bbox 267 3813 1862 3884; baseline -0.003 -15"><span class='ocrx_word' id='word_1_532' title='bbox 267 3815 608 3884; x_wconf 86' lang='lat' dir='ltr'><strong>compellaris</strong></span> <span class='ocrx_word' id='word_1_533' title='bbox 631 3814 832 3868; x_wconf 90' lang='lat' dir='ltr'><strong>sentire</strong></span> <span class='ocrx_word' id='word_1_534' title='bbox 847 3814 970 3867; x_wconf 90' lang='lat' dir='ltr'><strong>dum</strong></span> <span class='ocrx_word' id='word_1_535' title='bbox 987 3813 1285 3879; x_wconf 88' lang='lat' dir='ltr'><strong>stimulant;</strong></span> <span class='ocrx_word' id='word_1_536' title='bbox 1315 3825 1369 3866; x_wconf 89' lang='lat' dir='ltr'><strong>et</strong></span> <span class='ocrx_word' id='word_1_537' title='bbox 1391 3813 1516 3866; x_wconf 89' lang='lat' dir='ltr'><strong>dum</strong></span> <span class='ocrx_word' id='word_1_538' title='bbox 1558 3815 1862 3866; x_wconf 80' lang='lat' dir='ltr'><strong>circumvo-</strong></span> 
     </span>
    </p>
   </div>
   <div class='ocr_carea' id='block_1_69' title="bbox 267 3903 1866 3974">
    <p class='ocr_par' dir='ltr' id='par_1_69' title="bbox 267 3903 1866 3974">
     <span class='ocr_line' id='line_1_69' title="bbox 267 3903 1866 3974; baseline -0.003 -14"><span class='ocrx_word' id='word_1_539' title='bbox 267 3904 1044 3974; x_wconf 82' lang='lat' dir='ltr'><strong>laatessesequeimportunius</strong></span> <span class='ocrx_word' id='word_1_540' title='bbox 1059 3904 1545 3973; x_wconf 86' lang='lat' dir='ltr'><strong>ingerentesvultus</strong></span> <span class='ocrx_word' id='word_1_541' title='bbox 1560 3903 1866 3956; x_wconf 87' lang='lat' dir='ltr'><strong>nostrosin-</strong></span> 
     </span>
    </p>
   </div>
   <div class='ocr_carea' id='block_1_70' title="bbox 266 3992 1866 4061">
    <p class='ocr_par' dir='ltr' id='par_1_70' title="bbox 266 3992 1866 4061">
     <span class='ocr_line' id='line_1_70' title="bbox 266 3992 1866 4061; baseline -0.008 -11"><span class='ocrx_word' id='word_1_542' title='bbox 266 3997 466 4051; x_wconf 76' lang='lat' dir='ltr'><strong>testare</strong></span> <span class='ocrx_word' id='word_1_543' title='bbox 482 4012 585 4050; x_wconf 89' lang='lat' dir='ltr'><strong>non</strong></span> <span class='ocrx_word' id='word_1_544' title='bbox 601 3993 1513 4061; x_wconf 86' lang='lat' dir='ltr'><strong>desinunt,volentesquicscerenon</strong></span> <span class='ocrx_word' id='word_1_545' title='bbox 1529 3992 1866 4060; x_wconf 73' lang='lat' dir='ltr'><strong>pCl&#39;lllllltllll.</strong></span> 
     </span>
    </p>
   </div>
   <div class='ocr_carea' id='block_1_71' title="bbox 272 4081 1867 4154">
    <p class='ocr_par' dir='ltr' id='par_1_71' title="bbox 272 4081 1867 4154">
     <span class='ocr_line' id='line_1_71' title="bbox 272 4081 1867 4154; baseline -0.004 -17"><span class='ocrx_word' id='word_1_546' title='bbox 272 4084 430 4154; x_wconf 78' lang='lat'><strong>105</strong></span> <span class='ocrx_word' id='word_1_547' title='bbox 459 4084 817 4150; x_wconf 84' lang='lat' dir='ltr'><strong>Quamobrem</strong></span> <span class='ocrx_word' id='word_1_548' title='bbox 841 4084 954 4137; x_wconf 77' lang='lat' dir='ltr'><strong>haec</strong></span> <span class='ocrx_word' id='word_1_549' title='bbox 978 4082 1128 4152; x_wconf 80' lang='lat' dir='ltr'><strong>plaga</strong></span> <span class='ocrx_word' id='word_1_550' title='bbox 1155 4081 1452 4150; x_wconf 83' lang='lat' dir='ltr'><strong>vagationis</strong></span> <span class='ocrx_word' id='word_1_551' title='bbox 1503 4090 1555 4132; x_wconf 87' lang='lat' dir='ltr'><strong>et</strong></span> <span class='ocrx_word' id='word_1_552' title='bbox 1599 4081 1867 4148; x_wconf 78' lang='lat' dir='ltr'><strong>inquieti:-</strong></span> 
     </span>
    </p>
   </div>
   <div class='ocr_carea' id='block_1_72' title="bbox 271 4169 1865 4242">
    <p class='ocr_par' dir='ltr' id='par_1_72' title="bbox 271 4169 1865 4242">
     <span class='ocr_line' id='line_1_72' title="bbox 271 4169 1865 4242; baseline -0.004 -13"><span class='ocrx_word' id='word_1_553' title='bbox 271 4175 413 4229; x_wconf 73' lang='lat' dir='ltr'><strong>tlinis</strong></span> <span class='ocrx_word' id='word_1_554' title='bbox 442 4175 628 4228; x_wconf 90' lang='lat' dir='ltr'><strong>vitium</strong></span> <span class='ocrx_word' id='word_1_555' title='bbox 655 4173 940 4228; x_wconf 88' lang='lat' dir='ltr'><strong>manileste</strong></span> <span class='ocrx_word' id='word_1_556' title='bbox 963 4173 1224 4242; x_wconf 85' lang='lat' dir='ltr'><strong>designat.</strong></span> <span class='ocrx_word' id='word_1_557' title='bbox 1255 4170 1370 4235; x_wconf 84' lang='lat' dir='ltr'><strong>Quo</strong></span> <span class='ocrx_word' id='word_1_558' title='bbox 1398 4169 1645 4224; x_wconf 77' lang='lat' dir='ltr'><strong>videlicet</strong></span> <span class='ocrx_word' id='word_1_559' title='bbox 1675 4170 1865 4223; x_wconf 89' lang='lat' dir='ltr'><strong>morbo</strong></span> 
     </span>
    </p>
   </div>
   <div class='ocr_carea' id='block_1_73' title="bbox 271 4261 1868 4334">
    <p class='ocr_par' dir='ltr' id='par_1_73' title="bbox 271 4261 1868 4334">
     <span class='ocr_line' id='line_1_73' title="bbox 271 4261 1868 4334; baseline -0.004 -15"><span class='ocrx_word' id='word_1_560' title='bbox 271 4267 490 4334; x_wconf 78' lang='lat' dir='ltr'><strong>quidam</strong></span> <span class='ocrx_word' id='word_1_561' title='bbox 517 4267 821 4319; x_wconf 86' lang='lat' dir='ltr'><strong>laborantes</strong></span> <span class='ocrx_word' id='word_1_562' title='bbox 857 4263 1117 4318; x_wconf 91' lang='lat' dir='ltr'><strong>inutiliter</strong></span> <span class='ocrx_word' id='word_1_563' title='bbox 1141 4263 1246 4316; x_wconf 93' lang='lat' dir='ltr'><strong>huc</strong></span> <span class='ocrx_word' id='word_1_564' title='bbox 1272 4261 1506 4330; x_wconf 87' lang='lat' dir='ltr'><strong>illucque</strong></span> <span class='ocrx_word' id='word_1_565' title='bbox 1534 4261 1868 4323; x_wconf 82' lang='lat' dir='ltr'><strong>discurrunt,</strong></span> 
     </span>
    </p>
   </div>
   <div class='ocr_carea' id='block_1_74' title="bbox 271 4350 1868 4420">
    <p class='ocr_par' dir='ltr' id='par_1_74' title="bbox 271 4350 1868 4420">
     <span class='ocr_line' id='line_1_74' title="bbox 271 4350 1868 4420; baseline -0.004 -12"><span class='ocrx_word' id='word_1_566' title='bbox 271 4365 326 4408; x_wconf 89' lang='lat' dir='ltr'><strong>et</strong></span> <span class='ocrx_word' id='word_1_567' title='bbox 356 4355 499 4408; x_wconf 90' lang='lat' dir='ltr'><strong>velut</strong></span> <span class='ocrx_word' id='word_1_568' title='bbox 525 4355 680 4408; x_wconf 82' lang='lat' dir='ltr'><strong>malis</strong></span> <span class='ocrx_word' id='word_1_569' title='bbox 726 4353 1022 4410; x_wconf 76' lang='lat' dir='ltr'><strong>vertumnis</strong></span> <span class='ocrx_word' id='word_1_570' title='bbox 1068 4351 1287 4407; x_wconf 85' lang='lat' dir='ltr'><strong>obnoxii</strong></span> <span class='ocrx_word' id='word_1_571' title='bbox 1337 4367 1434 4420; x_wconf 90' lang='lat' dir='ltr'><strong>per</strong></span> <span class='ocrx_word' id='word_1_572' title='bbox 1478 4350 1868 4420; x_wconf 86' lang='lat' dir='ltr'><strong>impatientiam</strong></span> 
     </span>
    </p>
   </div>
   <div class='ocr_carea' id='block_1_75' title="bbox 272 4438 1872 4513">
    <p class='ocr_par' dir='ltr' id='par_1_75' title="bbox 272 4438 1872 4513">
     <span class='ocr_line' id='line_1_75' title="bbox 272 4438 1872 4513; baseline -0.004 -15"><span class='ocrx_word' id='word_1_573' title='bbox 272 4460 382 4498; x_wconf 86' lang='lat' dir='ltr'><strong>non</strong></span> <span class='ocrx_word' id='word_1_574' title='bbox 410 4445 711 4513; x_wconf 85' lang='lat' dir='ltr'><strong>quiescunt.</strong></span> <span class='ocrx_word' id='word_1_575' title='bbox 760 4443 864 4496; x_wconf 88' lang='lat' dir='ltr'><strong>Sed</strong></span> <span class='ocrx_word' id='word_1_576' title='bbox 912 4442 1168 4512; x_wconf 89' lang='lat' dir='ltr'><strong>quoniam</strong></span> <span class='ocrx_word' id='word_1_577' title='bbox 1214 4440 1458 4509; x_wconf 89' lang='lat' dir='ltr'><strong>ciniphes</strong></span> <span class='ocrx_word' id='word_1_578' title='bbox 1504 4439 1617 4494; x_wconf 73' lang='lat' dir='ltr'><strong>ista:</strong></span> <span class='ocrx_word' id='word_1_579' title='bbox 1665 4438 1872 4507; x_wconf 77' lang='lat' dir='ltr'><strong>perexi-</strong></span> 
     </span>
    </p>
   </div>
   <div class='ocr_carea' id='block_1_76' title="bbox 274 4531 1870 4605">
    <p class='ocr_par' dir='ltr' id='par_1_76' title="bbox 274 4531 1870 4605">
     <span class='ocr_line' id='line_1_76' title="bbox 274 4531 1870 4605; baseline -0.003 -19"><span class='ocrx_word' id='word_1_580' title='bbox 274 4551 394 4605; x_wconf 69' lang='lat' dir='ltr'><strong>gua:</strong></span> <span class='ocrx_word' id='word_1_581' title='bbox 441 4545 645 4589; x_wconf 89' lang='lat' dir='ltr'><strong>suntet</strong></span> <span class='ocrx_word' id='word_1_582' title='bbox 694 4535 889 4596; x_wconf 63' lang='lat' dir='ltr'><strong>novire,</strong></span> <span class='ocrx_word' id='word_1_583' title='bbox 937 4542 1132 4585; x_wconf 91' lang='lat' dir='ltr'><strong>utnon</strong></span> <span class='ocrx_word' id='word_1_584' title='bbox 1176 4541 1281 4586; x_wconf 89' lang='lat' dir='ltr'><strong>tam</strong></span> <span class='ocrx_word' id='word_1_585' title='bbox 1331 4532 1542 4600; x_wconf 87' lang='lat' dir='ltr'><strong>pondus</strong></span> <span class='ocrx_word' id='word_1_586' title='bbox 1585 4531 1870 4583; x_wconf 89' lang='lat' dir='ltr'><strong>videantur</strong></span> 
     </span>
    </p>
   </div>
   <div class='ocr_carea' id='block_1_77' title="bbox 274 4621 1864 4694">
    <p class='ocr_par' dir='ltr' id='par_1_77' title="bbox 274 4621 1864 4694">
     <span class='ocr_line' id='line_1_77' title="bbox 274 4621 1864 4694; baseline -0.004 -15"><span class='ocrx_word' id='word_1_587' title='bbox 274 4626 477 4680; x_wconf 89' lang='lat' dir='ltr'><strong>habere</strong></span> <span class='ocrx_word' id='word_1_588' title='bbox 499 4642 658 4694; x_wconf 89' lang='lat' dir='ltr'><strong>quam</strong></span> <span class='ocrx_word' id='word_1_589' title='bbox 691 4639 922 4689; x_wconf 86' lang='lat' dir='ltr'><strong>morsus,</strong></span> <span class='ocrx_word' id='word_1_590' title='bbox 947 4624 1038 4690; x_wconf 90' lang='lat' dir='ltr'><strong>qui</strong></span> <span class='ocrx_word' id='word_1_591' title='bbox 1061 4622 1195 4676; x_wconf 86' lang='lat' dir='ltr'><strong>vitio</strong></span> <span class='ocrx_word' id='word_1_592' title='bbox 1216 4621 1516 4690; x_wconf 80' lang='lat' dir='ltr'><strong>vagationis</strong></span> <span class='ocrx_word' id='word_1_593' title='bbox 1547 4621 1864 4683; x_wconf 88' lang='lat' dir='ltr'><strong>inserviunt,</strong></span> 
     </span>
    </p>
   </div>
   <div class='ocr_carea' id='block_1_78' title="bbox 276 4712 1901 4787">
    <p class='ocr_par' dir='ltr' id='par_1_78' title="bbox 276 4712 1901 4787">
     <span class='ocr_line' id='line_1_78' title="bbox 276 4712 1901 4787; baseline -0.002 -17"><span class='ocrx_word' id='word_1_594' title='bbox 276 4718 420 4786; x_wconf 89' lang='lat' dir='ltr'><strong>quod</strong></span> <span class='ocrx_word' id='word_1_595' title='bbox 434 4733 531 4786; x_wconf 89' lang='lat' dir='ltr'><strong>per</strong></span> <span class='ocrx_word' id='word_1_596' title='bbox 553 4717 797 4787; x_wconf 87' lang='lat' dir='ltr'><strong>ciniphes</strong></span> <span class='ocrx_word' id='word_1_597' title='bbox 819 4715 1150 4785; x_wconf 82' lang='lat' dir='ltr'><strong>designatur,</strong></span> <span class='ocrx_word' id='word_1_598' title='bbox 1168 4713 1282 4767; x_wconf 89' lang='lat' dir='ltr'><strong>leve</strong></span> <span class='ocrx_word' id='word_1_599' title='bbox 1301 4714 1514 4782; x_wconf 88' lang='lat' dir='ltr'><strong>quidem</strong></span> <span class='ocrx_word' id='word_1_600' title='bbox 1539 4713 1873 4766; x_wconf 85' lang='lat' dir='ltr'><strong>arbitrantur</strong></span> <span class='ocrx_word' id='word_1_601' title='bbox 1898 4712 1901 4714; x_wconf 78' lang='grc'><em>’</em></span> 
     </span>
    </p>
   </div>
   <div class='ocr_carea' id='block_1_79' title="bbox 277 4803 1872 4879">
    <p class='ocr_par' dir='ltr' id='par_1_79' title="bbox 277 4803 1872 4879">
     <span class='ocr_line' id='line_1_79' title="bbox 277 4803 1872 4879; baseline -0.003 -18"><span class='ocrx_word' id='word_1_602' title='bbox 277 4824 399 4863; x_wconf 87' lang='lat' dir='ltr'><strong>esse</strong></span> <span class='ocrx_word' id='word_1_603' title='bbox 432 4816 736 4879; x_wconf 87' lang='lat' dir='ltr'><strong>peccatum,</strong></span> <span class='ocrx_word' id='word_1_604' title='bbox 766 4809 859 4860; x_wconf 86' lang='lat' dir='ltr'><strong>sed</strong></span> <span class='ocrx_word' id='word_1_605' title='bbox 892 4822 996 4860; x_wconf 93' lang='lat' dir='ltr'><strong>non</strong></span> <span class='ocrx_word' id='word_1_606' title='bbox 1034 4805 1325 4859; x_wconf 89' lang='lat' dir='ltr'><strong>levirealus</strong></span> <span class='ocrx_word' id='word_1_607' title='bbox 1362 4804 1635 4859; x_wconf 81' lang='lat' dir='ltr'><strong>fodiuntur</strong></span> <span class='ocrx_word' id='word_1_608' title='bbox 1665 4803 1872 4856; x_wconf 86' lang='lat' dir='ltr'><strong>aculeo.</strong></span> 
     </span>
    </p>
   </div>
   <div class='ocr_carea' id='block_1_80' title="bbox 275 4892 1874 4967">
    <p class='ocr_par' dir='ltr' id='par_1_80' title="bbox 275 4892 1874 4967">
     <span class='ocr_line' id='line_1_80' title="bbox 275 4892 1874 4967; baseline -0.004 -16"><span class='ocrx_word' id='word_1_609' title='bbox 275 4897 395 4951; x_wconf 70' lang='lat' dir='ltr'><strong>Non</strong></span> <span class='ocrx_word' id='word_1_610' title='bbox 429 4907 682 4967; x_wconf 85' lang='lat' dir='ltr'><strong>aggravat</strong></span> <span class='ocrx_word' id='word_1_611' title='bbox 733 4896 972 4964; x_wconf 90' lang='lat' dir='ltr'><strong>pondus,</strong></span> <span class='ocrx_word' id='word_1_612' title='bbox 1021 4896 1114 4948; x_wconf 87' lang='lat' dir='ltr'><strong>sed</strong></span> <span class='ocrx_word' id='word_1_613' title='bbox 1154 4902 1402 4962; x_wconf 89' lang='lat' dir='ltr'><strong>penetrat</strong></span> <span class='ocrx_word' id='word_1_614' title='bbox 1435 4909 1679 4954; x_wconf 88' lang='lat' dir='ltr'><strong>morsus,</strong></span> <span class='ocrx_word' id='word_1_615' title='bbox 1727 4892 1874 4964; x_wconf 66' lang='lat' dir='ltr'><strong>quia,</strong></span> 
     </span>
    </p>
   </div>
   <div class='ocr_carea' id='block_1_81' title="bbox 275 4984 1878 5058">
    <p class='ocr_par' dir='ltr' id='par_1_81' title="bbox 275 4984 1878 5058">
     <span class='ocr_line' id='line_1_81' title="bbox 275 4984 1878 5058; baseline -0.004 -14"><span class='ocrx_word' id='word_1_616' title='bbox 275 4999 483 5058; x_wconf 90' lang='lat' dir='ltr'><strong>quanto</strong></span> <span class='ocrx_word' id='word_1_617' title='bbox 517 4989 700 5042; x_wconf 90' lang='lat' dir='ltr'><strong>vitium</strong></span> <span class='ocrx_word' id='word_1_618' title='bbox 726 4988 830 5042; x_wconf 80' lang='lat' dir='ltr'><strong>hoc</strong></span> <span class='ocrx_word' id='word_1_619' title='bbox 853 4986 1022 5041; x_wconf 75' lang='lat' dir='ltr'><strong>levius</strong></span> <span class='ocrx_word' id='word_1_620' title='bbox 1041 4986 1322 5054; x_wconf 88' lang='lat' dir='ltr'><strong>deputant,</strong></span> <span class='ocrx_word' id='word_1_621' title='bbox 1374 4993 1524 5038; x_wconf 89' lang='lat' dir='ltr'><strong>tanto</strong></span> <span class='ocrx_word' id='word_1_622' title='bbox 1557 4984 1760 5053; x_wconf 89' lang='lat' dir='ltr'><strong>majore</strong></span> <span class='ocrx_word' id='word_1_623' title='bbox 1786 5000 1878 5037; x_wconf 87' lang='lat' dir='ltr'><strong>nc-</strong></span> 
     </span>
    </p>
   </div>
   <div class='ocr_carea' id='block_1_82' title="bbox 276 5075 1870 5147">
    <p class='ocr_par' dir='ltr' id='par_1_82' title="bbox 276 5075 1870 5147">
     <span class='ocr_line' id='line_1_82' title="bbox 276 5075 1870 5147; baseline -0.006 -10"><span class='ocrx_word' id='word_1_624' title='bbox 276 5096 431 5137; x_wconf 76' lang='lat' dir='ltr'><strong>cesse</strong></span> <span class='ocrx_word' id='word_1_625' title='bbox 455 5089 540 5135; x_wconf 89' lang='lat' dir='ltr'><strong>est</strong></span> <span class='ocrx_word' id='word_1_626' title='bbox 568 5089 626 5133; x_wconf 93' lang='lat' dir='ltr'><strong>ut</strong></span> <span class='ocrx_word' id='word_1_627' title='bbox 650 5079 856 5147; x_wconf 82' lang='lat' dir='ltr'><strong>peccati</strong></span> <span class='ocrx_word' id='word_1_628' title='bbox 895 5075 1145 5131; x_wconf 89' lang='lat' dir='ltr'><strong>stimulus</strong></span> <span class='ocrx_word' id='word_1_629' title='bbox 1178 5075 1370 5129; x_wconf 83' lang='lat' dir='ltr'><strong>animae</strong></span> <span class='ocrx_word' id='word_1_630' title='bbox 1393 5076 1695 5144; x_wconf 90' lang='lat' dir='ltr'><strong>languentis</strong></span> <span class='ocrx_word' id='word_1_631' title='bbox 1732 5075 1870 5128; x_wconf 82' lang='lat' dir='ltr'><strong>inte—</strong></span> 
     </span>
    </p>
   </div>
   <div class='ocr_carea' id='block_1_83' title="bbox 277 5164 1870 5238">
    <p class='ocr_par' dir='ltr' id='par_1_83' title="bbox 277 5164 1870 5238">
     <span class='ocr_line' id='line_1_83' title="bbox 277 5164 1870 5238; baseline -0.004 -13"><span class='ocrx_word' id='word_1_632' title='bbox 277 5173 427 5226; x_wconf 83' lang='lat' dir='ltr'><strong>riora</strong></span> <span class='ocrx_word' id='word_1_633' title='bbox 463 5170 764 5238; x_wconf 75' lang='lat' dir='ltr'><strong>transﬁgat.</strong></span> <span class='ocrx_word' id='word_1_634' title='bbox 790 5168 924 5221; x_wconf 89' lang='lat' dir='ltr'><strong>lluic</strong></span> <span class='ocrx_word' id='word_1_635' title='bbox 957 5168 1135 5233; x_wconf 79' lang='lat' dir='ltr'><strong>itaque</strong></span> <span class='ocrx_word' id='word_1_636' title='bbox 1165 5164 1406 5234; x_wconf 82' lang='lat' dir='ltr'><strong>languori</strong></span> <span class='ocrx_word' id='word_1_637' title='bbox 1443 5167 1583 5218; x_wconf 90' lang='lat' dir='ltr'><strong>tertii</strong></span> <span class='ocrx_word' id='word_1_638' title='bbox 1616 5164 1870 5233; x_wconf 61' lang='grc' dir='ltr'>ιιι-ποθι)ιί</span> 
     </span>
    </p>
   </div>
   <div class='ocr_carea' id='block_1_84' title="bbox 276 5255 1871 5323">
    <p class='ocr_par' dir='ltr' id='par_1_84' title="bbox 276 5255 1871 5323">
     <span class='ocr_line' id='line_1_84' title="bbox 276 5255 1871 5323; baseline -0.006 -6"><span class='ocrx_word' id='word_1_639' title='bbox 276 5264 461 5319; x_wconf 83' lang='lat' dir='ltr'><strong>obviat</strong></span> <span class='ocrx_word' id='word_1_640' title='bbox 479 5262 765 5323; x_wconf 89' lang='lat' dir='ltr'><strong>medicina,</strong></span> <span class='ocrx_word' id='word_1_641' title='bbox 781 5275 903 5314; x_wconf 91' lang='lat' dir='ltr'><strong>cum</strong></span> <span class='ocrx_word' id='word_1_642' title='bbox 919 5259 1143 5312; x_wconf 86' lang='lat' dir='ltr'><strong>dicitur:</strong></span> <span class='ocrx_word' id='word_1_643' title='bbox 1165 5276 1181 5306; x_wconf 77' lang='grc' dir='ltr'><strong>ι</strong></span> <span class='ocrx_word' id='word_1_644' title='bbox 1205 5256 1472 5310; x_wconf 84' lang='lat' dir='ltr'><strong>Memento</strong></span> <span class='ocrx_word' id='word_1_645' title='bbox 1492 5265 1548 5309; x_wconf 90' lang='lat' dir='ltr'><strong>ut</strong></span> <span class='ocrx_word' id='word_1_646' title='bbox 1570 5257 1710 5310; x_wconf 88' lang='lat' dir='ltr'><strong>diem</strong></span> <span class='ocrx_word' id='word_1_647' title='bbox 1735 5255 1871 5309; x_wconf 87' lang='lat' dir='ltr'><strong>Sab-</strong></span> 
     </span>
    </p>
   </div>
   <div class='ocr_carea' id='block_1_85' title="bbox 276 5347 1858 5421">
    <p class='ocr_par' dir='ltr' id='par_1_85' title="bbox 276 5347 1858 5421">
     <span class='ocr_line' id='line_1_85' title="bbox 276 5347 1858 5421; baseline -0.006 -13"><span class='ocrx_word' id='word_1_648' title='bbox 276 5355 391 5408; x_wconf 86' lang='lat' dir='ltr'><strong>bati</strong></span> <span class='ocrx_word' id='word_1_649' title='bbox 441 5353 748 5407; x_wconf 87' lang='lat' dir='ltr'><strong>sanetilices</strong></span> <span class='ocrx_word' id='word_1_650' title='bbox 791 5352 808 5421; x_wconf 95' lang='lat'><strong>(</strong></span> <span class='ocrx_word' id='word_1_651' title='bbox 838 5350 1010 5404; x_wconf 71' lang='lat' dir='ltr'><strong>Exod.</strong></span> <span class='ocrx_word' id='word_1_652' title='bbox 1042 5366 1111 5402; x_wconf 80' lang='lat' dir='ltr'><strong>xx</strong></span> <span class='ocrx_word' id='word_1_653' title='bbox 1147 5358 1194 5404; x_wconf 87' lang='lat' dir='ltr'><strong>et</strong></span> <span class='ocrx_word' id='word_1_654' title='bbox 1225 5363 1352 5402; x_wconf 74' lang='lat' dir='ltr'><strong>xxxx</strong></span> <span class='ocrx_word' id='word_1_655' title='bbox 1384 5389 1399 5413; x_wconf 97' lang='lat'><strong>,</strong></span> <span class='ocrx_word' id='word_1_656' title='bbox 1448 5347 1658 5400; x_wconf 82' lang='lat' dir='ltr'><strong>Denter.</strong></span> <span class='ocrx_word' id='word_1_657' title='bbox 1689 5348 1748 5414; x_wconf 82' lang='grc' dir='ltr'>ι)</span> <span class='ocrx_word' id='word_1_658' title='bbox 1781 5364 1795 5410; x_wconf 89' lang='grc'><strong>;</strong></span> <span class='ocrx_word' id='word_1_659' title='bbox 1842 5366 1858 5398; x_wconf 79' lang='grc' dir='ltr'><strong>ι</strong></span> 
     </span>
    </p>
   </div>
   <div class='ocr_carea' id='block_1_86' title="bbox 281 5439 1865 5510">
    <p class='ocr_par' dir='ltr' id='par_1_86' title="bbox 281 5439 1865 5510">
     <span class='ocr_line' id='line_1_86' title="bbox 281 5439 1865 5510; baseline -0.006 -10"><span class='ocrx_word' id='word_1_660' title='bbox 281 5444 612 5509; x_wconf 85' lang='lat' dir='ltr'><strong>sabbatum,</strong></span> <span class='ocrx_word' id='word_1_661' title='bbox 668 5444 719 5498; x_wconf 89' lang='lat' dir='ltr'><strong>id</strong></span> <span class='ocrx_word' id='word_1_662' title='bbox 778 5451 860 5497; x_wconf 88' lang='lat' dir='ltr'><strong>est</strong></span> <span class='ocrx_word' id='word_1_663' title='bbox 931 5441 1150 5510; x_wconf 78' lang='lat' dir='ltr'><strong>requies.</strong></span> <span class='ocrx_word' id='word_1_664' title='bbox 1225 5439 1327 5494; x_wconf 88' lang='lat' dir='ltr'><strong>Ubi</strong></span> <span class='ocrx_word' id='word_1_665' title='bbox 1369 5447 1454 5493; x_wconf 91' lang='lat' dir='ltr'><strong>est</strong></span> <span class='ocrx_word' id='word_1_666' title='bbox 1506 5439 1865 5492; x_wconf 75' lang='lat' dir='ltr'><strong>sanctificatio</strong></span> 
     </span>
    </p>
   </div>
   <div class='ocr_carea' id='block_1_87' title="bbox 280 5533 1869 5605">
    <p class='ocr_par' dir='ltr' id='par_1_87' title="bbox 280 5533 1869 5605">
     <span class='ocr_line' id='line_1_87' title="bbox 280 5533 1869 5605; baseline -0.004 -15"><span class='ocrx_word' id='word_1_667' title='bbox 280 5537 513 5600; x_wconf 85' lang='lat' dir='ltr'><strong>sabbati,</strong></span> <span class='ocrx_word' id='word_1_668' title='bbox 565 5536 634 5590; x_wconf 87' lang='lat' dir='ltr'><strong>ibi</strong></span> <span class='ocrx_word' id='word_1_669' title='bbox 683 5538 866 5605; x_wconf 87' lang='lat' dir='ltr'><strong>procul</strong></span> <span class='ocrx_word' id='word_1_670' title='bbox 909 5536 1072 5590; x_wconf 92' lang='lat' dir='ltr'><strong>dubio</strong></span> <span class='ocrx_word' id='word_1_671' title='bbox 1123 5534 1360 5604; x_wconf 92' lang='lat' dir='ltr'><strong>Spiritus</strong></span> <span class='ocrx_word' id='word_1_672' title='bbox 1391 5533 1506 5589; x_wconf 87' lang='lat' dir='ltr'><strong>Dei.</strong></span> <span class='ocrx_word' id='word_1_673' title='bbox 1542 5533 1692 5588; x_wconf 87' lang='lat' dir='ltr'><strong>Unde</strong></span> <span class='ocrx_word' id='word_1_674' title='bbox 1735 5533 1869 5586; x_wconf 87' lang='lat' dir='ltr'><strong>scri-</strong></span> 
     </span>
    </p>
   </div>
   <div class='ocr_carea' id='block_1_88' title="bbox 279 5629 1860 5701">
    <p class='ocr_par' dir='ltr' id='par_1_88' title="bbox 279 5629 1860 5701">
     <span class='ocr_line' id='line_1_88' title="bbox 279 5629 1860 5701; baseline -0.001 -18"><span class='ocrx_word' id='word_1_675' title='bbox 279 5641 431 5698; x_wconf 89' lang='lat' dir='ltr'><strong>ptum</strong></span> <span class='ocrx_word' id='word_1_676' title='bbox 463 5640 543 5684; x_wconf 91' lang='lat' dir='ltr'><strong>est</strong></span> <span class='ocrx_word' id='word_1_677' title='bbox 570 5649 582 5685; x_wconf 90' lang='lat'><strong>:</strong></span> <span class='ocrx_word' id='word_1_678' title='bbox 615 5651 632 5682; x_wconf 74' lang='grc' dir='ltr'><strong>ι</strong></span> <span class='ocrx_word' id='word_1_679' title='bbox 695 5631 867 5701; x_wconf 87' lang='lat' dir='ltr'><strong>Super</strong></span> <span class='ocrx_word' id='word_1_680' title='bbox 893 5647 1052 5700; x_wconf 91' lang='lat' dir='ltr'><strong>quem</strong></span> <span class='ocrx_word' id='word_1_681' title='bbox 1088 5631 1390 5700; x_wconf 89' lang='lat' dir='ltr'><strong>requiescet</strong></span> <span class='ocrx_word' id='word_1_682' title='bbox 1419 5629 1654 5699; x_wconf 89' lang='lat' dir='ltr'><strong>Spiritus</strong></span> <span class='ocrx_word' id='word_1_683' title='bbox 1690 5645 1860 5691; x_wconf 89' lang='lat' dir='ltr'><strong>meus,</strong></span> 
     </span>
    </p>
   </div>
   <div class='ocr_carea' id='block_1_89' title="bbox 281 5721 1865 5791">
    <p class='ocr_par' dir='ltr' id='par_1_89' title="bbox 281 5721 1865 5791">
     <span class='ocr_line' id='line_1_89' title="bbox 281 5721 1865 5791; baseline 0.001 -18"><span class='ocrx_word' id='word_1_684' title='bbox 281 5721 386 5774; x_wconf 83' lang='lat' dir='ltr'><strong>nisi</strong></span> <span class='ocrx_word' id='word_1_685' title='bbox 435 5739 598 5787; x_wconf 82' lang='lat' dir='ltr'><strong>super</strong></span> <span class='ocrx_word' id='word_1_686' title='bbox 645 5724 900 5777; x_wconf 89' lang='lat' dir='ltr'><strong>humilem</strong></span> <span class='ocrx_word' id='word_1_687' title='bbox 947 5732 999 5776; x_wconf 89' lang='lat' dir='ltr'><strong>et</strong></span> <span class='ocrx_word' id='word_1_688' title='bbox 1035 5724 1278 5791; x_wconf 87' lang='lat' dir='ltr'><strong>quietum</strong></span> <span class='ocrx_word' id='word_1_689' title='bbox 1307 5731 1361 5776; x_wconf 90' lang='lat' dir='ltr'><strong>et</strong></span> <span class='ocrx_word' id='word_1_690' title='bbox 1401 5731 1718 5776; x_wconf 89' lang='lat' dir='ltr'><strong>trementem</strong></span> <span class='ocrx_word' id='word_1_691' title='bbox 1753 5737 1865 5775; x_wconf 86' lang='lat' dir='ltr'><strong>ser-</strong></span> 
     </span>
    </p>
   </div>
   <div class='ocr_carea' id='block_1_90' title="bbox 284 5813 1840 5885">
    <p class='ocr_par' dir='ltr' id='par_1_90' title="bbox 284 5813 1840 5885">
     <span class='ocr_line' id='line_1_90' title="bbox 284 5813 1840 5885; baseline 0.001 -21"><span class='ocrx_word' id='word_1_692' title='bbox 284 5828 474 5865; x_wconf 73' lang='lat' dir='ltr'><strong>mones</strong></span> <span class='ocrx_word' id='word_1_693' title='bbox 515 5817 708 5868; x_wconf 87' lang='lat' dir='ltr'><strong>meos?</strong></span> <span class='ocrx_word' id='word_1_694' title='bbox 747 5834 760 5865; x_wconf 66' lang='grc' dir='ltr'><strong><em>ρ</em></strong></span> <span class='ocrx_word' id='word_1_695' title='bbox 826 5813 1151 5885; x_wconf 66' lang='lat' dir='ltr'><strong>(lsuivai)</strong></span> <span class='ocrx_word' id='word_1_696' title='bbox 1203 5813 1476 5868; x_wconf 79' lang='lat' dir='ltr'><strong>l‘ensanda</strong></span> <span class='ocrx_word' id='word_1_697' title='bbox 1518 5825 1640 5869; x_wconf 91' lang='lat' dir='ltr'><strong>sunt</strong></span> <span class='ocrx_word' id='word_1_698' title='bbox 1683 5813 1840 5868; x_wconf 88' lang='lat' dir='ltr'><strong>verba</strong></span> 
     </span>
    </p>
   </div>
   <div class='ocr_carea' id='block_1_91' title="bbox 1963 3343 3542 3415">
    <p class='ocr_par' dir='ltr' id='par_1_91' title="bbox 1963 3343 3542 3415">
     <span class='ocr_line' id='line_1_91' title="bbox 1963 3343 3542 3415; baseline -0.002 -15"><span class='ocrx_word' id='word_1_699' title='bbox 1963 3356 2069 3400; x_wconf 90' lang='lat' dir='ltr'><strong>tem</strong></span> <span class='ocrx_word' id='word_1_700' title='bbox 2099 3346 2332 3415; x_wconf 88' lang='lat' dir='ltr'><strong>primum</strong></span> <span class='ocrx_word' id='word_1_701' title='bbox 2359 3345 2462 3399; x_wconf 92' lang='lat' dir='ltr'><strong>hoc</strong></span> <span class='ocrx_word' id='word_1_702' title='bbox 2513 3344 2822 3398; x_wconf 89' lang='lat' dir='ltr'><strong>mandatum</strong></span> <span class='ocrx_word' id='word_1_703' title='bbox 2879 3343 3094 3407; x_wconf 81' lang='lat' dir='ltr'><strong>dicitur,</strong></span> <span class='ocrx_word' id='word_1_704' title='bbox 3147 3343 3247 3396; x_wconf 88' lang='lat' dir='ltr'><strong>nisi</strong></span> <span class='ocrx_word' id='word_1_705' title='bbox 3295 3345 3436 3412; x_wconf 89' lang='lat' dir='ltr'><strong>quod</strong></span> <span class='ocrx_word' id='word_1_706' title='bbox 3490 3345 3542 3397; x_wconf 92' lang='lat' dir='ltr'><strong>in</strong></span> 
     </span>
    </p>
   </div>
   <div class='ocr_carea' id='block_1_92' title="bbox 1961 3434 3542 3508">
    <p class='ocr_par' dir='ltr' id='par_1_92' title="bbox 1961 3434 3542 3508">
     <span class='ocr_line' id='line_1_92' title="bbox 1961 3434 3542 3508; baseline -0.002 -19"><span class='ocrx_word' id='word_1_707' title='bbox 1961 3437 2224 3508; x_wconf 88' lang='lat' dir='ltr'><strong>principio</strong></span> <span class='ocrx_word' id='word_1_708' title='bbox 2249 3436 2498 3490; x_wconf 64' lang='lat' dir='ltr'><strong>secunda:</strong></span> <span class='ocrx_word' id='word_1_709' title='bbox 2550 3436 2742 3489; x_wconf 75' lang='lat' dir='ltr'><strong>tabulae</strong></span> <span class='ocrx_word' id='word_1_710' title='bbox 2789 3436 3019 3504; x_wconf 91' lang='lat' dir='ltr'><strong>positum</strong></span> <span class='ocrx_word' id='word_1_711' title='bbox 3050 3444 3131 3489; x_wconf 85' lang='lat' dir='ltr'><strong>est</strong></span> <span class='ocrx_word' id='word_1_712' title='bbox 3151 3435 3173 3487; x_wconf 88' lang='lat'><strong>?</strong></span> <span class='ocrx_word' id='word_1_713' title='bbox 3197 3435 3347 3500; x_wconf 81' lang='lat' dir='ltr'><strong>Quod</strong></span> <span class='ocrx_word' id='word_1_714' title='bbox 3379 3434 3542 3488; x_wconf 90' lang='lat' dir='ltr'><strong>etiam</strong></span> 
     </span>
    </p>
   </div>
   <div class='ocr_carea' id='block_1_93' title="bbox 1964 3526 3542 3600">
    <p class='ocr_par' dir='ltr' id='par_1_93' title="bbox 1964 3526 3542 3600">
     <span class='ocr_line' id='line_1_93' title="bbox 1964 3526 3542 3600; baseline -0.004 -16"><span class='ocrx_word' id='word_1_715' title='bbox 1964 3532 2016 3584; x_wconf 87' lang='lat' dir='ltr'><strong>in</strong></span> <span class='ocrx_word' id='word_1_716' title='bbox 2045 3530 2400 3600; x_wconf 88' lang='lat' dir='ltr'><strong>promissione</strong></span> <span class='ocrx_word' id='word_1_717' title='bbox 2423 3529 2638 3592; x_wconf 89' lang='lat' dir='ltr'><strong>dicitur,</strong></span> <span class='ocrx_word' id='word_1_718' title='bbox 2673 3528 2798 3596; x_wconf 77' lang='lat' dir='ltr'><strong>quia</strong></span> <span class='ocrx_word' id='word_1_719' title='bbox 2829 3527 2970 3596; x_wconf 91' lang='lat' dir='ltr'><strong>quod</strong></span> <span class='ocrx_word' id='word_1_720' title='bbox 3002 3527 3054 3580; x_wconf 93' lang='lat' dir='ltr'><strong>in</strong></span> <span class='ocrx_word' id='word_1_721' title='bbox 3099 3526 3216 3580; x_wconf 89' lang='lat' dir='ltr'><strong>aliis</strong></span> <span class='ocrx_word' id='word_1_722' title='bbox 3261 3526 3542 3595; x_wconf 63' lang='lat' dir='ltr'><strong>pra-copiis</strong></span> 
     </span>
    </p>
   </div>
   <div class='ocr_carea' id='block_1_94' title="bbox 1963 3616 3545 3689">
    <p class='ocr_par' dir='ltr' id='par_1_94' title="bbox 1963 3616 3545 3689">
     <span class='ocr_line' id='line_1_94' title="bbox 1963 3616 3545 3689; baseline -0.007 -13"><span class='ocrx_word' id='word_1_723' title='bbox 1963 3637 2068 3676; x_wconf 81' lang='lat' dir='ltr'><strong>non</strong></span> <span class='ocrx_word' id='word_1_724' title='bbox 2094 3621 2386 3683; x_wconf 81' lang='lat' dir='ltr'><strong>invenitur,</strong></span> <span class='ocrx_word' id='word_1_725' title='bbox 2410 3621 2512 3674; x_wconf 92' lang='lat' dir='ltr'><strong>hoc</strong></span> <span class='ocrx_word' id='word_1_726' title='bbox 2531 3627 2852 3689; x_wconf 67' lang='lat' dir='ltr'><strong>praeceptum</strong></span> <span class='ocrx_word' id='word_1_727' title='bbox 2882 3617 3235 3688; x_wconf 78' lang='lat' dir='ltr'><strong>lorigzevitatis</strong></span> <span class='ocrx_word' id='word_1_728' title='bbox 3260 3616 3545 3685; x_wconf 85' lang='lat' dir='ltr'><strong>promissio</strong></span> 
     </span>
    </p>
   </div>
   <div class='ocr_carea' id='block_1_95' title="bbox 1964 3705 3544 3782">
    <p class='ocr_par' dir='ltr' id='par_1_95' title="bbox 1964 3705 3544 3782">
     <span class='ocr_line' id='line_1_95' title="bbox 1964 3705 3544 3782; baseline -0.006 -14"><span class='ocrx_word' id='word_1_729' title='bbox 1964 3715 2228 3782; x_wconf 87' lang='lat' dir='ltr'><strong>sequitur,</strong></span> <span class='ocrx_word' id='word_1_730' title='bbox 2259 3711 2538 3780; x_wconf 72' lang='lat' dir='ltr'><strong>praemisso</strong></span> <span class='ocrx_word' id='word_1_731' title='bbox 2574 3711 2826 3764; x_wconf 89' lang='lat' dir='ltr'><strong>nimirum</strong></span> <span class='ocrx_word' id='word_1_732' title='bbox 2872 3711 2973 3764; x_wconf 90' lang='lat' dir='ltr'><strong>hoc</strong></span> <span class='ocrx_word' id='word_1_733' title='bbox 2992 3710 3138 3777; x_wconf 83' lang='lat' dir='ltr'><strong>quod</strong></span> <span class='ocrx_word' id='word_1_734' title='bbox 3171 3708 3404 3762; x_wconf 81' lang='lat' dir='ltr'><strong>dicitur:</strong></span> <span class='ocrx_word' id='word_1_735' title='bbox 3439 3705 3544 3759; x_wconf 86' lang='lat' dir='ltr'><strong>llo-</strong></span> 
     </span>
    </p>
   </div>
   <div class='ocr_carea' id='block_1_96' title="bbox 1967 3797 3539 3874">
    <p class='ocr_par' dir='ltr' id='par_1_96' title="bbox 1967 3797 3539 3874">
     <span class='ocr_line' id='line_1_96' title="bbox 1967 3797 3539 3874; baseline -0.006 -16"><span class='ocrx_word' id='word_1_736' title='bbox 1967 3821 2099 3859; x_wconf 88' lang='lat' dir='ltr'><strong>nora</strong></span> <span class='ocrx_word' id='word_1_737' title='bbox 2125 3813 2331 3874; x_wconf 89' lang='lat' dir='ltr'><strong>patrem</strong></span> <span class='ocrx_word' id='word_1_738' title='bbox 2359 3811 2414 3858; x_wconf 90' lang='lat' dir='ltr'><strong>et</strong></span> <span class='ocrx_word' id='word_1_739' title='bbox 2458 3812 2711 3866; x_wconf 85' lang='lat' dir='ltr'><strong>matrem,</strong></span> <span class='ocrx_word' id='word_1_740' title='bbox 2753 3810 2811 3854; x_wconf 93' lang='lat' dir='ltr'><strong>ut</strong></span> <span class='ocrx_word' id='word_1_741' title='bbox 2855 3801 2992 3854; x_wconf 89' lang='lat' dir='ltr'><strong>bene</strong></span> <span class='ocrx_word' id='word_1_742' title='bbox 3021 3800 3090 3853; x_wconf 92' lang='lat' dir='ltr'><strong>sit</strong></span> <span class='ocrx_word' id='word_1_743' title='bbox 3119 3799 3210 3852; x_wconf 90' lang='lat' dir='ltr'><strong>tibi</strong></span> <span class='ocrx_word' id='word_1_744' title='bbox 3239 3807 3290 3852; x_wconf 89' lang='lat' dir='ltr'><strong>et</strong></span> <span class='ocrx_word' id='word_1_745' title='bbox 3319 3799 3394 3852; x_wconf 85' lang='lat' dir='ltr'><strong>sis</strong></span> <span class='ocrx_word' id='word_1_746' title='bbox 3423 3797 3539 3850; x_wconf 88' lang='lat' dir='ltr'><strong>lon-</strong></span> 
     </span>
    </p>
   </div>
   <div class='ocr_carea' id='block_1_97' title="bbox 1966 3887 3547 3965">
    <p class='ocr_par' dir='ltr' id='par_1_97' title="bbox 1966 3887 3547 3965">
     <span class='ocr_line' id='line_1_97' title="bbox 1966 3887 3547 3965; baseline -0.006 -17"><span class='ocrx_word' id='word_1_747' title='bbox 1966 3911 2146 3965; x_wconf 64' lang='lat' dir='ltr'><strong>gaavus</strong></span> <span class='ocrx_word' id='word_1_748' title='bbox 2193 3909 2354 3962; x_wconf 85' lang='lat' dir='ltr'><strong>super</strong></span> <span class='ocrx_word' id='word_1_749' title='bbox 2387 3903 2605 3946; x_wconf 89' lang='lat' dir='ltr'><strong>terram.</strong></span> <span class='ocrx_word' id='word_1_750' title='bbox 2660 3891 2770 3944; x_wconf 90' lang='lat' dir='ltr'><strong>Iloc</strong></span> <span class='ocrx_word' id='word_1_751' title='bbox 2817 3904 2945 3958; x_wconf 84' lang='lat' dir='ltr'><strong>ergo</strong></span> <span class='ocrx_word' id='word_1_752' title='bbox 2996 3898 3358 3957; x_wconf 73' lang='lat' dir='ltr'><strong>pneceptum,</strong></span> <span class='ocrx_word' id='word_1_753' title='bbox 3405 3887 3547 3954; x_wconf 87' lang='lat' dir='ltr'><strong>quod</strong></span> 
     </span>
    </p>
   </div>
   <div class='ocr_carea' id='block_1_98' title="bbox 1969 3977 3548 4055">
    <p class='ocr_par' dir='ltr' id='par_1_98' title="bbox 1969 3977 3548 4055">
     <span class='ocr_line' id='line_1_98' title="bbox 1969 3977 3548 4055; baseline -0.006 -18"><span class='ocrx_word' id='word_1_754' title='bbox 1969 3995 2218 4055; x_wconf 88' lang='lat' dir='ltr'><strong>quartum</strong></span> <span class='ocrx_word' id='word_1_755' title='bbox 2247 3992 2329 4036; x_wconf 91' lang='lat' dir='ltr'><strong>est</strong></span> <span class='ocrx_word' id='word_1_756' title='bbox 2356 3983 2406 4034; x_wconf 92' lang='lat' dir='ltr'><strong>in</strong></span> <span class='ocrx_word' id='word_1_757' title='bbox 2451 3981 2687 4049; x_wconf 82' lang='lat' dir='ltr'><strong>generali</strong></span> <span class='ocrx_word' id='word_1_758' title='bbox 2721 3996 2946 4033; x_wconf 86' lang='lat' dir='ltr'><strong>numero</strong></span> <span class='ocrx_word' id='word_1_759' title='bbox 2983 3979 3318 4039; x_wconf 89' lang='lat' dir='ltr'><strong>mandatum,</strong></span> <span class='ocrx_word' id='word_1_760' title='bbox 3365 3977 3416 4029; x_wconf 93' lang='lat' dir='ltr'><strong>in</strong></span> <span class='ocrx_word' id='word_1_761' title='bbox 3463 3990 3548 4029; x_wconf 92' lang='lat' dir='ltr'><strong>se-</strong></span> 
     </span>
    </p>
   </div>
   <div class='ocr_carea' id='block_1_99' title="bbox 1969 4072 2876 4142">
    <p class='ocr_par' dir='ltr' id='par_1_99' title="bbox 1969 4072 2876 4142">
     <span class='ocr_line' id='line_1_99' title="bbox 1969 4072 2876 4142; baseline -0.011 -11"><span class='ocrx_word' id='word_1_762' title='bbox 1969 4078 2141 4131; x_wconf 89' lang='lat' dir='ltr'><strong>cunda</strong></span> <span class='ocrx_word' id='word_1_763' title='bbox 2173 4073 2347 4128; x_wconf 88' lang='lat' dir='ltr'><strong>tabula</strong></span> <span class='ocrx_word' id='word_1_764' title='bbox 2375 4073 2590 4142; x_wconf 80' lang='lat' dir='ltr'><strong>ponitur</strong></span> <span class='ocrx_word' id='word_1_765' title='bbox 2624 4072 2876 4140; x_wconf 79' lang='lat' dir='ltr'><strong>prin&#39;iui&#39;n.</strong></span> 
     </span>
    </p>
   </div>
   <div class='ocr_carea' id='block_1_100' title="bbox 2039 4158 3547 4230">
    <p class='ocr_par' dir='ltr' id='par_1_100' title="bbox 2039 4158 3547 4230">
     <span class='ocr_line' id='line_1_100' title="bbox 2039 4158 3547 4230; baseline -0.008 -9"><span class='ocrx_word' id='word_1_766' title='bbox 2039 4165 2135 4221; x_wconf 87' lang='lat' dir='ltr'><strong>Cui</strong></span> <span class='ocrx_word' id='word_1_767' title='bbox 2167 4164 2434 4219; x_wconf 83' lang='lat' dir='ltr'><strong>contraria</strong></span> <span class='ocrx_word' id='word_1_768' title='bbox 2467 4171 2550 4216; x_wconf 89' lang='lat' dir='ltr'><strong>est</strong></span> <span class='ocrx_word' id='word_1_769' title='bbox 2577 4173 2768 4230; x_wconf 89' lang='lat' dir='ltr'><strong>quarta</strong></span> <span class='ocrx_word' id='word_1_770' title='bbox 2798 4159 2976 4229; x_wconf 81' lang='lat' dir='ltr'><strong>plaga,</strong></span> <span class='ocrx_word' id='word_1_771' title='bbox 2999 4159 3100 4213; x_wconf 90' lang='lat' dir='ltr'><strong>hoc</strong></span> <span class='ocrx_word' id='word_1_772' title='bbox 3132 4168 3233 4220; x_wconf 89' lang='lat' dir='ltr'><strong>est,</strong></span> <span class='ocrx_word' id='word_1_773' title='bbox 3263 4158 3547 4226; x_wconf 64' lang='lat' dir='ltr'><strong>cynonzyfa</strong></span> 
     </span>
    </p>
   </div>
   <div class='ocr_carea' id='block_1_101' title="bbox 1969 4250 3548 4329">
    <p class='ocr_par' dir='ltr' id='par_1_101' title="bbox 1969 4250 3548 4329">
     <span class='ocr_line' id='line_1_101' title="bbox 1969 4250 3548 4329; baseline -0.006 -17"><span class='ocrx_word' id='word_1_774' title='bbox 1969 4275 2088 4329; x_wconf 70' lang='lat' dir='ltr'><strong>qua:</strong></span> <span class='ocrx_word' id='word_1_775' title='bbox 2126 4259 2324 4311; x_wconf 88' lang='lat' dir='ltr'><strong>dicitttr</strong></span> <span class='ocrx_word' id='word_1_776' title='bbox 2367 4271 2543 4306; x_wconf 78' lang='lat' dir='ltr'><strong>musca</strong></span> <span class='ocrx_word' id='word_1_777' title='bbox 2583 4253 2771 4306; x_wconf 84' lang='lat' dir='ltr'><strong>canina</strong></span> <span class='ocrx_word' id='word_1_778' title='bbox 2810 4250 3008 4321; x_wconf 70' lang='lat' dir='ltr'><strong>(Exod.</strong></span> <span class='ocrx_word' id='word_1_779' title='bbox 3043 4255 3182 4321; x_wconf 83' lang='lat' dir='ltr'><strong>vni).</strong></span> <span class='ocrx_word' id='word_1_780' title='bbox 3218 4250 3359 4303; x_wconf 70' lang='lat' dir='ltr'><strong>Nihil</strong></span> <span class='ocrx_word' id='word_1_781' title='bbox 3404 4251 3548 4306; x_wconf 81' lang='lat' dir='ltr'><strong>enim</strong></span> 
     </span>
    </p>
   </div>
   <div class='ocr_carea' id='block_1_102' title="bbox 1973 4341 3549 4413">
    <p class='ocr_par' dir='ltr' id='par_1_102' title="bbox 1973 4341 3549 4413">
     <span class='ocr_line' id='line_1_102' title="bbox 1973 4341 3549 4413; baseline -0.007 -8"><span class='ocrx_word' id='word_1_782' title='bbox 1973 4362 2080 4405; x_wconf 89' lang='lat' dir='ltr'><strong>tam</strong></span> <span class='ocrx_word' id='word_1_783' title='bbox 2119 4350 2372 4403; x_wconf 87' lang='lat' dir='ltr'><strong>caninum</strong></span> <span class='ocrx_word' id='word_1_784' title='bbox 2404 4357 2485 4400; x_wconf 89' lang='lat' dir='ltr'><strong>est</strong></span> <span class='ocrx_word' id='word_1_785' title='bbox 2511 4361 2670 4413; x_wconf 83' lang='lat' dir='ltr'><strong>quam</strong></span> <span class='ocrx_word' id='word_1_786' title='bbox 2705 4345 2954 4413; x_wconf 77' lang='lat' dir='ltr'><strong>ignorare.</strong></span> <span class='ocrx_word' id='word_1_787' title='bbox 2975 4352 3229 4412; x_wconf 89' lang='lat' dir='ltr'><strong>parentes</strong></span> <span class='ocrx_word' id='word_1_788' title='bbox 3253 4351 3300 4396; x_wconf 89' lang='lat' dir='ltr'><strong>et</strong></span> <span class='ocrx_word' id='word_1_789' title='bbox 3333 4341 3435 4394; x_wconf 87' lang='lat' dir='ltr'><strong>illis</strong></span> <span class='ocrx_word' id='word_1_790' title='bbox 3458 4342 3549 4410; x_wconf 87' lang='lat' dir='ltr'><strong>qui</strong></span> 
     </span>
    </p>
   </div>
   <div class='ocr_carea' id='block_1_103' title="bbox 1973 4432 3553 4510">
    <p class='ocr_par' dir='ltr' id='par_1_103' title="bbox 1973 4432 3553 4510">
     <span class='ocr_line' id='line_1_103' title="bbox 1973 4432 3553 4510; baseline -0.006 -15"><span class='ocrx_word' id='word_1_791' title='bbox 1973 4459 2070 4495; x_wconf 88' lang='lat' dir='ltr'><strong>nos</strong></span> <span class='ocrx_word' id='word_1_792' title='bbox 2099 4449 2415 4510; x_wconf 81' lang='lat' dir='ltr'><strong>genuerunt,</strong></span> <span class='ocrx_word' id='word_1_793' title='bbox 2447 4437 2802 4490; x_wconf 87' lang='lat' dir='ltr'><strong>reverentiam</strong></span> <span class='ocrx_word' id='word_1_794' title='bbox 2855 4451 2957 4488; x_wconf 91' lang='lat' dir='ltr'><strong>non</strong></span> <span class='ocrx_word' id='word_1_795' title='bbox 3003 4433 3229 4488; x_wconf 80' lang='lat' dir='ltr'><strong>deferre.</strong></span> <span class='ocrx_word' id='word_1_796' title='bbox 3265 4433 3423 4503; x_wconf 77' lang='lat'><strong>106</strong></span> <span class='ocrx_word' id='word_1_797' title='bbox 3447 4432 3553 4486; x_wconf 83' lang='lat' dir='ltr'><strong>Eos</strong></span> 
     </span>
    </p>
   </div>
   <div class='ocr_carea' id='block_1_104' title="bbox 1973 4526 3556 4598">
    <p class='ocr_par' dir='ltr' id='par_1_104' title="bbox 1973 4526 3556 4598">
     <span class='ocr_line' id='line_1_104' title="bbox 1973 4526 3556 4598; baseline -0.008 -10"><span class='ocrx_word' id='word_1_798' title='bbox 1973 4533 2135 4588; x_wconf 88' lang='lat' dir='ltr'><strong>etiam</strong></span> <span class='ocrx_word' id='word_1_799' title='bbox 2185 4543 2440 4598; x_wconf 88' lang='lat' dir='ltr'><strong>tanquam</strong></span> <span class='ocrx_word' id='word_1_800' title='bbox 2475 4543 2671 4581; x_wconf 81' lang='lat' dir='ltr'><strong>innscae</strong></span> <span class='ocrx_word' id='word_1_801' title='bbox 2699 4526 3192 4580; x_wconf 81' lang='lat' dir='ltr'><strong>circumvolitanles</strong></span> <span class='ocrx_word' id='word_1_802' title='bbox 3223 4527 3400 4579; x_wconf 87' lang='lat' dir='ltr'><strong>Canini</strong></span> <span class='ocrx_word' id='word_1_803' title='bbox 3440 4540 3556 4577; x_wconf 85' lang='lat' dir='ltr'><strong>mo-</strong></span> 
     </span>
    </p>
   </div>
   <div class='ocr_carea' id='block_1_105' title="bbox 1972 4617 3551 4694">
    <p class='ocr_par' dir='ltr' id='par_1_105' title="bbox 1972 4617 3551 4694">
     <span class='ocr_line' id='line_1_105' title="bbox 1972 4617 3551 4694; baseline -0.008 -14"><span class='ocrx_word' id='word_1_804' title='bbox 1972 4644 2058 4683; x_wconf 87' lang='lat' dir='ltr'><strong>res</strong></span> <span class='ocrx_word' id='word_1_805' title='bbox 2084 4626 2378 4694; x_wconf 75' lang='lat' dir='ltr'><strong>exagitant,</strong></span> <span class='ocrx_word' id='word_1_806' title='bbox 2405 4623 2518 4690; x_wconf 92' lang='lat' dir='ltr'><strong>qui,</strong></span> <span class='ocrx_word' id='word_1_807' title='bbox 2552 4623 2675 4674; x_wconf 90' lang='lat' dir='ltr'><strong>dum</strong></span> <span class='ocrx_word' id='word_1_808' title='bbox 2702 4619 2914 4673; x_wconf 80' lang='lat' dir='ltr'><strong>deferre</strong></span> <span class='ocrx_word' id='word_1_809' title='bbox 2943 4619 3253 4688; x_wconf 80' lang='lat' dir='ltr'><strong>parentibus</strong></span> <span class='ocrx_word' id='word_1_810' title='bbox 3284 4617 3551 4678; x_wconf 84' lang='lat' dir='ltr'><strong>nesciunt,</strong></span> 
     </span>
    </p>
   </div>
   <div class='ocr_carea' id='block_1_106' title="bbox 1971 4711 3552 4787">
    <p class='ocr_par' dir='ltr' id='par_1_106' title="bbox 1971 4711 3552 4787">
     <span class='ocr_line' id='line_1_106' title="bbox 1971 4711 3552 4787; baseline -0.006 -16"><span class='ocrx_word' id='word_1_811' title='bbox 1971 4733 2068 4787; x_wconf 91' lang='lat' dir='ltr'><strong>per</strong></span> <span class='ocrx_word' id='word_1_812' title='bbox 2094 4716 2328 4770; x_wconf 85' lang='lat' dir='ltr'><strong>levitatis</strong></span> <span class='ocrx_word' id='word_1_813' title='bbox 2359 4714 2774 4766; x_wconf 87' lang='lat' dir='ltr'><strong>inconstantiam</strong></span> <span class='ocrx_word' id='word_1_814' title='bbox 2825 4730 2853 4764; x_wconf 90' lang='lat' dir='ltr'><strong>a</strong></span> <span class='ocrx_word' id='word_1_815' title='bbox 2901 4711 3128 4763; x_wconf 86' lang='lat' dir='ltr'><strong>naturali</strong></span> <span class='ocrx_word' id='word_1_816' title='bbox 3166 4711 3428 4778; x_wconf 80' lang='lat' dir='ltr'><strong>gravitate</strong></span> <span class='ocrx_word' id='word_1_817' title='bbox 3456 4718 3552 4761; x_wconf 86' lang='lat' dir='ltr'><strong>&#39;re-</strong></span> 
     </span>
    </p>
   </div>
   <div class='ocr_carea' id='block_1_107' title="bbox 1973 4799 3546 4874">
    <p class='ocr_par' dir='ltr' id='par_1_107' title="bbox 1973 4799 3546 4874">
     <span class='ocr_line' id='line_1_107' title="bbox 1973 4799 3546 4874; baseline -0.006 -15"><span class='ocrx_word' id='word_1_818' title='bbox 1973 4807 2183 4867; x_wconf 86' lang='lat' dir='ltr'><strong>cedunt,</strong></span> <span class='ocrx_word' id='word_1_819' title='bbox 2217 4822 2415 4874; x_wconf 86' lang='lat' dir='ltr'><strong>eosque</strong></span> <span class='ocrx_word' id='word_1_820' title='bbox 2453 4814 2708 4872; x_wconf 88' lang='lat' dir='ltr'><strong>tanquam</strong></span> <span class='ocrx_word' id='word_1_821' title='bbox 2736 4803 2942 4855; x_wconf 68' lang='lat' dir='ltr'><strong>canina:</strong></span> <span class='ocrx_word' id='word_1_822' title='bbox 2989 4815 3186 4853; x_wconf 79' lang='lat' dir='ltr'><strong>muscae</strong></span> <span class='ocrx_word' id='word_1_823' title='bbox 3229 4799 3546 4859; x_wconf 73' lang='lat' dir='ltr'><strong>dilacerant,</strong></span> 
     </span>
    </p>
   </div>
   <div class='ocr_carea' id='block_1_108' title="bbox 1975 4891 3553 4964">
    <p class='ocr_par' dir='ltr' id='par_1_108' title="bbox 1975 4891 3553 4964">
     <span class='ocr_line' id='line_1_108' title="bbox 1975 4891 3553 4964; baseline -0.006 -14"><span class='ocrx_word' id='word_1_824' title='bbox 1975 4897 2098 4950; x_wconf 83' lang='lat' dir='ltr'><strong>dunt</strong></span> <span class='ocrx_word' id='word_1_825' title='bbox 2129 4913 2188 4950; x_wconf 87' lang='lat' dir='ltr'><strong>se</strong></span> <span class='ocrx_word' id='word_1_826' title='bbox 2217 4908 2401 4950; x_wconf 89' lang='lat' dir='ltr'><strong>contra</strong></span> <span class='ocrx_word' id='word_1_827' title='bbox 2451 4895 2720 4964; x_wconf 89' lang='lat' dir='ltr'><strong>genitores</strong></span> <span class='ocrx_word' id='word_1_828' title='bbox 2765 4907 2926 4955; x_wconf 91' lang='lat' dir='ltr'><strong>suos,</strong></span> <span class='ocrx_word' id='word_1_829' title='bbox 2980 4891 3132 4959; x_wconf 88' lang='lat' dir='ltr'><strong>quasi</strong></span> <span class='ocrx_word' id='word_1_830' title='bbox 3183 4891 3453 4959; x_wconf 79' lang='lat' dir='ltr'><strong>ringentes</strong></span> <span class='ocrx_word' id='word_1_831' title='bbox 3499 4897 3553 4943; x_wconf 90' lang='lat' dir='ltr'><strong>et</strong></span> 
     </span>
    </p>
   </div>
   <div class='ocr_carea' id='block_1_109' title="bbox 1975 4983 3555 5056">
    <p class='ocr_par' dir='ltr' id='par_1_109' title="bbox 1975 4983 3555 5056">
     <span class='ocr_line' id='line_1_109' title="bbox 1975 4983 3555 5056; baseline -0.007 -12"><span class='ocrx_word' id='word_1_832' title='bbox 1975 4990 2309 5044; x_wconf 82' lang='lat' dir='ltr'><strong>oblatrantes</strong></span> <span class='ocrx_word' id='word_1_833' title='bbox 2334 5030 2346 5050; x_wconf 97' lang='lat'><strong>,</strong></span> <span class='ocrx_word' id='word_1_834' title='bbox 2381 5004 2477 5056; x_wconf 82' lang='lat' dir='ltr'><strong>per</strong></span> <span class='ocrx_word' id='word_1_835' title='bbox 2507 4987 2897 5056; x_wconf 88' lang='lat' dir='ltr'><strong>impatientiam</strong></span> <span class='ocrx_word' id='word_1_836' title='bbox 2945 4992 3158 5037; x_wconf 83' lang='lat' dir='ltr'><strong>vexant.</strong></span> <span class='ocrx_word' id='word_1_837' title='bbox 3203 4983 3271 5037; x_wconf 88' lang='lat' dir='ltr'><strong>Ut</strong></span> <span class='ocrx_word' id='word_1_838' title='bbox 3312 4983 3426 5036; x_wconf 74' lang='lat' dir='ltr'><strong>lucc</strong></span> <span class='ocrx_word' id='word_1_839' title='bbox 3467 4996 3555 5035; x_wconf 89' lang='lat' dir='ltr'><strong>er-</strong></span> 
     </span>
    </p>
   </div>
   <div class='ocr_carea' id='block_1_110' title="bbox 1981 5072 3554 5149">
    <p class='ocr_par' dir='ltr' id='par_1_110' title="bbox 1981 5072 3554 5149">
     <span class='ocr_line' id='line_1_110' title="bbox 1981 5072 3554 5149; baseline -0.003 -17"><span class='ocrx_word' id='word_1_840' title='bbox 1981 5095 2048 5149; x_wconf 85' lang='lat' dir='ltr'><strong>go</strong></span> <span class='ocrx_word' id='word_1_841' title='bbox 2076 5080 2227 5148; x_wconf 78' lang='lat' dir='ltr'><strong>plaga</strong></span> <span class='ocrx_word' id='word_1_842' title='bbox 2257 5088 2496 5144; x_wconf 86' lang='lat' dir='ltr'><strong>curetur,</strong></span> <span class='ocrx_word' id='word_1_843' title='bbox 2525 5079 2685 5147; x_wconf 87' lang='lat' dir='ltr'><strong>digna</strong></span> <span class='ocrx_word' id='word_1_844' title='bbox 2725 5077 3037 5144; x_wconf 87' lang='lat' dir='ltr'><strong>parentibus</strong></span> <span class='ocrx_word' id='word_1_845' title='bbox 3072 5073 3372 5128; x_wconf 86' lang='lat' dir='ltr'><strong>reverentia</strong></span> <span class='ocrx_word' id='word_1_846' title='bbox 3410 5072 3554 5127; x_wconf 79' lang='lat' dir='ltr'><strong>defe-</strong></span> 
     </span>
    </p>
   </div>
   <div class='ocr_carea' id='block_1_111' title="bbox 1980 5180 2148 5224">
    <p class='ocr_par' dir='ltr' id='par_1_111' title="bbox 1980 5180 2148 5224">
     <span class='ocr_line' id='line_1_111' title="bbox 1980 5180 2148 5224; baseline 0 -1"><span class='ocrx_word' id='word_1_847' title='bbox 1980 5180 2148 5224; x_wconf 85' lang='lat' dir='ltr'><strong>ratur.</strong></span> 
     </span>
    </p>
   </div>
   <div class='ocr_carea' id='block_1_112' title="bbox 2048 5254 3550 5330">
    <p class='ocr_par' dir='ltr' id='par_1_112' title="bbox 2048 5254 3550 5330">
     <span class='ocr_line' id='line_1_112' title="bbox 2048 5254 3550 5330; baseline -0.002 -17"><span class='ocrx_word' id='word_1_848' title='bbox 2048 5262 2243 5328; x_wconf 79' lang='lat' dir='ltr'><strong>Quinta</strong></span> <span class='ocrx_word' id='word_1_849' title='bbox 2297 5260 2450 5330; x_wconf 80' lang='lat' dir='ltr'><strong>plaga</strong></span> <span class='ocrx_word' id='word_1_850' title='bbox 2511 5275 2654 5314; x_wconf 87' lang='lat' dir='ltr'><strong>IllOI‘S</strong></span> <span class='ocrx_word' id='word_1_851' title='bbox 2699 5267 3043 5329; x_wconf 85' lang='lat' dir='ltr'><strong>peccatorum</strong></span> <span class='ocrx_word' id='word_1_852' title='bbox 3093 5265 3176 5311; x_wconf 90' lang='lat' dir='ltr'><strong>est</strong></span> <span class='ocrx_word' id='word_1_853' title='bbox 3227 5254 3550 5328; x_wconf 77' lang='lat' dir='ltr'><strong>(Exod.tx).</strong></span> 
     </span>
    </p>
   </div>
   <div class='ocr_carea' id='block_1_113' title="bbox 1973 5351 3554 5424">
    <p class='ocr_par' dir='ltr' id='par_1_113' title="bbox 1973 5351 3554 5424">
     <span class='ocr_line' id='line_1_113' title="bbox 1973 5351 3554 5424; baseline -0.005 -12"><span class='ocrx_word' id='word_1_854' title='bbox 1973 5356 2172 5412; x_wconf 87' lang='lat' dir='ltr'><strong>Omnes</strong></span> <span class='ocrx_word' id='word_1_855' title='bbox 2196 5357 2337 5409; x_wconf 90' lang='lat' dir='ltr'><strong>enim</strong></span> <span class='ocrx_word' id='word_1_856' title='bbox 2370 5355 2459 5424; x_wconf 85' lang='lat' dir='ltr'><strong>qui</strong></span> <span class='ocrx_word' id='word_1_857' title='bbox 2488 5362 2670 5422; x_wconf 85' lang='lat' dir='ltr'><strong>spreto</strong></span> <span class='ocrx_word' id='word_1_858' title='bbox 2711 5351 2976 5421; x_wconf 85' lang='lat' dir='ltr'><strong>eonjngali</strong></span> <span class='ocrx_word' id='word_1_859' title='bbox 3009 5361 3124 5405; x_wconf 92' lang='lat' dir='ltr'><strong>toro</strong></span> <span class='ocrx_word' id='word_1_860' title='bbox 3153 5351 3448 5404; x_wconf 89' lang='lat' dir='ltr'><strong>alienarum</strong></span> <span class='ocrx_word' id='word_1_861' title='bbox 3495 5364 3554 5404; x_wconf 90' lang='lat' dir='ltr'><strong>sc</strong></span> 
     </span>
    </p>
   </div>
   <div class='ocr_carea' id='block_1_114' title="bbox 1974 5439 3554 5511">
    <p class='ocr_par' dir='ltr' id='par_1_114' title="bbox 1974 5439 3554 5511">
     <span class='ocr_line' id='line_1_114' title="bbox 1974 5439 3554 5511; baseline -0.005 -11"><span class='ocrx_word' id='word_1_862' title='bbox 1974 5446 2255 5500; x_wconf 88' lang='lat' dir='ltr'><strong>mulierum</strong></span> <span class='ocrx_word' id='word_1_863' title='bbox 2273 5442 2856 5511; x_wconf 67' lang='lat' dir='ltr'><strong>fonlitatilntspolluunt</strong></span> <span class='ocrx_word' id='word_1_864' title='bbox 2881 5452 2934 5494; x_wconf 91' lang='lat' dir='ltr'><strong>et</strong></span> <span class='ocrx_word' id='word_1_865' title='bbox 2951 5440 3300 5510; x_wconf 66' lang='lat' dir='ltr'><strong>perobscenm</strong></span> <span class='ocrx_word' id='word_1_866' title='bbox 3317 5439 3554 5494; x_wconf 86' lang='lat' dir='ltr'><strong>libidinis</strong></span> 
     </span>
    </p>
   </div>
   <div class='ocr_carea' id='block_1_115' title="bbox 1975 5530 3554 5606">
    <p class='ocr_par' dir='ltr' id='par_1_115' title="bbox 1975 5530 3554 5606">
     <span class='ocr_line' id='line_1_115' title="bbox 1975 5530 3554 5606; baseline -0.006 -16"><span class='ocrx_word' id='word_1_867' title='bbox 1975 5537 2178 5606; x_wconf 88' lang='lat' dir='ltr'><strong>passim</strong></span> <span class='ocrx_word' id='word_1_868' title='bbox 2201 5534 2342 5587; x_wconf 80' lang='lat' dir='ltr'><strong>ﬂuxa</strong></span> <span class='ocrx_word' id='word_1_869' title='bbox 2371 5534 2662 5596; x_wconf 64' lang='lat' dir='ltr'><strong>resolvunt,</strong></span> <span class='ocrx_word' id='word_1_870' title='bbox 2692 5533 2818 5600; x_wconf 89' lang='lat' dir='ltr'><strong>quid</strong></span> <span class='ocrx_word' id='word_1_871' title='bbox 2838 5531 2979 5585; x_wconf 88' lang='lat' dir='ltr'><strong>aliud</strong></span> <span class='ocrx_word' id='word_1_872' title='bbox 2995 5547 3155 5600; x_wconf 90' lang='lat' dir='ltr'><strong>quam</strong></span> <span class='ocrx_word' id='word_1_873' title='bbox 3172 5530 3554 5584; x_wconf 88' lang='lat' dir='ltr'><strong>brutadicendi</strong></span> 
     </span>
    </p>
   </div>
   <div class='ocr_carea' id='block_1_116' title="bbox 1969 5623 3552 5697">
    <p class='ocr_par' dir='ltr' id='par_1_116' title="bbox 1969 5623 3552 5697">
     <span class='ocr_line' id='line_1_116' title="bbox 1969 5623 3552 5697; baseline -0.005 -13"><span class='ocrx_word' id='word_1_874' title='bbox 1969 5637 2094 5684; x_wconf 91' lang='lat' dir='ltr'><strong>sunt</strong></span> <span class='ocrx_word' id='word_1_875' title='bbox 2120 5641 2311 5697; x_wconf 89' lang='lat' dir='ltr'><strong>pecora</strong></span> <span class='ocrx_word' id='word_1_876' title='bbox 2339 5634 2500 5694; x_wconf 88' lang='lat' dir='ltr'><strong>atque</strong></span> <span class='ocrx_word' id='word_1_877' title='bbox 2537 5642 2565 5676; x_wconf 90' lang='lat' dir='ltr'><strong>a</strong></span> <span class='ocrx_word' id='word_1_878' title='bbox 2611 5626 2817 5677; x_wconf 88' lang='lat' dir='ltr'><strong>ratione</strong></span> <span class='ocrx_word' id='word_1_879' title='bbox 2856 5624 3149 5694; x_wconf 88' lang='lat' dir='ltr'><strong>spiritualis</strong></span> <span class='ocrx_word' id='word_1_880' title='bbox 3188 5623 3552 5692; x_wconf 82' lang='lat' dir='ltr'><strong>intelligentia:</strong></span> 
     </span>
    </p>
   </div>
   <div class='ocr_carea' id='block_1_117' title="bbox 1969 5715 3556 5790">
    <p class='ocr_par' dir='ltr' id='par_1_117' title="bbox 1969 5715 3556 5790">
     <span class='ocr_line' id='line_1_117' title="bbox 1969 5715 3556 5790; baseline -0.004 -17"><span class='ocrx_word' id='word_1_881' title='bbox 1969 5721 2183 5790; x_wconf 85' lang='lat' dir='ltr'><strong>penitus</strong></span> <span class='ocrx_word' id='word_1_882' title='bbox 2217 5717 2435 5770; x_wconf 86' lang='lat' dir='ltr'><strong>aliena?</strong></span> <span class='ocrx_word' id='word_1_883' title='bbox 2470 5736 2486 5767; x_wconf 87' lang='grc'><strong><em>‹</em></strong></span> <span class='ocrx_word' id='word_1_884' title='bbox 2525 5715 2672 5769; x_wconf 85' lang='lat' dir='ltr'><strong>Facti</strong></span> <span class='ocrx_word' id='word_1_885' title='bbox 2717 5726 2839 5770; x_wconf 87' lang='lat' dir='ltr'><strong>sunt</strong></span> <span class='ocrx_word' id='word_1_886' title='bbox 2887 5717 3029 5770; x_wconf 86' lang='lat' dir='ltr'><strong>enim</strong></span> <span class='ocrx_word' id='word_1_887' title='bbox 3071 5715 3204 5769; x_wconf 90' lang='lat' dir='ltr'><strong>sicut</strong></span> <span class='ocrx_word' id='word_1_888' title='bbox 3247 5729 3415 5783; x_wconf 85' lang='lat' dir='ltr'><strong>equus</strong></span> <span class='ocrx_word' id='word_1_889' title='bbox 3441 5755 3454 5776; x_wconf 89' lang='lat'><strong>,</strong></span> <span class='ocrx_word' id='word_1_890' title='bbox 3499 5722 3556 5766; x_wconf 85' lang='lat' dir='ltr'><strong>et</strong></span> 
     </span>
    </p>
   </div>
   <div class='ocr_carea' id='block_1_118' title="bbox 1975 5807 3556 5883">
    <p class='ocr_par' dir='ltr' id='par_1_118' title="bbox 1975 5807 3556 5883">
     <span class='ocr_line' id='line_1_118' title="bbox 1975 5807 3556 5883; baseline -0.004 -15"><span class='ocrx_word' id='word_1_891' title='bbox 1975 5815 2170 5878; x_wconf 81' lang='lat' dir='ltr'><strong>mulus,</strong></span> <span class='ocrx_word' id='word_1_892' title='bbox 2207 5813 2401 5883; x_wconf 70' lang='lat' dir='ltr'><strong>quibus</strong></span> <span class='ocrx_word' id='word_1_893' title='bbox 2432 5827 2537 5865; x_wconf 87' lang='lat' dir='ltr'><strong>non</strong></span> <span class='ocrx_word' id='word_1_894' title='bbox 2569 5819 2647 5865; x_wconf 86' lang='lat' dir='ltr'><strong>est</strong></span> <span class='ocrx_word' id='word_1_895' title='bbox 2683 5809 2984 5863; x_wconf 70' lang='lat' dir='ltr'><strong>intellectus</strong></span> <span class='ocrx_word' id='word_1_896' title='bbox 3011 5807 3179 5874; x_wconf 78' lang='lat' dir='ltr'><strong>(Psal.</strong></span> <span class='ocrx_word' id='word_1_897' title='bbox 3218 5808 3384 5879; x_wconf 72' lang='lat' dir='ltr'><strong>xxxn).</strong></span> <span class='ocrx_word' id='word_1_898' title='bbox 3426 5828 3439 5856; x_wconf 71' lang='grc' dir='ltr'>ν</span> <span class='ocrx_word' id='word_1_899' title='bbox 3491 5807 3556 5862; x_wconf 76' lang='lat' dir='ltr'><strong>Et</strong></span> 
     </span>
    </p>
   </div>
  </div>
