4078 6336
545 401 677 457 l0l9

1425 399 1921 456 COLLECTANEA
1958 398 2026 453 IN
2066 397 2291 455 VETUS
2350 399 2895 459 TESTAMENTUM.

3650 404 3798 461 1020

541 531 635 583 per
677 514 964 571 Jeremiam
1006 515 1205 571 dicitur
1239 532 1253 571 :
1290 533 1309 567 ι
1358 514 1607 570 Saturavi
1645 530 1741 571 eos
1778 525 1828 570 et
1872 514 2125 569 mtrebati
2154 519 2200 577 Α
2232 513 2446 568 Rodunt
2473 514 2672 584 itaque,
2716 516 2841 585 quia
2896 533 3000 571 non
3050 518 3209 573 modo
3248 532 3433 573 eorum
3466 519 3627 573 verba
3665 520 3812 573 bona

543 616 707 672 sunt,
753 616 808 661 et
848 608 899 661 in
943 606 1102 663 domo
1147 607 1447 663 meretricis
1490 607 1949 672 luxuriabantur;
1993 605 2117 675 equi

543 706 810 752 amatores
832 697 884 751 in
904 697 1131 752 feminas
1144 698 1412 752 emissarii
1432 697 1557 752 facti
1583 707 1727 761 sunt,
1752 697 2120 766 unusquisque

542 789 609 842 ad
632 803 852 842 uxorem
876 789 1103 857 proximi
1125 788 1205 842 sui
1232 788 1510 843 liinniebat
1532 786 1663 858 (Jer.
1684 787 1759 856 v).
1801 807 1819 838 ι
1849 786 1973 842 Hice
1992 802 2119 857 ergo

542 895 737 948 pecora
776 895 998 934 necesse
1031 888 1116 934 est
1151 890 1205 933 ut
1244 879 1482 933 funditus
1513 879 1777 934 exstincta
1804 880 2117 947 depereant,

542 970 643 1023 nisi
668 971 861 1024 divinae
883 970 1018 1039 legis
1042 970 1373 1024 medicamen
1401 979 1668 1024 occurrat.
1714 968 1918 1023 Dicitur
1949 982 2115 1036 ergo:

549 1080 567 1112 ι
598 1061 711 1115 Non
735 1061 1095 1116 mtechaberis
1117 1061 1311 1133 (Exod.
1338 1062 1452 1132 xx).
1485 1082 1503 1114 ›
1534 1062 1645 1116 lloc
1669 1062 1852 1130 utique
1874 1060 2121 1130 quintum

545 1161 873 1220 prmceptum
904 1152 1106 1221 quinta:
1130 1151 1297 1222 plaga:
1320 1161 1573 1220 tanquam
1592 1150 1925 1206 medicinalis
1953 1165 2122 1205 nexus

543 1243 865 1312 opponitur,
906 1252 962 1297 ιιι
1001 1243 1127 1299 dum
1172 1243 1389 1313 proprio
1430 1253 1546 1298 toro
1580 1243 1808 1313 quisque
1840 1251 2124 1299 contentus

542 1350 662 1389 esse
703 1334 1077 1403 compellitur,
1128 1348 1464 1403 nequaquam
1518 1335 1571 1387 in
1621 1344 1903 1408 extranea
1942 1334 2123 1387 carnis

543 1426 821 1493 amplexus
856 1425 1270 1494 intemperantia
1318 1423 1612 1481 dill‘renata:
1652 1423 1889 1478 libidinis
1934 1431 2123 1478 exten-

545 1514 727 1568 datur.

613 1604 778 1660 Sexta
836 1605 989 1676 plaga
1052 1613 1179 1659 sunt
1227 1605 1449 1661 vulnera
1506 1612 1562 1659 ct
1611 1603 1803 1658 vesicae
1852 1611 2125 1673 turgentes

541 1703 703 1762 atque
734 1695 1002 1748 ferventes
1051 1693 1246 1764 (Exod.
1303 1693 1401 1764 ix).
1448 1694 1505 1748 ln
1551 1694 1864 1749 vulneribus
1912 1693 2123 1748 scilicet

543 1781 785 1852 arguitur
819 1782 997 1836 dolosa
1029 1783 1321 1837 odieutinm
1367 1796 1431 1837 ac
1462 1783 1743 1847 purulenta
1791 1782 1993 1836 malitia
2021 1799 2037 1848 ;
2071 1783 2123 1837 in

541 1874 738 1928 vesicis
799 1882 1012 1928 tumens
1066 1882 1123 1928 et
1174 1873 1358 1930 inflata
1410 1876 1714 1945 superbia;
1770 1876 1822 1930 in
1876 1875 2127 1941 fervore,

544 1970 781 2016 aestuans
822 1971 877 2015 et
923 1961 1237 2018 inﬂammati
1283 1963 1482 2020 furoris
1517 1966 1746 2019 insania.
1792 1965 1930 2020 Sunt
1976 1967 2119 2021 enim

548 2052 743 2106 anima:
790 2053 1030 2122 quazdam
1076 2054 1446 2121 ltomicidales,
1497 2056 1551 2110 in
1596 2056 1795 2125 quibus
1829 2058 1911 2111 lia:
1945 2067 2125 2126 pesues

454 2166 459 2171 υ
545 2140 794 2195 oriuntur
812 2151 867 2195 et
893 2143 1154 2197 acerrime
1179 2145 1425 2209 saeviunt,
1453 2160 1673 2214 easque,
1698 2144 1800 2199 nisi
1834 2146 2125 2199 humanum

544 2233 861 2302 sanguinem
893 2232 1137 2302 fundant,
1165 2237 1445 2306 quiescere
1471 2252 1577 2291 non
1604 2237 1944 2307 permittunt.
1990 2238 2126 2294 Huic

546 2323 729 2392 itaque
760 2323 958 2379 furenti
988 2326 1176 2381 morbo
1204 2336 1259 2381 et
1289 2327 1598 2382 immaniter
1622 2327 1883 2391 satvienti,
1914 2339 2125 2383 sextum

543 2422 871 2482 praeceptum
937 2426 1189 2484 tanquam
1246 2418 1508 2472 medicina
1556 2419 1792 2474 caelestis
1840 2422 2123 2488 occurrit,

543 2517 650 2571 quo
681 2503 913 2559 dicitur:
961 2524 978 2556 ι
1027 2505 1144 2560 Νοιι
1170 2509 1385 2563 occides
1428 2509 1624 2578 (Exod.
1675 2511 1815 2579 xx);
1869 2530 1887 2563 ι
1936 2521 1993 2565 ιιι
2026 2513 2128 2568 hoc

545 2593 772 2662 quilibet
801 2596 1023 2651 audiens
1052 2607 1295 2652 exortam
1330 2599 1485 2654 malae
1514 2600 1802 2656 voluntatis
1850 2603 1901 2657 in
1932 2596 2129 2657 semct-

547 2684 664 2752 ipso
713 2687 1004 2754 perniciem
1037 2691 1313 2758 reprimat,
1346 2706 1444 2745 nec
1473 2693 1813 2747 extrinsecus
1854 2695 1919 2748 ad
1951 2694 2125 2750 effun-

546 2778 704 2832 dendi
756 2780 964 2835 cruoris
1011 2780 1258 2837 effectum
1308 2795 1626 2855 conceptum
1683 2787 1960 2842 malitiosm
1989 2805 2124 2844 con-

550 2866 790 2923 scientia:
820 2871 967 2925 virus
996 2882 1260 2942 erumpat.

616 2954 744 3009 Post
794 2957 908 3011 lucc
952 2958 1107 3029 plaga
1170 2961 1444 3029 grandinis
1492 2964 1727 3032 ponitur,
1780 2965 1871 3019 ubi
1919 2966 2128 3022 scilicet

548 3044 753 3112 grando
777 3054 832 3098 et
857 3045 995 3116 ignis
1021 3048 1220 3117 pariter
1245 3049 1555 3106 ferebantur
1580 3054 1775 3124 (Exod.
1812 3056 1909 3127 ix).
1958 3057 2127 3113 Porro

548 3144 727 3188 autem
759 3135 862 3190 duo
894 3138 1005 3193 hinc
1030 3140 1302 3195 contraria
1333 3154 1491 3204 sunt,
1547 3142 1719 3214 frigus
1758 3148 1811 3198 in
1845 3149 2121 3216 grandine,

2226 620 2325 674 per
2372 605 2718 660 invidentiam
2768 617 3081 679 contegunt,
3133 610 3226 664 sed
3273 610 3352 664 eis
3400 610 3560 665 etiam
3610 610 3812 681 stigma

2224 694 2364 749 ﬁcta:
2406 698 2693 764 pravitatis
2738 698 2975 752 inurunt.
3018 700 3097 752 An
3151 699 3237 753 isti
3287 710 3537 771 tanquam
3585 699 3811 753 locusta

2224 799 2332 839 non
2385 786 2615 850 rodunt,
2676 786 2874 854 quibus
2920 801 3018 855 per
3062 786 3374 857 Apostolum
3431 787 3666 841 dicitur:
3701 807 3719 838 ι
3755 787 3812 840 Si

2225 873 2482 927 mordetis
2510 883 2564 927 et
2588 875 2871 929 comeditis
2907 876 3155 940 invicem,
3183 877 3361 932 videte
3390 891 3457 931 ne
3479 877 3547 930 ab
3574 878 3811 931 invicem

2223 965 2660 1018 consumamini?
2697 985 2716 1018 ι
2754 964 2896 1032 (Gal.
2924 966 2999 1037 v.)
3027 967 3161 1022 lluic
3206 968 3386 1037 itaque
3434 968 3604 1038 plaga:
3652 984 3815 1021 man.

2219 1055 2402 1109 datum
2435 1055 2561 1109 illuc
2589 1065 2954 1125 competenter
2974 1059 3278 1127 opponitur,
3312 1073 3420 1128 quo
3445 1059 3650 1113 dictum
3684 1071 3807 1115 est:

2227 1165 2246 1199 ι
2286 1146 2400 1201 Νοιι
2434 1146 2626 1202 falsum
2674 1149 3040 1203 testimonium
3091 1150 3236 1203 dices
3280 1150 3475 1219 (Exod.
3527 1152 3642 1220 xx).
3684 1172 3705 1204 ι
3746 1152 3813 1207 Ut

2222 1236 2469 1292 videlicet
2503 1224 2925 1307 falsusquisque
2953 1238 3106 1291 testis
3128 1278 3142 1302 ,
3171 1240 3262 1307 qui
3293 1255 3397 1293 non
3426 1240 3529 1292 erit
3561 1241 3806 1311 impuni-

2224 1333 2330 1392 tus,
2369 1327 2437 1381 ab
2480 1326 2668 1381 aliena:
2695 1327 2819 1380 vita:
2862 1342 3045 1381 morsu
3088 1342 3146 1382 se
3190 1329 3465 1396 reprimat,
3515 1329 3815 1384 locustinos

2224 1413 2413 1469 dentes
2460 1414 2680 1483 abjiciat
2720 1423 2775 1468 et
2823 1415 3053 1469 virentia
3100 1417 3299 1488 segetis
3344 1417 3533 1471 alicnze
3564 1420 3813 1488 genuina

2224 1520 2330 1559 non
2364 1504 2612 1560 abrodat.

2295 1596 2414 1651 Jam
2466 1613 2606 1652 nona
2646 1597 2799 1667 plaga
2829 1607 2910 1653 est
2938 1597 3179 1652 densitas
3225 1600 3569 1655 tenebrarum
3610 1600 3813 1671 (Exod.

2226 1688 2303 1757 ιι).
2336 1688 2505 1743 Nemo
2536 1691 2706 1760 magis
2743 1692 2795 1744 in
2832 1692 3119 1745 interiores
3151 1695 3400 1746 tenebras
3428 1694 3631 1747 labitur
3652 1709 3813 1763 quam

2228 1778 2274 1833 is
2308 1778 2400 1847 qui
2428 1778 2724 1850 conjugalis
2755 1780 2974 1835 thalami
2999 1781 3163 1835 violat
3189 1784 3344 1837 fidem
3373 1792 3426 1837 et
3456 1783 3691 1837 alienam
3735 1786 3816 1839 in-

2164 1873 2202 1931 Β
2230 1869 2427 1924 vadere
2450 1870 2644 1937 qtizerit
2666 1885 2905 1924 uxorem.
2934 1870 3040 1926 Sed
3066 1871 3164 1925 bas
3188 1872 3436 1927 tenebras
3463 1887 3604 1941 quas
3628 1874 3813 1941 utique

2224 1972 2321 2012 cor
2364 1958 2591 2013 luxuriae
2621 1959 2860 2014 deditum
2899 1960 3113 2025 tolerat,
3150 1961 3347 2016 divina
3385 1961 3518 2032 legis
3563 1962 3816 2030 splendor

2226 2048 2479 2115 illustrat,
2523 2065 2644 2103 cum
2676 2049 2913 2104 dicitur:
2947 2068 2966 2102 ι
3021 2050 3137 2105 Νοιι
3185 2053 3536 2121 concupisces
3590 2067 3815 2106 uxorem

2226 2138 2456 2205 proximi
2494 2139 2566 2191 tui
2593 2136 2788 2206 (Exod.
2826 2139 2941 2209 xx).
2991 2158 3010 2192 ι
3045 2140 3146 2196 Ubi
3195 2141 3488 2195 notandum
3528 2141 3661 2211 quia
3709 2157 3815 2194 non

2227 2227 2445 2291 dicitur,
2476 2244 2579 2283 non
2613 2229 2811 2295 tolles;
2848 2231 2982 2294 sive,
3014 2246 3121 2285 non
3157 2230 3383 2301 pollues,
3405 2233 3501 2287 sed
3529 2232 3675 2302 quod
3701 2233 3818 2302 plus

2227 2328 2329 2384 est,
2361 2338 2380 2370 ι
2413 2336 2519 2375 nou
2549 2322 2899 2391 concupisces
2926 2337 3149 2378 uxorem
3173 2324 3406 2392 proximi
3438 2324 3537 2377 tui.
3579 2343 3602 2376 ι
3640 2325 3817 2394 Supe-

2228 2413 2342 2467 rius
2367 2413 2568 2467 dictum
2591 2422 2673 2468 est
2698 2431 2711 2469 :
2741 2433 2760 2468 ι
2797 2413 2916 2469 Non
2943 2415 3340 2470 mmcbaberis:
3374 2434 3394 2468 ι
3446 2415 3535 2470 hic
3567 2415 3771 2470 dicitur
3799 2435 3812 2469 ς

2233 2520 2253 2554 ι
2289 2502 2406 2557 Non
2431 2504 2780 2574 concupisces
2824 2519 3044 2559 uxorem
3092 2504 3323 2574 proximi
3353 2505 3467 2570 tui;
3525 2524 3542 2556 ι
3577 2519 3711 2575 ergo
3740 2505 3811 2560 de

2230 2610 2289 2649 re
2319 2610 2421 2649 una
2451 2596 2556 2649 duo
2598 2595 2845 2650 videntur
2869 2610 2989 2650 esse
3032 2596 3283 2650 mandata
3308 2613 3322 2647 :
3357 2595 3465 2649 illic
3494 2595 3629 2649 enim
3659 2608 3808 2648 mce—

2230 2686 2367 2742 cbite
2411 2687 2643 2741 alienum
2694 2696 2868 2741 torum
2906 2687 3160 2741 violantis
3202 2687 3423 2741 effectus
3461 2704 3474 2751 ;
3518 2687 3605 2740 hic
3646 2687 3815 2741 etiam

2231 2778 2432 2833 violare
2470 2777 2696 2833 volentis
2739 2778 3056 2847 prohibetur
3081 2776 3324 2833 affectus.
3359 2778 3474 2832 lllic
3500 2791 3729 2847 spurcus
3759 2788 3814 2832 et

2232 2868 2447 2923 illicitus
2501 2870 2890 2924 condemnatur
2935 2869 3179 2923 adulterii
3240 2865 3456 2932 cuitus;
3514 2868 3604 2922 hic
3647 2870 3818 2922 etiam

2230 2958 2548 3013 adulterinae
2606 2958 3052 3027 concupiscentia
3099 2959 3459 3026 compescitur
3512 2958 3808 3027 appetitus.

2233 3048 2303 3102 Et
2332 3063 2521 3103 revera
2550 3048 2663 3118 ipsa
2700 3049 3132 3118 concupiscentia
3160 3049 3394 3103 violandi
3430 3047 3592 3102 alieni
3634 3049 3822 3101 matri-

2231 3142 2395 3195 monii
2424 3140 2744 3195 adulterium
2771 3148 2885 3204 est,
2915 3141 3056 3195 sicut
3098 3140 3354 3195 Dominus
3397 3142 3509 3193 ait:
3543 3158 3564 3189 ι
3600 3138 3705 3205 Qui
3748 3140 3822 3191 vi-

546 3224 694 3277 calor
740 3225 791 3278 in
824 3226 965 3297 igne.
993 3227 1082 3283 Sic
1111 3231 1199 3299 qui
1229 3232 1404 3286 aliena
1433 3234 1707 3299 furantur,
1736 3246 1789 3291 ει
1818 3253 1848 3291 a
1880 3238 2125 3295 τι-ειιρι-,ια
2154 3217 2198 3280 C
2234 3232 2377 3286 derit
2407 3247 2631 3286 uxorem
2675 3230 2901 3286 alterius
2930 3232 2994 3285 ad
3022 3232 3508 3300 concupiscendum
3535 3246 3684 3294 eain,
3709 3231 3819 3300 jam

548 3316 811 3372 cliaritate
844 3330 965 3373 sunt
989 3321 1191 3393 frigidi,
1242 3335 1295 3378 et
1324 3326 1517 3381 ardore
1546 3328 1859 3395 cupiditatis
1891 3334 2126 3391 accensi.

550 3402 650 3458 Ubi
690 3406 850 3459 etiam
897 3406 1103 3479 fulgura
1128 3421 1291 3480 atque
1322 3414 1555 3468 tonitrua
1603 3417 1760 3471 mista
1790 3417 1956 3474 fuisse
2005 3437 2127 3475 cum

551 3496 812 3563 grandine
844 3496 1213 3567 perhibentur.
1248 3502 1387 3568 Quid
1417 3514 1597 3560 autem
1650 3523 1749 3577 per
1794 3511 2029 3566 tonitrua
2078 3522 2133 3569 et

552 3583 782 3652 fulgura,
834 3587 937 3640 nisi
980 3603 1144 3657 pavor
1174 3591 1527 3651 intolerabilis
1556 3597 1910 3668 designatur?
1939 3602 2004 3656 Et
2031 3605 2132 3663 hoc

548 3676 757 3734 furibus
781 3680 1044 3736 familiare
1072 3695 1155 3738 est
1192 3694 1268 3752 ut,
1296 3689 1471 3756 primo
1507 3692 1650 3760 capi,
1697 3694 1887 3750 deinde
1931 3698 2129 3765 puniri,

549 3770 883 3827 tremefactis
913 3774 1204 3832 visceribus
1225 3791 1491 3848 paveant;
1547 3799 1648 3838 nec
1678 3793 1854 3841 tamen
1890 3804 1920 3842 a
1967 3790 2130 3843 semel

551 3869 824 3927 concepta:
883 3863 1135 3932 nequitia:
1196 3871 1597 3938 perpetratione
1652 3874 1950 3942 quiescant.
2010 3876 2133 3932 Ista:

550 3950 805 4005 nimirum
844 3963 1023 4023 pestes
1045 3997 1059 4018 ,
1092 3958 1192 4012 hoc
1222 3969 1305 4013 est
1330 4001 1345 4026 ,
1375 3964 1580 4030 grando
1607 4004 1621 4030 ,
1652 3966 1792 4036 ignis
1818 4008 1832 4031 ,
1882 3968 2090 4037 fulgura
2115 4011 2129 4035 ,

551 4043 710 4097 simul
736 4052 897 4115 atque
926 4048 1178 4115 tonitrua,
1209 4065 1394 4107 eorum
1439 4056 1602 4110 corda
1647 4059 1739 4127 qui
1774 4059 1912 4113 clam
1957 4061 2132 4116 aliena

551 4134 831 4203 diripiunt,
862 4146 1112 4208 tanquam
1160 4144 1406 4212 (incedam
1456 4162 1584 4201 arva
1634 4149 1934 4214 devastant,
1983 4162 2039 4206 et
2086 4153 2130 4207 si

553 4242 656 4294 qua
686 4236 831 4290 sunt,
875 4230 1053 4283 omnia
1082 4231 1232 4285 bona:
1280 4234 1570 4291 voluntatis
1598 4237 1779 4309 fruges
1807 4248 1861 4294 et
1891 4242 2131 4311 germina

554 4315 835 4384 dissipant.
869 4316 1005 4374 lluic
1033 4322 1212 4390 itaque
1238 4325 1473 4393 pessimo
1505 4327 1708 4382 vulneri
1766 4330 1976 4398 septimi
2014 4347 2134 4385 suc-

550 4407 721 4459 currit
751 4408 1013 4462 medicina
1044 4413 1304 4478 mandati,
1337 4430 1459 4469 cum
1508 4417 1746 4473 dicitur:
1778 4440 1795 4471 ι
1830 4420 1944 4475 Non
1980 4424 2131 4477 fura—

550 4494 696 4549 beris
738 4496 935 4565 (Exod.
986 4500 1077 4568 xx)
1124 4517 1137 4565 ;
1191 4519 1210 4552 ι
1251 4514 1307 4556 ιιι
1356 4504 1457 4559 hoc
1505 4507 1732 4575 quisque
1777 4525 2129 4579 cognoscens,

442 4584 465 4607 ⁸
550 4590 734 4643 cordis
759 4591 839 4644 sui
871 4601 1081 4661 segetes
1110 4594 1210 4647 hac
1259 4595 1537 4665 multiplici
1581 4609 1732 4667 peste
1767 4616 1871 4656 non
1919 4605 2131 4672 perdat,

552 4682 644 4733 sed
677 4681 934 4735 bonorum
964 4698 1185 4754 operum
1215 4684 1455 4756 frugibus
1483 4690 1676 4744 animae
1717 4705 1826 4745 sua:
1851 4693 2130 4749 cellarium
2188 4688 2197 4697 ’

555 4772 776 4841 repleat,
808 4772 1034 4841 impletis
1062 4774 1186 4830 illud
1214 4778 1562 4846 apostolicum
1591 4799 1602 4833 :
1634 4799 1654 4831 ‹
1691 4781 1791 4848 Qui
1826 4783 2128 4852 furabatnr,

545 4862 656 4931 jam
699 4882 804 4919 non
842 4868 996 4937 107
1020 4868 1244 4934 fnretnr,
1275 4873 1368 4925 sed
1402 4872 1608 4928 laboret
1635 4877 1884 4930 manibus
1912 4879 2042 4944 suis,
2071 4889 2133 4933 ut

554 4955 749 5010 habeat
778 4959 918 5013 unde
942 4972 990 5012 tr
1014 4958 1140 5013 bitat
1162 4962 1531 5016 necessitatem
1562 4967 1888 5034 patientibus
1911 4968 2126 5038 (Epiros.

554 5046 650 5116 IV).
701 5068 719 5098 ι

623 5138 821 5194 Octava
864 5153 1042 5197 anteu‘.
1090 5144 1240 5215 plaga
1306 5148 1529 5202 locusta:
1589 5161 1713 5203 sunt
1765 5150 1981 5221 (Exod.
2033 5170 2062 5205 ιι
2091 5153 2133 5224 ).

553 5229 657 5285 Per
684 5231 797 5284 lucc
817 5233 1089 5299 animalia,
1120 5251 1238 5304 quae
1278 5249 1518 5308 segetum
1562 5242 1802 5310 germina
1854 5244 2135 5297 destruunt

551 5331 607 5375 et
642 5322 898 5391 pestifero
924 5324 1103 5394 fruges
1129 5343 1220 5381 ore
1242 5331 1556 5395 corrodunt,
1609 5333 1696 5398 qui
1748 5345 1973 5401 possunt
2024 5350 2135 5389 mc-

553 5414 657 5467 lius
687 5415 956 5485 designari
996 5433 1155 5486 quam
1199 5420 1254 5474 bi
1298 5421 1388 5489 qui
1435 5422 1692 5477 fratribus
1738 5424 2029 5479 detrahunt
2076 5437 2131 5482 ct

553 5502 749 5556 falsum
804 5503 908 5558 illis
957 5507 1159 5561 crimen
1208 5512 1526 5578 opponunt?
1565 5511 1698 5567 Nam
1741 5516 1895 5583 quasi
1940 5516 2129 5571 alienae

551 5596 749 5666 segetis
774 5611 992 5664 germen
1022 5598 1295 5663 devorant,
1337 5603 1461 5655 dum
1512 5602 1739 5658 fratrum
1771 5623 1990 5662 suorum
2022 5625 2126 5663 non

552 5691 713 5743 mulo
743 5689 879 5743 bona
920 5691 1257 5758 supprimunt
1301 5710 1419 5761 quae
1466 5697 1759 5764 przcdicare
1805 5700 2127 5768 debuerant,

551 5784 643 5841 sed
682 5781 869 5836 ultimo
895 5783 1055 5837 etiam
1111 5792 1235 5838 uota
1265 5802 1356 5842 cos
1388 5787 1503 5841 falsi
1542 5798 1721 5844 reatus
1772 5792 2125 5848 inflammant.

2233 3324 2540 3378 moechatus
2566 3332 2648 3378 est
2690 3324 2743 3377 in
2789 3324 2950 3379 corde
2988 3340 3085 3378 suo
3124 3324 3436 3394 (Matth.v).
3481 3344 3500 3376 ι
3532 3323 3650 3377 Non
3692 3340 3820 3394 ergo

2231 3412 2497 3482 quispiam
2525 3412 2753 3467 alienam
2792 3413 3140 3481 concupiscat
3180 3426 3424 3479 uxorem,
3468 3429 3538 3466 ne
3578 3412 3820 3481 palpabi-

2234 3500 2365 3555 lium
2400 3502 2740 3555 tenebrarum
2772 3503 3006 3571 patiatur
3036 3503 3086 3555 in
3117 3503 3281 3557 corde
3308 3503 3618 3573 caliginem,
3647 3518 3813 3571 quam

2231 3590 2331 3644 etsi
2373 3588 2511 3644 forte
2534 3587 2645 3657 jam
2676 3589 2901 3658 patitur,
2930 3602 3305 3645 coruscantem
3337 3592 3542 3645 radium
3578 3592 3820 3647 mandati

2232 3678 2417 3749 legalis
2453 3680 2704 3733 admittat
2748 3688 2805 3734 et
2844 3682 2921 3734 sic
2972 3682 3219 3740 tenebras
3266 3682 3612 3754 conscientia:
3648 3698 3822 3738 etcen-

2235 3770 2417 3824 tientis
2448 3770 2686 3840 abjiciat.

2302 3885 2582 3939 Postremo
2638 3884 2842 3938 decima
2899 3884 3054 3956 plaga
3104 3893 3187 3942 est
3224 3901 3373 3942 mors
3434 3886 3822 3957 primogenitae

2234 3992 2349 4031 rum
2380 3977 2577 4046 (Exod.
2606 3980 2726 4048 xu).
2765 3976 2907 4032 Duos
2954 3979 3093 4033 filios
3126 3980 3289 4034 habet
3336 3980 3494 4034 homo
3515 4020 3529 4043 ,
3562 3980 3819 4034 nimirum

2230 4082 2353 4122 cum
2384 4066 2514 4123 facit
2546 4083 2679 4138 Opus
2702 4070 2842 4137 quod
2872 4070 2937 4122 ad
2971 4070 3110 4124 hanc
3136 4070 3367 4139 pertinet
3390 4070 3575 4133 vitam,
3599 4079 3655 4123 et
3681 4086 3806 4124 cum

2231 4156 2512 4224 Spiritnale
2541 4158 2670 4225 quid
2696 4165 2952 4226 cperatur
2981 4158 3122 4226 quod
3162 4158 3229 4212 ad
3261 4159 3424 4211 vitam
3459 4159 3627 4212 tendit
3661 4168 3822 4213 atter-

2234 4263 2379 4300 uam.
2410 4248 2513 4301 Sed
2546 4248 2842 4317 spiritualis
2873 4248 3098 4313 fructus,
3123 4249 3275 4318 quasi
3309 4249 3698 4318 primogenitus
3723 4263 3823 4303 no-

2236 4345 2367 4400 Ster,
2403 4337 2453 4389 in
2486 4337 2686 4391 nostris
2716 4339 2970 4407 operibus
3015 4338 3171 4393 debet
3211 4340 3456 4394 obtinere
3505 4341 3819 4409 primatum.

2236 4422 2387 4477 Unde
2406 4434 2460 4478 et
2484 4426 2771 4480 Dominus:
2796 4445 2815 4477 ι
2844 4426 3107 4491 Priinum,
3134 4428 3329 4496 inquit,
3349 4429 3575 4498 qumrite
3590 4444 3818 4499 regnum

2238 4513 2356 4578 Dei,
2398 4522 2451 4569 et
2495 4516 2611 4583 haec
2641 4517 2821 4570 omnia
2852 4517 3172 4584 adjicientur
3199 4519 3349 4573 vobis
3394 4518 3610 4588 (Matth.
3659 4520 3756 4586 vt).
3799 4538 3819 4569 ι

2233 4607 2313 4661 Ac
2337 4607 2383 4660 si
2411 4607 2552 4661 dicat
2576 4621 2589 4660 :
2617 4605 2831 4678 Giguite
2858 4607 3191 4677 spiritualem
3219 4608 3474 4673 fructum,
3519 4608 3610 4676 qui
3636 4618 3823 4662 vester

2233 4700 2305 4754 sit
2351 4700 2534 4768 utique
2577 4699 3006 4768 primogenitus;
3055 4700 3149 4769 qui
3201 4715 3329 4753 vero
3374 4700 3439 4753 ad
3475 4700 3634 4768 hujus
3690 4699 3817 4753 vita:

2234 4791 2469 4860 pertinet
2498 4791 2822 4854 necessaria,
2846 4792 2918 4844 sit
2945 4791 2995 4843 in
3022 4791 3331 4844 Increditate
3352 4792 3621 4844 secundus
3642 4831 3659 4855 ,
3693 4791 3820 4843 huic

2233 4881 2377 4933 enim
2436 4880 2796 4949 primogenito
2856 4895 2979 4933 cum
3036 4878 3204 4933 Jacob
3244 4880 3472 4933 debetur
3516 4879 3823 4933 beneditt-o

2234 4969 2389 5041 (Gen.
2425 4971 2636 5040 xxvu);
2671 4971 2733 5023 de
2769 4970 2908 5023 Esau
2957 4985 3085 5027 vero
3111 4971 3332 5039 ejusque
3363 4970 3630 5025 similibus
3671 4972 3821 5025 Scri-

2236 5069 2394 5129 ptura
2420 5060 2549 5114 dicit
2577 5078 2589 5112 :
2619 5078 2636 5110 ι
2678 5060 2989 5125 llmreditas,
3014 5062 3079 5115 ad
3111 5078 3271 5132 quam
3301 5063 3351 5115 in
3373 5062 3640 5133 principio
3668 5063 3821 5117 festi-

2238 5158 2417 5214 natur,
2440 5150 2491 5204 iu
2510 5151 2800 5205 novissimo
2821 5152 3193 5208 benedictione
3218 5155 3424 5208 carebit
3449 5153 3629 5221 (Prov.
3663 5158 3774 5223 xx).
3801 5176 3819 5204 ι

2237 5242 2313 5297 De
2343 5244 2425 5298 bis
2457 5245 2667 5299 duobus
2694 5245 2878 5299 liberis
2924 5248 2974 5299 iu
3019 5248 3435 5303 Deuteronomio
3470 5263 3567 5318 per
3594 5249 3822 5318 ligmam

2237 5334 2433 5389 dicitur
2460 5354 2470 5388 :
2508 5336 2594 5390 «Si
2624 5338 2869 5390 habuerit
2901 5339 3058 5393 homo
3086 5355 3281 5394 uxores
3307 5344 3461 5405 duas,
3493 5356 3655 5392 unam
3690 5340 3825 5393 dile-

2235 5435 2375 5479 ctam
2407 5427 2567 5496 108
2591 5436 2645 5481 et
2694 5428 2916 5481 alteram
2964 5430 3226 5495 odiosam,
3260 5431 3613 5501 genueritqne
3641 5445 3706 5484 ex
3739 5430 3822 5485 eis

2234 5520 2452 5586 liberos,
2476 5532 2530 5576 et
2552 5521 2713 5577 fuerit
2733 5523 2872 5575 lilius
2900 5523 3097 5577 odiosae
3119 5524 3525 5593 primogenitus,
3556 5524 3820 5579 voluerit-

2235 5627 2340 5680 que
2377 5614 2732 5667 substantiam
2782 5614 2924 5667 inter
2953 5613 3088 5668 filios
3127 5631 3252 5669 suos
3279 5616 3538 5679 dividere,
3575 5632 3681 5669 non
3722 5630 3822 5684 po-

2239 5701 2362 5755 terit
2385 5702 2547 5755 lilunn
2572 5703 2780 5757 dilecta}
2812 5702 2987 5757 facere
3019 5705 3454 5775 primogenitum,
3485 5714 3539 5759 et
3563 5704 3821 5774 praeferre

2239 5794 2345 5847 tilio
2375 5798 2600 5861 odioszr,
2632 5798 2722 5851 sed
2754 5796 2919 5850 litium
2952 5798 3148 5853 odiosae
3196 5808 3448 5870 agnoscet
3493 5798 3819 5868 primogeni-
