4078 6336
256 448 388 503 1021

1555 442 1622 498 IN
1662 440 1921 498 LIBRUM
1961 441 2191 499 EXODI.

3371 440 3513 495 i022

255 568 368 613 tum
399 558 655 628 dabitque
679 557 725 615 ei
756 557 820 612 de
846 557 928 612 his
949 571 1065 626 qum
1087 556 1336 611 habuerit
1359 566 1551 612 cuncta
1575 556 1835 624 duplicia;
1867 559 1915 619 Α
1943 570 2054 610 sua:
2096 553 2474 610 teneritudinis
2509 554 2749 608 novitate
2790 552 2985 607 turbati
3031 563 3194 623 atque
3232 556 3514 609 conterriti

253 651 359 703 iste
378 653 463 701 est
490 646 633 700 enim
665 647 986 716 principium
1012 647 1302 703 liberorum
1330 647 1467 718 ejus,
1500 655 1556 701 et
1584 647 1709 705 huic
1739 647 1836 700 de-

252 739 452 795 bentur
478 740 830 809 primogenita
866 739 1042 810 (Deul.
1085 739 1221 811 XM).
1262 761 1278 793 ι
1323 741 1399 794 De
1426 741 1618 809 quibus
1655 738 1832 793 omni-

251 833 356 887 bus
388 832 608 885 verbum
631 831 759 885 illud
785 832 871 886 hic
892 834 1152 887 duritasat
1172 833 1420 889 ducimus
1436 832 1833 903 exponendum,

232 921 397 991 .quod
423 932 559 976 uxor
582 921 775 976 dilecta
802 923 871 976 sit
893 922 1001 977 vita
1027 922 1225 988 mollis,
1254 923 1521 985 deliciosa,
1560 921 1831 987 carnalis;

253 1012 441 1065 odiosa
476 1018 654 1066 autem
681 1028 818 1066 uxor
839 1022 922 1067 est
942 1014 1052 1071 vita
1073 1014 1388 1083 spiritualis,
1411 1023 1469 1066 ut
1486 1021 1610 1084 pote
1629 1012 1797 1082 rigida
1815 1053 1832 1079 ,

254 1102 500 1157 districta
527 1111 583 1156 et
603 1104 843 1157 omnium
871 1105 1167 1159 carnalium
1200 1105 1617 1160 delectatiouum
1651 1104 1833 1161 illece-

252 1194 369 1249 bris
404 1193 643 1249 inimica.
678 1194 841 1263 llujus
871 1210 998 1266 ergo
1034 1195 1144 1249 filio
1165 1196 1520 1264 primogenita
1552 1196 1833 1260 debentur,

255 1285 383 1355 quia
424 1286 721 1355 spiritualis
748 1287 870 1340 vita:
898 1286 1107 1342 fructus
1155 1287 1299 1341 illum
1347 1287 1550 1342 habere
1597 1295 1837 1341 meretur

236 1375 311 1427 .iu
345 1375 622 1443 pramrium
647 1375 736 1444 qui
768 1384 868 1437 est,
893 1375 1044 1444 juxta
1073 1375 1354 1439 Joannem,
1389 1394 1407 1427 ι
1447 1377 1835 1446 primogenitus

255 1474 614 1527 mortuorum,
652 1475 704 1520 et
750 1467 998 1535 princeps
1057 1483 1241 1537 regum
1290 1476 1465 1530 terrae,
1513 1467 1604 1535 qui
1653 1466 1838 1520 dilexit

257 1570 361 1607 nos
396 1564 450 1607 et
476 1553 603 1607 lavit
629 1566 725 1607 nos
752 1570 779 1609 a
820 1556 1053 1624 peccatis
1082 1556 1281 1609 nostris
1333 1557 1385 1609 in
1428 1555 1688 1625 sanguine
1738 1569 1836 1608 suo

259 1646 443 1714 (Apoc.
474 1644 532 1716 I).
567 1664 585 1698 ι
620 1645 725 1701 Sed
758 1647 843 1701 hic
869 1648 1276 1718 primogenitus,
1307 1648 1358 1701 id
1395 1654 1498 1710 est,
1542 1645 1837 1714 spiritualis

256 1733 465 1789 fructus
504 1735 575 1789 illi
604 1736 787 1804 procul
819 1737 980 1791 dubio
1009 1738 1256 1803 moritur,
1291 1737 1383 1807 qui
1415 1738 1526 1792 suis
1569 1753 1674 1791 non
1711 1752 1838 1791 con-

259 1833 459 1890 tentus,
482 1824 674 1880 alienis
702 1826 859 1880 rebus
886 1828 1149 1892 intendit;
1179 1829 1320 1897 quod
1344 1826 1567 1881 fraterni
1589 1827 1728 1895 juris
1753 1834 1837 1882 est

258 1917 483 1986 appetit,
520 1925 575 1971 et
603 1917 743 1973 bona
784 1919 1016 1988 proximi
1048 1934 1338 1973 succensus
1366 1919 1607 1974 avaritia:
1632 1918 1838 1974 facibus
1870 1910 1913 1968 Β

258 2006 610 2076 concupiscit.
653 2007 760 2062 Sed
811 2008 1078 2063 decimum
1125 2008 1283 2077 Legis
1329 2017 1656 2078 praeceptum
1708 2019 1836 2063 est:

264 2113 282 2147 ι
315 2095 432 2149 Non
469 2098 817 2167 concupisces
865 2112 979 2152 rem
1023 2099 1253 2169 proximi
1303 2099 1379 2153 tui
1429 2098 1625 2170 (Exod.
1661 2100 1775 2168 xx).
1816 2118 1835 2151 ι

258 2188 374 2245 lloc
396 2190 561 2260 igitur
588 2191 676 2246 ille
705 2192 1019 2246 mandatum
1054 2190 1339 2258 diligenter
1384 2190 1585 2256 audiat,
1620 2206 1686 2245 ne
1732 2190 1842 2258 pri-

261 2282 593 2350 mogenitum
623 2284 833 2351 perdat,
865 2291 927 2338 ut
961 2283 1027 2338 de
1057 2282 1416 2352 primogenito
1444 2297 1541 2338 suo
1590 2282 1837 2351 gaudeat,

252 2358 599 2444 nequaquam
630 2374 770 2443 quod
800 2374 1031 2432 alienum
1056 2381 1138 2428 est
1168 2374 1532 2443 concupiscat.

855 2463 1083 2518 CAPUT
1102 2462 1250 2518 -Vlll.

634 2555 698 2609 In
736 2572 974 2610 sermone
1014 2557 1075 2611 S.
1132 2555 1464 2610 Elenchadii.

337 2667 357 2700 ι
390 2647 626 2703 Postulet
655 2649 738 2702 vir
759 2649 825 2701 ab
851 2649 1027 2702 amico
1054 2664 1173 2711 suo,
1202 2647 1279 2701 ait
1317 2646 1597 2709 Dominus,
1627 2655 1681 2701 et
1722 2661 1843 2700 mu-

236 2742 363 2796 ‘lier
389 2757 417 2794 a
446 2741 618 2794 vicina
651 2756 768 2803 sua,
800 2755 927 2795 vasa
955 2750 1235 2809 argentea,
1264 2748 1318 2795 et
1339 2755 1520 2802 aurea,
1548 2748 1603 2794 et
1625 2750 1798 2795 vestes
1822 2757 1838 2807 ;

264 2835 413 2889 dabit.
458 2843 635 2887 autem
687 2833 944 2887 Dominus
989 2834 1215 2903 gratiam
1275 2832 1468 2902 populo
1517 2848 1615 2888 suo
1659 2848 1841 2888 coram

261 2925 529 2998 Egyptiis
560 2925 757 3001 (Ea-od.
798 2928 916 2992 xu).
955 2943 975 2978 ι
1008 2924 1067 2979 In
1098 2938 1204 2994 quo
1229 2924 1507 2987 videlicet,
1552 2938 1619 2978 ne
1643 2923 1843 2979 diutius

262 3019 539 3082 immorer,
572 3016 797 3087 mystice
823 3031 1011 3070 aurum
1048 3025 1102 3070 ct
1144 3025 1423 3087 argentum
1450 3030 1571 3071 cum
1602 3017 1843 3070 vestibus

261 3111 536 3179 petimus,
580 3108 720 3162 unde
769 3108 997 3162 Domino
1047 3107 1448 3163 tabernaculum
1495 3106 1840 3175 fabricemus,

262 3216 384 3256 cum
415 3200 715 3254 mundanos
750 3204 937 3269 poetas
959 3214 1024 3254 ac
1058 3199 1403 3270 philoSOphos
1432 3200 1679 3270 legimus,
1704 3209 1762 3255 ut
1786 3201 1840 3255 in

264 3291 461 3344 divinis
489 3291 716 3373 eloquiis
743 3290 1065 3344 luculentius
1092 3290 1357 3359 proficere
1385 3289 1697 3356 valeamus;
1726 3290 1841 3346 sive

261 3381 448 3446 etiam,
484 3381 626 3450 quod
672 3380 1040 3451 perspicacius
1070 3389 1174 3445 est,
1215 3396 1403 3435 aurum
1433 3391 1486 3436 et
1537 3391 1841 3451 argentum,

265 3474 455 3526 anima:
476 3481 601 3536 sunt
622 3473 889 3541 pretiosae,
915 3488 1035 3544 quae
1050 3488 1171 3527 cum
1198 3474 1436 3528 vestibus
1456 3473 1637 3535 simul,
1666 3473 1717 3528 id
1739 3482 1840 3537 est,

254 3564 378 3618 suis
400 3563 717 3633 corporibus
751 3564 945 3634 populo
983 3563 1076 3619 Dei
1108 3579 1167 3619 se
1191 3563 1464 3634 copulant,
1494 3573 1554 3618 ut
1592 3562 1846 3619 tenebroo

261 3669 384 3707 sum
409 3653 511 3708 hoc
535 3652 811 3719 saeculum,
840 3654 987 3708 velut
1015 3652 1332 3726 Egyptum,
1364 3655 1613 3709 deserant
1648 3661 1703 3708 et
1735 3662 1843 3709 tero

263 3758 381 3797 ram
429 3743 753 3811 promissam
797 3753 1070 3813 perpetuae
1097 3744 1369 3799 felicitatis
1400 3745 1705 3814 acquirunt.

870 3835 1099 3891 CAPUT
1137 3836 1227 3890 IX.

472 3926 542 3980 In
568 3942 804 3982 sermone
827 3927 891 3981 de
913 3929 1202 3982 inventione
1226 3938 1422 3981 sum:ch
1449 3929 1644 3981 crucis.

341 4038 362 4072 ι
389 4018 616 4075 Sument
637 4019 703 4075 de
724 4020 986 4087 sanguine
1008 4020 1131 4090 agni
1156 4028 1209 4073 et
1230 4029 1434 4090 ponent
1454 4034 1616 4089 super
1640 4029 1848 4074 utrum-

265 4125 372 4181 que
395 4121 601 4180 postem
624 4110 824 4183 (Exod.
858 4110 980 4183 xu.)
1014 4130 1032 4163 ι
1066 4112 1202 4177 Quid
1248 4120 1349 4177 est,
1381 4112 1524 4181 quod
1556 4110 1847 4166 Israelitica

265 4202 416 4271 plebs
441 4201 685 4270 postibus
726 4201 1009 4255 domorum
1045 4200 1112 4255 de
1156 4201 1420 4271 sanguine
1462 4202 1587 4272 agni
1628 4199 1849 4269 iubetur

266 4294 564 4362 imponere,
594 4291 697 4347 nisi
743 4299 804 4346 ut
848 4294 949 4347 na
986 4291 1296 4362 praefiguret
1341 4307 1565 4347 crucem
1609 4291 1845 4358 Christi,

265 4387 359 4455 qui
387 4400 547 4442 verus
568 4393 653 4441 est
679 4401 868 4458 agnus,
894 4386 951 4440 in
976 4384 1155 4442 fronte
1179 4385 1441 4457 portare?
1462 4383 1544 4440 Ad
1567 4398 1847 4455 vesperam

264 4480 528 4550 siquidem
560 4479 942 4536 immolabatur
969 4496 1177 4553 agnus;
1211 4489 1265 4537 et
1305 4481 1359 4536 in
1408 4495 1631 4550 vespera
1663 4480 1846 4535 mundi

1936 647 2003 700 ad
2037 661 2101 701 ea
2124 659 2244 714 quae
2269 651 2704 713 contempserant
2754 652 3117 697 revertantur.
3171 642 3332 698 Prius
3383 659 3516 714 ergo

1937 738 2242 794 securitatis
2266 737 2532 792 suavitate
2555 736 2859 791 mulcentur
2890 776 2903 799 ,
2956 735 3105 804 prius
3155 734 3305 804 pacis
3334 736 3518 803 quiete

1937 832 2268 886 nutriuntur.
2316 830 2447 884 Post
2493 830 2763 899 cognitam
2820 843 2949 882 vero
2989 826 3325 881 dulcedinem
3368 836 3517 881 tanto

1930 923 2041 993 jam
2095 923 2427 978 tolerabilius
2482 921 2840 977 tentationum
2897 919 3193 973 certamina
3245 919 3517 973 sustinent

1936 1029 2139 1089 quanto
2168 1017 2222 1072 in
2251 1016 2361 1072 Deo
2397 1016 2557 1070 altius
2587 1027 2855 1085 agnovere
2883 1013 3025 1081 quod
3053 1020 3251 1064 ament.

2546 1124 2774 1182 CAPUT
2817 1124 2906 1179 XI.

2140 1222 2207 1276 In
2236 1237 2470 1276 sermone
2492 1220 2556 1273 de
2582 1219 2873 1273 inventione
2901 1227 3093 1271 sancta:
3119 1218 3310 1270 crucis.

2014 1332 2031 1366 ι
2070 1313 2314 1383 Sumpsit
2353 1321 2530 1366 autem
2559 1311 2727 1364 Maria
2774 1309 3079 1380 prophetes,
3110 1323 3267 1361 soror
3307 1307 3514 1367 Aaron,

1937 1404 2251 1473 tympanum
2286 1399 2339 1454 in
2362 1414 2524 1453 manu
2556 1396 2750 1468 (Exod.
2784 1404 2892 1467 xv).
2934 1415 2952 1445 ι
2980 1394 3087 1448 Nos
3114 1409 3329 1463 quoque
3360 1392 3522 1446 rubro

1904 1506 1909 1513 '
1932 1493 2041 1565 jam
2061 1493 2195 1548 mari
2213 1491 2534 1545 transmisso
2548 1499 2598 1544 et
2616 1489 2772 1543 hoste
2792 1487 3039 1542 demerso
3061 1497 3376 1555 tympanum
3395 1500 3517 1538 cum

1936 1586 2103 1641 Maria
2123 1584 2265 1639 ferre
2290 1582 2566 1637 debemus.
2600 1580 2737 1647 Quid
2762 1585 2846 1633 est
2875 1586 3052 1631 autem
3073 1586 3383 1648 tympanum
3404 1586 3525 1641 por-

1939 1672 2858 1733 tare?AudiDominumdicentem:
2890 1690 2906 1722 ι
2937 1668 3037 1736 Qui
3060 1668 3192 1730 vult,
3219 1666 3411 1735 inquit,
3433 1681 3522 1720 ve-

1938 1767 2057 1821 nire
2085 1773 2209 1834 post
2237 1778 2349 1825 me,
2376 1765 2605 1832 abneget
2636 1762 3005 1831 semetipsum,
3033 1766 3087 1814 ct
3116 1758 3265 1813 tollat
3305 1770 3520 1810 crucem

1942 1872 2094 1911 suam
2123 1867 2177 1911 et
2198 1867 2456 1924 sequatur
2479 1872 2563 1910 me
2593 1858 2742 1925 (Luc.
2775 1853 2915 1923 vttt).
2940 1872 2957 1904 ι
2994 1850 3095 1918 Qui
3126 1850 3269 1904 enim
3302 1863 3521 1902 carnem

1943 1965 2095 2003 suam
2112 1963 2233 2001 cum
2257 1945 2401 1999 vitiis
2418 1952 2469 2000 et
2485 1943 2936 2016 concupiscentiis
2950 1940 3233 2010 cruciﬁgit,
3250 1939 3340 2008 qui
3358 1953 3528 1991 mem-

1943 2040 2036 2093 bra
2061 2053 2176 2101 sua,
2201 2052 2321 2107 quae
2335 2045 2460 2090 sunt
2477 2050 2640 2106 super
2668 2042 2890 2097 terram,
2907 2030 3226 2086 abstinendo
3242 2027 3528 2082 mortificat

1944 2126 2247 2201 (Galat.v),
2281 2127 2370 2181 ille
2400 2142 2523 2180 vere
2570 2141 2690 2179 cum
2735 2124 2901 2178 Maria
2955 2131 3264 2195 tympanum
3322 2126 3525 2186 portat,

1942 2220 2066 2288 quia
2098 2217 2448 2285 semetipsum
2478 2230 2506 2269 a
2540 2215 2714 2269 noxiis
2747 2222 2974 2268 terrente
2999 2208 3288 2280 voluptatis
3338 2207 3519 2260 humo-

1945 2310 2095 2365 ribus
2119 2307 2328 2362 aridum
2360 2312 2561 2362 servat.

2543 2393 2772 2451 CAPUT
2810 2392 2925 2448 Xll.

2460 2484 2526 2538 In
2546 2485 2725 2540 eodem
2763 2499 3015 2538 sermone.

2012 2582 2278 2638 Prmterea
2300 2576 2495 2633 etillud
2510 2591 2614 2629 non
2641 2573 3085 2629 inconvenienter
3108 2565 3525 2635 occurrit.Quod

1946 2673 2196 2729 videlicet
2222 2658 2552 2727 Israelitieus
2591 2665 2816 2736 populus
2838 2665 2890 2719 in
2921 2663 3067 2718 Mara
3096 2664 3354 2718 adversus
3382 2660 3531 2730 Moy-

1942 2778 2037 2818 sen
2069 2768 2391 2823 murmurat,
2419 2756 2723 2812 vociferans
2753 2754 2961 2809 scilicet
2988 2768 3094 2806 non
3145 2768 3203 2806 se
3251 2765 3407 2820 posse
3440 2765 3528 2802 re-

1942 2852 2122 2923 perire
2148 2849 2288 2920 quod
2318 2848 2466 2902 bibat
2497 2845 2695 2917 (Exod.
2731 2842 2844 2912 xv).
2895 2842 3047 2896 Tunc
3086 2840 3320 2896 ostendit
3364 2837 3530 2909 Moysi

1945 2945 2205 2999 Dominus
2233 2940 2458 3011 lignum,
2486 2937 2627 3007 quod
2670 2952 2791 2991 cum
2821 2935 2907 2988 ille
2939 2935 3175 2988 misisset
3208 2933 3260 2987 in
3306 2931 3532 2985 amaris-

1946 3038 2115 3092 simas
2141 3049 2330 3104 aquas,
2364 3034 2417 3087 in
2445 3029 2782 3086 dulcedinem
2811 3027 3055 3097 protinus
3080 3033 3207 3079 sunt
3227 3037 3524 3078 conversae.

1949 3127 2084 3194 Quid
2112 3125 2252 3182 enim
2287 3137 2485 3177 amara:
2517 3120 2621 3175 illm
2645 3134 2819 3187 aqua}.
2848 3117 2950 3171 nisi
2981 3114 3282 3170 occidentis
3313 3113 3529 3171 litterae,

1947 3227 2000 3273 et
2030 3217 2178 3273 durae
2206 3225 2367 3284 atque
2396 3212 2640 3283 insipidm
2669 3211 2803 3279 legis
2847 3207 3079 3277 speciem
3123 3205 3341 3260 tenent?
3380 3203 3531 3258 Scri-

1945 3322 2095 3383 ptum
2134 3319 2220 3365 est
2252 3308 2392 3363 enim
2435 3324 2449 3360 :
2495 3325 2513 3356 ‹
2551 3288 3089 3370 Constituitpopulo
3140 3312 3238 3351 suo
3274 3296 3534 3349 Dominus

1946 3401 2116 3471 legem
2149 3396 2440 3468 etjudicia,
2468 3404 2522 3450 et
2552 3392 2777 3447 tentavit
2799 3405 2919 3446 eum
2955 3386 3169 3457 (Ibid)
3209 3405 3225 3436 ι
3269 3386 3335 3440 Et
3363 3383 3488 3436 alibi
3518 3401 3530 3434 :

1953 3510 1972 3544 ι
2013 3490 2127 3561 Ego
2157 3489 2281 3546 dedi
2331 3487 2410 3542 eis
2456 3494 2725 3555 praecepta
2775 3496 2881 3535 non
2926 3480 3066 3533 bona
3118 3484 3172 3530 et
3203 3473 3431 3544 judicia,
3481 3471 3532 3525 in

1948 3582 2141 3653 quibus
2197 3594 2307 3633 non
2351 3578 2535 3632 vivent
2581 3573 2796 3639 (Ezech.
2834 3570 2950 3641 xx).
3000 3589 3018 3621 ι
3059 3566 3155 3622 Cui
3211 3575 3389 3618 tamen
3430 3562 3534 3631 legi

1896 3728 1910 3742 ,
1946 3673 1991 3729 si
2020 3669 2291 3726 confessio
2318 3667 2494 3723 crucis
2519 3675 2575 3721 et
2600 3662 2895 3719 Dominica:
2925 3658 3192 3730 passionis
3220 3654 3535 3726 mysterium

1947 3763 2253 3835 copulatur,
2305 3760 2550 3831 protinus
2603 3756 2745 3827 quod
2778 3768 3025 3808 amarum
3067 3750 3244 3805 fuerat
3294 3747 3347 3801 in
3380 3744 3538 3815 spiri-

1949 3855 2073 3909 talis
2104 3851 2470 3923 intelligentia:
2493 3846 2828 3903 dulcedinem
2856 3842 3108 3897 vertitur.

2540 3936 2770 3994 CAPUT
2807 3934 2946 3989 XIII.

2444 4028 2512 4081 In
2551 4026 2730 4081 eodem
2786 4038 3041 4078 sermone.

2020 4122 2323 4177 Notandum
2355 4129 2554 4182 autem,
2578 4116 2730 4187 juxta
2765 4114 3046 4168 veritatem
3069 4110 3327 4175 historic,
3362 4111 3529 4179 quod,

1950 4229 2089 4285 aqua
2120 4214 2172 4266 in
2204 4210 2539 4266 dulcedinem
2572 4221 2750 4271 versa,
2790 4204 3018 4259 subinde
3049 4200 3276 4272 populus
3309 4199 3453 4254 venit
3482 4200 3535 4253 in

1950 4305 2148 4368 Helim,
2174 4303 2265 4356 ubi
2293 4309 2450 4355 erant
2476 4296 2759 4351 duodecim
2801 4293 2974 4348 fontes
3018 4304 3279 4359 aquarum
3310 4298 3366 4343 et
3418 4303 3538 4357 sep-

1951 4398 2192 4469 tuaginta
2222 4392 2431 4463 palmm.
2465 4389 2601 4457 Quid
2632 4388 2792 4459 110
2833 4385 2977 4440 enim
3017 4381 3297 4438 duodecim
3338 4379 3539 4443 fontes,

1950 4489 2056 4545 nisi
2082 4485 2362 4541 duodecim
2391 4490 2515 4537 sunt
2534 4479 2760 4551 apostoli
2791 4476 3102 4549 (Manlia),
3122 4491 3256 4545 quos
3279 4473 3538 4528 Dominus

264 4585 457 4641 passus
484 4580 567 4624 est
590 4568 857 4625 Christus.
888 4571 1176 4625 Liniuntur
1200 4572 1388 4642 utique
1420 4580 1621 4642 postes,
1654 4586 1721 4625 ne
1762 4585 1842 4623 va-

1954 4581 2019 4635 ad
2043 4581 2146 4634 hoc
2173 4574 2455 4632 constituit
2483 4580 2539 4626 ut
2567 4572 2719 4625 arida
2750 4578 2805 4626 et
2845 4567 3143 4639 squalentia
3189 4564 3405 4620 humani
3440 4578 3533 4632 ge-

264 4671 438 4716 stator
464 4661 689 4731 angelus
712 4662 907 4717 audeat
938 4660 1138 4717 inferre
1165 4662 1459 4730 perniciem
1484 4677 1498 4726 ;
1527 4670 1581 4715 et
1611 4676 1708 4714 nos
1727 4674 1850 4713 cru-

264 4752 346 4806 cis
372 4750 626 4805 vexillum
657 4750 710 4804 in
738 4751 902 4806 corde
924 4760 1198 4821 gestamus
1222 4759 1276 4804 et
1313 4749 1508 4813 fronte,
1541 4764 1611 4804 ne
1656 4764 1851 4819 repen-

267 4842 415 4896 tinus
442 4842 613 4897 hostis
649 4844 868 4898 veniens
901 4842 1076 4897 valeat
1102 4841 1317 4897 auferre
1345 4842 1590 4907 salutem,
1626 4843 1766 4896 unde
1795 4851 1850 4897 et

261 4933 441 4987 sentiri
476 4935 759 4988 canimus:
794 4953 814 4985 ί
870 4933 1149 5004 Signatum
1197 4943 1281 4990 est
1317 4949 1481 5004 super
1526 4950 1623 4989 nos
1667 4933 1847 4991 lumen

265 5026 447 5082 vultus
478 5027 583 5091 tui,
625 5028 850 5082 Domine
878 5026 1049 5096 (Psal.
1074 5026 1168 5095 tv).
1211 5049 1229 5080 ι

805 5119 964 5190 109
989 5119 1214 5174 CAPUT
1244 5120 1313 5173 x.
1444 5177 1460 5187 ,

528 5209 596 5266 In
619 5210 853 5280 Epistola
878 5211 947 5264 ad
970 5211 1220 5266 Blancam
1244 5213 1583 5267 comitiatum.

344 5324 363 5354 ι
400 5304 534 5357 Cum
561 5304 828 5358 emisisset
852 5303 1064 5359 Pharao
1083 5303 1361 5374 populum,
1382 5318 1485 5357 non
1514 5318 1607 5357 eos
1630 5302 1853 5357 deduxit

267 5395 531 5447 Dominus
561 5411 653 5464 per
676 5395 817 5447 viam
851 5403 1005 5449 terrm
1028 5392 1336 5459 Philistiim,
1369 5408 1490 5463 qua:
1519 5393 1695 5447 vicina
1724 5402 1807 5446 est
1833 5435 1847 5458 ,

265 5496 608 5555 reputansne
632 5486 769 5539 forte
788 5486 1075 5554 pmniteret
1096 5501 1238 5549 eum,
1257 5484 1303 5538 si
1323 5483 1543 5538 vidisset
1565 5483 1851 5536 adversum

266 5590 325 5631 se
378 5575 515 5629 bella
563 5589 931 5646 consurgere,
981 5584 1037 5629 et
1084 5582 1448 5628 reverteretur
1472 5572 1524 5626 in
1556 5571 1850 5641 ngyptum

268 5664 469 5735 (Exod.
488 5668 629 5735 xm).
662 5688 680 5720 ι
707 5667 781 5721 Ex
809 5667 1043 5738 [Egypto
1061 5666 1239 5735 itaque
1267 5664 1706 5726 recendentibus,
1725 5662 1851 5717 evi-

268 5759 393 5813 cino
412 5748 592 5830 pugna
624 5760 998 5824 subtrahitur,
1047 5758 1172 5828 quia
1224 5756 1725 5826 derelinquentihus
1750 5770 1848 5809 sze-

268 5846 445 5903 Culum
479 5849 726 5919 quzcdam
766 5851 914 5920 pacis
940 5849 1300 5919 tranquillitas
1323 5849 1514 5912 datur;
1552 5862 1618 5901 ne
1643 5847 1695 5901 in
1731 5847 1844 5916 ipsa

1956 4671 2103 4727 neris
2125 4678 2340 4739 pectora
2366 4681 2476 4720 sua:
2510 4661 2910 4733 prrcdicationis
2938 4657 3381 4714 inundationibus
3408 4653 3541 4706 irri-.

1958 4762 2185 4832 garent?
2220 4757 2355 4825 Quid
2385 4771 2514 4811 vero
2563 4752 2903 4822 septuaginta
2952 4749 3248 4819 palmarum
3290 4747 3539 4807 arbores,

1958 4851 2062 4906 nisi
2093 4849 2317 4904 totidem
2344 4854 2470 4901 sunt
2511 4843 2779 4913 discipuli,
2816 4856 2953 4909 quos
2986 4848 3110 4891 ante
3164 4835 3353 4889 faciem
3385 4848 3534 4902 suam

1961 4944 2158 4999 ideirco
2187 4941 2335 4997 misit
2365 4938 2517 5011 (Luc.
2556 4934 2634 5007 χ),
2668 4943 2727 4989 ιιι
2756 4948 2852 5003 per
2879 4946 2973 4985 eos
3016 4928 3252 4983 victoria:
3282 4940 3389 4977 suae
3417 4923 3537 4992 pal-

1959 5052 2074 5090 mas
2125 5032 2356 5088 mundus
2407 5025 2763 5098 agnosceret?
2808 5024 2874 5077 Et
2931 5030 3081 5089 certe
3125 5018 3258 5072 satis
3302 5031 3541 5085 congrue

1955 5124 2169 5179 videtur
2222 5117 2663 5188 consequentium
2727 5129 2908 5168 rerum
2955 5112 3088 5164 ordo
3140 5106 3431 5176 dispositus
3483 5116 3539 5158 ut

1956 5217 2131 5284 primo
2175 5211 2403 5283 populus
2432 5208 2720 5262 duceretur
2763 5202 2828 5257 ad
2861 5202 3097 5255 litteram
3143 5197 3297 5267 legis,
3354 5212 3382 5248 a
3433 5211 3537 5265 qua

1959 5303 2235 5364 nimirum,
2288 5300 2411 5352 dum
2443 5310 2625 5349 amara
2673 5292 2795 5358 fuit,
2844 5291 3076 5345 transire
3107 5285 3438 5355 non,potuit.
3474 5285 3539 5338 At

1960 5401 2243 5463 postquam
2272 5396 2356 5443 est
2378 5402 2473 5455 per
2495 5384 2699 5454 lignum
2727 5382 2847 5437 vita:
2879 5380 3047 5434 dulcis
3076 5378 3265 5433 effecta
3295 5385 3347 5431 ct
3379 5376 3541 5463 intel—

1958 5449 2051 5553 iigi
2079 5449 2433 5551 spiritualiter
2460 5449 2646 5544 erepit,
2685 5473 2827 5528 illico
2856 5471 2950 5525 Dei
2993 5469 3218 5540 populus
3266 5468 3330 5522 de
3360 5449 3539 5519 Veteri

1956 5573 2305 5626 Testamento
2350 5568 2413 5621 ad
2440 5565 2776 5636 Apostolicos
2808 5562 2981 5616 fontes
3021 5569 3076 5615 et
3119 5560 3417 5628 pahnarum
3450 5570 3541 5606 ar-

1955 5668 2136 5729 bores,
2179 5665 2229 5718 id
2266 5672 2370 5727 est,
2402 5661 2468 5717 ad
2501 5660 2774 5731 Evangelii
2804 5658 3033 5728 gratiam
3066 5642 3295 5710 transiit.
3324 5653 3388 5705 Et
3405 5651 3546 5704 bene

1954 5767 2073 5828 post
2114 5751 2392 5826 acceptum
2439 5752 2758 5823 Decalogum
2806 5749 3082 5821 septuplus
3126 5745 3542 5817 prardicator'um

1954 5865 2210 5905 numerus
2237 5845 2602 5911 constituitur,
2631 5844 2753 5914 quia
2796 5858 2892 5912 per
2942 5837 3312 5911 septiformrm
3362 5838 3539 5890 sancti
