4078 6336
507 363 650 419 1023

1399 350 1901 411 COLLECTANEA
1944 348 2011 405 IN
2054 347 2283 405 VETUS
2323 343 2887 404 TESTAMENTUM-

3625 338 3771 396 1021

498 475 734 550 Spiritus
782 469 1012 541 gratiam
1042 482 1201 524 omne
1230 466 1544 521 mandatum
1591 464 1783 520 divinae
1811 461 1947 533 legis
1976 461 2077 515 itn-
2114 464 2156 521 Λ
2189 476 2208 508 ι
2255 456 2399 528 ignis
2426 470 2615 511 eorum
2643 469 2750 509 non
2775 442 3152 550 exstinguetur
3177 456 3230 506 et
3257 448 3458 550 vermis
3495 463 3606 550 non
3653 463 3776 504 mo-

495 572 695 644 pietur.
723 566 832 620 Nec
856 562 1127 619 immerito
1153 561 1312 630 plane
1338 558 1723 630 prmdieatores
1750 554 1930 610 crucis
1968 552 2082 623 pal-

498 675 713 720 marum
751 658 1002 714 videntur
1030 654 1247 711 nomine
1270 650 1561 724 designari,
1585 650 1714 705 dum
1736 656 1793 704 et
1812 647 1928 717 ipsa
1949 661 2083 701 crux

496 754 619 824 jure
648 748 874 805 dicenda
902 747 974 801 sit
999 744 1205 816 palma;
1247 744 1374 813 quia
1404 742 1458 795 in
1485 756 1551 795 ea
1584 738 1791 794 scilicet
1819 736 1962 791 facta
2004 742 2087 789 est

502 843 570 898 de
595 849 869 913 prostrato
912 836 1099 892 mundi
1128 837 1284 891 hoste
1327 832 1592 895 victoria;
1649 830 1791 885 sicut
1840 828 1907 883 de
1969 826 2085 897 ipsa

503 945 669 987 cruce
704 942 932 1001 Sponsus
973 926 1040 981 ad
1083 939 1379 996 sponsam:
1418 941 1436 973 ι
1474 920 1593 979 Dixi
1620 961 1634 985 ,
1678 918 1877 988 inquit,
1905 930 2092 971 ascen-

506 1022 631 1076 dam
669 1021 723 1075 in
754 1018 1009 1088 palmam,
1040 1026 1094 1072 et
1128 1012 1526 1086 apprehendam
1557 1010 1763 1067 fruetus
1811 1008 1949 1081 ejus,
1980 1014 2087 1088 etc.

508 1110 686 1185 (Cant.
719 1112 813 1183 vn)
857 1130 875 1164 ι

1109 1198 1337 1254 CAPUT
1370 1197 1506 1253 XIV.

855 1290 921 1345 In
950 1306 1187 1345 sermone
1212 1289 1276 1343 de
1305 1286 1364 1344 S.
1403 1286 1749 1341 Eleae/mdia.

590 1403 608 1435 ι
645 1383 740 1438 Die
766 1392 918 1438 sexta
944 1389 1157 1450 parent,
1179 1380 1255 1433 ait
1278 1378 1556 1442 Dominus,
1581 1376 1725 1446 quod
1753 1376 2009 1439 inierant,
2036 1382 2092 1428 et

514 1480 583 1534 sit
607 1476 825 1547 duplum
847 1490 1009 1545 quam
1047 1473 1300 1544 colligere
1327 1471 1572 1526 solebant
1590 1484 1689 1539 per
1713 1468 1955 1539 singulos
1982 1467 2098 1523 dies

514 1568 714 1638 (Exod.
732 1567 863 1635 xvi).
879 1586 897 1619 ι
915 1565 1081 1621 Sexto
1095 1566 1179 1621 die
1191 1564 1385 1633 duplex
1410 1578 1660 1617 mensura
1683 1548 2099 1632 colligijuheba-

514 1668 627 1722 tur,
653 1666 710 1712 ut
730 1673 793 1712 ex
818 1673 883 1712 eo
906 1658 957 1711 in
976 1656 1270 1711 Sabbatum
1293 1654 1554 1710 medietas
1576 1661 1904 1710 servaretur.
1929 1652 2099 1707 Porro

514 1757 693 1803 autem
724 1761 873 1803 sexta
907 1748 1026 1803 dies
1060 1756 1210 1802 sexta
1249 1746 1435 1801 mundi
1471 1755 1605 1801 mtas
1651 1744 1991 1815 intelligitur,
2044 1744 2096 1798 in

514 1857 623 1913 qua
654 1857 797 1897 nunc
818 1856 1021 1897 sumus.
1055 1842 1112 1896 In
1153 1842 1258 1895 hac
1292 1854 1423 1919 ergo
1463 1838 1549 1895 die
1577 1839 1796 1909 duplum
1839 1854 1938 1908 pro
1972 1853 2102 1893 ven-
2134 1820 2177 1878 Β

516 1944 640 1987 turo
669 1930 907 1987 Sabbato
935 1931 1158 2003 colligit,
1210 1932 1301 2002 qui
1352 1946 1450 2001 pro
1501 1929 1684 2002 gloriae
1730 1930 1968 1986 etnlestis
2013 1931 2100 1986 itt-

516 2026 677 2090 tuitu,
701 2025 788 2079 ubi
816 2040 1010 2094 perpes
1039 2024 1335 2080 Sabbatum
1362 2034 1418 2080 et
1442 2040 1569 2080 vera
1594 2033 1677 2080 est
1697 2025 1930 2095 requies,
1975 2039 2100 2080 ver-

517 2118 646 2171 bum
678 2117 770 2171 Dei
797 2126 853 2172 et
878 2112 1028 2172 audit
1056 2126 1108 2173 et
1153 2117 1301 2174 facit.
1341 2117 1399 2172 in
1452 2117 1553 2172 hac
1582 2117 1800 2186 duplum
1859 2118 2115 2173 recondit.

518 2209 685 2277 quiet
712 2210 851 2265 bene
872 2209 1020 2275 vivit,
1053 2218 1108 2263 et
1135 2210 1256 2264 aliis
1284 2210 1590 2279 exemplum
1612 2209 1804 2265 salutis
1826 2211 2098 2275 ostendit;

520 2298 813 2367 sive,quod
837 2298 1140 2368 expeditius
1159 2299 1541 2369 est,duplicem
1567 2314 1875 2354 mensuram
1902 2299 2106 2369 colligit

521 2388 613 2458 qui
646 2397 851 2442 tantum
884 2389 937 2442 in
966 2391 1103 2443 bona
1128 2390 1444 2459 operatione
1471 2389 1714 2450 desudat,
1750 2391 1892 2444 unde
1929 2398 1981 2443 et
2017 2391 2106 2445 hic

522 2480 798 2536 Conditori
840 2495 938 2535 suo
968 2480 1083 2549 ejus
1114 2482 1291 2536 anima
1335 2482 1564 2552 placeat.
1616 2491 1672 2535 ct
1701 2498 1825 2538 cum
1866 2497 1930 2537 eo
1958 2491 2107 2552 post-

522 2572 741 2626 modum
766 2571 1145 2642 pcrpetualiter
1171 2574 1331 2626 vivat.
1365 2572 1517 2639 Quod
1543 2572 1706 2642 igitur
1747 2574 2108 2641 rcponcbatur

523 2677 622 2733 pro
650 2660 890 2717 Sabbato
916 2663 1186 2732 corrumpi
1216 2678 1319 2717 non
1337 2671 1578 2732 poterat;
1610 2662 1736 2731 quia
1752 2663 1892 2717 bona
1919 2677 2103 2731 opera,

525 2769 646 2823 qua:
684 2769 782 2822 pro
823 2753 1091 2808 desiderio
1121 2768 1368 2824 superna:
1401 2752 1599 2823 quietis
1648 2753 1803 2819 ﬁunt,
1847 2762 2109 2823 perpetuo

525 2845 839 2901 manebunt.
984 2854 987 2855 '

1130 2936 1356 2993 CAPUT
1392 2937 1508 2993 XV.
1604 2976 1609 2981 ρ

799 3025 866 3081 1η
894 3026 1111 3096 cpistola
1135 3027 1204 3080 ad
1225 3026 1420 3095 fratre:
1450 3026 1837 3081 Cluniacemes.

605 3139 623 3171 ι
669 3121 800 3174 Cum
839 3113 1220 3174 vidissent'ﬁlii
1265 3117 1428 3186 Israel
1469 3133 1662 3172 manna
1703 3118 1911 3179 datum,
1960 3119 2110 3172 dixe-

530 3220 657 3263 runt
686 3210 751 3263 ad
787 3209 1015 3264 invicem
1048 3227 1060 3262 :
1098 3178 1339 3263 Mauhu?
1364 3209 1506 3278 quod
1539 3207 1832 3278 signiﬁcat,
1871 3209 1999 3277 quid
2029 3216 2112 3263 est
2139 3178 2185 3240 Ο

530 3302 676 3355 hoc?
707 3301 912 3367 Quibus
937 3301 1012 3355 ait
1042 3300 1253 3372 Moyses
1285 3317 1298 3356 :
1340 3300 1444 3354 Iste
1466 3310 1551 3354 est
1576 3300 1751 3369 panis,
1782 3314 1942 3368 quem
1965 3298 2115 3353 dedit

531 3389 684 3445 vobis
707 3389 967 3443 Dominus
996 3390 1061 3442 ad
1087 3391 1411 3444 vescendum
1435 3388 1636 3459 (Exod.
1666 3388 1799 3459 xvt).
1833 3408 1850 3440 ι
1877 3387 1957 3442 illi
1985 3403 2114 3457 ergo

532 3496 755 3545 manna,
804 3480 856 3533 id
893 3489 994 3547 est,
1035 3481 1164 3551 quid
1218 3490 1300 3536 est
1350 3481 1474 3543 hoc,
1510 3482 1780 3535 veraciter
1825 3481 2115 3567 comedunt

534 3570 650 3638 qui,
676 3570 803 3624 dum
841 3570 1042 3640 legunt,
1096 3570 1177 3624 vel
1221 3570 1463 3634 audiunt,
1514 3568 1680 3623 divini
1726 3569 1874 3623 verbi
1919 3580 2117 3638 myste-

535 3660 675 3714 rium
730 3660 960 3715 solerter
1013 3661 1310 3729 inquirunt.
1360 3660 1460 3727 Qui
1500 3660 1756 3713 nimirum
1796 3660 1939 3713 intra
1978 3660 2118 3714 litte-

537 3749 671 3803 ralis
711 3749 878 3818 palea:
909 3750 1140 3815 thecam,
1170 3750 1379 3806 dulcem
1424 3750 1791 3821 intelligentia:
1820 3750 2118 3819 spiritualis

538 3840 784 3893 ambiunt
802 3840 1086 3895 enucleare
1110 3840 1420 3896 medullam.
1453 3839 1553 3895 llic
1581 3849 1731 3896 certe
1753 3841 1880 3908 quid
1905 3842 1989 3895 est
2016 3839 2120 3895 hoc

534 3929 805 3985 veraciter
829 3933 1082 3994 vescitur,
1120 3932 1210 4000 qui
1245 3932 1298 3984 in
1341 3932 1559 3986 assidua
1612 3930 1904 3999 Scripturae
1950 3945 2119 3983 sacra:

537 4020 767 4075 solerter
794 4020 1143 4090 inquisitione
1170 4031 1441 4077 versatur.
1470 4022 1635 4088 Quasi
1676 4022 1818 4077 enim
1863 4022 2117 4090 qumstio-

536 4127 660 4165 nem
690 4112 843 4181 Ῑιι
878 4112 1186 4182 quamdam,
1214 4121 1267 4168 et
1301 4114 1429 4182 quid
1479 4123 1563 4168 est
1593 4113 1699 4168 hoc
1750 4112 1908 4167 avido
1940 4112 2119 4167 cordis

537 4217 634 4255 ore
664 4203 1016 4267 comedimus,
1045 4217 1168 4256 cum
1201 4203 1267 4255 ad
1296 4203 1628 4272 penetranda
1677 4202 1931 4273 mysteria
1969 4202 2119 4256 Scri-

537 4303 819 4362 ptnrarum
850 4294 1138 4365 vigilanter
1169 4296 1493 4361 insistimus,
1517 4311 1639 4351 cum
1665 4294 1853 4365 epulas
1885 4295 2120 4351 cmlestis

537 4385 735 4455 eloquii
757 4385 1027 4440 subtiliter
1055 4385 1410 4439 ruminamus.

1127 4473 1352 4529 CAPUT
1390 4473 1530 4529 XVI.

892 4568 958 4622 In
992 4584 1231 4622 sermone
1246 4569 1308 4621 de
1334 4567 1390 4622 S.
1421 4568 1760 4622 [Clem/mdia.

1174 4658 1373 4728 (Serm.
1404 4658 1482 4727 ο.)
1591 4723 1594 4726 δ
1785 4649 1793 4654 ·

612 4753 865 4809 Praesenti
903 4752 1213 4808 necessitati
1262 4752 1522 4806 hodierna
1568 4766 1697 4804 cura
1730 4749 1980 4814 suﬁiciat,
2009 4752 2123 4803 'nce

539 4844 679 4899 diem
704 4845 996 4900 crastinum
1015 4842 1393 4899 sollicitudinis
1415 4857 1613 4913 raucor
1631 4841 2125 4911 anticipethraeli-

541 4941 679 4994 ticus
724 4952 852 4992 sane
898 4936 1146 5005 populus,
1203 4935 1342 4989 sicut
1390 4948 1546 4989 sacra
1588 4942 1817 4988 testatur
1872 4932 2121 4995 historia,

541 5045 662 5086 cum
712 5045 907 5083 manna
937 5027 1233 5096 colligeret,
1273 5026 1603 5081 scatur-iebat
1644 5024 1917 5078 vermibus
1962 5034 2124 5091 atque

541 5120 1030 5189 computrescebat,
1076 5118 1121 5172 si
1161 5118 1281 5187 quis
1310 5115 1598 5170 inﬁdeliter
1643 5130 1829 5186 agens,
1861 5130 1927 5168 ex
1958 5129 2024 5167 eo
2070 5114 2124 5167 in

541 5212 839 5265 crastinum
865 5207 1381 5279 reservaret(E:rad.
1406 5207 1541 5276 xvi).
1572 5205 1662 5260 Sic
1693 5206 1947 5259 nimirum
1980 5206 2126 5274 quis-

542 5303 665 5373 quis
690 5304 882 5356 ardore
911 5301 1220 5371 cupiditatis
1253 5313 1545 5361 accensus,
1589 5306 1650 5351 ut
1704 5307 1959 5365 tanquam
2008 5311 2126 5350 cor-

542 5392 660 5463 pori
683 5406 780 5446 suo
803 5392 1053 5446 alimenta
1082 5390 1381 5461 provideat,
1414 5398 1685 5443 terrenam
1728 5388 1830 5442 sibi
1870 5388 2126 5442 substan-

544 5485 675 5538 tiam
714 5483 1060 5547 thesaurizat,
1093 5482 1219 5537 huic
1248 5481 1338 5535 ille
1384 5479 1582 5535 vermis
1615 5479 1822 5544 ebullit,
1874 5479 1966 5550 qui
1997 5492 2129 5532 con-

546 5574 825 5630 scientiam
861 5572 1028 5626 fodiat
1067 5579 1122 5626 et
1156 5586 1352 5626 arcana
1381 5570 1616 5638 pectoris
1645 5571 1817 5623 rodat.
1840 5568 2125 5621 Enimvero

548 5667 583 5721 ii
611 5663 1030 5721 sollicitudinum
1063 5676 1290 5727 vermes,
1308 5676 1444 5730 quos
1476 5658 1699 5714 avaritia
1732 5666 1979 5726 generat,
2008 5655 2125 5709 illos

548 5760 723 5814 denuo
776 5771 985 5810 vermes
1040 5764 1255 5824 parant,
1310 5755 1374 5807 de
1431 5753 1627 5823 quibus
1681 5751 1939 5820 scriptum
1995 5758 2120 5803 est:

2186 547 2356 604 rietur
2381 545 2517 617 (Ira.
2567 544 2704 615 xvi),
2733 562 2752 598 ι
2785 552 2845 596 ιιι
2883 543 3065 612 ignem
3093 540 3216 611 igne
3243 539 3559 609 cupiditatis
3581 553 3781 593 accen-

2187 637 2296 702 dat,
2322 644 2375 690 et
2411 635 2612 690 vermis
2632 648 2699 688 ex
2737 646 2923 687 verme
2957 630 3235 701 procedat.
3261 628 3586 697 Quanquam
3614 635 3673 682 et
3701 626 3783 681 sie

2181 728 2365 799 (valeat
2386 741 2494 782 non
2516 724 2960 781 inconvenienter
3006 721 3258 793 intelligi,
3311 720 3439 790 quia
3479 719 3625 775 sicut
3663 719 3782 788 ipse

2188 820 2459 884 Christus,
2488 818 2579 888 qui
2614 816 2747 872 dicit
2771 833 2784 869 :
2816 833 2836 867 ι
2867 815 2981 886 Ego
3008 829 3129 869 sum
3149 812 3374 877 vermis,
3399 819 3454 866 et
3478 826 3592 866 non
3617 811 3787 865 homo

2191 907 2534 983 (Psal.xxt),
2587 927 2607 961 ι
2663 906 2916 977 provenit
2958 905 3081 959 aliis
3142 904 3198 959 in
3252 903 3492 967 ruinam,
3546 900 3673 956 aliis
3731 902 3789 955 it.

2191 1000 2682 1064 resurrectionem;
2740 998 2816 1052 ita
2872 996 3226 1052 nihilominus
3276 993 3499 1049 verbum
3549 992 3671 1063 ejus
3727 990 3790 1045 ﬁt

2187 1109 2393 1165 (manna
2414 1092 2699 1162 mellisque
2719 1090 2946 1147 dulcedo
2973 1087 3255 1153 ﬁdelibus;
3280 1085 3591 1141 inﬁdelibus
3602 1092 3789 1140 autem

2184 1192 2249 1241 ‘et
2306 1198 2472 1256 prave
2524 1181 2827 1238 viventibus
2877 1179 3078 1235 vermis
3121 1177 3201 1243 ﬁt,
3255 1191 3361 1231 non
3401 1174 3661 1230 videlicet
3694 1174 3791 1242 qui

2195 1278 2433 1334 animam
2472 1274 2723 1332 reﬁciens
2743 1273 2873 1340 alat,
2896 1288 3003 1329 non
3024 1271 3117 1343 qui
3145 1268 3537 1327 conscientiam
3558 1267 3793 1323 terendo

2197 1384 2262 1426 ac
2299 1366 2600 1425 minitando
2631 1365 2965 1424 remordeat.

2725 1456 2732 1472 '
2770 1481 2999 1539 CAPUT
3054 1480 3217 1539 xvu.

2376 1578 2444 1632 In
2472 1592 2708 1633 sermone
2747 1576 2810 1629 de
2839 1573 3155 1629 exaltatione
3180 1580 3377 1627 sancta:
3412 1571 3608 1625 crucis.

2272 1670 2489 1727 Habens
2512 1668 2723 1741 Moyses
2747 1668 2952 1738 virgam
2973 1666 3027 1720 in
3053 1678 3237 1729 manu,
3253 1664 3546 1719 braehiain
3573 1663 3795 1719 modum

2205 1764 2383 1820 crucis
2427 1762 2602 1818 erexit
2650 1760 2850 1832 (Exod.
2884 1760 3063 1830 xvu):
3109 1758 3297 1827 sicque
3333 1756 3537 1813 factum
3584 1764 3688 1819 est,
3740 1765 3798 1811 ut

2204 1862 2545 1909 catervarum
2584 1850 2989 1909 adversantium
3035 1849 3181 1904 acies
3214 1848 3359 1919 ligno
3383 1856 3437 1903 et
3466 1848 3645 1916 signo,
3695 1848 3799 1902 hoc

2204 1955 2307 2012 est,
2370 1944 2526 2015 pleno
2577 1942 2756 1998 erucis
2804 1940 3066 2012 mysterio
3116 1947 3418 2009 superaret.
3480 1937 3597 2006 Hoc
3651 1938 3798 1993 enim

2204 2052 2359 2093 sacra
2397 2043 2626 2090 testatur
2674 2032 2901 2088 historia
2949 2046 3074 2086 cum
3117 2030 3292 2085 dicit:
3336 2047 3356 2080 ι
3406 2028 3542 2083 Dum
3593 2027 3802 2082 levaret

2206 2142 2399 2183 manus
2447 2125 2699 2196 Moyses,
2737 2121 2991 2177 vincebat
3028 2120 3199 2175 Israel
3242 2137 3255 2173 :
3310 2119 3390 2173 sin
3441 2128 3626 2171 autem
3672 2132 3804 2186 pau-

2206 2219 2376 2273 lulum
2429 2216 2774 2283 remisisset,
2837 2213 3128 2284 superabat
3176 2210 3432 2265 Amalech
3496 2208 3676 2281 (Ibid.
3696 2208 3741 2279 ).
3777 2228 3795 2260 ι

2208 2306 2322 2363 lloc
2359 2306 2521 2378 plane
2550 2305 2750 2360 factum
2779 2317 2886 2358 non
2937 2302 3109 2358 solum
3156 2300 3453 2373 Spiritualis
3485 2299 3800 2370 intelligen-

2209 2399 2297 2453 tiae
2325 2406 2746 2455 sacramentum.
2765 2394 2860 2450 sed
2881 2402 2935 2449 et
2959 2392 3176 2448 virtutis
3198 2392 3355 2448 nobis
3377 2391 3800 2447 saluberrimum

2207 2496 2495 2545 convectat
2530 2485 2857 2557 exemplum.
2882 2484 3017 2539 Nam
3045 2485 3170 2539 dum
3207 2499 3421 2539 erucem
3467 2492 3580 2553 post
3610 2482 3800 2536 Domi-

2209 2593 2339 2632 num
2365 2577 2631 2642 tollimus;
2668 2576 2795 2629 dum
2845 2574 3006 2629 corda
3038 2581 3223 2628 nostra
3260 2588 3383 2628 cum
3433 2570 3675 2626 manibus
3728 2572 3801 2625 ad

2212 2668 2496 2723 Dominum
2549 2666 2812 2729 levamus,
2866 2672 3104 2718 rectores
3155 2663 3499 2717 tenebrarum
3551 2660 3806 2730 protinus

2210 2765 2537 2815 corruuntet
2555 2757 2608 2811 in
2631 2756 2736 2810 ima
2761 2754 3017 2825 prostrati
3044 2754 3231 2809 fractis
3262 2753 3468 2808 viribus
3495 2752 3798 2807 eliduntur.

2213 2848 2269 2904 Si
2299 2863 2428 2905 vero
2454 2862 2647 2903 manus
2694 2846 3020 2901 remittimus
3069 2855 3124 2900 et
3168 2844 3321 2899 obliti
3353 2843 3659 2899 caelestium
3692 2853 3802 2898 ter-

2212 2956 2344 2996 rena
2383 2948 2678 3005 sectamur,
2707 2924 2956 3008 protinus
2986 2936 3160 2992 hostis
3185 2936 3362 2992 victor
3402 2935 3716 3005 insequitur
3749 2945 3804 2989 et

2212 3047 2313 3087 nos
2352 3030 2551 3085 amissa
2574 3027 2802 3085 victoria
2846 3026 3290 3097 persequentium
3335 3025 3533 3093 gladiis
3574 3025 3809 3082 obtrun-

2214 3134 2422 3178 cantur.
2446 3120 2504 3175 In
2543 3119 2691 3175 onmi
2720 3131 2850 3174 sane
2877 3115 3148 3186 spirituali
3173 3105 3472 3171 certamine
3503 3116 3689 3170 crucis
3711 3116 3805 3170 de-

2215 3212 2405 3267 bemus
2441 3209 2708 3281 praeferre
2740 3208 3018 3273 vexillum,
3056 3207 3200 3276 quod
3240 3206 3499 3265 nimirum
3544 3206 3593 3261 si
3626 3206 3810 3261 visibi'

2214 3300 2342 3355 liter
2354 3308 2576 3370 agentes
2592 3298 2911 3364 attollimus,
2943 3296 3131 3368 procul
3165 3295 3329 3350 dubio
3357 3295 3594 3349 victores
3622 3295 3810 3348 existi-

2216 3409 2365 3459 mus;
2412 3391 2649 3461 alioquin
2694 3391 2740 3446 si
2790 3389 3029 3459 segniter
3064 3388 3295 3443 vivendo
3338 3387 3689 3457 deponimus,
3742 3386 3807 3441 ad

2217 3484 2422 3554 primos
2456 3483 2895 3552 persequentium
2926 3481 3159 3551 impetus
3179 3494 3401 3535 necesse
3423 3489 3507 3534 est
3534 3478 3813 3534 enerviter

2219 3572 2590 3628 concidamus.
2620 3571 2776 3627 Unde
2800 3581 2855 3626 et
2895 3571 3123 3640 insignis
3153 3571 3241 3624 ille
3269 3569 3475 3624 militia:
3505 3569 3810 3640 spiritualis

2221 3665 2522 3718 instructor
2568 3664 2767 3717 Paulus
2795 3663 2872 3717 ait
2901 3677 2915 3716 :
2951 3683 2970 3714 ι
3015 3662 3294 3717 Remissas
3329 3676 3522 3715 manus
3547 3670 3604 3714 et
3629 3660 3809 3714 disso-

2218 3753 2328 3808 luta
2359 3768 2529 3824 genua
2570 3753 2786 3823 erigite,
2818 3761 2873 3807 et
2902 3767 3117 3824 gressus
3163 3760 3344 3807 rectos
3371 3748 3539 3804 facite
3582 3750 3811 3819 pedibus

2220 3845 2433 3909 vestris,
2474 3860 2542 3900 ne
2566 3845 2877 3900 claudicans
2904 3845 3027 3913 quis
3058 3855 3205 3898 erret
3232 3842 3418 3913 (Hebr.
3453 3842 3573 3911 xu).
3621 3861 3640 3893 ι

2689 3936 2846 4004 112
2891 3934 3121 3990 CAPUT
3157 3932 3342 3988 xvnt.

2602 4025 2668 4079 In
2690 4041 2926 4080 sermone
2953 4023 3197 4094 synodali
3225 4023 3417 4093 primo.

2224 4140 2227 4143 π
2295 4118 2449 4174 Sicut
2472 4118 2525 4172 in
2554 4125 2738 4172 monte
2763 4115 2913 4171 Sinai
2937 4114 3197 4169 Dominus
3216 4113 3525 4168 Israeliticae
3544 4112 3684 4183 plebi
3714 4129 3813 4184 per

2222 4209 2438 4282 Moysen
2470 4208 2601 4278 legis
2630 4208 2805 4262 edicta
2835 4200 3117 4276 proposuit
3131 4197 3250 4269 ,‘ita
3281 4204 3334 4258 in
3350 4213 3540 4258 sancta
3570 4203 3809 4259 Ecclesia

2221 4310 2318 4365 per
2346 4294 2707 4349 ministerium
2735 4293 3076 4346 sacerdotum
3104 4290 3243 4345 idem
3270 4289 3551 4361 legislator
3568 4297 3624 4343 et
3643 4289 3814 4359 judex

2222 4386 2534 4444 Christiano
2558 4384 2753 4456 populo
2778 4385 2991 4441 vivendi
3028 4384 3283 4438 mandata
3321 4383 3629 4453 depromit;
3659 4385 3815 4438 Siuai

2224 4480 2420 4548 quippe
2461 4478 2851 4547 interpretatur
2900 4481 3058 4530 rubus
3102 4477 3216 4531 sive
3253 4475 3490 4530 tentatio.
3549 4475 3626 4530 De
3677 4476 3802 4530 rubt

2228 4568 2492 4637 siquidem
2522 4566 2804 4632 Dominus,
2833 4576 2894 4620 ut
2937 4566 3215 4636 Scriptura
3247 4574 3501 4630 testatur,
3538 4566 3812 4634 apparuit,

2229 4668 2283 4715 et
2314 4659 2479 4730 Moysi
2512 4659 2578 4712 ad
2607 4659 2747 4712 ﬁlios
2788 4659 2947 4713 Israel
2994 4657 3209 4713 deferre
3252 4656 3506 4711 mandata
3552 4656 3818 4725 prmcepit

2231 4751 2427 4822 (Exod.
2462 4749 2568 4821 ιιι).
2600 4751 2668 4804 Ει
2694 4751 2746 4804 in
2778 4749 3018 4804 Ecclesia
3046 4750 3187 4804 Deus
3217 4747 3403 4818 procul
3446 4746 3609 4802 dubio
3633 4749 3817 4802 cerui-

2234 4851 2343 4900 tttr,
2374 4839 2516 4893 sicut
2544 4838 2721 4893 eidem
2753 4837 2920 4907 Moysi
2954 4838 3169 4908 roganti
3209 4845 3475 4907 quatenus
3497 4836 3601 4891 sibi
3623 4847 3821 4891 semet-

2232 4931 2405 4998 ipsum
2449 4929 2779 4991 ostenderet,
2814 4927 3119 4995 pollicetur,
3170 4928 3394 4982 dicens:
3431 4947 3452 4978 σ
3492 4926 3634 4982 Ecce
3667 4929 3819 4983 locus

2229 5020 2369 5090 apud
2414 5032 2519 5084 me,
2563 5018 2732 5072 stabis
2783 5033 2944 5087 supra
2998 5025 3239 5086 petram;
3272 5031 3506 5085 cumque
3537 5018 3822 5073 transierit

2228 5112 2396 5182 gloria
2454 5125 2596 5174 mea,
2650 5120 2776 5162 tunc
2826 5108 3035 5163 videbis
3088 5107 3392 5177 posteriora
3442 5119 3559 5159 mea
3612 5103 3816 5176 (Ea-od.

2229 5201 2442 5268 xxxiii).
2480 5218 2498 5251 ι
2530 5198 2682 5264 Quod
2718 5207 2897 5251 autem
2937 5197 3113 5260 Sinai,
3140 5198 3305 5250 etiam
3337 5196 3566 5250 tentatio
3593 5196 3815 5260 dicitur,

2228 5294 2354 5363 quid
2383 5307 2478 5363 per
2506 5292 2611 5346 hoc
2636 5289 2971 5344 aliuddebet
3021 5288 3265 5358 intelligi,
3306 5288 3410 5342 nisi
3454 5288 3582 5354 quia
3615 5288 3671 5340 in
3717 5288 3813 5341 Ec-

2232 5384 2416 5446 clcsia,
2441 5382 2515 5436 ibi
2545 5381 2629 5435 lex
2658 5380 2835 5443 datur,
2859 5379 2929 5431 ibi
2965 5380 3191 5433 tentatio
3219 5377 3438 5448 maligni
3466 5377 3694 5447 spiritus
3721 5377 3817 5430 ali-

2234 5472 2449 5542 quando
2477 5469 2792 5540 pestilenter
2834 5465 3111 5532 oboritur,
3143 5476 3202 5520 ut
3245 5466 3314 5519 ad
3348 5465 3657 5522 violandam
3684 5465 3818 5521 recti

2226 5561 2414 5630 iudicii
2449 5560 2709 5632 regulam,
2742 5556 2903 5612 modo
2942 5572 3066 5626 spes
3090 5568 3332 5625 quccstus
3362 5557 3612 5625 obrepat,
3659 5557 3821 5609 modo

2234 5655 2466 5725 rigorem
2529 5651 2754 5722 justitize
2815 5648 2931 5703 laus
2988 5648 3072 5703 vel
3126 5648 3377 5702 humana:
3422 5647 3611 5717 gratia:
3666 5644 3818 5699 favor

2234 5747 2499 5814 emolliat;
2549 5744 2706 5800 modo
2755 5741 2822 5797 ad
2866 5742 3198 5808 nocendum,
3246 5740 3340 5795 ira:
3391 5739 3471 5794 vel
3517 5737 3623 5809 odii
3682 5733 3817 5788 livor
