4078 6336
330 235 470 302 1023

1674 243 1740 297 IN
1776 242 2031 298 LIBRUM
2073 244 2159 298 EX
2169 243 2302 299 ODI.

3450 249 3472 302 I
3483 249 3588 304 026

326 360 600 432 impellat;
650 357 810 413 modo
857 367 1033 413 metus
1063 375 1092 413 a
1142 359 1393 414 libertate
1441 369 1586 414 recte
1627 358 1898 428 iudicandi
1931 366 1976 424 Α
2007 360 2138 429 spici
2168 375 2277 429 prte
2306 361 2640 414 obscuritate
2669 374 2774 414 non
2801 367 3068 430 poterant,
3109 363 3266 432 quasi
3309 365 3459 436 nigra
3499 382 3587 421 rc-

325 467 422 506 cor
471 450 768 521 reprimat,
823 450 981 504 modo
1033 451 1322 505 crudelitas
1379 466 1690 506 mensuram
1729 451 1903 521 dignae

324 542 549 597 ultionis
576 541 843 597 excedat?
906 523 943 555 ⁸

912 633 1138 689 CAPUT
1187 634 1327 690 XIX.

1033 725 1096 780 G.
1128 725 1193 781 G.

395 839 412 870 ι
458 818 548 872 Ait
573 819 833 874 Dominus
848 817 972 873 filiis
994 818 1159 874 Israel
1184 838 1196 874 :
1228 819 1412 873 Altarc
1438 820 1502 874 de
1522 827 1661 874 terra
1691 817 1899 873 facietis

317 909 451 964 mihi
481 909 676 980 (Exod.
710 909 822 978 xx).
864 929 881 960 ι
915 909 1098 963 Altare
1124 910 1330 964 scilicet
1374 909 1441 964 de
1486 919 1628 964 terra
1672 909 1898 964 Domino

315 999 503 1054 facere
532 1011 614 1055 est
654 1001 709 1054 in
736 1001 922 1069 {nostri
954 999 1334 1070 Redemptoris
1357 1001 1729 1056 incarnatione
1769 1016 1894 1070 spe-

314 1105 459 1143 rare.
494 1088 645 1146 Tunc
683 1091 880 1160 quippe
907 1105 935 1143 a
979 1091 1088 1145 Deo
1131 1102 1315 1146 nostro
1364 1107 1560 1146 munus
1609 1091 1892 1161 accipitur,

313 1182 531 1251 quando
555 1183 606 1236 in
642 1182 746 1236 hoc
776 1181 932 1236 altari
964 1190 1147 1237 nostra
1177 1182 1476 1245 humilitas,
1503 1182 1552 1236 id
1592 1172 1694 1248 est,
1735 1197 1897 1251 super

317 1275 609 1329 Dominica:
664 1273 1052 1328 incarnationis
1119 1273 1279 1329 ﬁdem
1336 1273 1580 1342 posuerit
1633 1273 1896 1342 quidquid

310 1372 586 1434 operatur.
619 1362 790 1418 Altari
821 1377 950 1434 ergo
996 1363 1062 1417 de
1093 1373 1237 1417 terra
1284 1363 1522 1418 oblatum
1570 1377 1764 1417 munus
1795 1362 1894 1416 im-

309 1457 580 1526 ponimus,
615 1456 662 1510 si
710 1465 862 1510 aetus
908 1465 1122 1510 nostros
1168 1455 1459 1510 Dominicae
1505 1455 1893 1510 incarnationis

311 1547 415 1601 Iide
440 1546 753 1600 solidamus.
772 1546 845 1600 De
866 1561 972 1614 quo
1002 1546 1154 1600 altari
1181 1561 1279 1615 per
1295 1547 1488 1602 Isaiam
1516 1547 1746 1601 dicitur:
1778 1564 1796 1597 ‹
1835 1545 1890 1600 In

309 1637 396 1692 die
439 1637 529 1692 illa
568 1636 668 1692 erit
706 1637 874 1692 altare
903 1637 1114 1691 Domini
1157 1639 1210 1692 in
1243 1638 1419 1692 medio
1463 1647 1621 1693 terrae
1652 1637 1888 1708 zEgypti,

2009 450 2329 515 manebant;
2386 459 2441 504 at
2486 462 2770 520 postquam
2819 454 3129 522 apostolicae
3184 457 3586 525 prmdicationis

2005 556 2198 594 manus
2226 541 2476 594 vaticinia
2507 542 2737 596 obscura
2769 543 3021 606 detersit,
3053 545 3314 615 quidquid
3346 547 3484 602 lucis
3528 549 3582 602 in

2004 630 2082 684 eis
2111 630 2314 685 latebat
2350 632 2600 685 inclaruit
2638 648 2938 703 sensusque
2983 649 3171 690 eorum
3220 638 3479 707 mysticos
3530 641 3585 694 in

2002 736 2158 774 usum
2197 721 2374 787 dedit,
2421 723 2544 791 quia
2594 724 2757 777 verba
2806 723 2920 792 jam
2969 728 3132 780 rebus
3169 743 3289 783 esse
3338 731 3582 798 exposita

2000 813 2284 882 perspicue
2307 798 2590 869 nuntiavit.
2625 814 2752 870 Jure
2781 816 2945 887 igitur
2966 820 3353 888 praecipiuntur
3385 823 3498 876 fieri
3527 832 3584 876 et

1999 904 2160 960 bases
2188 915 2458 976 argentea:
2491 917 2542 960 et
2579 909 2772 964 tabula:
2807 910 3112 976 deaurata};
3159 912 3284 981 quia
3331 914 3584 968 videlicet

1997 996 2288 1064 apostolica
2313 1008 2578 1070 praecepta
2605 1001 2989 1070 prophetarum
3013 1003 3248 1058 oraculis
3271 1003 3428 1076 longe
3454 1014 3582 1061 sunt

1998 1087 2250 1145 clariora.

2581 1185 2805 1241 CAPUT
2842 1186 3006 1241 XXII.

2184 1274 2250 1329 In
2286 1292 2520 1330 sermone
2559 1276 2622 1329 de
2662 1276 2719 1331 S.
2760 1277 3013 1330 Matt/tceo
3051 1279 3385 1348 evangelista.

2072 1383 2090 1415 ι
2135 1365 2329 1421 Facies
2368 1367 2648 1422 columnas
2677 1377 2910 1437 quatuor
2941 1377 2996 1421 et
3022 1368 3178 1423 bases
3201 1386 3386 1424 carum
3413 1372 3580 1426 vcsti-

1997 1462 2080 1509 tas
2104 1465 2331 1526 argento
2368 1457 2567 1528 (Exod.
2598 1458 2797 1527 xxvn).
2838 1477 2856 1510 ι
2896 1459 2951 1512 ιιι
2991 1471 3216 1528 argento
3266 1462 3408 1515 enim
3451 1462 3581 1532 quiti

1995 1545 2136 1601 aliud
2169 1563 2330 1617 quam
2362 1548 2581 1604 claritas
2611 1549 2777 1603 divini
2807 1551 3074 1604 sermonis
3111 1552 3411 1620 accipitur?
3440 1555 3582 1608 sicut

1993 1639 2254 1706 scriptum
2298 1647 2382 1693 est
2429 1657 2441 1692 :
2494 1659 2512 1691 ι
2560 1640 2781 1709 Eloquia
2838 1641 3079 1707 Domini,
3131 1644 3344 1712 eloquia
3389 1655 3577 1709 casta,

307 1738 363 1782 et
415 1728 597 1784 titulus
636 1727 788 1797 juxta
835 1729 1127 1785 terminum
1162 1732 1278 1798 ejus
1311 1729 1553 1792 dominii,
1601 1737 1654 1782 et
1685 1729 1788 1783 erit
1834 1729 1886 1782 in
1924 1714 1964 1772 Β
1994 1737 2277 1798 argentum
2312 1729 2434 1800 igne
2466 1731 2858 1796 examinatum,
2894 1731 3175 1800 probatum
3208 1743 3367 1787 terra:
3407 1731 3576 1802 (Psal.

307 1817 519 1889 signum
566 1825 620 1871 et
672 1817 724 1872 in
776 1817 1144 1874 testimonium
1185 1817 1415 1873 Domino
1461 1818 1798 1874 exercituum
1835 1819 1888 1873 in

309 1919 452 1964 terra
479 1908 699 1982 [Egypti
730 1908 865 1981 (Isa.
898 1908 1034 1980 xix).
1083 1929 1103 1962 ι

899 2000 1128 2058 CAPUT
1180 2001 1297 2057 XX.

587 2093 655 2148 In
679 2091 895 2164 epistola
926 2098 994 2147 ad
1016 2095 1294 2148 canonicos
1318 2092 1606 2148 Fanenses.

379 2204 400 2238 ε
445 2183 502 2239 Si
535 2195 712 2239 autem
743 2184 1014 2254 lapideum
1042 2185 1213 2240 altare
1242 2186 1372 2240 mihi
1408 2185 1598 2251 facies,
1630 2200 1736 2240 non
1760 2185 1889 2240 mdi-

305 2275 538 2331 Iicabitis
581 2275 710 2331 illud
749 2276 815 2330 de
843 2276 1007 2332 sectis
1036 2276 1322 2345 lapidibus,
1374 2277 1417 2331 si
1451 2278 1592 2332 enim
1625 2275 1886 2331 levaveris

304 2365 536 2420 cultrum
595 2376 744 2421 tuum
795 2381 958 2437 super
997 2382 1143 2432 eum,
1173 2366 1444 2437 polluetur
1483 2366 1678 2439 (Exod.
1705 2366 1820 2438 xx).
1862 2386 1880 2417 ι

306 2461 448 2518 Secti
487 2463 685 2533 quippe
719 2463 924 2533 lapides
967 2472 1111 2529 sunt,
1161 2464 1252 2533 qui
1301 2464 1559 2518 fraterna:
1605 2464 1886 2518 societatis

304 2555 636 2610 consortium
664 2564 954 2624 respuunt;
985 2555 1126 2624 quod
1152 2555 1333 2611 vivere
1373 2570 1494 2610 cum
1535 2554 1795 2608 fratribus
1829 2562 1884 2607 et

304 2645 616 2700 conversari
641 2644 982 2700 concorditer
1013 2643 1222 2701 nolunt.
1241 2642 1400 2700 Tales
1427 2653 1604 2698 autem
1633 2642 1884 2698 Christus

306 2739 360 2790 in
394 2751 493 2792 suo
518 2751 625 2790 non
655 2736 849 2805 recipit
877 2750 1125 2808 corpore,
1150 2737 1276 2807 quia
1310 2751 1341 2790 a
1367 2736 1728 2790 membrorum
1759 2749 1882 2788 suo-

301 2845 420 2884 rum
457 2839 630 2886 sectos
651 2828 858 2898 judicat
897 2831 1120 2886 unitate.
1163 2829 1238 2886 De
1275 2830 1378 2887 illis
1423 2846 1585 2901 porro
1614 2828 1880 2901 lapidibus

293 2919 469 2994 altare
496 2929 578 2975 est
611 2920 791 2990 potius
833 2919 1232 2986 fabricandum,
1284 2924 1479 2993 quibus
1517 2922 1710 2978 Petrus
1749 2923 1880 2978 dicit

299 3011 615 3082 apostolus:
651 3031 669 3063 ι
712 3011 775 3066 Ει
799 3012 899 3081 ipsi
933 3021 1188 3082 tanquam
1211 3012 1416 3082 lapides
1446 3012 1554 3068 vivi
1579 3013 1874 3082 supersedi-

1994 1821 2090 1888 ιι).
2123 1837 2141 1870 ι
2191 1819 2354 1874 Bases
2378 1835 2508 1891 ergo
2537 1831 2761 1891 argento
2786 1822 2995 1876 vestitae
3017 1831 3250 1890 quatuor
3299 1823 3578 1880 columnas

1994 1909 2327 1965 tabernaculi
2359 1912 2665 1977 sustinent,
2718 1913 2841 1981 quia
2890 1914 3277 1982 prtedicatorcs
3320 1915 3579 1970 Ecclesia:

1989 2001 2174 2057 divino
2205 2002 2420 2074 eloquio
2451 2005 2712 2070 decorati,
2746 2013 2806 2059 ut
2837 2005 2890 2059 in
2917 2009 3126 2062 eunetis
3165 2023 3222 2062 se
3266 2008 3574 2079 exemplum

1987 2095 2285 2163 prazbeant,
2317 2106 2547 2166 quatuor
2587 2097 3041 2168 cvangelistarnm
3079 2100 3222 2153 dicta
3271 2111 3326 2154 et
3375 2115 3470 2154 ore
3522 2108 3578 2152 ct

1985 2185 2241 2254 operibus
2270 2195 2506 2256 portant.
2547 2186 2833 2242 Matthaeus
2871 2188 3053 2258 itaque
3082 2191 3319 2259 primum
3365 2191 3578 2244 obtinet

1985 2275 2184 2344 locum,
2217 2278 2451 2333 Joannes
2473 2279 2743 2334 ultimum.
2777 2280 2876 2346 Qui
2903 2281 3156 2335 nimirum
3190 2291 3245 2337 et
3274 2283 3326 2336 in
3360 2291 3578 2351 aposto—

1986 2367 2090 2423 lico
2123 2380 2252 2424 sunt
2279 2371 2516 2427 culmine
2545 2373 2857 2439 constituti,
2889 2382 2945 2427 et
2971 2389 3035 2427 ex
3070 2374 3153 2428 his
3179 2390 3296 2443 qua:
3332 2376 3571 2444 scripse-

1985 2467 2132 2521 runt,
2161 2474 2266 2513 non
2297 2461 2483 2514 auditu
2525 2461 2806 2524 duntaxat,
2862 2462 2956 2516 sed
3013 2463 3131 2517 visu
3181 2464 3358 2533 potius
3409 2473 3574 2534 atque

1985 2558 2241 2603 contactu
2265 2590 2278 2614 ,
2337 2559 2467 2605 sunt
2496 2551 2912 2620 przesentialiter
2935 2551 3233 2619 informati,
3272 2555 3412 2609 sicut
3435 2571 3575 2608 unus

1983 2655 2171 2696 eorum
2225 2643 2357 2700 dicit
2396 2662 2408 2696 :
2465 2663 2481 2696 ι
2519 2643 2675 2711 Quod
2723 2645 3061 2712 audivimus,
3105 2646 3248 2716 quod
3297 2646 3571 2712 vidimus,

1984 2732 2130 2801 quod
2182 2733 2358 2788 oculis
2422 2735 2626 2788 nostris
2689 2735 3110 2804 perspeximus,
3178 2737 3321 2804 quod
3379 2752 3573 2791 manus

1982 2833 2184 2880 nostra:
2235 2835 2607 2883 tractaverunt
2653 2828 2720 2882 de
2765 2829 2941 2882 Verbo
2991 2829 3115 2881 vitae
3147 2827 3205 2896 (1
3245 2826 3405 2880 Joan.
3440 2825 3504 2897 ι).
3546 2845 3566 2878 ι

1982 2917 2195 2973 Marcus
2220 2929 2399 2974 autem
2431 2930 2484 2974 et
2516 2922 2717 2984 Lucas,
2748 2919 2837 2989 qui
2863 2919 3158 2988 evangelici
3189 2917 3417 2988 catalogi
3456 2933 3568 2971 me-

1982 3008 2250 3064 ditullium
2279 3011 2604 3076 sortiuntur,
2634 3027 2740 3065 non
2770 3010 2986 3080 quidem
3016 3017 3141 3064 sunt
3167 3009 3428 3078 apostoli;
3477 3024 3568 3062 ve-

298 3071 537 3157 ﬁcamiui
570 3103 622 3158 in
651 3071 836 3158 domos
859 3071 1171 3174 Spirituales
1192 3103 1244 3174 (1
1266 3071 1414 3158 Petr.
1446 3103 1527 3176 ιι).
1562 3124 1579 3154 ι
1608 3071 1704 3161 Cui
1729 3105 1878 3159 vide-
1905 3071 1950 3131 Ο
1983 3107 2290 3154 rumtamen
2337 3102 2736 3170 prmcipuontm
2789 3100 3157 3169 apostolorum
3213 3100 3350 3154 alter
3379 3099 3524 3154 Petri
3551 3141 3566 3161 .

295 3191 426 3248 licet
448 3196 628 3250 domui
661 3195 748 3250 ille
777 3195 1181 3252 fundamentum
1216 3204 1316 3262 est,
1365 3206 1563 3268 przetcr
1602 3197 1742 3267 quod
1770 3213 1877 3252 non

296 3291 476 3353 potest
513 3283 654 3339 aliud
704 3285 860 3356 poni;
918 3285 1009 3341 ille
1046 3287 1332 3342 summitas
1375 3287 1466 3358 qui
1499 3286 1673 3342 factus
1711 3296 1794 3342 cst
1822 3288 1875 3341 iu

295 3385 459 3446 caput
485 3379 685 3447 anguli.

781 3473 936 3544 113
975 3471 1204 3530 CAPUT
1242 3473 1384 3529 XXI.

540 3562 605 3616 In
643 3578 880 3618 sermone
917 3565 981 3619 de
1019 3564 1081 3620 S.
1119 3565 1332 3621 Andr-ea
1371 3566 1625 3636 apostolo.

374 3673 392 3705 ι
426 3652 638 3721 Facies,
667 3657 742 3710 ait
768 3656 1028 3713 Dominus
1051 3699 1066 3723 ,
1099 3653 1605 3730 bases‘argcnteas,
1637 3669 1690 3714 et
1715 3659 1874 3713 tabu-

295 3746 376 3800 las
421 3746 707 3801 deauratas
755 3747 985 3816 desuper
1024 3748 1421 3819 eriges(Exad.
1446 3748 1618 3819 xxvx).
1660 3768 1678 3800 ι
1737 3748 1874 3815 Quid

294 3845 473 3890 autem
499 3851 596 3905 per
619 3837 778 3891 bases
807 3844 1121 3906 argenteas,
1157 3837 1259 3892 nisi
1289 3839 1675 3907 prophetarum
1721 3837 1873 3892 vide-

295 3939 384 3984 tur
424 3930 557 3984 ordo
596 3929 832 3999 signari?
871 3929 970 3996 Qui
1026 3930 1151 3984 dum
1198 3929 1357 3999 primi
1411 3930 1478 3984 tle
1531 3938 1874 3983 sacramento

291 4019 549 4074 Ecclesia:
570 4027 697 4074 sunt
718 4018 907 4082 locuti,
939 4018 1093 4088 quasi
1127 4019 1388 4088 quasdam
1419 4019 1576 4073 bases
1604 4033 1696 4072 eos
1727 4018 1872 4087 aspi-

291 4107 468 4162 cimus
487 4122 517 4161 a
543 4106 896 4162 fundamento
916 4122 1241 4178 consurgere
1266 4116 1320 4163 et
1346 4107 1678 4177 superposita
1708 4108 1874 4162 fabri-

290 4212 369 4251 cae
391 4196 627 4265 pondera
651 4196 940 4251 sustinere.
969 4195 1107 4262 Quid
1134 4212 1262 4252 vero
1317 4211 1414 4266 per
1465 4196 1710 4262 tabulas,
1766 4197 1872 4252 nisi

289 4288 464 4341 sancti
496 4286 798 4357 figurantur
825 4286 1051 4356 apostoli
1077 4327 1092 4352 ,
1121 4287 1213 4357 qui
1238 4296 1458 4343 extensa
1488 4302 1583 4358 per
1611 4289 1869 4344 mundum

215 4427 218 4429 Α
288 4378 674 4448 ρι’ωόὶοιιιίοιιθ
697 4385 822 4433 sunt
844 4377 1176 4448 amplissime
1215 4377 1459 4433 dilatati?
1488 4379 1866 4448 Apostolorum
1899 4417 1948 4477 Β

289 4485 522 4540 namque
551 4471 818 4534 doctrina,
848 4471 1001 4540 quasi
1026 4469 1352 4539 quibusdam
1382 4469 1604 4526 basibus
1632 4472 1866 4541 pr0phe-

290 4564 412 4618 tica:
449 4562 848 4633 praedicationis
902 4561 1154 4616 innititur
1206 4576 1503 4630 eorumque
1544 4563 1869 4617 auctoritate

289 4655 356 4708 ad
393 4663 566 4710 status
601 4654 683 4709 sui
715 4654 880 4708 robur
903 4653 1132 4707 firmiter
1157 4652 1441 4708 solidatur.
1475 4652 1629 4708 Unde
1655 4662 1710 4709 et
1732 4669 1866 4710 con-

278 4741 484 4812 junctae
516 4745 654 4799 bina:
682 4743 840 4798 bases
867 4744 922 4798 in
957 4742 1183 4813 singulis
1222 4741 1419 4798 tabulis
1464 4752 1866 4812 supponuntur,

285 4837 412 4906 quia
443 4836 568 4890 dum
589 4834 864 4906 prophetae
894 4835 1067 4890 sancti
1099 4834 1152 4888 in
1183 4833 1362 4888 verbis
1395 4833 1508 4890 suis
1544 4833 1776 4889 invicem
1801 4836 1868 4891 de

282 4929 482 4984 futura:
503 4938 629 4983 tunc
650 4928 906 4984 Ecclesia:
932 4936 1275 4984 sacramento
1296 4929 1651 4994 concordant,
1679 4929 1864 4984 subse-

284 5031 512 5092 quentes
540 5021 814 5092 apostolos
839 5021 1172 5077 aediﬁcantes
1200 5020 1505 5086 :edificant,
1557 5029 1614 5074 et
1661 5035 1781 5074 cum
1833 5034 1864 5074 a

283 5111 591 5180 semetipsis
617 5110 671 5163 in
697 5109 842 5165 nullo
869 5107 1220 5174 dissentiunt,
1248 5108 1367 5165 illos
1403 5109 1458 5163 in
1491 5123 1549 5164 se
1589 5108 1865 5164 robustius

282 5203 472 5273 ﬁgunt.
499 5200 608 5256 Nec
631 5200 901 5256 immerito
921 5200 1095 5262 bases,
1123 5199 1320 5270 quibus
1345 5199 1618 5270 prophetae
1644 5199 1864 5269 signan-

284 5307 390 5354 tur,
427 5301 485 5345 ut
531 5307 597 5346 ex
632 5302 857 5361 argento
887 5291 1119 5346 debeant
1161 5289 1334 5355 fundi,
1369 5289 1699 5360 praecipitur.
1757 5288 1861 5342 Ar-

280 5383 424 5450 genti
454 5382 653 5452 quippe
676 5380 893 5435 claritas
918 5396 984 5434 ex
1005 5397 1102 5435 usu
1127 5390 1392 5445 servatur,
1417 5380 1534 5434 sine
1557 5395 1656 5435 usu
1681 5388 1862 5434 autem

280 5474 332 5526 in
363 5474 709 5544 negredinem
739 5472 986 5526 vertitur.
1012 5471 1403 5542 Prophetarum
1435 5487 1667 5543 quoque.
1694 5472 1858 5539 dicta,

255 5573 572 5632 (antequam
603 5561 894 5632 apostolica
919 5563 1300 5630 praedicatione
1326 5563 1705 5627 clarescerent,
1733 5564 1858 5633 quia

281 5659 334 5712 in
377 5671 475 5711 usu
505 5655 798 5725 spiritualis
824 5654 1194 5724 intelligentia:
1225 5671 1329 5711 non
1361 5663 1540 5721 erant,
1573 5654 1701 5709 dum
1729 5670 1858 5710 con-

1982 3187 2120 3242 altcr
2148 3189 2299 3243 Pauli
2341 3190 2696 3246 relationibus
2741 3197 2866 3245 sunt
2906 3188 3102 3249 cdocti.
3143 3189 3343 3246 Omnes
3387 3196 3566 3243 tamen

1979 3283 2152 3338 sancti
2182 3285 2529 3356 evangelista:
2563 3287 2721 3342 unius
2762 3286 3105 3341 auctoritatis
3131 3327 3146 3351 ,
3200 3284 3359 3358 114
3407 3287 3568 3341 unius

1980 3382 2105 3429 sunt
2130 3375 2277 3438 fidei,
2312 3392 2412 3432 nec
2448 3379 2501 3432 in
2524 3378 2706 3448 aliquo
2735 3378 2978 3448 dispares
3011 3380 3066 3432 in
3113 3379 3360 3434 texendis
3390 3379 3568 3432 since-

1978 3464 2208 3520 rissima:
2237 3465 2393 3521 lineis
2414 3467 2678 3532 veritatis,
2711 3483 2774 3524 ac
2816 3483 2912 3537 per
2937 3483 3155 3523 onmem
3200 3483 3310 3522 sua:
3357 3468 3568 3522 deseri--

1977 3553 2179 3624 ptionis
2214 3556 2535 3622 articulum,
2582 3557 3001 3629 inexpugnabile
3046 3557 3301 3612 similiter
3348 3557 3566 3627 erigunt

1976 3647 2439 3716 prepuguaculum
2471 3647 2734 3704 adversus
2761 3649 2944 3706 omnia
2979 3648 3346 3720 quarumlibet
3382 3649 3558 3704 haere-

1981 3751 2112 3791 seon
2146 3739 2354 3808 spicula
2385 3755 2790 3810 praemunitum.

2541 3829 2769 3887 CAPUT
2810 3834 2994 3888 XXIiI.

2295 3921 2363 3974 In
2393 3938 2629 3977 sermone
2652 3923 2715 3976 de
2749 3923 2807 3977 S.
2833 3925 3243 3981 Bm't/tolomrro.

2045 4009 2382 4079 Praeceptum
2408 4021 2492 4065 est
2518 4022 2575 4065 ut
2609 4013 2661 4065 in
2696 4013 2975 4078 rationali,
3004 4016 3144 4084 quod
3181 4017 3432 4070 sacerdos
3479 4017 3558 4071 fe-

1976 4099 2130 4153 rebat
2157 4101 2207 4154 in
2238 4110 2478 4170 pectore,
2511 4102 2636 4155 dum
2682 4103 3063 4172 ingrederetur
3096 4104 3296 4160 Sancta
3343 4119 3560 4163 sancto-

1975 4205 2114 4256 rum,
2141 4199 2470 4259 ponerentur
2492 4189 2776 4246 duodecim
2804 4192 3029 4263 lapides,
3059 4196 3192 4249 terni
3218 4211 3315 4264 per
3339 4207 3560 4266 quater-

1974 4297 2074 4335 nos
2102 4281 2327 4353 angulos
2355 4282 2546 4337 inclusi
2575 4297 2739 4352 auro,
2782 4285 2904 4354 quia
2935 4287 3192 4341 nimirum
3224 4290 3396 4343 sancti
3427 4305 3556 4358 apo-

1975 4373 2096 4430 stoli
2126 4389 2225 4444 per
2252 4373 2611 4443 quadrifidum
2639 4375 2824 4431 orbem
2853 4377 2918 4431 de
2941 4376 3229 4444 Trinitate,
3259 4393 3378 4448 qua:
3409 4378 3553 4433 Deus

1975 4473 2080 4530 est,
2106 4465 2471 4534 praedicarunt
2497 4467 2779 4523 catholica)
2804 4467 2926 4525 fidei
2954 4471 3255 4526 veritatem.
3277 4470 3376 4539 Qui
3397 4471 3558 4527 etiam

1974 4557 2182 4629 lapides
2204 4573 2336 4611 auro
2365 4557 2684 4612 deferuntur
2729 4559 2953 4626 inclusi,
3004 4562 3128 4631 quia
3167 4572 3222 4618 et
3249 4563 3391 4617 beati
3424 4578 3556 4631 apo-

1973 4649 2094 4704 stoli
2121 4649 2172 4702 in
2198 4651 2477 4718 sapientiae
2501 4650 2740 4706 caelestis
2768 4667 2970 4707 arcano
3002 4662 3353 4721 perseverant
3382 4653 3559 4708 invio-

1973 4737 2208 4792 labiliter
2232 4739 2558 4793 confirmati.
2585 4738 2907 4812 chitimum
2935 4754 3063 4811 ergo
3085 4751 3168 4795 est
3195 4749 3253 4794 ut
3280 4742 3552 4807 sacerdos,

1973 4845 2093 4884 cum
2123 4831 2423 4903 ingreditur
2453 4833 2842 4896 sanctuarium,
2874 4833 3156 4887 duodecim
3187 4833 3455 4903 pretiosos
3479 4833 3555 4885 la-

1968 4921 2122 4989 pides
2144 4921 2196 4976 in
2229 4923 2477 4978 rationali
2504 4923 2739 4992 pectoris
2761 4921 2989 4988 deferat,
3012 4931 3281 4991 quatenus
3307 4924 3554 4992 quisquis

1969 5011 2142 5066 sacris
2193 5012 2455 5066 altaribus
2506 5012 2935 5083 appropinquat,
2981 5012 3290 5081 apostolica:
3341 5012 3560 5067 sibimet

1968 5105 2306 5160 rectitudinis
2335 5105 2582 5173 exempla
2609 5114 2908 5173 proponat;
2953 5113 3008 5158 ut
3047 5119 3274 5173 quorum
3312 5103 3559 5158 ministe-

1968 5193 2050 5247 rio
2077 5193 2371 5264 fungimur,
2404 5209 2590 5248 eorum
2631 5193 2819 5256 vitam,
2860 5195 2913 5247 in
2959 5203 3222 5263 quantum
3253 5194 3556 5265 praevalet,

1970 5285 2272 5350 imitemur;
2318 5293 2372 5337 et
2422 5299 2654 5354 quorum
2703 5286 2842 5353 gerit
2870 5283 3132 5350 ollicium,
3167 5285 3220 5340 in
3249 5285 3328 5340 eis
3354 5293 3556 5339 sancta:

1969 5375 2329 5430 annulationis
2358 5373 2533 5428 studia
2564 5373 2764 5444 deligat
2789 5374 3058 5430 obtutum.

2541 5466 2769 5523 CAPUT
2801 5465 2992 5522 XXIV.

2284 5557 2349 5614 In
2396 5577 2634 5615 sermone
2677 5561 2740 5614 de
2780 5559 2841 5615 S.
2891 5559 3237 5615 Eleuchadio.

2042 5673 2058 5706 ι
2097 5653 2375 5722 Arripicns
2409 5652 2622 5724 Moyses
2655 5653 2877 5708 vitulum
2916 5667 3139 5707 aureum
3163 5692 3175 5716 ,
3216 5663 3374 5719 quem
3414 5645 3552 5702 fece-
