4108 5342
531 195 668 262 tos?

1418 187 1928 256 'COLLECTXNEA
1967 194 2035 249 IN
2081 191 2304 249 VETUS
2353 188 2889 247 TESTAMENTUM.

3552 182 3568 194 ⁴
3642 182 3792 251 ιοεει

528 331 678 385 runt,
704 320 825 391 igne
850 316 1168 378 combussn,
1200 312 1268 368 ad
1292 311 1565 384 pulverem
1608 323 1778 379 usque
1819 305 2104 370 contrivit,
2137 314 2183 368 Α
2212 305 2542 368 absorbere;
2582 304 2634 357 in
2660 318 2754 358 eos
2782 276 2896 372 ipse
2923 298 3228 355 transfusns
3262 306 3346 354 est
3378 312 3516 368 quos
3547 295 3599 349 in
3646 310 3744 349 sua
3779 334 3798 359 ,

526 413 887 479 fluctibusque
905 420 1288 476 conspergens,
1312 402 1666 458 Israeliticqu
1688 417 1751 455 ex
1776 416 1839 455 eo
1856 396 2112 469 populum

527 502 832 574 propinavit
857 498 1055 570 (Exod.
1081 496 1277 567 xxx").
1310 515 1328 548 ι
1374 494 1513 561 Quid
1558 503 1642 547 est
1676 493 1820 546 enim
1853 507 1950 560 per
1983 490 2113 557 ﬁgu-

528 609 643 647 ram
666 592 867 649 vitulus
890 590 977 644 ille
1000 587 1311 649 conflatilis,
1339 587 1442 640 nisi
1469 600 1669 654 corpus
1696 582 1915 644 diaboli,
1944 581 2114 635 homi-

527 700 625 739 nes
647 685 853 740 scilicet
876 682 929 737 in
958 681 1209 736 omnibus
1249 679 1486 749 perﬁdia:
1514 676 1674 731 simul
1713 685 1766 730 et
1795 673 2113 729 idololatria:

525 786 713 828 errore
756 772 967 843 decepti
990 788 1052 826 ac
1080 771 1178 826 sub
1210 771 1326 841 ipso
1353 784 1450 823 suo
1475 766 1733 837 pestifero
1763 765 1961 834 capite,
1996 772 2113 817 tan-

527 879 688 935 quam
727 865 940 919 diversa
969 863 1210 918 membra
1240 860 1504 930 sacrilega
1539 858 1942 927 conspiratione
1976 870 2110 911 con-

521 956 728 1027 juncti;
767 970 928 1024 super
957 969 1093 1023 quos
1144 952 1403 1009 nimirum
1459 949 1547 1003 ille
1591 949 1845 1018 nequitiae
1890 946 2113 1017 spiritus

433 1035 445 1047 ’
525 1042 1187 1112 velutauctm'przesidens
1209 1039 1505 1094 insolenter
1519 1039 1768 1108 erigitur,
1789 1046 2112 1105 ettauquam

527 1143 691 1203 caput
713 1149 810 1203 per
835 1131 1176 1203 tyrannidem
1201 1145 1299 1184 suo
1331 1129 1547 1198 corpori
1596 1127 1949 1181 dominatur?
2003 1126 2112 1181 Au-

526 1242 653 1282 reus
684 1235 863 1282 autem
892 1223 1093 1279 vitulus
1134 1222 1299 1277 fuisse
1331 1220 1676 1282 describitur,
1728 1219 1851 1287 quia
1896 1217 2113 1270 videtur

528 1317 850 1371 idololatriae
876 1316 1013 1369 ritus
1042 1313 1185 1368 velut
1216 1328 1246 1367 a
1273 1310 1608 1379 sapientibus
1636 1310 1934 1363 inStitutus.
1963 1307 2110 1361 Auro

529 1408 729 1478 quippe
758 1405 1025 1476 sapientia
1053 1404 1385 1474 designatur,
1430 1403 1573 1455 sicut
1622 1416 1718 1470 per
1765 1399 2109 1453 Salomonem

531 1499 734 1552 dicitur
766 1515 780 1551 :
819 1515 836 1548 ι
869 1496 1179 1555 Thesaurus
1207 1491 1581 1547 desiderabilis
1627 1491 1679 1545 in
1722 1504 1816 1545 ore
1853 1488 2112 1557 sapientis

534 1587 721 1658 (Prov.
758 1587 842 1660 ιι).
878 1606 898 1639 ι
942 1572 1365 1655 Aureusitaque
1396 1583 1497 1637 fuit
1521 1582 1746 1646 vitulus,
1772 1581 1898 1650 quia
1925 1579 2109 1635 mundi

2215 398 2316 451 huc
2337 406 2436 459 est,
2467 396 2731 451 diabolica
2763 403 3062 449 teutavcrat
3093 394 3335 449 membra
3361 389 3680 447 transferre.

2784 487 3010 544 CAPUT
3051 486 3216 541 XXV.

2712 577 2777 632 In
2820 578 2997 631 eodem
3035 592 3289 631 sermone.

2287 669 2694 733 Verumtamen,
2747 669 2870 737 quia
2926 667 3137 738 Moyses
3190 682 3294 720 non
3349 665 3400 718 in
3441 664 3545 718 hoc
3590 671 3799 716 metam

2213 760 2433 815 ultionis
2459 760 2572 814 ﬁxit
2605 771 2662 814 ut
2691 761 2891 815 idolum
2923 760 3187 814 duntaxat
3216 758 3551 827 infringeret,
3584 754 3679 809 sed
3715 755 3801 808 in-

2213 869 2376 922 super
2404 852 2610 907 addidit
2640 860 2697 906 ut
2722 861 2775 907 et
2808 852 2996 923 viginti
3040 852 3143 905 tria
3169 849 3332 904 millia
3364 848 3642 902 hominum
3676 854 3802 899 tru-

2213 943 2421 998 cidaret
2447 983 2461 1007 ,
2494 943 2722 1013 mystice
2746 943 2926 997 docuit
2953 955 3292 1010 nequaquam
3321 937 3566 993 sufficere
3588 976 3605 999 ,
3635 934 3681 989 si
3724 933 3800 988 ab

2184 1034 2535 1093 .idololatria:
2580 1034 2727 1090 cultu
2782 1034 2864 1088 vel
2899 1033 3166 1102 pravitate
3214 1032 3335 1085 vine
3374 1029 3622 1099 quisquis
3659 1041 3803 1081 cono

2211 1127 2463 1193 vertitur,
2489 1127 2591 1182 nisi
2617 1136 2670 1180 et
2699 1125 2915 1196 propria
2944 1124 3071 1178 vitia
3102 1123 3280 1194 gladio
3303 1121 3529 1190 spiritus
3557 1117 3795 1172 mortiﬁ-

2213 1231 2339 1272 care
2360 1230 2608 1273 conetur.
2643 1208 2796 1273 Unde
2831 1226 2886 1272 et
2920 1216 3243 1287 praedicator
3265 1213 3513 1283 egregius
3548 1229 3560 1264 :
3595 1230 3614 1262 ι
3648 1209 3802 1265 Mor-

2214 1308 2435 1371 tiﬁcate,
2467 1308 2658 1377 inquit,
2682 1307 2925 1362 membra
2956 1314 3131 1361 vestra
3158 1320 3278 1373 qum
3318 1310 3444 1357 sunt
3487 1316 3649 1370 super
3678 1309 3798 1355 ter-

2214 1413 2329 1452 ram
2349 1439 2363 1463 ,
2401 1398 2813 1452 fornicationem
2833 1438 2849 1464 ,
2882 1396 3299 1458 immunditiam,
3337 1393 3630 1456 luxuriam,
3659 1407 3801 1444 con—

2213 1490 2599 1558 cupiscentiam
2626 1489 2821 1543 malam
2850 1496 2907 1543 et
2935 1487 3240 1550 avaritiam,
3265 1499 3385 1555 quae
3415 1491 3501 1537 est
3529 1480 3800 1536 idolorum

2213 1578 2445 1632 servitus
2471 1577 2697 1648 (Coloss.
2724 1594 2761 1633 ιι
2789 1594 2804 1645 ;
2833 1577 3010 1633 Calai.
3040 1575 3116 1647 v).
3151 1595 3170 1627 ι
3227 1574 3296 1628 Ει
3342 1571 3636 1628 notandum
3667 1570 3800 1639 quia

528 1680 799 1751 sapientes
825 1688 954 1733 ante
974 1693 1127 1734 nova:
1146 1676 1378 1747 gratiam
1410 1675 1532 1729 ﬁdei
1558 1673 1906 1727 daamoniaca:
1934 1672 2109 1725 cultu~
2140 1664 2184 1724 B
2214 1670 2353 1723 sicut
2382 1671 2472 1725 hic
2506 1670 2636 1723 vitia
2678 1669 2918 1723 membra
2959 1675 3143 1722 nostra
3174 1680 3294 1719 esse
3324 1663 3601 1727 dicuntur,
3628 1664 3707 1715 ita
3741 1667 3802 1712 et

527 1784 603 1825 rae
638 1769 807 1825 fuisse
834 1768 1136 1839 probantur
1164 1775 1434 1821 auctores.
1484 1763 1561 1817 De
1610 1762 1807 1831 quibus
1853 1760 2109 1813 nimirum

525 1860 820 1930 Apostolus
850 1873 865 1913 :
908 1878 926 1911 ι
965 1857 1134 1925 Quia,
1167 1872 1288 1911 cum
1326 1852 1709 1925 cognovissent
1742 1852 1948 1914 Deum,
2004 1863 2112 1904 non

528 1951 671 2005 sicut
700 1951 866 2005 Deum
900 1947 1343 2019 gloriﬁcaverunt
1387 1953 1481 1997 aut
1509 1942 1712 2013 gratias
1738 1949 1984 2011 egerunt,
2018 1938 2113 1993 sed

525 2049 870 2096 evanuerunt
893 2039 945 2093 in
976 2037 1400 2110 cogitationibus
1431 2035 1543 2090 suis
1568 2041 1622 2088 et
1650 2033 1999 2087 obscuratum
2030 2037 2116 2085 est

530 2132 795 2202 insipiens
815 2144 911 2184 cor
932 2144 1145 2194 eorum,
1174 2128 1417 2183 dicentes
1438 2125 1579 2179 enim
1604 2138 1661 2179 se
1682 2138 1799 2177 esse
1822 2122 2113 2191 sapientes,

528 2222 677 2276 stulti
710 2221 836 2275 facti
868 2228 1015 2285 sunt,
1050 2228 1106 2273 et
1137 2225 1482 2271 mutaverunt
1514 2214 1741 2285 gloriam
1785 2209 2116 2279 incorrupti-

529 2310 655 2364 bilis
685 2310 777 2364 Dei
808 2309 864 2363 in
894 2306 1304 2363 similittuliuem
1332 2304 1582 2374 imaginis
1608 2300 1981 2370 corruptibilis
2013 2300 2114 2352 ho-

530 2401 716 2465 minis,
745 2409 799 2454 ct
829 2399 1132 2462 volucrum,
1163 2405 1218 2451 et
1245 2394 1652 2465 quadrupedum
1690 2400 1745 2445 et
1777 2392 2113 2458 serpentium

532 2490 706 2563 (Rom.
741 2490 804 2562 ι).
841 2510 860 2543 ι
896 2488 1000 2543 Per
1028 2488 1168 2541 hanc
1192 2487 1372 2553 itaque
1403 2499 1614 2538 vesauze
1648 2481 1928 2552 sapientia}
1964 2481 2116 2533 vani-

531 2590 730 2644 tatem,
765 2588 957 2650 poetrc,
987 2576 1312 2649 philosophi,
1340 2574 1504 2643 magi,
1550 2573 1788 2627 siderum
1829 2572 2118 2625 rimatores

530 2672 880 2741 omniumque
908 2668 1316 2739 disciplinarum
1356 2664 1662 2721 liberalium
1695 2664 1944 2718 instructi
1974 2663 2117 2732 peri-

533 2764 631 2827 tia,
647 2762 955 2832 prodigiosa
974 2758 1365 2816 daemoniorum
1388 2756 1633 2812 solebant
1653 2756 1879 2810 adorare
1901 2754 2119 2824 ﬁgmen-

535 2865 609 2910 ta.
643 2854 701 2910 In
732 2854 900 2910 vitulo
924 2854 1087 2926 igitur
1123 2852 1485 2923 significatum
1532 2859 1616 2904 est
1663 2858 1835 2904 totum
1878 2864 2076 2917 corpus
2098 2888 2112 2910 ,

531 2945 589 3002 id
613 2954 720 3012 est,
752 2945 931 3000 omnis
966 2943 1198 2999 societas
1228 2939 1508 3010 gentilium
1547 2939 1873 2995 idololatria
1910 2939 2118 2993 dedito-

2214 1765 2327 1819 illic
2355 1764 2447 1833 qui
2472 1764 2735 1835 perempti
2759 1771 2884 1818 sunt
2912 1777 3037 1817 cum
3068 1756 3508 1814 interfectoribus
3530 1756 3646 1810 suis
3674 1769 3805 1824 pro-

2211 1853 2532 1925 pinquitatis
2586 1852 2987 1907 necessitudine
3042 1848 3448 1921 iungebantur;
3512 1846 3657 1901 sicut
3701 1860 3805 1915 per

2218 1944 2438 2014 Moysen
2489 1944 2693 1998 dictum
2743 1952 2873 1998 est:
2921 1960 2940 1993 (
2994 1940 3120 1997 Haec
3166 1940 3297 1995 dicit
3346 1938 3605 1994 Dominus
3655 1936 3801 1990 Deus

2216 2035 2385 2091 Israel
2415 2052 2428 2088 :
2458 2034 2632 2090 Ponat
2669 2035 2754 2089 vir
2777 2033 3013 2101 gladium
3047 2048 3210 2102 super
3238 2031 3416 2085 femur
3439 2044 3618 2094 suum,
3644 2030 3718 2083 ite
3744 2036 3803 2081 et

2217 2127 2392 2182 redite
2423 2127 2490 2181 de
2519 2135 2669 2196 porta
2695 2141 2865 2195 usque
2892 2126 2945 2180 in
2973 2132 3183 2193 portam
3210 2139 3306 2193 per
3333 2122 3566 2176 medium
3590 2130 3804 2174 castro-

2218 2233 2363 2278 rum.
2378 2226 2429 2271 et
2446 2216 2655 2270 occidat
2674 2215 3044 2284 unusquisque
3057 2213 3281 2267 fratrem
3297 2220 3351 2267 et
3365 2212 3597 2266 amicum
3610 2222 3663 2265 et
3675 2226 3802 2279 pro-

2219 2309 2426 2364 ximum
2451 2323 2606 2362 suum
2621 2306 2817 2377 (Exod.
2835 2306 3031 2376 xxx").
3046 2324 3064 2356 ι
3083 2305 3138 2359 Si
3158 2320 3317 2375 quem
3337 2319 3466 2374 ergo
3487 2302 3721 2358 delectat
3746 2303 3800 2356 in

2220 2415 2373 2456 arma
2400 2414 2745 2469 consurgere,
2770 2398 3017 2468 quisquis
3040 2396 3258 2451 anhelat
3281 2394 3538 2449 adversus
3560 2380 3799 2448 hostium

2218 2506 2422 2548 cuneos
2452 2490 2732 2555 dimicare,
2768 2498 2945 2543 vertat
2975 2503 3167 2542 manus
3198 2488 3251 2540 in
3282 2500 3342 2541 se
3382 2494 3439 2540 et
3475 2484 3581 2539 illic
3611 2484 3803 2553 plures

2218 2581 2459 2637 inveniet
2498 2578 2839 2634 adversarios
2864 2578 3287 2633 obtruncandos.
3346 2575 3501 2631 Unde
3542 2573 3802 2628 videlicet

2216 2684 2339 2744 post
2355 2675 2632 2731 victoriam
2655 2690 2761 2729 non
2786 2674 3067 2729 homicida)
3089 2672 3291 2728 foedum
3314 2686 3505 2725 nomen
3531 2670 3800 2732 incurrat,

2219 2765 2313 2820 sed
2365 2765 2632 2836 gloriosus
2680 2765 2861 2835 potius
2912 2763 3271 2833 triumphator
3328 2768 3621 2831 appareat;
3654 2758 3802 2813 unde

2220 2868 2368 2913 certe
2392 2872 2496 2911 non
2524 2857 2818 2912 sanctuarii
2844 2864 3117 2911 mereatur
3142 2853 3352 2909 excludi
3383 2853 3680 2914 liminibus,
3704 2850 3805 2905 sed

2222 2963 2550 3004 consecrans
2576 2949 2924 3018 semetipsum
2954 2948 3181 3002 Domino
3210 2945 3402 3000 divinae
3424 2944 3613 3015 gratia:
3637 2944 3804 2997 bene-

533 3052 674 3107 ΐυιηε
710 3035 867 3106 115
895 3035 1107 3106 Moyses
1133 3033 1315 3102 ίιίιιιιιε
1355 3032 1579 3086 "illum"
1619 3032 1741 3100 igne
1785 3030 2112 3095 εοῐηῦυδδὶῑ.
2145 3013 2191 3076 c
2224 3038 2546 3095 dictionibus
2571 3013 2862 3110 augeatur;
2897 3040 3057 3111 116
3076 3040 3216 3094 sicut
3236 3047 3290 3093 et
3317 3013 3651 3092 illis'dlctum
3678 3043 3799 3090 est:

532 3128 660 3199 quia
696 3127 1025 3197 Redemptor
1049 3110 1251 3187 noster,
1282 3139 1442 3194 quem
1472 3123 1564 3178 ille
1602 3124 1944 3193 signaverat,
1979 3121 2117 3178 male

535 3219 845 3288 conspirata
874 3217 1038 3272 corda
1080 3216 1358 3287 gentilium
1406 3215 1619 3269 flamma
1666 3232 1778 3269 sua:
1832 3215 2118 3270 charitatis

538 3300 807 3363 acoendit.
837 3305 991 3362 Unde
1014 3315 1071 3361 et
1098 3307 1210 3375 ipse
1236 3305 1406 3358 dicit:
1441 3324 1460 3356 ι
1496 3304 1680 3375 Ignem
1732 3306 1855 3360 veni
1903 3306 2117 3360 mittere

533 3400 589 3453 in
624 3407 846 3461 terram,
878 3405 934 3450 et
966 3396 1097 3466 quid
1128 3394 1249 3448 volo
1292 3394 1394 3447 nisi
1443 3403 1503 3448 ut
1540 3395 1908 3450 accendatur?
1953 3394 2113 3465 (Luc.

534 3489 660 3560 ιιι.)
694 3509 711 3540 ι
745 3489 812 3542 Et
835 3488 1148 3556 Propheta:
1188 3505 1206 3536 ί
1235 3484 1350 3539 Νοιι
1378 3493 1480 3549 est,
1512 3487 1722 3555 inquit,
1772 3487 1865 3557 qui
1916 3501 1974 3541 se
2017 3485 2114 3538 ab-

535 3580 810 3634 scondata
840 3577 1023 3633 calore
1052 3576 1168 3645 ejus
1193 3574 1367 3646 (Psal.
1391 3578 1569 3647 xviii).
1603 3596 1619 3627 ι
1674 3577 1732 3631 In
1778 3589 1959 3631 mente
1988 3591 2117 3644 ergo

535 3671 816 3741 gentilium
848 3680 1071 3739 repente
1098 3668 1313 3723 divinus
1338 3669 1478 3738 ignis
1510 3670 1842 3734 accenditur,
1873 3678 1931 3724 ut
1960 3671 2010 3723 in
2040 3671 2119 3725 eis

537 3758 930 3813 irrationabilis
984 3757 1305 3812 idololatriae
1369 3758 1543 3812 forma
1601 3758 1861 3813 solvatur.
1923 3759 2118 3814 Totum

536 3851 733 3906 deinde
756 3866 954 3920 corpus
973 3850 1124 3905 vituli
1152 3850 1313 3920 hujus
1334 3849 1387 3903 iu
1408 3849 1685 3920 pulverem
1709 3851 2118 3916 comminuitur,

537 3947 665 4018 quia
697 3944 910 4016 gentilis
940 3944 1031 3998 illa
1062 3945 1295 3999 societas
1317 3943 1595 3999 diabolica}
1618 3945 2037 4013 conspirationis
2065 3945 2117 3999 in

539 4050 707 4091 unum
737 4043 856 4088 arte
880 4032 1134 4096 conflata,
1188 4034 1257 4086 ad
1302 4034 1590 4087 adventum
1636 4033 1840 4088 Christi
1887 4034 2118 4103 quodam

539 4125 689 4181 velut
716 4124 913 4180 malleo
936 4122 1231 4203 salutifera:
1252 4124 1607 4193 correptionis
1635 4132 1864 4179 extuusa
1899 4133 2059 4193 atque
2088 4140 2119 4179 a

539 4216 739 4287 rigoris
761 4214 1072 4291 suiduritia
1104 4213 1272 4268 divini
1295 4213 1446 4268 verbi
1473 4224 1556 4268 est
1595 4214 1793 4269 virtute
1844 4216 2117 4280 contrita;

541 4308 608 4362 ad
639 4307 861 4362 verbum
891 4305 1160 4375 siquidem
1194 4305 1440 4359 veritatis
1468 4306 1760 4360 salubriter
1793 4307 2119 4361 couuninui-

545 4409 648 4457 tur.
676 4412 794 4465 qua:
818 4397 959 4450 male
986 4397 1195 4465 integra
1232 4396 1283 4448 in
1309 4396 1574 4465 superbia:
1599 4413 1710 4451 sure
1741 4395 1909 4451 forma
1940 4399 2124 4454 inscu-

544 4487 775 4547 sibiliter
806 4496 951 4541 stare
981 4488 1283 4541 videbatur.
1306 4487 1507 4542 Deinde
1532 4488 1584 4540 in
1611 4503 1804 4557 aquam
1829 4487 2117 4560 Spargitur,

542 4591 604 4636 ut
634 4580 961 4636 lsraeliticus
990 4594 1055 4634 ex
1080 4595 1144 4634 eo
1174 4580 1404 4651 populus
1434 4581 1600 4635 bibat.
1624 4582 2001 4638 Commiuutus
2026 4585 2122 4639 de-

547 4674 712 4742 niquc
753 4670 951 4726 vitulus
994 4670 1048 4725 in
1097 4686 1290 4740 aquam
1342 4673 1591 4731 mittitur.
1641 4674 1768 4745 quia
1814 4675 2124 4731 humiliatus

542 4768 760 4839 gentilis
791 4766 1037 4838 pepulus,
1061 4767 1278 4822 lavacro
1307 4767 1570 4823 salutiferi
1601 4768 1766 4823 fontis
1792 4786 2010 4827 necesse
2035 4780 2120 4827 est

542 4860 809 4914 abluatur.
830 4859 999 4926 Quem
1025 4860 1269 4929 protinus
1288 4859 1545 4914 Israelita:
1575 4861 1921 4930 bibunt,quia
1949 4863 2123 4917 sancti

542 4952 920 5021 praedicatores
937 4951 1225 5021 Evangelii,
1257 4952 1351 5021 qui
1378 4967 1504 5005 vere
1533 4950 1793 5007 lsraelitae
1818 4961 1963 5017 sunt,
1988 4969 2124 5022 quos

543 5043 882 5097 Dominicum
914 5058 1133 5112 corpus,
1162 5043 1304 5113 quod
1346 5054 1428 5097 est
1465 5042 1710 5098 Ecclesia
1731 5084 1745 5107 ,
1790 5042 2127 5097 transferunt

867 5135 1005 5158 »ιι-υ·
1053 5133 1425 5199 «suscipiendo,
1455 5135 1610 5202 quasi
1638 5135 1871 5190 bibendo
1899 5150 2124 5189 convcr-

2227 3150 2245 3183 ι
2291 3130 2706 3197 Consecrastis,
2760 3132 2975 3201 inquit,
3029 3145 3221 3184 manus
3274 3138 3483 3184 vestras
3530 3127 3798 3191 Domino,

2219 3223 2593 3291 unusquisque
2616 3222 2666 3276 in
2694 3221 2804 3277 ﬁlio
2834 3230 2887 3277 et
2918 3219 3086 3276 fratre
3113 3235 3234 3287 suo,
3264 3230 3324 3274 ut
3347 3221 3501 3274 detur
3530 3220 3684 3274 vobis
3710 3219 3807 3274 be-

2219 3313 2453 3367 nedictio
2475 3310 2715 3382 (Ibid.).i
2741 3311 2894 3378 Quod
2917 3320 3094 3366 autem
3122 3311 3160 3365 ii
3186 3311 3276 3381 qui
3309 3311 3435 3365 caesi
3459 3320 3587 3365 sunt
3605 3308 3799 3380 viginti

2222 3390 2323 3456 tria
2359 3402 2527 3456 millia
2556 3402 2723 3456 fuisse
2747 3400 3076 3466 referuntur,
3099 3416 3354 3454 numerus
3378 3401 3541 3457 trium
3569 3400 3794 3454 millium

2218 3504 2623 3562 peremptorum
2649 3491 2913 3560 triplicem
2943 3488 3171 3543 formam
3202 3488 3403 3542 iudicat
3428 3499 3795 3556 peccatorum.

2220 3583 2392 3638 Omne
2410 3583 2608 3652 quippe
2637 3590 3058 3652 peccatum,aut
3096 3580 3269 3644 facto,
3311 3588 3406 3633 aut
3460 3581 3655 3646 verbo,
3707 3589 3800 3632 aut

2221 3673 2549 3743 cogitatione
2577 3672 2983 3727 committimus.
3004 3671 3109 3726 Sed
3131 3670 3388 3740 quoniam
3417 3669 3527 3724 illic
3553 3680 3609 3724 et
3632 3670 3800 3724 dena-

2221 3764 2336 3818 rius
2370 3778 2629 3818 numerus
2652 3763 2977 3833 geminatur,
3013 3762 3173 3816 datur
3205 3760 3426 3830 intelligi
3485 3761 3610 3829 quia
3663 3761 3803 3814 sicut

2222 3855 2542 3926 Decalogum
2578 3865 2969 3925 przeceptorum
2995 3854 3153 3923 culpa
3184 3854 3367 3908 carnis
3397 3853 3554 3909 simul
3592 3861 3647 3907 et
3679 3853 3799 3906 aui-

2222 3964 2324 4002 mae
2379 3960 2600 4001 servare
2651 3947 3111 4015 contempsimus,
3170 3946 3248 4000 sic
3300 3945 3464 3998 etiam
3518 3944 3803 4011 utriusque

2223 4037 2357 4090 vitia
2406 4034 2669 4090 virtutum
2719 4034 2886 4088 armis
2933 4043 3170 4088 atterere
3222 4042 3277 4087 et
3324 4032 3649 4087 mortiﬁcare
3704 4033 3800 4086 de-

2222 4131 2429 4186 bemus.

2788 4217 3017 4274 CAPUT
3053 4218 3239 4273 XXVI.

2650 4309 2718 4364 In
2756 4325 2990 4364 sermone
3026 4307 3266 4379 synodali
3303 4307 3355 4362 Ι.

2300 4420 2320 4455 ‹
2358 4402 2500 4458 Ecce
2518 4397 2671 4456 locus
2693 4399 2833 4468 apud
2858 4415 2945 4453 me
2973 4407 3079 4464 est,
3104 4409 3159 4453 et
3184 4399 3349 4454 stabis
3378 4412 3538 4467 supra
3565 4406 3802 4467 petram,

2225 4502 2279 4549 et
2311 4503 2441 4549 tunc
2464 4492 2672 4547 videbis
2694 4492 2993 4562 posteriora
3020 4506 3135 4545 mea
3156 4490 3352 4562 (Exod.
3377 4490 3591 4562 XXXt‘lt).
3622 4509 3641 4542 ι
3673 4490 3805 4557 Quis

2226 4594 2406 4639 autem
2438 4585 2539 4640 iste
2564 4584 2734 4649 locus,
2764 4582 2854 4636 ubi
2890 4582 3072 4637 statim
3111 4596 3274 4650 super
3300 4592 3512 4652 petram
3542 4582 3805 4636 Dominus

2226 4675 2492 4743 cernitur,
2519 4675 2624 4731 nisi
2654 4682 2842 4729 sancta
2875 4674 3201 4743 intelligatur
3226 4672 3488 4737 Ecclesia,
3530 4673 3618 4729 tibi
3636 4713 3651 4738 ,
3677 4674 3805 4727 dum

2227 4780 2393 4841 petrae
2416 4768 2537 4823 ﬁdei
2558 4774 2874 4823 constanter
2895 4764 3195 4828 innitimur,
3223 4763 3381 4820 simul
3402 4777 3525 4818 cum
3547 4762 3806 4832 Apostolo

2228 4863 2454 4934 gloriam
2493 4861 2705 4916 Domini
2745 4859 3127 4932 speculamur?
3167 4856 3295 4911 Hinc
3322 4867 3404 4911 est
3434 4856 3579 4909 enim
3606 4856 3670 4912 de
3700 4868 3805 4923 qua

2228 4958 2465 5012 dicitur:
2499 4976 2517 5008 ι
2556 4955 2732 5026 Super
2759 4956 2900 5010 hanc
2943 4962 3155 5024 petram
3181 4949 3461 5006 a‘diﬁcabo
3506 4948 3805 5003 Ecclesiam

2230 5064 2404 5103 meam
2430 5047 2644 5119 (Manli.
2667 5045 2803 5119 xw).
2832 5065 2852 5099 ι

2777 5134 3004 5192 CAPUT
3040 5133 3252 5189 XXVII.

3112 5228 3124 5240 '
3195 5225 3508 5279 crurrilitate
3542 5222 3769 5277 vitanda.
