4078 6336
329 222 472 279 1029

1595 237 1661 293 IN
1693 237 1953 296 LIBRUM
1990 241 2307 301 LEVITICI.

3455 256 3594 311 1050

324 344 513 389 nostra
538 335 708 389 sancti
740 335 975 405 Spiritus
1003 337 1328 395 charismata
1372 357 1437 398 ex
1470 344 1652 403 divino
1682 363 1905 406 munere
1935 360 1979 416 Α
2009 369 2130 423 quae
2156 353 2435 425 disciplina
2464 357 2795 426 ptenitentizc
2834 371 3041 417 resecat
3063 403 3078 427 ,
3112 368 3477 423 necessarium
3510 384 3594 427 est

324 436 738 492 componamus.
783 424 889 480 Sed
918 428 1044 496 quia
1076 430 1206 498 ipsis
1234 433 1438 489 sanctis
1465 437 1747 506 operibus,
1784 441 1907 509 qui-

323 512 427 566 bus
456 528 553 582 per
580 511 905 570 aﬂlationem
943 519 1116 573 sancti
1159 519 1395 590 Spiritus
1421 528 1675 584 ardentes
1705 530 1908 586 insisti-

324 620 470 674 mus,
521 610 765 676 qutedam
814 611 1079 682 superﬂua
1135 630 1193 670 se
1250 627 1479 674 terrente
1543 622 1905 691 corruptionis

324 694 707 764 interscrunt,
794 717 916 755 cum
1003 703 1237 760 lucernis
1319 709 1482 763 etiam
1568 713 1903 767 emunctoria

319 789 633 844 necessario
668 790 824 846 lium.
882 794 1020 861 Quid
1074 799 1217 852 enim
1264 816 1362 871 per
1413 806 1748 859 emunctoria
1801 808 1905 862 nisi

320 876 593 934 districtio
624 882 959 950 poenitentiae
986 887 1333 958 designatur?
1380 895 1718 949 emunctorio
1746 912 1902 950 nam-

319 982 426 1037 que
448 971 591 1039 quod
621 987 1019 1043 supervacuum
1046 989 1129 1034 est
1160 981 1211 1033 in
1244 981 1462 1037 lucerna
1506 984 1817 1056 decerpitur
1848 997 1905 1043 et

318 1061 659 1118 districtione
685 1067 1017 1134 poenitentia:
1040 1071 1290 1127 humana:
1316 1075 1597 1143 pravitatis
1623 1078 1777 1147 culpa
1810 1079 1903 1133 de-

315 1149 475 1206 letur.
521 1151 676 1209 Unde
716 1165 771 1210 ct
818 1156 1012 1215 Petrus
1040 1162 1359 1229 quibusdam
1403 1167 1671 1235 superﬂua
1711 1183 1902 1239 perpe-

318 1242 594 1298 trantibus
625 1244 697 1299 ait
738 1263 751 1298 :
806 1265 825 1297 α
871 1247 1211 1306 Ρωηίιοιιιίηἰ
1262 1253 1442 1324 igitur,
1500 1265 1552 1309 ut
1616 1257 1902 1314 deleantur

313 1340 540 1398 peccata
595 1343 779 1388 vestra
827 1335 964 1407 (Act.
1014 1338 1097 1409 ιι),
1137 1358 1154 1390 ι
1216 1357 1279 1396 ac
1342 1344 1387 1397 si
1452 1354 1640 1416 aperte
1705 1347 1896 1403 dicat:

318 1420 735 1491 Emnnctorium
778 1427 1066 1499 stringite,
1111 1440 1165 1485 et
1209 1447 1467 1489 excessus
1520 1439 1669 1507 pravi
1718 1440 1899 1508 operis

313 1522 608 1582 amputate.
641 1515 809 1574 Recte
835 1534 964 1590 ergo
1004 1537 1127 1578 cum
1178 1523 1415 1582 lucernis
1468 1537 1523 1583 et
1565 1533 1897 1588 emunctoria

284 1598 470 1665 _liunt,
500 1603 626 1671 quia
657 1607 757 1661 etsi
784 1623 881 1677 per
911 1613 1340 1684 sanctiSpiritus
1368 1621 1596 1688 gratiam
1630 1622 1895 1678 bonorum

2010 461 2071 506 ut
2111 453 2333 507 contriti
2378 454 2556 510 cordis
2599 454 2753 511 ﬂetus
2798 460 3143 531 exstinguat,
3174 478 3279 518 non
3323 466 3596 522 immerito

2010 546 2220 617 Moyses
2246 556 2444 617 praeter
2469 551 2724 605 lucernas
2750 561 2806 607 et
2835 556 3196 620 emunctoria,
3246 559 3410 613 etiam
3463 576 3590 617 vasa

2010 637 2204 694 fecisse
2238 650 2598 707 memoratur,
2631 641 2720 697 ubi
2768 658 2889 711 quae
2920 655 3171 699 emuncta
3227 657 3355 702 sunt
3382 652 3594 705 exstin-

2008 741 2262 801 guantur.
2291 732 2429 786 Vasa
2473 740 2651 785 autem
2684 743 2869 787 nostra
2901 743 3025 788 sunt
3055 736 3237 800 corda,
3262 753 3387 806 quae
3410 740 3589 812 lacry-

2008 838 2218 876 marum
2248 836 2463 892 semper
2486 833 2539 877 et
2566 822 2723 879 ﬂetus
2751 824 2948 879 debent
2992 840 3112 879 esse
3138 827 3488 883 inundatione
3516 845 3594 884 re-

2008 914 2183 983 pleta;
2209 915 2262 969 in
2285 915 2482 984 quibus
2503 916 2759 969 nimirum
2776 916 2920 971 vasis
2950 926 3004 972 et
3030 918 3208 972 oleum
3233 918 3362 973 illud
3392 935 3588 975 recon-

2007 1004 2176 1070 ditur,
2209 1006 2273 1059 de
2303 1020 2410 1075 quo
2444 1006 2495 1059 in
2524 1006 2815 1076 Evangelio
2849 1007 3166 1076 perhibetur
3188 1009 3312 1076 quia
3339 1027 3352 1060 :
3400 1028 3417 1060 ι
3456 1009 3592 1064 Pru-

2007 1093 2196 1148 dentcs
2228 1094 2467 1164 virgines
2512 1106 2840 1165 acceperunt
2865 1095 3043 1151 oleum
3074 1097 3125 1150 in
3152 1100 3295 1153 vasis
3321 1101 3433 1153 suis
3464 1116 3587 1155 cum

2012 1186 2351 1255 lampadibus
2392 1186 2605 1257 (Matth.
2631 1188 2780 1259 xxv).
2812 1207 2831 1239 ι
2866 1188 2923 1243 Si
2949 1205 3078 1260 ergo
3105 1201 3159 1244 et
3192 1191 3262 1271 ,Ιιί
3299 1192 3392 1262 qui
3427 1192 3589 1247 claris

2004 1278 2258 1348 operibus
2287 1278 2571 1349 splendent
2598 1279 2778 1334 adhuc
2812 1289 2989 1335 tamen
3036 1280 3250 1337 ﬂetibus
3302 1284 3541 1355 indigent
3570 1324 3587 1350 ,

2004 1372 2131 1442 quid
2160 1372 2225 1427 de
2256 1387 2341 1427 me
2372 1373 2570 1427 misero
2594 1372 2835 1442 meisque
2866 1373 3133 1429 similibus
3161 1376 3319 1445 117
3343 1378 3586 1431 sentien-

2003 1463 2154 1527 dum,
2185 1463 2278 1532 qui
2336 1463 2621 1517 tenebrosa
2662 1463 2827 1517 multa
2869 1465 3243 1519 commisimus
3268 1506 3281 1530 ,
3337 1476 3393 1521 ct
3447 1468 3588 1522 bona

2004 1568 2126 1624 qua:
2171 1553 2389 1608 luceant
2435 1569 2544 1607 non
2588 1548 2885 1608 habemus?
2933 1554 3105 1621 Quam
3161 1556 3452 1611 uberrimis
3502 1558 3584 1613 la-

2005 1657 2318 1714 crymarum
2372 1641 2504 1696 rivis
2551 1641 2813 1697 debemus
2853 1643 3014 1714 118
3061 1658 3274 1712 semper
3325 1645 3583 1712 aﬂluere,

310 1704 536 1759 operum
560 1693 760 1752 lumine
782 1701 1130 1770 resplendere
1150 1709 1544 1777 contendimus,
1560 1712 1685 1766 dum
1712 1721 1881 1770 tamen

312 1780 540 1806 Iun“---
582 1789 839 1806 --.ημηᾼυγ
1045 1794 1074 1806 ιι.
1583 1804 1592 1806 -
1725 1805 1731 1806 ,

2559 1693 2809 1697 η-ν---η
2853 1693 3013 1714 --υ
3061 1693 3261 1712 nm.“
3326 1693 3583 1712 -η---ην

1995 1751 2155 1805 quam
2187 1734 2444 1790 continuo
2480 1735 2705 1790 maerori
2737 1750 2959 1790 necesse
2992 1733 3167 1789 fuerat
3199 1736 3400 1806 iugiter
3439 1737 3587 1793 insu-

309 1780 544 1837 bumana
576 1789 852 1858 corruptio
879 1794 1144 1863 superﬂua
1175 1808 1420 1864 generat.
1450 1804 1783 1871 pmnitentire
1808 1820 1887 1861 re-

309 1871 503 1927 mediis
529 1874 850 1948 indigemus.
885 1881 991 1938 Sed
1020 1888 1277 1956 quoniam
1311 1890 1425 1945 haec
1458 1891 1573 1961 ipsa
1597 1894 1888 1963 superﬂua,

2001 1828 2129 1881 dare
2149 1827 2172 1880 ?

1450 2069 1757 2142 Expliciunt
1778 2072 2075 2128 testimonia
2103 2068 2224 2123 libri
2250 2067 2445 2122 Exodi.

1292 2200 1633 2259 INCIPIUNT
1670 2203 2012 2260 CAPITULA
2050 2200 2229 2256 LIBRI
2268 2199 2580 2256 LEVITlCl.

340 2302 393 2387 1.
441 2301 677 2387 Xitulum
705 2308 770 2387 de
798 2320 1035 2387 armento
1062 2312 1374 2387 masculum,
1409 2313 1805 2370 immaculatum
1835 2318 2015 2387 offeret
2043 2324 2163 2369 ante
2189 2316 2381 2387 ostium
2408 2312 2736 2368 tabernaculi
2768 2313 3078 2368 testimonii.

339 2370 394 2465 ἓ.
438 2370 502 2465 [λι
521 2375 583 2465 'i'n
613 2378 754 2432 omni
781 2380 1153 2465 sacri/iciolsal
1188 2370 1502 2465 misceatur;
1530 2388 1842 2455 fermentum
1866 2370 2136 2465 iierotsive
2165 2384 2287 2448 mel,
2319 2401 2607 2465 nunquam.
2729 2453 2740 2465 .
2988 2454 2997 2463 _
3062 2455 3073 2465 .

339 2442 393 2495 3.
440 2440 602 2529 Tollet
631 2440 1149 2529 sacerdosﬁugillum
1174 2453 1381 2521 similw,
1412 2440 1540 2525 quia.
1560 2473 1838 2526 conspersa
1864 2467 1939 2512 est
1971 2440 2107 2520 oleo,
2139 2466 2186 2509 et
2216 2440 2381 2508 tolum
2421 2440 2561 2519 thus,
2600 2453 2740 2523 quod
2764 2469 2921 2523 super
2952 2454 3184 2509 s'milam
3206 2457 3435 2525 positum
3473 2472 3575 2529 est,

477 2514 802 2586 adolebitqne
827 2514 980 2571 una:

333 2579 390 2634 ι.
433 2580 498 2634 1η
519 2584 680 2639 altari
705 2579 793 2640 Ma
830 2605 909 2642 ses
942 2591 1339 2648 tabernaculum
1362 2595 1572 2664 fmderis
1602 2597 1899 2665 ﬁrequenter
1924 2596 2159 2650 intrabat
2191 2604 2239 2647 et
2267 2594 2464 2648 exibat.

334 2650 387 2704 5.
430 2651 587 2712 Quod
631 2606 828 2712 Nadab
865 2672 912 2712 et
961 2659 1115 2712 Abiu.
1159 2663 1257 2712 ﬁlii
1301 2667 1499 2712 Aaron-
1548 2668 1845 2712 obtulerunt
1889 2669 2061 2712 innmn
2091 2665 2322 2712 alienum
2352 2682 2464 2712 cora

334 2650 387 2704 5.
430 2651 587 2718 Quod
631 2655 789 2711 Nuda

478 2729 692 2795 sumpti.

865 2672 912 2712 et
961 2659 1116 2727 Abiu,
1156 2663 1257 2731 ﬁlii
1300 2659 1501 2733 Aaron,
1548 2659 1845 2722 obtulerunt
1889 2669 2062 2737 ignem
2091 2665 2322 2718 alienam
2352 2681 2527 2718 coram
2559 2663 2778 2717 Domino
2822 2674 2870 2717 et
2912 2665 3090 2719 divino
3123 2675 3242 2719 sunt
3288 2666 3417 2737 igne'
3453 2687 3581 2723 con-

336 2789 391 2889 ξο
435 2789 635 2889 Quibit}
655 2797 836 2889 deligat
870 2800 1046 2889 tiaran
1077 2801 1298 2885 vestibus
1320 2804 1471 2889 indui
1498 2807 1712 2889 quando
1743 2808 2038 2879 ingreditur
2071 2803 2507 2889 tabernaculum._
2572 2874 2582 2884 .
2811 2874 2858 2889 ρ.
2935 2885 2945 2889 Α
3277 2878 3286 2889 ⁸
3335 2879 3345 2889 ,

335 2861 387 2913 ’7.
431 2861 683 2950 Pgntifea:
717 2868 905 2950 offerat
931 2871 1137 2926 hircum
1168 2874 1437 2940 viventem,
1460 2861 1708 2948 et'posita
1738 2861 1958 2950 utraque
1978 2894 2139 2931 manu
2172 2893 2330 2941 super
2355 2886 2507 2945 caput
2531 2874 2666 2943 ejus,
2700 2874 3017 2943 conﬁteatur
3057 2893 3233 2931 omnes
3271 2878 3575 2949 iniquitate:

474 2934 707 2997 ﬁliorum
734 2934 925 2993 Israel.

330 2998 384 3085 ﬁ.
431 3000 596 3085 ane
619 3006 840 3085 animal,
867 3008 1007 3078 quod
1023 3009 1386 3085 _vel_contritis,
1422 3017 1498 3071 vel
1519 3020 1672 3085 tusis,
1694 3018 1783 3074 'vel
1804 3021 1957 3073 sectis
1984 3017 2234 3071 testiculis
2263 3026 2357 3080 est,
2386 3033 2488 3069 non
2525 3014 2750 3084 o/[erctis
2793 3013 3032 3068 Domino.

333 3069 385 3158 ξι
427 3071 498 3158 ι
535 3086 727 3158 septem
749 3069 1205 3158 lucernmjugiter
1231 3069 1465 3139 ardeant
1482 3069 2144 3158 iniitab'ernac'ulo'fwderis
2175 3069 2357 3141 coram
2385 3069 2630 3158 Domitio.

296 3139 382 3193 10.
424 3139 714 3201 Camedetis
735 3139 1093 3203 vetustissima
1120 3161 1345 3208 veterum
1367 3166 1417 3210 et
1448 3139 1640 3225 vetera,
1660 3139 2348 3230 ubi};inpedimentum.
2377 3155 2689 3225 projicietis.

1634 3249 1943 3321 Expliciunt
1969 3248 2226 3315 capitula.

671 3372 1314 3468 INCIPIUNT
1385 3380 2136 3477 TESTIMONIA
2203 3381 2533 3471 LIBRI
2608 3380 3192 3475 LEVITICI.

804 3542 1033 3601 CAPUT
1070 3545 1363 3603 PRIMUM.

467 3630 531 3686 In
559 3648 794 3688 sermone
833 3635 897 3690 de
936 3637 1229 3695 inventione
1263 3653 1459 3698 sanctre
1505 3648 1695 3701 crucis.

363 3743 382 3775 r
428 3724 662 3780 Vitulum
715 3727 781 3781 de
825 3739 1075 3784 armento
1122 3734 1421 3788 masculum
1468 3737 1871 3794 immaculatum

282 3813 613 3871 oﬂ‘cretante
634 3816 831 3871 ostium
858 3819 1191 3875 tabernaculi
1218 3823 1510 3879 testimonii
1543 3825 1728 3895 (Leuit.
1754 3831 1811 3901 ι).
1847 3849 1864 3882 ι

282 3907 388 3964 Per
413 3909 640 3964 vitulum
670 3925 922 3981 namque,
951 3913 1041 3981 qui
1081 3913 1146 3968 de
1186 3924 1435 3970 armento
1462 3916 1644 3972 offerri
1681 3921 1871 3989 praeci—

280 4000 447 4068 pitur,
479 4000 809 4069 Redemptor
841 4010 1042 4065 noster,
1075 4004 1165 4073 qui
1208 4004 1274 4059 de
1308 4006 1741 4073 patriarcharum
1771 4011 1866 4065 dc-

281 4091 492 4145 sccndit
515 4092 788 4162 progenie,
816 4091 1097 4164 ﬁguratur.
1129 4094 1227 4151 llic
1254 4096 1509 4152 nimirum
1534 4106 1718 4154 aratro
1746 4115 1869 4155 cru-

280 4181 360 4235 cis
394 4197 505 4237 sua:
542 4195 741 4238 terram
776 4186 958 4241 carnis
986 4193 1183 4242 nostra:
1213 4187 1521 4257 perdomuit
1550 4197 1600 4243 ct
1630 4204 1696 4244 ex
1741 4189 1865 4260 Spi-

279 4273 417 4327 ritus
450 4275 620 4329 sancti
648 4276 855 4331 semine
898 4278 1154 4333 virtutum
1198 4295 1298 4336 nos
1328 4278 1483 4353 fruge
1511 4281 1703 4336 ditavit
1729 4282 1864 4355 (Isa.

278 4366 419 4436 Lm).
453 4364 550 4421 llic
580 4367 780 4423 vitulus
822 4368 938 4424 sine
979 4370 1212 4436 macula,
1247 4388 1352 4427 non
1394 4372 1446 4428 in
1492 4375 1863 4443 tabernaculo,

278 4458 372 4511 sed
405 4468 531 4511 ante
550 4459 748 4514 ostium
777 4460 895 4530 ejus
927 4478 953 4514 a
984 4462 1106 4517 liliis
1134 4463 1316 4518 Aaron
1349 4466 1699 4533 oﬂ‘crcbatur,
1741 4469 1865 4539 quia

278 4558 333 4603 et
366 4548 642 4616 Dominus,
676 4551 767 4621 qui
805 4551 922 4605 sine
950 4562 1172 4622 peccato
1198 4561 1301 4617 est,
1341 4556 1441 4608 sub
1467 4557 1621 4611 Anna
1655 4566 1708 4613 et
1742 4559 1866 4614 Cai-

277 4639 381 4710 pba
427 4650 581 4695 extra
623 4651 835 4712 portam
884 4655 967 4697 est
1015 4645 1324 4699 crucifixus.
1368 4645 1487 4715 Ipse
1528 4663 1718 4719 agnus,
1769 4652 1861 4720 qui

278 4733 460 4787 mundi
497 4744 719 4803 peccata
768 4735 991 4789 detersit
1033 4735 1214 4807 (Joan.
1258 4735 1321 4807 ι).
1367 4735 1486 4806 Ipse
1528 4738 1730 4805 brcdus,
1768 4742 1860 4813 qui

277 4831 551 4877 auctorem
605 4825 812 4892 peccati
856 4824 1125 4879 diabolum
1159 4828 1337 4881 crucis
1376 4827 1553 4897 gladio
1596 4830 1863 4902 jugulavit

1912 3558 1958 3620 ρ
1991 3549 2188 3605 lebitur
2240 3549 2291 3602 in
2335 3547 2606 3603 sacrificio
2648 3547 2858 3602 Domini
2892 3547 3078 3619 (Leuit.
3112 3550 3195 3621 lt).
3252 3572 3272 3605 ι
3317 3551 3572 3626 Quisquis

1977 3643 2121 3696 enim
2151 3640 2236 3695 vel
2272 3640 2514 3709 rapinam
2566 3640 2616 3693 in
2667 3655 2803 3710 opus
2845 3640 3063 3710 pietatis
3108 3643 3443 3713 impendere,
3481 3649 3569 3703 vel

1974 3746 2128 3784 vanae
2157 3730 2339 3800 gloria:
2366 3745 2526 3784 causa
2566 3729 2767 3783 bonum
2802 3730 3017 3784 videtur
3041 3730 3257 3800 aliquod
3287 3748 3566 3801 exercere,

1975 3818 2063 3875 hic
2090 3835 2195 3875 non
2225 3835 2467 3888 azymam
2496 3818 2828 3873 sinceritatis
2849 3827 2903 3872 et
2925 3820 3196 3885 veritatis,
3214 3822 3307 3874 sed
3330 3821 3570 3878 fermen-

1977 3917 2087 3963 tum
2116 3910 2335 3964 malititc
2369 3919 2533 3978 atquc
2577 3910 2830 3978 nequitia:
2866 3918 3094 3963 conatur
3132 3909 3351 3966 offerre.
3395 3912 3566 3969 Mellis

1972 4015 2187 4070 quoque
2223 3999 2552 4054 sacrificium
2578 3999 2838 4052 Dominus
2871 4013 2975 4052 non
3008 4001 3290 4068 approbat,
3317 4002 3442 4070 quia
3474 4001 3560 4056 lu-

1971 4091 2145 4144 xuria:
2168 4088 2493 4159 voluptatem
2522 4101 2849 4156 omnemque
2875 4088 3113 4142 carnalis
3145 4088 3412 4144 illecebrze
3440 4091 3561 4145 dul-

1970 4181 2212 4236 cedinem
2263 4180 2504 4233 damnat.
2556 4179 2648 4233 Sal
2702 4188 2882 4232 autem
2936 4179 3190 4235 omnibus
3248 4181 3563 4251 praccipitur

1968 4273 2334 4328 oblationibus
2381 4272 2651 4337 adhiberi,
2702 4280 2759 4325 ut
2803 4271 3064 4342 quidquid
3116 4273 3346 4327 Domino
3396 4290 3562 4344 super

1969 4381 2116 4419 aram
2146 4365 2325 4420 devoti
2357 4365 2538 4420 cordis
2563 4362 2862 4430 oﬂ‘erimus,
2908 4364 3135 4420 rationis
3164 4376 3561 4436 sentpcratque

1971 4458 2336 4529 intelligentia:
2364 4473 2555 4527 sapore
2583 4457 2805 4513 condire
2834 4456 3171 4512 Studeamus.
3230 4459 3321 4513 Ait
3358 4461 3503 4514 enim
3541 4480 3553 4515 :

1972 4568 1991 4601 ‹
2038 4548 2308 4621 Quidquid
2335 4549 2596 4604 obtuleris
2639 4550 2889 4604 sacrilicii
2921 4549 3033 4602 sale
3061 4550 3304 4614 condies,
3336 4567 3435 4605 nec
3463 4568 3557 4606 au-

1966 4638 2106 4695 feres
2136 4642 2215 4695 sal
2247 4642 2469 4697 fmtleris
2498 4643 2588 4697 Dei
2627 4644 2699 4695 tui
2729 4645 2793 4695 de
2817 4642 3086 4696 sacrificio
3120 4652 3210 4696 tuo
3237 4642 3381 4712 (Leu.
3415 4644 3497 4713 ιι).
3531 4664 3549 4696 ι

1963 4732 2027 4785 Et
2065 4740 2120 4786 ut
2161 4735 2306 4801 quod
2348 4734 2561 4788 dicebat
2603 4733 2809 4786 arctius
2850 4732 3168 4796 inculcaret,
3194 4741 3248 4785 ct
3295 4748 3361 4785 nc
3403 4747 3555 4786 mens

1965 4834 2146 4880 nostra
2176 4825 2426 4880 fortassis
2457 4826 2749 4893 aliquando
2786 4824 2987 4878 insulsa
3032 4824 3329 4891 desiperet,
3373 4823 3554 4878 adhuc

277 4909 449 4983 (Paul.
482 4913 586 4983 Ill).
618 4913 736 4985 Ipse
768 4914 1040 4979 columba,
1083 4917 1134 4969 in
1180 4915 1332 4985 cujus
1378 4919 1636 4974 nimirum
1686 4923 1863 4991 specie
1893 4934 1941 4991 ι)
1969 4915 2311 4982 ingeminans
2340 4915 2477 4969 dicit
2513 4931 2525 4967 :
2568 4932 2587 4964 ι
2639 4915 2695 4967 1η
2731 4913 2878 4967 omni
2914 4912 3186 4967 oblatione
3218 4922 3308 4966 tua
3354 4912 3553 4967 oﬂ'cres

276 5002 512 5074 Spiritus
544 5015 762 5061 sanctus
792 5021 954 5078 super
988 5024 1109 5062 eum
1155 5009 1221 5063 ad
1261 5008 1515 5065 Iordanis
1542 5011 1738 5066 ﬂuenta
1768 5014 1862 5067 dc-

274 5098 501 5153 sceudit.
531 5098 648 5169 Ipse
681 5099 843 5153 etiam
874 5108 1072 5164 turtur,
1116 5100 1240 5170 quia
1271 5110 1546 5171 perpetua:
1586 5104 1859 5160 castitatis

274 5202 462 5246 auctor
504 5191 709 5252 existit,
759 5191 901 5245 sicut
943 5191 1044 5246 sibi
1083 5207 1112 5245 a
1158 5206 1352 5261 sponsa
1386 5192 1586 5247 dicitur
1620 5211 1633 5247 :
1669 5212 1688 5245 ‹
1726 5195 1857 5264 Spe.

276 5282 434 5336 ciosa:
469 5297 620 5353 genae
647 5291 748 5334 tua:
772 5281 913 5335 sicut
944 5282 1173 5335 turturis
1207 5279 1383 5351 (Cant.
1412 5282 1475 5352 ι).
1515 5300 1533 5333 ι

907 5369 1134 5427 CAPUT
1164 5370 1228 5424 ll.

739 5461 805 5516 In
835 5480 1073 5516 sermone
1108 5463 1392 5532 virginum.

346 5566 372 5607 ρ
412 5555 601 5609 (bonis
646 5552 883 5615 oblatio,
925 5569 1043 5622 qua:
1087 5553 1313 5609 offertur
1355 5555 1609 5619 Domino,
1657 5554 1858 5626 absque

280 5638 538 5703 fermento
567 5644 677 5707 (iet,
715 5659 811 5697 nec
840 5645 1135 5714 quidquam
1169 5647 1418 5702 fcrmcnti
1451 5656 1507 5703 et
1534 5645 1710 5701 mellis
1731 5645 1853 5702 ado-

1965 5006 2046 5061 sal
2073 5006 2283 5078 (Ibid).
2318 5027 2335 5058 ι
2368 5006 2479 5061 lloc
2509 5006 2667 5076 plane
2698 5005 2824 5059 illud
2860 5015 2943 5060 est
2985 5005 3063 5059 sal
3096 5006 3162 5058 de
3187 5020 3295 5074 quo
3328 5004 3553 5073 Aposto-

1963 5098 2048 5154 lus
2074 5100 2151 5153 ait
2192 5117 2205 5152 :
2258 5118 2276 5150 ι
2326 5099 2382 5152 In
2423 5099 2689 5169 sapientia
2736 5097 3010 5151 ambulate
3051 5097 3119 5151 ad
3159 5112 3253 5152 eos
3287 5097 3381 5166 qui
3420 5096 3552 5153 foris

1961 5199 2109 5252 sunt,
2148 5198 2357 5258 tempus
2397 5190 2760 5254 redimentes;
2801 5204 2984 5242 sermo
3017 5199 3199 5243 vester
3243 5204 3462 5258 seraper
3493 5189 3545 5243 in

1962 5280 2132 5349 gratia
2160 5279 2275 5335 sale
2304 5278 2374 5333 sit
2400 5278 2671 5340 conditus,
2703 5287 2759 5331 ut
2787 5277 2974 5332 sciatis
3003 5279 3273 5347 quotnodo
3302 5287 3552 5348 oporteat

1959 5387 2056 5426 vos
2101 5373 2395 5442 unicuique
2423 5375 2753 5442 respondere
2788 5369 2926 5441 (Col.
2959 5374 3057 5433 tv).
3099 5391 3116 5423 ι
3180 5372 3255 5426 De
3284 5372 3388 5426 boc
3437 5371 3550 5426 Sale

1958 5473 2012 5517 et
2043 5464 2300 5519 Dominus
2338 5465 2413 5518 ait
2457 5482 2468 5517 :
2511 5483 2529 5515 ‹
2577 5463 2633 5519 Si
2674 5463 2749 5517 sal
2784 5462 3107 5517 infatuatum
3140 5462 3321 5528 fuerit,
3356 5463 3408 5517 in
3441 5478 3549 5531 quo

1958 5553 2278 5607 condietur?
2334 5574 2350 5604 ι
2402 5554 2620 5624 (Matth.
2679 5553 2754 5624 v.)
2814 5555 2878 5608 Et
2932 5556 2997 5609 de
3043 5570 3149 5625 quo
3203 5554 3427 5621 loquens
3479 5552 3548 5606 ad

1957 5645 2245 5715 discipulos
2283 5662 2296 5701 :
2338 5666 2356 5698 ς
2393 5647 2496 5703 Vos
2526 5647 2677 5715 estis,
2712 5648 2908 5717 inquit,
2956 5648 3032 5702 sal
3073 5657 3231 5703 terra:
3264 5647 3477 5717 (lbid.).
3520 5664 3537 5697 ι
