  <div class='ocr_page' id='page_1' title='image "/cluster/home/n/w/nwhite01/storage/ocr_20150623/145/hvd.32044015471824/523.png"; bbox 0 0 4078 6336; ppageno 0'>
   <div class='ocr_carea' id='block_1_1' title="bbox 574 263 705 319">
    <p class='ocr_par' dir='ltr' id='par_1_1' title="bbox 574 263 705 319">
     <span class='ocr_line' id='line_1_1' title="bbox 574 263 705 319; baseline 0.015 -3"><span class='ocrx_word' id='word_1_1' title='bbox 574 263 705 319; x_wconf 76' lang='grc'><strong>1031</strong></span> 
     </span>
    </p>
   </div>
   <div class='ocr_carea' id='block_1_2' title="bbox 1200 380 1541 436">
    <p class='ocr_par' dir='ltr' id='par_1_2' title="bbox 1200 380 1541 436">
     <span class='ocr_line' id='line_1_2' title="bbox 1200 380 1541 436; baseline -0.003 0"><span class='ocrx_word' id='word_1_2' title='bbox 1200 380 1425 436; x_wconf 82' lang='lat' dir='ltr'><strong>CAPUT</strong></span> <span class='ocrx_word' id='word_1_3' title='bbox 1456 380 1541 436; x_wconf 91' lang='lat' dir='ltr'><strong>III.</strong></span> 
     </span>
    </p>
   </div>
   <div class='ocr_carea' id='block_1_3' title="bbox 1051 471 1771 535">
    <p class='ocr_par' dir='ltr' id='par_1_3' title="bbox 1051 471 1771 535">
     <span class='ocr_line' id='line_1_3' title="bbox 1051 471 1771 535; baseline 0.003 -10"><span class='ocrx_word' id='word_1_4' title='bbox 1051 471 1116 527; x_wconf 87' lang='lat' dir='ltr'><strong>In</strong></span> <span class='ocrx_word' id='word_1_5' title='bbox 1143 488 1378 526; x_wconf 75' lang='lat' dir='ltr'><strong>sermone</strong></span> <span class='ocrx_word' id='word_1_6' title='bbox 1406 471 1467 527; x_wconf 89' lang='lat' dir='ltr'><strong>S.</strong></span> <span class='ocrx_word' id='word_1_7' title='bbox 1498 471 1689 527; x_wconf 84' lang='lat' dir='ltr'><strong>Donati</strong></span> <span class='ocrx_word' id='word_1_8' title='bbox 1768 532 1771 535; x_wconf 96' lang='lat'><em>_</em></span> 
     </span>
    </p>
   </div>
   <div class='ocr_carea' id='block_1_4' title="bbox 641 560 2145 637">
    <p class='ocr_par' dir='ltr' id='par_1_4' title="bbox 641 560 2145 637">
     <span class='ocr_line' id='line_1_4' title="bbox 641 560 2145 637; baseline -0.001 -23"><span class='ocrx_word' id='word_1_9' title='bbox 641 582 661 614; x_wconf 76' lang='grc' dir='ltr'><strong><em>ι</em></strong></span> <span class='ocrx_word' id='word_1_10' title='bbox 698 562 875 618; x_wconf 88' lang='lat' dir='ltr'><strong>Tollet</strong></span> <span class='ocrx_word' id='word_1_11' title='bbox 902 561 1156 637; x_wconf 82' lang='lat' dir='ltr'><strong>sacerdos</strong></span> <span class='ocrx_word' id='word_1_12' title='bbox 1182 560 1441 632; x_wconf 86' lang='lat' dir='ltr'><strong>pugillum</strong></span> <span class='ocrx_word' id='word_1_13' title='bbox 1467 560 1682 622; x_wconf 61' lang='lat' dir='ltr'><strong>similae,</strong></span> <span class='ocrx_word' id='word_1_14' title='bbox 1706 575 1827 630; x_wconf 61' lang='lat' dir='ltr'><strong>quas</strong></span> <span class='ocrx_word' id='word_1_15' title='bbox 1855 575 2145 630; x_wconf 80' lang='lat' dir='ltr'><strong>conspersa</strong></span> 
     </span>
    </p>
   </div>
   <div class='ocr_carea' id='block_1_5' title="bbox 567 650 2143 720">
    <p class='ocr_par' dir='ltr' id='par_1_5' title="bbox 567 650 2143 720">
     <span class='ocr_line' id='line_1_5' title="bbox 567 650 2143 720; baseline -0.001 -15"><span class='ocrx_word' id='word_1_16' title='bbox 567 663 651 708; x_wconf 80' lang='lat' dir='ltr'><strong>est</strong></span> <span class='ocrx_word' id='word_1_17' title='bbox 676 653 816 716; x_wconf 89' lang='lat' dir='ltr'><strong>oleo,</strong></span> <span class='ocrx_word' id='word_1_18' title='bbox 842 660 898 706; x_wconf 87' lang='lat' dir='ltr'><strong>et</strong></span> <span class='ocrx_word' id='word_1_19' title='bbox 929 660 1097 706; x_wconf 90' lang='lat' dir='ltr'><strong>totum</strong></span> <span class='ocrx_word' id='word_1_20' title='bbox 1125 650 1270 716; x_wconf 89' lang='lat' dir='ltr'><strong>thus,</strong></span> <span class='ocrx_word' id='word_1_21' title='bbox 1300 651 1444 720; x_wconf 89' lang='lat' dir='ltr'><strong>quod</strong></span> <span class='ocrx_word' id='word_1_22' title='bbox 1471 666 1633 720; x_wconf 82' lang='lat' dir='ltr'><strong>super</strong></span> <span class='ocrx_word' id='word_1_23' title='bbox 1658 650 1892 706; x_wconf 86' lang='lat' dir='ltr'><strong>similam</strong></span> <span class='ocrx_word' id='word_1_24' title='bbox 1914 651 2143 720; x_wconf 89' lang='lat' dir='ltr'><strong>positum</strong></span> 
     </span>
    </p>
   </div>
   <div class='ocr_carea' id='block_1_6' title="bbox 566 740 2144 812">
    <p class='ocr_par' dir='ltr' id='par_1_6' title="bbox 566 740 2144 812">
     <span class='ocr_line' id='line_1_6' title="bbox 566 740 2144 812; baseline -0.001 -13"><span class='ocrx_word' id='word_1_25' title='bbox 566 753 669 807; x_wconf 85' lang='lat' dir='ltr'><strong>est,</strong></span> <span class='ocrx_word' id='word_1_26' title='bbox 694 742 1036 812; x_wconf 85' lang='lat' dir='ltr'><strong>adolebitque</strong></span> <span class='ocrx_word' id='word_1_27' title='bbox 1064 740 1193 796; x_wconf 88' lang='lat' dir='ltr'><strong>illud</strong></span> <span class='ocrx_word' id='word_1_28' title='bbox 1218 741 1274 795; x_wconf 91' lang='lat' dir='ltr'><strong>in</strong></span> <span class='ocrx_word' id='word_1_29' title='bbox 1302 741 1481 807; x_wconf 91' lang='lat' dir='ltr'><strong>altari,</strong></span> <span class='ocrx_word' id='word_1_30' title='bbox 1512 740 1566 796; x_wconf 92' lang='lat' dir='ltr'><strong>in</strong></span> <span class='ocrx_word' id='word_1_31' title='bbox 1591 742 1985 798; x_wconf 75' lang='lat' dir='ltr'><strong>monimentum</strong></span> <span class='ocrx_word' id='word_1_32' title='bbox 2011 743 2144 797; x_wconf 85' lang='lat' dir='ltr'><strong>odo-</strong></span> 
     </span>
    </p>
   </div>
   <div class='ocr_carea' id='block_1_7' title="bbox 565 830 2148 902">
    <p class='ocr_par' dir='ltr' id='par_1_7' title="bbox 565 830 2148 902">
     <span class='ocr_line' id='line_1_7' title="bbox 565 830 2148 902; baseline -0.001 -16"><span class='ocrx_word' id='word_1_33' title='bbox 565 835 641 887; x_wconf 79' lang='lat' dir='ltr'><strong>tis</strong></span> <span class='ocrx_word' id='word_1_34' title='bbox 674 832 980 887; x_wconf 77' lang='lat' dir='ltr'><strong>suavissimi</strong></span> <span class='ocrx_word' id='word_1_35' title='bbox 1013 832 1241 886; x_wconf 81' lang='lat' dir='ltr'><strong>Domino</strong></span> <span class='ocrx_word' id='word_1_36' title='bbox 1283 830 1472 900; x_wconf 68' lang='lat' dir='ltr'><strong>(Leuit.</strong></span> <span class='ocrx_word' id='word_1_37' title='bbox 1503 831 1601 902; x_wconf 71' lang='lat' dir='ltr'><strong>vn).</strong></span> <span class='ocrx_word' id='word_1_38' title='bbox 1642 851 1662 884; x_wconf 72' lang='grc' dir='ltr'><strong><em>ι</em></strong></span> <span class='ocrx_word' id='word_1_39' title='bbox 1699 831 1839 897; x_wconf 88' lang='lat' dir='ltr'><strong>Quid</strong></span> <span class='ocrx_word' id='word_1_40' title='bbox 1871 831 2015 885; x_wconf 90' lang='lat' dir='ltr'><strong>enim</strong></span> <span class='ocrx_word' id='word_1_41' title='bbox 2050 847 2148 902; x_wconf 88' lang='lat' dir='ltr'><strong>per</strong></span> 
     </span>
    </p>
   </div>
   <div class='ocr_carea' id='block_1_8' title="bbox 560 922 2147 995">
    <p class='ocr_par' dir='ltr' id='par_1_8' title="bbox 560 922 2147 995">
     <span class='ocr_line' id='line_1_8' title="bbox 560 922 2147 995; baseline -0.004 -14"><span class='ocrx_word' id='word_1_42' title='bbox 560 923 793 981; x_wconf 85' lang='lat' dir='ltr'><strong>similam</strong></span> <span class='ocrx_word' id='word_1_43' title='bbox 837 924 941 981; x_wconf 89' lang='lat' dir='ltr'><strong>nisi</strong></span> <span class='ocrx_word' id='word_1_44' title='bbox 978 932 1167 979; x_wconf 82' lang='lat' dir='ltr'><strong>sancta</strong></span> <span class='ocrx_word' id='word_1_45' title='bbox 1194 922 1492 978; x_wconf 70' lang='lat' dir='ltr'><strong>electorum</strong></span> <span class='ocrx_word' id='word_1_46' title='bbox 1520 922 1833 995; x_wconf 79' lang='lat' dir='ltr'><strong>designatur</strong></span> <span class='ocrx_word' id='word_1_47' title='bbox 1865 922 2147 979; x_wconf 86' lang='lat' dir='ltr'><strong>Ecclesia?</strong></span> 
     </span>
    </p>
   </div>
   <div class='ocr_carea' id='block_1_9' title="bbox 559 1014 2147 1088">
    <p class='ocr_par' dir='ltr' id='par_1_9' title="bbox 559 1014 2147 1088">
     <span class='ocr_line' id='line_1_9' title="bbox 559 1014 2147 1088; baseline -0.004 -14"><span class='ocrx_word' id='word_1_48' title='bbox 559 1035 681 1088; x_wconf 71' lang='lat' dir='ltr'><strong>qua:</strong></span> <span class='ocrx_word' id='word_1_49' title='bbox 709 1018 967 1073; x_wconf 79' lang='lat' dir='ltr'><strong>nimirum</strong></span> <span class='ocrx_word' id='word_1_50' title='bbox 998 1017 1124 1072; x_wconf 89' lang='lat' dir='ltr'><strong>dum</strong></span> <span class='ocrx_word' id='word_1_51' title='bbox 1152 1016 1604 1071; x_wconf 90' lang='lat' dir='ltr'><strong>convenientibus</strong></span> <span class='ocrx_word' id='word_1_52' title='bbox 1646 1015 1880 1071; x_wconf 91' lang='lat' dir='ltr'><strong>invicem</strong></span> <span class='ocrx_word' id='word_1_53' title='bbox 1921 1014 2147 1071; x_wconf 87' lang='lat' dir='ltr'><strong>creden-</strong></span> 
     </span>
    </p>
   </div>
   <div class='ocr_carea' id='block_1_10' title="bbox 562 1105 2145 1182">
    <p class='ocr_par' dir='ltr' id='par_1_10' title="bbox 562 1105 2145 1182">
     <span class='ocr_line' id='line_1_10' title="bbox 562 1105 2145 1182; baseline -0.003 -16"><span class='ocrx_word' id='word_1_54' title='bbox 562 1114 694 1167; x_wconf 87' lang='lat' dir='ltr'><strong>tium</strong></span> <span class='ocrx_word' id='word_1_55' title='bbox 723 1110 992 1182; x_wconf 81' lang='lat' dir='ltr'><strong>colligitur</strong></span> <span class='ocrx_word' id='word_1_56' title='bbox 1018 1110 1298 1175; x_wconf 86' lang='lat' dir='ltr'><strong>membris,</strong></span> <span class='ocrx_word' id='word_1_57' title='bbox 1318 1110 1473 1178; x_wconf 89' lang='lat' dir='ltr'><strong>quasi</strong></span> <span class='ocrx_word' id='word_1_58' title='bbox 1497 1105 1678 1164; x_wconf 83' lang='lat' dir='ltr'><strong>simila</strong></span> <span class='ocrx_word' id='word_1_59' title='bbox 1706 1124 1773 1165; x_wconf 73' lang='lat' dir='ltr'><strong>ex</strong></span> <span class='ocrx_word' id='word_1_60' title='bbox 1817 1109 2002 1164; x_wconf 91' lang='lat' dir='ltr'><strong>multis</strong></span> <span class='ocrx_word' id='word_1_61' title='bbox 2030 1108 2145 1162; x_wconf 80' lang='lat' dir='ltr'><strong>fru-</strong></span> 
     </span>
    </p>
   </div>
   <div class='ocr_carea' id='block_1_11' title="bbox 559 1199 2142 1272">
    <p class='ocr_par' dir='ltr' id='par_1_11' title="bbox 559 1199 2142 1272">
     <span class='ocr_line' id='line_1_11' title="bbox 559 1199 2142 1272; baseline -0.003 -15"><span class='ocrx_word' id='word_1_62' title='bbox 559 1203 729 1258; x_wconf 90' lang='lat' dir='ltr'><strong>menti</strong></span> <span class='ocrx_word' id='word_1_63' title='bbox 777 1201 1151 1272; x_wconf 78' lang='lat' dir='ltr'><strong>conspergitur</strong></span> <span class='ocrx_word' id='word_1_64' title='bbox 1203 1200 1362 1271; x_wconf 80' lang='lat'><strong>119</strong></span> <span class='ocrx_word' id='word_1_65' title='bbox 1408 1200 1613 1269; x_wconf 79' lang='lat' dir='ltr'><strong>granis.</strong></span> <span class='ocrx_word' id='word_1_66' title='bbox 1663 1200 1730 1254; x_wconf 88' lang='lat' dir='ltr'><strong>Et</strong></span> <span class='ocrx_word' id='word_1_67' title='bbox 1778 1200 1920 1255; x_wconf 90' lang='lat' dir='ltr'><strong>sicut</strong></span> <span class='ocrx_word' id='word_1_68' title='bbox 1964 1199 2142 1254; x_wconf 87' lang='lat' dir='ltr'><strong>simila</strong></span> 
     </span>
    </p>
   </div>
   <div class='ocr_carea' id='block_1_12' title="bbox 558 1290 2145 1365">
    <p class='ocr_par' dir='ltr' id='par_1_12' title="bbox 558 1290 2145 1365">
     <span class='ocr_line' id='line_1_12' title="bbox 558 1290 2145 1365; baseline -0.006 -11"><span class='ocrx_word' id='word_1_69' title='bbox 558 1300 701 1355; x_wconf 89' lang='lat' dir='ltr'><strong>inter</strong></span> <span class='ocrx_word' id='word_1_70' title='bbox 729 1296 926 1352; x_wconf 90' lang='lat' dir='ltr'><strong>molam</strong></span> <span class='ocrx_word' id='word_1_71' title='bbox 959 1303 1245 1365; x_wconf 90' lang='lat' dir='ltr'><strong>utramque</strong></span> <span class='ocrx_word' id='word_1_72' title='bbox 1294 1294 1599 1349; x_wconf 85' lang='lat' dir='ltr'><strong>conteritur</strong></span> <span class='ocrx_word' id='word_1_73' title='bbox 1639 1301 1700 1347; x_wconf 90' lang='lat' dir='ltr'><strong>ut</strong></span> <span class='ocrx_word' id='word_1_74' title='bbox 1743 1307 1774 1346; x_wconf 90' lang='lat' dir='ltr'><strong>a</strong></span> <span class='ocrx_word' id='word_1_75' title='bbox 1811 1290 2002 1347; x_wconf 62' lang='lat' dir='ltr'><strong>farina:</strong></span> <span class='ocrx_word' id='word_1_76' title='bbox 2033 1291 2145 1347; x_wconf 91' lang='lat' dir='ltr'><strong>sili-</strong></span> 
     </span>
    </p>
   </div>
   <div class='ocr_carea' id='block_1_13' title="bbox 557 1382 2143 1459">
    <p class='ocr_par' dir='ltr' id='par_1_13' title="bbox 557 1382 2143 1459">
     <span class='ocr_line' id='line_1_13' title="bbox 557 1382 2143 1459; baseline -0.004 -15"><span class='ocrx_word' id='word_1_77' title='bbox 557 1391 683 1459; x_wconf 84' lang='lat' dir='ltr'><strong>gine</strong></span> <span class='ocrx_word' id='word_1_78' title='bbox 711 1388 1031 1444; x_wconf 87' lang='lat' dir='ltr'><strong>cantabrum</strong></span> <span class='ocrx_word' id='word_1_79' title='bbox 1063 1395 1367 1456; x_wconf 80' lang='lat' dir='ltr'><strong>separetur,</strong></span> <span class='ocrx_word' id='word_1_80' title='bbox 1400 1384 1476 1438; x_wconf 88' lang='lat' dir='ltr'><strong>ita</strong></span> <span class='ocrx_word' id='word_1_81' title='bbox 1498 1383 1646 1439; x_wconf 89' lang='lat' dir='ltr'><strong>velut</strong></span> <span class='ocrx_word' id='word_1_82' title='bbox 1683 1383 1826 1439; x_wconf 90' lang='lat' dir='ltr'><strong>inter</strong></span> <span class='ocrx_word' id='word_1_83' title='bbox 1849 1383 1985 1438; x_wconf 90' lang='lat' dir='ltr'><strong>duas</strong></span> <span class='ocrx_word' id='word_1_84' title='bbox 2010 1382 2143 1453; x_wconf 84' lang='lat' dir='ltr'><strong>legis</strong></span> 
     </span>
    </p>
   </div>
   <div class='ocr_carea' id='block_1_14' title="bbox 554 1474 2140 1548">
    <p class='ocr_par' dir='ltr' id='par_1_14' title="bbox 554 1474 2140 1548">
     <span class='ocr_line' id='line_1_14' title="bbox 554 1474 2140 1548; baseline -0.008 -9"><span class='ocrx_word' id='word_1_85' title='bbox 554 1483 766 1539; x_wconf 85' lang='lat' dir='ltr'><strong>scilicet</strong></span> <span class='ocrx_word' id='word_1_86' title='bbox 802 1489 857 1536; x_wconf 90' lang='lat' dir='ltr'><strong>et</strong></span> <span class='ocrx_word' id='word_1_87' title='bbox 898 1478 1174 1548; x_wconf 82' lang='lat' dir='ltr'><strong>Evangelii</strong></span> <span class='ocrx_word' id='word_1_88' title='bbox 1206 1476 1374 1532; x_wconf 89' lang='lat' dir='ltr'><strong>molas</strong></span> <span class='ocrx_word' id='word_1_89' title='bbox 1408 1484 1600 1531; x_wconf 90' lang='lat' dir='ltr'><strong>saneta</strong></span> <span class='ocrx_word' id='word_1_90' title='bbox 1640 1475 1881 1530; x_wconf 86' lang='lat' dir='ltr'><strong>Ecclesia</strong></span> <span class='ocrx_word' id='word_1_91' title='bbox 1916 1474 2140 1545; x_wconf 88' lang='lat' dir='ltr'><strong>stringi-</strong></span> 
     </span>
    </p>
   </div>
   <div class='ocr_carea' id='block_1_15' title="bbox 557 1565 2141 1641">
    <p class='ocr_par' dir='ltr' id='par_1_15' title="bbox 557 1565 2141 1641">
     <span class='ocr_line' id='line_1_15' title="bbox 557 1565 2141 1641; baseline -0.006 -13"><span class='ocrx_word' id='word_1_92' title='bbox 557 1586 664 1641; x_wconf 87' lang='lat' dir='ltr'><strong>tur,</strong></span> <span class='ocrx_word' id='word_1_93' title='bbox 693 1582 752 1628; x_wconf 91' lang='lat' dir='ltr'><strong>ut</strong></span> <span class='ocrx_word' id='word_1_94' title='bbox 781 1574 979 1628; x_wconf 64' lang='lat' dir='ltr'><strong>litterae</strong></span> <span class='ocrx_word' id='word_1_95' title='bbox 1002 1568 1317 1640; x_wconf 90' lang='lat' dir='ltr'><strong>superﬁcies</strong></span> <span class='ocrx_word' id='word_1_96' title='bbox 1350 1583 1397 1622; x_wconf 69' lang='grc' dir='ltr'><strong>ει·</strong></span> <span class='ocrx_word' id='word_1_97' title='bbox 1421 1567 1657 1624; x_wconf 88' lang='lat' dir='ltr'><strong>medulla</strong></span> <span class='ocrx_word' id='word_1_98' title='bbox 1686 1566 1911 1636; x_wconf 86' lang='lat' dir='ltr'><strong>spiritus</strong></span> <span class='ocrx_word' id='word_1_99' title='bbox 1939 1565 2141 1620; x_wconf 90' lang='lat' dir='ltr'><strong>discer-</strong></span> 
     </span>
    </p>
   </div>
   <div class='ocr_carea' id='block_1_16' title="bbox 552 1654 2137 1730">
    <p class='ocr_par' dir='ltr' id='par_1_16' title="bbox 552 1654 2137 1730">
     <span class='ocr_line' id='line_1_16' title="bbox 552 1654 2137 1730; baseline -0.008 -11"><span class='ocrx_word' id='word_1_100' title='bbox 552 1673 734 1719; x_wconf 82' lang='lat' dir='ltr'><strong>natur.</strong></span> <span class='ocrx_word' id='word_1_101' title='bbox 764 1662 894 1730; x_wconf 72' lang='lat' dir='ltr'><strong>Qute</strong></span> <span class='ocrx_word' id='word_1_102' title='bbox 918 1660 1168 1715; x_wconf 84' lang='lat' dir='ltr'><strong>videlicet</strong></span> <span class='ocrx_word' id='word_1_103' title='bbox 1207 1657 1472 1721; x_wconf 85' lang='lat' dir='ltr'><strong>Ecclesia,</strong></span> <span class='ocrx_word' id='word_1_104' title='bbox 1516 1664 1575 1710; x_wconf 93' lang='lat' dir='ltr'><strong>ut</strong></span> <span class='ocrx_word' id='word_1_105' title='bbox 1612 1670 1802 1711; x_wconf 80' lang='lat' dir='ltr'><strong>revera</strong></span> <span class='ocrx_word' id='word_1_106' title='bbox 1833 1654 2137 1725; x_wconf 84' lang='lat' dir='ltr'><strong>spiritualis</strong></span> 
     </span>
    </p>
   </div>
   <div class='ocr_carea' id='block_1_17' title="bbox 553 1742 2211 1822">
    <p class='ocr_par' dir='ltr' id='par_1_17' title="bbox 553 1742 2211 1822">
     <span class='ocr_line' id='line_1_17' title="bbox 553 1742 2211 1822; baseline -0.006 -12"><span class='ocrx_word' id='word_1_107' title='bbox 553 1754 757 1821; x_wconf 85' lang='lat' dir='ltr'><strong>simila,</strong></span> <span class='ocrx_word' id='word_1_108' title='bbox 785 1754 911 1808; x_wconf 89' lang='lat' dir='ltr'><strong>dum</strong></span> <span class='ocrx_word' id='word_1_109' title='bbox 934 1768 1032 1822; x_wconf 89' lang='lat' dir='ltr'><strong>per</strong></span> <span class='ocrx_word' id='word_1_110' title='bbox 1063 1765 1260 1820; x_wconf 86' lang='lat' dir='ltr'><strong>aquam</strong></span> <span class='ocrx_word' id='word_1_111' title='bbox 1287 1748 1639 1818; x_wconf 87' lang='lat' dir='ltr'><strong>Baptismatis</strong></span> <span class='ocrx_word' id='word_1_112' title='bbox 1670 1747 1904 1801; x_wconf 90' lang='lat' dir='ltr'><strong>adunata</strong></span> <span class='ocrx_word' id='word_1_113' title='bbox 1932 1754 1987 1800; x_wconf 86' lang='lat' dir='ltr'><strong>et</strong></span> <span class='ocrx_word' id='word_1_114' title='bbox 2016 1744 2135 1800; x_wconf 89' lang='lat' dir='ltr'><strong>oleo</strong></span> <span class='ocrx_word' id='word_1_115' title='bbox 2169 1742 2211 1800; x_wconf 83' lang='grc' dir='ltr'>Β</span> 
     </span>
    </p>
   </div>
   <div class='ocr_carea' id='block_1_18' title="bbox 550 1835 2137 1910">
    <p class='ocr_par' dir='ltr' id='par_1_18' title="bbox 550 1835 2137 1910">
     <span class='ocr_line' id='line_1_18' title="bbox 550 1835 2137 1910; baseline -0.009 -9"><span class='ocrx_word' id='word_1_116' title='bbox 550 1846 867 1901; x_wconf 87' lang='lat' dir='ltr'><strong>chrismatis</strong></span> <span class='ocrx_word' id='word_1_117' title='bbox 889 1853 971 1898; x_wconf 90' lang='lat' dir='ltr'><strong>est</strong></span> <span class='ocrx_word' id='word_1_118' title='bbox 1003 1854 1314 1910; x_wconf 87' lang='lat' dir='ltr'><strong>conspersa,</strong></span> <span class='ocrx_word' id='word_1_119' title='bbox 1356 1840 1478 1909; x_wconf 87' lang='lat' dir='ltr'><strong>igne</strong></span> <span class='ocrx_word' id='word_1_120' title='bbox 1517 1852 1731 1907; x_wconf 89' lang='lat' dir='ltr'><strong>quoque</strong></span> <span class='ocrx_word' id='word_1_121' title='bbox 1757 1836 1932 1891; x_wconf 87' lang='lat' dir='ltr'><strong>sancti</strong></span> <span class='ocrx_word' id='word_1_122' title='bbox 1960 1835 2137 1905; x_wconf 84' lang='lat' dir='ltr'><strong>Spiri-</strong></span> 
     </span>
    </p>
   </div>
   <div class='ocr_carea' id='block_1_19' title="bbox 551 1926 2136 2002">
    <p class='ocr_par' dir='ltr' id='par_1_19' title="bbox 551 1926 2136 2002">
     <span class='ocr_line' id='line_1_19' title="bbox 551 1926 2136 2002; baseline -0.007 -11"><span class='ocrx_word' id='word_1_123' title='bbox 551 1946 637 1991; x_wconf 89' lang='lat' dir='ltr'><strong>tus</strong></span> <span class='ocrx_word' id='word_1_124' title='bbox 660 1936 887 1991; x_wconf 88' lang='lat' dir='ltr'><strong>solidata</strong></span> <span class='ocrx_word' id='word_1_125' title='bbox 909 1935 1001 2000; x_wconf 91' lang='lat' dir='ltr'><strong>sit,</strong></span> <span class='ocrx_word' id='word_1_126' title='bbox 1024 1932 1179 2002; x_wconf 83' lang='lat' dir='ltr'><strong>juxta</strong></span> <span class='ocrx_word' id='word_1_127' title='bbox 1200 1929 1517 2000; x_wconf 77' lang='lat' dir='ltr'><strong>Apostolum</strong></span> <span class='ocrx_word' id='word_1_128' title='bbox 1549 1946 1561 1982; x_wconf 91' lang='lat'>:</span> <span class='ocrx_word' id='word_1_129' title='bbox 1599 1947 1617 1980; x_wconf 82' lang='grc'><strong>‹</strong></span> <span class='ocrx_word' id='word_1_130' title='bbox 1656 1927 1839 1982; x_wconf 88' lang='lat' dir='ltr'><strong>Hostia</strong></span> <span class='ocrx_word' id='word_1_131' title='bbox 1865 1926 1975 1981; x_wconf 93' lang='lat' dir='ltr'><strong>Deo</strong></span> <span class='ocrx_word' id='word_1_132' title='bbox 1999 1927 2136 1981; x_wconf 88' lang='lat' dir='ltr'><strong>bene</strong></span> 
     </span>
    </p>
   </div>
   <div class='ocr_carea' id='block_1_20' title="bbox 548 2018 2132 2098">
    <p class='ocr_par' dir='ltr' id='par_1_20' title="bbox 548 2018 2132 2098">
     <span class='ocr_line' id='line_1_20' title="bbox 548 2018 2132 2098; baseline -0.007 -17"><span class='ocrx_word' id='word_1_133' title='bbox 548 2028 771 2098; x_wconf 89' lang='lat' dir='ltr'><strong>placens</strong></span> <span class='ocrx_word' id='word_1_134' title='bbox 822 2035 877 2081; x_wconf 90' lang='lat' dir='ltr'><strong>et</strong></span> <span class='ocrx_word' id='word_1_135' title='bbox 926 2024 1167 2096; x_wconf 76' lang='lat' dir='ltr'><strong>perfecta</strong></span> <span class='ocrx_word' id='word_1_136' title='bbox 1214 2021 1386 2095; x_wconf 86' lang='lat' dir='ltr'><strong>(Rom.</strong></span> <span class='ocrx_word' id='word_1_137' title='bbox 1429 2020 1573 2091; x_wconf 79' lang='lat' dir='ltr'><strong>xm).</strong></span> <span class='ocrx_word' id='word_1_138' title='bbox 1629 2039 1648 2073; x_wconf 77' lang='grc' dir='ltr'><strong><em>ι</em></strong></span> <span class='ocrx_word' id='word_1_139' title='bbox 1705 2018 1885 2073; x_wconf 85' lang='lat' dir='ltr'><strong>Thure</strong></span> <span class='ocrx_word' id='word_1_140' title='bbox 1930 2025 2132 2081; x_wconf 89' lang='lat' dir='ltr'><strong>autem,</strong></span> 
     </span>
    </p>
   </div>
   <div class='ocr_carea' id='block_1_21' title="bbox 548 2107 2134 2191">
    <p class='ocr_par' dir='ltr' id='par_1_21' title="bbox 548 2107 2134 2191">
     <span class='ocr_line' id='line_1_21' title="bbox 548 2107 2134 2191; baseline -0.009 -15"><span class='ocrx_word' id='word_1_141' title='bbox 548 2121 692 2191; x_wconf 89' lang='lat' dir='ltr'><strong>quod</strong></span> <span class='ocrx_word' id='word_1_142' title='bbox 715 2120 948 2189; x_wconf 91' lang='lat' dir='ltr'><strong>positum</strong></span> <span class='ocrx_word' id='word_1_143' title='bbox 982 2132 1143 2187; x_wconf 90' lang='lat' dir='ltr'><strong>super</strong></span> <span class='ocrx_word' id='word_1_144' title='bbox 1170 2114 1403 2170; x_wconf 84' lang='lat' dir='ltr'><strong>similam</strong></span> <span class='ocrx_word' id='word_1_145' title='bbox 1433 2112 1648 2177; x_wconf 72' lang='lat' dir='ltr'><strong>dicitur,</strong></span> <span class='ocrx_word' id='word_1_146' title='bbox 1675 2108 1915 2178; x_wconf 88' lang='lat' dir='ltr'><strong>ejusdem</strong></span> <span class='ocrx_word' id='word_1_147' title='bbox 1944 2107 2134 2163; x_wconf 78' lang='lat' dir='ltr'><strong>Eccle-</strong></span> 
     </span>
    </p>
   </div>
   <div class='ocr_carea' id='block_1_22' title="bbox 547 2199 2133 2278">
    <p class='ocr_par' dir='ltr' id='par_1_22' title="bbox 547 2199 2133 2278">
     <span class='ocr_line' id='line_1_22' title="bbox 547 2199 2133 2278; baseline -0.008 -13"><span class='ocrx_word' id='word_1_148' title='bbox 547 2212 642 2265; x_wconf 73' lang='lat' dir='ltr'><strong>site</strong></span> <span class='ocrx_word' id='word_1_149' title='bbox 683 2210 861 2265; x_wconf 87' lang='lat' dir='ltr'><strong>oratio</strong></span> <span class='ocrx_word' id='word_1_150' title='bbox 898 2207 1235 2278; x_wconf 81' lang='lat' dir='ltr'><strong>designatur,</strong></span> <span class='ocrx_word' id='word_1_151' title='bbox 1278 2205 1420 2259; x_wconf 88' lang='lat' dir='ltr'><strong>sicut</strong></span> <span class='ocrx_word' id='word_1_152' title='bbox 1464 2203 1516 2257; x_wconf 92' lang='lat' dir='ltr'><strong>in</strong></span> <span class='ocrx_word' id='word_1_153' title='bbox 1539 2201 1866 2273; x_wconf 79' lang='lat' dir='ltr'><strong>Apocalypsi</strong></span> <span class='ocrx_word' id='word_1_154' title='bbox 1909 2199 2133 2255; x_wconf 78' lang='lat' dir='ltr'><strong>Joannis</strong></span> 
     </span>
    </p>
   </div>
   <div class='ocr_carea' id='block_1_23' title="bbox 546 2289 2133 2364">
    <p class='ocr_par' dir='ltr' id='par_1_23' title="bbox 546 2289 2133 2364">
     <span class='ocr_line' id='line_1_23' title="bbox 546 2289 2133 2364; baseline -0.006 -11"><span class='ocrx_word' id='word_1_155' title='bbox 546 2301 874 2364; x_wconf 81' lang='lat' dir='ltr'><strong>ostenditur,</strong></span> <span class='ocrx_word' id='word_1_156' title='bbox 906 2314 1029 2353; x_wconf 92' lang='lat' dir='ltr'><strong>cum</strong></span> <span class='ocrx_word' id='word_1_157' title='bbox 1058 2296 1188 2352; x_wconf 87' lang='lat' dir='ltr'><strong>dicit</strong></span> <span class='ocrx_word' id='word_1_158' title='bbox 1226 2308 1242 2349; x_wconf 89' lang='lat'><strong>:</strong></span> <span class='ocrx_word' id='word_1_159' title='bbox 1289 2294 1447 2360; x_wconf 85' lang='lat' dir='ltr'><strong>Quia,</strong></span> <span class='ocrx_word' id='word_1_160' title='bbox 1501 2311 1518 2344; x_wconf 76' lang='grc' dir='ltr'>ι</span> <span class='ocrx_word' id='word_1_161' title='bbox 1569 2291 1761 2361; x_wconf 77' lang='lat' dir='ltr'><strong>phiala:</strong></span> <span class='ocrx_word' id='word_1_162' title='bbox 1803 2290 1973 2361; x_wconf 71' lang='lat' dir='ltr'><strong>plenae</strong></span> <span class='ocrx_word' id='word_1_163' title='bbox 2002 2289 2133 2343; x_wconf 81' lang='lat' dir='ltr'><strong>odo-</strong></span> 
     </span>
    </p>
   </div>
   <div class='ocr_carea' id='block_1_24' title="bbox 548 2379 2126 2450">
    <p class='ocr_par' dir='ltr' id='par_1_24' title="bbox 548 2379 2126 2450">
     <span class='ocr_line' id='line_1_24' title="bbox 548 2379 2126 2450; baseline -0.012 -6"><span class='ocrx_word' id='word_1_164' title='bbox 548 2399 920 2445; x_wconf 86' lang='lat' dir='ltr'><strong>rameutorum</strong></span> <span class='ocrx_word' id='word_1_165' title='bbox 949 2396 1075 2442; x_wconf 89' lang='lat' dir='ltr'><strong>sunt</strong></span> <span class='ocrx_word' id='word_1_166' title='bbox 1103 2384 1384 2440; x_wconf 89' lang='lat' dir='ltr'><strong>orationes</strong></span> <span class='ocrx_word' id='word_1_167' title='bbox 1425 2391 1740 2436; x_wconf 89' lang='lat' dir='ltr'><strong>sanctorum</strong></span> <span class='ocrx_word' id='word_1_168' title='bbox 1769 2380 1955 2450; x_wconf 80' lang='lat' dir='ltr'><strong>(Apoc.</strong></span> <span class='ocrx_word' id='word_1_169' title='bbox 1992 2379 2063 2447; x_wconf 67' lang='grc' dir='ltr'><strong>ν).</strong></span> <span class='ocrx_word' id='word_1_170' title='bbox 2109 2400 2126 2424; x_wconf 77' lang='grc' dir='ltr'><strong>ι</strong></span> 
     </span>
    </p>
   </div>
   <div class='ocr_carea' id='block_1_25' title="bbox 1166 2470 1521 2528">
    <p class='ocr_par' dir='ltr' id='par_1_25' title="bbox 1166 2470 1521 2528">
     <span class='ocr_line' id='line_1_25' title="bbox 1166 2470 1521 2528; baseline -0.014 0"><span class='ocrx_word' id='word_1_171' title='bbox 1166 2471 1395 2528; x_wconf 80' lang='lat' dir='ltr'><strong>CAPUT</strong></span> <span class='ocrx_word' id='word_1_172' title='bbox 1433 2470 1521 2525; x_wconf 84' lang='lat' dir='ltr'><strong>IV.</strong></span> 
     </span>
    </p>
   </div>
   <div class='ocr_carea' id='block_1_26' title="bbox 959 2562 1715 2622">
    <p class='ocr_par' dir='ltr' id='par_1_26' title="bbox 959 2562 1715 2622">
     <span class='ocr_line' id='line_1_26' title="bbox 959 2562 1715 2622; baseline -0.013 0"><span class='ocrx_word' id='word_1_173' title='bbox 959 2567 1041 2622; x_wconf 82' lang='lat' dir='ltr'><strong>Ad</strong></span> <span class='ocrx_word' id='word_1_174' title='bbox 1079 2564 1411 2619; x_wconf 84' lang='lat' dir='ltr'><strong>Desiderium</strong></span> <span class='ocrx_word' id='word_1_175' title='bbox 1456 2562 1715 2615; x_wconf 77' lang='lat' dir='ltr'><strong>abbatem.</strong></span> 
     </span>
    </p>
   </div>
   <div class='ocr_carea' id='block_1_27' title="bbox 623 2651 2130 2734">
    <p class='ocr_par' dir='ltr' id='par_1_27' title="bbox 623 2651 2130 2734">
     <span class='ocr_line' id='line_1_27' title="bbox 623 2651 2130 2734; baseline -0.007 -19"><span class='ocrx_word' id='word_1_176' title='bbox 623 2682 643 2715; x_wconf 69' lang='grc' dir='ltr'><strong><em>ι</em></strong></span> <span class='ocrx_word' id='word_1_177' title='bbox 660 2662 872 2734; x_wconf 82' lang='lat' dir='ltr'><strong>Moyses</strong></span> <span class='ocrx_word' id='word_1_178' title='bbox 897 2656 1305 2714; x_wconf 88' lang='lat' dir='ltr'><strong>tabernaculum</strong></span> <span class='ocrx_word' id='word_1_179' title='bbox 1323 2654 1543 2710; x_wconf 75' lang='lat' dir='ltr'><strong>fmderis</strong></span> <span class='ocrx_word' id='word_1_180' title='bbox 1569 2651 2130 2722; x_wconf 80' lang='lat' dir='ltr'><strong>frcqnenterintrabat</strong></span> 
     </span>
    </p>
   </div>
   <div class='ocr_carea' id='block_1_28' title="bbox 544 2742 2129 2820">
    <p class='ocr_par' dir='ltr' id='par_1_28' title="bbox 544 2742 2129 2820">
     <span class='ocr_line' id='line_1_28' title="bbox 544 2742 2129 2820; baseline -0.009 -10"><span class='ocrx_word' id='word_1_181' title='bbox 544 2764 600 2810; x_wconf 92' lang='lat' dir='ltr'><strong>et</strong></span> <span class='ocrx_word' id='word_1_182' title='bbox 628 2752 811 2809; x_wconf 81' lang='lat' dir='ltr'><strong>exibat</strong></span> <span class='ocrx_word' id='word_1_183' title='bbox 840 2749 1038 2820; x_wconf 78' lang='lat' dir='ltr'><strong>(Exod.</strong></span> <span class='ocrx_word' id='word_1_184' title='bbox 1073 2747 1291 2819; x_wconf 75' lang='lat' dir='ltr'><strong>xxxtu).</strong></span> <span class='ocrx_word' id='word_1_185' title='bbox 1326 2764 1344 2797; x_wconf 75' lang='grc' dir='ltr'><strong><em>ι</em></strong></span> <span class='ocrx_word' id='word_1_186' title='bbox 1397 2745 1536 2812; x_wconf 91' lang='lat' dir='ltr'><strong>Quid</strong></span> <span class='ocrx_word' id='word_1_187' title='bbox 1572 2752 1662 2798; x_wconf 86' lang='lat' dir='ltr'><strong>est</strong></span> <span class='ocrx_word' id='word_1_188' title='bbox 1687 2744 1831 2798; x_wconf 90' lang='lat' dir='ltr'><strong>enim</strong></span> <span class='ocrx_word' id='word_1_189' title='bbox 1856 2744 2000 2812; x_wconf 89' lang='lat' dir='ltr'><strong>quod</strong></span> <span class='ocrx_word' id='word_1_190' title='bbox 2039 2742 2129 2797; x_wconf 92' lang='lat' dir='ltr'><strong>ille</strong></span> 
     </span>
    </p>
   </div>
   <div class='ocr_carea' id='block_1_29' title="bbox 542 2834 2128 2908">
    <p class='ocr_par' dir='ltr' id='par_1_29' title="bbox 542 2834 2128 2908">
     <span class='ocr_line' id='line_1_29' title="bbox 542 2834 2128 2908; baseline -0.007 -9"><span class='ocrx_word' id='word_1_191' title='bbox 542 2845 735 2900; x_wconf 89' lang='lat' dir='ltr'><strong>crebro</strong></span> <span class='ocrx_word' id='word_1_192' title='bbox 771 2838 1175 2896; x_wconf 88' lang='lat' dir='ltr'><strong>tabernaculum</strong></span> <span class='ocrx_word' id='word_1_193' title='bbox 1208 2835 1509 2908; x_wconf 88' lang='lat' dir='ltr'><strong>ingreditur</strong></span> <span class='ocrx_word' id='word_1_194' title='bbox 1533 2843 1587 2891; x_wconf 91' lang='lat' dir='ltr'><strong>et</strong></span> <span class='ocrx_word' id='word_1_195' title='bbox 1609 2835 1908 2905; x_wconf 86' lang='lat' dir='ltr'><strong>egreditur,</strong></span> <span class='ocrx_word' id='word_1_196' title='bbox 1941 2834 2045 2889; x_wconf 91' lang='lat' dir='ltr'><strong>nisi</strong></span> <span class='ocrx_word' id='word_1_197' title='bbox 2069 2842 2128 2889; x_wconf 88' lang='lat' dir='ltr'><strong>ut</strong></span> 
     </span>
    </p>
   </div>
   <div class='ocr_carea' id='block_1_30' title="bbox 541 2925 2126 3007">
    <p class='ocr_par' dir='ltr' id='par_1_30' title="bbox 541 2925 2126 3007">
     <span class='ocr_line' id='line_1_30' title="bbox 541 2925 2126 3007; baseline -0.009 -15"><span class='ocrx_word' id='word_1_198' title='bbox 541 2934 845 3007; x_wconf 82' lang='lat' dir='ltr'><strong>exemplum</strong></span> <span class='ocrx_word' id='word_1_199' title='bbox 870 2933 1135 3003; x_wconf 67' lang='lat' dir='ltr'><strong>praebeat;</strong></span> <span class='ocrx_word' id='word_1_200' title='bbox 1162 2930 1307 2999; x_wconf 90' lang='lat' dir='ltr'><strong>quod</strong></span> <span class='ocrx_word' id='word_1_201' title='bbox 1335 2928 1399 2991; x_wconf 90' lang='lat' dir='ltr'><strong>is,</strong></span> <span class='ocrx_word' id='word_1_202' title='bbox 1422 2926 1515 2997; x_wconf 85' lang='lat' dir='ltr'><strong>qui</strong></span> <span class='ocrx_word' id='word_1_203' title='bbox 1546 2928 1690 2981; x_wconf 91' lang='lat' dir='ltr'><strong>intus</strong></span> <span class='ocrx_word' id='word_1_204' title='bbox 1714 2926 1766 2981; x_wconf 91' lang='lat' dir='ltr'><strong>in</strong></span> <span class='ocrx_word' id='word_1_205' title='bbox 1794 2925 2126 2997; x_wconf 88' lang='lat' dir='ltr'><strong>contempla-</strong></span> 
     </span>
    </p>
   </div>
   <div class='ocr_carea' id='block_1_31' title="bbox 542 3018 2126 3096">
    <p class='ocr_par' dir='ltr' id='par_1_31' title="bbox 542 3018 2126 3096">
     <span class='ocr_line' id='line_1_31' title="bbox 542 3018 2126 3096; baseline -0.006 -15"><span class='ocrx_word' id='word_1_206' title='bbox 542 3030 741 3084; x_wconf 85' lang='lat' dir='ltr'><strong>tionem</strong></span> <span class='ocrx_word' id='word_1_207' title='bbox 781 3025 1010 3096; x_wconf 88' lang='lat' dir='ltr'><strong>rapitur,</strong></span> <span class='ocrx_word' id='word_1_208' title='bbox 1046 3022 1178 3078; x_wconf 82' lang='lat' dir='ltr'><strong>I&#39;oris</strong></span> <span class='ocrx_word' id='word_1_209' title='bbox 1204 3020 1595 3076; x_wconf 89' lang='lat' dir='ltr'><strong>inﬁrmantium</strong></span> <span class='ocrx_word' id='word_1_210' title='bbox 1616 3018 1845 3090; x_wconf 88' lang='lat' dir='ltr'><strong>negotiis</strong></span> <span class='ocrx_word' id='word_1_211' title='bbox 1872 3018 2126 3088; x_wconf 80' lang='lat' dir='ltr'><strong>frequen-</strong></span> 
     </span>
    </p>
   </div>
   <div class='ocr_carea' id='block_1_32' title="bbox 1491 221 2942 322">
    <p class='ocr_par' dir='ltr' id='par_1_32' title="bbox 1491 221 2942 322">
     <span class='ocr_line' id='line_1_32' title="bbox 1491 221 2942 322; baseline -0.001 -1"><span class='ocrx_word' id='word_1_212' title='bbox 1491 221 1990 321; x_wconf 58' lang='lat' dir='ltr'><strong>COI:LECTANEA</strong></span> <span class='ocrx_word' id='word_1_213' title='bbox 2026 264 2093 320; x_wconf 83' lang='lat' dir='ltr'><strong>IN</strong></span> <span class='ocrx_word' id='word_1_214' title='bbox 2134 263 2362 321; x_wconf 83' lang='lat' dir='ltr'><strong>VETUS</strong></span> <span class='ocrx_word' id='word_1_215' title='bbox 2401 257 2942 322; x_wconf 80' lang='lat' dir='ltr'><strong>TESTAMENTUM.</strong></span> 
     </span>
    </p>
   </div>
   <div class='ocr_carea' id='block_1_33' title="bbox 2184 360 3835 456">
    <p class='ocr_par' dir='ltr' id='par_1_33' title="bbox 2184 360 3835 456">
     <span class='ocr_line' id='line_1_33' title="bbox 2184 360 3835 456; baseline 0.005 -22"><span class='ocrx_word' id='word_1_216' title='bbox 2184 381 2232 442; x_wconf 78' lang='grc' dir='ltr'><strong>Α</strong></span> <span class='ocrx_word' id='word_1_217' title='bbox 2260 381 2466 437; x_wconf 88' lang='lat' dir='ltr'><strong>sanctis</strong></span> <span class='ocrx_word' id='word_1_218' title='bbox 2520 380 2782 437; x_wconf 87' lang='lat' dir='ltr'><strong>altaribus</strong></span> <span class='ocrx_word' id='word_1_219' title='bbox 2831 360 3229 453; x_wconf 68' lang='lat' dir='ltr'><strong>propinquare?</strong></span> <span class='ocrx_word' id='word_1_220' title='bbox 3273 380 3341 436; x_wconf 87' lang='lat' dir='ltr'><strong>Et</strong></span> <span class='ocrx_word' id='word_1_221' title='bbox 3383 396 3507 438; x_wconf 91' lang='lat' dir='ltr'><strong>cum</strong></span> <span class='ocrx_word' id='word_1_222' title='bbox 3553 383 3835 456; x_wconf 73' lang='lat' dir='ltr'><strong>Scriptura</strong></span> 
     </span>
    </p>
   </div>
   <div class='ocr_carea' id='block_1_34' title="bbox 3700 269 3833 329">
    <p class='ocr_par' dir='ltr' id='par_1_34' title="bbox 3700 269 3833 329">
     <span class='ocr_line' id='line_1_34' title="bbox 3700 269 3833 329; baseline 0.015 -4"><span class='ocrx_word' id='word_1_223' title='bbox 3700 269 3718 325; x_wconf 90' lang='lat' dir='ltr'><strong>I</strong></span> <span class='ocrx_word' id='word_1_224' title='bbox 3729 270 3833 329; x_wconf 70' lang='lat'><strong>039</strong></span> 
     </span>
    </p>
   </div>
   <div class='ocr_carea' id='block_1_35' title="bbox 2249 472 3833 548">
    <p class='ocr_par' dir='ltr' id='par_1_35' title="bbox 2249 472 3833 548">
     <span class='ocr_line' id='line_1_35' title="bbox 2249 472 3833 548; baseline 0.004 -23"><span class='ocrx_word' id='word_1_225' title='bbox 2249 472 2395 528; x_wconf 87' lang='lat' dir='ltr'><strong>dicat</strong></span> <span class='ocrx_word' id='word_1_226' title='bbox 2424 490 2438 526; x_wconf 90' lang='lat'>:</span> <span class='ocrx_word' id='word_1_227' title='bbox 2480 491 2499 523; x_wconf 75' lang='grc' dir='ltr'>ι</span> <span class='ocrx_word' id='word_1_228' title='bbox 2533 472 2794 544; x_wconf 89' lang='lat' dir='ltr'><strong>Spiritum</strong></span> <span class='ocrx_word' id='word_1_229' title='bbox 2824 473 2992 527; x_wconf 85' lang='lat' dir='ltr'><strong>nolite</strong></span> <span class='ocrx_word' id='word_1_230' title='bbox 3017 474 3366 542; x_wconf 81' lang='lat' dir='ltr'><strong>exstinguere</strong></span> <span class='ocrx_word' id='word_1_231' title='bbox 3394 474 3444 546; x_wconf 88' lang='grc' dir='ltr'><strong>(Ι</strong></span> <span class='ocrx_word' id='word_1_232' title='bbox 3477 474 3659 531; x_wconf 81' lang='lat' dir='ltr'><strong>Thess.</strong></span> <span class='ocrx_word' id='word_1_233' title='bbox 3690 486 3785 548; x_wconf 87' lang='lat' dir='ltr'><strong>v);</strong></span> <span class='ocrx_word' id='word_1_234' title='bbox 3814 500 3833 532; x_wconf 75' lang='grc' dir='ltr'>ι</span> 
     </span>
    </p>
   </div>
   <div class='ocr_carea' id='block_1_36' title="bbox 2249 562 3835 649">
    <p class='ocr_par' dir='ltr' id='par_1_36' title="bbox 2249 562 3835 649">
     <span class='ocr_line' id='line_1_36' title="bbox 2249 562 3835 649; baseline 0.005 -32"><span class='ocrx_word' id='word_1_235' title='bbox 2249 562 2358 626; x_wconf 88' lang='lat' dir='ltr'><strong>isti,</strong></span> <span class='ocrx_word' id='word_1_236' title='bbox 2391 572 2655 635; x_wconf 90' lang='lat' dir='ltr'><strong>quantum</strong></span> <span class='ocrx_word' id='word_1_237' title='bbox 2699 565 2753 619; x_wconf 93' lang='lat' dir='ltr'><strong>in</strong></span> <span class='ocrx_word' id='word_1_238' title='bbox 2790 579 2867 629; x_wconf 90' lang='lat' dir='ltr'><strong>se,</strong></span> <span class='ocrx_word' id='word_1_239' title='bbox 2909 564 3171 632; x_wconf 89' lang='lat' dir='ltr'><strong>Spiritum</strong></span> <span class='ocrx_word' id='word_1_240' title='bbox 3202 574 3471 649; x_wconf 78' lang='lat' dir='ltr'><strong>sanctum,</strong></span> <span class='ocrx_word' id='word_1_241' title='bbox 3508 568 3602 636; x_wconf 88' lang='lat' dir='ltr'><strong>qui</strong></span> <span class='ocrx_word' id='word_1_242' title='bbox 3653 568 3708 622; x_wconf 90' lang='lat' dir='ltr'><strong>in</strong></span> <span class='ocrx_word' id='word_1_243' title='bbox 3757 571 3835 625; x_wconf 89' lang='lat' dir='ltr'><strong>eis</strong></span> 
     </span>
    </p>
   </div>
   <div class='ocr_carea' id='block_1_37' title="bbox 2246 655 3832 728">
    <p class='ocr_par' dir='ltr' id='par_1_37' title="bbox 2246 655 3832 728">
     <span class='ocr_line' id='line_1_37' title="bbox 2246 655 3832 728; baseline 0.004 -21"><span class='ocrx_word' id='word_1_244' title='bbox 2246 655 2437 710; x_wconf 78' lang='lat' dir='ltr'><strong>ardere</strong></span> <span class='ocrx_word' id='word_1_245' title='bbox 2462 655 2708 718; x_wconf 87' lang='lat' dir='ltr'><strong>debebat,</strong></span> <span class='ocrx_word' id='word_1_246' title='bbox 2743 656 3115 724; x_wconf 80' lang='lat' dir='ltr'><strong>exstinguunt,</strong></span> <span class='ocrx_word' id='word_1_247' title='bbox 3145 663 3200 712; x_wconf 87' lang='lat' dir='ltr'><strong>et</strong></span> <span class='ocrx_word' id='word_1_248' title='bbox 3222 656 3456 711; x_wconf 90' lang='lat' dir='ltr'><strong>alienum</strong></span> <span class='ocrx_word' id='word_1_249' title='bbox 3490 657 3671 728; x_wconf 86' lang='lat' dir='ltr'><strong>ignem</strong></span> <span class='ocrx_word' id='word_1_250' title='bbox 3702 658 3832 714; x_wconf 73' lang='lat' dir='ltr'><strong>olfe-</strong></span> 
     </span>
    </p>
   </div>
   <div class='ocr_carea' id='block_1_38' title="bbox 2216 743 3831 811">
    <p class='ocr_par' dir='ltr' id='par_1_38' title="bbox 2216 743 3831 811">
     <span class='ocr_line' id='line_1_38' title="bbox 2216 743 3831 811; baseline 0.004 -12"><span class='ocrx_word' id='word_1_251' title='bbox 2216 756 2393 811; x_wconf 75' lang='lat' dir='ltr'><strong>-ruut,</strong></span> <span class='ocrx_word' id='word_1_252' title='bbox 2416 743 2544 801; x_wconf 91' lang='lat' dir='ltr'><strong>dum</strong></span> <span class='ocrx_word' id='word_1_253' title='bbox 2569 748 2636 801; x_wconf 91' lang='lat' dir='ltr'><strong>ad</strong></span> <span class='ocrx_word' id='word_1_254' title='bbox 2661 747 2835 805; x_wconf 86' lang='lat' dir='ltr'><strong>altare</strong></span> <span class='ocrx_word' id='word_1_255' title='bbox 2858 748 3069 802; x_wconf 87' lang='lat' dir='ltr'><strong>Domini</strong></span> <span class='ocrx_word' id='word_1_256' title='bbox 3088 747 3307 803; x_wconf 85' lang='lat' dir='ltr'><strong>ﬂamma</strong></span> <span class='ocrx_word' id='word_1_257' title='bbox 3329 748 3571 804; x_wconf 88' lang='lat' dir='ltr'><strong>libidinis</strong></span> <span class='ocrx_word' id='word_1_258' title='bbox 3594 759 3831 805; x_wconf 61' lang='lat' dir='ltr'><strong>aestuan-</strong></span> 
     </span>
    </p>
   </div>
   <div class='ocr_carea' id='block_1_39' title="bbox 2246 839 3829 911">
    <p class='ocr_par' dir='ltr' id='par_1_39' title="bbox 2246 839 3829 911">
     <span class='ocr_line' id='line_1_39' title="bbox 2246 839 3829 911; baseline 0.004 -21"><span class='ocrx_word' id='word_1_259' title='bbox 2246 845 2330 893; x_wconf 90' lang='lat' dir='ltr'><strong>tes</strong></span> <span class='ocrx_word' id='word_1_260' title='bbox 2359 839 2647 902; x_wconf 87' lang='lat' dir='ltr'><strong>accedunt;</strong></span> <span class='ocrx_word' id='word_1_261' title='bbox 2680 842 2775 895; x_wconf 88' lang='lat' dir='ltr'><strong>sed</strong></span> <span class='ocrx_word' id='word_1_262' title='bbox 2805 849 3025 910; x_wconf 82' lang='lat' dir='ltr'><strong>repente</strong></span> <span class='ocrx_word' id='word_1_263' title='bbox 3053 856 3218 911; x_wconf 90' lang='lat' dir='ltr'><strong>super</strong></span> <span class='ocrx_word' id='word_1_264' title='bbox 3251 856 3346 896; x_wconf 89' lang='lat' dir='ltr'><strong>eos</strong></span> <span class='ocrx_word' id='word_1_265' title='bbox 3372 841 3512 911; x_wconf 84' lang='lat' dir='ltr'><strong>ignis</strong></span> <span class='ocrx_word' id='word_1_266' title='bbox 3539 842 3709 897; x_wconf 89' lang='lat' dir='ltr'><strong>divini</strong></span> <span class='ocrx_word' id='word_1_267' title='bbox 3743 842 3829 897; x_wconf 82' lang='lat' dir='ltr'><strong>fu-</strong></span> 
     </span>
    </p>
   </div>
   <div class='ocr_carea' id='block_1_40' title="bbox 2246 928 3829 999">
    <p class='ocr_par' dir='ltr' id='par_1_40' title="bbox 2246 928 3829 999">
     <span class='ocr_line' id='line_1_40' title="bbox 2246 928 3829 999; baseline 0.005 -19"><span class='ocrx_word' id='word_1_268' title='bbox 2246 928 2388 982; x_wconf 84' lang='lat' dir='ltr'><strong>roris</strong></span> <span class='ocrx_word' id='word_1_269' title='bbox 2422 928 2581 998; x_wconf 73' lang='lat'><strong>120</strong></span> <span class='ocrx_word' id='word_1_270' title='bbox 2624 930 2961 997; x_wconf 84' lang='lat' dir='ltr'><strong>accenditur,</strong></span> <span class='ocrx_word' id='word_1_271' title='bbox 3006 944 3116 999; x_wconf 90' lang='lat' dir='ltr'><strong>quo</strong></span> <span class='ocrx_word' id='word_1_272' title='bbox 3155 930 3474 985; x_wconf 89' lang='lat' dir='ltr'><strong>terribiliter</strong></span> <span class='ocrx_word' id='word_1_273' title='bbox 3501 941 3829 995; x_wconf 77' lang='lat' dir='ltr'><strong>exuruntur.</strong></span> 
     </span>
    </p>
   </div>
   <div class='ocr_carea' id='block_1_41' title="bbox 2246 1016 3830 1091">
    <p class='ocr_par' dir='ltr' id='par_1_41' title="bbox 2246 1016 3830 1091">
     <span class='ocr_line' id='line_1_41' title="bbox 2246 1016 3830 1091; baseline 0.004 -21"><span class='ocrx_word' id='word_1_274' title='bbox 2246 1016 2525 1087; x_wconf 88' lang='lat' dir='ltr'><strong>Scriptura</strong></span> <span class='ocrx_word' id='word_1_275' title='bbox 2558 1028 2814 1084; x_wconf 88' lang='lat' dir='ltr'><strong>testante,</strong></span> <span class='ocrx_word' id='word_1_276' title='bbox 2852 1035 2974 1090; x_wconf 68' lang='lat' dir='ltr'><strong>quae</strong></span> <span class='ocrx_word' id='word_1_277' title='bbox 3003 1020 3134 1075; x_wconf 87' lang='lat' dir='ltr'><strong>dicit</strong></span> <span class='ocrx_word' id='word_1_278' title='bbox 3164 1034 3179 1073; x_wconf 92' lang='lat'><strong>:</strong></span> <span class='ocrx_word' id='word_1_279' title='bbox 3214 1038 3231 1071; x_wconf 78' lang='grc' dir='ltr'>ι</span> <span class='ocrx_word' id='word_1_280' title='bbox 3275 1019 3344 1074; x_wconf 84' lang='grc' dir='ltr'><strong>ΕΙ.</strong></span> <span class='ocrx_word' id='word_1_281' title='bbox 3377 1036 3523 1075; x_wconf 89' lang='lat' dir='ltr'><strong>nunc</strong></span> <span class='ocrx_word' id='word_1_282' title='bbox 3553 1020 3699 1091; x_wconf 84' lang='lat' dir='ltr'><strong>ignis</strong></span> <span class='ocrx_word' id='word_1_283' title='bbox 3735 1023 3830 1077; x_wconf 66' lang='grc' dir='ltr'><strong>θεὶς</strong></span> 
     </span>
    </p>
   </div>
   <div class='ocr_carea' id='block_1_42' title="bbox 2243 1106 3829 1180">
    <p class='ocr_par' dir='ltr' id='par_1_42' title="bbox 2243 1106 3829 1180">
     <span class='ocr_line' id='line_1_42' title="bbox 2243 1106 3829 1180; baseline 0.004 -22"><span class='ocrx_word' id='word_1_284' title='bbox 2243 1106 2518 1163; x_wconf 89' lang='lat' dir='ltr'><strong>versarios</strong></span> <span class='ocrx_word' id='word_1_285' title='bbox 2556 1109 2827 1164; x_wconf 88' lang='lat' dir='ltr'><strong>consumit</strong></span> <span class='ocrx_word' id='word_1_286' title='bbox 2852 1107 3041 1180; x_wconf 80' lang='lat' dir='ltr'><strong>(Hebr.</strong></span> <span class='ocrx_word' id='word_1_287' title='bbox 3073 1108 3152 1178; x_wconf 69' lang='grc' dir='ltr'><strong>χ).</strong></span> <span class='ocrx_word' id='word_1_288' title='bbox 3189 1127 3208 1161; x_wconf 80' lang='grc' dir='ltr'><strong><em>ι</em></strong></span> <span class='ocrx_word' id='word_1_289' title='bbox 3246 1108 3310 1162; x_wconf 85' lang='lat' dir='ltr'><strong>Et</strong></span> <span class='ocrx_word' id='word_1_290' title='bbox 3344 1116 3492 1163; x_wconf 89' lang='lat' dir='ltr'><strong>certe</strong></span> <span class='ocrx_word' id='word_1_291' title='bbox 3521 1109 3829 1180; x_wconf 88' lang='lat' dir='ltr'><strong>legitimum</strong></span> 
     </span>
    </p>
   </div>
   <div class='ocr_carea' id='block_1_43' title="bbox 2243 1199 3830 1272">
    <p class='ocr_par' dir='ltr' id='par_1_43' title="bbox 2243 1199 3830 1272">
     <span class='ocr_line' id='line_1_43' title="bbox 2243 1199 3830 1272; baseline 0.002 -19"><span class='ocrx_word' id='word_1_292' title='bbox 2243 1207 2326 1254; x_wconf 91' lang='lat' dir='ltr'><strong>est</strong></span> <span class='ocrx_word' id='word_1_293' title='bbox 2353 1207 2412 1254; x_wconf 90' lang='lat' dir='ltr'><strong>ut</strong></span> <span class='ocrx_word' id='word_1_294' title='bbox 2451 1200 2545 1271; x_wconf 85' lang='lat' dir='ltr'><strong>qui</strong></span> <span class='ocrx_word' id='word_1_295' title='bbox 2576 1202 2859 1257; x_wconf 86' lang='lat' dir='ltr'><strong>sordentes</strong></span> <span class='ocrx_word' id='word_1_296' title='bbox 2888 1200 3064 1256; x_wconf 88' lang='lat' dir='ltr'><strong>sacris</strong></span> <span class='ocrx_word' id='word_1_297' title='bbox 3102 1199 3360 1254; x_wconf 86' lang='lat' dir='ltr'><strong>altaribus</strong></span> <span class='ocrx_word' id='word_1_298' title='bbox 3388 1202 3830 1272; x_wconf 89' lang='lat' dir='ltr'><strong>appropinquant</strong></span> 
     </span>
    </p>
   </div>
   <div class='ocr_carea' id='block_1_44' title="bbox 2243 1289 3828 1364">
    <p class='ocr_par' dir='ltr' id='par_1_44' title="bbox 2243 1289 3828 1364">
     <span class='ocr_line' id='line_1_44' title="bbox 2243 1289 3828 1364; baseline 0.003 -21"><span class='ocrx_word' id='word_1_299' title='bbox 2243 1289 2422 1360; x_wconf 87' lang='lat' dir='ltr'><strong>gladio</strong></span> <span class='ocrx_word' id='word_1_300' title='bbox 2451 1291 2646 1347; x_wconf 69' lang='lat' dir='ltr'><strong>divina:</strong></span> <span class='ocrx_word' id='word_1_301' title='bbox 2679 1291 2900 1346; x_wconf 91' lang='lat' dir='ltr'><strong>ultionis</strong></span> <span class='ocrx_word' id='word_1_302' title='bbox 2930 1291 3236 1355; x_wconf 87' lang='lat' dir='ltr'><strong>intereant;</strong></span> <span class='ocrx_word' id='word_1_303' title='bbox 3270 1291 3483 1345; x_wconf 86' lang='lat' dir='ltr'><strong>dicente</strong></span> <span class='ocrx_word' id='word_1_304' title='bbox 3508 1291 3577 1344; x_wconf 90' lang='lat' dir='ltr'><strong>ad</strong></span> <span class='ocrx_word' id='word_1_305' title='bbox 3605 1290 3828 1364; x_wconf 74' lang='lat' dir='ltr'><strong>Moysen</strong></span> 
     </span>
    </p>
   </div>
   <div class='ocr_carea' id='block_1_45' title="bbox 2243 1380 3829 1444">
    <p class='ocr_par' dir='ltr' id='par_1_45' title="bbox 2243 1380 3829 1444">
     <span class='ocr_line' id='line_1_45' title="bbox 2243 1380 3829 1444; baseline 0.001 -9"><span class='ocrx_word' id='word_1_306' title='bbox 2243 1381 2470 1437; x_wconf 91' lang='lat' dir='ltr'><strong>Domino</strong></span> <span class='ocrx_word' id='word_1_307' title='bbox 2515 1399 2528 1436; x_wconf 93' lang='lat'><strong>:</strong></span> <span class='ocrx_word' id='word_1_308' title='bbox 2582 1401 2602 1435; x_wconf 80' lang='lat' dir='ltr'><strong>s</strong></span> <span class='ocrx_word' id='word_1_309' title='bbox 2655 1381 2927 1438; x_wconf 91' lang='lat' dir='ltr'><strong>Docebitis</strong></span> <span class='ocrx_word' id='word_1_310' title='bbox 2964 1380 3104 1436; x_wconf 89' lang='lat' dir='ltr'><strong>ﬁlios</strong></span> <span class='ocrx_word' id='word_1_311' title='bbox 3133 1380 3320 1444; x_wconf 89' lang='lat' dir='ltr'><strong>Israel,</strong></span> <span class='ocrx_word' id='word_1_312' title='bbox 3360 1390 3421 1435; x_wconf 92' lang='lat' dir='ltr'><strong>ut</strong></span> <span class='ocrx_word' id='word_1_313' title='bbox 3459 1393 3692 1436; x_wconf 90' lang='lat' dir='ltr'><strong>caveant</strong></span> <span class='ocrx_word' id='word_1_314' title='bbox 3732 1384 3829 1437; x_wconf 82' lang='lat' dir='ltr'><strong>im-</strong></span> 
     </span>
    </p>
   </div>
   <div class='ocr_carea' id='block_1_46' title="bbox 2242 1472 3825 1543">
    <p class='ocr_par' dir='ltr' id='par_1_46' title="bbox 2242 1472 3825 1543">
     <span class='ocr_line' id='line_1_46' title="bbox 2242 1472 3825 1543; baseline -0.001 -15"><span class='ocrx_word' id='word_1_315' title='bbox 2242 1475 2598 1540; x_wconf 89' lang='lat' dir='ltr'><strong>munditiam;</strong></span> <span class='ocrx_word' id='word_1_316' title='bbox 2628 1484 2684 1530; x_wconf 92' lang='lat' dir='ltr'><strong>et</strong></span> <span class='ocrx_word' id='word_1_317' title='bbox 2708 1490 2813 1529; x_wconf 93' lang='lat' dir='ltr'><strong>non</strong></span> <span class='ocrx_word' id='word_1_318' title='bbox 2839 1474 3141 1529; x_wconf 87' lang='lat' dir='ltr'><strong>moriantur</strong></span> <span class='ocrx_word' id='word_1_319' title='bbox 3175 1474 3226 1527; x_wconf 93' lang='lat' dir='ltr'><strong>in</strong></span> <span class='ocrx_word' id='word_1_320' title='bbox 3261 1472 3512 1543; x_wconf 76' lang='lat' dir='ltr'><strong>sordibus</strong></span> <span class='ocrx_word' id='word_1_321' title='bbox 3535 1472 3672 1538; x_wconf 93' lang='lat' dir='ltr'><strong>suis,</strong></span> <span class='ocrx_word' id='word_1_322' title='bbox 3701 1489 3825 1527; x_wconf 89' lang='lat' dir='ltr'><strong>cum</strong></span> 
     </span>
    </p>
   </div>
   <div class='ocr_carea' id='block_1_47' title="bbox 2239 1562 3824 1636">
    <p class='ocr_par' dir='ltr' id='par_1_47' title="bbox 2239 1562 3824 1636">
     <span class='ocr_line' id='line_1_47' title="bbox 2239 1562 3824 1636; baseline -0.001 -16"><span class='ocrx_word' id='word_1_323' title='bbox 2239 1566 2531 1636; x_wconf 91' lang='lat' dir='ltr'><strong>polluerint</strong></span> <span class='ocrx_word' id='word_1_324' title='bbox 2571 1565 2981 1622; x_wconf 88' lang='lat' dir='ltr'><strong>tabernaculum</strong></span> <span class='ocrx_word' id='word_1_325' title='bbox 3015 1578 3216 1630; x_wconf 87' lang='lat' dir='ltr'><strong>meum,</strong></span> <span class='ocrx_word' id='word_1_326' title='bbox 3255 1562 3398 1633; x_wconf 89' lang='lat' dir='ltr'><strong>quod</strong></span> <span class='ocrx_word' id='word_1_327' title='bbox 3434 1571 3519 1620; x_wconf 89' lang='lat' dir='ltr'><strong>est</strong></span> <span class='ocrx_word' id='word_1_328' title='bbox 3556 1564 3699 1618; x_wconf 88' lang='lat' dir='ltr'><strong>inter</strong></span> <span class='ocrx_word' id='word_1_329' title='bbox 3730 1578 3824 1619; x_wconf 89' lang='lat' dir='ltr'><strong>eos</strong></span> 
     </span>
    </p>
   </div>
   <div class='ocr_carea' id='block_1_48' title="bbox 2241 1656 2579 1729">
    <p class='ocr_par' dir='ltr' id='par_1_48' title="bbox 2241 1656 2579 1729">
     <span class='ocr_line' id='line_1_48' title="bbox 2241 1656 2579 1729; baseline -0.003 -17"><span class='ocrx_word' id='word_1_330' title='bbox 2241 1656 2382 1729; x_wconf 87' lang='lat' dir='ltr'><strong>(Lev.</strong></span> <span class='ocrx_word' id='word_1_331' title='bbox 2414 1657 2525 1729; x_wconf 76' lang='lat' dir='ltr'><strong>xv).</strong></span> <span class='ocrx_word' id='word_1_332' title='bbox 2559 1677 2579 1711; x_wconf 77' lang='grc' dir='ltr'><strong><em>ι</em></strong></span> 
     </span>
    </p>
   </div>
   <div class='ocr_carea' id='block_1_49' title="bbox 2830 1743 3205 1804">
    <p class='ocr_par' dir='ltr' id='par_1_49' title="bbox 2830 1743 3205 1804">
     <span class='ocr_line' id='line_1_49' title="bbox 2830 1743 3205 1804; baseline -0.016 0"><span class='ocrx_word' id='word_1_333' title='bbox 2830 1744 3058 1804; x_wconf 81' lang='lat' dir='ltr'><strong>CAPUT</strong></span> <span class='ocrx_word' id='word_1_334' title='bbox 3116 1743 3205 1800; x_wconf 78' lang='lat' dir='ltr'><strong>VI.</strong></span> 
     </span>
    </p>
   </div>
   <div class='ocr_carea' id='block_1_50' title="bbox 2677 1834 3363 1908">
    <p class='ocr_par' dir='ltr' id='par_1_50' title="bbox 2677 1834 3363 1908">
     <span class='ocr_line' id='line_1_50' title="bbox 2677 1834 3363 1908; baseline -0.003 -15"><span class='ocrx_word' id='word_1_335' title='bbox 2677 1837 2746 1894; x_wconf 84' lang='lat' dir='ltr'><strong>In</strong></span> <span class='ocrx_word' id='word_1_336' title='bbox 2779 1855 3016 1893; x_wconf 78' lang='lat' dir='ltr'><strong>sermone</strong></span> <span class='ocrx_word' id='word_1_337' title='bbox 3045 1836 3105 1893; x_wconf 90' lang='lat' dir='ltr'><strong>S.</strong></span> <span class='ocrx_word' id='word_1_338' title='bbox 3132 1834 3363 1908; x_wconf 83' lang='lat' dir='ltr'><strong>Georgii.</strong></span> 
     </span>
    </p>
   </div>
   <div class='ocr_carea' id='block_1_51' title="bbox 2313 1927 3823 2003">
    <p class='ocr_par' dir='ltr' id='par_1_51' title="bbox 2313 1927 3823 2003">
     <span class='ocr_line' id='line_1_51' title="bbox 2313 1927 3823 2003; baseline -0.002 -15"><span class='ocrx_word' id='word_1_339' title='bbox 2313 1955 2331 1988; x_wconf 72' lang='grc' dir='ltr'><strong><em>ι</em></strong></span> <span class='ocrx_word' id='word_1_340' title='bbox 2355 1934 2614 2000; x_wconf 65' lang='lat' dir='ltr'><strong>Tunica,»</strong></span> <span class='ocrx_word' id='word_1_341' title='bbox 2642 1932 2813 2003; x_wconf 88' lang='lat' dir='ltr'><strong>inquit</strong></span> <span class='ocrx_word' id='word_1_342' title='bbox 2833 1932 3111 1995; x_wconf 86' lang='lat' dir='ltr'><strong>Dominus,</strong></span> <span class='ocrx_word' id='word_1_343' title='bbox 3135 1949 3154 1982; x_wconf 75' lang='grc' dir='ltr'><strong>ε</strong></span> <span class='ocrx_word' id='word_1_344' title='bbox 3186 1929 3327 1985; x_wconf 89' lang='lat' dir='ltr'><strong>linea</strong></span> <span class='ocrx_word' id='word_1_345' title='bbox 3349 1927 3636 1996; x_wconf 85' lang='lat' dir='ltr'><strong>vestietur,</strong></span> <span class='ocrx_word' id='word_1_346' title='bbox 3668 1927 3823 1985; x_wconf 80' lang='lat' dir='ltr'><strong>femi-</strong></span> 
     </span>
    </p>
   </div>
   <div class='ocr_carea' id='block_1_52' title="bbox 2234 2018 3820 2095">
    <p class='ocr_par' dir='ltr' id='par_1_52' title="bbox 2234 2018 3820 2095">
     <span class='ocr_line' id='line_1_52' title="bbox 2234 2018 3820 2095; baseline -0.004 -13"><span class='ocrx_word' id='word_1_347' title='bbox 2234 2025 2447 2082; x_wconf 82' lang='lat' dir='ltr'><strong>nalibus</strong></span> <span class='ocrx_word' id='word_1_348' title='bbox 2469 2024 2628 2079; x_wconf 87' lang='lat' dir='ltr'><strong>lineis</strong></span> <span class='ocrx_word' id='word_1_349' title='bbox 2650 2023 2883 2078; x_wconf 89' lang='lat' dir='ltr'><strong>verenda</strong></span> <span class='ocrx_word' id='word_1_350' title='bbox 2912 2018 3129 2085; x_wconf 86' lang='lat' dir='ltr'><strong>celabit,</strong></span> <span class='ocrx_word' id='word_1_351' title='bbox 3152 2020 3468 2095; x_wconf 84' lang='lat' dir='ltr'><strong>accingetur</strong></span> <span class='ocrx_word' id='word_1_352' title='bbox 3490 2034 3631 2074; x_wconf 82' lang='lat' dir='ltr'><strong>zona</strong></span> <span class='ocrx_word' id='word_1_353' title='bbox 3657 2019 3820 2084; x_wconf 81' lang='lat' dir='ltr'><strong>linea,</strong></span> 
     </span>
    </p>
   </div>
   <div class='ocr_carea' id='block_1_53' title="bbox 2234 2107 3823 2181">
    <p class='ocr_par' dir='ltr' id='par_1_53' title="bbox 2234 2107 3823 2181">
     <span class='ocr_line' id='line_1_53' title="bbox 2234 2107 3823 2181; baseline -0.004 -11"><span class='ocrx_word' id='word_1_354' title='bbox 2234 2115 2459 2171; x_wconf 83' lang='lat' dir='ltr'><strong>cidarim</strong></span> <span class='ocrx_word' id='word_1_355' title='bbox 2507 2113 2706 2168; x_wconf 87' lang='lat' dir='ltr'><strong>lineam</strong></span> <span class='ocrx_word' id='word_1_356' title='bbox 2753 2111 2995 2181; x_wconf 88' lang='lat' dir='ltr'><strong>imponet</strong></span> <span class='ocrx_word' id='word_1_357' title='bbox 3051 2109 3237 2179; x_wconf 89' lang='lat' dir='ltr'><strong>capiti.</strong></span> <span class='ocrx_word' id='word_1_358' title='bbox 3287 2107 3413 2164; x_wconf 63' lang='lat' dir='ltr'><strong>llaec</strong></span> <span class='ocrx_word' id='word_1_359' title='bbox 3460 2109 3608 2164; x_wconf 89' lang='lat' dir='ltr'><strong>enim</strong></span> <span class='ocrx_word' id='word_1_360' title='bbox 3658 2109 3823 2164; x_wconf 87' lang='lat' dir='ltr'><strong>vesti-</strong></span> 
     </span>
    </p>
   </div>
   <div class='ocr_carea' id='block_1_54' title="bbox 2234 2199 3819 2273">
    <p class='ocr_par' dir='ltr' id='par_1_54' title="bbox 2234 2199 3819 2273">
     <span class='ocr_line' id='line_1_54' title="bbox 2234 2199 3819 2273; baseline -0.004 -11"><span class='ocrx_word' id='word_1_361' title='bbox 2234 2217 2414 2262; x_wconf 88' lang='lat' dir='ltr'><strong>menta</strong></span> <span class='ocrx_word' id='word_1_362' title='bbox 2447 2213 2573 2268; x_wconf 89' lang='lat' dir='ltr'><strong>sunt</strong></span> <span class='ocrx_word' id='word_1_363' title='bbox 2596 2211 2809 2270; x_wconf 89' lang='lat' dir='ltr'><strong>sancta,</strong></span> <span class='ocrx_word' id='word_1_364' title='bbox 2840 2202 3057 2273; x_wconf 86' lang='lat' dir='ltr'><strong>quibus,</strong></span> <span class='ocrx_word' id='word_1_365' title='bbox 3090 2215 3211 2257; x_wconf 90' lang='lat' dir='ltr'><strong>cum</strong></span> <span class='ocrx_word' id='word_1_366' title='bbox 3238 2200 3378 2255; x_wconf 90' lang='lat' dir='ltr'><strong>lotus</strong></span> <span class='ocrx_word' id='word_1_367' title='bbox 3408 2199 3595 2265; x_wconf 82' lang='lat' dir='ltr'><strong>fuerit,</strong></span> <span class='ocrx_word' id='word_1_368' title='bbox 3624 2200 3819 2256; x_wconf 82' lang='lat' dir='ltr'><strong>indue-</strong></span> 
     </span>
    </p>
   </div>
   <div class='ocr_carea' id='block_1_55' title="bbox 2235 2296 3817 2373">
    <p class='ocr_par' dir='ltr' id='par_1_55' title="bbox 2235 2296 3817 2373">
     <span class='ocr_line' id='line_1_55' title="bbox 2235 2296 3817 2373; baseline -0.002 -17"><span class='ocrx_word' id='word_1_369' title='bbox 2235 2313 2319 2356; x_wconf 90' lang='lat' dir='ltr'><strong>tur</strong></span> <span class='ocrx_word' id='word_1_370' title='bbox 2366 2300 2511 2373; x_wconf 79' lang='lat' dir='ltr'><strong>(Leu.</strong></span> <span class='ocrx_word' id='word_1_371' title='bbox 2565 2300 2701 2369; x_wconf 75' lang='lat' dir='ltr'><strong>xvi).</strong></span> <span class='ocrx_word' id='word_1_372' title='bbox 2761 2317 2779 2351; x_wconf 75' lang='grc' dir='ltr'><strong>ι</strong></span> <span class='ocrx_word' id='word_1_373' title='bbox 2843 2297 3099 2368; x_wconf 88' lang='lat' dir='ltr'><strong>Quisquis</strong></span> <span class='ocrx_word' id='word_1_374' title='bbox 3155 2296 3300 2351; x_wconf 90' lang='lat' dir='ltr'><strong>enim</strong></span> <span class='ocrx_word' id='word_1_375' title='bbox 3355 2297 3408 2350; x_wconf 90' lang='lat' dir='ltr'><strong>in</strong></span> <span class='ocrx_word' id='word_1_376' title='bbox 3462 2296 3817 2353; x_wconf 87' lang='lat' dir='ltr'><strong>tabernaculo</strong></span> 
     </span>
    </p>
   </div>
   <div class='ocr_carea' id='block_1_56' title="bbox 2230 2391 3816 2467">
    <p class='ocr_par' dir='ltr' id='par_1_56' title="bbox 2230 2391 3816 2467">
     <span class='ocr_line' id='line_1_56' title="bbox 2230 2391 3816 2467; baseline -0.005 -14"><span class='ocrx_word' id='word_1_377' title='bbox 2230 2396 2451 2456; x_wconf 88' lang='lat' dir='ltr'><strong>Christi,</strong></span> <span class='ocrx_word' id='word_1_378' title='bbox 2484 2397 2627 2467; x_wconf 91' lang='lat' dir='ltr'><strong>quod</strong></span> <span class='ocrx_word' id='word_1_379' title='bbox 2670 2402 2756 2451; x_wconf 91' lang='lat' dir='ltr'><strong>est</strong></span> <span class='ocrx_word' id='word_1_380' title='bbox 2797 2393 3063 2456; x_wconf 85' lang='lat' dir='ltr'><strong>Ecclesia,</strong></span> <span class='ocrx_word' id='word_1_381' title='bbox 3096 2392 3446 2460; x_wconf 89' lang='lat' dir='ltr'><strong>semetipsum</strong></span> <span class='ocrx_word' id='word_1_382' title='bbox 3488 2391 3603 2447; x_wconf 91' lang='lat' dir='ltr'><strong>Deo</strong></span> <span class='ocrx_word' id='word_1_383' title='bbox 3638 2392 3816 2446; x_wconf 88' lang='lat' dir='ltr'><strong>sacri-</strong></span> 
     </span>
    </p>
   </div>
   <div class='ocr_carea' id='block_1_57' title="bbox 2229 2483 3814 2553">
    <p class='ocr_par' dir='ltr' id='par_1_57' title="bbox 2229 2483 3814 2553">
     <span class='ocr_line' id='line_1_57' title="bbox 2229 2483 3814 2553; baseline -0.004 -10"><span class='ocrx_word' id='word_1_384' title='bbox 2229 2489 2394 2544; x_wconf 87' lang='lat' dir='ltr'><strong>ﬁcare</strong></span> <span class='ocrx_word' id='word_1_385' title='bbox 2417 2487 2715 2550; x_wconf 88' lang='lat' dir='ltr'><strong>contendit,</strong></span> <span class='ocrx_word' id='word_1_386' title='bbox 2759 2499 2984 2541; x_wconf 90' lang='lat' dir='ltr'><strong>necesse</strong></span> <span class='ocrx_word' id='word_1_387' title='bbox 3016 2492 3121 2547; x_wconf 92' lang='lat' dir='ltr'><strong>est,</strong></span> <span class='ocrx_word' id='word_1_388' title='bbox 3164 2490 3225 2537; x_wconf 91' lang='lat' dir='ltr'><strong>ut</strong></span> <span class='ocrx_word' id='word_1_389' title='bbox 3264 2494 3546 2553; x_wconf 84' lang='lat' dir='ltr'><strong>postquam</strong></span> <span class='ocrx_word' id='word_1_390' title='bbox 3592 2483 3814 2537; x_wconf 84' lang='lat' dir='ltr'><strong>lavacro</strong></span> 
     </span>
    </p>
   </div>
   <div class='ocr_carea' id='block_1_58' title="bbox 2229 2571 3814 2641">
    <p class='ocr_par' dir='ltr' id='par_1_58' title="bbox 2229 2571 3814 2641">
     <span class='ocr_line' id='line_1_58' title="bbox 2229 2571 3814 2641; baseline -0.008 -6"><span class='ocrx_word' id='word_1_391' title='bbox 2229 2579 2370 2635; x_wconf 88' lang='lat' dir='ltr'><strong>sacri</strong></span> <span class='ocrx_word' id='word_1_392' title='bbox 2404 2576 2569 2633; x_wconf 80' lang='lat' dir='ltr'><strong>fontis</strong></span> <span class='ocrx_word' id='word_1_393' title='bbox 2599 2575 2858 2641; x_wconf 90' lang='lat' dir='ltr'><strong>abluitur,</strong></span> <span class='ocrx_word' id='word_1_394' title='bbox 2893 2573 3125 2629; x_wconf 85' lang='lat' dir='ltr'><strong>diversis</strong></span> <span class='ocrx_word' id='word_1_395' title='bbox 3153 2572 3319 2628; x_wconf 89' lang='lat' dir='ltr'><strong>etiam</strong></span> <span class='ocrx_word' id='word_1_396' title='bbox 3353 2572 3607 2625; x_wconf 86' lang='lat' dir='ltr'><strong>virtutum</strong></span> <span class='ocrx_word' id='word_1_397' title='bbox 3641 2571 3814 2624; x_wconf 87' lang='lat' dir='ltr'><strong>vesti-</strong></span> 
     </span>
    </p>
   </div>
   <div class='ocr_carea' id='block_1_59' title="bbox 2227 2661 3808 2740">
    <p class='ocr_par' dir='ltr' id='par_1_59' title="bbox 2227 2661 3808 2740">
     <span class='ocr_line' id='line_1_59' title="bbox 2227 2661 3808 2740; baseline -0.006 -16"><span class='ocrx_word' id='word_1_398' title='bbox 2227 2667 2330 2725; x_wconf 87' lang='lat' dir='ltr'><strong>bus</strong></span> <span class='ocrx_word' id='word_1_399' title='bbox 2358 2669 2629 2731; x_wconf 88' lang='lat' dir='ltr'><strong>induatur,</strong></span> <span class='ocrx_word' id='word_1_400' title='bbox 2666 2666 2806 2721; x_wconf 87' lang='lat' dir='ltr'><strong>sicut</strong></span> <span class='ocrx_word' id='word_1_401' title='bbox 2848 2665 3110 2740; x_wconf 83' lang='lat' dir='ltr'><strong>scriptum</strong></span> <span class='ocrx_word' id='word_1_402' title='bbox 3147 2671 3275 2718; x_wconf 91' lang='lat' dir='ltr'><strong>est:</strong></span> <span class='ocrx_word' id='word_1_403' title='bbox 3308 2681 3329 2716; x_wconf 79' lang='lat' dir='ltr'><strong>s</strong></span> <span class='ocrx_word' id='word_1_404' title='bbox 3364 2661 3680 2717; x_wconf 86' lang='lat' dir='ltr'><strong>Sacerdotes</strong></span> <span class='ocrx_word' id='word_1_405' title='bbox 3721 2661 3808 2715; x_wconf 89' lang='lat' dir='ltr'><strong>tui</strong></span> 
     </span>
    </p>
   </div>
   <div class='ocr_carea' id='block_1_60' title="bbox 2228 2750 3811 2825">
    <p class='ocr_par' dir='ltr' id='par_1_60' title="bbox 2228 2750 3811 2825">
     <span class='ocr_line' id='line_1_60' title="bbox 2228 2750 3811 2825; baseline -0.004 -13"><span class='ocrx_word' id='word_1_406' title='bbox 2228 2757 2520 2812; x_wconf 86' lang='lat' dir='ltr'><strong>induantur</strong></span> <span class='ocrx_word' id='word_1_407' title='bbox 2550 2754 2766 2824; x_wconf 86' lang='lat' dir='ltr'><strong>justitia</strong></span> <span class='ocrx_word' id='word_1_408' title='bbox 2800 2752 2973 2825; x_wconf 81' lang='lat' dir='ltr'><strong>(Psal.</strong></span> <span class='ocrx_word' id='word_1_409' title='bbox 3012 2750 3200 2823; x_wconf 79' lang='lat' dir='ltr'><strong>cxxxr)</strong></span> <span class='ocrx_word' id='word_1_410' title='bbox 3229 2770 3244 2819; x_wconf 89' lang='lat'><strong>;</strong></span> <span class='ocrx_word' id='word_1_411' title='bbox 3273 2771 3290 2803; x_wconf 78' lang='grc' dir='ltr'><strong><em>ι</em></strong></span> <span class='ocrx_word' id='word_1_412' title='bbox 3325 2759 3589 2822; x_wconf 89' lang='lat' dir='ltr'><strong>quatenus</strong></span> <span class='ocrx_word' id='word_1_413' title='bbox 3628 2751 3724 2821; x_wconf 87' lang='lat' dir='ltr'><strong>qui</strong></span> <span class='ocrx_word' id='word_1_414' title='bbox 3754 2752 3811 2805; x_wconf 91' lang='lat' dir='ltr'><strong>in</strong></span> 
     </span>
    </p>
   </div>
   <div class='ocr_carea' id='block_1_61' title="bbox 2227 2843 3811 2919">
    <p class='ocr_par' dir='ltr' id='par_1_61' title="bbox 2227 2843 3811 2919">
     <span class='ocr_line' id='line_1_61' title="bbox 2227 2843 3811 2919; baseline -0.004 -15"><span class='ocrx_word' id='word_1_415' title='bbox 2227 2848 2442 2904; x_wconf 89' lang='lat' dir='ltr'><strong>Christo</strong></span> <span class='ocrx_word' id='word_1_416' title='bbox 2466 2863 2562 2919; x_wconf 88' lang='lat' dir='ltr'><strong>per</strong></span> <span class='ocrx_word' id='word_1_417' title='bbox 2588 2847 2920 2917; x_wconf 89' lang='lat' dir='ltr'><strong>baptismum</strong></span> <span class='ocrx_word' id='word_1_418' title='bbox 2953 2860 3125 2901; x_wconf 90' lang='lat' dir='ltr'><strong>novus</strong></span> <span class='ocrx_word' id='word_1_419' title='bbox 3155 2845 3319 2900; x_wconf 90' lang='lat' dir='ltr'><strong>homo</strong></span> <span class='ocrx_word' id='word_1_420' title='bbox 3344 2843 3673 2910; x_wconf 89' lang='lat' dir='ltr'><strong>renascitur,</strong></span> <span class='ocrx_word' id='word_1_421' title='bbox 3702 2857 3811 2898; x_wconf 90' lang='lat' dir='ltr'><strong>non</strong></span> 
     </span>
    </p>
   </div>
   <div class='ocr_carea' id='block_1_62' title="bbox 2220 2934 3811 3012">
    <p class='ocr_par' dir='ltr' id='par_1_62' title="bbox 2220 2934 3811 3012">
     <span class='ocr_line' id='line_1_62' title="bbox 2220 2934 3811 3012; baseline -0.004 -16"><span class='ocrx_word' id='word_1_422' title='bbox 2220 2940 2330 3011; x_wconf 80' lang='lat' dir='ltr'><strong>jam</strong></span> <span class='ocrx_word' id='word_1_423' title='bbox 2358 2941 2614 3012; x_wconf 88' lang='lat' dir='ltr'><strong>pelliceas</strong></span> <span class='ocrx_word' id='word_1_424' title='bbox 2643 2940 2874 3005; x_wconf 89' lang='lat' dir='ltr'><strong>tunicas,</strong></span> <span class='ocrx_word' id='word_1_425' title='bbox 2911 2936 3254 2992; x_wconf 85' lang='lat' dir='ltr'><strong>mortalitatis</strong></span> <span class='ocrx_word' id='word_1_426' title='bbox 3299 2934 3554 2990; x_wconf 83' lang='lat' dir='ltr'><strong>videlicet</strong></span> <span class='ocrx_word' id='word_1_427' title='bbox 3602 2934 3811 2990; x_wconf 82' lang='lat' dir='ltr'><strong>indices</strong></span> 
     </span>
    </p>
   </div>
   <div class='ocr_carea' id='block_1_63' title="bbox 2224 3026 3807 3100">
    <p class='ocr_par' dir='ltr' id='par_1_63' title="bbox 2224 3026 3807 3100">
     <span class='ocr_line' id='line_1_63' title="bbox 2224 3026 3807 3100; baseline -0.004 -14"><span class='ocrx_word' id='word_1_428' title='bbox 2224 3031 2447 3097; x_wconf 87' lang='lat' dir='ltr'><strong>vestiat,</strong></span> <span class='ocrx_word' id='word_1_429' title='bbox 2480 3030 2577 3086; x_wconf 88' lang='lat' dir='ltr'><strong>sed</strong></span> <span class='ocrx_word' id='word_1_430' title='bbox 2618 3029 2864 3100; x_wconf 89' lang='lat' dir='ltr'><strong>deposito</strong></span> <span class='ocrx_word' id='word_1_431' title='bbox 2891 3028 3062 3084; x_wconf 89' lang='lat' dir='ltr'><strong>veteri</strong></span> <span class='ocrx_word' id='word_1_432' title='bbox 3091 3026 3331 3091; x_wconf 87' lang='lat' dir='ltr'><strong>homine,</strong></span> <span class='ocrx_word' id='word_1_433' title='bbox 3359 3040 3562 3081; x_wconf 86' lang='lat' dir='ltr'><strong>novum</strong></span> <span class='ocrx_word' id='word_1_434' title='bbox 3594 3026 3807 3092; x_wconf 87' lang='lat' dir='ltr'><strong>induat,</strong></span> 
     </span>
    </p>
   </div>
   <div class='ocr_carea' id='block_1_64' title="bbox 543 3104 3811 3192">
    <p class='ocr_par' dir='ltr' id='par_1_64' title="bbox 543 3104 3811 3192">
     <span class='ocr_line' id='line_1_64' title="bbox 543 3104 3811 3192; baseline -0.005 -19"><span class='ocrx_word' id='word_1_435' title='bbox 543 3128 625 3173; x_wconf 88' lang='lat' dir='ltr'><strong>ter</strong></span> <span class='ocrx_word' id='word_1_436' title='bbox 648 3125 890 3187; x_wconf 86' lang='lat' dir='ltr'><strong>urgetur.</strong></span> <span class='ocrx_word' id='word_1_437' title='bbox 914 3114 1064 3168; x_wconf 90' lang='lat' dir='ltr'><strong>Intus</strong></span> <span class='ocrx_word' id='word_1_438' title='bbox 1086 3112 1178 3167; x_wconf 90' lang='lat' dir='ltr'><strong>Dei</strong></span> <span class='ocrx_word' id='word_1_439' title='bbox 1202 3125 1403 3166; x_wconf 89' lang='lat' dir='ltr'><strong>arcana</strong></span> <span class='ocrx_word' id='word_1_440' title='bbox 1428 3110 1770 3175; x_wconf 90' lang='lat' dir='ltr'><strong>considerat;</strong></span> <span class='ocrx_word' id='word_1_441' title='bbox 1800 3109 1930 3165; x_wconf 78' lang='lat' dir='ltr'><strong>foris</strong></span> <span class='ocrx_word' id='word_1_442' title='bbox 1953 3123 2120 3163; x_wconf 91' lang='lat' dir='ltr'><strong>onera</strong></span> <span class='ocrx_word' id='word_1_443' title='bbox 2148 3104 2195 3168; x_wconf 90' lang='lat' dir='ltr'><strong><em>C</em></strong></span> <span class='ocrx_word' id='word_1_444' title='bbox 2225 3130 2281 3179; x_wconf 73' lang='grc' dir='ltr'><strong>οι</strong></span> <span class='ocrx_word' id='word_1_445' title='bbox 2310 3123 2361 3177; x_wconf 76' lang='lat' dir='ltr'><strong>in</strong></span> <span class='ocrx_word' id='word_1_446' title='bbox 2394 3136 2459 3176; x_wconf 80' lang='grc' dir='ltr'>εο</span> <span class='ocrx_word' id='word_1_447' title='bbox 2491 3136 2590 3192; x_wconf 67' lang='lat' dir='ltr'><strong>per</strong></span> <span class='ocrx_word' id='word_1_448' title='bbox 2616 3120 2828 3175; x_wconf 54' lang='lat' dir='ltr'><strong>munda,</strong></span> <span class='ocrx_word' id='word_1_449' title='bbox 2855 3117 3294 3174; x_wconf 59' lang='lat' dir='ltr'><strong>conversationis&quot;</strong></span> <span class='ocrx_word' id='word_1_450' title='bbox 3315 3116 3552 3172; x_wconf 72' lang='grc' dir='ltr'>ειιιιιῖωη</span> <span class='ocrx_word' id='word_1_451' title='bbox 3583 3116 3811 3170; x_wconf 55' lang='lat' dir='ltr'><strong>iam“-</strong></span> 
     </span>
    </p>
   </div>
   <div class='ocr_carea' id='block_1_65' title="bbox 541 3200 2121 3274">
    <p class='ocr_par' dir='ltr' id='par_1_65' title="bbox 541 3200 2121 3274">
     <span class='ocr_line' id='line_1_65' title="bbox 541 3200 2121 3274; baseline -0.004 -13"><span class='ocrx_word' id='word_1_452' title='bbox 541 3206 838 3261; x_wconf 84' lang='lat' dir='ltr'><strong>carnalium</strong></span> <span class='ocrx_word' id='word_1_453' title='bbox 866 3214 1066 3274; x_wconf 91' lang='lat' dir='ltr'><strong>portat.</strong></span> <span class='ocrx_word' id='word_1_454' title='bbox 1103 3202 1205 3269; x_wconf 91' lang='lat' dir='ltr'><strong>Qui</strong></span> <span class='ocrx_word' id='word_1_455' title='bbox 1235 3202 1302 3257; x_wconf 91' lang='lat' dir='ltr'><strong>de</strong></span> <span class='ocrx_word' id='word_1_456' title='bbox 1343 3200 1506 3257; x_wconf 89' lang='lat' dir='ltr'><strong>rebus</strong></span> <span class='ocrx_word' id='word_1_457' title='bbox 1533 3215 1744 3269; x_wconf 88' lang='lat' dir='ltr'><strong>quoque</strong></span> <span class='ocrx_word' id='word_1_458' title='bbox 1773 3200 1949 3256; x_wconf 90' lang='lat' dir='ltr'><strong>dubiis</strong></span> <span class='ocrx_word' id='word_1_459' title='bbox 1982 3214 2121 3255; x_wconf 85' lang='lat' dir='ltr'><strong>sem-</strong></span> 
     </span>
    </p>
   </div>
   <div class='ocr_carea' id='block_1_66' title="bbox 539 3292 2123 3368">
    <p class='ocr_par' dir='ltr' id='par_1_66' title="bbox 539 3292 2123 3368">
     <span class='ocr_line' id='line_1_66' title="bbox 539 3292 2123 3368; baseline -0.003 -17"><span class='ocrx_word' id='word_1_460' title='bbox 539 3313 638 3368; x_wconf 86' lang='lat' dir='ltr'><strong>per</strong></span> <span class='ocrx_word' id='word_1_461' title='bbox 666 3298 732 3351; x_wconf 91' lang='lat' dir='ltr'><strong>ad</strong></span> <span class='ocrx_word' id='word_1_462' title='bbox 774 3293 1178 3349; x_wconf 85' lang='lat' dir='ltr'><strong>tabernaculum</strong></span> <span class='ocrx_word' id='word_1_463' title='bbox 1222 3293 1455 3347; x_wconf 89' lang='lat' dir='ltr'><strong>recurrit</strong></span> <span class='ocrx_word' id='word_1_464' title='bbox 1490 3307 1556 3347; x_wconf 90' lang='lat' dir='ltr'><strong>ac</strong></span> <span class='ocrx_word' id='word_1_465' title='bbox 1594 3308 1776 3348; x_wconf 87' lang='lat' dir='ltr'><strong>coram</strong></span> <span class='ocrx_word' id='word_1_466' title='bbox 1815 3292 2123 3348; x_wconf 88' lang='lat' dir='ltr'><strong>testamenti</strong></span> 
     </span>
    </p>
   </div>
   <div class='ocr_carea' id='block_1_67' title="bbox 539 3382 2125 3454">
    <p class='ocr_par' dir='ltr' id='par_1_67' title="bbox 539 3382 2125 3454">
     <span class='ocr_line' id='line_1_67' title="bbox 539 3382 2125 3454; baseline -0.002 -13"><span class='ocrx_word' id='word_1_467' title='bbox 539 3402 665 3443; x_wconf 84' lang='lat' dir='ltr'><strong>arca</strong></span> <span class='ocrx_word' id='word_1_468' title='bbox 689 3386 975 3441; x_wconf 89' lang='lat' dir='ltr'><strong>Dominum</strong></span> <span class='ocrx_word' id='word_1_469' title='bbox 1004 3383 1259 3450; x_wconf 91' lang='lat' dir='ltr'><strong>consulit,</strong></span> <span class='ocrx_word' id='word_1_470' title='bbox 1291 3382 1520 3439; x_wconf 83' lang='lat' dir='ltr'><strong>formam</strong></span> <span class='ocrx_word' id='word_1_471' title='bbox 1549 3383 1733 3454; x_wconf 82' lang='lat' dir='ltr'><strong>procul</strong></span> <span class='ocrx_word' id='word_1_472' title='bbox 1757 3383 1919 3438; x_wconf 92' lang='lat' dir='ltr'><strong>dubio</strong></span> <span class='ocrx_word' id='word_1_473' title='bbox 1944 3392 2125 3438; x_wconf 89' lang='lat' dir='ltr'><strong>recto-</strong></span> 
     </span>
    </p>
   </div>
   <div class='ocr_carea' id='block_1_68' title="bbox 541 3474 2121 3549">
    <p class='ocr_par' dir='ltr' id='par_1_68' title="bbox 541 3474 2121 3549">
     <span class='ocr_line' id='line_1_68' title="bbox 541 3474 2121 3549; baseline -0.003 -16"><span class='ocrx_word' id='word_1_474' title='bbox 541 3479 690 3534; x_wconf 92' lang='lat' dir='ltr'><strong>ribus</strong></span> <span class='ocrx_word' id='word_1_475' title='bbox 734 3480 1002 3549; x_wconf 70' lang='lat' dir='ltr'><strong>prtebens,</strong></span> <span class='ocrx_word' id='word_1_476' title='bbox 1036 3486 1119 3543; x_wconf 89' lang='lat' dir='ltr'><strong>ut,</strong></span> <span class='ocrx_word' id='word_1_477' title='bbox 1160 3491 1281 3530; x_wconf 90' lang='lat' dir='ltr'><strong>cum</strong></span> <span class='ocrx_word' id='word_1_478' title='bbox 1310 3474 1445 3529; x_wconf 80' lang='lat' dir='ltr'><strong>foris</strong></span> <span class='ocrx_word' id='word_1_479' title='bbox 1475 3475 1757 3544; x_wconf 86' lang='lat' dir='ltr'><strong>ambigunt</strong></span> <span class='ocrx_word' id='word_1_480' title='bbox 1782 3475 1910 3545; x_wconf 89' lang='lat' dir='ltr'><strong>quid</strong></span> <span class='ocrx_word' id='word_1_481' title='bbox 1939 3475 2121 3544; x_wconf 89' lang='lat' dir='ltr'><strong>dispo-</strong></span> 
     </span>
    </p>
   </div>
   <div class='ocr_carea' id='block_1_69' title="bbox 538 3565 2121 3638">
    <p class='ocr_par' dir='ltr' id='par_1_69' title="bbox 538 3565 2121 3638">
     <span class='ocr_line' id='line_1_69' title="bbox 538 3565 2121 3638; baseline -0.006 -11"><span class='ocrx_word' id='word_1_482' title='bbox 538 3580 691 3637; x_wconf 87' lang='lat' dir='ltr'><strong>nant,</strong></span> <span class='ocrx_word' id='word_1_483' title='bbox 740 3572 808 3625; x_wconf 89' lang='lat' dir='ltr'><strong>ad</strong></span> <span class='ocrx_word' id='word_1_484' title='bbox 855 3578 1092 3624; x_wconf 84' lang='lat' dir='ltr'><strong>mentem</strong></span> <span class='ocrx_word' id='word_1_485' title='bbox 1138 3582 1354 3638; x_wconf 88' lang='lat' dir='ltr'><strong>semper</strong></span> <span class='ocrx_word' id='word_1_486' title='bbox 1396 3566 1549 3636; x_wconf 87' lang='lat' dir='ltr'><strong>quasi</strong></span> <span class='ocrx_word' id='word_1_487' title='bbox 1599 3566 1666 3620; x_wconf 88' lang='lat' dir='ltr'><strong>ad</strong></span> <span class='ocrx_word' id='word_1_488' title='bbox 1713 3565 2121 3621; x_wconf 84' lang='lat' dir='ltr'><strong>tabernaculum</strong></span> 
     </span>
    </p>
   </div>
   <div class='ocr_carea' id='block_1_70' title="bbox 540 3656 2100 3724">
    <p class='ocr_par' dir='ltr' id='par_1_70' title="bbox 540 3656 2100 3724">
     <span class='ocr_line' id='line_1_70' title="bbox 540 3656 2100 3724; baseline -0.003 -9"><span class='ocrx_word' id='word_1_489' title='bbox 540 3661 760 3724; x_wconf 88' lang='lat' dir='ltr'><strong>adeant,</strong></span> <span class='ocrx_word' id='word_1_490' title='bbox 808 3669 865 3714; x_wconf 92' lang='lat' dir='ltr'><strong>et</strong></span> <span class='ocrx_word' id='word_1_491' title='bbox 908 3659 1055 3713; x_wconf 89' lang='lat' dir='ltr'><strong>velut</strong></span> <span class='ocrx_word' id='word_1_492' title='bbox 1096 3672 1278 3713; x_wconf 84' lang='lat' dir='ltr'><strong>coram</strong></span> <span class='ocrx_word' id='word_1_493' title='bbox 1318 3657 1626 3711; x_wconf 86' lang='lat' dir='ltr'><strong>testamenti</strong></span> <span class='ocrx_word' id='word_1_494' title='bbox 1670 3671 1794 3710; x_wconf 88' lang='lat' dir='ltr'><strong>arca</strong></span> <span class='ocrx_word' id='word_1_495' title='bbox 1836 3656 2100 3710; x_wconf 90' lang='lat' dir='ltr'><strong>Dominun</strong></span> 
     </span>
    </p>
   </div>
   <div class='ocr_carea' id='block_1_71' title="bbox 537 3746 2091 3816">
    <p class='ocr_par' dir='ltr' id='par_1_71' title="bbox 537 3746 2091 3816">
     <span class='ocr_line' id='line_1_71' title="bbox 537 3746 2091 3816; baseline -0.003 -11"><span class='ocrx_word' id='word_1_496' title='bbox 537 3748 846 3812; x_wconf 87' lang='lat' dir='ltr'><strong>consulant,</strong></span> <span class='ocrx_word' id='word_1_497' title='bbox 876 3748 921 3803; x_wconf 91' lang='lat' dir='ltr'><strong>si</strong></span> <span class='ocrx_word' id='word_1_498' title='bbox 957 3748 1023 3802; x_wconf 91' lang='lat' dir='ltr'><strong>de</strong></span> <span class='ocrx_word' id='word_1_499' title='bbox 1052 3747 1118 3802; x_wconf 89' lang='lat' dir='ltr'><strong>iis</strong></span> <span class='ocrx_word' id='word_1_500' title='bbox 1148 3746 1201 3800; x_wconf 90' lang='lat' dir='ltr'><strong>in</strong></span> <span class='ocrx_word' id='word_1_501' title='bbox 1241 3746 1438 3816; x_wconf 88' lang='lat' dir='ltr'><strong>quibus</strong></span> <span class='ocrx_word' id='word_1_502' title='bbox 1471 3746 1722 3801; x_wconf 89' lang='lat' dir='ltr'><strong>dubitant</strong></span> <span class='ocrx_word' id='word_1_503' title='bbox 1749 3746 1889 3815; x_wconf 84' lang='lat' dir='ltr'><strong>apud</strong></span> <span class='ocrx_word' id='word_1_504' title='bbox 1918 3755 2091 3801; x_wconf 87' lang='lat' dir='ltr'><strong>semet</strong></span> 
     </span>
    </p>
   </div>
   <div class='ocr_carea' id='block_1_72' title="bbox 538 3839 2121 3913">
    <p class='ocr_par' dir='ltr' id='par_1_72' title="bbox 538 3839 2121 3913">
     <span class='ocr_line' id='line_1_72' title="bbox 538 3839 2121 3913; baseline -0.001 -17"><span class='ocrx_word' id='word_1_505' title='bbox 538 3844 684 3913; x_wconf 86' lang='lat' dir='ltr'><strong>ipsos</strong></span> <span class='ocrx_word' id='word_1_506' title='bbox 719 3841 864 3896; x_wconf 88' lang='lat' dir='ltr'><strong>intus</strong></span> <span class='ocrx_word' id='word_1_507' title='bbox 899 3840 1040 3896; x_wconf 88' lang='lat' dir='ltr'><strong>sacri</strong></span> <span class='ocrx_word' id='word_1_508' title='bbox 1071 3839 1269 3909; x_wconf 89' lang='lat' dir='ltr'><strong>eloquii</strong></span> <span class='ocrx_word' id='word_1_509' title='bbox 1301 3840 1525 3911; x_wconf 88' lang='lat' dir='ltr'><strong>paginas</strong></span> <span class='ocrx_word' id='word_1_510' title='bbox 1551 3840 1851 3909; x_wconf 90' lang='lat' dir='ltr'><strong>requirnnt.</strong></span> <span class='ocrx_word' id='word_1_511' title='bbox 1884 3839 2037 3895; x_wconf 89' lang='lat' dir='ltr'><strong>Unde</strong></span> <span class='ocrx_word' id='word_1_512' title='bbox 2066 3850 2121 3894; x_wconf 89' lang='lat' dir='ltr'><strong>et</strong></span> 
     </span>
    </p>
   </div>
   <div class='ocr_carea' id='block_1_73' title="bbox 536 3931 2119 4005">
    <p class='ocr_par' dir='ltr' id='par_1_73' title="bbox 536 3931 2119 4005">
     <span class='ocr_line' id='line_1_73' title="bbox 536 3931 2119 4005; baseline -0.003 -16"><span class='ocrx_word' id='word_1_513' title='bbox 536 3937 653 4005; x_wconf 84' lang='lat' dir='ltr'><strong>ipsa</strong></span> <span class='ocrx_word' id='word_1_514' title='bbox 682 3935 916 3999; x_wconf 81' lang='lat' dir='ltr'><strong>Veritas,</strong></span> <span class='ocrx_word' id='word_1_515' title='bbox 954 3946 1052 4004; x_wconf 91' lang='lat' dir='ltr'><strong>per</strong></span> <span class='ocrx_word' id='word_1_516' title='bbox 1092 3932 1491 4001; x_wconf 85' lang='lat' dir='ltr'><strong>susceptionem</strong></span> <span class='ocrx_word' id='word_1_517' title='bbox 1536 3932 1693 3986; x_wconf 90' lang='lat' dir='ltr'><strong>nobis</strong></span> <span class='ocrx_word' id='word_1_518' title='bbox 1721 3941 1920 3987; x_wconf 76' lang='lat' dir='ltr'><strong>nostra:</strong></span> <span class='ocrx_word' id='word_1_519' title='bbox 1950 3931 2119 3995; x_wconf 87' lang='lat' dir='ltr'><strong>humi-</strong></span> 
     </span>
    </p>
   </div>
   <div class='ocr_carea' id='block_1_74' title="bbox 536 4023 2119 4091">
    <p class='ocr_par' dir='ltr' id='par_1_74' title="bbox 536 4023 2119 4091">
     <span class='ocr_line' id='line_1_74' title="bbox 536 4023 2119 4091; baseline -0.003 -10"><span class='ocrx_word' id='word_1_520' title='bbox 536 4028 708 4081; x_wconf 83' lang='lat' dir='ltr'><strong>litatis</strong></span> <span class='ocrx_word' id='word_1_521' title='bbox 741 4035 981 4091; x_wconf 90' lang='lat' dir='ltr'><strong>ostensa,</strong></span> <span class='ocrx_word' id='word_1_522' title='bbox 1034 4025 1286 4079; x_wconf 88' lang='lat' dir='ltr'><strong>noctibus</strong></span> <span class='ocrx_word' id='word_1_523' title='bbox 1334 4023 1389 4078; x_wconf 90' lang='lat' dir='ltr'><strong>in</strong></span> <span class='ocrx_word' id='word_1_524' title='bbox 1432 4031 1617 4079; x_wconf 88' lang='lat' dir='ltr'><strong>monte</strong></span> <span class='ocrx_word' id='word_1_525' title='bbox 1658 4025 1995 4079; x_wconf 89' lang='lat' dir='ltr'><strong>orationibus</strong></span> <span class='ocrx_word' id='word_1_526' title='bbox 2022 4039 2119 4077; x_wconf 90' lang='lat' dir='ltr'><strong>va-</strong></span> 
     </span>
    </p>
   </div>
   <div class='ocr_carea' id='block_1_75' title="bbox 534 4115 2119 4189">
    <p class='ocr_par' dir='ltr' id='par_1_75' title="bbox 534 4115 2119 4189">
     <span class='ocr_line' id='line_1_75' title="bbox 534 4115 2119 4189; baseline -0.003 -16"><span class='ocrx_word' id='word_1_527' title='bbox 534 4130 623 4174; x_wconf 86' lang='lat' dir='ltr'><strong>cat</strong></span> <span class='ocrx_word' id='word_1_528' title='bbox 647 4118 799 4189; x_wconf 85' lang='lat' dir='ltr'><strong>(Luc.</strong></span> <span class='ocrx_word' id='word_1_529' title='bbox 826 4118 932 4188; x_wconf 84' lang='lat' dir='ltr'><strong>vt);</strong></span> <span class='ocrx_word' id='word_1_530' title='bbox 968 4116 1055 4172; x_wconf 89' lang='lat' dir='ltr'><strong>die</strong></span> <span class='ocrx_word' id='word_1_531' title='bbox 1089 4132 1220 4171; x_wconf 87' lang='lat' dir='ltr'><strong>vero</strong></span> <span class='ocrx_word' id='word_1_532' title='bbox 1247 4116 1305 4173; x_wconf 90' lang='lat' dir='ltr'><strong>in</strong></span> <span class='ocrx_word' id='word_1_533' title='bbox 1335 4115 1561 4173; x_wconf 89' lang='lat' dir='ltr'><strong>urbibus</strong></span> <span class='ocrx_word' id='word_1_534' title='bbox 1601 4131 1697 4186; x_wconf 91' lang='lat' dir='ltr'><strong>per</strong></span> <span class='ocrx_word' id='word_1_535' title='bbox 1728 4118 2119 4174; x_wconf 80' lang='lat' dir='ltr'><strong>miraculorum</strong></span> 
     </span>
    </p>
   </div>
   <div class='ocr_carea' id='block_1_76' title="bbox 533 4205 2116 4278">
    <p class='ocr_par' dir='ltr' id='par_1_76' title="bbox 533 4205 2116 4278">
     <span class='ocr_line' id='line_1_76' title="bbox 533 4205 2116 4278; baseline -0.001 -12"><span class='ocrx_word' id='word_1_536' title='bbox 533 4212 687 4278; x_wconf 85' lang='lat' dir='ltr'><strong>signa</strong></span> <span class='ocrx_word' id='word_1_537' title='bbox 715 4215 1002 4271; x_wconf 89' lang='lat' dir='ltr'><strong>coruscat;</strong></span> <span class='ocrx_word' id='word_1_538' title='bbox 1033 4205 1351 4260; x_wconf 87' lang='lat' dir='ltr'><strong>imitationis</strong></span> <span class='ocrx_word' id='word_1_539' title='bbox 1382 4205 1636 4261; x_wconf 87' lang='lat' dir='ltr'><strong>videlicet</strong></span> <span class='ocrx_word' id='word_1_540' title='bbox 1664 4207 1805 4263; x_wconf 89' lang='lat' dir='ltr'><strong>viam</strong></span> <span class='ocrx_word' id='word_1_541' title='bbox 1831 4209 1990 4264; x_wconf 78' lang='lat' dir='ltr'><strong>benis</strong></span> <span class='ocrx_word' id='word_1_542' title='bbox 2024 4226 2116 4265; x_wconf 89' lang='lat' dir='ltr'><strong>re-</strong></span> 
     </span>
    </p>
   </div>
   <div class='ocr_carea' id='block_1_77' title="bbox 532 4296 2115 4369">
    <p class='ocr_par' dir='ltr' id='par_1_77' title="bbox 532 4296 2115 4369">
     <span class='ocr_line' id='line_1_77' title="bbox 532 4296 2115 4369; baseline -0.002 -10"><span class='ocrx_word' id='word_1_543' title='bbox 532 4303 778 4359; x_wconf 89' lang='lat' dir='ltr'><strong>ctoribus</strong></span> <span class='ocrx_word' id='word_1_544' title='bbox 799 4309 1072 4363; x_wconf 88' lang='lat' dir='ltr'><strong>sternens,</strong></span> <span class='ocrx_word' id='word_1_545' title='bbox 1107 4305 1188 4361; x_wconf 91' lang='lat' dir='ltr'><strong>ut,</strong></span> <span class='ocrx_word' id='word_1_546' title='bbox 1228 4296 1273 4351; x_wconf 90' lang='lat' dir='ltr'><strong>si</strong></span> <span class='ocrx_word' id='word_1_547' title='bbox 1297 4296 1411 4367; x_wconf 88' lang='lat' dir='ltr'><strong>jam</strong></span> <span class='ocrx_word' id='word_1_548' title='bbox 1451 4311 1664 4351; x_wconf 90' lang='lat' dir='ltr'><strong>summa</strong></span> <span class='ocrx_word' id='word_1_549' title='bbox 1702 4300 2115 4369; x_wconf 89' lang='lat' dir='ltr'><strong>contemplanda</strong></span> 
     </span>
    </p>
   </div>
   <div class='ocr_carea' id='block_1_78' title="bbox 532 4384 2113 4463">
    <p class='ocr_par' dir='ltr' id='par_1_78' title="bbox 532 4384 2113 4463">
     <span class='ocr_line' id='line_1_78' title="bbox 532 4384 2113 4463; baseline -0.004 -16"><span class='ocrx_word' id='word_1_550' title='bbox 532 4400 810 4463; x_wconf 90' lang='lat' dir='ltr'><strong>appetunt,</strong></span> <span class='ocrx_word' id='word_1_551' title='bbox 840 4386 1259 4443; x_wconf 87' lang='lat' dir='ltr'><strong>necessitatibus</strong></span> <span class='ocrx_word' id='word_1_552' title='bbox 1290 4384 1870 4441; x_wconf 87' lang='lat' dir='ltr'><strong>tameninﬁrmantium</strong></span> <span class='ocrx_word' id='word_1_553' title='bbox 1899 4404 2113 4459; x_wconf 88' lang='lat' dir='ltr'><strong>compa-</strong></span> 
     </span>
    </p>
   </div>
   <div class='ocr_carea' id='block_1_79' title="bbox 2228 3204 3811 3279">
    <p class='ocr_par' dir='ltr' id='par_1_79' title="bbox 2228 3204 3811 3279">
     <span class='ocr_line' id='line_1_79' title="bbox 2228 3204 3811 3279; baseline -0.006 -10"><span class='ocrx_word' id='word_1_554' title='bbox 2228 3222 2314 3269; x_wconf 91' lang='lat' dir='ltr'><strong>tus</strong></span> <span class='ocrx_word' id='word_1_555' title='bbox 2333 3213 2500 3267; x_wconf 87' lang='lat' dir='ltr'><strong>vivat.</strong></span> <span class='ocrx_word' id='word_1_556' title='bbox 2529 3211 2594 3266; x_wconf 93' lang='lat' dir='ltr'><strong>Et</strong></span> <span class='ocrx_word' id='word_1_557' title='bbox 2623 3210 2918 3266; x_wconf 90' lang='lat' dir='ltr'><strong>notandum</strong></span> <span class='ocrx_word' id='word_1_558' title='bbox 2944 3208 3089 3279; x_wconf 83' lang='lat' dir='ltr'><strong>quod</strong></span> <span class='ocrx_word' id='word_1_559' title='bbox 3112 3223 3301 3264; x_wconf 89' lang='lat' dir='ltr'><strong>omnes</strong></span> <span class='ocrx_word' id='word_1_560' title='bbox 3324 3205 3425 3261; x_wconf 77' lang='lat' dir='ltr'><strong>illa:</strong></span> <span class='ocrx_word' id='word_1_561' title='bbox 3444 3214 3628 3261; x_wconf 84' lang='lat' dir='ltr'><strong>vestes</strong></span> <span class='ocrx_word' id='word_1_562' title='bbox 3653 3204 3811 3260; x_wconf 80' lang='lat' dir='ltr'><strong>linea:</strong></span> 
     </span>
    </p>
   </div>
   <div class='ocr_carea' id='block_1_80' title="bbox 2225 3298 3810 3372">
    <p class='ocr_par' dir='ltr' id='par_1_80' title="bbox 2225 3298 3810 3372">
     <span class='ocr_line' id='line_1_80' title="bbox 2225 3298 3810 3372; baseline -0.008 -11"><span class='ocrx_word' id='word_1_563' title='bbox 2225 3305 2629 3362; x_wconf 91' lang='lat' dir='ltr'><strong>describuntur.</strong></span> <span class='ocrx_word' id='word_1_564' title='bbox 2663 3303 2857 3359; x_wconf 90' lang='lat' dir='ltr'><strong>Linum</strong></span> <span class='ocrx_word' id='word_1_565' title='bbox 2890 3302 3087 3372; x_wconf 91' lang='lat' dir='ltr'><strong>quippe</strong></span> <span class='ocrx_word' id='word_1_566' title='bbox 3126 3301 3194 3356; x_wconf 92' lang='lat' dir='ltr'><strong>ad</strong></span> <span class='ocrx_word' id='word_1_567' title='bbox 3221 3300 3513 3355; x_wconf 89' lang='lat' dir='ltr'><strong>candorem</strong></span> <span class='ocrx_word' id='word_1_568' title='bbox 3552 3313 3682 3354; x_wconf 88' lang='lat' dir='ltr'><strong>cum</strong></span> <span class='ocrx_word' id='word_1_569' title='bbox 3726 3298 3810 3350; x_wconf 82' lang='lat' dir='ltr'><strong>Ia-</strong></span> 
     </span>
    </p>
   </div>
   <div class='ocr_carea' id='block_1_81' title="bbox 2223 3391 3807 3468">
    <p class='ocr_par' dir='ltr' id='par_1_81' title="bbox 2223 3391 3807 3468">
     <span class='ocr_line' id='line_1_81' title="bbox 2223 3391 3807 3468; baseline -0.006 -14"><span class='ocrx_word' id='word_1_570' title='bbox 2223 3398 2357 3454; x_wconf 88' lang='lat' dir='ltr'><strong>bore</strong></span> <span class='ocrx_word' id='word_1_571' title='bbox 2378 3398 2711 3468; x_wconf 90' lang='lat' dir='ltr'><strong>perducitur,</strong></span> <span class='ocrx_word' id='word_1_572' title='bbox 2733 3404 2791 3452; x_wconf 90' lang='lat' dir='ltr'><strong>et</strong></span> <span class='ocrx_word' id='word_1_573' title='bbox 2815 3395 3074 3449; x_wconf 90' lang='lat' dir='ltr'><strong>virtutum</strong></span> <span class='ocrx_word' id='word_1_574' title='bbox 3108 3393 3213 3447; x_wconf 88' lang='lat' dir='ltr'><strong>vita</strong></span> <span class='ocrx_word' id='word_1_575' title='bbox 3242 3408 3351 3447; x_wconf 88' lang='lat' dir='ltr'><strong>non</strong></span> <span class='ocrx_word' id='word_1_576' title='bbox 3378 3391 3689 3461; x_wconf 88' lang='lat' dir='ltr'><strong>acquiritur</strong></span> <span class='ocrx_word' id='word_1_577' title='bbox 3710 3391 3807 3444; x_wconf 89' lang='lat' dir='ltr'><strong>sub</strong></span> 
     </span>
    </p>
   </div>
   <div class='ocr_carea' id='block_1_82' title="bbox 2226 3481 3809 3559">
    <p class='ocr_par' dir='ltr' id='par_1_82' title="bbox 2226 3481 3809 3559">
     <span class='ocr_line' id='line_1_82' title="bbox 2226 3481 3809 3559; baseline -0.005 -16"><span class='ocrx_word' id='word_1_578' title='bbox 2226 3499 2442 3559; x_wconf 86' lang='lat' dir='ltr'><strong>torpore</strong></span> <span class='ocrx_word' id='word_1_579' title='bbox 2483 3489 2722 3555; x_wconf 65' lang='lat' dir='ltr'><strong>desidiae,</strong></span> <span class='ocrx_word' id='word_1_580' title='bbox 2770 3487 2863 3543; x_wconf 89' lang='lat' dir='ltr'><strong>sed</strong></span> <span class='ocrx_word' id='word_1_581' title='bbox 2911 3486 2965 3541; x_wconf 92' lang='lat' dir='ltr'><strong>in</strong></span> <span class='ocrx_word' id='word_1_582' title='bbox 3005 3484 3293 3540; x_wconf 60' lang='lat' dir='ltr'><strong>laboriosa</strong></span> <span class='ocrx_word' id='word_1_583' title='bbox 3328 3482 3508 3554; x_wconf 87' lang='lat' dir='ltr'><strong>potius</strong></span> <span class='ocrx_word' id='word_1_584' title='bbox 3541 3481 3809 3539; x_wconf 75' lang='lat' dir='ltr'><strong>exercitio</strong></span> 
     </span>
    </p>
   </div>
   <div class='ocr_carea' id='block_1_83' title="bbox 2226 3579 2540 3650">
    <p class='ocr_par' dir='ltr' id='par_1_83' title="bbox 2226 3579 2540 3650">
     <span class='ocr_line' id='line_1_83' title="bbox 2226 3579 2540 3650; baseline -0.006 -14"><span class='ocrx_word' id='word_1_585' title='bbox 2226 3579 2540 3650; x_wconf 64' lang='lat' dir='ltr'><strong>disciplinae.</strong></span> 
     </span>
    </p>
   </div>
   <div class='ocr_carea' id='block_1_84' title="bbox 2828 3668 3203 3727">
    <p class='ocr_par' dir='ltr' id='par_1_84' title="bbox 2828 3668 3203 3727">
     <span class='ocr_line' id='line_1_84' title="bbox 2828 3668 3203 3727; baseline -0.011 0"><span class='ocrx_word' id='word_1_586' title='bbox 2828 3669 3055 3727; x_wconf 81' lang='lat' dir='ltr'><strong>CAPUT</strong></span> <span class='ocrx_word' id='word_1_587' title='bbox 3097 3668 3203 3723; x_wconf 84' lang='lat' dir='ltr'><strong>VII.</strong></span> 
     </span>
    </p>
   </div>
   <div class='ocr_carea' id='block_1_85' title="bbox 2642 3759 3380 3829">
    <p class='ocr_par' dir='ltr' id='par_1_85' title="bbox 2642 3759 3380 3829">
     <span class='ocr_line' id='line_1_85' title="bbox 2642 3759 3380 3829; baseline -0.007 -11"><span class='ocrx_word' id='word_1_588' title='bbox 2642 3760 2710 3818; x_wconf 83' lang='lat' dir='ltr'><strong>In</strong></span> <span class='ocrx_word' id='word_1_589' title='bbox 2736 3778 2973 3817; x_wconf 89' lang='lat' dir='ltr'><strong>sermone</strong></span> <span class='ocrx_word' id='word_1_590' title='bbox 3006 3760 3065 3816; x_wconf 90' lang='lat' dir='ltr'><strong>S.</strong></span> <span class='ocrx_word' id='word_1_591' title='bbox 3092 3759 3380 3829; x_wconf 77' lang='lat' dir='ltr'><strong>Banifacii.</strong></span> 
     </span>
    </p>
   </div>
   <div class='ocr_carea' id='block_1_86' title="bbox 2294 3847 3808 3920">
    <p class='ocr_par' dir='ltr' id='par_1_86' title="bbox 2294 3847 3808 3920">
     <span class='ocr_line' id='line_1_86' title="bbox 2294 3847 3808 3920; baseline -0.005 -10"><span class='ocrx_word' id='word_1_592' title='bbox 2294 3854 2545 3911; x_wconf 80' lang='lat' dir='ltr'><strong>Pontifex</strong></span> <span class='ocrx_word' id='word_1_593' title='bbox 2572 3853 2843 3909; x_wconf 88' lang='lat' dir='ltr'><strong>viventem</strong></span> <span class='ocrx_word' id='word_1_594' title='bbox 2876 3852 3090 3908; x_wconf 88' lang='lat' dir='ltr'><strong>hircum</strong></span> <span class='ocrx_word' id='word_1_595' title='bbox 3133 3850 3238 3907; x_wconf 87' lang='lat' dir='ltr'><strong>hoc</strong></span> <span class='ocrx_word' id='word_1_596' title='bbox 3282 3849 3439 3906; x_wconf 92' lang='lat' dir='ltr'><strong>modo</strong></span> <span class='ocrx_word' id='word_1_597' title='bbox 3472 3847 3700 3920; x_wconf 85' lang='lat' dir='ltr'><strong>jubetur</strong></span> <span class='ocrx_word' id='word_1_598' title='bbox 3738 3863 3808 3904; x_wconf 77' lang='lat' dir='ltr'><strong>ex</strong></span> 
     </span>
    </p>
   </div>
   <div class='ocr_carea' id='block_1_87' title="bbox 2224 3940 3809 4018">
    <p class='ocr_par' dir='ltr' id='par_1_87' title="bbox 2224 3940 3809 4018">
     <span class='ocr_line' id='line_1_87' title="bbox 2224 3940 3809 4018; baseline -0.003 -18"><span class='ocrx_word' id='word_1_599' title='bbox 2224 3947 2339 4018; x_wconf 73' lang='lat' dir='ltr'><strong>lege</strong></span> <span class='ocrx_word' id='word_1_600' title='bbox 2384 3945 2579 4002; x_wconf 78' lang='lat' dir='ltr'><strong>oﬂ&#39;erre</strong></span> <span class='ocrx_word' id='word_1_601' title='bbox 2624 3954 2704 4011; x_wconf 93' lang='lat' dir='ltr'><strong>ut,</strong></span> <span class='ocrx_word' id='word_1_602' title='bbox 2754 3943 2931 4016; x_wconf 91' lang='lat' dir='ltr'><strong>posita</strong></span> <span class='ocrx_word' id='word_1_603' title='bbox 2984 3957 3146 4012; x_wconf 89' lang='lat' dir='ltr'><strong>super</strong></span> <span class='ocrx_word' id='word_1_604' title='bbox 3189 3949 3356 4012; x_wconf 90' lang='lat' dir='ltr'><strong>caput</strong></span> <span class='ocrx_word' id='word_1_605' title='bbox 3399 3940 3517 4008; x_wconf 89' lang='lat' dir='ltr'><strong>ejus</strong></span> <span class='ocrx_word' id='word_1_606' title='bbox 3573 3948 3809 4009; x_wconf 87' lang='lat' dir='ltr'><strong>utraque</strong></span> 
     </span>
    </p>
   </div>
   <div class='ocr_carea' id='block_1_88' title="bbox 2226 4029 3809 4102">
    <p class='ocr_par' dir='ltr' id='par_1_88' title="bbox 2226 4029 3809 4102">
     <span class='ocr_line' id='line_1_88' title="bbox 2226 4029 3809 4102; baseline -0.004 -13"><span class='ocrx_word' id='word_1_607' title='bbox 2226 4052 2410 4101; x_wconf 86' lang='lat' dir='ltr'><strong>manu,</strong></span> <span class='ocrx_word' id='word_1_608' title='bbox 2437 4036 2762 4091; x_wconf 85' lang='lat' dir='ltr'><strong>conﬁteatur</strong></span> <span class='ocrx_word' id='word_1_609' title='bbox 2794 4047 2991 4089; x_wconf 86' lang='lat' dir='ltr'><strong>omnes</strong></span> <span class='ocrx_word' id='word_1_610' title='bbox 3014 4032 3330 4102; x_wconf 83' lang='lat' dir='ltr'><strong>iniquitates</strong></span> <span class='ocrx_word' id='word_1_611' title='bbox 3361 4030 3595 4087; x_wconf 90' lang='lat' dir='ltr'><strong>ﬁliorum</strong></span> <span class='ocrx_word' id='word_1_612' title='bbox 3638 4029 3809 4085; x_wconf 88' lang='lat' dir='ltr'><strong>Israel</strong></span> 
     </span>
    </p>
   </div>
   <div class='ocr_carea' id='block_1_89' title="bbox 2222 4118 3811 4193">
    <p class='ocr_par' dir='ltr' id='par_1_89' title="bbox 2222 4118 3811 4193">
     <span class='ocr_line' id='line_1_89' title="bbox 2222 4118 3811 4193; baseline -0.006 -12"><span class='ocrx_word' id='word_1_613' title='bbox 2222 4135 2277 4181; x_wconf 91' lang='lat' dir='ltr'><strong>et</strong></span> <span class='ocrx_word' id='word_1_614' title='bbox 2304 4126 2558 4181; x_wconf 92' lang='lat' dir='ltr'><strong>universa</strong></span> <span class='ocrx_word' id='word_1_615' title='bbox 2592 4124 2793 4180; x_wconf 88' lang='lat' dir='ltr'><strong>delicta</strong></span> <span class='ocrx_word' id='word_1_616' title='bbox 2831 4132 2994 4193; x_wconf 89' lang='lat' dir='ltr'><strong>atque</strong></span> <span class='ocrx_word' id='word_1_617' title='bbox 3032 4130 3256 4193; x_wconf 89' lang='lat' dir='ltr'><strong>peccata</strong></span> <span class='ocrx_word' id='word_1_618' title='bbox 3302 4136 3510 4178; x_wconf 90' lang='lat' dir='ltr'><strong>eorum.</strong></span> <span class='ocrx_word' id='word_1_619' title='bbox 3552 4135 3675 4190; x_wconf 79' lang='lat' dir='ltr'><strong>qua:</strong></span> <span class='ocrx_word' id='word_1_620' title='bbox 3707 4118 3811 4172; x_wconf 82' lang='lat' dir='ltr'><strong>im-</strong></span> 
     </span>
    </p>
   </div>
   <div class='ocr_carea' id='block_1_90' title="bbox 2222 4208 3808 4287">
    <p class='ocr_par' dir='ltr' id='par_1_90' title="bbox 2222 4208 3808 4287">
     <span class='ocr_line' id='line_1_90' title="bbox 2222 4208 3808 4287; baseline -0.006 -16"><span class='ocrx_word' id='word_1_621' title='bbox 2222 4232 2453 4287; x_wconf 90' lang='lat' dir='ltr'><strong>precans</strong></span> <span class='ocrx_word' id='word_1_622' title='bbox 2477 4216 2641 4286; x_wconf 89' lang='lat' dir='ltr'><strong>capiti</strong></span> <span class='ocrx_word' id='word_1_623' title='bbox 2678 4215 2793 4285; x_wconf 84' lang='lat' dir='ltr'><strong>ejus</strong></span> <span class='ocrx_word' id='word_1_624' title='bbox 2822 4213 3038 4277; x_wconf 86' lang='lat' dir='ltr'><strong>emittat</strong></span> <span class='ocrx_word' id='word_1_625' title='bbox 3066 4212 3213 4269; x_wconf 92' lang='lat' dir='ltr'><strong>illum</strong></span> <span class='ocrx_word' id='word_1_626' title='bbox 3245 4212 3297 4266; x_wconf 93' lang='lat' dir='ltr'><strong>in</strong></span> <span class='ocrx_word' id='word_1_627' title='bbox 3334 4211 3613 4267; x_wconf 82' lang='lat' dir='ltr'><strong>desertum</strong></span> <span class='ocrx_word' id='word_1_628' title='bbox 3658 4208 3808 4281; x_wconf 70' lang='lat' dir='ltr'><strong>(Lee.</strong></span> 
     </span>
    </p>
   </div>
   <div class='ocr_carea' id='block_1_91' title="bbox 2224 4302 3811 4377">
    <p class='ocr_par' dir='ltr' id='par_1_91' title="bbox 2224 4302 3811 4377">
     <span class='ocr_line' id='line_1_91' title="bbox 2224 4302 3811 4377; baseline -0.003 -18"><span class='ocrx_word' id='word_1_629' title='bbox 2224 4307 2355 4377; x_wconf 76' lang='grc' dir='ltr'><strong>χνι).</strong></span> <span class='ocrx_word' id='word_1_630' title='bbox 2385 4306 2524 4373; x_wconf 86' lang='lat' dir='ltr'><strong>Quid</strong></span> <span class='ocrx_word' id='word_1_631' title='bbox 2550 4313 2634 4361; x_wconf 89' lang='lat' dir='ltr'><strong>est</strong></span> <span class='ocrx_word' id='word_1_632' title='bbox 2660 4314 2841 4360; x_wconf 82' lang='lat' dir='ltr'><strong>autem</strong></span> <span class='ocrx_word' id='word_1_633' title='bbox 2867 4305 3081 4359; x_wconf 86' lang='lat' dir='ltr'><strong>hircum</strong></span> <span class='ocrx_word' id='word_1_634' title='bbox 3126 4302 3342 4372; x_wconf 91' lang='lat' dir='ltr'><strong>utrique</strong></span> <span class='ocrx_word' id='word_1_635' title='bbox 3371 4303 3554 4355; x_wconf 90' lang='lat' dir='ltr'><strong>manui</strong></span> <span class='ocrx_word' id='word_1_636' title='bbox 3586 4302 3811 4370; x_wconf 83' lang='lat' dir='ltr'><strong>pontiﬁ-</strong></span> 
     </span>
    </p>
   </div>
   <div class='ocr_carea' id='block_1_92' title="bbox 2223 4392 3811 4473">
    <p class='ocr_par' dir='ltr' id='par_1_92' title="bbox 2223 4392 3811 4473">
     <span class='ocr_line' id='line_1_92' title="bbox 2223 4392 3811 4473; baseline -0.004 -21"><span class='ocrx_word' id='word_1_637' title='bbox 2223 4398 2301 4452; x_wconf 83' lang='lat' dir='ltr'><strong>cis</strong></span> <span class='ocrx_word' id='word_1_638' title='bbox 2325 4396 2546 4473; x_wconf 73' lang='lat' dir='ltr'><strong>subjici,</strong></span> <span class='ocrx_word' id='word_1_639' title='bbox 2578 4395 2682 4451; x_wconf 92' lang='lat' dir='ltr'><strong>nisi</strong></span> <span class='ocrx_word' id='word_1_640' title='bbox 2714 4395 2882 4450; x_wconf 89' lang='lat' dir='ltr'><strong>ﬁlium</strong></span> <span class='ocrx_word' id='word_1_641' title='bbox 2906 4394 3142 4450; x_wconf 90' lang='lat' dir='ltr'><strong>hominis</strong></span> <span class='ocrx_word' id='word_1_642' title='bbox 3170 4394 3221 4447; x_wconf 91' lang='lat' dir='ltr'><strong>in</strong></span> <span class='ocrx_word' id='word_1_643' title='bbox 3249 4393 3601 4448; x_wconf 88' lang='lat' dir='ltr'><strong>similitudine</strong></span> <span class='ocrx_word' id='word_1_644' title='bbox 3621 4392 3811 4447; x_wconf 88' lang='lat' dir='ltr'><strong>carnis</strong></span> 
     </span>
    </p>
   </div>
   <div class='ocr_carea' id='block_1_93' title="bbox 533 4471 3807 4558">
    <p class='ocr_par' dir='ltr' id='par_1_93' title="bbox 533 4471 3807 4558">
     <span class='ocr_line' id='line_1_93' title="bbox 533 4471 3807 4558; baseline 0 -21"><span class='ocrx_word' id='word_1_645' title='bbox 533 4481 716 4537; x_wconf 89' lang='lat' dir='ltr'><strong>tiendo</strong></span> <span class='ocrx_word' id='word_1_646' title='bbox 740 4480 1092 4541; x_wconf 84' lang='lat' dir='ltr'><strong>misceantur,</strong></span> <span class='ocrx_word' id='word_1_647' title='bbox 1127 4475 1254 4544; x_wconf 87' lang='lat' dir='ltr'><strong>quia</strong></span> <span class='ocrx_word' id='word_1_648' title='bbox 1282 4482 1412 4530; x_wconf 90' lang='lat' dir='ltr'><strong>tunc</strong></span> <span class='ocrx_word' id='word_1_649' title='bbox 1442 4477 1511 4531; x_wconf 90' lang='lat' dir='ltr'><strong>ad</strong></span> <span class='ocrx_word' id='word_1_650' title='bbox 1538 4475 1649 4530; x_wconf 86' lang='lat' dir='ltr'><strong>alta</strong></span> <span class='ocrx_word' id='word_1_651' title='bbox 1686 4477 1927 4534; x_wconf 89' lang='lat' dir='ltr'><strong>cbaritas</strong></span> <span class='ocrx_word' id='word_1_652' title='bbox 1954 4480 2119 4535; x_wconf 87' lang='lat' dir='ltr'><strong>mira-</strong></span> <span class='ocrx_word' id='word_1_653' title='bbox 2142 4471 2196 4531; x_wconf 88' lang='lat' dir='ltr'><strong>D</strong></span> <span class='ocrx_word' id='word_1_654' title='bbox 2225 4490 2429 4558; x_wconf 62' lang='lat' dir='ltr'><strong>peccati</strong></span> <span class='ocrx_word' id='word_1_655' title='bbox 2459 4472 2768 4543; x_wconf 68' lang='lat' dir='ltr'><strong>vcnienmm</strong></span> <span class='ocrx_word' id='word_1_656' title='bbox 2800 4501 2897 4556; x_wconf 74' lang='lat' dir='ltr'><strong>per</strong></span> <span class='ocrx_word' id='word_1_657' title='bbox 2937 4484 3267 4540; x_wconf 77' lang='lat' dir='ltr'><strong>voluntatem</strong></span> <span class='ocrx_word' id='word_1_658' title='bbox 3310 4482 3404 4537; x_wconf 79' lang='lat' dir='ltr'><strong>Dei</strong></span> <span class='ocrx_word' id='word_1_659' title='bbox 3444 4482 3623 4555; x_wconf 83' lang='lat' dir='ltr'><strong>(Rom.</strong></span> <span class='ocrx_word' id='word_1_660' title='bbox 3654 4483 3807 4553; x_wconf 75' lang='lat' dir='ltr'><strong>vni),</strong></span> 
     </span>
    </p>
   </div>
   <div class='ocr_carea' id='block_1_94' title="bbox 532 4565 2110 4639">
    <p class='ocr_par' dir='ltr' id='par_1_94' title="bbox 532 4565 2110 4639">
     <span class='ocr_line' id='line_1_94' title="bbox 532 4565 2110 4639; baseline -0.003 -11"><span class='ocrx_word' id='word_1_661' title='bbox 532 4573 714 4629; x_wconf 92' lang='lat' dir='ltr'><strong>biliter</strong></span> <span class='ocrx_word' id='word_1_662' title='bbox 734 4570 929 4639; x_wconf 88' lang='lat' dir='ltr'><strong>surgit,</strong></span> <span class='ocrx_word' id='word_1_663' title='bbox 953 4582 1076 4622; x_wconf 90' lang='lat' dir='ltr'><strong>cum</strong></span> <span class='ocrx_word' id='word_1_664' title='bbox 1100 4565 1169 4620; x_wconf 92' lang='lat' dir='ltr'><strong>ad</strong></span> <span class='ocrx_word' id='word_1_665' title='bbox 1196 4566 1302 4620; x_wconf 90' lang='lat' dir='ltr'><strong>ima</strong></span> <span class='ocrx_word' id='word_1_666' title='bbox 1329 4566 1699 4635; x_wconf 76' lang='lat' dir='ltr'><strong>proximorum</strong></span> <span class='ocrx_word' id='word_1_667' title='bbox 1721 4583 1780 4622; x_wconf 90' lang='lat' dir='ltr'><strong>se</strong></span> <span class='ocrx_word' id='word_1_668' title='bbox 1802 4569 2110 4624; x_wconf 82' lang='lat' dir='ltr'><strong>misericor-</strong></span> 
     </span>
    </p>
   </div>
   <div class='ocr_carea' id='block_1_95' title="bbox 538 4655 2112 4729">
    <p class='ocr_par' dir='ltr' id='par_1_95' title="bbox 538 4655 2112 4729">
     <span class='ocr_line' id='line_1_95' title="bbox 538 4655 2112 4729; baseline -0.003 -10"><span class='ocrx_word' id='word_1_669' title='bbox 538 4664 683 4719; x_wconf 90' lang='lat' dir='ltr'><strong>diter</strong></span> <span class='ocrx_word' id='word_1_670' title='bbox 713 4658 961 4724; x_wconf 85' lang='lat' dir='ltr'><strong>attrahit,</strong></span> <span class='ocrx_word' id='word_1_671' title='bbox 990 4666 1046 4712; x_wconf 88' lang='lat' dir='ltr'><strong>et</strong></span> <span class='ocrx_word' id='word_1_672' title='bbox 1083 4670 1191 4726; x_wconf 88' lang='lat' dir='ltr'><strong>quo</strong></span> <span class='ocrx_word' id='word_1_673' title='bbox 1217 4655 1450 4727; x_wconf 87' lang='lat' dir='ltr'><strong>benigne</strong></span> <span class='ocrx_word' id='word_1_674' title='bbox 1478 4655 1759 4713; x_wconf 89' lang='lat' dir='ltr'><strong>descendit</strong></span> <span class='ocrx_word' id='word_1_675' title='bbox 1796 4660 1864 4713; x_wconf 92' lang='lat' dir='ltr'><strong>ad</strong></span> <span class='ocrx_word' id='word_1_676' title='bbox 1908 4660 2112 4729; x_wconf 90' lang='lat' dir='ltr'><strong>inﬁma,</strong></span> 
     </span>
    </p>
   </div>
   <div class='ocr_carea' id='block_1_96' title="bbox 532 4748 1394 4809">
    <p class='ocr_par' dir='ltr' id='par_1_96' title="bbox 532 4748 1394 4809">
     <span class='ocr_line' id='line_1_96' title="bbox 532 4748 1394 4809; baseline -0.009 -1"><span class='ocrx_word' id='word_1_677' title='bbox 532 4753 775 4809; x_wconf 84' lang='lat' dir='ltr'><strong>valenter</strong></span> <span class='ocrx_word' id='word_1_678' title='bbox 803 4749 1037 4805; x_wconf 81' lang='lat' dir='ltr'><strong>recurrit</strong></span> <span class='ocrx_word' id='word_1_679' title='bbox 1064 4748 1132 4802; x_wconf 90' lang='lat' dir='ltr'><strong>ad</strong></span> <span class='ocrx_word' id='word_1_680' title='bbox 1159 4762 1394 4802; x_wconf 91' lang='lat' dir='ltr'><strong>summa.</strong></span> 
     </span>
    </p>
   </div>
   <div class='ocr_carea' id='block_1_97' title="bbox 1158 4858 1489 4915">
    <p class='ocr_par' dir='ltr' id='par_1_97' title="bbox 1158 4858 1489 4915">
     <span class='ocr_line' id='line_1_97' title="bbox 1158 4858 1489 4915; baseline -0.003 0"><span class='ocrx_word' id='word_1_681' title='bbox 1158 4858 1387 4915; x_wconf 83' lang='lat' dir='ltr'><strong>CAPUT</strong></span> <span class='ocrx_word' id='word_1_682' title='bbox 1426 4859 1489 4914; x_wconf 84' lang='lat' dir='ltr'><strong>V.</strong></span> 
     </span>
    </p>
   </div>
   <div class='ocr_carea' id='block_1_98' title="bbox 529 4974 2111 5051">
    <p class='ocr_par' dir='ltr' id='par_1_98' title="bbox 529 4974 2111 5051">
     <span class='ocr_line' id='line_1_98' title="bbox 529 4974 2111 5051; baseline 0 -18"><span class='ocrx_word' id='word_1_683' title='bbox 529 4978 597 5033; x_wconf 82' lang='lat' dir='ltr'><strong>In</strong></span> <span class='ocrx_word' id='word_1_684' title='bbox 632 4978 855 5050; x_wconf 84' lang='lat' dir='ltr'><strong>cpistola</strong></span> <span class='ocrx_word' id='word_1_685' title='bbox 904 4976 973 5051; x_wconf 76' lang='lat' dir='ltr'><strong>nd</strong></span> <span class='ocrx_word' id='word_1_686' title='bbox 1012 4974 1355 5051; x_wconf 65' lang='lat' dir='ltr'><strong>Canibertum</strong></span> <span class='ocrx_word' id='word_1_687' title='bbox 1394 4974 1768 5051; x_wconf 66' lang='lat' dir='ltr'><strong>Taurinrnsem</strong></span> <span class='ocrx_word' id='word_1_688' title='bbox 1792 4979 2111 5051; x_wconf 82' lang='lat' dir='ltr'><strong>episcopum,</strong></span> 
     </span>
    </p>
   </div>
   <div class='ocr_carea' id='block_1_99' title="bbox 897 5046 1746 5101">
    <p class='ocr_par' dir='ltr' id='par_1_99' title="bbox 897 5046 1746 5101">
     <span class='ocr_line' id='line_1_99' title="bbox 897 5046 1746 5101; baseline 0.002 -2"><span class='ocrx_word' id='word_1_689' title='bbox 897 5048 961 5100; x_wconf 74' lang='lat' dir='ltr'><strong>tie</strong></span> <span class='ocrx_word' id='word_1_690' title='bbox 1007 5046 1383 5099; x_wconf 81' lang='lat' dir='ltr'><strong>incontinentia</strong></span> <span class='ocrx_word' id='word_1_691' title='bbox 1415 5046 1746 5101; x_wconf 78' lang='lat' dir='ltr'><strong>clericorum.</strong></span> 
     </span>
    </p>
   </div>
   <div class='ocr_carea' id='block_1_100' title="bbox 607 5137 2115 5209">
    <p class='ocr_par' dir='ltr' id='par_1_100' title="bbox 607 5137 2115 5209">
     <span class='ocr_line' id='line_1_100' title="bbox 607 5137 2115 5209; baseline 0.005 -16"><span class='ocrx_word' id='word_1_692' title='bbox 607 5160 625 5193; x_wconf 73' lang='grc' dir='ltr'>ι</span> <span class='ocrx_word' id='word_1_693' title='bbox 673 5141 917 5209; x_wconf 83' lang='lat' dir='ltr'><strong>Arreptis</strong></span> <span class='ocrx_word' id='word_1_694' title='bbox 950 5138 1136 5193; x_wconf 79' lang='lat' dir='ltr'><strong>Nadab</strong></span> <span class='ocrx_word' id='word_1_695' title='bbox 1175 5146 1231 5192; x_wconf 87' lang='lat' dir='ltr'><strong>et</strong></span> <span class='ocrx_word' id='word_1_696' title='bbox 1271 5137 1432 5201; x_wconf 82' lang='lat' dir='ltr'><strong>Abiu,</strong></span> <span class='ocrx_word' id='word_1_697' title='bbox 1463 5138 1559 5192; x_wconf 86' lang='lat' dir='ltr'><strong>ﬁlii</strong></span> <span class='ocrx_word' id='word_1_698' title='bbox 1588 5140 1791 5206; x_wconf 84' lang='lat' dir='ltr'><strong>Aaron,</strong></span> <span class='ocrx_word' id='word_1_699' title='bbox 1828 5142 2115 5201; x_wconf 86' lang='lat' dir='ltr'><strong>tburibulis</strong></span> 
     </span>
    </p>
   </div>
   <div class='ocr_carea' id='block_1_101' title="bbox 528 5229 2119 5301">
    <p class='ocr_par' dir='ltr' id='par_1_101' title="bbox 528 5229 2119 5301">
     <span class='ocr_line' id='line_1_101' title="bbox 528 5229 2119 5301; baseline 0.003 -16"><span class='ocrx_word' id='word_1_700' title='bbox 528 5232 663 5296; x_wconf 88' lang='lat' dir='ltr'><strong>suis,</strong></span> <span class='ocrx_word' id='word_1_701' title='bbox 695 5239 989 5298; x_wconf 88' lang='lat' dir='ltr'><strong>posuerunt</strong></span> <span class='ocrx_word' id='word_1_702' title='bbox 1012 5230 1187 5301; x_wconf 77' lang='lat' dir='ltr'><strong>ignem</strong></span> <span class='ocrx_word' id='word_1_703' title='bbox 1218 5237 1273 5282; x_wconf 91' lang='lat' dir='ltr'><strong>et</strong></span> <span class='ocrx_word' id='word_1_704' title='bbox 1298 5229 1580 5283; x_wconf 85' lang='lat' dir='ltr'><strong>incensum</strong></span> <span class='ocrx_word' id='word_1_705' title='bbox 1606 5231 1857 5301; x_wconf 85' lang='lat' dir='ltr'><strong>desuper,</strong></span> <span class='ocrx_word' id='word_1_706' title='bbox 1886 5233 2119 5290; x_wconf 80' lang='lat' dir='ltr'><strong>oﬁ&#39;eren-</strong></span> 
     </span>
    </p>
   </div>
   <div class='ocr_carea' id='block_1_102' title="bbox 528 5318 2113 5394">
    <p class='ocr_par' dir='ltr' id='par_1_102' title="bbox 528 5318 2113 5394">
     <span class='ocr_line' id='line_1_102' title="bbox 528 5318 2113 5394; baseline 0.003 -18"><span class='ocrx_word' id='word_1_707' title='bbox 528 5334 611 5378; x_wconf 89' lang='lat' dir='ltr'><strong>tes</strong></span> <span class='ocrx_word' id='word_1_708' title='bbox 639 5337 820 5376; x_wconf 88' lang='lat' dir='ltr'><strong>coram</strong></span> <span class='ocrx_word' id='word_1_709' title='bbox 861 5321 1090 5376; x_wconf 89' lang='lat' dir='ltr'><strong>Domino</strong></span> <span class='ocrx_word' id='word_1_710' title='bbox 1129 5321 1306 5390; x_wconf 87' lang='lat' dir='ltr'><strong>ignem</strong></span> <span class='ocrx_word' id='word_1_711' title='bbox 1336 5318 1593 5385; x_wconf 86' lang='lat' dir='ltr'><strong>alienum,</strong></span> <span class='ocrx_word' id='word_1_712' title='bbox 1628 5324 1773 5391; x_wconf 90' lang='lat' dir='ltr'><strong>quod</strong></span> <span class='ocrx_word' id='word_1_713' title='bbox 1801 5325 1882 5380; x_wconf 87' lang='lat' dir='ltr'><strong>eis</strong></span> <span class='ocrx_word' id='word_1_714' title='bbox 1912 5342 2113 5394; x_wconf 68' lang='lat' dir='ltr'><strong>prrece-</strong></span> 
     </span>
    </p>
   </div>
   <div class='ocr_carea' id='block_1_103' title="bbox 528 5416 2112 5487">
    <p class='ocr_par' dir='ltr' id='par_1_103' title="bbox 528 5416 2112 5487">
     <span class='ocr_line' id='line_1_103' title="bbox 528 5416 2112 5487; baseline 0.004 -20"><span class='ocrx_word' id='word_1_715' title='bbox 528 5425 679 5487; x_wconf 85' lang='lat' dir='ltr'><strong>ptum</strong></span> <span class='ocrx_word' id='word_1_716' title='bbox 711 5429 818 5468; x_wconf 90' lang='lat' dir='ltr'><strong>non</strong></span> <span class='ocrx_word' id='word_1_717' title='bbox 844 5424 987 5477; x_wconf 86' lang='lat' dir='ltr'><strong>crat;</strong></span> <span class='ocrx_word' id='word_1_718' title='bbox 1028 5429 1386 5484; x_wconf 85' lang='lat' dir='ltr'><strong>egressusque</strong></span> <span class='ocrx_word' id='word_1_719' title='bbox 1415 5424 1501 5470; x_wconf 89' lang='lat' dir='ltr'><strong>est</strong></span> <span class='ocrx_word' id='word_1_720' title='bbox 1548 5416 1687 5487; x_wconf 85' lang='lat' dir='ltr'><strong>ignis</strong></span> <span class='ocrx_word' id='word_1_721' title='bbox 1728 5433 1758 5470; x_wconf 86' lang='lat' dir='ltr'><strong>a</strong></span> <span class='ocrx_word' id='word_1_722' title='bbox 1801 5418 2027 5472; x_wconf 77' lang='lat' dir='ltr'><strong>Domino</strong></span> <span class='ocrx_word' id='word_1_723' title='bbox 2058 5428 2112 5474; x_wconf 87' lang='lat' dir='ltr'><strong>et</strong></span> 
     </span>
    </p>
   </div>
   <div class='ocr_carea' id='block_1_104' title="bbox 528 5505 2103 5579">
    <p class='ocr_par' dir='ltr' id='par_1_104' title="bbox 528 5505 2103 5579">
     <span class='ocr_line' id='line_1_104' title="bbox 528 5505 2103 5579; baseline -0.001 -16"><span class='ocrx_word' id='word_1_724' title='bbox 528 5507 806 5563; x_wconf 83' lang='lat' dir='ltr'><strong>devoravit</strong></span> <span class='ocrx_word' id='word_1_725' title='bbox 837 5522 954 5569; x_wconf 89' lang='lat' dir='ltr'><strong>eos,</strong></span> <span class='ocrx_word' id='word_1_726' title='bbox 987 5514 1039 5560; x_wconf 89' lang='lat' dir='ltr'><strong>et</strong></span> <span class='ocrx_word' id='word_1_727' title='bbox 1074 5505 1274 5559; x_wconf 89' lang='lat' dir='ltr'><strong>mortui</strong></span> <span class='ocrx_word' id='word_1_728' title='bbox 1316 5516 1443 5560; x_wconf 88' lang='lat' dir='ltr'><strong>sunt</strong></span> <span class='ocrx_word' id='word_1_729' title='bbox 1477 5521 1659 5562; x_wconf 84' lang='lat' dir='ltr'><strong>coram</strong></span> <span class='ocrx_word' id='word_1_730' title='bbox 1703 5508 1929 5564; x_wconf 89' lang='lat' dir='ltr'><strong>Domino</strong></span> <span class='ocrx_word' id='word_1_731' title='bbox 1963 5509 2103 5579; x_wconf 72' lang='lat' dir='ltr'><strong>(Leu.</strong></span> 
     </span>
    </p>
   </div>
   <div class='ocr_carea' id='block_1_105' title="bbox 524 5597 2113 5668">
    <p class='ocr_par' dir='ltr' id='par_1_105' title="bbox 524 5597 2113 5668">
     <span class='ocr_line' id='line_1_105' title="bbox 524 5597 2113 5668; baseline 0.001 -13"><span class='ocrx_word' id='word_1_732' title='bbox 524 5601 604 5663; x_wconf 74' lang='grc' dir='ltr'><strong>ι).</strong></span> <span class='ocrx_word' id='word_1_733' title='bbox 645 5618 663 5651; x_wconf 72' lang='grc' dir='ltr'>ι</span> <span class='ocrx_word' id='word_1_734' title='bbox 698 5597 836 5665; x_wconf 84' lang='lat' dir='ltr'><strong>Quid</strong></span> <span class='ocrx_word' id='word_1_735' title='bbox 857 5606 940 5651; x_wconf 88' lang='lat' dir='ltr'><strong>est</strong></span> <span class='ocrx_word' id='word_1_736' title='bbox 966 5597 1111 5651; x_wconf 88' lang='lat' dir='ltr'><strong>enim</strong></span> <span class='ocrx_word' id='word_1_737' title='bbox 1140 5597 1375 5652; x_wconf 87' lang='lat' dir='ltr'><strong>alienmn</strong></span> <span class='ocrx_word' id='word_1_738' title='bbox 1401 5598 1581 5668; x_wconf 83' lang='lat' dir='ltr'><strong>ignem</strong></span> <span class='ocrx_word' id='word_1_739' title='bbox 1606 5599 1835 5654; x_wconf 89' lang='lat' dir='ltr'><strong>Domino</strong></span> <span class='ocrx_word' id='word_1_740' title='bbox 1858 5603 2113 5656; x_wconf 70' lang='lat' dir='ltr'><strong>sacerdo-</strong></span> 
     </span>
    </p>
   </div>
   <div class='ocr_carea' id='block_1_106' title="bbox 542 5687 2104 5757">
    <p class='ocr_par' dir='ltr' id='par_1_106' title="bbox 542 5687 2104 5757">
     <span class='ocr_line' id='line_1_106' title="bbox 542 5687 2104 5757; baseline 0.001 -12"><span class='ocrx_word' id='word_1_741' title='bbox 542 5702 622 5747; x_wconf 87' lang='lat' dir='ltr'><strong>tes</strong></span> <span class='ocrx_word' id='word_1_742' title='bbox 648 5687 868 5757; x_wconf 84' lang='lat' dir='ltr'><strong>oﬁ‘erre,</strong></span> <span class='ocrx_word' id='word_1_743' title='bbox 903 5687 1003 5743; x_wconf 76' lang='lat' dir='ltr'><strong>nisi</strong></span> <span class='ocrx_word' id='word_1_744' title='bbox 1043 5688 1236 5743; x_wconf 84' lang='lat' dir='ltr'><strong>ardere</strong></span> <span class='ocrx_word' id='word_1_745' title='bbox 1266 5688 1502 5744; x_wconf 91' lang='lat' dir='ltr'><strong>libidinis</strong></span> <span class='ocrx_word' id='word_1_746' title='bbox 1544 5688 1904 5747; x_wconf 83' lang='lat' dir='ltr'><strong>inﬂammatos</strong></span> <span class='ocrx_word' id='word_1_747' title='bbox 1927 5707 2104 5748; x_wconf 84' lang='lat' dir='ltr'><strong>sacro-</strong></span> 
     </span>
    </p>
   </div>
   <div class='ocr_carea' id='block_1_107' title="bbox 2225 4575 3815 4648">
    <p class='ocr_par' dir='ltr' id='par_1_107' title="bbox 2225 4575 3815 4648">
     <span class='ocr_line' id='line_1_107' title="bbox 2225 4575 3815 4648; baseline -0.002 -15"><span class='ocrx_word' id='word_1_748' title='bbox 2225 4581 2505 4648; x_wconf 87' lang='lat' dir='ltr'><strong>utriusque</strong></span> <span class='ocrx_word' id='word_1_749' title='bbox 2534 4579 2740 4648; x_wconf 88' lang='lat' dir='ltr'><strong>populi,</strong></span> <span class='ocrx_word' id='word_1_750' title='bbox 2769 4578 2978 4632; x_wconf 84' lang='lat' dir='ltr'><strong>.Iudaici</strong></span> <span class='ocrx_word' id='word_1_751' title='bbox 3022 4577 3273 4631; x_wconf 88' lang='lat' dir='ltr'><strong>videlicet</strong></span> <span class='ocrx_word' id='word_1_752' title='bbox 3309 4584 3363 4630; x_wconf 91' lang='lat' dir='ltr'><strong>et</strong></span> <span class='ocrx_word' id='word_1_753' title='bbox 3400 4575 3640 4646; x_wconf 88' lang='lat' dir='ltr'><strong>gentilis,</strong></span> <span class='ocrx_word' id='word_1_754' title='bbox 3683 4590 3815 4647; x_wconf 88' lang='lat' dir='ltr'><strong>per-</strong></span> 
     </span>
    </p>
   </div>
   <div class='ocr_carea' id='block_1_108' title="bbox 2221 4665 3813 4744">
    <p class='ocr_par' dir='ltr' id='par_1_108' title="bbox 2221 4665 3813 4744">
     <span class='ocr_line' id='line_1_108' title="bbox 2221 4665 3813 4744; baseline -0.003 -17"><span class='ocrx_word' id='word_1_755' title='bbox 2221 4674 2498 4728; x_wconf 86' lang='lat' dir='ltr'><strong>secutione</strong></span> <span class='ocrx_word' id='word_1_756' title='bbox 2525 4672 2775 4744; x_wconf 87' lang='lat' dir='ltr'><strong>gravari?</strong></span> <span class='ocrx_word' id='word_1_757' title='bbox 2799 4670 2970 4725; x_wconf 90' lang='lat' dir='ltr'><strong>Plane</strong></span> <span class='ocrx_word' id='word_1_758' title='bbox 3012 4669 3295 4738; x_wconf 88' lang='lat' dir='ltr'><strong>utriusque</strong></span> <span class='ocrx_word' id='word_1_759' title='bbox 3336 4683 3395 4723; x_wconf 90' lang='lat' dir='ltr'><strong>se</strong></span> <span class='ocrx_word' id='word_1_760' title='bbox 3428 4665 3599 4721; x_wconf 90' lang='lat' dir='ltr'><strong>voluit</strong></span> <span class='ocrx_word' id='word_1_761' title='bbox 3632 4670 3813 4724; x_wconf 85' lang='lat' dir='ltr'><strong>mani-</strong></span> 
     </span>
    </p>
   </div>
   <div class='ocr_carea' id='block_1_109' title="bbox 2220 4759 3849 4834">
    <p class='ocr_par' dir='ltr' id='par_1_109' title="bbox 2220 4759 3849 4834">
     <span class='ocr_line' id='line_1_109' title="bbox 2220 4759 3849 4834; baseline -0.001 -16"><span class='ocrx_word' id='word_1_762' title='bbox 2220 4764 2322 4820; x_wconf 88' lang='lat' dir='ltr'><strong>bus</strong></span> <span class='ocrx_word' id='word_1_763' title='bbox 2353 4764 2583 4820; x_wconf 86' lang='lat' dir='ltr'><strong>subdere</strong></span> <span class='ocrx_word' id='word_1_764' title='bbox 2621 4764 2713 4834; x_wconf 88' lang='lat' dir='ltr'><strong>qui</strong></span> <span class='ocrx_word' id='word_1_765' title='bbox 2740 4763 2805 4818; x_wconf 90' lang='lat' dir='ltr'><strong>de</strong></span> <span class='ocrx_word' id='word_1_766' title='bbox 2831 4761 2960 4831; x_wconf 82' lang='lat' dir='ltr'><strong>jugo</strong></span> <span class='ocrx_word' id='word_1_767' title='bbox 3005 4759 3201 4815; x_wconf 89' lang='lat' dir='ltr'><strong>diaboli</strong></span> <span class='ocrx_word' id='word_1_768' title='bbox 3245 4768 3536 4829; x_wconf 90' lang='lat' dir='ltr'><strong>utrumque</strong></span> <span class='ocrx_word' id='word_1_769' title='bbox 3578 4769 3849 4816; x_wconf 84' lang='lat' dir='ltr'><strong>venerat.</strong></span> 
     </span>
    </p>
   </div>
   <div class='ocr_carea' id='block_1_110' title="bbox 2221 4849 3811 4925">
    <p class='ocr_par' dir='ltr' id='par_1_110' title="bbox 2221 4849 3811 4925">
     <span class='ocr_line' id='line_1_110' title="bbox 2221 4849 3811 4925; baseline -0.001 -19"><span class='ocrx_word' id='word_1_770' title='bbox 2221 4854 2475 4925; x_wconf 86' lang='lat' dir='ltr'><strong>populum</strong></span> <span class='ocrx_word' id='word_1_771' title='bbox 2517 4854 2772 4910; x_wconf 88' lang='lat' dir='ltr'><strong>liberare.</strong></span> <span class='ocrx_word' id='word_1_772' title='bbox 2803 4852 2942 4919; x_wconf 87' lang='lat' dir='ltr'><strong>Quid</strong></span> <span class='ocrx_word' id='word_1_773' title='bbox 2970 4866 3102 4906; x_wconf 87' lang='lat' dir='ltr'><strong>vero</strong></span> <span class='ocrx_word' id='word_1_774' title='bbox 3123 4858 3209 4905; x_wconf 89' lang='lat' dir='ltr'><strong>est</strong></span> <span class='ocrx_word' id='word_1_775' title='bbox 3233 4849 3401 4920; x_wconf 86' lang='lat' dir='ltr'><strong>quod,</strong></span> <span class='ocrx_word' id='word_1_776' title='bbox 3440 4857 3562 4918; x_wconf 90' lang='lat' dir='ltr'><strong>post</strong></span> <span class='ocrx_word' id='word_1_777' title='bbox 3585 4849 3811 4905; x_wconf 77' lang='lat' dir='ltr'><strong>confes-</strong></span> 
     </span>
    </p>
   </div>
   <div class='ocr_carea' id='block_1_111' title="bbox 2222 4939 3806 5013">
    <p class='ocr_par' dir='ltr' id='par_1_111' title="bbox 2222 4939 3806 5013">
     <span class='ocr_line' id='line_1_111' title="bbox 2222 4939 3806 5013; baseline -0.001 -16"><span class='ocrx_word' id='word_1_778' title='bbox 2222 4944 2429 4999; x_wconf 90' lang='lat' dir='ltr'><strong>sionem</strong></span> <span class='ocrx_word' id='word_1_779' title='bbox 2474 4953 2637 5013; x_wconf 90' lang='lat' dir='ltr'><strong>atque</strong></span> <span class='ocrx_word' id='word_1_780' title='bbox 2676 4941 3118 5011; x_wconf 86' lang='lat' dir='ltr'><strong>imprecationem</strong></span> <span class='ocrx_word' id='word_1_781' title='bbox 3154 4939 3400 4994; x_wconf 88' lang='lat' dir='ltr'><strong>omnium</strong></span> <span class='ocrx_word' id='word_1_782' title='bbox 3449 4940 3806 5008; x_wconf 80' lang='lat' dir='ltr'><strong>iniquitatum</strong></span> 
     </span>
    </p>
   </div>
   <div class='ocr_carea' id='block_1_112' title="bbox 2223 5031 3806 5106">
    <p class='ocr_par' dir='ltr' id='par_1_112' title="bbox 2223 5031 3806 5106">
     <span class='ocr_line' id='line_1_112' title="bbox 2223 5031 3806 5106; baseline -0.004 -14"><span class='ocrx_word' id='word_1_783' title='bbox 2223 5037 2457 5093; x_wconf 88' lang='lat' dir='ltr'><strong>ﬁliorum</strong></span> <span class='ocrx_word' id='word_1_784' title='bbox 2484 5034 2649 5090; x_wconf 89' lang='lat' dir='ltr'><strong>Israel</strong></span> <span class='ocrx_word' id='word_1_785' title='bbox 2674 5048 2839 5106; x_wconf 86' lang='lat' dir='ltr'><strong>super</strong></span> <span class='ocrx_word' id='word_1_786' title='bbox 2864 5034 3040 5104; x_wconf 85' lang='lat' dir='ltr'><strong>capita</strong></span> <span class='ocrx_word' id='word_1_787' title='bbox 3074 5033 3215 5105; x_wconf 89' lang='lat' dir='ltr'><strong>ejus,</strong></span> <span class='ocrx_word' id='word_1_788' title='bbox 3258 5031 3447 5087; x_wconf 88' lang='lat' dir='ltr'><strong>hircus</strong></span> <span class='ocrx_word' id='word_1_789' title='bbox 3479 5032 3720 5087; x_wconf 90' lang='lat' dir='ltr'><strong>mittitur</strong></span> <span class='ocrx_word' id='word_1_790' title='bbox 3750 5032 3806 5085; x_wconf 92' lang='lat' dir='ltr'><strong>in</strong></span> 
     </span>
    </p>
   </div>
   <div class='ocr_carea' id='block_1_113' title="bbox 2220 5123 3807 5199">
    <p class='ocr_par' dir='ltr' id='par_1_113' title="bbox 2220 5123 3807 5199">
     <span class='ocr_line' id='line_1_113' title="bbox 2220 5123 3807 5199; baseline -0.006 -14"><span class='ocrx_word' id='word_1_791' title='bbox 2220 5131 2520 5195; x_wconf 89' lang='lat' dir='ltr'><strong>desertum,</strong></span> <span class='ocrx_word' id='word_1_792' title='bbox 2560 5129 2663 5184; x_wconf 92' lang='lat' dir='ltr'><strong>nisi</strong></span> <span class='ocrx_word' id='word_1_793' title='bbox 2704 5128 2830 5199; x_wconf 90' lang='lat' dir='ltr'><strong>quia</strong></span> <span class='ocrx_word' id='word_1_794' title='bbox 2862 5126 2907 5183; x_wconf 88' lang='lat' dir='ltr'><strong>is</strong></span> <span class='ocrx_word' id='word_1_795' title='bbox 2947 5126 3038 5199; x_wconf 87' lang='lat' dir='ltr'><strong>qui</strong></span> <span class='ocrx_word' id='word_1_796' title='bbox 3080 5133 3303 5194; x_wconf 89' lang='lat' dir='ltr'><strong>peccata</strong></span> <span class='ocrx_word' id='word_1_797' title='bbox 3329 5132 3516 5179; x_wconf 91' lang='lat' dir='ltr'><strong>nostra</strong></span> <span class='ocrx_word' id='word_1_798' title='bbox 3544 5123 3807 5192; x_wconf 87' lang='lat' dir='ltr'><strong>portavit,</strong></span> 
     </span>
    </p>
   </div>
   <div class='ocr_carea' id='block_1_114' title="bbox 2220 5216 3805 5293">
    <p class='ocr_par' dir='ltr' id='par_1_114' title="bbox 2220 5216 3805 5293">
     <span class='ocr_line' id='line_1_114' title="bbox 2220 5216 3805 5293; baseline -0.004 -17"><span class='ocrx_word' id='word_1_799' title='bbox 2220 5224 2310 5292; x_wconf 91' lang='lat' dir='ltr'><strong>qui</strong></span> <span class='ocrx_word' id='word_1_800' title='bbox 2356 5221 2494 5293; x_wconf 89' lang='lat' dir='ltr'><strong>legis</strong></span> <span class='ocrx_word' id='word_1_801' title='bbox 2525 5221 2808 5278; x_wconf 87' lang='lat' dir='ltr'><strong>maledicta</strong></span> <span class='ocrx_word' id='word_1_802' title='bbox 2838 5218 3114 5279; x_wconf 85' lang='lat' dir='ltr'><strong>sustinuit,</strong></span> <span class='ocrx_word' id='word_1_803' title='bbox 3145 5217 3394 5287; x_wconf 88' lang='lat' dir='ltr'><strong>protinus</strong></span> <span class='ocrx_word' id='word_1_804' title='bbox 3418 5216 3471 5269; x_wconf 91' lang='lat' dir='ltr'><strong>in</strong></span> <span class='ocrx_word' id='word_1_805' title='bbox 3496 5216 3805 5279; x_wconf 86' lang='lat' dir='ltr'><strong>desertum,</strong></span> 
     </span>
    </p>
   </div>
   <div class='ocr_carea' id='block_1_115' title="bbox 2218 5307 3807 5384">
    <p class='ocr_par' dir='ltr' id='par_1_115' title="bbox 2218 5307 3807 5384">
     <span class='ocr_line' id='line_1_115' title="bbox 2218 5307 3807 5384; baseline -0.004 -16"><span class='ocrx_word' id='word_1_806' title='bbox 2218 5314 2309 5369; x_wconf 90' lang='lat' dir='ltr'><strong>ubi</strong></span> <span class='ocrx_word' id='word_1_807' title='bbox 2334 5315 2629 5384; x_wconf 79' lang='lat' dir='ltr'><strong>nonaginta</strong></span> <span class='ocrx_word' id='word_1_808' title='bbox 2661 5327 2855 5369; x_wconf 86' lang='lat' dir='ltr'><strong>novem</strong></span> <span class='ocrx_word' id='word_1_809' title='bbox 2886 5311 3202 5379; x_wconf 81' lang='lat' dir='ltr'><strong>reliquerat,</strong></span> <span class='ocrx_word' id='word_1_810' title='bbox 3240 5323 3397 5365; x_wconf 83' lang='lat' dir='ltr'><strong>ovem</strong></span> <span class='ocrx_word' id='word_1_811' title='bbox 3443 5307 3807 5363; x_wconf 78' lang='lat' dir='ltr'><strong>centesimam</strong></span> 
     </span>
    </p>
   </div>
   <div class='ocr_carea' id='block_1_116' title="bbox 2220 5395 3810 5476">
    <p class='ocr_par' dir='ltr' id='par_1_116' title="bbox 2220 5395 3810 5476">
     <span class='ocr_line' id='line_1_116' title="bbox 2220 5395 3810 5476; baseline -0.008 -15"><span class='ocrx_word' id='word_1_812' title='bbox 2220 5405 2550 5476; x_wconf 76' lang='lat' dir='ltr'><strong>reportavit?</strong></span> <span class='ocrx_word' id='word_1_813' title='bbox 2579 5402 2796 5474; x_wconf 76' lang='lat' dir='ltr'><strong>(Matth.</strong></span> <span class='ocrx_word' id='word_1_814' title='bbox 2829 5403 3010 5468; x_wconf 78' lang='lat' dir='ltr'><strong>xvm.)</strong></span> <span class='ocrx_word' id='word_1_815' title='bbox 3045 5399 3197 5455; x_wconf 85' lang='lat' dir='ltr'><strong>Unde</strong></span> <span class='ocrx_word' id='word_1_816' title='bbox 3224 5407 3280 5454; x_wconf 87' lang='lat' dir='ltr'><strong>et</strong></span> <span class='ocrx_word' id='word_1_817' title='bbox 3313 5397 3603 5468; x_wconf 85' lang='lat' dir='ltr'><strong>Apostolus</strong></span> <span class='ocrx_word' id='word_1_818' title='bbox 3631 5415 3646 5451; x_wconf 92' lang='lat'><strong>:</strong></span> <span class='ocrx_word' id='word_1_819' title='bbox 3682 5416 3701 5447; x_wconf 72' lang='grc' dir='ltr'>α</span> <span class='ocrx_word' id='word_1_820' title='bbox 3735 5395 3810 5453; x_wconf 82' lang='lat' dir='ltr'><strong>Ut</strong></span> 
     </span>
    </p>
   </div>
   <div class='ocr_carea' id='block_1_117' title="bbox 2219 5487 3811 5566">
    <p class='ocr_par' dir='ltr' id='par_1_117' title="bbox 2219 5487 3811 5566">
     <span class='ocr_line' id='line_1_117' title="bbox 2219 5487 3811 5566; baseline -0.004 -16"><span class='ocrx_word' id='word_1_821' title='bbox 2219 5512 2339 5560; x_wconf 87' lang='lat' dir='ltr'><strong>nos,</strong></span> <span class='ocrx_word' id='word_1_822' title='bbox 2383 5497 2575 5566; x_wconf 89' lang='lat' dir='ltr'><strong>inquit,</strong></span> <span class='ocrx_word' id='word_1_823' title='bbox 2622 5496 2882 5550; x_wconf 82' lang='lat' dir='ltr'><strong>liberaret</strong></span> <span class='ocrx_word' id='word_1_824' title='bbox 2913 5508 2944 5547; x_wconf 87' lang='lat' dir='ltr'><strong>a</strong></span> <span class='ocrx_word' id='word_1_825' title='bbox 2982 5491 3292 5556; x_wconf 88' lang='lat' dir='ltr'><strong>maledicto,</strong></span> <span class='ocrx_word' id='word_1_826' title='bbox 3337 5490 3453 5560; x_wconf 87' lang='lat' dir='ltr'><strong>ipse</strong></span> <span class='ocrx_word' id='word_1_827' title='bbox 3504 5487 3682 5544; x_wconf 80' lang='lat' dir='ltr'><strong>factus</strong></span> <span class='ocrx_word' id='word_1_828' title='bbox 3722 5495 3811 5543; x_wconf 82' lang='lat' dir='ltr'><strong>est</strong></span> 
     </span>
    </p>
   </div>
   <div class='ocr_carea' id='block_1_118' title="bbox 2222 5585 2940 5656">
    <p class='ocr_par' dir='ltr' id='par_1_118' title="bbox 2222 5585 2940 5656">
     <span class='ocr_line' id='line_1_118' title="bbox 2222 5585 2940 5656; baseline -0.008 -15"><span class='ocrx_word' id='word_1_829' title='bbox 2222 5586 2565 5643; x_wconf 68' lang='lat' dir='ltr'><strong>maledictum</strong></span> <span class='ocrx_word' id='word_1_830' title='bbox 2594 5585 2737 5656; x_wconf 75' lang='lat' dir='ltr'><strong>(Gal.</strong></span> <span class='ocrx_word' id='word_1_831' title='bbox 2774 5586 2879 5656; x_wconf 81' lang='grc' dir='ltr'><strong>ιιι).</strong></span> <span class='ocrx_word' id='word_1_832' title='bbox 2922 5603 2940 5635; x_wconf 73' lang='grc' dir='ltr'><strong>ι</strong></span> 
     </span>
    </p>
   </div>
  </div>
