4078 6336
313 360 452 415 MSS

897 468 1122 528 CAPUT
1166 468 1294 527 VIII.

310 561 394 616 Ad
430 559 773 619 Cunibes‘tum
799 560 1174 617 Taurineusem
1203 563 1526 633 episcopum,
1566 561 1632 616 de
1667 561 1894 618 inconti-

809 634 1008 688 nentia
1036 633 1366 686 clericorum.

385 761 406 795 ι
448 743 621 798 Omne
680 743 882 813 animal
929 743 1071 813 quod
1109 742 1195 798 vel
1243 740 1514 808 contritis,
1559 742 1646 799 vel
1693 742 1889 809 tunsis,

307 832 394 888 vel
423 833 590 888 sectis
625 802 1235 902 ablatﬁqueaesticulis
1271 841 1375 899 est,
1419 833 1573 903 121
1611 848 1717 888 non
1755 831 1892 888 οπε-

308 923 439 980 retis
464 922 693 978 Domino
713 920 1059 994 (Lernam).
1096 941 1116 975 ι
1149 921 1322 979 Porro
1344 923 1392 978 si
1418 932 1569 978 tanto
1598 923 1742 978 Deus
1764 923 1890 978 odio

304 1014 469 1071 habet
513 986 963 1070 sterilitatem.in
1014 986 1343 1069 animalibus
1385 1013 1583 1080 brutis,
1623 1028 1746 1083 qua:
1787 1011 1890 1068 sibi

303 1119 406 1176 per
425 1096 763 1161 sacerdoiale
789 1103 1154 1159 ministerium
1189 1102 1510 1168 offeruntur,
1535 1111 1740 1174 quanto
1771 1117 1891 1156 ma-

417 1195 558 1249 hanc
583 1202 907 1264 aspernatur
942 1194 995 1249 in
1027 1194 1419 1260 sacerdotibus,
1449 1194 1540 1263 qui
1573 1193 1674 1248 sibi
1715 1192 1890 1247 sacri-

307 1285 489 1341 ﬁcium
513 1283 768 1350 oﬁ‘erunt,
798 1285 1052 1340 nimirum
1077 1293 1158 1350 ut,
1189 1285 1329 1340 sicut
1355 1283 1410 1338 in
1433 1284 1540 1338 illis
1566 1283 1707 1339 fetus
1721 1283 1892 1353 exigi-

306 1387 394 1431 tur
417 1376 620 1441 carnis,
649 1377 722 1430 ita
749 1377 1060 1433 sacerdotes
1087 1377 1140 1431 in
1169 1371 1303 1432 alios
1327 1376 1657 1450 propagines
1689 1376 1890 1447 germi-

309 1476 441 1522 nent
465 1467 747 1522 castitatis.

930 1560 1146 1617 TAPUT
1186 1556 1279 1618 IX.

658 1650 726 1707 In
772 1669 1009 1707 sermone
1036 1654 1092 1707 in
1120 1669 1265 1707 cwna
1293 1650 1528 1708 Domini.

377 1760 396 1793 ε
425 1739 666 1812 Praecipe
699 1742 824 1797 ﬁliis
851 1741 1046 1807 Israel,
1073 1742 1148 1798 ait
1177 1742 1437 1798 Dominus
1461 1743 1530 1798 ad
1559 1742 1802 1815 Moysen,
1829 1752 1890 1798 ut

1607 356 1677 414 IN
1710 353 1975 416 LIBRUM
2009 355 2292 414 NUMERI.

1919 481 1970 538 Α
1999 483 2148 533 mea,
2192 482 2296 522 una
2322 466 2600 539 genitricis
2628 482 2738 523 suae
2772 467 2949 538 (Cant.
2982 467 3091 538 γε),
3124 485 3140 519 ι
3174 467 3302 540 quid
3329 477 3411 523 est
3439 473 3585 542 quod

3447 355 3585 420 1031

1998 561 2052 616 in
2079 559 2252 615 sacris
2284 557 2514 629 eloquiis
2541 568 2748 630 septem
2780 571 2901 614 esse
2945 557 3256 615 referuntur
3287 559 3578 624 Ecclesiae,

1993 647 2102 704 nisi
2129 648 2278 719 quia,
2303 661 2424 718 qua:
2456 648 2615 718 122
2643 664 2750 704 una
2780 659 2864 705 est
2886 663 2984 720 per
3017 649 3278 706 unitatem
3313 650 3464 717 ﬁdei,
3494 665 3582 707 se-

1993 741 2265 814 miformis
2303 749 2387 798 est
2412 755 2511 812 per
2537 741 2758 798 totidem
2803 743 2942 798 dona
2989 741 3227 813 Spiritus
3255 744 3460 799 sancti?
3489 744 3582 802 llic

1993 840 2120 888 sunt
2145 832 2287 887 enim
2317 841 2526 903 septem
2555 831 2660 887 illa:
2687 831 2942 888 mulieres
2965 833 3281 905 qute,‘juxta
3304 835 3581 906 prophetas

1989 920 2346 988 vaticinium,
2375 936 2638 993 accepere
2659 922 2834 978 virum
2863 939 3028 980 unum
3059 923 3217 997 (Isai.
3244 928 3342 997 tv).
3366 905 3579 981 Virau-

1992 1021 2101 1068 tem
2132 1012 2418 1082 Ecclesia,
2460 1014 2731 1070 Christus.
2767 1014 2880 1069 lloe
2907 1015 3066 1086 plane
3113 1018 3288 1072 sancti
3340 1016 3578 1089 Spiritus

1991 1103 2112 1160 oleo
2138 1114 2335 1161 cuncta
2356 1121 2636 1160 sacrarum
2665 1104 3070 1176 Scripturarum
3093 1107 3288 1176 pabula
3315 1109 3577 1163 condiun-

1997 1205 2101 1259 tur,
2142 1206 2202 1252 ut
2245 1197 2550 1253 animarum
2606 1206 2913 1253 nostrarum
2977 1198 3190 1253 viscera
3242 1184 3575 1268 saginentnr.

1991 1287 2108 1344 Hoc
2135 1288 2312 1345 oleum
2354 1288 2611 1348 vitalibus
2637 1289 2812 1360 epulis
2838 1288 3038 1361 eloquii
3069 1288 3305 1345 caelestis
3338 1291 3576 1347 infusum

1989 1380 2133 1450 sapit
2169 1379 2223 1434 in
2270 1379 2518 1435 faucibus
2548 1379 2774 1447 animm,
2811 1380 3048 1451 cujuspet
3094 1383 3435 1437 stomachum
3486 1398 3573 1436 re-

1989 1481 2158 1537 creat,
2182 1479 2235 1526 et
2256 1480 2471 1542 gustum
2492 1471 2844 1542 pereipientis
2864 1472 3137 1528 obdulcat.
3157 1471 3292 1527 Nam
3313 1474 3577 1543 scriptum

1989 1571 2074 1617 est
2105 1579 2119 1615 :
2159 1581 2179 1616 s
2213 1561 2427 1616 Littera
2451 1561 2678 1626 occidit,
2723 1561 2947 1630 spiritus
2975 1571 3155 1616 autem
3199 1563 3436 1619 viviticat
3484 1561 3577 1634 (II

1990 1651 2112 1707 Cor.
2141 1651 2248 1724 III).
2287 1671 2308 1707 ι
2340 1651 2494 1708 Unde
2521 1651 2798 1708 sriendum
2843 1661 2928 1708 est
2974 1652 3098 1722 quia
3152 1667 3340 1709 omnes
3388 1669 3576 1712 sacro-

1988 1758 2111 1798 rum
2141 1743 2476 1798 voluminum
2523 1744 2731 1815 pagina:
2779 1745 2954 1800 sancti
3001 1743 3238 1813 Spiritus
3281 1745 3402 1803 oleo
3443 1753 3581 1805 sunt

300 1829 532 1886 oll'erant
566 1830 663 1886 tibi
684 1831 861 1888 oleum
889 1832 955 1886 de
985 1831 1143 1888 olivis
1171 1832 1520 1902 purissimum
1551 1849 1616 1888 ac
1643 1833 1881 1890 lucidum
1911 1837 1958 1896 Β
1986 1834 2238 1891 conditrc.

299 1920 368 1974 ad
403 1920 807 1977 concinnandas
837 1923 1086 1978 lucernas
1107 1924 1312 1994 jugiter
1340 1932 1495 1980 extra
1527 1925 1705 1980 velum
1733 1927 1888 1985 testi-

298 2011 467 2066 monii
516 2011 572 2067 in
621 2012 969 2070 tabernaequ
1003 2013 1249 2082 tmderis;
1285 2026 1555 2086 ponetque
1585 2031 1679 2072 eas
1705 2017 1885 2074 Aaron

297 2118 329 2158 a
359 2119 583 2176 vespere
610 2120 782 2176 usque
813 2105 868 2162 in
896 2122 1057 2163 mane
1083 2122 1267 2164 coram
1312 2109 1540 2166 Domino
1567 2109 1714 2166 cultu
1749 2110 1888 2166 ritu-

296 2210 404 2265 que
430 2204 689 2266 perpetuo
733 2197 790 2252 in
837 2199 1278 2267 generationibus
1303 2199 1530 2266 vestris;
1564 2217 1728 2271 super
1751 2189 1882 2258 ωριὲ

296 2286 578 2342 delabrum
603 2284 1018 2363 mundissimum
1041 2275 1312 2358 ponentur
1332 2303 1548 2359 semper
1575 2290 1627 2344 in
1655 2305 1887 2361 conspe-

296 2385 386 2433 ctu
419 2377 633 2434 Domini
676 2377 822 2451 (Lev.
873 2379 1045 2450 xxiv).
1082 2398 1100 2430 ι
1139 2379 1277 2448 Quid
1313 2388 1495 2436 autem
1540 2396 1638 2451 per
1679 2392 1885 2453 septem

299 2468 553 2524 lucernas
602 2469 657 2524 in
705 2469 1089 2535 tabernaculo,
1123 2471 1226 2526 nisi
1259 2479 1468 2542 septem
1508 2470 1887 2542 signiﬁcantur

296 2558 555 2616 Ecclesiae
583 2559 636 2614 in
667 2575 778 2616 uno
806 2561 1004 2632 populo
1033 2560 1375 2629 Christiano,
1410 2562 1464 2616 in
1489 2563 1684 2632 quibus
1717 2564 1882 2620 aimi—

298 2668 420 2708 rum
444 2653 624 2708 oleum
665 2653 886 2724 jubetur
915 2653 1283 2709 indesinenter
1313 2653 1530 2717 ardere,
1561 2655 1688 2724 quia
1715 2655 1770 2710 in
1798 2655 1884 2711 his

295 2745 508 2803 sincera
533 2745 804 2812 charitas,
833 2763 952 2816 quae
996 2763 1093 2817 per
1129 2746 1390 2818 Spiritum
1422 2757 1672 2803 sanetum
1700 2748 1881 2818 datur,

295 2834 496 2904 gemini
523 2835 683 2892 debet
709 2837 910 2892 amoris
937 2836 1060 2908 igne
1090 2835 1419 2903 fervescere,
1450 2848 1507 2894 et
1531 2838 1693 2898 claris
1719 2849 1882 2910 atque

295 2926 602 2995 conSpicuis
623 2941 839 2998 semper
858 2927 1114 2997 operibus
1137 2929 1464 2984 coruscare?
1488 2928 1597 2984 Sed
1623 2946 1745 2985 cum
1775 2947 1881 2987 una

293 3015 368 3069 sit
406 3015 596 3084 procul
636 3016 800 3073 dubio
830 3017 1094 3074 catholica
1141 3027 1196 3074 et
1241 3019 1566 3076 universalis
1603 3021 1878 3092 Ecclesia,

293 3107 438 3164 sicut
469 3121 568 3179 per
615 3107 955 3165 Salomonem
992 3110 1192 3166 dicitur
1229 3129 1242 3165 :
1281 3131 1300 3164 ι
1336 3112 1451 3169 Una
1501 3121 1585 3170 est
1630 3114 1878 3171 columba

2609 1927 2834 1984 CAPUT
2873 1927 2942 1985 Χ.

2096 2018 2158 2071 ιιι
2196 2017 2415 2089 epistola
2458 2019 2529 2073 ad
2558 2018 2980 2074 Hildebrandum
3023 2030 3072 2076 et
3119 2021 3461 2091 Stephanum.

2062 2127 2079 2160 ι
2117 2107 2424 2164 Comedctis
2450 2111 2816 2165 vetustissima
2870 2124 3145 2176 veterum,
3177 2121 3232 2166 et
3260 2121 3440 2169 vetera
3468 2128 3566 2168 no-

1985 2197 2068 2252 vis
2095 2199 2600 2268 superveuieutibus
2646 2199 2943 2270 projieietis
2971 2199 3164 2271 (Leuit.
3196 2201 3367 2272 xxvi).
3407 2222 3427 2254 ι
3463 2203 3572 2259 Ve-

1988 2289 2346 2347 tustissimum
2375 2289 2575 2361 quippe
2626 2291 2785 2347 nobis
2806 2300 2890 2348 est
2925 2291 3130 2361 primos
3174 2293 3431 2350 homines
3466 2294 3572 2350 Do-

1985 2381 2119 2437 mini
2150 2381 2202 2436 in
2234 2381 2486 2452 paradiso
2515 2382 2865 2452 conspicere;
2915 2393 3070 2438 vetus
3100 2393 3310 2449 autem,
3355 2385 3569 2442 Israeli-

1985 2471 2154 2528 ticum
2173 2462 2426 2542 populum
2449 2471 2878 2528 circumcisionis
2899 2487 2962 2530 ac
2981 2456 3377 2530 sacriﬁciorum
3403 2477 3568 2532 ritum

1985 2562 2432 2633 diversarumque
2502 2564 2948 2619 caeremoniarum
3014 2566 3268 2620 mandata
3327 2581 3566 2622 servare.

1987 2654 2139 2710 Tunc
2166 2655 2350 2726 itaque
2378 2656 2742 2710 vetustissima
2770 2664 3015 2710 veterum
3047 2657 3246 2711 mentis
3270 2673 3366 2712 ore
3389 2673 3571 2713 come-

1986 2744 2191 2810 dimus,
2217 2760 2362 2811 cum,
2395 2745 2461 2799 ad
2509 2744 2680 2799 instar
2708 2745 2868 2814 primi
2901 2746 3158 2816 parentis,
3189 2747 3283 2801 Dei
3332 2749 3566 2818 speciem

1985 2834 2431 2905 contemplamur.
2469 2835 2663 2891 Vetera
2693 2849 2825 2890 vero
2853 2837 3010 2891 novis
3059 2839 3567 2907 supervenientibus

1983 2927 2180 2999 procul
2201 2926 2518 2996 abjicimus,
2569 2927 2692 2980 dum
2729 2921 3004 2994 Evangelii
3043 2927 3216 2999 gratia
3245 2937 3567 2987 coruscauto

1984 2995 2230 3082 Mosaicae
2258 3021 2394 3092 legis
2424 3021 2829 3076 observantiam
2871 3035 2980 3076 non
3009 3037 3280 3078 curamus.

1406 3219 1714 3292 Expliciunt
1750 3220 2045 3275 testimonia
2070 3218 2193 3272 libri
2231 3215 2463 3272 Levitici.

1281 3372 1661 3448 ΙΝΟΙΡΙΙΙΝΤ⁴
1683 3373 1940 3431 CAPITUI

1983 3375 2024 3427 Α
2061 3371 2240 3429 Ι.ιὸἢί
2282 3368 2571 3427 NUMERI.

333 3489 385 3562 1.
425 3487 641 3562 ᾼρριξσα
673 3487 862 3562 tribum
889 3485 1031 3562 Deiri,
1063 3493 1109 3537 et
1138 3483 1223 3551 [ac
1244 3493 1383 3562 stare
1411 3484 1465 3538 in
1493 3493 1768 3562 conspectu
1795 3481 1995 3562 Aaron,
2025 3480 2272 3562 dubieque
2309 3480 2446 3562 dono
2474 3477 2960 3562 Devitas’Aarpn-et
2982 3478 3109 3562 [iliis
3136 3480 3268 3562 ejus.

471 3779 612 3822 vecte
641 3771 744 3819 duo
777 3768 821 3818 vi
830 3768 896 3819 ri.

421 3837 554 3893 Item
567 3877 581 3900 ,
605 3838 739 3890 unde
773 3851 954 3904 supra.

459 4049 675 4118 jugum.

327 3559 381 3612 2.

327 3629 381 3682 5.

327 3700 381 3753 4.

327 3839 382 3893 5.

329 3909 380 3962 6.

329 3980 381 4032 7.

326 4119 382 4175 8.

326 4188 382 4244 θ’

291 4261 380 4313 10.

291 4329 350 4384 1⁸1
366 4367 380 4382 .

290 4399 382 4454 12.

423 4322 575 4394 Quod
603 4326 774 4382 Israel
799 4327 939 4380 misit
968 4322 1176 4379 nuntios
1211 4322 1279 4394 ag
1313 4322 1452 4394 Seon

426 4390 580 4466 Quod
605 4396 869 4467 pracipua
898 4395 1020 4449 urbs
1047 4394 1198 4467 regni
1226 4391 1370 4467 Seon
1391 4392 1584 4446 dicitur
1608 4390 1834 4467 Esebon.

293 4471 319 4524 1

329 4471 362 4526 5

467 4536 657 4592 Israel.

291 4611 317 4664 1

291 4681 317 4734 1

295 4752 317 4805 1

290 4822 316 4875 1

293 4897 318 4945 1

326 4610 382 4665 1.

327 4681 381 4735 5.

328 4752 383 4806 6.

328 4822 380 4876 7.

327 4891 383 4944 8.

471 4957 827 5011 Amori-lucos.

293 5033 319 5084 1

328 5031 362 5086 9

368 3597 381 3611 .
427 3548 578 3624 Quod
600 3548 1105 3628 populuscolligens
1131 3548 1325 3628 manna
1355 3548 1629 3628 frangebat
1654 3554 1794 3628 mola
1809 3593 1832 3628 ,_
1848 3553 1954 3607 sive
1966 3552 2173 3628 ferebat
2188 3548 2257 3603 'in
2299 3549 2574 3628 mortario,
2605 3557 2653 3602 et
2679 3548 2902 3628 faciebat
2925 3566 2990 3603 ex
3013 3567 3072 3628 eo
3097 3552 3344 3603 tortulus.

422 3618 690 3697 Uongi'sga
716 3627 853 3697 mihi
870 3618 1202 3694 septuaginta
1230 3618 1373 3697 viros
1396 3625 1460 3678 de
1481 3618 1776 3697 senioribus
1807 3621 2005 3697 Israel.
2030 3637 2160 3697 quos
2187 3630 2243 3674 tu
2267 3621 2402 3697 nosti
2418 3618 2570 3697 quod
2599 3633 2746 3672 senes
2769 3619 2870 3674 sirit
2894 3620 3095 3689 pepuli.

427 3690 706 3776 Pergentes
735 3690 1090 3776 exploratores
1119 3709 1279 3764 usque
1304 3694 1374 3748 ad
1404 3704 1682 3749 torrentem
1713 3693 1887 3760 Botri,
1903 3690 2237 3752 absciderunt
2266 3690 2534 3762 palmitem
2561 3703 2680 3742 cum
2707 3704 2805 3743 uva
2836 3705 2958 3755 sua,
2978 3706 3127 3760 quem
3145 3698 3480 3760 portaverant
3500 3690 3558 3746 in

425 3899 633 3962 Tollens
661 3899 847 3960 Aaron
875 3903 1224 3968 thuribulum,
1256 3902 1488 3957 cucurrit
1510 3921 1603 3973 per
1631 3902 1856 3958 mediam
1888 3905 2277 3959 multitudinem
2297 3943 2311 3966 ,
2341 3915 2498 3969 quam
2529 3901 2762 3973 vastabat
2793 3899 3110 3973 incendium.

425 3976 664 4046 Prwcipe
688 3975 817 4044 ﬁliis
853 3973 1023 4030 Israel
1053 3985 1106 4028 ut
1144 3975 1410 4028 adducant
1439 3968 1520 4026 ad'
1534 3986 1580 4027 te
1609 3990 1817 4029 vaccam
1853 3976 2072 4044 ruﬁ'am,
2105 3982 2256 4028 aetate
2279 3968 2536 4042 integram
2555 4010 2574 4034 ,
2603 3972 2715 4023 sine
2746 3968 2977 4034 Macula,
3002 3984 3120 4039 qua:
3151 3984 3252 4022 non
3285 3971 3554 4038 pertulrril

424 4112 582 4191 Aperi
611 4117 916 4191 thesaurum
948 4125 1096 4191 tuum
1126 4113 1505 4191 [antemaun
1535 4113 1684 4176 vim,
1714 4123 1770 4191 ut
1805 4113 2051 4191 saturati,
2079 4122 2238 4167 cesset
2270 4112 2618 4191 murmuranti
2648 4125 2850 4191 eorum.

422 4181 636 4250 Audite,
662 4186 876 4241 rebelles
903 4196 950 4240 et
974 4181 1254 4239 increduli.
1290 4181 1434 4253 Num
1470 4183 1534 4237 a’e
1556 4195 1702 4252 petra
1733 4185 1831 4237 hac
1858 4183 1999 4237 vobis
2020 4199 2213 4253 aquam
2235 4183 2519 4252 poterimus
2547 4181 2777 4251 ejicere?
2856 4201 2860 4205 ·

424 4257 577 4324 Quod
611 4257 867 4311 Dominus
891 4256 1032 4309 misit
1066 4257 1120 4308 in
1145 4252 1395 4324 populum
1423 4263 1684 4376 seyentes
1709 4262 1920 4322 propter
1940 4252 2180 4308 murmur
2212 4267 2415 4306 eorum.

424 4327 575 4376 Ωιιοά
605 4326 774 4376 Israel
799 4327 939 4376 misit
968 4327 1176 4376 nuntios
1211 4325 1279 4376 ad
1313 4322 1452 4376 Seon
1515 4324 1654 4376 icens
1683 4336 1702 4374 .'
1741 4321 1969 4376 Obsecro
1994 4361 2012 4376 .
2040 4322 2268 4376 transire
2289 4321 2415 4376 mihi

1515 4324 1657 4396 icens
1683 4320 1969 4396 {Obsecro
1994 4361 2012 4389 ,
2040 4322 2268 4377 transire
2289 4321 2418 4376 mihi
2446 4320 2601 4378 liceat
2627 4339 2722 4396 per
2747 4332 2943 4378 terram
2965 4329 3129 4374 tuam.

370 4507 384 4522 .
428 4459 574 4548 Τριιε
606 4459 837 4548 ’ςυηείοι
885 4459 1144 4536 principes
1191 4462 1392 4535 populi,
1419 4471 1467 4516 et
1493 4465 1748 4533 suspende
1778 4479 1866 4518 eos
1893 4462 1949 4519 in
1983 4461 2218 4536 patibulo
2259 4471 2446 4520 contra
2491 4462 2654 4520 solem
2677 4505 2693 4532 ,
2735 4472 2793 4518 ut
2828 4468 3098 4518 avertatur
3125 4459 3276 4530 furor
3313 4477 3459 4516 mens
3497 4463 3564 4548 ab

424 4608 580 4676 Quod
603 4607 772 4662 tribus
799 4603 926 4662 Levi
953 4606 1022 4660 ad
1046 4602 1473 4676 repromissionis
1498 4612 1691 4657 terram
1726 4604 2034 4676 peruenerit,
2065 4604 2270 4661 steteris
2297 4603 2535 4661 tribubus
2565 4605 2623 4661 in
2651 4605 2852 4663 deserto
2884 4603 3179 4674 prostratis.

423 4673 581 4746 Quod
612 4676 866 4747 Salphaat
891 4693 994 4730 non
1020 4673 1184 4744 ﬁlios,
1212 4675 1301 4728 sed
1327 4674 1554 4742 quinque
1581 4683 1783 4728 tantum
1809 4673 1950 4747 ﬁlias
1976 4677 2204 4730 moriens
2232 4675 2529 4747 dereliquit.

431 4743 508 4803 De
534 4757 650 4802 octo
677 4743 1072 4816 festivitatibus,
1102 4762 1235 4815 quas
1261 4760 1352 4813 per
1378 4759 1798 4816 unumquemque
1823 4746 1951 4816 armi
1986 4747 2241 4816 circulum
2270 4743 2529 4816 Dominus
2564 4746 2828 4816 obseruari
2861 4743 3126 4816 priet-epit.

420 4821 636 4874 Armate
660 4814 724 4871 ea:
748 4817 890 4870 vobis
913 4816 1046 4870 uiros
1072 4814 1141 4868 ad
1169 4829 1422 4884 pugnam,
1447 4814 1538 4883 qui
1562 4815 1759 4884 possint
1779 4814 2036 4882 ultionem
2065 4815 2280 4884 Domini
2307 4825 2545 4884 expetere
2575 4815 2638 4869 de
2657 4815 2984 4872 Madianitis.

367 4929 383 4948 .
425 4888 576 4956 Quod
608 4886 707 4956 ﬁlii
748 4885 918 4940 Israel
949 4881 1204 4940 venientes
1231 4881 1299 4938 ad
1345 4881 1541 4953 fontem
1568 4881 1792 4949 Judicii,
1819 4885 1909 4953 qui
1951 4895 2026 4939 est
2069 4883 2257 4952 Gades,
2287 4881 2658 4954 interfecerunt
2707 4901 2882 4939 omnes
2927 4882 3191 4953 principes
3219 4881 3464 4938 Amalech
3503 4893 3554 4939 et

368 5071 382 5085 .
425 4985 864 5096 oﬂ'buiiiii'i'in
895 5025 1248 5096 quadraginta
1269 5024 1473 5080 duabus
1500 5025 1861 5080 mansionibus
1886 5025 1957 5080 ad
1979 4985 2302 5080 hazreditatis
2330 5025 2644 5096 princip-ium
2670 5024 2988 5094 peruenerit.-

1628 5137 1934 5209 Expliciurtt
1957 5137 2211 5208 capitula.

430 5269 1508 5377 133‘125INCIPIUNT
1609 5281 2358 5415 TES'I‘IMONIA
2458 5285 2784 5373 LIBRI
2895 5269 3417 5374 NUMERI.

808 5448 1034 5510 CAPUT
1073 5450 1358 5508 PRIMUM.

361 5567 430 5622 In
461 5566 678 5637 epistola
707 5567 776 5621 ad
805 5565 1165 5621 Alexandrum
1194 5582 1412 5637 papam,
1445 5574 1502 5617 ut
1532 5565 1796 5620 canonicis

789 5637 1157 5706 proprietatem
1189 5637 1359 5690 tollat.

369 5749 387 5783 ι
423 5731 640 5801 Applica
662 5773 674 5792 ,
708 5730 882 5798 inquit
926 5729 1185 5782 Dominus
1220 5727 1416 5796 Moysi.
1456 5727 1654 5784 tribum
1701 5727 1866 5798 Levi,

694 5828 972 5886 Farne-1..
1015 5825 1231 5888 CXLV

1897 5469 1943 5531 (ς
1975 5466 2028 5511 et
2064 5454 2150 5512 fac
2179 5465 2327 5512 stare
2355 5454 2409 5510 in
2439 5463 2728 5526 conspectu
2756 5455 2935 5509 Aaron
2962 5453 3295 5522 sacerdotis,
3324 5460 3405 5512 ἰιι
3448 5458 3550 5514 mi-

1975 5546 2205 5602 nistrent
2255 5545 2326 5601 ei.
2363 5563 2381 5596 ι
2427 5544 2496 5600 Et
2542 5545 2729 5600 infra:
2785 5560 2804 5595 ι
2835 5544 3106 5616 Dabisque
3151 5546 3292 5601 dono
3333 5545 3553 5602 Levites

1972 5637 2152 5692 Aaron
2208 5644 2262 5691 et
2309 5636 2435 5692 ﬁliis
2483 5635 2633 5707 ejus,
2686 5635 2881 5707 quibus
2935 5636 3116 5692 traditi
3170 5647 3294 5690 sunt
3344 5651 3374 5691 a
3423 5633 3551 5692 ﬁliis

1973 5725 2139 5782 Israel
2169 5727 2360 5797 (Num.
2392 5727 2497 5800 tn).
2536 5748 2556 5781 ι
2594 5729 2770 5783 Aaron
2819 5729 3018 5798 quippe
3047 5737 3103 5780 et
3129 5726 3264 5781 ﬁlios
3291 5725 3406 5796 ejus
3428 5727 3553 5797 qui:

2993 5818 3072 5879 33
