4108 5342
514 226 538 280 ι
548 224 653 282 055

1431 215 1928 275 COLLECTANEA
1969 215 2035 270 IN
2078 213 2303 270 VETUS
2343 211 2883 269 TESTAMENTUM.

3648 193 3794 265 tos‘

513 337 751 408 ambigat
777 335 859 389 ius
884 318 1139 388 habuisse
1176 329 1531 402 pontiﬁcum?
1556 330 1778 384 'l‘ribum
1810 345 1937 384 vero
1966 326 2093 383 Levi
2120 336 2167 393 Α
2197 325 2305 396 puli
2339 325 2448 379 sint
2477 339 2540 379 ac
2567 324 2841 393 magistri,
2870 330 2926 376 et
2953 322 3115 376 duces
3158 336 3251 376 eos
3281 321 3346 376 ad
3374 320 3573 375 ostium
3608 322 3792 374 taber-

515 430 647 500 quis
664 428 871 484 nesciat
897 424 1200 497 prmtulisse
1225 424 1468 479 ordinem
1515 421 1869 476 clericorum?
1897 419 2098 475 Levita:

513 536 644 590 ergo
676 520 854 574 Aaron
886 526 942 574 et
971 515 1097 573 ﬁliis
1122 516 1238 587 ejus
1275 529 1305 569 a
1338 513 1463 569 ﬁliis
1493 512 1657 568 Israel
1701 514 1841 567 dono
1871 512 2098 567 tradun-

515 621 627 675 tur,
656 624 779 665 cum
824 623 890 663 ex
939 607 1089 661 omni
1119 604 1429 661 Christiano
1454 601 1649 673 populo
1675 600 1940 656 clericalis
1969 601 2101 657 ordo

514 699 570 755 in
607 697 865 754 evcubias
892 693 1245 753 ecclesiastici
1290 693 1466 749 cultus
1494 693 1787 747 assumitur
1813 702 1865 745 et
1884 733 1897 755 ,
1928 701 1985 745 ut
2015 706 2104 746 as-

433 837 447 847 .
517 792 714 846 sistant
739 797 898 857 atque
922 787 1251 850 ministrent,
1276 783 1390 839 suis
1410 781 1757 853 pontiﬁcibus
1777 780 2097 836 offeruntur.

519 883 629 940 Sed
660 881 907 953 quisquis
940 893 1128 935 servus
1164 884 1246 933 est
1276 890 1622 940 mammonaz,
1674 874 1810 931 ritus
1841 874 2102 929 abhorret

517 972 905 1029 ecclesiastica:
929 969 1247 1041 disciplinze.
1272 968 1379 1022 Nec
1401 966 1832 1037 prteterenndum
1853 976 1935 1019 est
1958 964 2101 1035 quod

516 1064 629 1120 illic
658 1073 860 1133 praesto
892 1059 1234 1132 subiungitur
1263 1076 1276 1113 :
1313 1075 1333 1111 ι
1371 1058 1483 1130 Ego
1507 1098 1523 1123 ,
1575 1058 1654 1112 ait
1683 1056 1969 1119 Dominus,
2003 1054 2100 1109 tuli

518 1160 740 1219 Levitas
782 1175 811 1213 a
858 1157 982 1212 ﬁliis
1023 1144 1189 1211 Israel
1230 1170 1328 1224 pro
1368 1153 1515 1208 omni
1562 1151 1922 1223 primogenito
1959 1149 2101 1220 quod

520 1252 697 1321 aperit
726 1249 940 1304 vulvam
987 1248 1040 1303 in
1094 1246 1219 1302 ﬁliis
1248 1245 1437 1311 Israel,
1467 1253 1736 1314 eruntque
1762 1243 1961 1297 Levitze
1996 1240 2101 1297 inci

520 1340 712 1412 (Num.
730 1339 844 1411 ιιι),
866 1358 884 1392 ι
909 1337 1178 1406 utiiquido
1202 1344 1383 1407 pateat
1412 1335 1732 1389 clericorum
1750 1331 1992 1387 ordinem
2011 1330 2104 1386 Dei

519 1429 908 1501 omnipotentis
935 1438 1055 1483 esse
1085 1426 1385 1499 peculium,
1418 1427 1561 1481 sicut
1587 1434 1642 1479 et
1667 1423 1781 1495 ipse
1810 1422 1952 1478 Deus
1978 1436 2103 1492 spe-

522 1521 676 1576 cialis
702 1527 786 1575 est
815 1519 1101 1574 ltmreditas
1128 1517 1474 1573 clericorum.
1499 1514 1606 1570 Sed
1628 1515 1714 1570 cui
1742 1514 1883 1569 Deus
1908 1514 1964 1568 in
1995 1514 2105 1568 lue-

521 1611 754 1666 reditate
802 1626 907 1664 non
943 1607 1171 1672 sufficit,
1203 1608 1331 1676 quid
1361 1621 1484 1659 eum
1517 1605 1722 1659 satiare
1750 1605 1919 1673 possit
1950 1603 2103 1672 igno-

2201 414 2383 470 naeuli
2414 413 2663 477 hederis,
2697 412 2971 481 faciesque
3000 413 3068 466 ibi
3101 422 3247 466 stare
3275 420 3546 475 tecutn,ut
3569 412 3795 466 descen-

2199 507 2323 562 dam
2352 516 2407 561 et
2433 505 2625 575 loquar
2652 503 2783 568 tibi,
2833 512 2888 557 et
2915 502 3157 557 auferam
3192 502 3259 558 de
3288 502 3480 573 spiritu
3531 510 3644 569 tuo,
3680 512 3794 557 tra-

2200 596 2436 666 damque
2479 593 2560 650 eis
2597 591 2789 665 (Nam.
2840 592 2937 662 tu).
2975 611 2992 643 ι
3046 591 3149 647 Ubi
3182 592 3477 655 notandum
3508 592 3651 661 quod
3680 608 3793 648 non

2201 687 2307 754 ait,
2337 684 2549 741 auferes
2573 686 2639 739 de
2663 686 2853 754 Spiritu
2885 694 2997 749 tuo,
3022 683 3311 753 tradesque
3335 684 3446 751 eis;
3468 685 3562 739 sed
3587 685 3790 754 potius,

2201 775 2442 831 auferam
2479 784 2533 830 et
2562 775 2793 838 tradam,
2822 784 2882 828 ut
2910 772 3154 844 profecto
3177 776 3491 828 ostenderet
3529 774 3654 844 quia
3684 789 3794 829 non

2201 866 2367 921 homo
2408 864 2614 919 homini
2665 863 2927 933 Spiritum
2962 872 3214 918 sanctum
3264 863 3460 928 tradit,
3504 864 3599 918 sed
3643 864 3799 919 solus

2203 952 2319 1023 ipse
2349 961 2434 1008 est
2474 954 2589 1022 qui,
2619 961 2779 1023 prout
2807 952 2946 1015 vult,
2975 953 3161 1024 gratia:
3183 968 3292 1006 smn
3321 952 3463 1008 dona
3493 952 3794 1011 distribuit.

2210 1041 2365 1097 Unde
2387 1053 2441 1098 et
2465 1043 2625 1114 paulo
2651 1052 2771 1112 post
2797 1042 3046 1098 subditur
3075 1060 3091 1098 :
3128 1061 3148 1096 ι
3178 1043 3576 1113 Descenditqne
3601 1043 3795 1098 Domi-

2200 1145 2304 1187 nus
2331 1145 2428 1202 per
2460 1132 2681 1199 nubem,
2725 1140 2780 1188 et
2808 1130 3020 1188 locutus
3050 1144 3133 1187 est
3162 1134 3227 1186 ad
3260 1148 3406 1199 eum,
3452 1132 3702 1189 auferens
3726 1135 3798 1190 de

2202 1223 2395 1292 spiritu
2439 1224 2531 1292 qui
2568 1234 2690 1278 erat
2719 1224 2773 1278 in
2803 1226 3013 1296 Moyse,
3069 1235 3125 1280 et
3158 1225 3297 1280 dans
3332 1227 3677 1297 septuaginta
3706 1228 3797 1281 vi-

2203 1312 2279 1368 ris
2315 1312 2524 1385 (Ibid.).
2562 1332 2581 1365 ι
2627 1313 2702 1369 De
2731 1315 2926 1383 spiritu
2977 1324 3157 1368 autem
3205 1314 3373 1385 Moysi
3421 1315 3554 1369 viris
3580 1315 3800 1371 dedisse

2204 1402 2462 1463 Dominus
2479 1402 2707 1469 dicitur,
2731 1414 2790 1457 ut
2808 1413 2861 1458 et
2885 1402 3225 1459 ordinatores
3256 1415 3311 1459 et
3330 1404 3611 1459 ordinatos
3630 1421 3801 1460 unum

2205 1494 2402 1551 debere
2429 1495 2684 1565 spiritum
2726 1495 2929 1551 habere
2971 1496 3317 1566 pet'Spicuum
3353 1496 3635 1564 doceatur,
3666 1513 3802 1568 qua-

2208 1591 2362 1640 tenus
2390 1596 2628 1642 rectores
2656 1584 2911 1641 Ecclesiae
2938 1601 3279 1656 nequaquam
3319 1586 3464 1641 inter
3490 1601 3552 1642 se
3578 1587 3799 1641 diversa

525 1711 637 1762 rat.
694 1700 820 1771 quia
883 1701 1080 1753 metuis
1134 1697 1250 1769 ejus
1305 1696 1522 1750 oculum
1580 1695 1782 1749 furiosa
1841 1693 2105 1762 cupiditas

2209 1676 2476 1743 sentiant,
2504 1676 2649 1731 unde
2674 1677 3001 1744 schismata,
3033 1678 3178 1746 quod
3224 1677 3396 1733 absit!
3440 1686 3534 1731 aut
3563 1677 3804 1733 bmreses

521 1802 706 1850 (3803!.

1145 1878 1374 1936 CAPUT
1413 1879 1476 1934 ll.

896 1974 961 2029 In
988 1991 1223 2029 sermone
1252 1973 1315 2027 dc
1345 1988 1487 2027 arua
1518 1969 1749 2025 Domini.

603 2085 623 2119 ι
660 2066 995 2122 Circumibat
1020 2065 1276 2138 populus,
1303 2074 1357 2119 et
1382 2064 1639 2135 colligens
1666 2077 1864 2116 manna
1897 2060 2109 2132 frange-

525 2157 623 2213 bat
647 2156 785 2213 mola
804 2196 822 2220 ,
847 2155 962 2211 sive
993 2157 1199 2211 terebat
1229 2156 1282 2209 in
1313 2154 1607 2222 mortario,
1638 2167 1876 2222 coquens
1921 2151 1973 2205 in
2003 2151 2109 2205 olla

530 2257 583 2302 et
611 2247 820 2301 faciens
862 2262 927 2301 ex
961 2262 1027 2302 eo
1061 2244 1291 2301 tortulas
1326 2246 1536 2316 saporis
1567 2245 1719 2310 quasi
1748 2244 1904 2313 panis
1947 2240 2110 2298 olcati

529 2336 742 2409 (Nam.
796 2338 915 2405 ιι).
968 2355 987 2389 ο
1046 2336 1215 2391 Porro
1264 2344 1444 2390 autem
1492 2334 1645 2407 quasi
1692 2349 1789 2404 per
1847 2332 2011 2387 multa
2057 2332 2110 2387 in

533 2423 758 2480 cellario
785 2423 1000 2479 Domini
1046 2424 1191 2479 dolia
1244 2423 1529 2478 transitum
1578 2422 1897 2487 habuimus,
1943 2433 2004 2477 ut
2046 2424 2112 2477 ad

525 2515 699 2573 solum
724 2517 989 2583 olcatum,
1018 2517 1165 2572 velut
1193 2516 1295 2573 olei
1328 2517 1634 2582 vasculum,
1677 2518 1961 2587 pervenire
1990 2532 2118 2586 pos-

527 2624 732 2664 semtts.
759 2610 951 2664 Manna
974 2610 1228 2681 denique,
1253 2625 1359 2681 quo
1382 2611 1533 2682 plebs
1552 2610 1766 2664 vivebat
1794 2609 2112 2672 Israelitica,

532 2714 750 2756 sacrum
798 2702 1117 2773 designabat
1145 2704 1441 2776 eloquium,
1468 2719 1575 2774 quo
1614 2703 1851 2758 nutritur
1878 2712 1932 2756 et
1961 2712 2119 2773 vegeo

528 2802 673 2847 tatur
697 2793 886 2865 religio
917 2793 1249 2851 Christiana.
1281 2793 1435 2863 Quod
1456 2794 1642 2865 utique
1672 2794 1940 2876 veracite‘
1962 2793 2114 2848 ol-a-

528 2893 642 2937 tum
677 2893 759 2939 est
782 2924 798 2950 ,
825 2884 949 2955 quia
982 2886 1213 2957 mystica
1259 2885 1432 2941 sancti
1481 2885 1716 2956 Spiritus
1746 2892 1830 2939 est
1861 2885 2117 2939 unctione

528 2990 903 3047 conspersum.
924 2975 1233 3033 Notandum
1264 2995 1389 3033 vero
1408 2978 1530 3048 quia
1558 2978 1696 3031 idem
1728 2993 1945 3044 manna,
1972 2978 2111 3047 quol

424 3127 430 3131 ⁴
528 3065 585 3119 in
604 3064 742 3120 libro
767 3064 987 3123 Numeri
1009 3067 1209 3139 dicitur
1229 3068 1484 3133 olcatum,
1511 3067 1562 3122 in
1586 3067 1769 3122 Exodo
1791 3067 1983 3137 legitur
2004 3082 2108 3119 non

530 3155 669 3222 olei,
700 3156 793 3213 sed
826 3157 1002 3215 mellis
1033 3158 1212 3228 potius
1242 3158 1497 3213 habuisse
1520 3173 1766 3227 saporem
1794 3175 1809 3210 :
1844 3175 1863 3207 ι
1889 3155 2107 3219 Gustus,

529 3247 732 3319 inquit,
782 3248 897 3320 ejus
935 3257 1053 3303 erat
1096 3248 1252 3318 quasi
1299 3247 1488 3302 similae
1534 3263 1656 3302 cum
1708 3246 1864 3301 melle
1907 3243 2110 3317 (Exod.

527 3341 666 3408 xvi).
699 3358 717 3390 ›
737 3337 1021 3406 Quidnam
1049 3346 1164 3415 est,
1192 3337 1336 3407 quod
1363 3337 1640 3409 angelicas
1668 3336 1758 3391 ille
1784 3338 1940 3391 cibus
1962 3337 2113 3406 prius

530 3428 729 3483 dicitur
752 3427 926 3482 mellis
947 3427 1265 3482 exhibuisse
1286 3426 1657 3493 dulcedinem,
1689 3436 1744 3482 et
1770 3429 2109 3498 postmodum

530 3531 638 3573 non
692 3516 867 3573 mellis
934 3518 1029 3573 sed
1098 3516 1203 3573 olei
1257 3508 1567 3588 prtebuisse'
1603 3519 1955 3585 suavitatem,
2008 3519 2114 3574 nisi

531 3606 678 3679 quod
707 3606 1036 3677 Redemptor
1074 3616 1280 3670 noster,
1319 3623 1602 3665 sacrarum
1634 3609 1874 3664 omnium
1922 3619 2115 3664 auctor

534 3706 593 3751 et
652 3696 898 3751 conditor
963 3696 1401 3766 Scripturarum,
1467 3714 1625 3769 quem
1678 3698 1925 3753 videlicet
1984 3700 2113 3754 illud

534 3803 732 3843 manna
783 3788 1152 3859 principaliter
1196 3788 1492 3858 ﬁgurabat,
1541 3798 1595 3844 et
1637 3799 1764 3843 ante
1808 3791 2115 3859 passionem

530 3881 681 3936 velut
706 3881 810 3936 mel
842 3881 1181 3937 dulcedinem
1212 3882 1458 3944 exhibuit
1480 3882 1884 3947 miraculorum,
1911 3893 1965 3937 et
1998 3894 2117 3953 post

533 3973 901 4029 ascensionem
928 3987 1084 4028 suam
1110 3981 1365 4044 tanquam
1385 3974 1562 4028 oleum
1587 3973 1639 4027 in
1666 3973 1959 4044 discipulos
1983 3990 2110 4029 suos

532 4066 720 4122 effudit
751 4066 1013 4137 Spiritum
1031 4068 1314 4122 sanctum?
1338 4066 1476 4138 (Act.
1500 4073 1586 4134 ιι.)
1608 4064 1742 4122 Nam
1766 4067 1919 4137 quasi
1944 4066 2117 4122 mellis

535 4160 748 4213 videtur
791 4159 1111 4228 propinasse
1149 4159 1523 4223 dulcedinem,
1572 4158 1699 4213 dum
1735 4158 1905 4226 signis
1950 4168 2113 4229 atque

533 4251 824 4306 virtutibus
848 4252 1186 4315 coruscavit;
1217 4251 1320 4305 olei
1355 4266 1481 4305 vero
1513 4260 1643 4309 tunc
1672 4253 1998 4305 suavitatem
2026 4251 2119 4305 de-

498 4402 501 4405 _
536 4343 710 4405 disse.
753 4356 873 4396 cum
921 4342 973 4396 iu
1013 4342 1285 4412 apostolos
1330 4358 1456 4396 suos
1484 4342 1655 4396 sancti
1691 4342 1929 4412 Spiritus
1959 4358 2114 4411 para-

535 4428 658 4485 cleti
689 4432 826 4484 dona
855 4430 1087 4485 dill‘udit.
1119 4430 1289 4499 Quem
1322 4432 1572 4488 videlicet
1607 4434 1853 4488 ordinem
1903 4433 2113 4504 Moyses

440 4566 443 4569 λ
534 4534 774 4590 congrue
800 4521 989 4585 lenuit,
1007 4537 1128 4577 cum
1148 4522 1200 4575 in
1217 4522 1709 4585 Deutcronomiode
1727 4532 1900 4592 petra,
1918 4539 2035 4592 qua:
2060 4532 2117 4587 et

533 4611 883 4667 nihilominus
908 4627 1105 4668 manna
1134 4622 1269 4678 erat,
1290 4614 1463 4686 typice
1487 4613 1796 4670 decantavit
1828 4633 1840 4669 :
1883 4636 1899 4667 ι
1934 4620 2109 4670 Suxe-

533 4710 696 4766 runt.
726 4703 929 4771 inquit,
957 4702 1065 4758 mel
1092 4702 1159 4757 de
1188 4690 1337 4773 petra
1356 4743 1373 4769 ,
1402 4711 1457 4759 et
1477 4702 1654 4759 oleum
1682 4704 1749 4761 de
1776 4702 1928 4758 ﬁrma
1962 4714 2113 4774 petra
2186 4736 2187 4739 η

538 4794 719 4861 (Deut.
744 4796 934 4867 χχιιι).
958 4815 975 4847 ι
1002 4796 1077 4851 De
1098 4797 1200 4851 hoc
1227 4799 1468 4869 mysticm
1489 4797 1759 4852 unctionis
1780 4797 1897 4851 oleo
1918 4812 2113 4864 sponsa

538 4886 604 4938 ad
632 4872 886 4955 sponsum
916 4888 1047 4942 dicit
1075 4887 1129 4942 in
1151 4886 1389 4944 Canticis
1416 4907 1429 4943 :
1465 4908 1482 4940 ι
1512 4886 1858 4959 Unguentum
1886 4886 2114 4942 effusum

438 5019 443 5023 .
538 4988 735 5030 nomen
771 4986 920 5030 tuum
957 4974 1141 5048 (Cant.
1165 4978 1229 5050 ι).
1266 4996 1286 5031 ι
1337 4979 1683 5048 Unguentum
1721 4979 1939 5048 quidem
1983 4977 2117 5032 effu-

540 5079 660 5118 sum
690 5069 871 5134 sponsi
901 5084 1096 5125 nomen
1126 5071 1413 5137 asseritur,
1437 5072 1561 5141 quia
1593 5072 1732 5131 sicut
1761 5086 1788 5124 a
1819 5070 2117 5124 chrismate

510 5152 818 5233 ζΙριιι-ἱςιιιει,
857 5159 931 5212 ita
964 5169 1360 5230 consequenter
1392 5176 1426 5218 a
1469 5159 1688 5218 Christo
1720 5160 1920 5218 dicitur
1955 5160 2119 5217 Chri-

538 5244 772 5299 “ianus.

2205 1765 2521 1839 pestilenter
2545 1776 2857 1836 emergant,
2894 1765 2988 1822 sed
3035 1783 3200 1823 unum
3231 1780 3422 1822 omnes
3452 1768 3804 1824 concorditer
3832 1836 3839 1841 _

2208 1861 2439 1917 doceant
2483 1868 2647 1930 atque
2693 1860 2748 1914 in
2793 1861 2999 1915 unitate
3042 1860 3267 1929 spiritus
3331 1860 3677 1914 unanimiter
3717 1862 3803 1915 vi-

2205 1959 2359 2005 vant.
2390 1950 2563 2006 Porro
2599 1949 2812 2014 autem,
2856 1951 2997 2005 sicut
3023 1938 3363 2021 septuaginta
3389 1950 3497 2016 illi,
3534 1965 3676 2021 quos
3696 1950 3804 2007 Do-

2209 2042 2390 2099 minus
2413 2051 2533 2112 post
2558 2041 2833 2111 apostolos
2856 2042 3129 2097 ordinavit
3150 2040 3298 2108 (Luc.
3326 2056 3359 2095 ι
3385 2043 3438 2113 ),
3465 2041 3804 2111 totidemque

2209 2131 2325 2189 fere
2352 2133 2477 2198 isti,
2522 2148 2661 2201 quos
2711 2148 2832 2186 cum
2862 2131 3031 2203 Moysi
3063 2140 3370 2187 sustentare
3421 2131 3603 2203 populi
3652 2146 3819 2209 onus

2212 2224 2412 2289 voluit,
2443 2233 2626 2295 typum
2656 2224 3062 2293 praetendebant
3091 2223 3569 2292 presbyterorum;
3606 2223 3680 2277 ita
3710 2225 3803 2278 ni-

2214 2315 2511 2371 hilominus
2540 2312 2751 2383 Moyses
2778 2312 3037 2384 primum,
3065 2325 3140 2378 et,
3188 2324 3331 2383 p031,
3360 2314 3587 2384 apostoli
3627 2312 3807 2385 digni-

2215 2415 2378 2460 tatem
2393 2400 2973 2459 videntur‘obtinuisse
2995 2404 3337 2472 pontiﬁcum;
3365 2415 3441 2471 et,
3464 2403 3601 2460 sicut
3620 2419 3807 2474 neque

2216 2494 2291 2550 illi
2314 2495 2382 2550 ab
2403 2492 2663 2564 apostolis
2687 2508 2862 2563 neque
2893 2494 2980 2549 isti
3005 2509 3035 2548 a
3061 2493 3243 2565 Moyse
3269 2494 3532 2565 Spiritum
3553 2502 3807 2549 sanctum

2215 2588 2466 2656 accipere
2508 2593 2833 2656 potuerunt,
2862 2585 2943 2642 sic
2977 2586 3143 2641 etiam
3170 2587 3239 2641 de
3266 2586 3538 2656 epist’opis
3566 2586 3809 2641 caeteris-

2217 2692 2323 2749 que
2366 2677 2752 2732 ecclesiastica:
2795 2677 3077 2747 dignitatis
3119 2676 3402 2732 ordinibus
3428 2676 3614 2749 procul
3639 2677 3808 2732 dubio

2218 2766 2560 2831 sentiendum
2610 2776 2694 2821 est
2731 2767 3033 2839 :nintirum
3084 2768 3209 2837 quia
3260 2781 3401 2822 unus
3463 2767 3809 2837 omnipotens

2216 2858 2396 2921 Deus,
2433 2857 2523 2926 qui
2554 2870 2648 2911 eos
2690 2871 2790 2925 per
2830 2856 3073 2911 diversos
3103 2856 3355 2912 ordinum
3388 2858 3590 2928 gradus
3619 2857 3810 2912 mode-

2221 2949 2445 3003 raminis
2467 2948 2549 3002 sui
2572 2947 2976 3016 dispensatione
2988 2947 3260 3012 distinxit,
3276 2947 3425 3002 solus
3436 2948 3622 3012 etiam,
3647 2955 3808 3017 prout

2136 3040 2183 3102 C
2217 3039 2556 3109 ipsenovit,
2596 3039 2833 3109 Spiritus
2879 3040 2959 3094 sui
2991 3041 3216 3111 gratiam
3265 3041 3317 3095 in
3364 3054 3808 3111 unumquemque

2211 3129 2444 3186 diﬁudit.
2493 3128 2681 3200 Neque
2715 3130 2859 3185 enim
2906 3130 2960 3184 in
3001 3131 3091 3184 illa
3137 3130 3375 3201 Spiritus
3420 3130 3639 3186 datione
3661 3128 3804 3185 aliud

2212 3222 2314 3276 sibi
2344 3221 2558 3292 Moyses
2583 3235 2842 3291 arrogare
2874 3221 3217 3292 privilegium
3246 3221 3424 3293 potuit
3460 3237 3628 3294 quam
3658 3223 3803 3294 quod

2211 3313 2287 3368 illi
2334 3330 2435 3368 vox
2468 3314 2650 3367 divina
2686 3313 2971 3383 praecepit,
3004 3312 3259 3367 nimirum
3291 3322 3351 3368 ut
3378 3315 3530 3369 viros
3556 3313 3802 3386 eligeret,

2211 3415 2411 3470 eosque
2432 3401 2637 3455 ducens
2662 3400 2728 3453 ad
2748 3401 2946 3454 ostium
2974 3401 3331 3463 tabernaculi,
3355 3417 3480 3458 cum
3505 3404 3583 3459 eis
3600 3411 3803 3468 staret;

2211 3491 2327 3546 bzec
2357 3500 2441 3545 est
2470 3506 2678 3545 summa
2704 3490 2885 3561 aperis
2912 3489 3102 3562 Moysi.
3133 3490 3272 3559 Quid
3296 3506 3426 3560 ergo
3454 3509 3565 3550 suae
3585 3494 3805 3550 virtutis

2213 3583 2267 3637 in
2296 3583 2394 3638 hoc
2419 3582 2512 3635 Dei
2539 3596 2767 3637 munere
2788 3581 3000 3653 Moyses
3026 3597 3423 3654 recognoscere
3455 3587 3653 3656 potuit,
3680 3601 3803 3642 cum

2213 3672 2431 3743 insuper
2459 3681 2514 3726 et
2543 3670 2651 3726 duo
2701 3686 2767 3726 ex
2817 3672 2903 3727 bis
2934 3672 3025 3741 qui
3059 3673 3318 3744 descripti
3367 3675 3614 3745 fuerant,
3656 3677 3805 3734 Scri-

2213 3772 2368 3834 ptura
2403 3771 2561 3829 teste,
2586 3763 2638 3816 in
2663 3762 2861 3819 castris
2884 3765 3046 3833 positi
3070 3774 3127 3820 et
3149 3765 3215 3820 ad
3242 3766 3663 3823 tabernaculum
3693 3786 3803 3825 non

2215 3862 2508 3919 venerunt,
2560 3864 2617 3909 et
2661 3863 2861 3921 tamen,
2894 3870 2958 3909 eo
3000 3855 3296 3923 nesciente,
3331 3873 3487 3929 aeque
3517 3868 3578 3915 ut
3618 3862 3803 3916 caeteri

2215 3942 2466 4012 spiritum
2506 3945 2896 4013 perceperunt?
2940 3946 2998 3999 ιιι
3043 3961 3111 4002 eo
3158 3962 3291 4003 sane
3323 3951 3467 4019 quod
3504 3950 3573 4006 de
3612 3954 3805 4023 Spiritu

2218 4034 2388 4107 Moysi
2437 4037 2550 4091 tolli
2583 4030 2784 4093 dicitur
2828 4036 2990 4108 atque
3038 4039 3194 4111 125
3243 4039 3363 4097 aliis
3396 4041 3549 4108 dari,
3598 4044 3804 4099 nullum

2217 4125 2430 4197 Moyses
2457 4128 2801 4197 dispendium
2826 4130 2907 4184 sui
2938 4130 3162 4200 spiritus
3193 4132 3485 4201 pertulisse
3504 4135 3806 4190 credendus

2219 4226 2306 4271 est
2339 4233 2354 4270 :
2388 4217 2535 4271 velut
2567 4219 2635 4272 ab
2663 4220 2887 4274 ardente
2922 4218 3145 4275 lucerna
3173 4221 3353 4276 lumen
3400 4224 3658 4293 quaelibet
3686 4240 3804 4278 ma-

2223 4308 2355 4361 teria
2391 4316 2688 4373 mutuetur,
2735 4308 2882 4364 nullo
2930 4319 3155 4381 propter
3204 4312 3307 4368 hoc
3343 4313 3568 4368 lucerna
3597 4300 3805 4385 proprii

2143 4404 2189 4462 D
2215 4396 2515 4469 Splendoris
2546 4399 2870 4454 detrimento
2912 4402 3197 4457 minuitur.

2819 4490 3185 4563 cacurtv.

2463 4580 2532 4634 In
2569 4597 2805 4636 sermone
2840 4582 3067 4637 secundo
3096 4581 3161 4637 de
3191 4582 3247 4639 S.
3278 4582 3552 4640 Matt/mo.

2296 4692 2316 4726 ι
2357 4671 2651 4744 Pergentes
2688 4673 3060 4744 exploratores
3101 4674 3267 4731 lsrael
3292 4693 3464 4745 usque
3493 4680 3559 4733 ad
3590 4686 3801 4735 torren-

2223 4772 2328 4819 tem
2346 4765 2483 4820 botri
2500 4764 2850 4819 absciderunt
2866 4760 3137 4835 palmitem
3162 4783 3282 4823 cum
3308 4771 3462 4823 botro
3492 4784 3611 4835 suo,
3636 4785 3800 4839 quem

2220 4864 2574 4925 portaverant
2624 4856 2677 4909 in
2722 4864 2880 4911 vecte
2920 4857 3027 4911 duo
3070 4858 3171 4913 viri
3223 4857 3411 4927 (Nunt.
3440 4860 3583 4929 Mil).
3618 4878 3635 4911 ι
3685 4858 3804 4914 Duo

2200 4946 2421 5001 scilicet
2456 4946 2587 5014 viri,
2630 4946 2737 5002 duo
2781 4957 2908 5002 sunt
2948 4949 3151 5019 populi,
3207 4948 3423 5005 Judtcus
3465 4960 3520 5005 et
3562 4951 3798 5022 gentilis.

2218 5032 2283 5089 lli
2327 5034 2543 5092 betrum
2587 5046 2889 5105 posuerunt
2937 5037 2992 5091 itt
3039 5047 3232 5105 vecte,
3290 5042 3415 5108 quia
3461 5040 3800 5094 Salvatorem

2217 5126 2615 5196 suspenderunt
2654 5127 2707 5180 in
2738 5126 2928 5182 cruce.
2968 5124 3076 5183 Sed
3110 5130 3408 5198 piareessor
3445 5130 3590 5198 quod
3622 5140 3798 5199 porta-

2216 5215 2311 5271 bat
2335 5231 2463 5272 non
2486 5216 2811 5295 aspiciebat;
2851 5217 2945 5289 qui
2981 5218 3315 5289 sequebatur.
3343 5218 3687 5277 intuebatur.
3731 5217 3800 5273 Et

2223 5304 2526 5342 ‘na‘vnnwnm
2561 5306 2789 5342 nnnn'ne
2848 5307 2938 5342 IIII:
2978 5323 3077 5342 ηηρ
3110 5308 3446 5342 Inmane-‘3‘":
3485 5307 3768 5342 animant“
