4052 6312
373 303 399 367 ί
407 301 513 365 031

999 419 1225 475 CAPUT
1266 418 1328 475 V.

641 513 707 566 In
744 529 978 572 sermone
1016 514 1079 566 de
1109 513 1376 567 natit'ilate
1417 511 1478 568 S.
1503 511 1714 568 Μανίαν.

445 601 604 659 Hunc
642 603 805 672 plane
843 603 1195 656 mcdiatorem
1225 603 1320 657 Dei
1359 611 1414 658 et
1452 602 1755 668 hominum,
1786 603 1967 660 homi-

377 709 502 753 nem
525 696 806 750 Christum
829 693 1035 756 Iesum,
1064 694 1155 764 qui
1188 709 1283 764 per
1321 694 1672 763 semetipsum
1711 693 1763 747 in
1793 693 1969 748 Evan-

377 786 520 854 gelio
565 794 799 840 testatur
840 801 854 836 :
907 802 926 834 ‹
963 783 1077 854 Ego
1126 799 1278 847 sum,
1326 782 1612 852 inquiens,
1664 783 1789 837 vitis
1838 798 1969 838 vera

379 877 564 948 (Joan.
591 880 705 946 xv),
742 896 760 928 ι
802 876 992 930 botrus
1031 875 1120 929 illc
1157 875 1466 945 signaverat
1508 891 1668 945 quem
1705 876 1770 931 de
1823 885 1968 929 terra

379 972 758 1044 promissionis
823 971 1194 1040 exploratores
1263 971 1316 1025 in
1374 971 1643 1043 phalanga
1701 972 1770 1025 ad
1829 971 1971 1026 ﬁlios

381 1063 547 1120 Israel
578 1063 895 1118 deferebant
935 1062 1124 1132 (Nunt.
1188 1063 1330 1135 xm).
1393 1062 1615 1118 Duobus
1642 1073 1820 1118 autem
1848 1078 1972 1132 por-

383 1158 638 1213 titoribus
678 1157 806 1211 hinc
843 1155 967 1210 inde
1003 1155 1320 1224 suppositis,
1359 1155 1529 1210 altero
1551 1155 1801 1210 videlicet
1834 1169 1971 1224 pra:-

382 1250 629 1313 cedente,
667 1248 842 1303 altero
869 1247 1254 1316 subsequente,
1298 1248 1489 1304 botrus
1530 1249 1583 1302 in
1615 1249 1792 1303 medio
1827 1248 1970 1303 ferc-

382 1343 563 1403 batur,
607 1341 731 1410 quia
755 1339 1092 1408 Redemptor
1133 1349 1337 1402 noster,
1368 1339 1496 1394 dum
1528 1355 1557 1392 a
1584 1339 1838 1394 Patribus
1865 1339 1968 1395 Ve-

383 1433 516 1488 teris
555 1430 888 1486 Testamenti
931 1439 1192 1485 venturus
1228 1445 1348 1484 esse
1394 1430 1729 1500 prmdicitur,
1783 1429 1968 1484 aNovi

381 1534 513 1575 vero
554 1518 1001 1589 praedicatoribus
1033 1517 1147 1586 jam
1193 1518 1408 1573 venisse
1461 1519 1766 1584 nuntiatur,
1814 1519 1968 1588 quasi

381 1611 571 1668 botrus
622 1611 675 1665 in
721 1609 991 1680 phalanga
1046 1608 1312 1676 defertur,
1357 1618 1417 1664 ut
1466 1610 1534 1665 ad
1578 1610 1967 1680 capessendam

380 1715 630 1772 superna:
670 1699 1109 1770 repromissionis
1155 1709 1372 1754 terram.
1401 1715 1558 1755 mens
1601 1699 1837 1753 ﬁdelium
1877 1714 1963 1752 ac«

1685 307 1753 363 ιω
1793 308 2046 364 unum:
2087 311 2350 368 sonent
2425 297 2430 301 ’

1986 429 2034 488 Α
2063 423 2162 486 eis,
2191 424 2342 492 quasi
2376 423 2594 493 quidam
2643 426 3009 483 interveniens
3044 444 3253 493 murus,
3305 431 3560 499 exclusit,
3594 443 3654 492 ut

3487 325 3656 408 _toss

2068 518 2232 567 vorax
2265 513 2476 568 ﬂamma
2506 515 2762 586 dcglutiat
2797 518 3039 574 inﬁdeles
3066 537 3334 591 quosque,
3367 523 3432 578 de
3457 527 3654 596 quibus

2069 605 2331 674 scriptum
2375 613 2496 658 est:
2529 625 2547 655 ‹
2582 603 2734 661 Nunc
2784 607 2922 676 ignis
2968 609 3313 667 adversarios
3360 617 3655 681 consumit,

2068 705 2124 751 et
2167 696 2336 766 justi,
2381 698 2471 766 qui
2521 698 2625 769 ﬁde
2665 699 2885 764 vivunt,
2937 701 3247 758 incendium
3295 705 3658 764 damnationis

2069 790 2310 844 evadunt
2356 789 2542 850 (Hebr.
2569 791 2646 858 x).
2679 809 2698 842 ι
2741 791 2980 857 Quorum
3011 804 3345 851 mortuorum
3384 808 3548 868 atque
3567 801 3660 854 'vi-

2068 880 2310 934 ventium
2330 878 2445 948 jam
2478 890 2532 936 et
2566 879 2664 949 ipsi
2708 880 2947 937 latrones
2999 895 3298 938 noscuntur
3346 885 3512 942 fuisse
3543 890 3658 958 pri-

2069 971 2256 1035 mitiae,
2315 971 2455 1028 inter
2485 988 2620 1043 quos
2647 973 2907 1029 Dominus
2953 976 3246 1033 cruciﬁxus
3288 988 3394 1046 est,
3419 997 3653 1050 quorum

2069 1064 2210 1120 alter
2246 1065 2471 1132 electus,
2515 1065 2654 1120 alter
2682 1075 2766 1120 cst
2803 1067 2999 1122 merito
3042 1070 3280 1138 perﬁdia:
3316 1074 3656 1142 reprobatus.

2071 1156 2185 1210 Hoc
2217 1157 2401 1226 itaque
2433 1157 2728 1228 thymiama
2766 1158 3018 1212 sacriﬁcii
3052 1160 3308 1218 salutaris
3355 1173 3520 1234 atque
3549 1165 3662 1219 sin-

2069 1243 2287 1314 gularis,
2331 1248 2474 1314 quod
2517 1246 2571 1299 in
2617 1262 2711 1299 ara
2745 1247 2924 1302 crucis
2964 1247 3205 1303 oblatum
3238 1261 3321 1304 est
3349 1251 3456 1306 Deo
3487 1253 3657 1318 Patri,

2068 1350 2226 1389 mons
2282 1335 2370 1390 ille
2425 1333 2760 1391 fortitudinis
2819 1337 2961 1392 inter
3018 1347 3261 1394 mortuos
3312 1341 3661 1412 viventesque

2068 1427 2334 1496 portavit,
2366 1443 2487 1480 cum
2515 1427 2737 1498 odorem
2771 1444 2882 1482 sua:
2910 1430 3117 1484 notitiie
3147 1447 3244 1500 per
3274 1431 3458 1488 ﬁdeles
3487 1445 3541 1488 et
3577 1436 3662 1488 in-

2069 1515 2255 1570 ﬁdeles
2277 1515 2481 1572 effudit.
2505 1517 2658 1572 Unde
2672 1527 2754 1572 est
2772 1517 2897 1573 illud
2913 1518 2965 1572 in
2981 1518 3292 1575 Canticisn
3315 1522 3657 1594 Unguentum

2065 1604 2293 1660 eﬁ‘usum
2322 1621 2516 1660 nomen
2549 1617 2695 1660 tuum
2709 1605 2887 1678 (Cant.
2916 1606 2976 1678 ι).
3003 1627 3021 1661 ι
3053 1608 3119 1662 Et
3144 1609 3464 1679 Apostolus:
3497 1632 3515 1664 ι
3547 1612 3658 1670 Deo

2068 1704 2247 1748 autem
2275 1696 2498 1766 gratias,
2530 1696 2621 1766 qui
2653 1711 2870 1765 semper
2902 1697 3201 1768 triumphat
3228 1715 3326 1755 nos
3359 1701 3411 1754 in
3438 1700 3659 1758 Christo

381 1783 666 1850 cendatur.
699 1791 976 1862 Phalanga
1006 1792 1204 1862 quippe
1239 1791 1418 1846 delata
1458 1791 1702 1846 humeris
1736 1791 1967 1860 portito-
1999 1787 2042 1846 B
2071 1782 2215 1848 Jcsu,
2250 1797 2307 1840 et
2331 1788 2552 1843 odorem
2584 1787 2790 1842 notitiae
2827 1803 2938 1842 sua:
2975 1805 3191 1860 semper
3215 1792 3523 1848 manifestat
3562 1810 3661 1864 per

380 1898 520 1948 rum,
542 1883 722 1937 divina
749 1881 830 1936 lex
853 1894 937 1935 est
963 1881 1210 1951 imposita
1235 1881 1536 1936 cervicibus
1557 1881 1854 1951 hominum,
1880 1897 1968 1936 cu-

373 1971 468 2042 jus
504 1981 690 2043 partes
718 1972 910 2027 botrus
940 1972 1029 2026 ille
1057 1972 1268 2027 medius
1292 1973 1657 2038 continuavit;
1687 1973 1812 2042 quia
1845 1971 1964 2028 Sal-

381 2071 539 2116 vator
567 2072 773 2128 neSter,
811 2079 830 2113 ι
849 2061 941 2131 qui
973 2060 1103 2117 fecit
1132 2071 1360 2132 utraque
1391 2077 1557 2116 unum
1581 2061 1796 2133 (Ep/tes.
1820 2062 1882 2116 ιι)
1903 2104 1916 2123 ,
1940 2083 1958 2115 ι

383 2171 508 2211 eum
550 2154 861 2227 evangelica
889 2155 1134 2210 doctrina
1163 2154 1296 2224 legis
1324 2162 1378 2208 et
1402 2154 1786 2225 prophetarum
1813 2171 1966 2209 man-

381 2241 510 2297 data
554 2240 854 2310 conjunxit.
906 2241 1010 2296 Sed
1037 2243 1127 2312 qui
1157 2242 1520 2311 prazcedebat,
1552 2242 1694 2313 quod
1724 2243 1965 2299 humeris

375 2329 648 2402 portabat,
675 2329 848 2386 oculis
869 2345 976 2385 non
1006 2331 1252 2397 videbat;
1285 2331 1374 2400 qui
1400 2338 1583 2385 autem
1611 2332 1963 2402 sequebatur,

277 2407 290 2415 ”
373 2441 514 2480 onus
552 2440 708 2478 suum
741 2439 958 2493 semper
1005 2424 1338 2480 intuebatur.
1391 2424 1496 2479 Per
1525 2425 1676 2480 illum
1704 2441 1834 2498 ergo
1870 2428 1964 2498 qui

371 2516 734 2587 praecedebat,
764 2514 996 2586 populus
1024 2513 1335 2574 Judieorum
1359 2532 1373 2569 :
1406 2533 1504 2587 per
1535 2517 1685 2572 illum
1711 2533 1840 2573 vero
1869 2519 1964 2588 qui

372 2607 738 2675 sequebatur,
802 2619 909 2660 non
959 2605 1255 2676 incongrue
1309 2607 1628 2678 designatur
1675 2607 1964 2666 multitudo

278 2767 284 2774 .
368 2698 632 2772 gentium.
703 2696 797 2752 llle
841 2697 987 2750 enim
1038 2712 1138 2765 per
1181 2713 1351 2752 sacra:
1397 2699 1696 2768 Scriptum
1739 2699 1964 2769 paginas

367 2789 530 2862 quasi
567 2788 620 2842 in
650 2788 896 2842 humeris
923 2786 1201 2841 Christum
1233 2788 1490 2858 portavit,
1531 2789 1626 2843 sed
1655 2789 1781 2858 quia
1818 2805 1961 2860 pra:-

368 2888 578 2937 sentem
617 2879 670 2934 in
700 2893 890 2944 carne,
927 2877 1252 2949 impediente
1297 2879 1633 2934 inﬁdelitatis
1677 2895 1788 2935 sua:
1830 2880 1963 2936 cali-

367 2974 516 3046 gine,
547 2987 655 3029 non
687 2972 964 3042 cognovit,
998 2972 1219 3027 dorsum
1267 2973 1316 3026 ei
1353 2972 1756 3042 quodammodo
1789 2973 1843 3028 in
1871 2971 1961 3027 fa-

367 3065 508 3120 ciem
537 3064 714 3130 misit;
741 3063 844 3118 iste
869 3077 1002 3118 vero
1029 3063 1120 3133 qui
1151 3062 1401 3134 sequitur
1427 3063 1646 3134 aSpicit,
1676 3064 1800 3132 quia
1827 3079 1960 3135 gen-

2069 1891 2169 1931 nos
2206 1875 2260 1930 in
2299 1878 2444 1932 omni
2488 1877 2634 1944 loco,
2676 1879 2803 1950 quia
2831 1879 3026 1934 Christi
3071 1883 3242 1936 bonus
3275 1883 3412 1937 o.lor
3460 1898 3651 1940 sumus

2066 1968 2178 2024 Deo
2206 1969 2260 2024 in
2293 1971 2360 2025 iis
2387 1970 2476 2040 qui
2509 1970 2645 2024 salvi
2674 1969 2812 2024 ﬁunt
2840 1981 2896 2025 et
2926 1971 2977 2024 in
3009 1973 3089 2027 eis
3119 1974 3209 2041 qui
3241 1982 3495 2041 pereunt;
3535 1974 3659 2028 aliis

2066 2059 2285 2129 quidem
2315 2063 2451 2116 odor
2477 2060 2668 2115 mortis
2709 2061 2762 2115 in
2807 2070 3064 2128 mortem,
3110 2063 3233 2118 aliis
3275 2065 3414 2118 odor
3435 2064 3561 2122 vita:
3600 2064 3656 2120 in

2064 2152 2234 2208 vitam
2264 2153 2350 2224 (ΙΙ
2374 2151 2498 2208 Cor.
2525 2154 2612 2225 ιι).
2633 2174 2653 2207 s

2668 2245 2896 2303 CAPUT
2933 2245 3046 2302 VII.

2244 2336 2313 2394 In
2352 2354 2589 2394 sermone
2624 2337 2688 2392 de
2722 2337 3020 2393 inventione
3059 2350 3257 2394 sancta:
3286 2342 3476 2398 crucis.

2141 2449 2162 2484 ‹
2194 2429 2437 2501 Przeeipe
2466 2430 2592 2486 ﬁliis
2627 2429 2792 2486 Israel
2823 2439 2883 2484 ut
2911 2431 3181 2489 adducant
3207 2449 3426 2489 vaccam
3457 2432 3653 2498 rufam,

2063 2530 2228 2578 tctate
2263 2523 2493 2594 integra,
2522 2524 2641 2577 sine
2676 2523 2910 2589 macula,
2958 2539 3078 2593 quae
3121 2540 3399 2594 nunquam
3434 2526 3656 2596 pertulit

2059 2612 2244 2684 jugum
2275 2612 2464 2684 (Nam.
2498 2611 2635 2683 xix).
2672 2631 2689 2664 ι
2743 2610 2880 2665 Rufa
2921 2613 3177 2668 nimirum
3225 2613 3390 2667 vitula
3417 2627 3546 2669 caro
3571 2624 3656 2670 est

2065 2702 2386 2766 Salvatoris,
2415 2717 2568 2755 rosea
2614 2700 2821 2754 scilicet
2857 2702 3119 2771 sanguine
3145 2701 3436 2772 passidnis.
3468 2701 3656 2758 Perfe-

2064 2803 2163 2867 cta:
2211 2792 2428 2863 quidem
2474 2790 2649 2846 aetatis
2690 2790 2948 2844 Dominus
3003 2791 3070 2844 ad
3115 2792 3418 2861 passionem
3468 2793 3649 2858 venit;

2061 2883 2156 2938 sed
2189 2884 2308 2954 ejus
2335 2881 2530 2937 collum
2568 2881 2755 2952 jugum
2787 2880 2995 2951 peccati
3027 2880 3316 2950 cujuslibet
3360 2897 3466 2937 non
3494 2884 3653 2939 attri-

2061 2974 2162 3027 vit:
2225 2973 2326 3040 Qui
2369 2972 2591 3025 vitulam
2636 2969 2899 3035 olTerunt,
2945 2971 3206 3026 immundi
3255 2981 3407 3038 sunt;
3453 2981 3508 3026 et
3556 2973 3650 3044 qui

2061 3065 2338 3120 Christum
2389 3064 2747 3134 cruciﬁgunt,
2787 3065 2926 3118 unde
2963 3065 3194 3120 mundus
3241 3066 3496 3130 abluitur,
3547 3069 3650 3138 ipSl

367 3155 480 3210 tilis
519 3154 750 3226 populus
778 3154 1192 3224 Bedemptorem
1233 3169 1419 3219 suum,
1453 3155 1507 3209 in
1539 3168 1700 3225 quem
1727 3153 1960 3210 ﬁdeliter
1986 3143 2031 3206 C
2063 3154 2445 3210 damnabiliter
2487 3155 2862 3223 inquinantur.
2899 3153 3000 3221 Qui
3038 3168 3186 3219 vero,
3231 3155 3466 3210 cinerem
3493 3157 3650 3214 colli-

365 3245 560 3310 eredit,
590 3245 874 3300 manifeste
897 3243 1198 3314 cognoscit.
1225 3244 1414 3300 Potest
1437 3246 1602 3300 etiam
1638 3261 1735 3316 per
1764 3259 1957 3315 repro-

366 3335 644 3392 missionis
674 3331 873 3390 terram
922 3350 1025 3391 non
1073 3336 1372 3407 incongrue
1404 3336 1579 3407 ipsum
1636 3337 1960 3392 beatissima

366 3425 462 3484 Dei
493 3420 782 3499 Genitricis
826 3443 1023 3497 corpus
1071 3428 1294 3498 intelligi
1324 3469 1338 3493 ,
1387 3443 1456 3482 ex
1486 3444 1595 3499 quo
1627 3429 1960 3499 Redemptor

366 3531 556 3577 noster
583 3520 727 3575 velut
755 3520 1043 3589 singularis
1073 3520 1264 3576 botrus
1292 3520 1460 3576 voluit
1487 3521 1797 3577 humanitus
1832 3512 1977 3592 ger--

367 3614 587 3679 minari,
611 3613 765 3682 juxta
796 3614 921 3666 illud
961 3614 1104 3682 quod
1149 3613 1410 3684 scriptum
1438 3622 1518 3668 est
1548 3631 1561 3667 :
1596 3633 1614 3664 ι
1648 3611 1864 3668 Veritas
1891 3614 1972 3691 de»

370 3717 514 3762 terra
545 3716 664 3761 orta
691 3717 773 3760 est
797 3705 970 3776 (Psal.
1004 3706 1251 3775 Lxxxtv).
1277 3725 1293 3756 ι
1327 3705 1396 3760 Et
1422 3706 1558 3761 bene
1589 3718 1719 3760 caro
1746 3706 1953 3762 beatis-

368 3795 524 3855 Sima:
549 3797 788 3868 Virginis
839 3806 983 3850 terra
1029 3795 1468 3866 repromissionis
1517 3803 1601 3850 est
1643 3793 1807 3858 dicta,
1837 3811 1958 3865 qua:

367 3889 528 3959 longe
561 3899 688 3943 ante
724 3889 965 3958 paritura
998 3885 1336 3942 Salvatorcm
1376 3885 1560 3939 mundi
1608 3901 1638 3938 a
1679 3886 1957 3954 prophetis

369 3981 723 4037 multifariam
767 3989 851 4036 est
892 3978 1178 4050 promissa.
1233 3977 1392 4048 126
1437 3978 1568 4042 Qua:
1602 3990 1731 4030 vere
1774 3977 1857 4032 lac
1901 3988 1957 4032 et

369 4071 476 4126 mel
527 4069 791 4134 manavit,
841 4069 971 4122 dum
1017 4067 1184 4120 Deum
1235 4075 1292 4119 et
1334 4065 1604 4119 hominem
1639 4064 1954 4119 intemerata

367 4163 684 4234 virginitate
709 4159 971 4231 profudit.
1015 4159 1168 4215 Unde
1198 4167 1251 4212 et
1281 4172 1378 4226 per
1404 4157 1597 4210 Isaiam
1631 4158 1952 4226 prophetam

366 4255 612 4312 dicitur:
659 4273 678 4306 ι
710 4252 850 4308 Ecce
896 4252 1050 4322 virgo
1096 4251 1148 4304 in
1187 4261 1342 4303 utero
1383 4248 1654 4317 concipiet
1690 4257 1746 4302 et
1779 4249 1956 4318 pariet

367 4344 567 4412 ﬁlium,
611 4353 667 4399 et
693 4343 977 4398 vocabitur
1008 4357 1204 4395 nomen
1250 4341 1366 4410 ejus
1399 4339 1744 4406 Emmanuel;
1793 4338 1953 4410 butyc

365 4449 489 4494 rum
527 4443 580 4491 ct
618 4434 721 4490 incl
759 4434 1025 4496 comedet,
1066 4442 1120 4485 ut
1159 4432 1298 4487 sciat
1329 4431 1622 4503 reprobare
1653 4429 1854 4485 malum
1895 4441 1951 4486 ct

361 4526 568 4599 eligere
593 4527 791 4582 bonum
822 4525 975 4597 (lsai.
1007 4523 1124 4591 vn).
1152 4543 1170 4576 ι

980 4612 1210 4668 CAPUT
1248 4612 1335 4666 Vl.

486 4709 555 4767 In
595 4709 815 4781 epistola
851 4707 920 4761 ad
948 4704 1322 4760 Πετηιὲείιιάὶιιι
1360 4704 1835 4758 sanctimonialem.

383 4819 397 4828 '
447 4827 464 4860 ‹
499 4805 717 4860 Tollens
743 4804 921 4856 Aaron
952 4798 1305 4860 tlmrihulum,
1335 4796 1576 4852 cucurrit
1602 4809 1699 4866 per
1719 4795 1950 4850 mediam

369 4897 770 4954 multitudinem
821 4906 988 4962 quam
1040 4889 1285 4942 vastabat
1320 4887 1648 4950 incendium,
1695 4895 1772 4950 et,
1803 4895 1954 4939 stans

368 4993 514 5047 inter
541 4998 783 5046 mortuos
810 5001 874 5040 ac
897 4984 1160 5045 viventes,
1187 4981 1484 5052 thymiama
1515 4978 1734 5039 obtulit,
1767 4978 1952 5048 sicque

369 5081 667 5138 desaaviens
707 5077 863 5148 plaga
901 5075 1132 5128 cessavit
1164 5069 1352 5138 (Num.
1379 5071 1512 5138 xvt).
1550 5089 1568 5121 ι
1603 5067 1770 5136 Quem
1823 5081 1952 5121 sane

367 5173 574 5236 Aaron,
620 5168 725 5224 nisi
775 5167 1191 5234 ltedemptorcm
1256 5171 1504 5215 nostrum
1570 5156 1952 5228 signiﬁcabat?

371 5263 487 5334 Ipse
535 5274 770 5329 namque
821 5257 1078 5326 quoniam
1126 5254 1196 5307 ad
1243 5252 1567 5308 currendam
1608 5251 1753 5304 viam
1797 5248 1952 5321 quasi

367 5355 519 5425 gigas
547 5349 838 5405 exsultavit
875 5345 1048 5418 (Psal.
1075 5346 1254 5415 xvttt),
1291 5350 1510 5413 arrepto
1543 5339 1811 5410 passionis
1839 5355 1952 5395 sua:

371 5427 668 5510 thurihulo,
684 5443 827 5498 inter
844 5448 1083 5495 mortuos
1105 5448 1158 5494 et
1181 5439 1423 5492 viventes
1436 5435 1699 5498 occurrit,
1725 5443 1782 5487 et
1805 5431 1955 5502 objee

369 5545 462 5591 ctu
508 5534 686 5590 erucis
736 5549 865 5595 sum.
919 5533 970 5586 in
1018 5546 1122 5601 qua
1175 5529 1473 5600 thymiama
1520 5525 1663 5580 sacri
1709 5523 1952 5593 corporis

369 5635 774 5703 concrematum
804 5632 910 5689 est,
940 5625 1192 5693 ctAgnus
1223 5622 1310 5677 ille
1339 5617 1574 5675 cmlestis
1605 5623 1818 5671 assatus
1845 5623 1950 5682 est,

369 5717 524 5773 vivos
560 5733 625 5773 ac
655 5726 897 5772 mortuos
945 5713 1236 5783 separavit,
1278 5711 1520 5782 ignisque
1544 5708 1839 5778 perniciem
1885 5709 1954 5764 ab

2058 3265 2233 3321 gens,.
2263 3257 2416 3303 extra
2463 3258 2643 3302 castra
2677 3247 2911 3317 projicit,
2959 3248 3192 3302 mundus
3222 3259 3332 3315 est;
3375 3248 3503 3320 quia
3529 3251 3653 3322 qui-

2058 3353 2271 3408 cunque
2334 3333 2518 3392 crucis
2567 3337 2859 3392 Dominica:
2906 3337 3284 3408 passionisquc
3333 3339 3650 3411 mysterium

2055 3444 2154 3500 per
2180 3429 2364 3484 mundi
2393 3429 2731 3484 latitudinem
2771 3428 3090 3497 praedicant,
3135 3447 3164 3484 a
3205 3444 3547 3500 peccatorum
3584 3450 3649 3492 se

2057 3521 2306 3592 contagio
2361 3536 2459 3592 per
2516 3520 2894 3576 mdiﬁcationis
2959 3519 3217 3578 fraterna:
3281 3523 3647 3581 ministerium

2056 3623 2307 3686 purgant.

2553 3707 2709 3778 127
2749 3705 2976 3763 CAPUT
3015 3705 3146 3762 Vill.

2235 3799 2301 3854 In
2329 3816 2564 3854 sermone
2594 3801 2658 3854 de
2686 3798 3006 3852 exultatione
3047 3809 3244 3854 sancta:
3268 3801 3460 3855 crucis.

2132 3910 2151 3944 α
2189 3893 2378 3962 Aperi,
2405 3891 2653 3951 Domine,
2689 3890 3004 3942 thesaurum
3049 3897 3220 3955 tuum,
3251 3888 3458 3944 fontem
3487 3906 3641 3962 aqua:

2055 3987 2213 4051 vivae,
2247 3995 2306 4039 ut
2342 3983 2543 4046 satiati,
2594 3989 2773 4034 cesset
2816 3981 3174 4034 murtnuratio
3216 3995 3404 4035 eorum
3449 3982 3641 4050 (Nam.

2055 4075 2169 4145 xx).
2218 4096 2236 4126 ι
2309 4071 2492 4143 Neque
2534 4072 2679 4126 enim
2730 4080 2838 4124 tam
2887 4069 3188 4142 magniﬁcis
3236 4081 3401 4142 atque
3446 4073 3643 4131 divinis

2057 4165 2242 4218 verbis
2267 4163 2596 4217 elementum
2625 4159 2976 4225 describeret,
3006 4175 3073 4214 ex
3101 4162 3353 4217 cavernis
3383 4163 3640 4220 videlicet

2055 4262 2217 4308 teme
2247 4251 2511 4322 proﬁuum
2541 4265 2606 4306 ac
2640 4249 2892 4318 deinceps
2929 4248 2982 4303 in
3014 4264 3323 4306 secessuum
3358 4254 3640 4311 cuniculos

2055 4345 2404 4413 egerendum.
2451 4339 2706 4412 Nunquid
2744 4340 2890 4395 enim
2923 4341 3143 4412 dignum
3177 4339 3282 4396 fuit
3307 4343 3438 4399 viles
3465 4359 3638 4416 aquas

2056 4434 2324 4505 appellare
2377 4433 2468 4487 Dei
2500 4431 2852 4487 thesaurum?
2891 4431 2998 4485 Sed
3022 4433 3114 4486 Dei
3145 4432 3456 4490 thesaurum
3488 4434 3671 4494 illum‘

1976 4491 2030 4552 Β
2057 4491 2244 4599 procul
2310 4524 2473 4579 dubio
2538 4523 2811 4588 nominat,
2863 4524 2930 4576 de
2971 4536 3079 4591 quo
3125 4522 3417 4594 Apostolus
3459 4491 3635 4606 dicité

2059 4597 2243 4684 tQuia
2298 4615 2351 4669 in
2399 4622 2619 4684 pectore
2660 4611 2791 4668 Jesu
2837 4621 2963 4667 sunt
3014 4628 3204 4669 omnes
3243 4617 3485 4672 thesauri
3518 4597 3642 4674 ’δεῖ
3677 4656 3681 4662 ς

2056 4707 2272 4777 pientiae
2320 4713 2376 4758 et
2401 4703 2642 4757 scicntia:
2667 4701 2968 4756 absconditi
2994 4700 3218 4771 (Colon.
3244 4706 3326 4774 ιι).
3362 4723 3381 4758 ο
3411 4705 3642 4764 Fontetn

2053 4798 2216 4852 etiam
2262 4810 2416 4864 aqua:
2462 4794 2597 4846 viva:
2639 4791 2788 4846 illum
2834 4791 3108 4861 perbibet,
3150 4793 3218 4848 de
3261 4809 3370 4864 quo
3405 4795 3641 4852 dicitur:

2059 4908 2077 4942 ι
2113 4889 2212 4954 Qui
2259 4885 2456 4940 biberit
2499 4898 2696 4954 aquam
2735 4898 2896 4952 quam
2954 4896 3055 4953 ego
3094 4884 3234 4940 dabo
3258 4887 3329 4951 ei,
3363 4888 3456 4943 ﬁet
3485 4885 3538 4944 in
3570 4905 3638 4948 eo

2059 4979 2180 5034 fons
2213 4991 2365 5046 aqua:
2393 4973 2638 5028 salientis
2679 4973 2731 5026 in
2765 4973 2930 5027 vitam
2973 4982 3236 5031 mtcrnam
3263 4976 3446 5047 (Jaan.
3479 4981 3576 5051 tv).
3614 4999 3636 5034 s

2057 5071 2306 5139 Alioquin
2352 5082 2457 5136 qua
2501 5063 2726 5120 rationis
2767 5065 3156 5133 consequentia
3201 5067 3405 5124 diceret
3441 5073 3468 5122 ε’
3503 5087 3524 5124 ε
3563 5070 3635 5127 Ut

2059 5155 2822 5226 sa:iati,ccssetmurmuratio
2846 5170 3058 5223 eorum,
3097 5171 3257 5214 scum
3298 5162 3642 5229 postmodum

2059 5253 2202 5308 idem
2238 5249 2467 5321 populus
2491 5260 2840 5302 murmurans
2865 5245 3012 5301 dicat
3038 5264 3052 5300 :
3083 5265 3100 5299 ι
3135 5248 3247 5304 Cur
3271 5253 3508 5309 eduxisti
3538 5267 3640 5309 nos

2059 5345 2128 5398 de
2149 5339 2406 5412 Egypto,
2434 5348 2496 5395 ut
2529 5352 2867 5395 moreremur
2905 5339 2964 5395 in
2996 5339 3321 5397 solitudine?
3355 5345 3516 5401 Deest
3540 5359 3637 5416 pa-

2055 5433 2160 5497 nis,
2205 5447 2315 5488 non
2359 5437 2488 5486 sunt
2525 5443 2690 5500 aqua:
2730 5428 2928 5499 (Exod.
2954 5431 3101 5498 xiv);
3141 5449 3161 5485 ι
3211 5438 3270 5488 et
3315 5431 3420 5488 alia
3445 5431 3640 5499 multa,

2056 5539 2179 5596 qua:
2207 5521 2514 5594 prodigiosa
2544 5520 2818 5577 dementia
2860 5521 3219 5578 tumultuatus
3241 5524 3497 5578 evomuit.
3531 5522 3640 5580 Sed

2059 5616 2286 5683 allectus
2321 5615 2482 5671 uredio
2508 5611 2718 5684 Moyses
2759 5625 2869 5668 tam
2898 5613 3050 5669 dura».
3087 5628 3153 5669 ac
3181 5614 3452 5670 seditiosa:
3498 5613 3640 5668 mul-

2063 5705 2336 5774 titudinis,
2384 5704 2675 5770 adventum
2701 5703 2862 5761 anxie
2888 5701 3101 5778 ﬂagitat
3127 5703 3461 5766 Salvatoris:
3497 5703 3641 5760 sicut
