4108 5342
471 305 617 364 485)

1395 305 1890 362 (ΣΟΙΛΕΩΤΑΝΕᾹ
1931 305 1996 362 ιΝ
2031 306 2255 365 VETUS
2297 305 2837 365 TESTAMi-INTUM.

3499 288 3507 300 ’
3598 308 3748 372 tete

475 436 530 477 et
562 433 685 478 tunc
717 423 973 493 petierat,
1007 435 1127 476 cum
1173 421 1424 476 dicebat:
1459 439 1476 472 ι
1508 421 1775 488 Obsecro,
1807 419 2051 490 Domine,
2084 423 2132 482 A
2161 429 2331 482 serto,
2377 419 2451 474 ita
2491 419 2716 476 exaltari
2751 429 2962 490 oportet
2992 420 3158 476 ﬁlium
3189 423 3439 488 hominis,
3474 435 3527 480 ut
3556 431 3741 482 omnis

475 515 630 570 mitte
653 525 811 583 quem
842 512 1105 569 missurus
1131 526 1188 568 es
1217 511 1415 582 (Exod.
1445 511 1546 582 tv).
1581 527 1602 564 ι

1072 598 1302 656 CAPUT
1355 598 1447 655 IX.

979 689 1047 748 In
1077 692 1256 746 eodem
1285 703 1543 746 sermone.

461 803 468 808 ·
551 803 566 834 ι
603 782 936 854 Congregata
987 779 1330 836 multitudine
1373 789 1500 836 ante
1545 786 1753 850 petram
1781 820 1795 844 ,
1841 779 2050 851 Moyses

470 872 544 929 ait
571 893 583 927 :
608 875 820 936 Audite,
863 872 1090 928 rebelles
1117 880 1172 925 et
1203 871 1482 935 increduli,
1518 886 1646 926 num
1673 874 1738 926 de
1766 882 1915 941 petra
1950 872 2050 927 hac

469 965 624 1019 rubis
657 979 850 1033 aquam
879 963 1174 1034 poterimus
1209 961 1447 1032 ejicere?
1485 980 1503 1014 ι
1542 961 1731 1034 (Num.
1762 965 1878 1032 xx.)
1903 962 2049 1017 Tans

469 1070 630 1125 quam
667 1056 872 1110 diceret
898 1072 911 1108 :
941 1053 1047 1108 Nos
1083 1068 1186 1108 non
1221 1051 1461 1108 valemus
1487 1053 1630 1123 quod
1661 1069 1821 1123 supra
1851 1053 2043 1107 huma-

469 1148 656 1203 uitatis
685 1148 826 1202 vires
857 1155 942 1200 est
985 1143 1186 1208 facere,
1228 1144 1354 1214 quia
1397 1157 1496 1198 vos
1549 1159 1655 1197 non
1702 1143 2045 1213 acquiescitis

468 1238 612 1306 quod
660 1235 959 1290 humanum
989 1242 1071 1288 est
1107 1232 1424 1304 adimplere.
1471 1230 1582 1287 Nec
1609 1233 1820 1304 signum
1856 1247 2046 1301 possu-

464 1342 589 1384 mus
615 1343 680 1382 ex
713 1327 916 1382 virtute
944 1324 1246 1380 divinitatis
1292 1324 1598 1388 ostendere,
1628 1325 1754 1393 quia
1785 1338 1879 1380 vos
1907 1340 2044 1378 nun-

465 1434 628 1490 quam
680 1418 929 1476 desinitis
976 1417 1085 1472 Deo
1140 1430 1237 1486 per
1285 1415 1599 1470 rebellionis
1645 1415 2039 1470 contumaciam

462 1511 760 1565 contraire.
809 1507 1038 1576 Propter
1077 1513 1300 1576 peccata
1349 1520 1584 1574 namque
1631 1505 1852 1574 populi,
1897 1505 2040 1574 quod

462 1609 516 1653 et
547 1601 658 1669 ipse
682 1598 793 1666 jam
841 1595 1066 1660 fecerat,
1101 1595 1314 1664 quando
1346 1595 1598 1648 videlicet
1647 1594 1696 1647 in
1724 1594 1892 1648 Gades
1925 1596 2038 1649 lar-

460 1689 712 1759 gissimas
740 1702 907 1757 equas
933 1685 1136 1740 silicem
1165 1687 1514 1754 percutienda
1540 1689 1815 1757 produxit.
1846 1702 2034 1744 rursus

2156 511 2248 580 qui
2291 509 2463 566 credit
2507 510 2558 564 in
2601 510 2746 565 illum
2795 527 2899 566 non
2928 522 3142 580 pereat,
3194 513 3286 568 sed
3326 515 3522 570 habeat
3566 518 3738 572 vitam

2151 607 2408 655 aeternam
2453 598 2639 671 (Joan.
2689 601 2795 670 ιιι).
2833 620 2850 654 ι
2896 600 3066 657 Recte
3111 617 3240 672 ergo
3286 620 3506 674 serpens
3546 621 3738 664 aeneus

2151 703 2250 760 pro
2296 690 2452 763 signo
2494 693 2732 762 ponitur,
2781 700 2837 747 et
2881 691 3107 763 populus
3156 695 3423 764 aspiciens
3469 711 3500 752 a
3544 712 3736 755 morsu

2149 781 2482 851 serpentium
2531 784 2812 849 liberatur,
2860 785 2983 854 quia
3028 787 3335 858 quicunque
3378 791 3433 844 in
3475 789 3732 847 Salvato-

2149 886 2288 935 rem,
2312 871 2401 940 qui
2428 871 2480 926 in
2509 888 2670 928 cruce
2702 889 2995 943 suspensus
3023 885 3123 937 est.
3153 891 3218 932 ex
3247 879 3512 936 desiderio
3547 883 3733 939 imita-

2150 959 2310 1016 tionis
2339 961 2648 1030 intendunt,
2689 977 2850 1019 omne
2878 980 3002 1019 mox
3028 965 3178 1023 virus
3205 968 3552 1028 etlethil‘eros
3580 989 3732 1030 mor-

2146 1065 2236 1106 sus
2262 1053 2530 1108 veternosi
2567 1055 2831 1122 serpentis
2861 1055 3118 1110 evadunt.
3155 1058 3218 1111 Et
3254 1061 3548 1116 notandum
3580 1051 3728 1134 quod

2144 1155 2370 1212 serpens
2421 1142 2506 1196 ille
2532 1160 2628 1213 pro
2675 1144 2829 1213 signo
2877 1146 3074 1200 dicitur
3118 1148 3344 1216 positus.
3386 1148 3518 1206 Nam
3559 1165 3611 1208 et
3640 1156 3730 1208 Si-

2144 1249 2298 1285 meon
2345 1232 2432 1287 ille
2474 1231 2670 1301 justus,
2704 1237 2880 1289 delato
2914 1235 2976 1289 ad
3024 1238 3277 1306 templum
3307 1240 3551 1305 Domino,
3582 1246 3726 1298 vati-

2143 1320 2332 1375 cinaus
2367 1322 2440 1374 ait
2471 1339 2482 1374 :
2519 1341 2537 1374 ι
2568 1323 2707 1378 Ecce
2736 1327 2942 1392 positus
2978 1335 3059 1378 est
3096 1327 3185 1380 hic
3223 1327 3274 1380 in
3324 1329 3530 1383 ruinam
3571 1342 3621 1384 et
3669 1334 3722 1387 in

2143 1411 2592 1466 resurrectionem
2624 1414 2916 1467 multorum
2949 1416 3000 1468 in
3019 1414 3202 1479 Israel,
3227 1425 3280 1470 et
3311 1418 3361 1471 in
3387 1419 3594 1487 signum
3635 1424 3718 1476 cui

2141 1501 2542 1556 centradicetur
2566 1493 2718 1571 (an.
2763 1513 2843 1573 ιι).
2877 1525 2894 1557 ι
2925 1505 2978 1558 In
3014 1507 3227 1577 signum
3255 1523 3484 1578 namque
3505 1523 3722 1566 eontra-

2139 1593 2388 1646 dictionis
2439 1593 2768 1664 Redemptor
2814 1604 2998 1651 noster
3055 1605 3139 1652 est
3185 1598 3428 1665 positus,
3477 1603 3600 1669 quia
3665 1603 3718 1656 in

2140 1698 2298 1737 cruce
2349 1694 2465 1738 erat
2513 1701 2611 1754 pro
2663 1686 2882 1740 humani
2945 1687 3158 1758 generis
3210 1687 3381 1743 salute
3440 1707 3718 1760 passurus.

459 1793 518 1832 se
541 1776 717 1832 facere
743 1791 897 1846 posse
920 1774 1137 1830 diﬂidit'
1181 1784 1342 1842 atque
1366 1773 1484 1828 ideo
1514 1775 1566 1828 in
1601 1776 2036 1845 repromissionis
2067 1769 2111 1828 Β
2141 1773 2239 1828 Cui
2291 1775 2546 1828 nimirum
2581 1777 2727 1831 cruci
2765 1777 2942 1830 omnis
2982 1779 3163 1832 mundi
3197 1781 3458 1848 sapientia
3502 1795 3722 1837 contra-

458 1877 658 1921 terram
687 1867 933 1920 eumdem
967 1862 1239 1936 populum,
1268 1864 1492 1920 Domino
1529 1867 1873 1936 prohibente,
1919 1867 2036 1922 nul-

457 1964 670 2018 latenus
716 1962 1034 2016 introduxit.
1089 1979 1106 2012 ‹
1147 1959 1252 2014 Sed
1285 1969 1434 2028 petra
1471 1960 1580 2023 illa,
1621 1960 1774 2028 jmzta
1805 1962 2034 2030 Aposto-

456 2053 588 2116 lum,
611 2052 858 2108 Chri-tns
887 2059 1004 2105 erat
1037 2049 1121 2120 (11
1144 2047 1266 2102 Cor.
1295 2049 1370 2118 τ).
1405 2069 1422 2102 ι
1456 2050 1676 2104 Accedit
1703 2051 1864 2122 igitur
1887 2054 2034 2122 virga

456 2147 524 2201 ad
565 2147 794 2210 silicem,
823 2155 872 2200 ct
905 2145 1202 2199 haurienda
1251 2144 1461 2214 pOpulis
1505 2160 1641 2215 aqua
1694 2147 2031 2216 producitur.

453 2242 753 2297 Adhibetur
785 2257 915 2296 crux
959 2238 1194 2304 Christo,
1223 2248 1274 2293 et
1301 2239 1478 2293 omnia
1509 2239 1672 2294 corda
1699 2239 2033 2296 credentium

452 2333 623 2402 gratia
655 2331 828 2385 sancti
863 2330 1096 2399 Spiritus
1140 2329 1402 2400 rigantur.
1453 2327 1552 2382 llic
1578 2337 1659 2383 est
1689 2329 1831 2383 enim
1878 2329 2030 2399 lapis,

449 2424 521 2479 de
557 2437 664 2492 quo
706 2438 803 2492 per
847 2420 1165 2474 Zachariam
1212 2419 1410 2472 dicitur
1457 2435 1468 2470 :
1521 2435 1539 2469 ι
1585 2419 1755 2488 Super
1800 2418 2031 2489 lapidem

450 2525 618 2566 unum
650 2519 853 2581 septem
886 2510 1024 2564 oculi
1057 2518 1182 2563 sunt
1214 2506 1400 2579 (Zach.
1447 2511 1551 2578 εει).
1584 2527 1602 2558 ι
1650 2508 1802 2575 Quod
1853 2519 2031 2563 autem

451 2612 658 2671 petram
701 2616 808 2654 non
849 2599 1122 2655 credendo
1149 2600 1439 2668 percussit,
1471 2608 1632 2669 atque
1660 2601 1778 2652 ideo
1808 2600 1872 2654 ad
1903 2614 2031 2670 pro-

449 2693 670 2744 missam
720 2703 916 2745 terraru
949 2705 1071 2744 cum
1099 2691 1294 2762 pepulo
1343 2706 1447 2746 non
1479 2693 1742 2760 pervenit,
1773 2692 2029 2761 populum

448 2781 720 2850 signiﬁcat
749 2779 1082 2846 Judceorum,
1101 2785 1212 2851 qui,
1241 2780 1482 2850 profecto
1505 2779 1775 2836 Christum
1805 2782 1895 2836 l‘oei
1923 2781 2030 2836 vir-

449 2883 616 2927 tutem
659 2888 779 2929 esse
824 2889 930 2929 non
977 2875 1224 2936 credens.
1252 2876 1303 2929 in
1349 2875 1490 2946 rgno
1537 2876 1837 2945 suspendit,
1869 2885 2028 2947 atque

446 2967 566 3023 ideo
593 2969 646 3023 in
677 2976 877 3024 terram
905 2968 1196 3025 viventium
1225 2965 1431 3022 intrare
1462 2982 1566 3022 non
1594 2967 1807 3023 meruit.

1069 3055 1294 3112 CAPUT
1336 3055 1404 3110 Χ.

961 3147 1028 3203 1η
1057 3151 1234 3203 eodem
1259 3164 1512 3202 sermone.

521 3260 540 3296 α
560 3242 930 3298 Murmuranle
957 3240 1246 3310 aliquando
1273 3238 1467 3310 populo
1496 3239 1754 3295 adversus
1781 3238 2016 3310 Moysen,

444 3353 508 3392 ac
550 3337 762 3391 dicente
802 3351 813 3387 :
863 3333 1021 3388 Deest
1067 3331 1256 3402 panis.
1305 3330 1466 3406 128
1508 3346 1613 3385 non
1663 3339 1787 3385 sunt
1836 3344 2017 3399 aqua,

442 3431 620 3483 anima
652 3432 837 3482 nostra
853 3423 969 3495 jam
1003 3429 1226 3477 nauseat
1251 3435 1411 3491 super
1438 3420 1560 3476 cibo
1591 3421 1691 3476 isto
1717 3419 2017 3485 levissimo;

442 3530 574 3573 tunc
627 3516 850 3571 immisit
904 3515 955 3568 in
1004 3527 1097 3569 eos
1148 3512 1406 3567 Dominus
1463 3511 1661 3581 ignitos
1716 3519 2014 3580 serpentes.

439 3610 682 3677 Cumque
732 3605 1050 3676 poenitentia
1103 3604 1248 3657 ducti
1309 3602 1690 3674 indulgentiam
1749 3611 2014 3673 peterent,

439 3715 509 3754 ex
536 3706 802 3768 praecepto
827 3695 1043 3751 Domini
1073 3693 1198 3749 fecit
1227 3693 1436 3764 Moyses
1457 3703 1762 3764 serpentem
1784 3706 2012 3759 teneam,

439 3799 491 3842 et
522 3803 618 3858 pro
656 3788 815 3857 signo
846 3785 1048 3855 posuit;
1103 3785 1168 3838 ad
1211 3800 1391 3855 quem.
1421 3785 1727 3856 quicunque
1771 3785 2012 3855 percussi

437 3878 657 3932 fuerant
672 3876 1000 3944 aspicientes
1021 3874 1265 3944 protinus
1290 3873 1820 3944 sanabantur(Num.
1840 3876 2008 3945 ικι).»

439 3969 728 4023 Enimvero
775 3982 870 4037 per
901 3965 1184 4020 consilium
1236 3965 1504 4034 serpentis
1543 3973 1628 4020 est
1666 3964 1826 4020 homo
1863 3965 2013 4021 dela-

435 4073 563 4128 psus
591 4057 644 4113 in
672 4067 932 4122 mortem;
963 4071 1038 4110 tes
1068 4069 1191 4110 vero
1223 4056 1432 4112 caeteris
1456 4055 1692 4112 metallis
1719 4055 2013 4111 durabilius

433 4148 726 4205 invenitur.
768 4145 975 4202 Aineus
1031 4146 1208 4215 itaque
1246 4153 1467 4215 serpens
1494 4147 1777 4201 Dominum
1810 4144 2010 4216 ﬁgura-

430 4241 532 4304 vit,
561 4240 651 4309 qui
701 4238 938 4292 infusum
992 4237 1144 4290 nobis
1177 4250 1442 4291 venenum
1491 4237 1768 4291 diabolica:
1817 4245 2011 4307 sugge-

433 4331 628 4388 stionis
678 4330 874 4402 abegit.
912 4328 978 4382 Et
1003 4337 1125 4396 apte
1170 4342 1351 4384 tenens
1399 4340 1641 4398 serpens,
1686 4337 1748 4382 ut
1773 4341 1868 4396 per
1897 4342 2011 4382 ser-

429 4432 647 4495 pentem
685 4428 968 4480 mortuus,
1002 4429 1056 4473 et
1089 4431 1184 4487 per
1213 4429 1286 4472 ενδ
1311 4416 1571 4472 Dominus
1608 4417 2006 4488 significaretur

2137 1864 2296 1932 dixit.
2325 1866 2416 1918 sed
2442 1863 2570 1936 Regi
2613 1880 2706 1935 per
2743 1883 2861 1921 eam
2899 1867 3088 1938 gloria;
3119 1869 3466 1938 triumphanti
3502 1875 3717 1927 tandem

2136 1953 2347 2008 devicta
2379 1954 2682 2017 succubuit,
2717 1955 2860 2008 sicut
2899 1957 2949 2010 in
2978 1955 3204 2011 Actibus
3234 1959 3596 2028 aposwlurnm
3635 1968 3718 2015 ifi-

2135 2046 2312 2100 citur:
2354 2064 2372 2096 ι
2407 2046 2484 2099 De
2520 2056 2666 2100 secta
2716 2055 2896 2102 autem
2947 2047 3050 2102 hac
3093 2049 3294 2105 scimus
3349 2051 3475 2120 quia
3517 2044 3722 2122 ubique

2131 2137 2182 2191 ei
2215 2138 2609 2194 contradicitur
2637 2139 2774 2208 (Act.
2804 2139 3014 2211 xzvni).
3057 2159 3076 2193 ›

2743 2230 2969 2288 CAPUT
3012 2233 3098 2289 XI.

2506 2323 2572 2379 In
2601 2342 2835 2380 sermone
2866 2324 2928 2381 S.
2952 2327 3338 2400 Christouhori.
3553 2399 3564 2407 α

2207 2433 2225 2467 ι
2272 2412 2418 2468 Misit
2457 2414 2622 2469 Israel
2656 2417 2874 2474 nuntios
2913 2419 2979 2472 ad
3010 2419 3172 2486 Seon,
3219 2422 3443 2477 dicens:
3473 2423 3714 2480 Obsecro

2133 2508 2190 2558 ut
2222 2505 2454 2559 transire
2487 2505 2619 2560 mihi
2653 2506 2811 2580 liccat
2847 2524 2944 2578 per
2975 2519 3174 2564 terram
3204 2519 3379 2578 tuam;
3415 2531 3518 2568 non
3543 2515 3712 2570 decli-

2129 2597 2379 2651 nabimus
2413 2597 2463 2651 in
2508 2613 2668 2669 agros
2697 2610 2752 2654 et
2777 2601 2993 2666 vineas;
3039 2620 3142 2657 non
3171 2605 3415 2662 bibemus
3446 2624 3613 2678 aquas
3639 2587 3715 2663 ex.

2127 2690 2327 2758 pacis,
2364 2691 2446 2744 ria
2479 2691 2626 2760 regia
2661 2692 2975 2762 gradienanr
3011 2696 3180 2752 donec
3222 2706 3561 2754 transeamus
3594 2709 3708 2753 ter-

2127 2787 2304 2839 minos
2343 2791 2460 2843 tuos
2507 2784 2698 2856 (Nam.
2731 2787 2866 2858 ut).
2905 2806 2924 2840 ι
2965 2787 3065 2855 Qui
3108 2791 3405 2847 concedere
3445 2792 3618 2848 noluit
3649 2802 3707 2847 ut

2129 2876 2384 2930 transiret
2403 2875 2566 2931 lsrael
2591 2891 2687 2947 per
2709 2878 2841 2933 fines
2863 2895 3022 2944 suos;
3047 2881 3175 2949 quin
3201 2883 3402 2953 potius,
3428 2892 3485 2938 ut
3513 2884 3703 2940 eadem

2127 2979 2281 3020 sacra
2342 2974 2572 3021 testatur
2617 2967 2863 3033 historia,
2892 2970 3131 3025 exercitu
3185 2982 3528 3044 congregato,
3560 2973 3714 3044 Seon,

2126 3071 2377 3127 egressus
2406 3068 2487 3114 est
2517 3059 2732 3114 obviam
2773 3061 2826 3115 in
2864 3061 3165 3129 desertum,
3209 3072 3262 3118 et
3289 3065 3436 3120 venit
3468 3065 3519 3119 in
3553 3065 3702 3119 lsaar

2049 3121 2092 3182 C
2127 3146 2295 3220 [Issa]
2329 3150 2693 3218 pugnavitque
2724 3159 2914 3206 contra
2961 3149 3146 3217 Israel,
3191 3167 3220 3206 a
3263 3163 3370 3223 quo
3410 3168 3698 3223 percussus

2121 3247 2205 3293 est
2235 3239 2288 3292 in
2311 3255 2405 3294 ore
2419 3239 2606 3311 gladii,
2635 3250 2690 3296 et
2718 3257 2960 3312 possessa
2993 3253 3076 3297 est
3103 3252 3241 3298 terra
3273 3246 3388 3314 ejus
3413 3247 3480 3299 ab
3511 3246 3698 3300 lsracl.

2122 3328 2226 3383 Sed
2263 3334 2404 3399 quod
2443 3339 2566 3386 tunc
2596 3331 2695 3386 sub
2731 3332 2912 3403 Moyse
2940 3331 3040 3387 fuit
3077 3333 3428 3388 historialiter
3468 3334 3689 3397 factum,

2121 3420 2220 3475 sub
2248 3421 2462 3476 Christo
2491 3423 2728 3492 quotidie
2759 3423 2818 3478 ιιι
2846 3440 2941 3494 per
2974 3423 3132 3495 129
3155 3425 3452 3494 spiritualis
3491 3428 3694 3482 militia

2119 3519 2538 3562 sacramentum.
2580 3509 2726 3566 Hane
2757 3511 2898 3566 enim
2927 3527 3160 3582 pugnam
3193 3513 3278 3569 ille
3309 3522 3418 3568 tum
3460 3517 3694 3586 populus

2117 3595 2493 3657 adumbrabas.
2517 3599 2644 3667 quia
2686 3616 2825 3655 nunc
2855 3611 3041 3655 sancta
3073 3601 3310 3657 Ecclesia
3337 3601 3539 3676 jugiter
3565 3622 3694 3661 cono

2119 3697 2202 3741 tra
2242 3688 2513 3744 diabolmn
2546 3690 2790 3746 dimicat.
2827 3692 2968 3747 Seon
3000 3693 3198 3766 quippe
3233 3694 3498 3764 duplicem
3531 3697 3693 3751 habet

2117 3777 2640 3848 interpretationem.
2693 3780 2901 3836 Dicitur
2946 3783 3087 3837 enim
3137 3785 3294 3838 arbor
3340 3786 3687 3855 infructuosa,

2117 3871 2316 3926 dicitur
2351 3881 2405 3927 et
2428 3871 2616 3927 elalus.
2662 3873 2792 3940 Quis
2819 3875 2964 3929 enim
2995 3883 3078 3930 est
3108 3875 3209 3931 iste
3237 3876 3430 3944 elatus,
3458 3879 3578 3950 quis
3607 3891 3691 3934 cst

2121 3961 2223 4017 iste
2248 3963 2536 4033 superbus,
2569 3965 2670 4019 nisi
2697 3967 2956 4036 reprobus
2989 3965 3074 4022 ille
3105 3965 3355 4037 Spiritus,
3388 3969 3478 4039 qui
3514 3971 3642 4025 dicit
3671 3989 3686 4025 :

2121 4071 2139 4104 σ
2183 4053 2241 4108 In
2267 4054 2462 4109 cmlum
2489 4057 2868 4123 conscendam,
2904 4071 3065 4126 super
3105 4065 3250 4111 astra
3285 4057 3404 4112 ρωιὶ
3442 4059 3690 4114 exaltabo

2118 4142 2312 4199 solium
2344 4160 2554 4211 meum;
2584 4147 2872 4202 ascendam
2899 4162 3059 4217 super
3081 4147 3421 4202 altitudinem
3443 4149 3684 4215 nubium,

2113 4244 2168 4290 et
2189 4236 2383 4292 similis
2410 4252 2503 4293 ero
2530 4236 2842 4294 Attissimo?
2873 4258 2889 4290 ι
2920 4237 3073 4307 (Isai.
3103 4238 3236 4309 xxv.)
3265 4238 3414 4304 Quis,
3445 4239 3684 4310 inquam.

2113 4325 2213 4381 iste
2243 4326 2418 4385 elatus
2465 4336 2546 4382 est
2569 4368 2583 4392 ,
2634 4327 2732 4382 nisi
2781 4327 2868 4381 ille
2895 4367 2909 4390 ,
2940 4327 3007 4383 de
3039 4343 3147 4397 quo
3189 4328 3467 4398 Scriptura
3508 4331 3636 4385 dicit
3667 4349 3681 4384 :

2118 4436 2138 4470 ι
2188 4417 2323 4485 Quia
2376 4420 2489 4490 ipse
2534 4427 2616 4474 est
2643 4435 2732 4474 rex
2763 4434 2924 4489 super
2951 4436 3142 4476 omnes
3171 4421 3306 4476 ﬁlios
3327 4422 3624 4492 superbiae?
3660 4441 3678 4468 ι

429 4478 687 4570 aeternus.
737 4510 837 4576 Qui
877 4510 1022 4564 enim
1067 4478 1133 4564 et
1175 4507 1511 4562 humanitate
1578 4478 1758 4564 crucis
1799 4508 1998 4578 suppli-
2025 4478 2082 4534 θ
2109 4511 2230 4580 (Job
2263 4478 2578 4580 su)..Adco
2629 4519 2718 4576 ut,
2773 4509 2926 4579 juxta
2960 4511 3292 4580 Apostolum,
3338 4529 3357 4562 ι
3390 4478 3450 4566 in
3489 4511 3683 4583 templo

356 4582 365 4589 ~
431 4605 576 4661 cium
604 4601 861 4673 pertulit,
898 4615 960 4654 cz
989 4598 1268 4654 divinitate
1315 4609 1602 4667 perpetuus
1641 4608 1701 4654 et
1760 4599 2006 4667 impassi-

428 4696 554 4752 bilis
581 4694 729 4749 vivit.
775 4691 944 4748 Porro
976 4701 1157 4746 autem
1203 4704 1424 4758 serpens
1470 4704 1650 4744 tenens
1692 4688 2007 4745 similitudi-

432 4802 553 4842 nem
583 4785 796 4855 qniden
827 4783 1091 4852 serpentis
1117 4783 1298 4847 habet,
1329 4781 1421 4838 sed
1452 4796 1714 4837 venenum
1743 4781 2006 4850 serpentis

429 4891 536 4930 non
563 4877 743 4930 haf-ct.
774 4874 838 4928 Et
868 4871 1191 4942 Redemptor
1219 4882 1402 4925 noster
1440 4871 1492 4924 in
1514 4869 1863 4925 similitudine
1889 4869 2007 4938 qui-

429 4966 550 5020 dem
597 4963 776 5018 carnis
821 4962 1028 5032 peccati
1064 4962 1344 5032 apparuit,
1371 4963 1464 5015 sed
1492 4959 1700 5031 peccati
1737 4968 2002 5014 venenum

427 5053 487 5110 in
522 5069 588 5108 eo
626 5053 799 5108 locum
841 5053 1042 5108 habere
1070 5066 1174 5104 non
1206 5050 1410 5119 potuit,
1439 5049 1660 5118 quippe,
1697 5066 1714 5097 ι
1749 5048 1838 5116 qui
1873 5063 2000 5118 pec-

425 5153 608 5198 catum
644 5157 752 5197 non
779 5141 925 5202 fecit.
957 5157 1058 5195 nec
1084 5141 1237 5195 dolus
1268 5141 1516 5194 inventus
1545 5145 1627 5193 est
1667 5139 1720 5192 in
1759 5152 1852 5192 ore
1887 5139 2002 5208 ejus

425 5231 482 5304 (1
507 5229 651 5285 Patr.
676 5230 760 5286 nl.
785 5249 817 5282 -ι
859 5230 968 5284 Nec
1001 5229 1432 5299 pnetereundum
1461 5239 1543 5285 est
1579 5230 1722 5299 quod
1767 5242 2000 5299 congrue

432 5322 559 5342 --.ε-
593 5321 796 5342 ...-,.-ε,
835 5320 914 5342 QII-
971 5323 1058 5342 --ιε
1091 5321 1202 5342 1-..-
1250 5320 1382 5342 Ι.-Α-
1429 5330 1546 5342 ---..ι
1577 5339 1584 5342 .
1622 5321 1870 5342 ο-ι,.---
1937 5323 1968 5342 l2

1091 5321 1202 5342 1-..-
1250 5316 1382 5342 ’.-Α-
1429 5330 1584 5342 ---_n.
1622 5321 1870 5342 D-I_.__-
1937 5323 1968 5342 l2

2111 4598 2206 4652 Dei
2253 4599 2544 4669 aliquando
2584 4600 2790 4664 sedeat,
2837 4601 3126 4654 ostendens
3178 4615 3236 4656 se
3291 4605 3550 4670 tanquam
3613 4602 3682 4656 sit

2113 4689 2251 4744 Deus
2281 4688 2363 4760 (11
2398 4688 2574 4745 Thess.
2618 4690 2702 4761 ιι).
2751 4709 2772 4744 ι
2816 4689 2968 4758 Quod
3015 4701 3195 4744 autem
3244 4689 3384 4746 idem
3415 4691 3484 4745 sit
3520 4693 3681 4747 arbor

2113 4777 2468 4846 infructuosa,
2493 4780 2826 4848 expositione
2857 4795 2961 4834 non
2993 4779 3215 4850 indiget,
3259 4781 3381 4834 dum
3425 4781 3538 4850 ipse
3567 4791 3679 4836 tan-

2113 4887 2275 4940 quam
2321 4871 2521 4942 lignum
2555 4873 2768 4926 aridum
2795 4872 3014 4926 aeternis
3043 4872 3113 4926 sit
3139 4872 3349 4942 ignibus
3376 4874 3674 4942 deputatus.

2111 4959 2210 5013 llic
2241 4962 2419 5030 itaque
2464 4961 2604 5014 Seon
2640 4976 2732 5017 rex
2771 4969 2850 5015 est
2880 4961 3344 5019 Amorrha'orum.
3375 4965 3466 5031 qui
3494 4973 3549 5016 ct
3581 4964 3674 5031 ipsi

2111 5049 2535 5119 interpretantur
2565 5051 2641 5104 rel
2671 5051 2721 5104 in
2748 5051 3149 5105 amaritudinem
3179 5053 3514 5106 adducentes.
3543 5053 3672 5106 Nam

2091 5138 2408 5207 quicunque
2431 5139 2661 5208 maligno
2687 5141 2900 5208 spiritui
2928 5157 3024 5208 per
3054 5143 3334 5211 rt-proliam
3361 5143 3527 5196 vitam
3552 5145 3670 5197 suh-

2100 5225 2286 5294 jacen:
2331 5228 2556 5297 ejusque
2601 5230 2819 5286 ditionis
2856 5230 3064 5300 legibus
3127 5241 3341 5300 parent,
3393 5231 3672 5301 loquentes

2568 5319 2656 5342 --.³
2702 5335 2804 5342 μ-..
2855 5320 3122 5342 --..Ξ---ι--
3181 5320 3418 5342 n|-_?.__--
3473 5337 3524 5342 _‘

2106 5315 2317 5342 anhl...‘
2367 5325 2488 5342 -..κε
