4052 6312
319 395 450 453 tuti
541 355 552 362 ’

1632 397 1700 454 IN
1734 350 1988 452 LIBRUM
2027 395 2312 451 NUMERI.

3433 397 3569 452 ηἰξ

323 521 410 565 tur
450 508 784 581 (-Eccle._v1).
834 527 852 562 ι
915 509 1234 566 Sanctorum
1295 519 1472 566 autem
1519 526 1746 582 regnum
1791 521 1894 564 nun

2009 522 2174 577 neque
2209 509 2260 562 in
2293 523 2482 578 agrum
2529 508 2667 577 regis
2711 505 2872 576 Seon,
2904 521 3079 577 neque
3117 507 3171 562 in
3199 509 3429 573 vineam,
3479 517 3583 565 tie--

316 611 400 657 est
448 604 501 656 in
541 615 825 665 sermone,
870 602 965 656 sed
1013 603 1066 656 in
1103 604 1322 657 virtute.
1359 601 1465 657 Sed
1495 603 1588 672 qui
1629 611 1756 658 sunt
1787 603 1896 657 elo-

315 699 564 760 q-:cntes,
586 688 750 745 iidem
776 699 901 745 sunt
947 700 999 744 et
1023 689 1082 746 in
1106 690 1520 752 amaritudinem
1546 692 1894 756 adducentes,

315 780 464 847 quia,
492 777 636 836 sicut
664 778 836 838 sancti
868 779 1069 848 quique
1109 767 1355 836 Acmlestis
1385 779 1586 850 eloquii
1631 781 1786 835 mella
1817 781 1897 835 di-

318 869 553 933 stillant,
593 869 672 923 sic
721 869 942 937 reprobi
977 869 1200 939 quilibet
1225 869 1338 926 suis
1376 870 1718 926 auditoribus
1746 871 1896 928 virus

317 967 552 1014 terrente
591 959 847 1015 versutia:
874 961 1396 1030 amaritudinemque
1427 962 1733 1032 propinant.
1771 961 1897 1017 Istis

315 1055 461 1105 enim
503 1051 559 1105 in
605 1065 836 1120 persona
885 1061 1085 1107 sanctae
1110 1052 1365 1108 Ecclesia:
1395 1054 1593 1109 dicitur
1622 1073 1635 1108 :
1673 1073 1692 1107 ι
1721 1054 1896 1110 Favus

318 1139 592 1197 distillans
619 1140 761 1194 labia
793 1151 906 1207 tua,
939 1155 1136 1212 sponsa
1169 1142 1345 1212 (Cant.
1372 1144 1468 1213 tv).
1517 1163 1536 1197 ι
1583 1145 1685 1212 Qui
1733 1147 1894 1199 etiam

316 1235 375 1289 lu
431 1232 602 1303 figura
658 1233 902 1300 ejusdem
963 1234 1219 1290 Ecclesia:
1257 1236 1552 1291 concinunt
1596 1253 1619 1291 :-
1659 1255 1677 1289 ι
1723 1237 1895 1306 Quam

319 1323 495 1378 dulcia
523 1323 772 1378 faucibus
791 1323 927 1384 meis
947 1323 1158 1395 eloquia
1189 1335 1304 1394 tua,
1328 1341 1492 1396 super
1518 1326 1622 1383 mel
1643 1334 1696 1384 et
1714 1327 1897 1384 favum

317 1415 399 1468 ori
439 1416 596 1470 meo!
630 1433 649 1467 ι
681 1415 854 1486 (Psal.
882 1416 1096 1488 cxvm.)
1122 1417 1196 1473 De
1225 1433 1452 1488 quorum
1483 1419 1645 1475 etiam
1682 1421 1900 1476 doctore

317 1519 514 1572 sponsa
557 1504 687 1560 dicit
724 1505 777 1559 in
820 1504 1059 1562 Canticis
1090 1525 1103 1562 :
1137 1525 1157 1560 ι
1190 1508 1389 1564 Gnttnr
1417 1508 1536 1579 ejus
1562 1511 1906 1578 dulcedines,

315 1607 372 1651 et
405 1605 550 1651 totus
579 1598 1012 1668 concupiscentia
1062 1599 1240 1670 (Cum.
1286 1601 1362 1673 v).
1408 1620 1430 1653 ›
1469 1603 1544 1657 De
1581 1602 1686 1659 illis
1714 1612 1897 1659 autem

320 1705 350 1743 e
382 1690 659 1744 contrario
703 1690 900 1746 dicitur
932 1709 947 1746 :
983 1711 1002 1746 ι
1032 1690 1168 1759 Quia
1195 1693 1393 1764 linguis
1422 1695 1533 1749 suis
1566 1695 1749 1750 dolose
1775 1711 1899 1767 age-

317 1780 482 1847 bant;
533 1795 796 1835 vencnum
851 1783 1098 1854 aspidum
1146 1785 1244 1839 sub
1295 1785 1454 1840 labiis
1491 1801 1676 1842 eorum
1719 1785 1894 1858 (l’ral.

321 1870 465 1941 xm).
516 1888 535 1922 ι
579 1869 681 1926 Ubi
734 1887 860 1928 mox
903 1873 1148 1943 sequitur

317 1962 556 2027 dictione
593 1965 1032 2039 etamaritudine
1060 1965 1276 2036 plenum
1306 1979 1389 2022 est
1418 1967 1610 2041 (Ibid).
1657 1987 1678 2022 ν

392 2053 546 2109 Unde
591 2063 646 2110 et
696 2057 912 2112 vineam
959 2057 1106 2112 illam
1132 2059 1392 2114 Dominus
1434 2077 1532 2130 per
1579 2063 1899 2132 prephetam

318 2159 350 2202 c
390 2145 674 2212 nqueritur
754 2147 808 2202 in
889 2149 1303 2208 amaritudinem
1395 2165 1516 2207 esse
1580 2169 1899 2212 conversam

319 2237 474 2305 tlrai.
516 2253 576 2302 v;
621 2237 736 2292 Jer.
774 2237 876 2308 n);
922 2252 1040 2309 qua:
1071 2241 1328 2297 nimirum
1363 2243 1476 2308 illi,
1509 2260 1672 2315 aquo
1699 2247 1900 2306 dudum

1999 613 2104 668 que
2141 599 2206 653 de
2232 599 2352 654 lacu
2380 600 2495 669 ejus
2523 614 2582 653 se
2625 599 2908 667 pollicetur
2951 599 3131 668 aliquo
3178 599 3336 653 modo
3363 611 3572 667 potatu-

1999 705 2136 746 rum.
2184 691 2287 745 Per
2338 706 2527 762 agrum
2571 692 2798 757 scilicet,
2847 691 3027 761 operis
3070 691 3418 757 exercitium;
3477 707 3574 760 per

1998 783 2213 839 vineam
2245 791 2292 835 et
2323 780 2520 846 lacum,
2549 797 2806 836 vanarum
2835 781 3030 835 artium
3062 779 3378 850 intelligitur
3405 795 3580 851 pocu-r

1997 872 2128 937 lum,
2176 871 2478 942 astrologite
2527 872 2750 936 scilicet,
2792 872 3034 942 magicae,
3079 872 3493 927 necromantica:
3519 883 3574 928 et

1998 965 2257 1037 quidquid
2305 974 2389 1020 est
2436 964 2578 1033 quo-tl
2610 979 2810 1018 vanum
2865 964 3068 1032 aliquid
3119 962 3202 1018 vel
3254 963 3572 1033 sacrilegum

1999 1055 2328 1125 dt-gn'iatizat
2387 1062 2574 1108 contra
2624 1053 2904 1108 catholica:
2975 1052 3106 1114 lidei_
3161 1052 3438 1121 pica-trimi.
3500 1050 3576 1107 De

1997 1145 2193 1214 quibus
2233 1143 2418 1213 utique
2463 1143 2838 1214 pestilentibus
2886 1140 3091 1211 poculis
3138 1151 3324 1196 contra
3352 1155 3590 1211 perver-

1998 1251 2116 1291 sum
2151 1235 2405 1305 populum
2432 1249 2530 1303 per
2563 1233 2852 1292 Jeremiam
2902 1233 3160 1289 Dominus
3201 1232 3574 1301 conqueritur,

2000 1329 2187 1388 dicens
2215 1345 2228 1381 :
2267 1347 2286 1381 ι
2317 1328 2449 1384 'Duo
2481 1326 2618 1383 mala
2657 1326 2786 1382 fecit
2817 1326 3045 1396 populus
3078 1339 3266 1390 meus;
3299 1341 3384 1381 me
3425 1324 3578 1380 dere-

1998 1417 2290 1489 liquerunt,
2323 1416 2524 1477 fontem
2552 1432 2705 1488 aquae
2725 1418 2879 1479 vivat.
2910 1427 2963 1470 et
2990 1415 3238 1470 foderunt
3259 1413 3362 1468 sibi
3392 1415 3581 1468 cister~

2000 1527 2100 1565 nas
2150 1511 2462 1578 dissipatas,
2517 1524 2637 1579 qua:
2687 1510 2966 1564 continere
3013 1522 3119 1561 non
3181 1506 3362 1560 valent
3413 1519 3583 1576 aquas

2001 1603 2134 1675 (Jer.
2171 1603 2253 1672 ιι).
2299 1621 2319 1657 ι
2365 1603 2439 1658 De
2475 1603 2671 1673 quibus
2699 1611 2754 1656 et
2799 1617 2895 1671 per
2945 1599 3290 1657 Salomonem
3337 1600 3578 1655 dicitur:

2007 1711 2026 1745 α
2067 1693 2232 1762 Aqua:
2281 1692 2493 1748 furtivae
2523 1691 2786 1748 dulciores
2819 1697 2944 1744 sunt
2990 1687 3168 1759 (Prov.
3202 1690 3299 1759 Ix).
3346 1707 3364 1741 ι
3411 1688 3583 1744 liabet

2001 1795 2180 1839 autem
2227 1783 2389 1840 lsrael
2437 1783 2613 1840 fontes
2661 1797 2790 1840 suos
2822 1801 2834 1837 :
2871 1802 2889 1835 ι
2931 1781 2986 1835 lu
3041 1781 3286 1836 ccclesiis
3312 1822 3326 1846 ,
3368 1781 3582 1850 inquit,

1201 1893 1215 1928 :
1273 1893 1292 1928 ς
1335 1876 1575 1942 Quorum
1619 1893 1683 1933 os
1730 1878 1897 1934 male-
1925 1869 1970 1928 Β
1998 1874 2299 1930 benedicite
2355 1877 2464 1931 Deo
2523 1874 2751 1930 Domino
2799 1873 2864 1929 de
2914 1871 3150 1927 fontibus
3194 1867 3356 1925 Israel
3405 1867 3580 1940 (l’sal.

2002 1965 2190 2034 uvn).
2237 1983 2255 2017 ι
2301 1963 2532 2033 Superbi
2579 1978 2710 2034 ergo
2741 1963 2884 2018 Seon
2929 1976 3108 2031 aquas.
3139 1960 3381 2029 respuat,
3413 1959 3583 2014 btet-e-

2001 2056 2232 2110 ticorum
2279 2056 2587 2128 dogmatum
2639 2056 2840 2110 ﬂuenta
2895 2062 3223 2116 contemnat,
3290 2059 3344 2106 et
3397 2070 3415 2102 ε
3452 2051 3584 2104 hau-

1999 2147 2106 2202 riat
2136 2161 2303 2215 aquas
2351 2145 2407 2202 in
2438 2148 2636 2216 gaudio
2685 2146 2751 2201 de
2795 2144 3034 2200 fontibus
3077 2141 3379 2198 Salvatoris
3426 2141 3576 2213 (lusi.

2000 2236 2117 2306 xu).
2166 2254 2183 2287 ι
2226 2235 2328 2302 Qui
2375 2237 2522 2292 enim
2551 2235 2756 2304 dirupit
2789 2233 2967 2289 fontes
3008 2241 3058 2287 et
3098 2241 3365 2286 torrentes
3407 2228 3582 2300 (Psal.

319 2336 636 2395 perceperat
690 2336 886 2383 terram
919 2328 1074 2384 lactis
1113 2341 1167 2385 et
1195 2331 1388 2399 mellis,
1431 2334 1769 2403 postmodum
1806 2338 1904 2393 ob-
1999 2329 2217 2398 tum),
2249 2328 2335 2384 hic
2367 2329 2418 2383 in
2443 2327 2733 2400 Evangelio
2779 2327 2910 2382 dicit
2937 2345 2950 2380 :
2984 2344 3002 2378 t
3033 2324 3132 2392 Qui
3162 2325 3360 2380 biberit
3388 2340 3584 2394 aquam

320 2417 441 2471 tulit
485 2417 902 2481 amaritudinem
940 2420 1088 2480 aceti,
1120 2421 1280 2477 simul
1325 2431 1380 2477 et
1409 2423 1547 2479 feJlis
1583 2425 1762 2497 (Deut.
1797 2427 1902 2497 xl).

322 2506 524 2562 llorum
581 2509 764 2579 itaque
819 2509 1187 2582 loquentium,
1235 2514 1321 2569 vel
1371 2516 1426 2572 in
1485 2519 1910 2575 amaritudinem.

323 2600 727 2664 adducendum,
761 2599 903 2656 Seon
956 2616 1047 2656 rex
1079 2612 1184 2669 est,
1236 2605 1340 2674 qui.
1377 2603 1550 2660 elatus
1597 2609 1897 2675 asseritnr,

321 2693 449 2759 quia
480 2691 782 2763 vaniloquis
826 2702 880 2750 et
911 2696 1116 2750 amaris
1165 2696 1325 2765 hujus
1357 2702 1539 2755 mundi
1571 2704 1902 2758 amatoribus

322 2786 356 2839 d
379 2785 565 2840 abolus
594 2796 786 2843 auctor
817 2790 1082 2857 superbia:
1105 2773 1479 2864 'principatur.
1530 2793 1680 2849 Unde
1705 2804 1759 2850 et
1791 2797 1901 2865 ipse

323 2877 574 2944 princeps
607 2877 790 2931 nntndi
823 2879 1025 2931 dicitur
1052 2879 1236 2948 (Joan.
1274 2896 1369 2941 xu,
1407 2883 1539 2950 xtv),
1572 2883 1712 2937 illius
1754 2887 1902 2940 vide-

323 2964 448 3018 licet
487 2967 554 3021 de
594 2983 704 3037 quo
741 2969 873 3022 dicit
918 2967 1154 3024 Joannes
1198 2988 1212 3025 :
1251 2991 1268 3022 ι
1312 2971 1543 3027 Mundus
1584 2975 1633 3028 in
1668 2975 1902 3044 maligno

326 3057 533 3124 positus
566 3066 648 3110 est
677 3057 726 3124 (1
759 3055 919 3112 Joan.
954 3060 1029 3129 v).
1075 3077 1092 3110 ι
1136 3059 1204 3114 Et
1249 3059 1512 3116 Dominus
1542 3064 1805 3132 promittit
1839 3065 1903 3118 il-

329 3145 440 3199 bnn
470 3145 746 3216 discipulis
780 3147 1039 3217 Spiritum
1072 3150 1418 3218 mittendum,
1439 3168 1599 3222 quem
1633 3155 1721 3208 hic
1750 3173 1905 3213 mun-

1998 2431 2160 2486 quam
2188 2433 2288 2486 ego
2319 2418 2388 2473 do
2417 2458 2432 2482 ,
2476 2416 2698 2472 ﬂumina
2733 2417 2800 2472 de
2847 2427 3034 2470 ventre
3075 2415 3190 2483 ejus
3237 2415 3402 2470 fluent
3432 2429 3587 2484 aqua:

1999 2507 2134 2560 viva:
2165 2507 2350 2578 (Joan.
2379 2508 2497 2577 vtt).
2547 2526 2564 2560 ι
2611 2507 2718 2562 Sed
2761 2515 2816 2560 et
2843 2506 2928 2559 via
2960 2507 3137 2578 regia,
3177 2505 3316 2560 sicut
3359 2515 3440 2558 cst
3472 2507 3589 2573 pol-

2002 2599 2203 2663 licitus,
2234 2595 2512 2670 gradiatur
2544 2619 2568 2654 :.
2599 2620 2615 2652 ι
2651 2601 2767 2664 Via,
2799 2599 2996 2668 inquit,
3027 2598 3172 2668 regia
3199 2597 3527 2668 gradicmur.
3561 2618 3580 2647 ι

2001 2689 2130 2758 Quae
2159 2701 2244 2745 est
2272 2700 2452 2746 autem
2483 2691 2565 2745 via
2598 2691 2765 2758 regia,
2800 2689 2898 2744 nisi
2936 2688 3021 2742 illa
3059 2703 3177 2757 quae
3205 2686 3336 2740 dicit
3367 2705 3379 2739 :
3417 2705 3434 2737 ι
3477 2686 3587 2756 Ego

2001 2799 2118 2839 sum
2151 2784 2274 2836 via?
2310 2801 2328 2835 ι
2371 2781 2561 2853 (Joan.
2588 2783 2721 2851 xiv.)
2755 2780 2854 2847 Qui
2888 2781 3048 2833 etiam
3089 2778 3142 2832 in
3174 2778 3290 2847 ipso
3320 2779 3587 2846 passionis

1999 2887 2111 2928 suae
2136 2870 2366 2928 articulo
2391 2885 2448 2926 se
2478 2886 2654 2940 regem
2683 2871 2952 2940 perhibet,
2979 2870 3106 2922 dum
3141 2868 3216 2923 ait
3242 2885 3255 2921 :
3290 2865 3400 2921 t’l‘u
3425 2867 3585 2932 dicis,

2002 2965 2127 3034 quia
2155 2979 2248 3018 rex
2275 2979 2395 3017 sum
2424 2976 2522 3030 ego
2552 2962 2735 3029 (Joau.
2768 2967 2943 3031 xvtu).
2996 2978 3013 3010 υ

2029 3115 2033 3119 ,
2070 3051 2426 3110 l‘romisimus
2458 3069 2590 3124 ergo
2618 3053 2847 3121 superbo
2898 3050 3005 3118 regi
3054 3049 3194 3105 Seon
3225 3047 3341 3116 ejus
3387 3047 3586 3102 ﬂuenta

2006 3138 2113 3203 non
2145 3147 2350 3211 bibere,
2399 3162 2506 3200 non
2536 3147 2589 3200 in
2635 3160 2794 3213 agros
2841 3143 2926 3197 vel
2957 3142 3140 3196 vineas
3170 3139 3468 3204 declinare,
3495 3155 3583 3192 re-

330 3242 428 3296 dus
480 3257 585 3296 non
633 3251 810 3310 potest
853 3244 1103 3314 accipere
1155 3245 1336 3314 (Joan.
1394 3219 1527 3316 ni).
1583 3247 1724 3302 Dicin,
1775 3265 1907 3319 ergo
1934 3219 1980 3283 C
2009 3239 2095 3309 gia
2130 3237 2217 3292 via
2260 3251 2358 3291 nos
2386 3235 2654 3297 incedere,
2688 3235 2790 3288 hoc
2831 3242 2933 3295 est,
2978 3232 3045 3286 ad
3071 3231 3348 3286 Christum
3382 3244 3480 3298 per
3508 3229 3588 3298 ip-

328 3333 492 3389 lsrael
524 3335 588 3389 ad
615 3334 756 3390 Seon
790 3353 803 3390 :
840 3353 859 3387 t
892 3335 1150 3390 Transire
1181 3337 1337 3391 nobis
1375 3331 1534 3393 liceat
1575 3355 1672 3410 per
1707 3351 1906 3398 terram

332 3435 516 3492 tuam;
564 3441 672 3481 non
711 3426 1104 3483 declinabimus
1144 3428 1195 3482 in
1227 3443 1385 3500 agros
1413 3438 1466 3484 ct
1494 3431 1679 3485 vincas
1713 3422 1904 3503 (Nam.

326 3515 464 3586 nl).
515 3533 535 3568 ι
573 3515 705 3578 Nos,
737 3515 894 3586 plane
943 3531 1040 3571 nos
1085 3533 1291 3582 sumus,
1323 3519 1414 3589 qui
1455 3536 1552 3589 per
1581 3521 1722 3575 hunc
1750 3537 1908 3575 mun-

329 3606 457 3664 dum
500 3605 568 3662 ad
607 3616 806 3662 terram
854 3609 1101 3676 cupimus
1149 3608 1384 3663 transire
1409 3609 1724 3664 viventium.
1774 3610 1906 3678 Nos,

333 3698 571 3766 inquam,
601 3711 696 3767 per
744 3699 1010 3771 terminos
1063 3699 1280 3767 superbi
1331 3699 1478 3770 regis
1521 3698 1799 3758 humiliter
1829 3699 1911 3754 in;

333 3789 525 3844 cedere
571 3788 820 3844 volumus
869 3791 936 3842 ad
985 3791 1218 3859 patriam
1270 3791 1466 3845 divinae
1510 3791 1908 3860 promissionis.

333 3880 398 3933 Et
425 3880 679 3948 quoniam
728 3880 985 3936 Hebrmus
1027 3881 1414 3951 interpretatur
1466 3883 1764 3945 transiens,
1811 3897 1912 3937 nos

332 3971 421 4038 qui
465 3970 708 4038 discipuli
749 3987 934 4025 sumus
968 3972 1108 4027 illius
1144 3990 1162 4023 t
1200 3972 1290 4041 qui
1336 3989 1443 4026 non
1475 3973 1760 4036 habitavit,
1815 3973 1912 4028 sed

335 4062 686 4129 pet-transivit
715 4063 1102 4119 benefaciendo
1128 4075 1182 4117 ct
1206 4065 1447 4119 sanando
1475 4079 1666 4121 omnes
1691 4081 1914 4135 oppresp

335 4166 484 4206 sosa
515 4151 760 4218 diabolo,
789 4154 1040 4222 quoniam
1093 4155 1250 4224 13o
1300 4155 1442 4209 Deus
1487 4164 1604 4208 erat
1653 4171 1776 4209 cum
1822 4155 1914 4210 illo

337 4243 474 4310 (Act.
510 4245 590 4313 ι),
611 4263 631 4298 ι
666 4261 941 4314 nunquam
971 4261 1071 4301 nos
1092 4247 1430 4302 habitaturos
1462 4262 1584 4302 cum
1613 4247 1754 4302 Seon
1786 4262 1914 4317 rege

336 4332 725 4405 promittimus,
751 4335 844 4390 Sed
870 4335 956 4389 via
983 4337 1355 4392 tantummodo
1385 4335 1530 4408 regia
1560 4349 1914 4406 processuros

339 4440 439 4479 nos
489 4439 612 4480 esse
652 4425 1001 4494 spondemus.
1048 4425 1153 4482 Sed
1196 4427 1411 4496 quando
1453 4444 1558 4483 nos
1607 4428 1722 4497 regi
1769 4428 1914 4486 Seon

339 4515 443 4572 ida
486 4516 860 4586 promisimus?
894 4515 1119 4583 Quando
1166 4517 1550 4575 cohabitationi
1585 4517 1702 4586 ejus
1753 4533 1912 4589 repu-

2007 3344 2127 3384 sum
2159 3319 2551 3398 'properantes,
2598 3327 2665 3380 ab
2718 3325 2969 3380 omnibus
3018 3323 3216 3379 diaboli
3265 3325 3476 3393 pompis
3536 3333 3592 3376 et

2007 3422 2262 3491 operibus
2283 3420 2578 3474 abstinere.
2611 3418 2717 3474 Sed
2744 3416 2919 3472 elatus
2963 3415 3053 3472 ille
3101 3416 3242 3471 Seon
3286 3415 3588 3470 exercitum

2006 3513 2233 3584 colligit,
2255 3523 2310 3569 et
2356 3512 2520 3569 lsrael
2568 3527 2664 3581 per
2707 3526 2833 3567 suos
2877 3511 3010 3565 lines
3057 3509 3258 3565 habere
3302 3508 3588 3563 transitum

2006 3619 2116 3660 non
2148 3603 2432 3673 permittit.
2489 3602 2621 3670 Quis
2670 3613 2754 3659 est
2802 3613 2982 3658 autem
3021 3601 3251 3674 populus
3297 3602 3384 3656 ille
3428 3618 3591 3672 quem

2013 3698 2153 3752 Soo‘n
2181 3707 2471 3767 congregat
2494 3692 2752 3751 adversus
2777 3695 2962 3760 Israel,
3010 3694 3116 3750 nisi
3144 3695 3360 3764 reprobi
3389 3696 3594 3764 quique

2011 3788 2103 3858 qui
2132 3797 2532 3859 persequuntur
2561 3787 2901 3843 Ecclesium?
2936 3787 3013 3841 Ex
3065 3786 3149 3843 bis
3179 3795 3306 3842 sunt
3353 3786 3586 3856 tyranni.

2009 3881 2176 3938 duces
2222 3889 2276 3934 et
2320 3879 2593 3948 principes
2621 3877 2828 3940 mundi,
2870 3877 2961 3944 qui
3015 3878 3098 3932 vel
3134 3875 3422 3933 catholicis
3459 3875 3593 3930 viris

2009 3987 2107 4041 per
2139 3971 2448 4026 hurreticam
2478 3970 2800 4039 pravitatem
2843 3976 3119 4036 opponunt
3145 3964 3593 4024 contradictionis

2010 4061 2308 4124 obstacula,
2336 4060 2420 4113 vel
2460 4059 2665 4113 sanctis
2707 4057 3036 4127 martyribus
3062 4055 3359 4112 moliuntur
3389 4053 3592 4111 inferre

2014 4163 2306 4209 tormenta.
2358 4149 2465 4205 Sed
2490 4150 2617 4218 quid
2643 4149 2711 4203 ad
2752 4151 2864 4204 haec
2893 4147 3020 4203 facit
3060 4147 3262 4202 Israel?
3292 4147 3590 4217 interroge-

2014 4262 2134 4302 mus
2172 4242 2451 4299 historiam
2484 4260 2497 4296 :
2535 4261 2554 4294 t
2599 4242 2774 4304 Venit,
2822 4239 3016 4310 inquit,
3045 4240 3098 4294 in
3129 4240 3272 4294 lssar
3297 4239 3490 4312 [lusa],
3535 4249 3590 4293 et

2013 4338 2274 4410 pugnavit
2302 4341 2494 4391 contra
2523 4349 2644 4388 eum
2693 4329 2876 4402 (Nam.
2915 4331 3067 4402 xxx)-
3098 4349 3118 4385 ι
3161 4333 3202 4384 Α
3233 4347 3339 4400 quo
3373 4345 3591 4400 percus-

2016 4443 2107 4484 sus
2155 4435 2240 4482 est
2287 4425 2429 4482 Seon
2465 4425 2518 4479 in
2566 4441 2661 4480 ore
2689 4421 2873 4493 gladii,
2920 4432 2976 4477 et
3023 4438 3271 4492 possessa
3312 4430 3398 4478 est
3447 4430 3592 4475 terra

2017 4517 2133 4588 ejus
2159 4518 2227 4573 ab
2273 4517 2458 4571 Arnen
2493 4529 2662 4586 usque
2701 4513 2922 4570 Laboch
2959 4511 3193 4586 [Jeboc].
3235 4511 3374 4567 Ecce
3404 4527 3593 4582 supcr-

340 4606 493 4661 dium
545 4605 824 4662 dedimus?
874 4608 1088 4675 quando
1139 4607 1419 4664 divisionis
1466 4617 1684 4664 (aeterna:
1736 4577 1912 4666 fteilus
1944 4577 1991 4637 Β
2018 4577 2139 4674 bus,
2173 4622 2300 4664 ecce
2329 4608 2504 4662 elatus
2532 4614 2985 4682 congressusest,
3019 4605 3112 4661 sed
3142 4604 3408 4660 contritus
3439 4619 3593 4658 eom-

340 4712 559 4778 cumIeo
588 4697 730 4768 pacti
756 4699 975 4754 sumus?

365 4839 369 4842 _
413 4789 739 4847 Recolamus
796 4791 979 4859 itaque
1025 4789 1169 4845 diem
1216 4789 1356 4846 sacri
1407 4787 1780 4861 baptismatis;
1835 4791 1914 4860 ip-

341 4900 458 4940 sum
491 4897 642 4938 novre
687 4881 1115 4953 regenerationis
1157 4881 1439 4937 exordium
1483 4882 1552 4936 ad
1598 4883 1914 4937 memoriam

343 4975 684 5039 reducamus,
720 4985 776 5029 et
805 4974 878 5030 ibi
914 4990 1012 5030 nos
1031 4972 1215 5045 procul
1242 4973 1405 5030 dubio
1431 4974 1774 5030 renuntiasse
1797 4975 1913 5029 dia-

343 5070 467 5127 bolo
513 5085 580 5125 ac
609 5069 822 5124 cunctis
847 5068 964 5137 ejus
993 5067 1203 5138 pompis
1229 5075 1283 5123 et
1307 5067 1559 5137 operibus
1589 5067 1916 5123 invenimus.

303 5215 306 5224 ,
343 5162 742 5216 Commemorct
793 5159 1163 5227 unusquisque
1211 5158 1470 5224 fidelium,
1513 5173 1638 5212 cum
1685 5159 1917 5226 primum

299 5233 310 5325 Ι
345 5255 412 5308 ad
441 5252 642 5307 [mitem
677 5253 875 5307 lavacri
916 5251 1166 5306 salutaris
1199 5253 1468 5316 accessit,
1495 5268 1618 5307 cum
1645 5251 1917 5321 signacula

345 5343 470 5398 fidei
499 5343 672 5412 prima
692 5343 947 5412 suscepit.
978 5341 1187 5409 Nonne,
1210 5356 1305 5412 per
1327 5342 1714 5397 catecbismum
1741 5355 1925 5406 sacer:

345 5431 541 5487 dotalis
570 5430 755 5498 ollicii,
786 5432 870 5487 his
899 5448 1028 5488 usus
1055 5441 1138 5489 est
1166 5433 1344 5488 verbis
1379 5433 1576 5502 quibus
1620 5446 1679 5487 se
1718 5431 1924 5502 signilig

349 5531 498 5576 caret
539 5522 818 5577 lethiferas
848 5524 1031 5577 mundi
1082 5524 1242 5594 hujus
1291 5524 1617 5592 eopiditates
1665 5523 1921 5592 abjicere,

349 5629 412 5666 ac
440 5615 715 5669 diabolica:
748 5614 1026 5680 societatis
1068 5615 1482 5669 contubernium
1521 5613 1868 5685 profiteretur
1893 5629 1924 5682 a

351 5721 410 5759 se
459 5705 697 5760 funditus
718 5706 1013 5761 abdicare?
1057 5706 1123 5761 Et
1163 5709 1264 5762 hoc
1307 5716 1386 5761 est
1415 5707 1555 5775 quod
1602 5707 1653 5760 in
1686 5706 1926 5762 historiae

352 5798 692 5856 sermonibus
725 5797 1094 5865 adumbratur,
1131 5797 1256 5869 quia
1288 5815 1392 5856 non
1427 5797 1715 5855 declinabit
1737 5796 1924 5864 Israel,

2017 4700 2166 4772 misit
2210 4707 2264 4755 et
2309 4698 2564 4769 perdidit,
2597 4697 2652 4754 in
2696 4712 2848 4771 arma
2897 4695 3145 4765 prosiluit
3192 4703 3246 4748 et
3287 4693 3591 4748 succubuit.

2021 4791 2123 4860 Qui
2157 4792 2328 4846 noluit
2356 4791 2508 4861 131
2539 4790 2668 4846 dare
2695 4789 2860 4852 viam,
2885 4785 3120 4856 perdidit
3145 4785 3343 4848 vitam,
3375 4793 3431 4838 et
3467 4783 3599 4836 dum.

2021 4884 2348 4952 contempsit
2376 4896 2616 4938 annuere
2660 4879 2888 4950 publieae
2932 4877 3032 4930 vite
3062 4877 3350 4949 transitum
3377 4917 3390 4939 ,
3415 4877 3603 4932 amisit

2022 4974 2300 5046 proprium
2331 4973 2524 5044 regalis
2552 4972 2736 5043 gloriae
2760 4970 3144 5042 principatum.
3185 4967 3348 5023 lsrael
3374 4981 3555 5023 autem
3579 5009 3595 5034 ,

2021 5066 2112 5138 qui
2147 5068 2435 5124 transitum
2471 5081 2577 5121 non
2605 5064 2870 5128 obtinuit,
2904 5063 2969 5118 ad
2999 5060 3353 5118 haereditaria'.
3380 5076 3594 5131 posscs-

2023 5161 2194 5218 sionis
2230 5159 2356 5230 jura
2385 5158 2662 5229 pervenit;
2695 5167 2774 5225 et,
2803 5157 2895 5215 cui
2937 5156 3168 5210 transire
3192 5170 3298 5210 non
3334 5153 3507 5219 licuit,
3533 5153 3600 5209 de

2024 5252 2108 5307 via
2140 5253 2368 5320 patriam
2400 5248 2550 5305 fecit.
2887 5313 2889 5315 _
3481 5305 3494 5316 ,

2082 5341 2203 5405 Sed
2235 5342 2346 5405 ubi.
2393 5356 2600 5410 quaeso,
2635 5340 2832 5406 fratres
2875 5339 3006 5404 mei,
3049 5337 3140 5393 ubi
3184 5337 3298 5394 haec
3344 5347 3426 5392 est
3479 5351 3607 5413 per-_

2025 5440 2148 5497 acta
2187 5431 2455 5497 victoria?
2484 5429 2635 5485 Felix
2656 5430 2864 5486 scilicet
2892 5429 3061 5492 locus,
3085 5427 3193 5499 qui
3217 5435 3376 5482 tantie
3415 5427 3600 5499 gloria:

2028 5523 2228 5579 meruit
2253 5525 2434 5577 videre
2466 5523 2824 5593 triumphum!
2861 5521 2983 5586 Ubi,
3018 5521 3262 5592 inquam,
3305 5517 3608 5588 superbum

2028 5629 2208 5684 regem
2237 5612 2472 5668 obtinuit
2500 5612 2698 5668 Israel?
2719 5610 2774 5667 In
2803 5611 2992 5668 lssaar.
3021 5610 3196 5666 lssaar
3225 5620 3406 5663 autem
3430 5607 3603 5664 inter-

2008 5694 2269 5773 pretatur
2294 5704 2528 5757 mandati
2569 5702 2888 5774 adimpletio.
2920 5701 2987 5756 Et
3019 5718 3134 5763 nos,
3167 5700 3209 5753 si
3239 5699 3308 5753 ad
3333 5697 3475 5752 hunc
3516 5696 3600 5752 lo-

2030 5812 2150 5853 cum
2186 5796 2291 5850 Deo
2321 5796 2455 5852 duce
2501 5795 2876 5866 pertingiinus,
2903 5793 3178 5880 diabolum.
3205 5788 3388 5859 procul
3419 5788 3601 5850 dubio,
