4108 5342
487 184 509 238 l
520 183 626 240 015

1412 185 1908 243 COLLECTANEA
1939 183 2008 243 IN
2046 185 2273 245 VETUS
2304 187 2847 251 TESTAMENTUM.

3601 202 3745 261 10M

481 290 574 363 qui
610 298 772 360 caput
795 297 852 345 et
878 289 1032 361 origo
1072 297 1161 346 est
1184 289 1467 362 superbia,
1517 308 1857 363 superamus.
1900 293 2053 350 Tunc
2081 301 2128 358 Α
2158 312 2225 352 ne
2252 311 2464 366 pareas.
2503 288 2690 373 longos
2720 301 2808 359 fac
2839 301 3108 361 t‘uniculos
3135 311 3281 374 tuos,
3317 314 3373 363 et
3404 302 3589 368 clavos
3617 319 3745 370 tuos

481 383 626 437 enim
657 380 926 436 diabolum
972 380 1262 448 vincimus,
1289 396 1413 437 cum
1460 380 1841 453 Redemptoris
1885 385 2055 440 nostri

480 472 734 529 mandata
765 471 1120 543 complemns,
1147 488 1454 543 quanquam
1482 474 1625 543 quod
1651 482 1737 528 est
1783 474 2054 530 diabolum

419 581 423 585 ν
476 566 698 621 vincere
724 606 739 629 ,
783 564 888 620 hoc
932 566 1108 634 ipsum
1151 565 1226 621 sit
1270 565 1450 621 divina
1482 566 1735 620 mandata
1762 554 2053 638 complere.

476 652 637 721 Nam,
681 654 807 709 dum
836 656 1019 710 carnis
1051 654 1332 710 illecebras
1362 654 1681 725 frangimus,
1716 654 1842 710 dum
1874 657 2056 726 pravis

475 748 745 804 viscerum
791 748 1134 819 passionibus
1179 749 1540 814 reluctamur,
1569 750 1696 804 dum
1722 748 1919 805 divinae
1938 748 2055 821 jus-

474 838 644 895 sionis
690 841 919 912 imperio
962 841 1267 906 subdimur,
1311 849 1367 897 et
1413 858 1519 897 non
1566 850 1751 899 nostra
1780 851 1905 898 vota
1957 844 2055 898 sed

473 933 618 989 illius
657 932 807 1002 iussa
858 948 1172 999 servamus,
1216 943 1345 990 tunc
1405 935 1608 1005 absque
1654 934 1818 990 dubio
1864 934 2051 990 mundi

476 1024 776 1097 principem
824 1033 879 1081 et
913 1025 1078 1080 totius
1107 1026 1360 1096 nequitia:
1393 1026 1723 1082 debellamus
1750 1035 2051 1083 auctorem.

478 1116 628 1173 Tunc
674 1116 971 1188 apostolica
1025 1116 1116 1172 illa
1167 1117 1344 1173 oratio
1391 1117 1695 1186 completur
1743 1117 1796 1172 in
1842 1118 2003 1172 nobis
2033 1158 2050 1185 ,

472 1208 690 1279 quando
716 1210 914 1265 dicitur
944 1229 957 1264 :
1002 1228 1021 1263 ι
1064 1208 1207 1265 Deus
1236 1219 1419 1269 autem
1444 1211 1596 1280 pacis
1623 1219 1871 1266 conterat
1898 1209 2054 1266 Sata-

473 1318 602 1358 nam
632 1301 733 1357 sub
761 1301 990 1373 pedibus
1023 1302 1221 1357 vestris
1249 1290 1434 1370 (Rom.
1456 1300 1589 1373 ενι).
1636 1320 1655 1353 ι
1696 1301 1764 1356 Et
1796 1302 1922 1358 illud
1952 1318 2051 1358 no-

470 1395 559 1452 bis
593 1394 854 1450 Dominus
884 1394 1028 1464 quod
1074 1395 1327 1466 promisit
1369 1394 1649 1465 impertit:
1684 1412 1703 1446 t
1736 1395 1877 1452 Ecce
1925 1395 2050 1452 dedi

468 1487 624 1544 vobis
652 1495 971 1559 potestatem
1006 1486 1248 1542 calcandi
1291 1501 1455 1558 supra
1481 1496 1763 1557 serpentes
1802 1496 1857 1543 et
1899 1502 2053 1543 scor-

466 1579 679 1651 pioncs,
723 1587 781 1635 et
807 1593 968 1649 super
995 1594 1211 1635 omnem
1250 1577 1509 1634 virtutem
1539 1579 1767 1647 inimici,
1811 1588 1866 1635 et
1914 1579 2047 1633 nihil

2159 390 2432 448 consolida
2459 392 2616 463 (lsai.
2640 396 2771 465 uv).
2805 413 2823 449 ι
2855 395 2966 452 Cur
2993 402 3169 454 autem
3199 399 3312 455 haec
3336 416 3497 473 agere
3521 403 3740 471 debeat,

2157 481 2355 550 aperit,
2399 498 2520 537 cum
2569 483 2850 553 subjunxit
2890 502 2905 540 :
2940 504 2959 537 ι
2990 485 3073 542 Ad
3101 487 3377 544 dexteram
3410 492 3553 547 enim
3587 501 3644 548 et
3671 496 3742 549 ad

2155 570 2342 627 laevam
2372 576 2698 644 penetrabis,
2726 586 2780 631 et
2824 592 3007 632 semen
3039 586 3188 634 tuum
3235 591 3421 652 gentes
3447 584 3744 639 haeredita-

2155 660 2236 716 bit
2268 662 2478 735 (Ibid).
2527 686 2545 717 ι
2591 667 2778 723 Omnis
2805 685 2933 741 ergo
2963 678 3102 725 terra
3134 669 3275 726 Seon
3319 674 3509 729 cecidit
3546 677 3598 729 in
3630 677 3744 731 lue—

2154 753 2439 808 reditatem
2463 755 2644 815 Israel.
2670 758 2759 826 qui
2792 758 2915 812 dum
2948 759 3199 830 princeps
3227 763 3410 816 mundi
3440 763 3598 832 hujus
3623 766 3759 837 ειη-η

2155 844 2246 902 dio
2288 846 2457 901 divini
2489 849 2639 903 verbi
2672 849 2956 905 confossus
2982 853 3276 920 egreditur,
3311 863 3495 909 sancta
3521 855 3743 910 univer-

2155 935 2284 992 salis
2311 938 2553 994 Ecclesia
2583 956 2680 1011 per
2704 942 2943 1013 ejusdem
2975 936 3157 999 mundi
3182 945 3439 1000 terminos
3462 945 3737 1002 dilatatur.

2152 1025 2266 1083 Nec
2293 1033 2729 1098 praetereundum
2761 1032 2999 1088 arbitror
3038 1050 3158 1089 esse
3206 1037 3350 1107 quod
3383 1037 3581 1093 dicitur
3609 1041 3738 1107 quia

2151 1132 2400 1188 possessa
2451 1130 2534 1176 est
2581 1132 2725 1178 terra
2773 1124 2889 1194 ejus
2947 1126 3016 1180 ab
3060 1126 3245 1180 Arnon
3294 1142 3465 1197 usque
3521 1127 3736 1184 Laboch

2155 1208 2395 1283 [Jaboc].
2426 1211 2609 1267 Arnen
2655 1215 2857 1284 itaque,
2890 1231 3009 1285 qua:
3034 1225 3117 1271 est
3145 1216 3355 1271 initium
3388 1218 3534 1287 regni
3569 1217 3736 1273 Seon.

2154 1299 2553 1368 interpretatur
2607 1303 3002 1359 maledictioncs
3072 1323 3272 1361 eorum.
3331 1304 3519 1362 Omnis
3590 1308 3738 1363 enim

2152 1392 2411 1458 mundus,
2441 1394 2538 1462 qui
2584 1402 2709 1448 ante
2739 1393 3039 1451 Salvatoris
3067 1396 3357 1451 adventum
3405 1399 3503 1451 sub
3541 1398 3740 1455 diaboli

2150 1481 2504 1551 premebatur
2549 1482 2803 1553 imperio,
2857 1474 3531 1541 maledictionis'habebat
3573 1487 3740 1557 origi-

2153 1590 2300 1640 nem,
2352 1576 2478 1645 quia
2528 1575 2925 1634 benedictionis
2984 1580 3267 1650 ignorabat
3320 1589 3629 1647 auctorem;
3668 1579 3739 1636 de

463 1668 625 1727 vobis
665 1670 887 1725 nocebit
914 1669 1064 1742 (Luc.
1098 1669 1176 1742 ι).
1200 1690 1242 1741 ‘s
1290 1669 1396 1726 Sed
1446 1685 1569 1726 cum
1609 1666 1750 1726 Seon
1781 1671 2052 1741 exprimat
2082 1654 2127 1713 Β
2154 1682 2262 1735 quo
2292 1668 2548 1722 nimirum
2576 1683 2674 1738 per
2702 1669 3027 1739 Prophetam
3058 1669 3257 1725 dicitur
3286 1689 3300 1724 :
3337 1690 3355 1721 ε
3393 1670 3735 1726 Benedictio-

466 1762 753 1834 antiquum
791 1764 1027 1828 hostem,
1072 1764 1300 1835 populus
1344 1763 1673 1834 autem-ejus
1698 1779 1945 1835 quosque
1968 1780 2056 1821 re-

463 1856 689 1927 probus,
739 1854 823 1909 vel
867 1854 1122 1911 Ecclesia:
1172 1865 1587 1926 persecutores,
1633 1856 1725 1926 qui
1773 1855 1941 1911 armis
1984 1856 2055 1910 ab

461 1943 652 2009 lsrael,
690 1944 792 1999 hoc
828 1953 933 2010 est,
964 1960 993 1999 a
1030 1947 1234 2002 sanctis
1280 1945 1726 2017 praedicatoribus
1761 1955 1886 2002 sunt
1928 1961 2057 2024 pro-

463 2034 643 2100 strati,
686 2050 793 2105 quo
842 2051 1101 2091 mucrone
1138 2036 1407 2106 perfossi,
1445 2052 1554 2106 quo
1598 2036 1832 2108 denique
1873 2037 2051 2109 gladio

460 2134 591 2186 sunt
642 2127 954 2198 perempti?
1022 2127 1127 2183 Sed
1180 2128 1304 2182 andi
1353 2127 1666 2198 ApoStolum
1695 2170 1711 2195 ,
1755 2128 2052 2198 spiritualis

358 2251 365 2254 η
462 2217 655 2288 utique
699 2218 906 2273 militiae
954 2218 1171 2285 ducem,
1200 2228 1254 2274 et
1295 2230 1575 2273 strenuum
1602 2219 1843 2273 intestini
1878 2217 2047 2288 [melii

459 2309 780 2368 bellatorem
810 2329 824 2364 :
859 2329 877 2362 ι
907 2310 1076 2364 Vivus
1101 2319 1184 2367 est
1208 2306 1468 2384 .(inquit,
1500 2326 1678 2366 sermo
1706 2311 1823 2375 Dei,
1851 2310 1905 2364 et
1937 2308 2055 2364 elli-'

461 2417 563 2458 cas
592 2411 648 2458 et
696 2401 1087 2472 penetrabilior
1127 2403 1277 2456 omni
1324 2401 1505 2474 gladio
1555 2400 1813 2470 ancipiti,
1844 2400 2049 2471 pertin-

461 2509 596 2567 gens
625 2509 799 2565 usque
838 2493 907 2550 ad
950 2493 1269 2550 divisionem
1301 2493 1498 2547 animtc
1518 2507 1584 2547 ac
1626 2493 1871 2562 spiritus,
1899 2507 2048 2547 com-

456 2590 656 2659 pagum
684 2601 900 2657 quoque
940 2600 1005 2642 ac
1052 2585 1436 2650 medullarum,
1461 2593 1513 2638 ct
1542 2583 1810 2639 discretor
1832 2584 2048 2663 cogita-

458 2679 668 2734 tionum
717 2686 773 2733 et
807 2677 1165 2733 intentionum
1207 2677 1389 2734 cordis
1433 2675 1623 2747 (Hebr.
1676 2674 1774 2743 tv).
1818 2695 1837 2729 ι
1891 2675 2081 2731 lluch

457 2765 745 2824 divisionis
801 2767 1038 2841 gladium
1085 2766 1409 2837 evaginabat
1457 2767 1565 2821 dux
1610 2775 1662 2820 et
1714 2776 1905 2819 auctor
1956 2766 2045 2820 ille

456 2857 818 2915 certaminum
846 2874 913 2915 ac
944 2858 1206 2913 Dominus
1233 2856 1554 2912 bellatorum
1581 2896 1597 2921 ,
1626 2870 1752 2910 cum
1778 2854 1995 2910 dicebat
2024 2872 2039 2910 :

462 2971 484 3005 ι
529 2950 705 3009 Nolite
728 2958 921 3023 putare
946 2952 1069 3022 quia
1111 2951 1232 3006 veni
1260 2949 1474 3005 mittere
1498 2963 1685 3020 pacem
1715 2948 1768 3002 iu
1794 2957 1998 3003 terram
2022 2965 2038 3016 ;

2153 1771 2276 1812 nem
2319 1758 2467 1812 dabit
2514 1759 2606 1830 qui
2642 1759 2813 1831 legem
2848 1760 2993 1815 dedit
3020 1758 3190 1831 (Paul.
3227 1762 3478 1833 Lustra).
3523 1757 3741 1818 s'Unde

2152 1857 2209 1903 et
2234 1849 2527 1918 Apostolus
2558 1850 2634 1903 ait
2666 1868 2680 1903 :
2714 1869 2733 1902 ‹
2768 1851 3085 1921 Quicunque
3124 1853 3267 1907 enim
3298 1867 3363 1907 ex
3389 1839 3643 1922 operibus
3660 1852 3739 1907 le—

2150 1943 2234 2012 gis
2287 1953 2433 2008 sunt,
2481 1945 2581 1999 sub
2609 1945 2896 2000 maledicto
2947 1957 3072 2001 sunt
3120 1947 3265 2019 (Gal.
3295 1947 3395 2020 ιιι).
3450 1967 3469 2000 ι
3510 1948 3590 2003 An
3620 1964 3733 2005 nou

2150 2035 2552 2090 maledictionis
2603 2035 2935 2092 habebamus
2984 2039 3217 2103 initium,
3269 2039 3337 2094 de
3379 2039 3576 2109 quibus
3601 2039 3741 2095 dici-

2151 2134 2240 2180 tnr
2269 2144 2283 2180 :
2321 2144 2340 2177 α
2374 2125 2629 2191 Eramus,
2660 2128 2855 2197 inquit,
2896 2140 3086 2183 natura
3117 2129 3217 2197 lilii.
3239 2129 3352 2197 irae,
3375 2132 3513 2186 sicut
3541 2140 3594 2185 et
3634 2146 3740 2187 ca:-

2149 2215 2250 2270 tcri
2282 2212 2497 2288 (Ephcs.
2525 2215 2609 2285 tt).
2659 2236 2679 2269 ι
2722 2216 2873 2271 Finis
2902 2228 3081 2271 autem
3136 2218 3284 2289 regni
3335 2219 3479 2274 illius
3520 2229 3603 2275 cst
3633 2219 3740 2277 La-

2146 2303 2311 2370 bocb,
2370 2310 2514 2376 quod
2578 2308 2971 2378 interpretatur
3032 2309 3314 2364 luctamen.
3365 2310 3597 2367 Necesse
3648 2321 3737 2369 est

2146 2395 2291 2450 enim
2321 2410 2511 2453 omnes
2560 2397 2654 2468 qui
2703 2398 2890 2452 volunt
2918 2399 3071 2454 exire
3121 2396 3189 2455 de
3234 2412 3400 2471 regno
3437 2400 3635 2457 diaboli
3677 2410 3737 2457 et

2145 2486 2264 2557 ejus
2291 2486 2425 2541 lines
2449 2490 2708 2551 evadere,
2740 2490 3100 2545 tentationum
3147 2492 3507 2562 ingruentium
3553 2503 3737 2548 certa-

2145 2574 2290 2630 mina
2340 2575 2594 2630 tolerare.
2623 2576 2778 2641 Quod
2824 2577 2869 2632 si
2900 2579 3184 2647 quisquam
3222 2580 3461 2649 legitime
3490 2591 3738 2637 certave-

2144 2668 2241 2731 rit.
2296 2677 2354 2723 et
2402 2667 2635 2722 viriliter
2684 2669 2994 2723 obluctatus
3044 2671 3286 2737 evicerit,
3331 2670 3445 2740 jam
3493 2686 3598 2727 non
3627 2672 3736 2728 erit

2143 2756 2363 2812 Laboch
2393 2758 2585 2813 civitas
2613 2757 2782 2823 Seon.
2809 2759 2904 2814 sed
2934 2760 3127 2814 civitas
3154 2760 3347 2827 Israel;
3377 2777 3483 2817 non
3523 2762 3735 2818 scilicet

2143 2849 2235 2917 qui
2289 2848 2343 2903 in
2389 2864 2554 2903 carne
2584 2849 2652 2902 sit
2698 2848 2884 2911 Israel,
2935 2863 3037 2904 nec
3086 2849 3138 2903 in
3175 2849 3465 2906 manifesto
3492 2850 3732 2916 Iudaeus,

2144 2936 2238 2994 sed
2270 2940 2363 3012 qui
2395 2941 2449 2997 in
2478 2939 2695 2997 Christo
2714 2940 2787 2994 sit
2812 2939 2998 3006 lsracl,
3025 2939 3384 2998 circumcisus
3410 2941 3592 3008 corde,
3622 2958 3743 2999 non,

453 3059 564 3101 non
609 3010 753 3100 enim
784 3044 904 3100 veni
935 3059 1123 3116 pacem
1154 3044 1392 3110 mittere,
1437 3042 1533 3098 sed
1561 3042 1796 3113 gladium
1825 3041 2039 3113 (Matth.
2072 3010 2121 3075 θ
2150 3045 2337 3085 came-

454 3134 538 3207 x).
576 3154 597 3189 ι
629 3135 841 3190 Audisti
871 3132 1106 3205 gladium
1134 3134 1490 3197 dividentem;
1537 3133 2043 3201 audi'eonseqnem

456 3232 545 3280 ter
600 3234 657 3282 et
688 3226 857 3299 ipsam
885 3226 1202 3281 divisionem
1240 3242 1257 3281 :
1288 3244 1307 3277 ι
1339 3223 1500 3290 Veni,
1548 3225 1746 3294 inquit,
1789 3238 2042 3293 separare

452 3312 731 3368 hominem
776 3315 1039 3370 adversus
1083 3323 1293 3385 patrem
1346 3328 1525 3377 suum,
1571 3322 1625 3370 et
1656 3312 1822 3368 tiliam
1851 3315 2045 3368 adver-

452 3417 551 3458 sus
577 3416 806 3463 matrem
835 3420 1009 3471 suam,
1034 3415 1092 3461 et
1118 3420 1312 3459 nurum
1337 3404 1594 3460 adversus
1615 3419 1830 3460 socrum
1854 3419 2035 3470 suam;

454 3500 513 3550 et
566 3494 773 3551 inimici
822 3494 1061 3553 hominis
1107 3496 1390 3551 domestici
1437 3494 1553 3564 ejus
1598 3495 1808 3567 (Ibid.).
1857 3515 1876 3549 ι
1926 3495 2040 3552 lloc

451 3587 640 3659 itaque
672 3586 853 3658 gladio
881 3595 936 3642 et
964 3585 1107 3642 Seon
1148 3594 1231 3643 est
1259 3596 1593 3658 peremptus,
1636 3596 1693 3643 et
1720 3587 1896 3643 omnis
1922 3587 2041 3657 ejus

454 3677 733 3733 exercitus
779 3676 1052 3734 communi
1083 3677 1229 3734 caede
1256 3686 1581 3749 prostratus,
1624 3679 1752 3749 quia
1782 3680 2037 3734 nimirum

452 3768 634 3840 gladio
660 3768 903 3840 spiritus,
934 3770 1077 3840 quod
1104 3779 1187 3826 est
1210 3771 1437 3826 verbum
1483 3770 1578 3826 Dei
1609 3770 1824 3843 (Ep/tes.
1857 3771 1955 3843 Vl),
1984 3781 2040 3828 et

454 3861 700 3918 diabolus
724 3862 952 3927 corruit,
970 3870 1025 3918 et
1051 3862 1329 3935 subjectus
1358 3862 1458 3917 sibi
1496 3861 1724 3934 populus
1752 3862 1822 3917 ab
1849 3861 2039 3919 inlide-

453 3952 633 4010 litatis
665 3968 777 4009 suae
803 3954 911 4009 vita
936 3953 1154 4011 deiecit.

523 4043 659 4100 Cum
703 4044 886 4114 itaque
917 4045 1201 4117 Scriptura
1242 4046 1525 4118 perhibeat
1554 4049 1696 4118 quod
1729 4048 1804 4103 illi
1838 4049 1892 4105 in
1940 4064 2038 4106 ore

450 4136 612 4209 gladii
641 4147 767 4192 sunt
795 4140 1098 4209 perempti,
1144 4142 1213 4196 de
1261 4140 1382 4197 istis
1425 4157 1533 4195 non
1582 4140 1877 4212 incongrue
1927 4142 2036 4199 dici

2742 3122 2970 3180 CAPUT
3021 3125 3137 3181 XII.

2142 3233 2211 3290 1η
2239 3234 2469 3310 epistola
2506 3237 2575 3290 ad
2622 3236 2684 3291 γ.
2722 3240 3017 3307 episcopum
3061 3250 3109 3293 et
3156 3238 3274 3310 ejus
3321 3243 3628 3309 canonicos,
3659 3242 3730 3298 de

2379 3308 2607 3377 quinque
2635 3310 2868 3364 sensibus
2897 3311 3133 3378 corporis
3161 3308 3461 3365 cohibendis

2213 3394 2491 3466 Praecipua
2534 3398 2753 3468 quidem
2798 3399 2927 3453 urbs
2983 3401 3134 3469 regni
3172 3399 3314 3455 Seon
3344 3408 3571 3455 meatur
3597 3400 3730 3457 Esc-

2139 3486 2245 3542 bon
2277 3527 2292 3551 ,
2323 3501 2442 3557 qum
2474 3486 2733 3541 nimirum
2775 3492 3117 3558 cogitationes
3156 3490 3574 3563 interpretatur;
3627 3507 3729 3563 per

2139 3579 2281 3649 quod
2308 3579 2469 3634 datur
2498 3578 2725 3652 intelligi
2754 3584 2875 3650 quia
2904 3584 3137 3638 maxima
3166 3599 3291 3655 pars
3328 3583 3610 3640 diabolicrc
3629 3602 3727 3655 po-

2140 3670 2349 3725 testatis
2394 3670 2900 3740 in‘cogitationibns
2934 3684 3141 3745 regnat.
3194 3673 3299 3729 Per
3347 3676 3488 3730 Seon
3517 3678 3724 3747 quippe

2138 3761 2391 3832 nequitize
2416 3762 2643 3833 spiritus
2680 3763 2973 3834 figuratur;
3019 3767 3111 3819 sed
3154 3767 3367 3821 Escbon
3420 3784 3487 3823 ex
3519 3768 3725 3824 ditione

2138 3853 2282 3912 Seon
2315 3858 2371 3915 in
2393 3857 2757 3913 lsraelitarnm
2778 3858 2898 3928 jura
2932 3861 3275 3926 transfertur,
3309 3877 3433 3916 cum
3464 3863 3723 3933 cogitatio

2136 3959 2345 4015 nostra,
2377 3966 2496 4021 qua:
2523 3951 2787 4021 superbiae
2812 3962 2959 4021 peste
2996 3961 3292 4018 tumuerat,
3339 3954 3404 4008 ad
3437 3955 3722 4024 reprehen~

2137 4041 2307 4097 siouis
2343 4058 2455 4098 suae
2478 4041 2742 4111 judicium
2773 4059 2868 4112 per
2903 4046 3132 4113 gratiam
3163 4060 3367 4100 severae
3396 4045 3720 4099 humilitatis

2138 4129 2382 4196 inclinat,
2418 4141 2516 4198 ut,
2573 4147 2695 4201 qua:
2740 4146 2798 4187 se
2849 4132 3048 4186 dudum
3080 4142 3398 4201 arroganter
3424 4134 3717 4198 extulerat,

446 4236 630 4299 potest
659 4229 920 4298 quoniam
958 4228 1227 4285 interfecti
1259 4240 1386 4286 ειιιιι
1431 4230 1609 4302 gladio
1637 4232 1770 4286 oris,
1817 4231 1884 4287 Ει
1910 4246 2033 4287 cum
2125 4220 2239 4290 jam
2268 4238 2362 4277 sua
2393 4222 2697 4291 dijudicans
2714 4237 2778 4276 ac
2801 4223 3089 4292 diligenter
3114 4225 3465 4288 exatniuans,
3500 4223 3718 4278 humili-

448 4316 715 4372 Dominns
739 4318 887 4373 dicat
918 4336 938 4371 t
973 4319 1099 4389 quia
1130 4320 1380 4391 princeps
1408 4322 1591 4376 mundi
1618 4320 1863 4391 ejicietur
1886 4321 2032 4378 foras
2058 4361 2110 4422 Β
2136 4321 2221 4368 ter
2256 4314 2618 4383 reprehendit.
2653 4314 2708 4368 In
2738 4314 2912 4368 Gades
2948 4328 3099 4422 ergq,
3128 4314 3219 4384 qui
3252 4325 3335 4369 εει
3363 4313 3483 4422 {ops
3499 4313 3711 4417 jtttliclt't

448 4405 635 4478 (Joan.
664 4407 790 4477 xu),
807 4425 827 4459 ι
853 4422 978 4463 mox
1004 4417 1065 4465 ut
1093 4406 1233 4465 Seon
1255 4408 1491 4478 ejieitur,
1522 4410 1665 4465 illico
1696 4428 1791 4481 per
1812 4427 2029 4469 omnem

446 4497 639 4555 mundi
670 4496 1008 4554 latitudinem
1056 4498 1264 4565 Israel,
1318 4500 1369 4554 id
1415 4509 1501 4554 est
1550 4511 1737 4555 sancta
1769 4502 2029 4567 Ecclesia,

446 4600 808 4662 propagatur;
839 4606 963 4648 mox
989 4591 1134 4649 enim
1163 4601 1221 4646 ut
1248 4608 1370 4648 cum
1403 4592 1645 4662 principe
1673 4607 1771 4648 suo
1803 4593 2031 4648 infideli-

448 4692 534 4738 tas
562 4682 829 4739 exstincta
858 4684 1162 4751 collabitur,
1197 4684 1331 4740 ﬁdes
1362 4685 1748 4756 triumphantis
1777 4685 2031 4742 Ecclesiae

382 4834 389 4843 β
445 4770 744 4828 dilatatur:
780 4782 835 4830 et
867 4774 958 4845 qui
986 4774 1202 4831 fuerant
1242 4786 1466 4832 eatenus
1490 4777 1727 4840 exsules,
1755 4776 2031 4846 fiuntth

444 4860 732 4919 victoriam
755 4878 1116 4934 possessores.
1163 4866 1316 4922 Unde
1357 4876 1411 4922 et
1449 4867 1622 4923 eidem
1654 4866 1908 4922 Ecclesiae
1936 4881 2032 4937 per

444 4949 641 5007 Isaiam
672 4953 869 5009 dicitur
900 4973 913 5009 :
947 4974 965 5006 ι
997 4956 1231 5027 Populus
1253 4967 1431 5013 autem
1479 4966 1621 5022 tuus,
1660 4973 1848 5012 omnes
1870 4956 2027 5026 justi,

445 5048 505 5102 in
552 5054 869 5114 perpetuum
930 5049 1088 5120 13a
1158 5048 1552 5109 bzereditabunt
1616 5059 1814 5106 terram
1868 5047 2024 5120 (Isai.

446 5135 646 5203 nm).
690 5154 709 5186 ι
756 5137 829 5190 De
853 5153 960 5206 quo
988 5140 1184 5209 populo
1229 5153 1285 5196 et
1330 5143 1668 5211 postmodum
1700 5142 1869 5199 dicit:
1906 5159 1927 5203 ί
1958 5141 2026 5196 Et

444 5225 788 5290 habitabunt,
823 5235 879 5282 et
918 5228 1235 5295 plantabunt
1269 5231 1477 5297 vincas,
1499 5240 1554 5287 et
1581 5233 1868 5288 comedent
1910 5230 2023 5287 fru-

452 5327 570 5342 --..-
612 5332 791 5342 se---“
845 5320 977 5342 ll--.‘
1031 5337 1129 5342 _._-.

2132 4405 2465 4461 Amalccitas
2502 4414 2556 4461 ct
2584 4407 2929 4461 Amorrbaeos
2951 4405 3128 4477 gladio
3151 4415 3372 4459 rorante
3401 4403 3710 4473 dejicimus;

2133 4498 2259 4570 quia
2288 4507 2416 4553 tunc
2448 4499 2703 4554 vitiorum
2752 4499 2994 4570 omnium
3044 4498 3350 4551 barbariem
3400 4496 3711 4559 sternimus,

2133 4599 2261 4648 tunc
2286 4601 2582 4661 potestates
2627 4606 2818 4646 aereas
2863 4591 3214 4646 invictissime
3266 4590 3632 4659 debellamus,
3666 4590 3713 4645 si

2132 4693 2189 4739 et
2242 4685 2562 4740 innocenter
2608 4685 2841 4738 vivimus
2874 4725 2889 4746 ,
2935 4692 2990 4737 et
3064 4693 3242 4737 tamen
3311 4695 3437 4737 reos
3506 4697 3608 4743 nos
3650 4695 3717 4747 ac.

2132 4776 2371 4846 peccatis
2416 4776 2682 4830 obnoxios
2730 4774 3068 4842 judicatuus,
3113 4774 3359 4833 dicentes
3405 4793 3529 4835 cum
3576 4781 3716 4849 Apo-

2134 4869 2274 4924 stolo
2305 4887 2318 4923 :
2357 4887 2375 4919 ‹
2411 4867 2468 4923 Si
2503 4867 2801 4922 dixerimus
2826 4869 2951 4937 quia
2981 4876 3270 4937 peccatum
3300 4889 3405 4927 non
3434 4872 3711 4934 habemus,

2132 4962 2492 5031 nosmetipsos
2532 4960 2861 5023 seducimns.
2902 4972 2961 5018 et
2996 4965 3202 5019 veritas
3231 4965 3284 5018 in
3318 4963 3475 5018 nobis
3503 4978 3607 5018 non
3632 4970 3710 5017 est

2131 5050 2184 5121 (Ι
2213 5051 2372 5105 Joan.
2398 5050 2460 5121 ι).
2493 5070 2511 5103 ι
2548 5051 2611 5105 Et
2639 5059 2765 5104 tunc
2791 5050 3029 5119 Esebon,
3072 5070 3233 5123 quam
3259 5053 3602 5122 cogitationes
3626 5051 3703 5105 in-

2128 5142 2412 5214 terpretari
2466 5142 2720 5206 diximus,
2773 5141 2828 5198 in
2863 5145 3226 5200 lsraelitarnm
3274 5143 3487 5213 cogitur
3535 5150 3707 5197 trans-

2128 5234 2209 5290 ire
2260 5232 2415 5304 133
2445 5229 2743 5288 dom’inium
2769 5252 2783 5299 ;
2819 5250 2938 5289 cum
2964 5250 3114 5289 mens
3160 5242 3339 5288 nostra
3365 5234 3431 5287 de
3460 5230 3705 5303 superbia
