4052 6312
351 259 492 316 1043

349 463 662 521 Sulliciebat
687 464 901 533 quidem
934 464 1066 535 legis
1093 463 1330 532 autiqu:e
1353 463 1650 518 cultoribus
1688 474 1746 518 ut
1775 473 1924 518 recta

348 561 615 612 duntaxat
651 555 990 610 extrinsecus
1041 565 1295 624 agerent;
1344 557 1497 611 nobis
1529 567 1706 612 autem
1760 557 1930 610 Evan-

347 647 486 717 gelio
539 645 851 700 terribiliter
879 645 1154 698 intonante
1194 646 1502 715 pra'cipitur
1531 657 1604 706 ut,
1639 647 1764 699 dum
1797 659 1929 714 ope-

350 739 502 792 ribus
559 738 740 808 pravis
791 737 1080 802 exuimur,
1134 739 1298 793 etiam
1347 738 1764 809 cogitationibus
1812 753 1933 808 pcr-

347 829 541 898 vigiles
565 827 924 884 obluctemur.
955 847 973 878 ‹
1007 828 1248 884 Audistis
1269 870 1284 894 ,
1331 830 1538 899 inquit,
1563 830 1689 900 quia
1725 831 1930 884 dictum

349 927 431 973 est
484 916 725 985 antiquis
756 933 770 969 :
807 913 923 970 Non
977 919 1358 973 mmehaberis.
1415 920 1529 989 Ego
1583 929 1764 974 autent
1811 920 1931 975 dico

346 1009 500 1062 vobis
545 1007 669 1076 quia
716 1007 1024 1077 quicunque
1072 1008 1267 1062 viderit
1320 1011 1596 1065 mulierem
1629 1010 1695 1064 ad
1734 1025 1932 1066 concu-

347 1097 663 1168 piscendum
688 1113 830 1164 eam,
851 1097 962 1166 jam
984 1101 1284 1154 rnmcbatus
1305 1110 1389 1155 est
1412 1116 1532 1157 eam
1561 1103 1614 1156 in
1641 1101 1805 1157 corde
1834 1117 1934 1156 suo

349 1189 565 1259 (Matth.
594 1189 671 1261 v).
710 1210 727 1242 ι
767 1190 905 1244 Hine
958 1200 1042 1246 est
1084 1194 1226 1261 quod
1259 1191 1494 1248 Joannes
1527 1194 1791 1264 Baptista,
1831 1210 1932 1265 per

348 1295 508 1348 quem
557 1279 643 1335 lex
693 1289 851 1335 vetus
889 1281 1256 1351 exprimitur,
1302 1299 1495 1338 zonam
1549 1284 1826 1353 pelliceam
1875 1285 1929 1338 in

348 1368 546 1424 lmnbis
600 1369 852 1424 habuisse
900 1371 1220 1439 perhibetur
1253 1371 1486 1443 (Matth.
1522 1375 1641 1442 Ill).
1683 1373 1933 1428 Salvator

347 1469 552 1528 noster,
585 1461 675 1531 qui
714 1471 906 1515 auctor
947 1471 1032 1515 est
1059 1461 1360 1532 Evangelii,
1394 1463 1536 1517 inter
1561 1474 1767 1532 septem
1799 1478 1931 1518 can-

347 1548 566 1604 delabra
591 1564 756 1604 aurea
789 1551 938 1604 visus
962 1560 1045 1604 cst
1070 1566 1098 1604 a
1123 1549 1333 1606 Joanne
1373 1554 1600 1606 vestitus
1644 1553 1846 1620 pudere
1877 1565 1932 1606 et

343 1641 674 1710 praecinctus
705 1644 773 1696 ad
803 1642 1099 1697 mamillam
1127 1659 1263 1698 zona
1301 1659 1463 1698 aurea
1497 1646 1677 1714 (Apoc.
1704 1645 1763 1715 ι).
1790 1645 1927 1712 Quid

345 1744 428 1788 cst
447 1747 576 1803 ergo
604 1750 736 1792 zona
766 1735 988 1804 pellieea
1037 1737 1177 1791 circa
1215 1737 1444 1804 lumbos,
1479 1739 1581 1793 nisi
1613 1741 1755 1809 quod
1787 1743 1929 1796 anti-

346 1825 468 1892 quis
492 1825 694 1880 dictum
725 1836 805 1881 est
842 1846 855 1882 :
890 1847 908 1876 ε
945 1827 1058 1881 Non
1093 1830 1487 1885 moechaberis?
1523 1849 1540 1882 ι
1581 1831 1777 1899 (Exod.
1814 1833 1930 1900 xx.)

347 1913 413 1969 Et
439 1913 566 1984 quid
595 1924 676 1969 est
699 1931 832 1970 zona
858 1930 1018 1970 aurea
1051 1918 1116 1971 ad
1139 1919 1452 1982 mamillam,
1479 1921 1579 1975 nisi
1609 1922 1750 1991 quod
1781 1922 1933 1976 Chri-

344 2005 532 2060 stiana:
556 2005 990 2061 ﬁdeicultoribus
1009 2007 1240 2063 dicitur:
1260 2027 1277 2059 ‹
1308 2009 1413 2075 Qui
1437 2011 1628 2064 viderit
1651 2010 1945 2065 mulierem.

345 2097 412 2154 ad
441 2098 926 2168 concupiscendum
973 2115 1116 2162 eam,
1143 2100 1254 2168 jam
1285 2102 1585 2156 moechatus
1613 2113 1693 2156 est
1727 2117 1844 2155 eam
1877 2101 1931 2156 in

346 2189 509 2242 corde
546 2191 681 2245 suo?
712 2210 732 2242 ι
766 2189 980 2260 (Matth.
1010 2191 1087 2261 v.)
1118 2189 1253 2245 Iliae
1279 2193 1449 2246 etiam
1489 2207 1584 2260 per
1616 2194 1939 2261 prophetam

346 2279 526 2334 divina
560 2296 688 2336 voce
719 2281 1031 2351 praecipitur
1059 2299 1074 2336 :
1111 2301 1130 2334 ι
1171 2281 1333 2349 Leva,
1370 2282 1726 2350 Hierusalem,
1758 2299 1792 2338 a
1817 2299 1936 2338 ma-

348 2370 469 2424 li‘tia
495 2385 590 2427 eor
621 2379 794 2426 tuum.
839 2371 1129 2442 Usquequo
1163 2373 1594 2429 morabunturin
1635 2384 1688 2429 te
1728 2375 1935 2445 cogita-

347 2461 527 2518 tiones
565 2463 774 2517 noxite?
805 2483 828 2516 ι
861 2463 998 2534 (Jer.
1042 2465 1140 2534 IV.)
1179 2465 1245 2519 Et
1285 2465 1410 2521 alibi
1440 2484 1453 2521 :
1489 2484 1507 2518 ‹
1542 2467 1759 2522 Attendi
1784 2506 1800 2530 ,
1850 2467 1934 2520 in-

347 2555 493 2622 quit,
533 2562 588 2610 et
613 2554 944 2618 auscultavi,
984 2570 1143 2610 nemo
1175 2557 1315 2625 quod
1350 2557 1550 2611 bonum
1583 2565 1664 2612 est
1697 2556 1933 2625 loquitur

349 2643 494 2716 (Jer.
531 2645 671 2718 vut).
713 2664 732 2698 ι
780 2647 845 2702 Et
880 2647 1133 2702 Salomon
1182 2648 1259 2702 ait
1309 2665 1322 2701 :
1364 2667 1381 2699 ι
1431 2649 1665 2719 Spiritus
1713 2658 1932 2703 sanctus

350 2735 649 2805 disciplinae
675 2736 896 2806 ell‘ugiet
927 2737 1108 2793 ﬁctum
1131 2778 1148 2804 ,
1179 2747 1235 2792 et
1271 2737 1448 2793 aufert
1487 2754 1546 2794 se
1587 2755 1620 2794 a
1649 2739 1937 2810 cogitatio-

350 2824 512 2881 nibus
563 2840 682 2894 qua:
732 2836 858 2880 sunt
903 2826 1334 2883 siueintellectu
1378 2828 1543 2897 (Sap.
1595 2831 1667 2894 ι).
1718 2847 1736 2882 ι
1779 2828 1932 2882 Arri-

345 2912 557 2981 piamus
581 2930 710 2984 ergo
738 2915 972 2985 gladium
1017 2917 1242 2986 spiritus
1263 2956 1284 2984 ,
1315 2928 1370 2971 et
1417 2931 1604 2974 contra
1652 2919 1930 2990 cogitatio-

349 3019 476 3058 num
507 3020 606 3060 nos
647 3005 1016 3061 infestantium
1049 3022 1255 3063 cuneos
1301 3009 1744 3067 ittl‘tederahiliter
1773 3009 1932 3063 dimi.

350 3110 555 3152 cemus.

921 3188 1151 3246 CAPUT
1210 3189 1344 3245 XIII.

841 3293 911 3349 In
948 3297 1126 3349 eodem
1165 3296 1404 3365 epistola.

421 3408 555 3464 Cum
579 3406 908 3464 lsraeliticus
940 3409 1026 3462 ille
1074 3410 1301 3478 populus
1340 3410 1584 3465 initiatus
1607 3421 1750 3465 esset
1777 3411 1932 3466 Beel-

348 3500 554 3569 pltegor
589 3499 642 3552 in
674 3499 912 3564 deserto,
948 3509 1002 3554 et
1039 3503 1088 3553 iu
1133 3512 1309 3556 scorta
1359 3501 1515 3558 Moab
1555 3503 1786 3572 turpiter
1809 3521 1928 3558 eor-

353 3588 568 3650 ruisset.
601 3587 772 3643 iratus
816 3587 999 3643 furore
1034 3589 1289 3645 Dominus
1318 3594 1574 3648 adversus
1603 3595 1763 3650 Israel
1793 3597 1929 3651 dixit

348 3680 414 3733 ad
441 3678 656 3750 Moysen
688 3698 701 3731 :
744 3698 762 3731 ι
792 3680 940 3734 Tolle
969 3691 1192 3736 cunctos
1222 3686 1490 3754 principes
1515 3688 1692 3756 populi
1729 3696 1782 3742 et.
1810 3703 1928 3744 sus-

349 3771 520 3840 pende
557 3786 651 3826 eos
683 3772 736 3826 in
787 3773 1041 3842 patibulis
1090 3783 1274 3826 contra
1329 3775 1516 3838 solem,
1548 3787 1605 3830 ut
1651 3789 1931 3832 avertatur

350 3861 501 3915 l’m‘or
531 3877 682 3916 meus
716 3861 784 3915 ab
833 3863 995 3916 Israel
1029 3861 1217 3926 (Nam.
1253 3865 1399 3934 xxv).
1439 3884 1455 3915 ι
1493 3865 1630 3932 Quid
1676 3875 1757 3919 est
1786 3867 1929 3936 quod

347 3951 577 4021 populus
612 3952 664 4006 in
704 3951 930 4006 luxuria:
957 3955 1272 4022 voraginem
1309 3954 1526 4018 labitur,
1561 3964 1614 4009 et
1644 3956 1694 4008 in
1737 3972 1924 4011 eorum

347 4046 664 4114 praepositos
702 4046 1046 4100 vindicatur?
1077 4046 1288 4100 Subditi
1324 4047 1661 4114 delinquunt,
1691 4058 1745 4102 et
1783 4049 1929 4119 prin-

347 4132 500 4200 cipes
538 4132 591 4186 in
622 4132 879 4202 patibulis
929 4133 1331 4202 suspenduntur
1363 4134 1384 4187 ?
1416 4135 1639 4189 Scilicet
1681 4136 1816 4190 alius
1846 4147 1926 4191 est

347 4223 439 4292 qui
469 4235 677 4293 peccat,
701 4225 838 4279 alius
869 4225 956 4279 ille
983 4225 1074 4294 qui
1107 4226 1342 4295 vapulat.
1371 4225 1482 4280 Cur
1525 4226 1649 4291 hoc,
1675 4228 1774 4282 nisi
1802 4229 1926 4297 quia

348 4317 507 4387 culpa
534 4319 872 4373 subditorum
901 4320 952 4374 in
998 4320 1415 4389 praepositormn
1442 4320 1706 4375 redundat
1729 4337 1926 4391 oppro-

346 4407 547 4470 brium,
565 4416 617 4461 et
643 4409 785 4477 quod
812 4410 878 4463 ab
907 4409 1096 4464 ovibus
1111 4421 1349 4475 erratur,
1391 4411 1728 4482 negligentia:
1750 4421 1930 4482 pasto-

1663 253 1730 310 ΙΝ
1754 251 2015 310 ιιθηωι
2055 249 2338 308 NUMERI.

347 373 763 442 cogitationibus
803 387 951 426 meus
972 380 1178 426 armata
1211 373 1496 426 virtutibus
1522 385 1629 426 non
1669 372 1914 428 resultat.
1947 375 1997 432 Α

3469 238 3615 304 1346

2519 363 2677 436 ιειι
2713 361 2937 418 αΑΡυτ
2983 360 3118 416 xlv.

2035 459 2096 512 In
2142 456 2362 526 epistola
2416 455 2485 510 ad
2520 456 2810 526 _Albertnm
2841 494 2852 513 ,
2900 453 2952 504 in
3002 469 3104 526 quo
3147 452 3211 505 de
3255 452 3613 508 mansionibus

2510 524 2877 578 Israelitnrnm
2925 522 3128 575 scribit.

2109 639 2124 669 ι
2166 617 2262 671 llic
2293 627 2375 669 est
2405 630 2658 670 numerus
2710 614 2964 674 ﬁliorum,
2994 613 3083 681 qui
3133 611 3438 681 descriptus
3469 623 3552 669 est
3583 633 3610 668 a

2034 710 2215 782 Moyse
2244 720 2295 764 et
2321 710 2580 764 Eleazaro
2609 707 2913 768 sacerdote,
2965 706 3106 760 inter
3135 721 3269 774 quos
3302 706 3482 772 nullus
3514 707 3612 762 luit

2031 818 2218 859 eorum
2273 803 2363 871 qui
2398 809 2558 857 antea
2608 801 2874 855 numerati
2907 811 3029 854 sunt
3061 816 3089 853 a
3120 801 3298 870 Moyse
3343 812 3399 855 et
3432 802 3611 857 Aaron

2031 894 2084 948 in
2119 903 2303 948 monte
2354 891 2526 946 Sinai.
2570 890 2904 944 Praedixerat
2964 890 3108 943 enim
3162 890 3422 945 Dominus
3471 892 3613 960 quod

2029 990 2568 1038 omnesmorerentur
2587 980 3142 1048 insolitudine(.Vnm.
3167 980 3337 1052 xxvi).
3362 1000 3382 1032 ι
3407 980 3616 1048 Quibus

2032 1073 2277 1127 videlicet
2314 1073 2562 1128 historia:
2594 1072 2775 1126 verbis
2814 1080 3064 1140 patenter
3113 1073 3416 1126 ostenditur
3458 1073 3608 1144 quia,

2031 1162 2240 1215 Ctl'Iet'iS
2267 1162 2318 1215 iu
2357 1161 2572 1215 deserto
2603 1161 2912 1230 prostratis,
2949 1161 3014 1213 ad
3049 1161 3484 1232 repromissionis
3511 1172 3616 1218 ter-

2031 1269 2147 1308 ram
2169 1254 2296 1309 Levi
2325 1253 2498 1308 tribus
2527 1251 2814 1307 iucolmuis
2845 1261 2900 1306 et
2921 1251 3126 1306 illibata
3155 1253 3418 1321 pervenit.
3451 1253 3614 1320 Quis-

2031 1346 2154 1416 quis
2199 1361 2328 1416 ergo
2367 1361 2424 1401 se
2462 1344 2701 1414 potuerit
2739 1344 2792 1398 iu
2834 1345 3177 1398 sacerdotum
3206 1344 3287 1400 vel
3325 1346 3613 1402 levitarum

2031 1438 2221 1491 ordine
2270 1437 2623 1500 constituere,
2656 1437 2904 1506 quisquis
2944 1435 3178 1490 noluerit
3218 1451 3342 1490 cum
3395 1435 3620 1507 reliquis

2031 1526 2340 1580 hominibus
2390 1527 2440 1580 in
2483 1535 2625 1580 terra
2680 1536 2880 1581 sortem
2941 1525 3296 1580 haereditaria:
3353 1524 3621 1593 portionis

2033 1617 2331 1688 acquirere,
2362 1618 2455 1672 sed
2489 1618 2658 1671 Solum
2686 1632 2809 1671 cum
2861 1618 2999 1671 tribu
3053 1617 3180 1673 Levi
3217 1627 3512 1673 contentus
3542 1618 3617 1675 sit

1963 1725 2004 1780 η
2034 1708 2317 1762 Dominum
2346 1709 2642 1778 possidere,
2669 1707 2769 1762 iste
2794 1707 3036 1777 profecto
3055 1708 3106 1762 iu
3137 1707 3294 1776 hujus
3311 1709 3492 1762 mundi
3521 1709 3622 1763 de-

2035 1807 2180 1853 serto
2207 1812 2312 1850 non
2336 1797 2591 1863 moritur;
2618 1797 2714 1852 sed
2738 1807 2936 1852 terram
2953 1798 3616 1867 repromissionisingredi

2034 1890 2190 1943 vivus
2211 1897 2267 1943 et
2302 1889 2587 1944 incolumis
2612 1897 2974 1960 promeretur.
3001 1890 3101 1954 Qui
3130 1889 3196 1944 ad
3223 1890 3613 1959 promissiones

2034 1995 2164 2051 ergo
2213 1981 2432 2035 Patrum
2481 1982 2765 2051 pervenire
2817 1983 3128 2048 desiderat,
3183 1983 3517 2059 hereditatis
3562 1985 3616 2038 in

2031 2080 2176 2129 terra
2232 2073 2526 2131 funiculum
2553 2090 2673 2129 cum
2717 2076 2855 2129 tribu
2889 2075 3014 2130 Levi
3045 2077 3320 2144 possidere
3369 2084 3612 2131 eontem-

2031 2176 2146 2221 nat.
2198 2166 2336 2222 Nam
2389 2169 2482 2237 qui
2533 2183 2592 2223 se
2654 2184 2752 2238 pro
2807 2169 3037 2222 terrenis
3079 2170 3130 2222 in
3175 2177 3372 2222 terram
3413 2166 3620 2236 tlejicit,

2033 2257 2124 2327 qui
2157 2271 2296 2322 sese,
2328 2258 2415 2311 ubi
2448 2273 2574 2312 eum
2597 2257 2962 2313 amaritudine
2993 2259 3199 2314 Pascha
3233 2259 3616 2315 celebrandum

2033 2355 2118 2400 est
2147 2361 2210 2402 ac
2238 2346 2500 2402 velociter
2533 2348 2946 2410 transeundmn,
2988 2347 3190 2402 diutius
3225 2348 3460 2419 gaudere
3488 2362 3616 2402 con-
3635 2354 3650 2367 ‘

2034 2434 2174 2501 ﬁdit,
2235 2457 2253 2489 Ι
2286 2421 2501 2500 Anima,
2543 2437 2815 2508 inquiens.
2865 2436 3030 2492 habes
3067 2435 3232 2492 multa
3277 2438 3420 2492 bona
3459 2453 3590 2508 repo

2033 2529 2134 2584 sita
2161 2529 2213 2582 in
2241 2544 2414 2584 annos
2437 2529 2651 2591 multos,
2689 2529 2992 2599 requiesce,
3033 2529 3278 2595 comede,
3321 2529 3463 2593 bibe,
3487 2544 3618 2600 epu-

2033 2617 2148 2675 lare
2190 2619 2344 2690 (Lctc.
2376 2622 2509 2693 xu);
2552 2639 2574 2673 ι
2625 2637 2730 2676 non
2755 2621 2872 2676 sine
2908 2637 3073 2676 causa
3113 2630 3354 2676 meretur
3383 2620 3572 2676 audire
3595 2637 3614 2696 V:

2041 2731 2058 2765 ι
2097 2712 2291 2776 Stulte,
2322 2713 2424 2768 hac
2472 2722 2630 2770 nocte
2680 2723 2925 2782 repetent
2972 2714 3206 2768 animam
3255 2721 3398 2767 tuam
3447 2727 3477 2766 a
3525 2720 3614 2774 te;

2032 2818 2154 2874 qua:
2191 2813 2370 2858 autem
2401 2803 2632 2874 parasti,
2659 2803 2811 2871 cujus
2865 2804 3058 2858 erunt?
3089 2823 3108 2856 ι
3159 2803 3344 2874 (Ibid)
3384 2802 3482 2856 Hic
3512 2801 3616 2856 ita-

2033 2908 2140 2963 que
2177 2909 2283 2948 non
2335 2893 2460 2958 die,
2509 2894 2602 2948 sed
2645 2903 2802 2948 nocte
2843 2894 3170 2964 perimitur.
3227 2894 3367 2948 sicut
3418 2893 3620 2972 primo:

2034 2985 2212 3056 genita
2236 2985 2633 3056 Egyptiorum.
2659 2985 2924 3039 Nimirum
2955 2986 3042 3054 qui
3077 3002 3181 3039 non
3217 2986 3420 3055 sprevit
3449 2983 3617 3055 Egy-

1959 3095 2004 3156 ς
2036 3085 2186 3144 ptu
2209 3117 2223 3138 .
2265 3075 2357 3130 sed
2393 3075 2709 3146 obsequium
2758 3077 2985 3145 praebuit
3015 3075 3324 3130 rectoribus
3353 3075 3616 3148 tenebra-

2033 3178 2152 3217 rum
2180 3204 2194 3226 ,
2233 3165 2324 3233 qui
2354 3172 2409 3219 et
2436 3163 2535 3233 ipsi
2565 3172 2724 3219 nocte
2754 3165 2990 3218 animam
3035 3164 3152 3234 ejus
3181 3173 3449 3236 repetunt,
3484 3181 3618 3234 quo-

2031 3253 2173 3306 niam
2196 3252 2366 3308 odivit
2393 3252 2590 3316 lucem,
2623 3269 2723 3308 nec
2746 3253 2974 3322 justitia:
3012 3265 3336 3311 consecutus
3364 3263 3445 3311 est
3472 3255 3619 3310 veri-

2037 3352 2087 3397 ta
2098 3353 2226 3400 tem.

2043 3437 2046 3440 ’
2627 3434 2708 3491 CA
2720 3432 2858 3490 PU'I'
2913 3435 3030 3491 XV.

2028 3523 2096 3579 In
2143 3524 2358 3598 epistola
2389 3525 2458 3579 ad
2478 3536 2481 3539 '
2505 3523 2567 3580 V.
2608 3527 2905 3595 episcopum
2938 3536 2984 3580 et
3011 3526 3125 3598 ejus
3155 3543 3456 3591 canonicos,
3495 3543 3613 3598 qua

2133 3607 2210 3649 est
2253 3596 2318 3650 de
2352 3598 2578 3668 quinque
2605 3598 2842 3650 sensibus
2885 3597 3120 3664 corporis
3149 3597 3474 3651 cahibendis.

2099 3685 2356 3757 Quisquis
2385 3700 2482 3757 per
2532 3687 2790 3757 iniuncta:
2836 3688 3234 3756 praedicationis
3288 3687 3520 3743 oﬁicium
3550 3689 3618 3743 ad

2028 3777 2379 3846 pugnandum
2425 3777 2560 3833 alios
2607 3776 2834 3841 incitat,
2881 3779 2975 3831 sed
3005 3778 3120 3845 ipse
3149 3792 3253 3831 non
3284 3787 3507 3847 pugnat,
3540 3777 3615 3832 iIlI

2029 3866 2224 3920 similis
2253 3866 2456 3936 estqui
2487 3867 2732 3922 buccina:
2778 3867 3127 3936 clangoribus
3174 3866 3472 3936 obstrepit,
3520 3867 3618 3922 sed

2031 3955 2286 4023 congredi
2325 3956 2572 4010 cominus
2621 3972 2726 4009 non
2775 3957 3073 4025 pravsumit.
3127 3955 3229 4010 Hic
3276 3958 3457 4026 itaque
3506 3971 3617 4013 non

2028 4049 2239 4104 virilem
2289 4059 2512 4121 generat
2569 4065 2756 4104 sexum
2787 4089 2802 4114 ,
2857 4050 2984 4102 dum
3039 4050 3112 4104 sit
3157 4058 3318 4119 pater
3367 4052 3612 4121 ignavus.

2030 4141 2199 4209 Quem
2247 4143 2489 4212 profecto
2548 4142 2844 4211 Salphaath
2901 4142 2994 4196 ille
3029 4143 3301 4211 signavit,
3357 4145 3450 4211 qui
3504 4159 3614 4200 non

2030 4230 2218 4292 ﬁlium,
2250 4231 2343 4286 sed
2395 4232 2634 4301 quinque
2665 4231 2806 4287 ﬁlias
2839 4231 3076 4285 moriens
3103 4231 3390 4300 dereliquit
3418 4231 3624 4301 (Num.

2027 4321 2221 4391 xxvii).
2271 4320 2568 4391 Salphaath
2598 4321 2866 4391 siquidem
2914 4323 3303 4391 interpretatur
3341 4322 3526 4379 umbra
3555 4323 3623 4378 in;

2031 4427 2120 4466 ore
2146 4414 2280 4482 ejus.
2307 4415 2562 4484 Quisquis
2592 4415 2737 4469 enim
2762 4412 2924 4469 fortia
2952 4413 3231 4482 prtedicat,
3265 4422 3317 4468 et
3339 4413 3624 4469 euervitet

349 4498 426 4553 ris
459 4499 780 4554 ascribitur?
803 4500 869 4554 Et
896 4501 1016 4555 vide
1041 4517 1201 4570 quam
1227 4502 1572 4558 formidolosa
1597 4505 1668 4558 sit
1692 4506 1928 4560 conditio
1958 4471 2006 4530 θ
2033 4504 2190 4567 vivit,
2217 4519 2285 4559 ne
2316 4471 2487 4575 turpis
2531 4515 2789 4576 appareat
2815 4546 2830 4571 ,
2878 4505 3033 4575 quasi
3065 4504 3166 4558 sub
3218 4503 3360 4559 foliis
3403 4519 3461 4558 se
3507 4504 3612 4560 ho-

346 4591 959 4662 przesidentium,utnon
977 4595 1136 4650 modo
1155 4611 1252 4664 pro
1281 4596 1520 4660 suis,sed
1548 4607 1599 4651 et
1625 4613 1720 4666 pro
1745 4597 1931 4652 subdi-

349 4690 526 4736 torum
553 4683 846 4752 puniantur
865 4683 1104 4739 oll'ensis.
1123 4685 1310 4754 Arguit
1333 4701 1427 4741 eos
1457 4685 1824 4758 Moyses,quia
1843 4688 1928 4742 lex

348 4776 444 4832 Dei
478 4777 814 4848 negligentia:
841 4778 960 4833 illos
991 4794 1055 4834 ac
1093 4773 1326 4848 torporis
1373 4789 1613 4834 accusat.
1647 4780 1747 4846 Qui
1804 4796 1929 4834 sus-

345 4868 537 4937 pendit
585 4883 681 4924 eos
733 4869 800 4922 ad
852 4870 1046 4928 solem.
1104 4869 1358 4938 quoniam
1405 4869 1470 4923 ad
1513 4870 1929 4923 examinandum

344 4959 741 5028 producuntur,
782 4969 836 5013 et
864 4971 1164 5028 arguuntur
1193 4975 1220 5012 a
1250 4959 1370 5014 luce
1425 4977 1438 5012 :
1493 4977 1512 5011 t
1546 4959 1732 5014 Omnis
1765 4959 1927 5022 enim,

348 5059 409 5105 ut
437 5049 693 5104 Dominus
723 5050 818 5112 ait.
865 5051 955 5120 qui
1007 5050 1144 5104 mala
1175 5051 1308 5121 agit,
1362 5052 1475 5105 odit
1501 5050 1700 5115 lucem,
1740 5059 1794 5103 et
1824 5065 1928 5103 non

349 5144 499 5197 venit
538 5143 604 5196 ad
636 5143 832 5212 lucem,
864 5153 920 5196 ut
951 5159 1055 5198 non
1105 5151 1405 5210 arguantur
1451 5159 1612 5213 opera
1663 5143 1808 5212 eius;
1838 5143 1927 5213 qui

353 5242 533 5287 autent
567 5233 696 5288 facit
725 5237 1026 5296 veritatem,
1055 5234 1203 5289 venit
1242 5235 1307 5288 ad
1347 5234 1520 5289 lucem
1553 5233 1732 5305 (Joan.
1754 5232 1858 5303 tu).
1905 5251 1923 5284 ι

349 5323 430 5376 Ad
477 5323 648 5378 lucem
701 5325 895 5394 quippe
942 5326 1085 5377 vmit
1138 5324 1227 5394 qui
1265 5323 1476 5380 occulta
1516 5310 1616 5378 sua.
1652 5338 1748 5395 per
1783 5335 1931 5392 pura:

345 5415 703 5469 confessionis
733 5417 935 5470 aditum
970 5433 1001 5487 p
1041 5417 1177 5472 ndit.

2035 4595 2178 4649 nesti
2215 4595 2479 4650 sermonis
2506 4594 2778 4660 occultat;
2811 4595 2912 4651 sub
2941 4594 3130 4648 umbra
3163 4608 3221 4649 se
3266 4593 3468 4663 proprii
3496 4607 3616 4647 ser—
3687 4649 3690 4653 ,

2035 4684 2213 4738 monis
2255 4684 2557 4749 absconlit,
2587 4685 2715 4739 dum
2747 4685 2802 4738 in
2850 4699 3098 4754 campum
3149 4681 3463 4736 certaminis
3513 4695 3618 4750 per:

2037 4777 2119 4831 sui
2174 4778 2407 4847 torporis
2457 4779 2727 4848 ignaviam
2775 4793 2880 4833 non
2933 4777 3197 4847 procedit.
3256 4776 3353 4830 I—Iic
3385 4777 3566 4845 itaque
3587 4814 3610 4840 .,

2037 4878 2297 4937 quantum
2341 4870 2404 4922 ad
2437 4884 2494 4924 se
2513 4909 2526 4932 ,
2558 4886 2663 4923 non
2692 4869 2902 4925 virilem
2923 4910 2950 4933 ,.
2979 4869 3072 4923 sed
3104 4869 3421 4923 muliebrem
3446 4870 3609 4924 sebo.-

2033 4958 2160 5022 lotn,
2193 4968 2248 5013 et
2299 4961 2438 5015 hanc
2469 4961 2568 5015 sub
2611 4960 2862 5029 quinario
2902 4974 3129 5014 numero
3173 4965 3433 5028 generat,
3485 4959 3610 5014 dum

2033 5062 2295 5117 sequaces
2324 5065 2452 5104 suos
2485 5064 2592 5103 non
2620 5049 2688 5103 ad
2715 5050 2883 5104 robur
2908 5047 3201 5118 spiritualis
3230 5045 3491 5108 audaciae,
3513 5047 3612 5102 sed

2033 5142 2098 5192 ad
2149 5140 2317 5193 otium
2365 5143 2562 5195 educat
2607 5141 2862 5211 ignobilis
2892 5141 3032 5194 vita).
3064 5139 3210 5208 Quos
3256 5139 3443 5207 utique
3483 5141 3610 5192 dum

2033 5247 2138 5285 non
2169 5241 2322 5286 curat
2350 5233 2609 5287 induStria
2632 5232 2927 5303 spiritualis
2953 5248 3142 5303 pugna:
3177 5232 3442 5293 imbuere,
3467 5231 3612 5302 cogit

2029 5321 2394 5375 exterioribus
2419 5322 2649 5392 negotiis
2693 5323 2846 5393 quasi
2880 5324 3122 5393 quinque
3162 5321 3408 5389 corporis
3439 5319 3610 5376 sensi-

2028 5409 2131 5466 bus
2162 5411 2433 5468 deservire
