4052 6312
234 364 256 418 I
265 359 371 418 οη

1528 366 1593 420 IN
1627 364 1885 422 LIBRUM
1929 369 2214 424 NUMERI.

3345 372 3481 427 t050

230 475 449 529 venitur
469 515 485 540 ,
533 480 683 540 tunc,
714 476 767 530 in
796 478 1130 547 perfectione
1184 482 1447 537 bonorum
1506 482 1799 549 fructuum,
1832 470 1880 527 Α
1905 499 2046 535 mus.
2078 482 2232 537 lianc
2262 482 2424 554 igitur
2451 483 2603 537 nobis
2626 485 2727 539 hoc
2760 485 2917 538 modo
2968 484 3314 538 festivitatem
3342 485 3483 539 cele-

230 565 444 621 auctori
474 565 737 620 bonorum
790 569 898 623 Deo
934 568 1200 624 festivitas
1228 572 1423 640 agitur.
1457 569 1566 627 Nos
1594 589 1806 644 quoque

1907 571 2190 625 brantibus
2228 573 2610 640 repropitiatur
2664 573 2751 627 ille
2808 588 2967 642 quem
3016 575 3295 643 proposuit
3346 574 3490 632 Deus

230 656 505 712 Novarum
554 657 812 712 solemnia
839 661 1109 728 gerimus,
1137 663 1206 723 si.
1232 663 1383 731 prius
1407 677 1595 732 agrum
1635 666 1804 719 nostri
1871 660 1874 664 Α
1907 660 2318 730 propitiatorem
2342 675 2439 729 per
2462 659 2621 715 [idem
2649 661 2699 714 in
2734 662 2997 731 sanguine
3020 678 3139 716 suo.

229 749 411 805 cordis
425 748 720 818 disciplina:
738 766 954 805 vomere
970 754 1401 822 proscindentes,
1416 756 1674 811 virtutum
1691 772 1810 825 ger-
1870 760 1871 765 ‘

234 838 381 891 mina
407 838 948 907 spargimus,utboni
979 842 1318 909 postmodum
1342 844 1521 913 operis
1542 838 1809 900 frumenta

232 937 521 982 metamus.
560 927 711 984 Unde
750 945 848 1000 per
890 933 1207 1001 prophetam
1253 936 1494 990 dicitur:
1539 954 1558 987 ι
1607 936 1811 993 Novate

237 1018 395 1089 137
422 1019 576 1074 vobis
605 1021 819 1087 novale,
851 1031 905 1077 et
932 1024 1099 1079 nolite
1119 1040 1300 1081 serere
1320 1027 1498 1096 spicas
1524 1025 1658 1095 (Jer.
1677 1028 1804 1099 tv)»

233 1111 310 1166 De
336 1111 476 1166 bono
502 1111 711 1169 scilicet
739 1114 975 1184 agricola
998 1114 1251 1172 Salomon
1279 1118 1384 1172 ait:
1436 1137 1455 1169 ι
1491 1119 1595 1185 Qui
1620 1134 1812 1188 opera-

236 1211 326 1255 tur
356 1209 554 1257 terram
580 1217 759 1270 suam,
788 1204 1036 1260 inaltabit
1066 1220 1319 1261 acervum
1355 1206 1592 1277 frugum,
1638 1217 1693 1264 et
1718 1210 1813 1277 qui

233 1301 491 1361 operatur
509 1290 801 1360 justitiam,
836 1294 949 1365 ipse
976 1295 1305 1355 exaltabitur
1324 1296 1512 1366 (Eccli.
1549 1299 1661 1370 xx).
1686 1319 1704 1352 ι
1737 1299 1815 1355 De

234 1381 524 1452 negligenti
548 1397 762 1453 quoque
788 1384 1041 1453 operario
1070 1386 1209 1440 idem
1228 1386 1359 1441 dicit
1384 1400 1400 1441 :
1448 1406 1467 1439 ι
1494 1386 1600 1443 Per
1629 1374 1813 1457 agrum

235 1473 470 1527 hominis
500 1473 635 1544 pigri
660 1475 908 1542 transivi,
949 1486 1005 1531 et
1040 1490 1137 1546 per
1157 1477 1373 1533 vineam
1405 1477 1507 1532 viri
1557 1478 1732 1543 stulti,
1759 1486 1815 1534 et

235 1576 363 1618 ecce
388 1570 562 1617 totum
591 1563 935 1633 repleverunt
958 1566 1182 1631 urticae;
1209 1575 1542 1635 operuerunt
1583 1567 1814 1637 superﬁ-

238 1653 376 1706 ciem
401 1652 518 1721 ejus
547 1654 737 1723 spinae,
759 1664 816 1710 et
847 1657 1084 1712 maceria
1111 1657 1351 1727 lapidum
1397 1659 1671 1714 destructa
1700 1669 1819 1715 erat

239 1741 421 1811 (Prov.
446 1744 619 1813 xxiv).
652 1764 671 1795 ι
706 1744 771 1800 Et
799 1745 993 1801 iterum
1020 1764 1034 1801 :
1084 1764 1103 1798 ι
1135 1747 1409 1818 Praepara,
1461 1750 1654 1820 inquit.
1683 1750 1817 1807 foris

1978 747 2181 803 Octava
2213 742 2362 816 vero,
2394 764 2515 817 qure
2540 750 2793 804 elultima
2823 751 3137 806 solemuitas
3161 759 3264 815 est,
3292 751 3498 808 dicitur

1910 835 2246 908 Scenopegia,
2299 840 2402 894 hoc
2455 849 2539 894 est
2578 840 3052 906 tabernaculorum,
3102 856 3220 911 qua:
3244 842 3499 897 videlicet

1911 928 2100 997 quinto
2130 927 2342 982 decimo
2384 929 2470 983 die
2496 927 2734 997 ejusdem
2788 932 3000 999 septimi
3059 933 3260 987 mensis
3305 933 3498 1002 incipit

1911 1017 2194 1073 celebrari.
2233 1017 2474 1072 Laetatur
2497 1020 2639 1072 enim
2668 1019 2807 1073 Deus
2856 1019 2910 1073 in
2939 1028 3014 1084 te,
3060 1036 3182 1074 cum
3213 1030 3269 1075 te
3333 1022 3499 1090 quasi

1911 1108 2257 1179 peregrinum
2285 1109 2457 1165 cernit
2506 1119 2560 1163 et
2609 1109 2886 1175 exsulem,
2936 1118 2992 1164 et
3045 1124 3150 1164 non
3206 1111 3257 1164 in
3301 1111 3502 1180 patriae

1913 1198 2183 1263 domibus,
2213 1198 2308 1253 sed
2346 1200 2399 1253 in
2426 1199 2600 1253 exsilii
2629 1198 2993 1255 tabernaculis
3040 1200 3300 1270 conspicit
3340 1200 3505 1254 habi-

1914 1300 2140 1347 tantem.
2176 1311 2195 1344 ι
2228 1290 2344 1346 Non
2370 1292 2514 1347 enim
2542 1292 2629 1348 hic
2664 1293 2926 1349 habemus
2971 1294 3131 1365 138
3184 1306 3493 1352 manentem

1913 1383 2211 1448 civitatem,
2246 1382 2341 1438 sed
2388 1382 2626 1437 futuram
2674 1384 2999 1455 inquirimus
3043 1383 3227 1456 (Hebr.
3290 1385 3431 1455 xm).
3469 1403 3487 1436 ι

1914 1475 2047 1533 Cum
2074 1477 2218 1533 enim
2246 1476 2336 1532 hic
2364 1477 2640 1532 cernimur
2685 1494 2782 1549 per
2811 1478 3007 1534 molem
3029 1480 3293 1549 corporis,
3340 1478 3498 1534 habi-

1914 1575 2093 1623 tamus
2120 1568 2174 1622 in
2198 1565 2339 1623 coelo
2367 1582 2465 1637 per
2495 1567 2734 1622 studium
2788 1569 3140 1632 intentionis;
3197 1584 3347 1633 cum,
3377 1577 3494 1622 tan-

1915 1673 2078 1727 quam
2102 1658 2337 1712 viatores
2365 1657 2583 1729 quidam
2634 1665 2689 1710 et
2737 1657 2981 1722 advente,
3032 1673 3128 1729 per
3182 1658 3493 1728 despectum

1919 1748 2117 1802 mentis
2145 1746 2430 1817 prtesentia
2453 1755 2649 1801 cuncta
2682 1748 3125 1812 transcurrimus,
3180 1748 3247 1803 ad
3306 1763 3498 1819 super-

238 1814 1892 1914 opustuum,etdiligenterexerceagrumtuum,utposteaB
1922 1854 2047 1893 nam
2103 1853 2235 1892 vero
2291 1838 2523 1907 patriam
2573 1838 2748 1893 anxiis
2791 1838 3182 1893 desideriorum
3238 1839 3498 1911 gradibus

238 1925 474 1983 :ediliccs
499 1926 715 1980 domum
749 1938 892 1982 tuam
920 1928 938 2000 (
966 1928 1151 1997 Ibid.).
1190 1949 1209 1982 ι
1257 1930 1361 1986 Sed
1388 1934 1634 2002 quisquis
1684 1936 1819 1990 inte-

238 2015 441 2069 riorem
468 2016 737 2072 hominem
772 2034 929 2074 suum
961 2020 1029 2074 de
1058 2021 1147 2076 die
1193 2021 1248 2076 in
1296 2024 1463 2089 diem,
1517 2026 1818 2083 secundum

240 2106 485 2173 Apostoli
543 2111 890 2174 sententiam,
935 2121 1180 2179 renovat,
1230 2116 1478 2185 quisquis
1516 2130 1611 2171 cor
1661 2132 1818 2173 suum

237 2200 404 2255 divini
432 2201 656 2256 terroris
679 2202 944 2273 ligonibus
961 2205 1154 2268 sulcat,
1182 2207 1283 2262 iste
1295 2223 1400 2262 non
1429 2224 1594 2277 super
1613 2210 1816 2279 spinas,

240 2290 332 2343 sed
350 2305 514 2359 super
529 2290 737 2345 novalia
758 2293 1010 2357 seminat,
1038 2304 1098 2349 nt
1124 2295 1402 2350 centesimi
1426 2307 1719 2366 proventus
1735 2315 1819 2354 se-

242 2388 416 2449 getem
443 2389 630 2436 metat.
650 2380 801 2437 Unde
816 2383 941 2438 dicit
958 2384 1279 2454 Apostolus:
1302 2406 1319 2438 ι
1333 2387 1468 2454 Quia
1482 2390 1572 2458 qni
1588 2390 1821 2445 seminat

241 2472 296 2525 in
322 2469 539 2538 spiritu,
565 2470 631 2526 de
649 2472 839 2542 spiritu
865 2484 1028 2529 metet
1050 2477 1213 2531 vitam
1237 2487 1495 2532 mternam
1515 2479 1655 2551 (Gal.
1684 2481 1814 2551 νι).»

238 2563 343 2631 Qui
370 2579 499 2618 vero
517 2562 725 2620 fructus
752 2573 807 2620 et
839 2566 890 2620 in
915 2567 1016 2623 hac
1032 2569 1143 2623 vita
1167 2570 1234 2624 de
1261 2572 1451 2641 spiritu
1473 2573 1817 2642 colliguntur,

237 2654 380 2709 idem
410 2654 537 2709 alibi
572 2655 855 2726 diligenter
910 2670 1213 2726 enumerat,
1254 2663 1440 2720 dicens
1470 2683 1482 2719 :
1538 2684 1557 2717 ι
1592 2666 1822 2723 Fructus

236 2753 420 2798 autem
451 2745 685 2815 Spiritus
711 2756 793 2802 est
812 2748 1071 2815 charitas,
1094 2752 1368 2820 gaudium,
1387 2769 1511 2823 pax,
1536 2757 1819 2825 patientia,

238 2832 640 2903 longanimitas,
669 2835 1241 2909 bonitas,benignitas,
1266 2846 1640 2911 mansuetudo,
1665 2845 1819 2912 ﬁdes,

243 2926 530 2988 modestia,
564 2926 917 2993 continentia,
947 2932 1170 2985 castitas
1201 2930 1344 2998 (Cal.
1373 2933 1447 3004 v).
1488 2954 1505 2986 ι
1563 2935 1820 3005 Quisquis

240 3014 408 3082 igitur
431 3016 527 3070 bos
558 3015 765 3072 fructus
795 3018 935 3073 intra
960 3035 1070 3074 sum
1099 3023 1294 3075 mentis
1318 3023 1569 3077 horreum
1595 3026 1821 3095 colligit,

245 3108 334 3161 hic
362 3107 544 3175 procul
580 3108 739 3164 dubio
771 3109 1169 3167 solemnitatem
1217 3112 1487 3169 Novorum
1534 3114 1822 3173 salubriter

244 3199 393 3253 coll.

317 3291 519 3347 Deinde
548 3293 793 3363 sequitur
846 3294 1113 3352 festivitas
1158 3298 1362 3352 mensis
1408 3299 1644 3368 septimi,
1704 3316 1825 3369 qua:

238 3383 438 3437 dicitur
465 3383 767 3454 Clangoris,
794 3387 908 3443 sive
935 3388 1231 3445 Tubarum.
1255 3389 1348 3445 Sic
1376 3391 1519 3446 enim
1546 3391 1689 3447 inter
1708 3393 1822 3449 dies

239 3476 497 3542 septimus
520 3475 749 3545 quisque
777 3477 978 3533 dicitur
1007 3478 1335 3544 Sabbatum;
1363 3481 1436 3535 ita
1468 3481 1823 3539 nihilominus

236 3574 291 3617 et
316 3565 455 3621 inter
484 3581 720 3631 menses.
744 3569 837 3639 qui
868 3570 1128 3637 septimus
1149 3579 1258 3633 est,
1300 3571 1499 3627 dicitur
1521 3570 1820 3628 Sabbatum

238 3657 531 3719 mensium,
570 3664 629 3711 ut
654 3659 820 3713 etiam
849 3659 1145 3717 Sabbatum
1180 3662 1552 3719 sabbatorum.
1582 3664 1714 3731 Quis
1740 3674 1823 3720 est

235 3754 417 3800 autem
448 3746 671 3818 clangor
698 3748 787 3803 ille
836 3750 1108 3815 tubarum,
1166 3752 1253 3807 cui
1303 3752 1593 3810 debeamus
1640 3771 1821 3812 annua

239 3836 378 3891 festa
429 3836 756 3905 persolvere,
781 3839 886 3895 nisi
913 3841 1220 3909 evangelica
1249 3843 1408 3896 simul
1443 3852 1497 3899 et
1525 3846 1819 3914 apostolica

235 3925 501 3988 doctrina,
525 3940 665 3994 quae,
694 3934 949 3996 tanquam
980 3928 1203 3984 caeleste
1236 3931 1529 3986 tonitruum
1559 3948 1622 3989 ac
1661 3935 1823 3989 terri-

233 4016 359 4072 bilis
388 4018 634 4085 buccina,
676 4033 774 4074 nos
800 4019 871 4075 ad
913 4018 1248 4089 procinctum
1291 4021 1585 4090 spiritualis
1616 4024 1821 4079 militia:

235 4118 515 4177 provocat,
553 4118 716 4178 atque
764 4117 824 4163 ut
864 4126 962 4179 pro
991 4110 1184 4166 castris
1229 4109 1576 4180 Imperatoris
1628 4098 1818 4169 aeterni

235 4205 428 4253 contra
455 4200 709 4268 nequitiac
733 4200 956 4269 spiritus
1002 4200 1455 4256 infmderabiliter
1501 4202 1820 4259 dimicemus

234 4288 491 4359 instigat?
521 4290 649 4357 Quis
676 4300 761 4345 est
792 4306 920 4362 ergo
943 4291 1033 4361 qui
1073 4294 1322 4348 tubarum
1382 4294 1497 4349 sive
1547 4294 1818 4364 clangoris

231 4381 428 4435 festum
459 4381 692 4451 legitime
713 4382 972 4446 celebret,
1015 4382 1120 4438 nisi
1148 4383 1241 4454 qui
1270 4382 1580 4454 Scripturas
1609 4384 1820 4441 Veteris

233 4486 298 4524 ac
324 4469 457 4524 Novi
498 4471 831 4526 Testamenti
860 4472 1042 4528 studet
1070 4472 1125 4527 in
1177 4474 1413 4527 armario
1443 4488 1554 4529 suae
1618 4476 1817 4530 mentis

1918 1928 2261 1994 festinamus,
2293 1936 2481 1982 tunca
2534 1928 2689 1983 nobis
2748 1928 3104 1998 spiritualiter
3160 1929 3494 2000 Scenopegia

1918 2022 2135 2087 colitur,
2165 2036 2286 2091 qua:
2332 2019 2533 2074 dudum
2586 2021 2725 2089 apud
2763 2019 2884 2076 illos
2938 2037 3055 2090 per,
3088 2020 3312 2091 legitimi
3354 2022 3495 2077 ritus

1920 2117 2271 2172 caaremonias
2295 2115 2588 2171 carnaliter
2607 2113 2885 2185 agebatur.
2909 2113 3032 2167 [huc
3048 2128 3207 2184 porro
3230 2112 3497 2170 festivitas

1920 2205 2317 2277 quintodecimo
2337 2205 2425 2259 die
2444 2204 2655 2274 septimi
2675 2204 2875 2257 mensis
2907 2203 3115 2272 incipit,
3147 2212 3219 2269 et,
3243 2204 3367 2272 quia
3399 2218 3497 2272 per

1918 2307 2043 2353 octo
2067 2297 2182 2351 dies
2210 2295 2427 2363 colitur,
2450 2296 2658 2350 decimo
2686 2294 3045 2350 Kalendarum
3091 2294 3340 2349 Octobris
3367 2310 3497 2366 pro-

1920 2388 2006 2443 cul
2041 2386 2204 2442 dubio
2241 2376 2581 2441 terminatur.
2602 2386 2809 2438 Dicitur
2830 2386 2973 2439 enim
3004 2385 3056 2438 in
3081 2384 3219 2439 libro
3234 2383 3451 2440 Numeri
3477 2403 3494 2440 :

1927 2500 1945 2532 ε
1983 2480 2181 2546 Quinta
2205 2479 2409 2533 decima
2442 2478 2526 2531 die
2553 2478 2751 2532 mensis
2788 2478 3000 2545 septimi
3024 2518 3039 2541 ,
3067 2493 3185 2547 qua:
3212 2478 3366 2531 vobis
3388 2477 3497 2532 erit

1922 2584 2109 2627 sancta
2174 2578 2229 2626 et
2287 2570 2650 2635 venerabilis,
2714 2585 2874 2623 omne
2956 2584 3090 2639 opus
3148 2569 3342 2623 servile
3390 2586 3497 2624 non

1922 2663 2131 2719 facietis
2158 2664 2209 2718 in
2236 2679 2320 2729 ea,
2353 2664 2445 2718 sed
2481 2656 2825 2717 celebrabitis
2847 2661 3240 2716 solemnitatem
3265 2660 3492 2716 Domino
3530 2698 3532 2700 τ

1922 2767 2127 2826 septem
2188 2756 2376 2811 diebus
2407 2754 2594 2825 (Num.
2633 2756 2807 2825 xxix).
2849 2773 2865 2804 ι
2932 2755 2996 2807 Ει
3048 2754 3323 2820 aliquanto
3377 2762 3498 2821 post

1922 2846 2139 2919 subiicit
2170 2868 2182 2903 :
2219 2867 2237 2901 ι
2275 2849 2371 2903 Die
2400 2856 2613 2911 octavo,
2642 2847 2736 2917 qui
2793 2855 2875 2901 est
2907 2846 3311 2907 celeberrimus,
3338 2859 3498 2900 onmno

1922 2954 2054 3011 opus
2080 2938 2276 2996 servile
2309 2953 2414 2994 non
2444 2936 2655 2992 facietis
2681 2936 2735 2989 in
2766 2953 2829 2990 eo
2858 2934 3068 3006 (Ibid.).
3101 2953 3120 2987 ι

2496 3026 2725 3082 CAPUT
2765 3025 2927 3081 XVII.

1926 3123 1993 3178 In
2019 3120 2232 3193 epistola
2254 3120 2324 3173 ad
2358 3117 2419 3172 γ.
2445 3119 2797 3196 episcopnntet
2819 3116 2930 3185 ejus
2950 3116 3248 3196 canonicos,
3264 3114 3327 3169 tle
3345 3116 3498 3183 quin-

2398 3206 2496 3260 que
2521 3190 2752 3242 scusibus
2782 3190 3035 3255 corporis.

2003 3303 2022 3337 ι
2052 3288 2291 3345 Armate,
2316 3282 2489 3351 inquit
2519 3280 2746 3350 Moyses,
2773 3293 2839 3333 ex
2874 3277 3027 3331 vobis
3078 3276 3224 3331 viros
3284 3274 3351 3329 ad
3399 3289 3497 3341 pu-

1925 3387 2106 3447 gnam,
2134 3364 2227 3441 qui
2254 3371 2463 3441 possint
2485 3368 2742 3423 ultionem
2782 3366 2990 3422 Domini
3016 3374 3270 3435 expetere
3294 3364 3361 3419 de
3388 3362 3494 3417 Ma-

1924 3466 2163 3524 dianitis.
2191 3463 2433 3532 Cumque
2469 3466 2800 3532 pugnassent
2825 3465 3013 3513 contra
3052 3455 3394 3523 Madianitas,
3439 3462 3500 3507 ut

1923 3572 2077 3614 sacra
2104 3563 2291 3611 narrat
2313 3554 2560 3618 historia,
2583 3562 2744 3621 atque
2776 3550 3053 3613 vicissent,
3091 3562 3282 3602 omnes
3314 3558 3497 3601 mares

1921 3650 2233 3706 occiderunt
2262 3656 2316 3703 et
2344 3662 2501 3717 reges
2529 3660 2739 3708 eorum,
2773 3642 2894 3707 Evi,
2944 3649 2999 3697 et
3018 3640 3241 3700 Recem.
3266 3648 3321 3694 et
3364 3638 3497 3704 Sur,

1920 3757 1975 3799 et
1988 3742 2115 3806 Bur,
2128 3748 2178 3795 et
2191 3738 2607 3808 Rebc,quinque
2618 3737 2884 3806 principes
2897 3730 3273 3805 gentis(Nunt.
3289 3730 3454 3800 χχχι).
3472 3747 3495 3783 ι

1920 3833 2220 3904 Evi,plane
2242 3831 2499 3886 belluinus
2528 3830 2639 3884 sive
2677 3827 2880 3897 ferinus
2907 3825 3312 3894 interpretatur.
3344 3821 3500 3876 Hunc

1918 3925 2108 3997 itaque
2136 3939 2317 3995 regem
2345 3923 2397 3976 in
2438 3920 2593 3975 nobis
2620 3913 2885 3987 spirituali
2929 3928 3189 3969 mucrone
3226 3911 3497 3981 transﬁgi-

1920 4034 2063 4082 mus,
2088 4032 2208 4072 cum
2242 4014 2445 4068 ferinos
2471 4028 2501 4065 a
2532 4011 2686 4066 nobis
2728 4023 2908 4065 mores
2954 4004 3341 4067 abscindimus,
3373 4018 3497 4057 cum

1920 4109 2162 4165 bestialis
2185 4106 2473 4162 iracundiae
2503 4104 2707 4158 rabiem
2738 4117 2767 4156 a
2800 4109 2986 4156 nostro
3018 4107 3237 4170 pectore
3266 4096 3495 4150 detrun-

1920 4216 2127 4257 camus.
2174 4199 2305 4252 Nam
2356 4212 2476 4251 cum
2512 4195 2769 4247 Dominus
2798 4193 2944 4246 dicat
2985 4208 2998 4244 :
3063 4207 3082 4240 ι
3116 4188 3265 4243 Beati
3314 4186 3495 4253 mites,

1919 4290 2174 4361 quoniam
2208 4288 2308 4357 ipsi
2337 4287 2688 4356 possidebunt
2730 4294 2928 4339 terram
2957 4280 3173 4353 (Matth.
3202 4279 3280 4349 v),
3319 4298 3337 4330 ›
3369 4293 3497 4347 quo-

1919 4380 2079 4435 modo
2115 4377 2320 4448 poteris
2346 4383 2750 4430 mansuetorum
2783 4371 3028 4427 obtinere
3083 4368 3495 4435 beatitudinem,

1920 4452 2023 4528 nisi
2054 4470 2278 4526 belluini
2306 4469 2526 4539 spiritus
2562 4468 2615 4521 in
2653 4475 2703 4520 te
2724 4463 2981 4521 cobibeas
3026 4460 3342 4516 feritatem?
3390 4457 3498 4514 Re-

233 4563 530 4632 includere,
581 4580 643 4619 ac
669 4574 937 4635 praecepta
971 4564 1212 4621 coelestia
1246 4567 1419 4622 tenaci
1455 4582 1670 4637 semper
1700 4582 1817 4621 me-
1848 4541 1896 4599 D
1922 4579 2037 4618 cem
2068 4578 2218 4628 vero,
2255 4562 2390 4625 sive,
2418 4559 2558 4615 sicut
2612 4559 2662 4612 in
2693 4556 2858 4612 veteri
2890 4553 3243 4609 translatione
3276 4550 3496 4618 dicitur,

232 4656 419 4710 moria:
451 4657 871 4712 commendare?
894 4657 1020 4712 Haec
1046 4657 1230 4727 itaque
1256 4656 1391 4712 festa
1417 4658 1816 4715 celebrantibus

231 4744 338 4799 rite
363 4760 460 4813 per
484 4744 806 4816 Prophetam
837 4746 1039 4803 dicitur
1065 4762 1081 4802 :
1132 4766 1151 4801 ε
1182 4747 1373 4804 Canite
1429 4750 1584 4805 initio
1610 4752 1815 4807 mensis

233 4836 384 4903 tuba,
411 4837 462 4892 in
490 4836 1160 4909 dieinsignisolemnitatis
1178 4849 1370 4896 vestrae
1392 4838 1565 4911 (Ptol.
1584 4842 1806 4913 ατη.»

310 4924 435 4980 Post
471 4926 614 4982 hanc
650 4937 736 4983 est
781 4937 835 4985 et
887 4926 975 4983 illa
1015 4928 1279 4987 festivitas
1329 4946 1449 5000 quae
1504 4931 1814 4989 celebratur

232 5017 438 5071 decima
470 5017 558 5073 die
581 5020 783 5075 mensis
802 5020 1041 5090 septimi,
1088 5021 1142 5075 in
1175 5037 1279 5091 qua
1311 5020 1560 5077 videlicet
1604 5023 1816 5079 animas

233 5122 362 5161 suas
390 5106 561 5163 Judaei
591 5110 975 5182 pracipiuutur
1001 5110 1259 5184 affligere.
1286 5111 1395 5169 Nos
1453 5115 1622 5169 etiam
1672 5116 1815 5171 hanc

233 5199 341 5251 rite
370 5197 772 5256 solemnitatem
823 5202 1074 5267 colimus,
1126 5218 1250 5258 cum
1296 5217 1518 5258 carnem
1572 5213 1814 5259 nostram

232 5290 601 5346 maceratione
647 5294 974 5363 castigamus
1001 5295 1215 5360 inediae,
1269 5312 1390 5351 cum
1455 5298 1815 5368 nosmetipsos

232 5381 579 5451 reprimimus
604 5384 705 5440 sub
730 5396 892 5441 arcta:
911 5389 1152 5443 custodia
1184 5389 1501 5457 disciplinae,
1533 5404 1657 5445 cum
1707 5392 1802 5444 de-

232 5474 400 5542 nique
450 5474 755 5542 petulantes
808 5461 1108 5533 carnalium
1165 5481 1477 5549 passionum
1534 5480 1815 5535 illecebras

231 5565 623 5635 ca-ircitigimus,
652 5582 775 5623 cum
808 5583 1005 5640 corpus
1053 5581 1299 5626 nostrum
1327 5586 1423 5641 pro
1464 5571 1693 5626 Domino
1733 5570 1814 5624 la-

233 5654 458 5716 boibus
494 5668 546 5711 et
569 5659 824 5716 aerumnis
852 5660 1156 5724 atterimus,
1206 5678 1327 5716 cum
1374 5662 1682 5716 interiorem
1712 5661 1811 5715 bo-

231 5744 433 5800 minem
458 5762 550 5818 per
579 5750 1008 5819 compunctiunis
1038 5749 1325 5806 aclletuum
1355 5751 1582 5805 lamenta
1614 5759 1813 5803 macta-

1920 4654 2126 4718 Rocou,
2182 4654 2570 4721 interpretatur
2618 4648 2870 4703 inanitas.
2903 4646 3000 4700 'Et
3052 4644 3181 4715 quid
3237 4651 3319 4698 est
3353 4641 3498 4695 aliud

1919 4742 2175 4813 quidquid
2208 4730 2263 4795 in
2292 4740 2493 4796 mundo
2535 4753 2633 4809 pro
2679 4737 2866 4792 mundi
2890 4731 3326 4803 concupiscentia
3357 4728 3499 4799 geri-

1920 4844 2031 4900 tur,
2058 4834 2166 4889 nisi
2195 4833 2340 4902 quod
2367 4831 2647 4900 Scriptura
2669 4828 2945 4897 loquitur:
2993 4840 3016 4876 (
3038 4823 3264 4879 Vanitas
3282 4820 3496 4874 vanita-

1920 4935 2055 4990 tum,
2088 4923 2336 4980 etomnia
2362 4921 2606 4975 vanitas?
2635 4937 2653 4971 ι
2684 4917 2881 4988 (Eccle.
2906 4913 3210 4985 1).V’anitas
3230 4908 3496 4979 siquidem

1922 5018 2084 5076 ellicit
2107 5016 2372 5072 vanitates
2392 5023 2445 5069 et
2481 5013 2608 5081 ipsa:
2643 5010 2909 5063 vanitates
2937 5005 3143 5060 faciunt
3172 5002 3491 5065 vanitatem,

1921 5108 2047 5163 dum
2075 5115 2129 5162 et
2156 5106 2409 5167 mundus,
2436 5103 2526 5173 qui
2564 5099 2908 5155 transitorius
2939 5104 3043 5163 est,
3066 5086 3334 5154 homines,
3359 5104 3498 5161 quos

1921 5198 2135 5269 decipit,
2162 5212 2332 5252 vanos
2377 5193 2595 5256 eﬂiciat,
2622 5201 2677 5246 et
2724 5188 2969 5244 homines
3021 5183 3303 5243 mundum,
3334 5194 3496 5252 quem

1922 5293 2114 5347 insane
2141 5290 2390 5358 diligunt,
2440 5286 2493 5339 in
2542 5282 2839 5337 vanitatem
2884 5286 3116 5333 vertant.
3156 5274 3311 5329 Hunc
3365 5288 3496 5344 ergo

1920 5395 2101 5451 regem
2127 5378 2219 5432 Dei
2252 5376 2408 5432 miles
2434 5373 2667 5445 perimit,
2710 5387 2871 5428 verus
2897 5367 3139 5426 Israelita
3168 5363 3422 5431 concidit,
3446 5363 3492 5417 si

1918 5472 1997 5527 nil
2023 5466 2308 5539 superﬂue,
2340 5465 2415 5520 uil
2439 5465 2687 5525 inaniter,
2709 5462 2794 5517 vel
2825 5460 2967 5532 quod
2998 5459 3066 5513 ad
3092 5473 3205 5511 rem
3229 5470 3335 5510 non
3364 5468 3491 5523 per-

1920 5565 2073 5625 tinet,
2096 5568 2266 5632 gerat,
2282 5558 2374 5614 sed
2404 5558 2639 5629 graviter
2652 5564 2704 5611 et
2729 5549 3123 5609 rationabiliter
3143 5550 3335 5606 divinae
3359 5544 3491 5615 legis

1920 5652 2143 5723 implere
2171 5648 2423 5704 mandata
2454 5648 2761 5704 contendat.
2802 5646 3018 5701 Tertius
3068 5652 3246 5697 autem
3293 5639 3492 5693 Madia-

1920 5748 2153 5801 nitarum
2187 5759 2302 5807 rex,
2357 5742 2463 5797 Sur
2502 5740 2732 5805 dicitur;
2801 5738 2945 5810 quod
3014 5735 3258 5807 profecto
3306 5738 3507 5784 murus
