4052 6312
524 262 651 317 1051

1404 263 1910 323 COLLECTANEA
1962 262 2033 321 ΙΝ
2072 258 2304 318 VETUS
2344 255 2891 315 TESTAMENTUM.

3652 255 3798 311 1053

520 380 638 433 sive
666 380 929 446 robustus,
953 378 1034 434 vel
1061 379 1225 434 etiam
1258 380 1500 450 augtuu'a
1529 381 1938 449 interpretatur.
1968 374 2108 445 Quid
2136 378 2184 436 Α
2210 380 2507 443 exspectat.
2564 369 2810 424 Perfecto
2868 377 3050 422 autem
3102 367 3453 437 semetipsum
3495 365 3804 433 diiudicare

520 484 651 522 vcre
682 486 777 543 per
815 485 1026 524 murmn
1065 469 1178 522 sive
1219 467 1520 531 robustum,
1581 468 1684 522 nisi
1717 468 1865 522 dura:
1912 464 2111 520 mentis

522 550 816 613 obstinatio
852 560 931 612 vel
972 557 1277 628 pervicacia
1308 558 1469 611 debet
1512 558 1775 627 intelligi?
1810 556 1964 623 Quod
1981 570 2113 610 vero

524 660 581 704 et
608 649 852 716 angustia
906 648 1257 718 interpretari
1294 647 1512 712 dicitur,
1554 662 1729 718 neque
1775 647 1876 700 hoc
1900 643 2114 714 longius

525 753 556 790 a
586 738 717 792 vitio
736 736 949 792 duritia:
974 735 1545 806 separatur,quoniatn
1568 735 1812 804 quisquis
1834 734 1901 788 ad
1927 734 2112 787 dimit-

522 829 685 884 tenda
718 830 965 899 proximo
1017 829 1197 883 debita
1230 829 1397 883 durus
1445 835 1500 882 et
1534 828 1840 883 obstinatus
1882 835 1988 891 est,
2025 840 2117 879 an-

525 922 701 990 gustia
754 921 1145 992 constringitur
1201 920 1425 982 mentis,
1470 919 1598 973 dum
1662 918 1810 972 nulla
1853 916 2116 974 dilatatur

530 1012 884 1085 amplitudine
917 1013 1223 1068 charitatis.
1269 1012 1344 1067 De
1386 1027 1491 1079 qua
1539 1010 1797 1066 nimirum
1848 1011 2117 1065 charitate

525 1119 626 1174 per
656 1102 977 1174 Prophetam
1008 1104 1207 1158 dicitur
1239 1122 1252 1157 :
1318 1122 1337 1154 ι
1375 1102 1567 1158 Latum
1616 1102 1930 1157 mandatum
1968 1111 2116 1157 tuum

532 1193 697 1249 nimis
725 1191 899 1265 (Paul.
934 1194 1031 1265 XI).
1058 1214 1076 1245 ι
1113 1195 1240 1250 Sive
1276 1194 1440 1250 etiam
1490 1194 1596 1250 hoc
1640 1193 1818 1249 valeat
1867 1194 2116 1264 intelligi,

530 1286 658 1354 quia
688 1285 946 1341 duritiam
976 1286 1174 1340 mentis
1197 1287 1441 1355 sequitur
1456 1285 1705 1355 angustia
1730 1284 2116 1341 damnationis.

532 1376 690 1434 Unde
724 1394 822 1447 per
872 1378 1031 1450 139
1069 1378 1397 1439 Salomonen
1446 1380 1672 1435 dicitur:
1737 1398 1756 1430 ι
1788 1379 1989 1443 Beatus
2037 1381 2121 1434 vir

532 1470 626 1539 qui
653 1466 866 1540 semper
891 1481 973 1525 est
998 1472 1223 1541 pavidus
1248 1488 1263 1537 ;
1288 1471 1380 1541 qui
1411 1478 1593 1525 autem
1619 1470 1818 1527 mentis
1843 1480 1927 1526 est
1949 1470 2119 1536 durae,

534 1573 750 1618 corruet
789 1563 841 1618 in
879 1564 1080 1618 malum
1109 1560 1293 1635 (Prov.
1325 1564 1546 1634 xxvm).
1577 1580 1598 1615 ι

604 1653 842 1720 Quartus
876 1662 1138 1726 prmterea
1181 1654 1598 1711 Madianitarum
1627 1670 1725 1710 rex
1749 1654 1861 1710 Bur
1881 1654 2119 1721 dicitur,

2211 471 2298 517 est
2327 471 2381 516 et
2410 458 2849 531 reprehendenda
2872 474 2981 515 non
3006 473 3188 528 agere,
3219 467 3274 512 et
3299 472 3422 528 qua:
3449 457 3807 527 irreprchen.

2213 552 2447 609 sibiliter
2477 560 2595 607 acta
2619 559 2766 610 sunt.
2800 549 2986 605 timide
3008 560 3329 606 retractare.
3392 547 3566 604 Porro
3614 560 3804 603 autem

2212 646 2461 716 quisquis
2517 644 2617 699 hoc
2646 644 2777 714 agit,
2835 644 2927 698 ille
2992 658 3118 698 vere
3173 641 3590 697 Madianitarum
3645 657 3807 711 reges

2212 737 2452 808 perimit,
2470 734 2559 788 ille
2572 734 2991 789 Atnalecitarum
3005 735 3281 804 principes
3302 733 3516 797 sternit,
3533 743 3593 788 et
3612 746 3809 788 omnes

2215 844 2246 883 a
2274 843 2334 883 se
2364 829 2616 882 vitiorum
2640 836 2822 896 pestes
2849 826 3105 881 excludit.

2779 918 3006 975 CAPUT
3037 918 3226 975 XVIII.

2733 1010 2761 1064 1
2767 1030 2799 1065 ιι
2824 1012 3005 1065 eadem
3030 1010 3271 1079 cpistola.

2290 1106 2431 1161 ilinc
2485 1114 2571 1161 est
2610 1106 2752 1175 quod
2793 1103 2985 1159 eadem
3035 1119 3193 1158 sacra
3250 1111 3485 1157 testatur
3526 1103 3768 1158 historia
3795 1118 3815 1154 :

2222 1216 2243 1249 ι
2280 1196 2547 1265 Quoniam
2573 1195 2778 1266 egressi
2811 1194 2903 1248 lilii
2943 1193 3106 1248 Israel
3147 1202 3412 1249 venerunt
3463 1194 3530 1248 ad
3577 1193 3812 1247 Fontem

2215 1287 2426 1358 julicii,
2479 1290 2581 1345 hoc
2629 1298 2744 1350 est,
2795 1287 3018 1342 Cades:
3064 1296 3119 1341 et
3176 1286 3569 1341 interfecerunt
3617 1300 3816 1339 omnes

2218 1382 2496 1452 principes
2520 1380 2743 1436 Amalec
2778 1390 2833 1436 et
2857 1380 3225 1442 Amorrhmos,
3255 1380 3347 1446 qui
3399 1377 3731 1433 habitabant
3762 1378 3814 1429 in

2222 1474 2577 1528 Titaransem.
2620 1492 2639 1519 ι
2695 1472 2871 1526 Cades
2892 1480 3074 1525 autent
3104 1470 3453 1539 sanctiﬁcatio
3482 1468 3818 1537 interpreta-

2221 1570 2329 1619 tur.
2362 1564 2417 1617 In
2442 1562 2617 1619 Gades
2641 1561 2800 1635 ιω
2823 1577 2973 1633 ergo,
2998 1562 3091 1631 qui
3119 1560 3263 1615 Fons
3288 1571 3371 1615 est
3393 1559 3610 1627 indicii,
3639 1560 3815 1614 Ama-

2225 1653 2415 1710 lecitas
2448 1653 2609 1708 simul
2638 1663 2696 1709 et
2740 1654 3091 1708 Amorrltteos
3126 1651 3500 1721 'spiritualiter
3552 1648 3819 1705 interﬁci-

534 1741 677 1811 quod
704 1743 935 1796 irritatio
957 1743 1367 1814 interpretatur.
1408 1743 1570 1800 Vides
1598 1760 1728 1815 ergo
1755 1745 1881 1817 quia
1903 1747 2121 1803 nomina
2152 1727 2198 1786 Β
2227 1760 2373 1809 mus,
2400 1760 2525 1799 cum
2551 1753 2610 1799 et
2630 1745 2798 1799 vitam
2833 1753 3077 1798 nostram
3120 1742 3228 1813 piis
3274 1741 3532 1811 operibus
3571 1741 3820 1796 saucun-

534 1850 721 1904 regum
760 1837 963 1890 untbrre
991 1845 1192 1892 suntet
1218 1837 1481 1908 imagines
1510 1838 1786 1892 vitiorum.
1828 1838 1932 1905 Qui
1979 1838 2124 1894 enim

534 1940 700 1979 onera
724 1927 910 1997 gravia
928 1942 1025 1997 per
1047 1938 1230 1997 portas
1252 1944 1379 1984 suas
1410 1928 1674 1997 inferunt,
1701 1928 1942 1997 profecto
1958 1927 2128 1983 forin.

535 2024 695 2067 secus
725 2012 1116 2081 obstrepentia,
1165 2028 1263 2083 per
1305 2028 1561 2069 sensuum
1588 2029 1809 2069 suorum
1840 2014 2038 2078 aditus,
2072 2014 2126 2068 io

532 2114 821 2175 pectorum
870 2120 1090 2160 suorum
1139 2121 1338 2162 arcana
1381 2105 1785 2169 transfundunt,
1823 2107 1992 2160 Deum
2042 2106 2130 2179 in-

537 2195 849 2250 dubitanter
875 2196 1112 2263 irritant,
1141 2212 1301 2267 quem
1336 2180 1592 2252 videlicet
1643 2197 1727 2250 bis
1773 2194 1841 2249 ad
1891 2195 2131 2250 inferen-

539 2293 664 2348 dam
696 2292 917 2347 ultionis
966 2293 1291 2350 sententiam
1322 2301 1639 2362 provocant.
1666 2290 1822 2347 Unde
1864 2291 2128 2363 scriptun

541 2390 628 2438 est
659 2399 675 2437 :
711 2402 731 2435 ι
762 2383 1121 2439 Simulatores
1174 2391 1232 2438 et
1272 2384 1450 2439 callidi
1505 2392 1803 2453 provocant
1857 2383 1995 2438 iram
2033 2382 2131 2437 Dei

548 2471 675 2544 (Job
716 2474 929 2545 sunt).
966 2493 984 2525 ι
1044 2474 1113 2529 Et
1158 2474 1223 2529 de
1255 2473 1453 2543 quibus
1489 2486 1633 2541 saepe
1671 2472 1738 2527 ad
1790 2471 2132 2527 Ezechielem

543 2562 741 2621 dicitur
770 2584 784 2619 :
819 2584 837 2617 ι
874 2565 1011 2633 Quia
1042 2566 1234 2620 domus
1264 2580 1595 2635 exasperans
1622 2573 1706 2620 est
1731 2564 1949 2630 (Ezeclt.
1972 2566 2034 2633 ιι)
2061 2581 2076 2629 ;
2107 2583 2125 2616 ι

542 2654 929 2712 etPsalmista:
962 2675 980 2707 ι
1009 2656 1078 2713 Ut
1100 2658 1253 2726 quid,
1272 2656 1433 2722 Deus,
1456 2657 1841 2728 improperavit
1860 2657 2130 2724 inimicus,

546 2744 730 2800 irritat
760 2746 1108 2801 adversarius
1141 2763 1337 2803 nomen
1389 2756 1538 2802 tuum
1572 2746 1624 2800 in
1656 2748 1855 2802 linem?
1890 2766 1909 2799 ι
1954 2746 2130 2819 (Ρδαι.

551 2838 777 2907 LXXIII.)
810 2836 958 2921 Rebe
997 2853 1155 2901 vero,
1182 2839 1274 2909 qui
1304 2839 1579 2893 ordinatus
1618 2840 1847 2905 dicitur,
1875 2855 1981 2894 non
2034 2838 2135 2893 ali-

552 2935 637 2979 ter
676 2924 763 2981 hic
782 2929 1041 2998 procedit,
1076 2929 1179 2983 nisi
1219 2938 1280 2983 ut
1310 2944 1409 2998 per
1443 2930 1674 2984 ironiam
1721 2930 1807 2985 vel
1853 2931 2135 3005 antiplira-
2212 2994 2217 2997 _

550 3017 653 3070 sim
690 3017 893 3072 dictum
926 3012 1256 3091 intelligatur
1276 3020 1567 3091 quatenus,
1599 3020 1690 3089 qui
1733 3020 2017 3076 ordinatus
2046 3019 2133 3075 tli-

548 3109 714 3173 citur,
736 3125 766 3164 e
790 3110 1066 3165 contrario
1105 3112 1446 3168 inordinatus
1474 3113 1546 3167 sit
1577 3122 1635 3167 et
1658 3114 1935 3168 contusus.
1963 3111 2139 3165 Vitio-

550 3216 644 3256 sus
671 3201 816 3256 enim
853 3202 1079 3274 quisque
1100 3243 1117 3270 ,
1143 3204 1247 3259 etsi
1289 3203 1574 3274 superficie
1599 3212 1754 3259 tenus
1780 3204 1938 3274 quasi
1988 3212 2139 3259 recte

552 3292 766 3347 vivendi
800 3294 1102 3362 praetendat
1132 3295 1399 3353 ordinem.
1428 3292 1669 3350 confusa:
1691 3301 1872 3349 tamen
1895 3304 1951 3348 et
1990 3293 2138 3348 inor-

546 3382 749 3438 dicata:
772 3376 1117 3454 cogitationis
1160 3392 1343 3440 versat
1375 3384 1430 3439 iu
1460 3385 1624 3440 corde
1684 3384 1991 3455 caliginem.
2034 3383 2141 3443 Per

549 3471 793 3543 quinque
812 3487 943 3544 ergo
980 3488 1135 3545 reges
1157 3474 1570 3529 Madianitarum
1596 3514 1613 3538 ,
1637 3475 1880 3544 quinque
1914 3474 2140 3542 signan-

554 3573 646 3618 tur
668 3565 915 3634 corporis
941 3580 1162 3631 sensus;
1205 3566 1333 3635 quia
1362 3581 1525 3621 omne
1555 3566 1748 3620 vitium
1770 3566 1915 3635 quod
1950 3572 2143 3636 regnat

555 3651 615 3713 in
645 3667 896 3723 corpore,
918 3654 987 3707 ab
1014 3654 1132 3709 istis
1154 3656 1392 3726 quinque
1416 3655 1666 3712 sensibus
1708 3656 1955 3726 corporis
2004 3670 2139 3725 pen-

557 3740 669 3796 det.
690 3741 733 3795 li
759 3756 889 3813 ergo
917 3750 1087 3798 tunca
1118 3744 1275 3799 nobis
1308 3744 1691 3816 exstinguendi
1718 3753 1845 3799 sunt
1874 3753 1929 3800 et
1948 3744 2140 3816 gladiis

555 3820 944 3896 obtruncandi,
981 3849 1104 3889 cum
1134 3834 1421 3890 adversum
1447 3850 1546 3889 nos
1573 3835 1626 3889 in
1658 3834 1861 3889 bellum
1915 3849 2144 3891 consur-

554 3932 710 3991 gunt,
743 3937 866 3977 cum
896 3938 994 3978 nos
1031 3925 1403 3981 scandalizare
1433 3940 1538 3979 non
1574 3925 1850 3980 desinunt.
1907 3924 1991 3978 An
2035 3940 2142 3980 non

554 4013 689 4069 istos
721 4029 879 4085 reges
903 4016 1173 4088 exstingui
1196 4025 1250 4071 et
1282 4018 1505 4087 spiritus
1521 4030 1779 4071 tnucrone
1804 4015 1979 4072 occidi
2007 4030 2145 4085 pra:-

552 4107 693 4177 cipit
729 4107 991 4166 Dominus
1015 4150 1032 4172 ,
1060 4126 1194 4165 cum
1249 4112 1712 4167 scandalizantem
1750 4111 1968 4167 oculum
2001 4112 2143 4177 erui,

557 4212 686 4256 cum
714 4213 932 4255 manum
975 4199 1058 4255 vel
1083 4201 1442 4272 pedemjubet
1469 4202 1745 4257 absciutli?
1768 4221 1787 4253 ι
1822 4201 2012 4257 Melius
2033 4210 2141 4267 est,

556 4288 759 4361 inquit,
782 4306 908 4347 cum
934 4308 1041 4346 uno
1068 4292 1246 4355 oculo,
1271 4292 1354 4348 vel
1377 4292 1606 4349 debilem
1629 4294 1696 4348 ad
1718 4294 1883 4347 vitam
1912 4292 2141 4362 ingredi,

556 4395 725 4453 quam
754 4382 891 4438 duos
914 4382 1132 4447 oculos,
1179 4382 1346 4454 pedes
1388 4399 1455 4439 ae
1504 4400 1697 4438 manus
1752 4384 2043 4440 habentem
2084 4384 2140 4439 in

558 4470 771 4527 inferna
799 4472 1037 4541 demergi
1059 4471 1274 4543 (Matth.
1296 4473 1374 4543 v).
1405 4493 1424 4526 ι
1468 4474 1506 4527 li
1532 4473 1692 4544 plane
1712 4460 2010 4544 suutregES
2032 4473 2143 4528 Ma-

559 4564 921 4632 dianitarum;
947 4565 1162 4621 Madian
1189 4578 1370 4623 autem
1400 4569 1789 4638 interpretatur
1814 4570 1880 4623 de
1908 4568 2142 4639 judicio.

562 4655 884 4730 Quicunque
922 4658 1071 4715 enim
1123 4674 1281 4730 reges
1328 4660 1520 4730 spiritu
1570 4677 1679 4717 non
1727 4673 2009 4731 reguntur,
2048 4660 2146 4715 sed

561 4746 815 4803 scnsibus
864 4750 1057 4805 carnis
1102 4750 1401 4816 obediunt,
1441 4767 1549 4808 non
1598 4752 1668 4807 ad
1708 4750 2143 4808 misericordiam

566 4839 663 4899 sed
688 4840 756 4896 ad
771 4838 1037 4910 judicium
1065 4857 1125 4897 se
1148 4843 1424 4914 pertinere
1444 4853 1727 4905 testantur,
1760 4844 1903 4900 sicut
1919 4844 1986 4899 de
2008 4858 2145 4913 quo-

566 4930 701 4987 libet
722 4932 996 4988 incredula
1024 4934 1222 4990 dicitur
1249 4952 1263 4987 :
1300 4953 1320 4986 ι
1352 4933 1453 5002 Qui
1476 4943 1656 4989 autem
1680 4949 1788 4989 non
1815 4936 2014 5000 credit,
2031 4934 2149 5003 jam

560 5022 838 5098 judicatus
863 5036 948 5085 est
967 5024 1152 5097 (Joan.
1179 5030 1288 5103 ιιι).
1325 5047 1346 5080 ι
1377 5030 1450 5083 At
1477 5035 1665 5083 contra
1688 5028 1756 5084 de
1776 5043 1844 5083 eo
1882 5028 1975 5098 qui
2023 5043 2150 5083 ver-

565 5117 696 5177 bum
718 5120 1019 5179 Salvatoris
1053 5125 1224 5190 audit,
1273 5125 1509 5181 dicitur:
1552 5144 1570 5177 ι
1604 5124 1742 5191 Quia
1791 5126 1844 5180 in
1887 5125 2151 5195 judicium

566 5229 678 5269 non
703 5216 870 5280 venit,
902 5216 997 5272 sed
1032 5217 1225 5273 transit
1241 5220 1310 5274 de
1346 5226 1522 5274 morte
1547 5217 1601 5272 in
1634 5219 1799 5273 vitam
1828 5220 2011 5290 (Joan.
2037 5219 2146 5290 v).:

565 5304 700 5361 Illud
736 5307 916 5374 potius
937 5308 1229 5380 unicuique
1249 5309 1573 5365 studendum
1602 5318 1689 5366 est
1717 5319 1775 5364 ut
1813 5326 1872 5366 se
1896 5311 1947 5365 in
1973 5312 2154 5382 operi-

569 5395 672 5449 bus
695 5395 904 5451 sanctis
935 5407 1206 5463 exerceat,
1236 5408 1296 5454 ut
1315 5414 1435 5455 sese
1455 5400 1510 5454 in
1559 5400 1812 5455 omnibus
1864 5401 2154 5470 puriﬁcure

568 5503 636 5547 ac
664 5486 1010 5544 sanetiiicare
1048 5491 1360 5547 contendat.
1410 5491 1526 5547 Hoc
1550 5493 1924 5549 tantummodo
1949 5502 2153 5550 semet-

572 5581 751 5652 ipsum
785 5579 1135 5650 insuggillare
1173 5591 1231 5637 et
1264 5581 1563 5652 diiudicare
1594 5599 1700 5638 non
1736 5583 1968 5639 desinat.
2016 5582 2151 5638 Nam

570 5672 664 5743 qui
721 5664 1072 5745 semetipsum
1119 5671 1358 5743 perfecte
1402 5674 1702 5746 diiudicat,
1740 5676 2001 5746 judicium
2045 5689 2152 5729 non

2161 3080 2211 3145 C

2224 1848 2352 1890 care
2381 1834 2703 1904 satagimus,
2735 1842 2791 1888 et
2822 1842 3001 1888 tamen
3028 1833 3129 1904 ipsi
3152 1847 3249 1888 nos
3272 1841 3527 1903 tanquam
3555 1840 3822 1886 nocentes

2226 1943 2293 1984 ac
2320 1926 3114 1999 reprehensibilesiudicamus.
3139 1925 3275 1981 Cum
3303 1923 3658 1979 elaboramus
3678 1939 3821 1977 scm-

2226 2035 2327 2090 per
2386 2017 2943 2089 irreprebensiltiliter
2984 2017 3193 2082 vivere,
3244 2029 3341 2085 per
3391 2012 3823 2071 sollicitudinem

2198 2108 2949 2181 tamentlistricticxaminis
2975 2121 3142 2177 opera
3195 2116 3380 2161 nostra
3436 2120 3544 2158 non
3603 2104 3823 2158 desisti-

2230 2215 2350 2255 mus
2377 2214 2659 2255 accusare.
2682 2199 2747 2253 Et
2778 2198 3074 2254 notandum
3100 2198 3357 2266 quoniam
3381 2206 3437 2251 et
3458 2195 3610 2250 Fons
3631 2195 3823 2266 iudicii

2228 2297 2285 2343 et
2319 2288 2512 2351 Gades,
2546 2288 2639 2358 qui
2686 2287 3047 2343 sanctiﬁcatio
3094 2287 3313 2349 dicitur,
3376 2300 3515 2339 unus
3566 2285 3826 2353 idemque

2230 2380 2384 2435 locus
2404 2387 2505 2443 est,
2531 2379 2658 2448 quia
2685 2378 2939 2434 nimirum
2962 2377 3148 2449 justus
3175 2377 3409 2447 quisque
3435 2374 3823 2445 semetipsum,

2231 2472 2360 2527 dum
2388 2479 2574 2526 sancte
2594 2470 2749 2533 vivit,
2772 2478 3015 2535 accusat,
3036 2477 3092 2524 et
3114 2482 3174 2523 se
3199 2466 3548 2536 diiudicanda
3602 2463 3691 2517 vel
3735 2479 3825 2518 ac-

2233 2562 2474 2619 cusando
2508 2560 2685 2630 magis
2750 2561 3034 2631 magisque
3089 2558 3418 2613 sanctiﬁcat.
3475 2554 3593 2609 Hoc
3643 2556 3828 2625 itaque

2234 2651 2396 2706 modo
2429 2651 2536 2704 vita
2561 2659 2874 2705 sanctorum
2895 2659 2953 2704 ct
3003 2649 3058 2702 in
3114 2648 3351 2719 propriis
3402 2645 3828 2716 cogitationibus

2234 2741 2667 2811 reprehenditur,
2691 2750 2744 2797 et
2768 2750 2946 2796 tamen
2968 2741 3025 2796 in
3043 2737 3828 2810 operibusirreprchcnsibilis

2234 2833 2531 2890 invenitur.
2584 2890 2589 2895 _

2829 2922 3058 2980 CAPUT
3081 2924 3226 2980 XIX.

2595 3014 2624 3071 1
2629 3035 2661 3071 η
2688 3017 2906 3083 cpistola
2934 3018 3005 3072 ad
3033 3016 3471 3072 Hildebrandum.

2317 3128 2337 3161 ‹
2370 3108 2431 3163 In
2485 3110 2844 3180 quadraginta
2894 3110 3105 3164 duabus
3158 3110 3531 3165 mansionibus
3558 3108 3839 3180 pervenc—

2239 3208 2370 3255 runt
2393 3198 2485 3253 lilii
2516 3199 2701 3264 Israel,
2726 3214 2898 3269 usque
2919 3200 2985 3254 ad
3011 3200 3336 3270 principium
3352 3199 3636 3269 capienda
3657 3202 3833 3257 lucre—

2239 3292 2426 3348 dizatis
2456 3291 2649 3363 (Nam.
2679 3292 2901 3360 χχχιιι).
2933 3310 2954 3344 ι
3010 3291 3346 3362 Principium
3384 3306 3519 3347 vero
3547 3294 3835 3365 capienda

2241 3385 2579 3441 hmreditatis
2606 3385 2706 3440 fuit
2736 3385 2826 3440 ubi
2856 3383 3048 3440 Ruben
3073 3393 3130 3439 et
3156 3383 3298 3447 Gatl,
3325 3392 3380 3439 et
3405 3385 3633 3440 dimidia
3656 3386 3837 3441 tribus

2239 3475 2510 3541 Manasse,
2537 3476 2810 3546 accipiunt
2841 3484 3044 3530 terram
3066 3474 3274 3531 Galaad
3321 3476 3374 3530 in
3405 3477 3831 3546 possessionem.

2242 3571 2413 3626 Porro
2438 3578 2641 3636 autem,
2666 3571 2810 3626 sicut
2830 3570 2905 3625 illi
2924 3570 3290 3625 ascenderunt
3329 3583 3425 3641 per
3456 3572 3834 3642 quadraginta

2243 3663 2379 3719 duas
2398 3662 2731 3728 mansiones,
2776 3662 2850 3716 ita
2887 3661 3141 3717 Salvator
3178 3671 3363 3717 noster
3415 3662 3471 3716 in
3526 3660 3832 3734 [Egyptum

2243 3754 2431 3811 mundi
2458 3755 2617 3825 hujus
2637 3755 2920 3811 descendit
2943 3770 3041 3824 per
3067 3755 3287 3810 totidem
3337 3763 3544 3818 patres.
3599 3753 3759 3823 Quod
3789 3755 3838 3809 sl

2238 3850 2354 3922 jam
2379 3849 2726 3920 intelligimus
2745 3861 3008 3922 quantum
3049 3852 3377 3907 sacramenti
3421 3867 3690 3907 numerus
3737 3853 3835 3908 ista

2245 3944 2545 4006 contineat,
2587 3944 2837 3998 humanae
2891 3944 3100 4001 scilicet
3146 3943 3483 3999 ascensionis
3523 3955 3583 3999 et
3634 3941 3839 3999 divinat

2245 4034 2640 4097 descensionis,
2668 4033 2989 4103 incipiamus
3018 4033 3130 4103 jam
3155 4047 3254 4101 per
3277 4049 3339 4087 ea
3387 4047 3509 4101 qua:
3552 4032 3842 4086 descendit

2243 4123 2495 4180 Christus
2510 4125 2826 4190 ascendere,
2847 4133 2900 4179 et
2914 4124 3139 4194 primam
3163 4138 3282 4178 eam
3305 4124 3461 4177 nobis
3473 4122 3838 4189 mansionem,

2245 4218 2551 4288 quamipse
2605 4216 2954 4271 novissimam
3007 4215 3218 4279 habuit,
3259 4214 3552 4271 aediﬁcare.
3611 4214 3671 4269 Si
3716 4215 3842 4284 quis

2240 4311 2392 4367 enim
2417 4312 2484 4365 ad
2505 4324 2605 4364 nos
2627 4324 2722 4379 per
2741 4308 2853 4363 loca
2875 4306 3127 4379 quaelibet
3152 4305 3358 4371 veniat,
3384 4314 3443 4359 ut
3471 4321 3597 4360 mox
3620 4296 3840 4361 rediens

2246 4402 2487 4475 perloca
2512 4416 2610 4457 nos
2635 4402 2820 4456 eadem
2848 4401 3011 4455 ducat
3035 4400 3125 4455 ubi
3172 4398 3372 4454 desinit
3414 4398 3525 4459 ille,
3575 4413 3677 4453 nos
3735 4398 3844 4452 iter

2247 4492 2563 4561 incipimus;
2587 4496 2641 4546 ct
2669 4490 2758 4544 ubi
2793 4489 2884 4545 ille
2911 4498 3171 4560 cmperat,
3210 4504 3312 4545 nos
3366 4488 3605 4543 ﬁnimus.
3654 4486 3842 4542 Prima

2247 4584 2455 4641 scilicet
2484 4582 2763 4654 generatio
2784 4582 2990 4638 Christi
3013 4583 3180 4652 coepit
3204 4581 3273 4636 ab
3302 4580 3612 4646 Abraham;
3642 4579 3841 4635 ultima

2248 4692 2381 4732 vero
2412 4676 2559 4731 velut
2579 4684 2849 4745 postrema
2875 4674 3083 4728 mansio
3106 4673 3420 4729 terminavit
3444 4673 3499 4728 in
3529 4671 3841 4741 Virginem.

2249 4768 2317 4824 Et
2343 4768 2599 4838 quoniam
2630 4766 2903 4822 Abraham
2934 4766 3323 4835 interpretatur
3371 4774 3523 4836 pater
3574 4764 3842 4828 excelsus,

2249 4876 2350 4916 nos
2378 4861 2479 4916 hoc
2516 4861 2622 4915 iter
2672 4860 2960 4930 incipimus
3001 4875 3030 4912 a
3066 4858 3306 4929 Virginis
3341 4867 3524 4926 partu,
3584 4866 3665 4920 ut,
3720 4872 3849 4927 per-

2255 4959 2513 5022 agrantes
2531 4950 2814 5019 sequentia
2837 4950 3091 5019 deinceps
3103 4949 3445 5003 mansionum
3460 4948 3599 5011 loca,
3623 4958 3848 5019 postre-

2254 5059 2345 5098 mo
2382 5043 2449 5097 ad
2499 5042 2686 5103 Deum,
2712 5040 2926 5095 Patrem
2958 5041 3212 5097 videlicet
3247 5041 3629 5112 perveniamus
3666 5042 3851 5096 excel-

2255 5147 2395 5188 sum.
2426 5131 2620 5185 Partus
2644 5146 2773 5200 ergo
2810 5132 3046 5201 Virginis
3101 5132 3258 5187 nobis
3307 5149 3371 5186 ex
3413 5131 3645 5203 [Egypto
3695 5133 3851 5201 esire

2254 5226 2563 5281 volentibus
2592 5226 2645 5278 in
2671 5225 2861 5294 primis
2880 5226 3145 5287 occurrit,
3168 5240 3311 5288 cum,
3339 5225 3573 5279 Verbum
3609 5224 3706 5281 Dei
3729 5242 3855 5280 car-

2235 5329 2382 5371 .nem
2414 5315 2614 5371 factum
2651 5317 2704 5370 in
2731 5317 2877 5370 hunc
2897 5316 3157 5370 mundum
3187 5320 3398 5371 venisse
3420 5318 3735 5384 credentes,
3765 5331 3855 5370 rc-

2256 5405 2401 5462 lictis
2427 5405 2682 5461 omnibus
2706 5406 2926 5461 caducis
2950 5414 3006 5461 et
3029 5407 3381 5471 transitoriis,
3429 5407 3483 5461 in
3508 5405 3601 5460 illo
3623 5406 3745 5462 loco
3766 5421 3855 5461 re-

2258 5497 2610 5566 quiescimus,
2643 5498 2697 5551 in
2735 5497 2827 5553 illo
2864 5506 3067 5553 nostra!
3122 5498 3325 5569 quietis
3359 5507 3417 5552 et
3454 5497 3571 5569 spei
3630 5498 3850 5554 habita-

2257 5588 2435 5642 culum
2455 5587 2805 5645 collocamus.
2828 5588 2960 5645 Post
3000 5591 3119 5645 hare
3140 5590 3253 5659 jam
3282 5590 3327 5646 si
3363 5589 3649 5660 perﬁcere,
3680 5599 3738 5643 et
3781 5587 3851 5645 ad

2260 5677 2497 5748 singulos
2534 5692 2775 5748 quosque
2812 5679 2933 5736 fidei
2958 5689 3012 5735 et
3034 5682 3298 5736 virtutum
3320 5668 3522 5752 gradus
3548 5681 3851 5737 ascendere
