4052 6312
229 314 388 371 ’1053

1515 312 1582 368 ΙΝ
1621 311 1882 370 LlBRUM
1919 311 2206 371 NUMERI.

3368 321 3508 375 ιοδι

233 431 488 492 Ἰὶὶιίιιιιπ,
525 417 706 483 ιτιιιάίιι
752 426 1010 482 debemus
1039 426 1335 485 immorari.
1388 425 1559 482 donec
1610 425 1817 480 valeant

1928 424 2206 494 Phiairoth
2241 417 2584 498 interpretari
2615 428 2813 485 dicitur
2841 444 2897 483 os
2935 429 3205 492 nobilium,
3240 445 3336 499 per
3367 432 3507 500 quod

241 521 476 573 virtutes
527 519 580 572 in
610 517 1056 573 consuetudinem
1095 519 1260 578 verti.
1289 515 1354 569 Et
1380 525 1508 570 tunc
1535 529 1640 568 non
1669 515 1824 585 quasi

241 620 620 666 transcurrere
648 609 943 678 Spiritualis
987 609 1113 662 vita:
1169 608 1381 663 deserta
1430 608 1820 676 conspiciatur,

238 703 336 757 sed
360 700 665 755 mansiones
695 699 892 762 facere,
914 698 1000 752 vel
1019 699 1180 752 etiam
1207 698 1452 752 habitare
1481 700 1533 751 in
1566 699 1698 766 ipsis
1725 697 1825 750 vir-

241 802 416 848 tutum
450 791 778 861 profectibus
801 790 1126 858 iudicamur.
1160 789 1292 846 Nam
1317 791 1409 860 qui
1459 791 1663 845 bonum
1689 805 1824 860 opus

237 896 349 936 non
386 890 832 950 perseveraturus
861 882 1066 951 incipit,
1098 883 1251 951 quasi
1281 884 1425 938 viam
1479 884 1825 953 properando

240 975 602 1040 transcurrit;
647 976 737 1045 qui
771 991 900 1030 vero
949 977 1001 1030 in
1033 993 1096 1031 ea
1152 994 1314 1048 quam
1364 979 1533 1033 semel
1586 979 1826 1048 arripuit

236 1077 526 1138 permanet
549 1069 862 1133 sanctitate,
889 1069 962 1124 ibi
989 1071 1386 1139 quodammodo
1415 1072 1648 1126 :edificat
1674 1089 1824 1125 tuan-

234 1157 470 1211 sionem.
504 1157 571 1212 Et
603 1161 896 1213 notandum
919 1157 1066 1229 quia,
1093 1177 1214 1215 eum
1247 1162 1324 1216 ire
1350 1174 1404 1216 et
1437 1179 1675 1224 manere,
1734 1178 1818 1226 ac,

229 1260 338 1316 per
359 1248 481 1312 hoc,
506 1249 608 1302 iter
631 1259 685 1302 et
713 1250 920 1305 mansio
944 1265 971 1303 a
995 1267 1052 1305 se
1074 1253 1181 1304 sint
1210 1253 1423 1322 penitus
1455 1255 1690 1317 diss‘ona,
1722 1270 1820 1307 nec

229 1337 455 1394 sibimet
477 1340 706 1394 invicem
747 1352 1067 1406 congruant,
1119 1351 1408 1412 utrumque
1439 1355 1614 1399 tainen
1655 1347 1706 1399 in
1732 1346 1821 1400 illo

229 1427 538 1484 Israelitico
560 1432 811 1500 prociutu
852 1435 1168 1486 convenisse
1201 1434 1479 1503 Scriptura
1512 1437 1818 1500 confirmat,

228 1531 293 1576 ut
321 1521 393 1574 illi
421 1537 518 1591 per
539 1523 812 1577 desertum
847 1533 900 1578 et
931 1525 1033 1578 iter
1064 1527 1316 1581 habuisse
1343 1527 1612 1589 dicantur,
1661 1529 1812 1600 14],

229 1620 291 1666 et
323 1612 668 1678 mansiones;
699 1614 822 1682 quia
857 1615 1108 1668 nimirum
1135 1632 1252 1680 nos,
1287 1619 1377 1687 qui
1405 1629 1603 1673 terram
1632 1623 1818 1674 viven-

228 1701 369 1757 tium
405 1703 606 1758 intrare
629 1706 1027 1774 eonteudimus,
1075 1716 1130 1761 et
1162 1725 1381 1764 manere
1433 1713 1690 1766 debemus
1719 1729 1816 1782 per

1925 521 2247 587 exprimitur
2290 521 2468 592 lingua
2498 523 2796 576 doctorum.
2829 520 2887 574 In
2917 521 3158 574 convalle
3184 521 3378 590 quippe
3416 538 3511 591 pa-

1927 613 2128 667 tientite
2157 615 2505 676 constitutus,
2539 629 2645 683 quo
2673 614 2891 684 gravius
2942 613 3025 668 vel
3068 615 3506 684 persecutionum

1921 703 2012 757 vel
2066 704 2364 758 carnalium
2419 705 2780 759 tentationum
2834 703 3054 775 flagellis
3111 705 3391 770 atteritur,
3443 723 3510 761 co

1923 795 2095 864 magis
2134 811 2353 850 necesse
2379 805 2550 850 estut
2589 797 2638 851 ei
2668 796 2735 849 ab
2774 810 2868 850 ore
2909 795 3202 858 nobilium.
3246 797 3298 851 id
3355 809 3436 853 est
3477 815 3507 852 a

1921 897 2233 954 sanctorum
2282 889 2562 943 doctorum
2612 889 3104 954 exhortationibus,
3135 900 3504 946 succurratur.

1924 973 1981 1028 Si
2015 990 2140 1028 Vero
2183 991 2288 1030 non
2325 977 2600 1031 Phiairolh
2629 1019 2642 1042 ,
2689 978 2783 1032 sed
2821 976 3038 1032 Osirath
3068 1019 3082 1042 ,
3125 980 3506 1048 proferendum

1919 1079 2028 1130 est,
2063 1081 2120 1121 ut
2155 1069 2257 1123 alia
2291 1080 2518 1124 testatur
2547 1071 2734 1134 editio,
2773 1070 3052 1125 sciendum
3083 1071 3330 1138 estquod
3362 1069 3506 1124 lratlt

1921 1160 2062 1211 vicus
2088 1161 2494 1227 interpretatur.
2525 1160 2605 1213 Ad
2634 1175 2697 1216 os
2722 1175 2872 1228 ergo,
2910 1159 3014 1214 hoc
3038 1168 3147 1222 est,
3175 1159 3240 1213 ad
3272 1161 3506 1228 primum

1920 1251 2024 1304 vici
2061 1252 2219 1318 hujus
2251 1242 2465 1305 venitur
2503 1254 2834 1322 ingressum;
2874 1252 3018 1321 quod
3059 1251 3323 1319 significat
3357 1266 3507 1319 ama:

1920 1341 2349 1395 conversationis
2379 1343 2612 1396 initium.
2646 1341 2798 1397 Unde
2827 1359 2932 1396 non
2960 1343 3027 1396 ad
3059 1343 3246 1397 urbem
3266 1383 3279 1407 ,
3317 1344 3410 1398 scd
3439 1344 3506 1397 ad

1920 1429 2098 1482 vicum
2132 1431 2384 1496 veniunt;
2423 1432 2547 1500 quia
2591 1447 2814 1488 necesse
2850 1441 2934 1487 est
2975 1441 3035 1486 ut
3059 1433 3266 1487 novitii
3309 1433 3509 1504 quique

1920 1520 2138 1574 interim
2169 1537 2226 1576 se
2259 1523 2400 1578 intra
2431 1524 2754 1578 suburbana:
2781 1524 2906 1578 vitte
2935 1523 3227 1579 cohibeant
3255 1527 3468 1579 modum
3489 1565 3506 1592 ,

1919 1627 2020 1665 nec
2061 1614 2461 1681 praecipitanter
2504 1615 2681 1669 adlmc
2718 1616 2952 1670 audeant
2998 1617 3283 1670 senatoria:
3327 1617 3507 1686 perfe-

1918 1704 2114 1758 ctionis
2156 1715 2424 1760 attentare
2460 1706 2752 1777 fastigium.
2788 1707 2943 1762 Unde
2971 1709 3110 1762 bene
3151 1708 3348 1762 dicitur
3376 1725 3509 1778 quo-

226 1792 400 1847 fixum
437 1793 790 1864 professionis
814 1773 1019 1849 nostrai
1041 1799 1392 1866 propositum,
1419 1810 1473 1853 et
1497 1803 1574 1854 ire
1605 1773 1819 1871 semper
1853 1773 1893 1830 Β
1923 1797 2065 1848 niam
2103 1797 2292 1850 Airollt
2326 1798 2549 1866 respicit
2576 1773 2932 1867 fieelscphou.
2978 1797 3308 1869 Beelsephon
3343 1800 3508 1868 siqui-

223 1895 332 1952 per
381 1883 732 1938 mcliorandae
773 1888 1206 1943 conversationis
1253 1899 1308 1943 et
1342 1891 1647 1946 cumulandi
1695 1909 1819 1962 pro-

221 1968 408 2026 fectus
436 1984 809 2042 augmentum.

304 2061 362 2115 lu
412 2063 600 2133 primis
634 2079 764 2137 ergo
805 2069 1218 2136 proficiscuntur
1257 2069 1349 2124 filii
1393 2070 1553 2124 Israel
1598 2071 1664 2127 de
1703 2072 1818 2127 Ra-

223 2169 397 2209 mesc.
453 2154 717 2221 llamese,
768 2159 909 2213 sicut
945 2162 1215 2215 nonnullis
1258 2163 1492 2228 videtur,
1531 2165 1582 2219 in
1633 2176 1816 2222 nostra

221 2241 411 2317 lingua
439 2249 716 2303 commotio
743 2250 951 2304 turbida
1007 2252 1088 2307 vel
1116 2257 1392 2308 commotio
1421 2257 1574 2310 tinem
1600 2257 1816 2314 dicitur.

222 2335 286 2392 lu
319 2354 425 2408 quo
449 2339 611 2394 datur
637 2341 860 2412 intelligi
889 2345 1030 2414 quod
1054 2347 1233 2400 omnia
1264 2365 1384 2416 qua:
1438 2352 1618 2404 tnuudi
1669 2359 1816 2415 'sunt,

223 2432 282 2486 in
313 2433 763 2489 commotionibus
804 2444 859 2490 et
904 2438 1400 2502 perturbationibus
1434 2443 1724 2496 constituta
1764 2450 1820 2496 et

225 2526 584 2594 corruptehc,
608 2542 770 2594 quam
796 2527 936 2582 tinea
961 2529 1226 2599 designat,
1252 2530 1546 2600 probantur
1566 2535 1814 2587 obnoxia.

221 2614 284 2670 ln
313 2617 512 2685 quibus
549 2619 733 2689 utique
763 2635 868 2674 non
900 2629 1115 2689 oportet
1152 2622 1387 2676 animam
1421 2625 1691 2691 residere,
1725 2629 1818 2682 sed

213 2706 612 2764 incunctanter
639 2711 806 2765 exire.
848 2711 1076 2780 Quidam
1106 2727 1234 2769 vero
1271 2715 1503 2783 Ramese
1549 2720 1818 2789 interpre-

224 2798 331 2854 tari
373 2801 768 2855 coniurationem
818 2803 901 2858 vel
931 2807 1220 2859 tonitruum
1289 2817 1632 2876 putaverunt.
1664 2811 1818 2879 Quod

225 2891 414 2961 tuique
446 2893 600 2946 nobis
623 2895 796 2962 aptari
826 2911 930 2949 non
958 2897 1255 2967 incongrue
1280 2901 1662 2970 poterit,quia,
1690 2903 1815 2956 dum

227 2982 297 3037 ad
332 2985 772 3052 praedicationem
807 2988 1137 3060 evangeliea:
1176 2992 1318 3046 tubzr.
1359 2995 1614 3047 commoti
1655 2994 1818 3050 fueri-

225 3089 369 3138 Inus,
403 3075 544 3129 velut
574 3076 638 3130 ad
672 3080 968 3134 tonitruum
997 3081 1537 3139 cmlestiumuubium
1568 3087 1810 3151 excitati,

224 3181 293 3224 ex
320 3166 555 3238 Egypto
581 3171 760 3223 mundi
794 3171 951 3241 hujus
980 3173 1212 3228 eximus.
1237 3175 1497 3229 Exierunt
1527 3187 1707 3232 autem
1737 3177 1810 3231 illi

223 3271 417 3312 mense
459 3259 634 3327 primo
657 3301 670 3323 ,
703 3261 890 3329 quinta
926 3263 1132 3316 decima
1176 3263 1298 3318 luna
1322 3305 1337 3329 ,
1382 3267 1433 3319 in
1467 3267 1583 3336 ipso
1609 3267 1816 3324 scilicet

214 3345 524 3419 pleuiluuio
550 3366 614 3405 ac
643 3353 786 3406 veris
809 3355 1052 3408 exordio.
1083 3355 1150 3408 Et
1187 3371 1306 3420 nos,
1331 3373 1452 3411 cum
1479 3374 1703 3413 suamne
1729 3359 1816 3414 lu-

227 3442 309 3497 cis
342 3444 508 3498 radiis
535 3445 887 3512 illustramur,
921 3463 1043 3502 cum
1077 3450 1127 3502 in
1160 3450 1315 3504 nobis
1340 3452 1495 3506 bona:
1524 3451 1817 3508 voluntatis

226 3532 390 3588 flores
416 3546 725 3605 erumpunt,
757 3552 880 3592 cum
911 3541 1093 3595 omnia
1127 3553 1479 3608 renovantur,
1507 3560 1628 3598 cum
1658 3555 1813 3614 prata

228 3621 462 3692 denique
493 3634 802 3680 nostrorum
829 3629 1070 3683 cordiqu
1107 3633 1325 3700 superni
1354 3633 1481 3688 solis
1519 3635 1703 3690 fomite
1733 3652 1816 3690 re-

226 3710 533 3780 calescunt,
578 3723 702 3770 tunc
745 3732 811 3772 ex
841 3716 1059 3790 {Egypti
1102 3722 1338 3776 tenebris
1366 3724 1550 3792 egredi
1589 3724 1813 3780 festina-

227 3817 374 3857 mus.

301 3893 546 3951 Secunda
587 3899 798 3954 mansio
831 3899 891 3954 fit
925 3901 976 3955 in
1016 3899 1238 3956 Sochot.
1279 3902 1481 3957 Sochot
1511 3915 1689 3960 autem
1728 3906 1812 3960 in-

229 3994 562 4055 terpretatur
602 3991 963 4045 tabernacula.
1001 3991 1216 4047 Primus
1256 3993 1420 4062 igitur
1464 3997 1656 4051 animm
1692 4014 1814 4066 pro-

227 4076 402 4130 lkctus
439 4089 523 4132 est
555 4089 614 4132 ut
655 4096 682 4132 a
718 4082 948 4136 terrenis
982 4097 1044 4137 se
1087 4086 1538 4142 commotionibus
1568 4089 1812 4157 dividat,

223 4167 440 4237 sibique
469 4178 722 4240 tauquam
757 4174 1058 4244 peregrina:
1084 4184 1140 4229 et
1172 4175 1360 4231 incola:
1391 4193 1496 4231 non
1533 4179 1810 4234 habitacu-

228 4257 338 4311 lum
382 4259 507 4328 figat
533 4301 548 4319 .
585 4261 677 4315 sed
714 4263 890 4316 exsilii
930 4264 1331 4320 tabernaculum
1371 4276 1581 4332 struat,
1627 4267 1814 4340 lugens

228 4367 353 4406 cum
380 4355 641 4422 propheta
671 4372 684 4409 :
724 4374 742 4406 ι
774 4356 885 4410 Heu
917 4359 1027 4413 me!
1063 4358 1187 4430 quia
1218 4359 1483 4416 incolatus
1511 4377 1663 4416 meus
1689 4378 1816 4432 pro-

228 4440 485 4513 longatus
514 4453 596 4500 est
624 4444 796 4517 (Psal.
826 4449 927 4520 ιιι).
964 4468 983 4501 ι

297 4534 501 4592 Deinde
548 4540 770 4594 veniunt
812 4541 863 4594 iu
912 4542 1128 4608 Ethan,
1175 4544 1291 4600 sive
1349 4557 1406 4602 ut
1474 4549 1811 4617 septuaginta

223 4629 556 4698 interpretes
601 4632 826 4696 dicunt,
874 4631 1086 4687 Bnthan
1117 4675 1130 4697 ,
1171 4651 1290 4703 quae
1334 4648 1416 4692 est
1459 4640 1509 4692 in
1556 4641 1818 4695 extremis

225 4718 429 4774 finibus
471 4721 796 4776 solitudinis.
843 4724 1049 4788 Etban,
1091 4725 1454 4794 fortitudinem
1497 4741 1672 4784 sonat.
1715 4731 1816 4798 Qui

225 4826 360 4882 ergo
387 4811 498 4881 jam
531 4829 630 4882 pro
670 4813 780 4868 Deo
815 4816 1228 4885 peregrinantur
1267 4818 1319 4871 in
1355 4821 1590 4884 mundo,
1630 4822 1720 4892 qui
1759 4836 1817 4875 sc

226 4904 438 4959 incolas
457 4913 511 4960 et
533 4906 746 4960 exsules
769 4917 1181 4976 recognoscant,
1202 4924 1422 4963 necesse
1438 4921 1521 4964 est
1543 4920 1598 4964 ut
1619 4921 1820 4980 quianto

225 4997 407 5066 magis
453 5012 511 5051 se
543 4997 783 5066 prazbent
815 4997 867 5050 in
908 4998 1139 5052 terrenis
1179 5001 1388 5055 actibus
1423 5002 1642 5065 debiles,
1670 5012 1818 5056 tanto

227 5087 342 5144 sint
369 5088 422 5142 in
451 5089 756 5144 humilitate
786 5105 850 5144 ac
871 5091 1129 5158 patientia
1170 5091 1441 5146 fortiores.
1472 5094 1680 5148 Bnthan
1717 5109 1816 5147 au-

215 5191 343 5235 tem
376 5181 530 5235 vallis
571 5183 980 5251 interpretatur,
1011 5183 1155 5250 quod
1191 5183 1258 5236 ab
1299 5184 1488 5238 eodem
1526 5201 1687 5239 sensu
1722 5201 1818 5240 ne-

229 5284 501 5342 quaquam
545 5274 834 5342 discrepat.
884 5272 1111 5342 Oportet
1149 5273 1292 5326 euim
1347 5283 1407 5328 ut
1466 5276 1709 5345 quisquis
1751 5277 1818 5332 ad

228 5369 434 5418 terram
474 5365 768 5418 viventium
811 5373 1086 5433 properat,
1110 5365 1176 5419 ad
1203 5365 1522 5434 perferenda
1563 5369 1818 5423 tentatio-

228 5467 363 5506 num
404 5453 576 5522 iacula
611 5454 664 5508 in
695 5453 1013 5509 humilitatis
1040 5463 1094 5509 et
1125 5457 1401 5526 patientia:
1426 5458 1662 5514 convalle
1688 5475 1814 5530 per-

220 5541 410 5597 sistat.

299 5634 432 5688 lude
483 5635 705 5704 profecti
771 5643 895 5690 sunt
947 5636 1000 5688 in
1052 5635 1368 5703 Phiairoth,
1424 5655 1544 5709 quae
1597 5640 1816 5710 respicit

222 5725 582 5802 Boeipbegor,
628 5739 683 5786 et
732 5731 1100 5788 eastramctati
1147 5743 1272 5788 sunt
1320 5743 1446 5789 ante
1490 5731 1811 5801 Magdalum.

1839 4491 1892 4550 D

1921 1888 2040 1941 dem
2069 1889 2459 1959 interpretatur
2479 1891 2716 1944 ascensio
2761 1889 2985 1959 specula:
3011 1888 3168 1961 142
3192 1889 3303 1943 sive
3327 1890 3504 1942 turris.

1917 1980 1961 2032 Α
2004 1982 2185 2048 parvis
2217 1982 2362 2036 enim
2404 1983 2470 2036 ad
2517 1998 2709 2052 magna
2749 1983 3150 2037 conscenditur.
3201 1980 3314 2035 Non
3362 1981 3508 2034 enim

1918 2071 2034 2125 lucc
2082 2074 2288 2126 mansio
2326 2073 2424 2126 fuit
2472 2074 2522 2126 in
2575 2073 2688 2142 ipsa
2734 2071 2949 2142 specula
2977 2113 2992 2137 ,
3039 2073 3132 2126 sed
3179 2070 3509 2142 respiciebat

1918 2163 2212 2232 speculam.
2245 2164 2381 2232 Quia
2421 2165 2657 2219 novitius
2688 2166 2916 2234 quisque
2937 2176 2959 2229 ,‘
2991 2166 3092 2220 etsi
3123 2165 3190 2219 ad
3218 2165 3512 2235 speculati-

1917 2267 2042 2306 vam
2093 2255 2254 2307 vitam
2301 2254 2412 2322 jam
2465 2271 2562 2323 per
2613 2255 2940 2310 desiderium
2995 2255 3220 2320 tendat,
3273 2255 3504 2309 necdum

1919 2354 2099 2399 tamen
2145 2346 2211 2397 ad
2251 2344 2592 2413 speeulativa:
2635 2345 2988 2414 perfectionis
3027 2345 3239 2400 culmen
3283 2345 3507 2414 aSpirat.

1920 2437 2282 2503 Quamobrem
2317 2437 2426 2491 illic
2455 2446 2580 2507 apte
2621 2437 3009 2507 subjungitur:
3052 2455 3071 2487 ι
3105 2435 3171 2490 Et
3212 2447 3507 2496 castrame-

1917 2531 2015 2584 tati
2048 2539 2171 2583 sunt
2203 2539 2329 2584 ante
2359 2530 2656 2600 Magdalum
2688 2527 2875 2600 (Num.
2900 2528 3119 2598 χχχιιι).
3151 2546 3169 2579 ι
3205 2525 3505 2605 Magdalus,

1915 2620 2306 2689 nrogniﬁcentia
2337 2621 2554 2674 dicitur.
2588 2619 2809 2672 Noviter
2835 2617 2978 2672 enim
3007 2616 3130 2686 quis
3165 2617 3230 2669 ad
3269 2615 3360 2669 Dei
3390 2629 3507 2669 ser-

1917 2709 2106 2763 vitiu'n
2140 2709 2362 2762 veniens
2407 2708 2776 2763 ascensionem
2808 2705 3040 2775 specula:
3069 2713 3120 2760 et
3157 2703 3510 2774 magniﬁcen-

1915 2799 2046 2852 tiam
2069 2799 2179 2866 iam
2206 2799 2423 2868 quidem
2460 2799 2512 2852 in
2551 2806 2844 2865 conspectu
2885 2812 2983 2850 suo
3009 2811 3107 2865 per
3153 2794 3510 2848 intentionem

1916 2900 2085 2954 tenet,
2100 2893 2192 2945 sed
2208 2906 2303 2960 per
2314 2890 2562 2945 efl'ectum
2580 2889 2794 2944 virtutis
2808 2887 3042 2946 nomium
3065 2885 3330 2956 possidet;
3355 2882 3505 2954 quia,

1916 2984 2044 3039 licet
2080 2999 2173 3052 spe
2205 2981 2678 3052 contemplationis
2709 2989 2760 3034 ct
2800 2978 3152 3050 perfectionis
3181 2977 3292 3046 jam
3319 2990 3508 3046 pasca-

1917 3084 2008 3130 tur
2037 3084 2091 3130 et
2131 3075 2422 3137 nutriatur,
2468 3073 2696 3127 necdum
2726 3082 2906 3124 tamen
2939 3076 3327 3123 consummatae
3353 3081 3510 3120 mun-

1915 3168 2059 3221 ditia:
2106 3165 2187 3218 vel
2231 3179 2478 3234 superine
2506 3162 2714 3232 'gratia:
2759 3161 2934 3213 nitore
2972 3156 3292 3228 perfruitur.
3338 3154 3428 3221 Ut,
3461 3153 3508 3210 si

1914 3259 2240 3326 Beelscphot‘
2285 3257 2670 3324 interpretatur
2702 3252 2947 3304 dominus
2972 3247 3253 3318 aquilonis,
3295 3247 3435 3300 sicut
3476 3260 3510 3301 a

1915 3351 2236 3421 quibusdam
2271 3348 2502 3412 dicitur;
2543 3344 2670 3415 quid
2712 3359 2810 3413 per
2841 3343 2985 3395 hunc
3026 3339 3292 3410 aquilonis
3335 3339 3511 3391 domi-

1913 3458 2068 3501 num.
2109 3441 2210 3495 nisi
2251 3440 2508 3508 antiquus
2541 3436 2711 3491 hostis
2737 3434 3079 3503 crtprimitur,
3097 3430 3186 3499 qui
3221 3429 3428 3498 frigidis
3454 3436 3510 3482 et

1916 3533 1984 3586 ab
2031 3546 2216 3586 amore
2264 3531 2358 3584 Dei
2405 3528 2597 3582 alienis
2641 3523 2899 3580 cordibus
2943 3518 3315 3591 principatur?
3365 3519 3507 3571 Ante

1916 3625 2059 3679 hunc
2085 3637 2234 3691 ergo,
2267 3622 2319 3675 id
2345 3629 2430 3676 est
2461 3627 2648 3674 contra
2678 3618 2844 3676 hunc,
2877 3619 3352 3671 castramctamur,
3381 3622 3503 3662 cum

1915 3719 2176 3773 adversus
2213 3731 2337 3769 eum
2366 3710 2728 3768 infmderabili
2763 3704 3112 3760 dimicatione
3146 3700 3506 3770 confligimus.

1913 3851 1916 3854 ς
1985 3810 2114 3864 lude
2142 3807 2368 3876 profecti
2399 3819 2495 3873 per
2518 3817 2665 3857 mare
2695 3801 2936 3852 Rubrum
2969 3803 3232 3849 venerunt
3260 3792 3309 3845 in
3337 3790 3506 3855 Mora,

1915 3917 2036 3971 qua:
2077 3901 2466 3966 interpretatur
2510 3891 2832 3947 amaritudo.
2877 3887 3077 3941 Rectus
3127 3884 3332 3940 scilicet
3376 3881 3509 3971 orth

1916 3970 1998 4045 est
2037 3999 2094 4042 ut
2128 3987 2218 4058 qui
2247 3986 2312 4039 ad
2353 3997 2552 4037 terram
2589 3974 3057 4050 properantmelle
3083 3980 3416 4035 manantem,
3453 3970 3507 4024 in

1915 4083 2132 4136 deserto
2165 4078 2291 4132 vita:
2319 4075 2478 4144 hujus
2516 4070 2717 4126 laboris
2744 4077 2798 4122 ct
2841 4063 3155 4120 tentationis
3190 4058 3508 4115 amaritudi-

1915 4189 2038 4230 nem
2072 4172 2357 4234 hauriant,
2389 4177 2444 4221 et
2469 4181 2566 4235 per
2596 4159 2895 4228 disciplina:
2923 4155 3206 4226 prrescntis
3246 4150 3510 4220 astzerita-

1917 4278 2022 4320 tem
2077 4263 2392 4333 perveniant
2436 4258 2501 4312 ad
2556 4250 3012 4310 remunerationis
3064 4248 3288 4300 internae
3330 4241 3509 4296 dulce-

1915 4358 2115 4412 dinem.
2169 4352 2326 4408 Unde
2374 4349 2507 4405 dicit
2552 4343 2844 4416 Apostolus
2893 4358 2907 4395 :
2965 4360 2983 4392 ι
3019 4337 3245 4399 Omnis,
3295 4333 3505 4404 inquit,

1917 4445 2200 4514 disciplina
2233 4445 2284 4498 in
2320 4441 2575 4513 przesenti
2608 4437 2825 4508 quidem
2853 4449 2960 4488 non
2992 4432 3202 4484 videtur
3223 4442 3346 4482 esse
3376 4440 3509 4496 gutt-

1917 4540 2014 4601 dii,
2045 4536 2137 4590 sed
2169 4534 2450 4593 maeroris;
2479 4529 2806 4601 post'autem
2835 4525 3068 4580 fructum
3099 4518 3506 4592 pacatissimam

1917 4629 2229 4685 exercitatis
2279 4642 2376 4696 per
2422 4641 2541 4681 eam
2593 4622 2780 4678 reddet
2819 4618 3044 4688 justitize
3083 4613 3268 4683 (Hebr.
3318 4608 3441 4680 xu).
3481 4627 3502 4660 ι

1918 4724 1976 4780 lu
2007 4723 2286 4792 procinctu
2322 4719 2587 4788 siquidem
2619 4711 2914 4784 spiritualis
2941 4708 3146 4763 militiae
3177 4701 3502 4765 constitutis,

1921 4816 2083 4870 modo
2111 4828 2291 4867 amara
2322 4809 2590 4870 dulcibus,
2631 4805 2792 4859 modo
2817 4801 2990 4858 dulcia
3017 4799 3314 4853 miscentur
3354 4807 3505 4846 ama-

1923 4908 2021 4970 ris,
2050 4915 2108 4958 ut
2134 4920 2232 4974 per
2264 4904 2377 4956 lucc
2405 4900 2717 4970 experiatur
2745 4897 2978 4949 lmmana
3009 4887 3268 4951 conditio,
3299 4893 3353 4938 et
3377 4881 3506 4952 quid

1921 5019 1950 5055 a
1981 5017 2036 5055 se
2066 4998 2306 5068 patiatur
2337 4991 2697 5052 infirmitatis,
2728 4997 2783 5042 et
2809 4986 2936 5056 quid
2966 5000 2992 5036 a
3025 4982 3135 5036 Deo
3167 4979 3508 5068 debeatispen

1919 5105 2040 5144 rare
2071 5067 2310 5141 virtutis.
2345 5083 2495 5138 Sicut
2534 5081 2707 5136 eidem
2739 5075 2934 5147 populo
2962 5073 3161 5128 dicitur
3191 5089 3203 5123 :
3244 5090 3260 5120 ι
3301 5067 3504 5122 Amisit

1921 5191 1973 5235 te
2002 5190 2056 5235 ct
2083 5178 2284 5234 cibavit
2314 5189 2366 5230 te
2406 5189 2600 5228 manna
2635 5171 2686 5225 in
2731 5171 2982 5225 deserto.
3020 5164 3161 5234 qttod
3195 5161 3506 5215 nesciebant

1919 5282 2102 5344 patres
2135 5271 2240 5328 tui.
2274 5269 2443 5321 donec
2475 5265 2883 5334 diguosccretur
2908 5256 3050 5327 quod
3079 5261 3222 5308 esset
3249 5253 3299 5305 in
3344 5249 3507 5305 corde

1923 5374 2016 5418 tuo
2047 5365 2225 5432 (Deut.
2261 5360 2403 5420 vui).
2441 5378 2459 5410 ι
3281 5434 3286 5440 Ι

1996 5457 2146 5512 Unde
2184 5456 2429 5524 sequitur
2465 5453 2616 5522 quia,
2661 5449 2889 5522 profecti
2928 5447 2994 5501 de
3035 5445 3203 5511 Mara,
3241 5449 3505 5497 venerunt

1922 5549 1976 5604 in
2029 5547 2164 5601 Elim
2194 5587 2208 5608 ,
2260 5546 2348 5598 ubi
2397 5544 2678 5612 duodecim
2725 5548 2884 5596 erant
2932 5539 3106 5594 fontes
3154 5548 3410 5606 aquarum
3451 5539 3504 5584 et

1922 5642 2257 5712 septuaginta
2285 5638 2492 5709 palmre.
2524 5635 2707 5700 Vides,
2738 5643 2860 5706 post
2907 5631 3220 5688 tentationis
3249 5625 3503 5701 amaritu-

1919 5731 2124 5798 dinem,
2155 5729 2220 5783 ad
2263 5736 2519 5801 quautam
2540 5725 2826 5782 deveniunt
2865 5734 2918 5779 ct
2947 5722 3179 5778 dulcium
3222 5725 3507 5788 pomorum
