4108 5342
607 301 745 363 1055

1489 288 1983 372 COLLECTANEA
2023 313 2088 370 1N
2120 294 2348 374 VETUS
2387 312 2925 372 resrsitsx'ruu.

3739 305 3906 362 {02:6

603 433 659 477 et
703 439 964 495 aquarum
1012 425 1388 498 proﬂuentium
1430 433 1819 491 ammnitatem.
1865 433 1967 488 Per
2017 442 2192 489 teuta—
2216 435 2263 494 A
2365 429 2471 486 Sed
2498 440 2550 486 et
2586 430 2710 486 inde
2741 428 3011 500 progressi
3043 435 3302 483 venerunt
3329 428 3385 483 in
3414 415 3711 498 Deptiteca.
3749 437 3904 487 sive,

605 513 770 569 tionis
817 515 998 584 itaque
1046 533 1280 586 pugnam
1315 521 1710 588 (perducuntur
1753 524 1820 578 ad
1865 524 2092 594 palmas,
2133 537 2190 580 et

605 617 702 673 per
729 604 850 660 silis
875 605 1226 664 intoleranda:
1257 611 1538 679 penuriam
1579 615 1645 667 ad
1673 614 1932 684 irriguam
1970 616 2192 671 veniunt

605 708 634 746 a
659 708 867 762 ,uarum
908 697 1203 752 viventium
1243 699 1591 759 afﬂuentiam.
1641 705 1957 761 Animarum
1995 708 2192 780 quippe

605 785 848 865 medicus
868 790 1212 858 omnipotens
1233 791 1376 848 Deus
1398 795 1479 848 sic
1503 797 1684 850 omnia
1706 797 1953 853 ordinate
1978 799 2192 868 dispen—

605 887 711 940 sat,
735 888 812 942 ut,
841 887 1096 950 tanquam
1127 882 1284 938 melle
1311 885 1601 955 pigmentis
1629 887 1828 955 infuso,
1866 900 1918 942 et
1949 889 2193 947 tristibus

607 967 728 1021 lteta
757 978 811 1024 et
853 970 991 1026 Ιειξιίε
1020 973 1192 1028 tristia
1219 976 1465 1043 misceat,
1510 991 1773 1049 quatenus
1803 997 1956 1038 mens
1978 982 2193 1038 infirma

605 1067 662 1112 et
713 1059 1004 1128 aliquando
1075 1079 1328 1131 percussa
1379 1085 1670 1142 (nunquam
1719 1071 1786 1126 de
1832 1073 2195 1143 prosperitate

607 1151 904 1218 superbiat,
938 1163 993 1206 et
1024 1153 1314 1224 aliquando
1341 1155 1514 1214 refota
1557 1161 1608 1214 in
1637 1162 2059 1218 adversitatibus
2087 1179 2194 1218 non

607 1241 946 1296 succumbat.
982 1243 1120 1298 Elim
1152 1255 1412 1315 praeterea
1445 1251 1834 1321 interpretatur
1857 1256 2076 1316 arietes.
2104 1255 2194 1323 qui

607 1328 862 1384 nimirum
906 1344 1032 1387 sunt
1062 1350 1287 1406 gregum
1332 1342 1673 1409 sequentium
1720 1343 1904 1396 duces.
1937 1341 2036 1410 Qui
2068 1355 2196 1398 vero

607 1426 735 1471 snnt
772 1421 935 1476 duces
980 1425 1258 1480 rationalis
1289 1431 1499 1499 gregis,
1545 1431 1646 1486 hoc
1688 1441 1772 1487 est
1829 1434 2007 1504 populi
2039 1430 2196 1488 Chri-

609 1512 792 1572 stiani,
834 1514 937 1568 nisi
969 1518 1140 1571 sancti
1172 1521 1437 1588 apostoli?
1469 1523 1531 1577 Hi
1565 1525 1818 1580 nimirum
1848 1536 1974 1582 sunt
1999 1529 2200 1584 duode-

608 1603 714 1657 cim
757 1605 950 1672 fontes,
999 1607 1308 1664 ariditatem
1353 1615 1615 1669 mentium
1659 1617 1919 1673 doctrina!
1963 1621 2196 1676 ctelestis

607 1693 868 1750 nitoribus
901 1698 1206 1768 irrigantes.
1237 1701 1436 1757 Verum
1468 1708 1593 1775 quia
1624 1724 1731 1763 non
1767 1711 1884 1764 illos
1913 1714 2194 1768 duodecim

2293 520 2481 580 utalia
2509 523 2789 578 translatio
2814 522 3084 592 perbibet,
3115 521 3390 592 Rapltaca.
3420 519 3695 590 Deptheca
3729 516 3900 569 deni-

2293 631 2400 685 que
2436 614 2662 684 pulsatio
2692 614 2906 670 dicitur.
2939 613 3002 667 Et
3039 628 3158 679 nos,
3195 621 3479 681 postquam
3524 607 3906 679 pertingimus

2294 710 2360 764 ad
2397 709 2728 772 Ecclesiam,
2769 722 2930 776 quam
2970 705 3420 764 videlicetrubus
3449 705 3537 758 ille
3581 702 3901 772 signiﬁcat,

2293 801 2386 856 ubi
2416 801 2509 855 Dei
2537 809 2775 855 meretur
2802 799 2964 853 homo
2989 797 3344 867 colloquium,
3376 797 3469 851 ubi
3499 795 3634 850 visio
3665 792 3905 861 conspi-

2296 892 2440 947 citur
2481 891 2831 965 angelorum,
2880 897 3010 944 tunc
3038 889 3325 958 incipimus
3355 896 3571 958 petere,
3614 897 3902 955 quaerere,

2295 999 2362 1039 ac
2403 985 2559 1054 regni
2599 982 2834 1038 omlestis
2883 997 3080 1058 arcana
3129 981 3369 1051 pulsare;
3415 979 3642 1036 Domino
3691 975 3901 1046 pmi-

2293 1072 2478 1146 picnte
2530 1084 2582 1129 et
2610 1073 2920 1144 pellicente,
2945 1073 3038 1142 qui
3063 1072 3138 1126 ait
3163 1089 3176 1125 z
3213 1091 3230 1122 ι
3260 1070 3502 1131 Pulsate.
3528 1077 3581 1124 et
3607 1070 3905 1140 aperietur

2294 1167 2449 1236 vobis
2479 1165 2690 1237 (Mardi.
2724 1180 2830 1230 vn;
2865 1162 2992 1217 Luc.
3026 1163 3126 1233 XI).
3169 1181 3187 1214 ι
3233 1162 3289 1217 Si
3317 1177 3446 1216 vero
3479 1159 3736 1230 Raphaea
3769 1163 3903 1230 quis

2269 1245 2448 1314 ‘malit
2486 1257 2805 1321 admittere,
2853 1271 2972 1325 qua:
3016 1255 3217 1309 sanitas
3267 1255 3485 1320 dicitur,
3535 1254 3637 1308 hoc
3687 1269 3900 1308 nomen

2297 1348 2492 1403 animae
2530 1345 2643 1416 jam
2687 1347 2885 1402 dudum
2930 1347 3220 1416 languidze.
3261 1347 3352 1401 sed
3387 1346 3498 1415 jam
3545 1361 3642 1415 per
3687 1345 3900 1400 donum

2297 1448 2500 1494 sanctze
2530 1437 2785 1494 Ecclesia:
2818 1438 3090 1508 languoris
3135 1437 3360 1490 nexibus
3386 1434 3645 1489 absolntze
3682 1448 3897 1488 conve-

2298 1529 2515 1584 nienter
2559 1537 2794 1598 aptatur.
2828 1527 2954 1581 "me
2996 1536 3078 1580 est
3109 1526 3251 1580 enim
3298 1525 3476 1578 anima
3516 1524 3600 1578 cui
3647 1523 3896 1577 dicitur:

2305 1640 2325 1674 ι
2359 1620 2611 1685 Benedic,
2644 1621 2824 1674 attinta
2858 1635 2998 1682 mea,
3045 1617 3296 1682 Domino,
3328 1626 3381 1670 et
3409 1615 3590 1670 omnia
3631 1614 3900 1668 interiora

2300 1729 2444 1779 mea,
2474 1713 2679 1767 nomini
2703 1706 2891 1766 sancto
2917 1710 3032 1778 ejus
3057 1708 3233 1780 (Psal.
3263 1707 3378 1778 cn).
3411 1727 3429 1759 r
3461 1705 3654 1772 Quem,
3684 1720 3894 1774 qua’so,

608 1783 871 1841 duntaxat
918 1792 1192 1859 apostolos
1233 1792 1482 1851 Salvator
1529 1809 1715 1855 noster
1758 1801 1960 1873 elegit,
2007 1805 2101 1860 sed
2142 1817 2196 1862 et
2226 1793 2272 1853 Β
2303 1804 2634 1859 Dominum?
2681 1823 2698 1855 ι
2730 1803 2842 1869 Qui“
2879 1810 3064 1866 sanat,
3114 1800 3319 1868 inquit,
3367 1812 3555 1852 omnes
3601 1795 3897 1862 languor-es

607 1874 745 1931 alios
773 1882 1117 1953 septuaginta
1149 1889 1450 1956 constituit,
1489 1891 1695 1948 idcirco
1723 1909 1830 1948 non
1863 1896 2034 1950 solum
2062 1897 2203 1952 duo-

607 1967 782 2023 decim
820 1971 1034 2038 fontes,
1065 1977 1158 2030 sed
1199 1987 1254 2033 et
1292 1985 1634 2054 septuaginta
1671 1986 2054 2045 describuntur
2091 1990 2203 2046 illic

609 2059 834 2116 arbores
860 2063 1026 2121 fuisse
1047 2068 1371 2136 palmarum.
1401 2073 1534 2130 Nam
1563 2085 1620 2132 et
1643 2077 1740 2148 ipsi
1765 2081 1990 2149 apostoli
2021 2083 2200 2138 nomi-

610 2159 814 2245 nanttt—r
855 2154 1042 2226 143,
1076 2160 1215 2216 sicut
1243 2173 1298 2218 et
1336 2166 1397 2244 in
1428 2164 1489 2220 Β.
1539 2168 1688 2225 Pauli
1727 2174 1909 2227 verbis
1955 2175 2202 2245 agnosci-

610 2246 725 2332 tur.
756 2240 888 2296 Cum
920 2247 1064 2300 enim
1107 2249 1174 2302 de
1209 2239 1607 2313 resurrectione
1645 2259 1942 2316 Salvatoris
1973 2239 2154 2332 avgerct
2183 2282 2197 2318 :

614 2348 634 2381 ε
669 2330 828 2391 Visus
857 2350 971 2402 est,
1011 2341 1204 2410 inquit,
1233 2344 1466 2415 (Iephte,
1491 2360 1546 2404 et
1588 2362 1708 2421 post
1751 2355 1866 2408 haec
1897 2330 2200 2410 illis—unite-

610 2425 821 2519 decim;
867 2431 1057 2489 deinde
1105 2440 1356 2505 apparuit
1396 2444 1653 2511 apostolis
1693 2447 1944 2503 omnibus
1982 2449 2031 2519 (l
2077 2447 2199 2504 Cor.

609 2516 724 2585 xv).
761 2536 781 2571 ι
839 2519 915 2574 Ex
957 2523 1152 2590 quibus
1191 2529 1372 2586 verbis
1404 2535 1690 2591 manifeste
1730 2516 2002 2609 colligitur
2035 2543 2197 2610 quod,

610 2615 808 2698 praeter
841 2610 960 2664 illos
991 2614 1305 2684 duodecim,
1337 2629 1391 2676 et
1414 2623 1502 2678 alii
1537 2625 1784 2698 discipuli
1809 2646 1914 2684 non
1946 2632 2203 2689 inconve-

613 2697 827 2754 nienter
852 2705 1076 2771 apostoli
1108 2709 1456 2768 nominentur

681 2786 790 2843 Sed
829 2794 1034 2859 egressi
1078 2795 1144 2850 de
1179 2797 1344 2867 Elim,
1383 2800 1539 2870 juxta
1580 2820 1730 2863 mare
1749 2807 1986 2865 Rubrum
2034 2811 2203 2868 ﬁxere

609 2881 864 2972 tentoria.
911 2881 1044 2940 Nota
1083 2888 1209 2958 quia
1244 2906 1351 2946 non
1392 2909 1541 2950 mare
1576 2913 1764 2956 rursus
1805 2901 2200 2972 ingrediuntur,

620 2970 714 3024 sed
736 2969 892 3039 juxta
918 2990 1066 3030 mare
1091 2979 1500 3040 tabernaculum
1525 2985 1716 3058 llgunt,
1743 3001 1796 3044 ut
1819 2969 1968 3047 mare
1995 3000 2201 3048 tanttm

611 3073 668 3116 et
689 3065 1047 3132 procellarum
1071 3073 1319 3130 cumulos
1340 3078 1526 3145 procul
1547 3082 1832 3150 aspiciant,
1861 3099 2200 3154 nequaquam

613 3164 795 3212 tamen
838 3169 1018 3216 motus
1061 3161 1178 3230 ejus
1223 3176 1317 3221 aut
1359 3169 1594 3238 impetus
1641 3174 2045 3242 pertimescant.
2093 3176 2202 3232 Nos
2229 3147 2273 3211 ο

609 3246 776 3300 etiam
809 3258 930 3317 post
961 3255 1316 3311 tentationum
1353 3257 1564 3323 ﬂuctus,
1603 3271 1724 3331 post
1758 3265 2005 3319 undisoni
2037 3267 2204 3322 maris

609 3339 963 3400 formidolosa
991 3349 1292 3421 naufragia,
1322 3353 1510 3408 eadem
1541 3372 1681 3426 saepe
1697 3357 1833 3412 mala
1864 3375 1984 3429 quae
2013 3374 2203 3429 pertu-

612 3432 776 3492 limus
815 3447 945 3492 ante
969 3440 1156 3496 oculos
1189 3444 1457 3512 ponimus,
1487 3455 1545 3501 ut
1579 3447 1715 3516 jam,
1749 3450 1896 3506 velut
1931 3451 1984 3507 in
2026 3453 2206 3512 littore

613 3527 914 3594 constituti,
945 3531 1136 3602 dignas
1168 3535 1402 3604 erepturi
1431 3549 1619 3594 nostro
1646 3540 1756 3595 Deo
1783 3544 1985 3613 gratias
2004 3544 2206 3602 relera-

615 3633 757 3673 111118.

685 3710 938 3769 Profecti‘
957 3733 1174 3788 quoque
1217 3721 1282 3776 de
1325 3723 1462 3777 mari
1490 3724 1696 3791 Rubro,
1739 3726 2113 3798 applicuerunt
2149 3731 2205 3787 in

617 3801 892 3858 desertum
921 3803 1040 3861 Sin.
1073 3807 1168 3864 Sin
1195 3809 1582 3883 interpretatur
1611 3815 1772 3870 rubus
1824 3816 1938 3872 sive
1967 3821 2204 3878 ιεηιαξῑει.

621 3895 813 3966 Incipit
842 3913 973 3970 ergo
1001 3899 1314 3958 Christiano
1339 3906 1502 3960 ‘militi
1525 3905 1637 3976 jam
1674 3911 2050 3979 prosperitatis
2084 3929 2207 3982 spes

617 3986 888 4054 arridere,
927 3991 1300 4050 collocutionis
1327 3996 1522 4053 divina:
1568 4000 1731 4054 verba
1763 4001 2098 4070 promittere.
2131 4005 2204 4059 De

615 4077 752 4132 rubo
785 4079 1052 4150 siquidem
1084 4084 1344 4142 Dominus
1374 4091 1657 4158 apparuit,
1691 4101 1747 4146 ct
1775 4091 1941 4165 Moysi
1971 4095 2035 4148 ad
2069 4096 2205 4152 lilios

613 4166 778 4226 Israel
817 4173 1057 4242 perferre
1098 4177 1350 4233 mandata
1400 4183 1654 4252 praecepit
1697 4183 1894 4254 (Exod.
1941 4188 2054 4251 mi.
2094 4189 2206 4245 Ill-ie

611 4275 746 4331 ergo
779 4262 873 4318 tibi
899 4265 1058 4322 datur
1085 4271 1364 4338 sperandae
1399 4272 1700 4330 clementia:
1737 4276 1972 4346 signum,
2007 4279 2094 4333 ubi
2129 4277 2204 4333 fa-

616 4361 764 4404 ctum
810 4363 895 4409 est
934 4355 1243 4415 Israeliticae
1291 4363 1617 4419 visitationis
1662 4367 1896 4422 initium.
1942 4368 2047 4424 Sed
2096 4387 2201 4426 non

615 4440 792 4497 otiose
822 4441 918 4496 Sin
959 4447 1124 4501 etiam
1153 4452 1376 4507 tentatio
1404 4453 1620 4510 dicitur.
1654 4454 1801 4512 Solet
1827 4459 1971 4512 enim
2007 4461 2203 4530 saapius

613 4545 668 4590 et
698 4535 750 4589 in
791 4537 1091 4604 visionibus
1119 4542 1450 4602 intervenire
1485 4551 1742 4618 tcntalio,
1789 4552 1917 4606 dum
1959 4569 2208 4608 nonnun-

615 4641 780 4694 quam
810 4627 1034 4698 spiritus
1064 4631 1364 4702 iniquitatis
1399 4639 1750 4706 trsnsligurat
1775 4658 1834 4698 se
1862 4642 1915 4697 in
1954 4644 2203 4712 angelum

616 4714 756 4772 lucis
792 4716 882 4788 (Il
917 4717 1040 4775 Cor.
1084 4722 1184 4794 at).
1223 4724 1290 4778 Et
1319 4725 1442 4782 ideo
1475 4729 1746 4786 subtiliter
1774 4741 1857 4788 est
1894 4735 2164 4803 agendum
2186 4776 2203 4802 ,

621 4819 681 4862 nt
706 4808 1087 4868 discernantur
1103 4830 1300 4886 genera
1322 4817 1610 4876 visionum.
1639 4821 1796 4880 Sicut
1816 4836 1869 4878 et
1890 4823 2015 4881 Jesu
2034 4823 2202 4892 Nave,

619 4918 742 4957 cum
771 4907 1023 4976 angelum
1045 4921 1319 4977 cerneret,
1340 4923 1394 4966 et
1424 4917 1748 4973 tentationes
1778 4917 2066 4988 aliquando
2099 4920 2206 4974 btt-

606 4989 846 5058 jusmodi
879 4997 1175 5054 visionibus
1207 5002 1385 5058 inesse
1413 5005 1717 5065 nullatenus
1744 5009 2045 5078 dubitaret,
2073 5025 2200 5081 pro-

616 5084 763 5139 tinus
790 5086 856 5141 ab
883 5102 950 5142 co
971 5090 1064 5159 qui
1095 5094 1390 5162 apparebat
1432 5098 1745 5167 requisivit,
1775 5101 1960 5156 dicens
1988 5119 2001 5156 :
2035 5121 2053 5153 ι
2091 5100 2202 5156 iia-

616 5181 730 5222 Βίθν
764 5190 824 5222 9.8
850 5218 862 5222 -
914 5196 979 5222 :m
1025 5183 1495 5222 nt‘vPrQ-Irinrnm"
1531 5210 1547 5222 ι
1585 5190 1700 5222 11η.

1749 5208 1779 5222 υ
1806 5191 1823 5222 \
1864 5190 1992 5222 Μαι-οη
2025 5201 2072 5222 ηι
2108 5208 2202 5222 nm.

2303 1906 2458 1960 tuos,
2487 1896 2578 1965 qui
2621 1894 2837 1950 redimit
2865 1893 2930 1948 de
2974 1893 3196 1947 interitu
3226 1891 3390 1945 vitam
3439 1897 3584 1944 tuam
3618 1887 3833 1958 (Ibid.).
3873 1879 3890 1938 ὁ

2299 1986 2553 2058 Languor
2577 1985 2787 2040 scilicet
2829 1984 3051 2048 animae,
3086 1982 3214 2036 vitia
3260 1989 3427 2048 sunt;
3468 1995 3616 2035 mors
3650 1978 3851 2033 anima:
3875 2018 3890 2040 ,

2303 2085 2529 2146 peccata
2553 2073 2856 2130 criminalia
2883 2083 3030 2128 sunt.
3065 2091 3084 2124 ι
3112 2072 3399 2127 Peccatum
3424 2071 3594 2135 enim,
3619 2086 3743 2125 cum
3768 2084 3898 2124 con-

2300 2177 2628 2223 summatum
2657 2167 2844 2229 fuerit,
2875 2173 3098 2236 generat
3126 2175 3354 2219 mortem
3385 2161 3524 2234 (Jac.
3560 2162 3619 2232 ι).
3657 2181 3676 2213 ›

2297 2296 2319 2323 ,
2371 2257 2577 2313 Deinde
2610 2258 2835 2313 veniunt
2868 2258 2922 2311 in
2956 2253 3360 2317 Halus..llalus
3389 2255 3784 2322 interpretatur
3812 2253 3893 2304 lu-

2302 2349 2450 2404 bores
2501 2349 2617 2404 sive
2658 2348 2989 2418 fermentum.
3057 2346 3123 2401 Et
3162 2355 3310 2401 certe
3356 2345 3643 2401 sanitatem
3676 2343 3898 2397 labores

2301 2451 2629 2510 sequuntur;
2676 2441 2931 2511 quoniam
2962 2439 3030 2494 ad
3073 2439 3147 2494 nil
3181 2439 3325 2493 aliud
3369 2439 3654 2493 sanitatem
3701 2445 3896 2490 sancta

2302 2533 2484 2588 anima
2513 2532 2674 2588 debet
2703 2531 3110 2602 concupiscere,
3142 2531 3246 2585 nisi
3279 2539 3338 2584 ut
3369 2528 3528 2601 lu
3554 2527 3767 2582 labores
3795 2542 3900 2596 pro

2303 2624 2416 2678 Deo
2453 2623 2630 2678 valeat
2663 2637 3058 2692 pressurasque
3096 2619 3361 2692 perferre.
3412 2620 3533 2674 Ideo
3570 2633 3763 2687 nempe
3806 2634 3899 2670 so-

2303 2732 2428 2770 crus
2453 2714 2600 2770 Petri
2637 2713 2702 2768 de
2725 2712 2877 2768 febre
2905 2711 3201 2777 convaluit,
3237 2721 3292 2764 ιιι
3321 2696 3544 2764 Domino
3567 2723 3666 2779 per
3692 2706 3898 2761 seduli.-

2298 2810 2432 2877 tatis
2469 2806 2786 2878 obsequium
2831 2805 3164 2860 ministraret
3200 2803 3412 2875 (Matth.
3457 2801 3596 2870 vm).
3633 2798 3761 2855 Ideo
3798 2815 3897 2868 per

2302 2899 2572 2954 Ananiam
2603 2896 2938 2952 sanatus’est
2974 2895 3210 2958 Paulus,
3250 2904 3306 2948 ut
3347 2891 3618 2971 continuis
3654 2899 3897 2962 postmo-

2305 2988 2430 3044 dum
2489 2986 3117 3042 laboribusinsudaret.
3174 2984 3311 3039 Hinc
3373 2992 3455 3038 est
3522 2981 3664 3051 quod
3716 2981 3894 3035 eidem

2305 3077 2528 3134 Ananiae
2561 3078 2628 3134 de
2667 3079 2757 3133 illo
2802 3079 3006 3133 dictum
3049 3096 3061 3131 :
3107 3097 3123 3128 ι
3160 3077 3269 3146 Ego
3299 3076 3441 3131 enim
3489 3073 3773 3128 ostendam
3818 3073 3893 3124 illi

2305 3179 2508 3240 quanta
2532 3177 2776 3240 oporteat
2797 3184 2919 3223 eum
2945 3183 3041 3238 pro
3067 3167 3284 3222 nomine
3315 3180 3434 3220 meo
3458 3165 3567 3235 pati
3591 3164 3729 3234 (Act.
3756 3163 3888 3232 IS).D

2303 3259 2460 3335 Quod
2490 3269 2669 3315 autem
2701 3258 2868 3314 llalus
2896 3258 3062 3313 etiam
3095 3257 3407 3328 {erittantum
3436 3254 3785 3325 interpretari
3814 3254 3895 3306 di-

2306 3353 2470 3417 citur,
2505 3360 2561 3406 et
2595 3341 2725 3407 hinc
2755 3351 2910 3406 nobis
2949 3365 3203 3420 congrua:
3239 3347 3648 3418 significationis
3683 3345 3895 3399 intelle-

2306 3451 2426 3497 ctus
2471 3441 2717 3498 offertur.
2763 3440 2879 3496 Hoc
2924 3449 3010 3495 est
3044 3441 3187 3496 enim
3224 3439 3548 3494 fermentum
3590 3435 3718 3490 illud
3751 3437 3890 3504 qqu

2308 3533 2503 3588 tollens
2545 3531 2741 3586 tnulier
2788 3529 3132 3586 commiscuit
3174 3529 3228 3584 in
3269 3528 3457 3583 farina:
3502 3528 3634 3582 satis
3678 3526 3888 3588 lt‘ibtts,

2306 3623 2478 3678 donec
2538 3619 2958 3676 fermentaretur
3013 3628 3183 3674 totum
3230 3619 3444 3690 (Matth.
3493 3616 3654 3687 xm),
3703 3617 3754 3670 id
3799 3626 3880 3670 est

2306 3722 2554 3768 sanctum
2579 3696 2953 3780 Evangelium.
2987 3711 3041 3764 In
3069 3711 3170 3765 hac
3193 3709 3457 3779 siquidem
3485 3707 3774 3762 solitudine
3799 3723 3891 3776 po—

2305 3805 2464 3877 pnlns
2507 3804 2886 3870 murmuravit,
2920 3811 2973 3860 et
3023 3818 3218 3858 manna
3269 3800 3426 3856 simul
3477 3810 3532 3856 et
3581 3800 3894 3855 coturnices

2307 3895 2538 3967 accepit.
2569 3893 2637 3950 Et
2667 3911 2789 3951 cum
2827 3909 2936 3949 non
2966 3893 3126 3948 modo
3153 3891 3626 3968 fermentum,jsed
3655 3897 3709 3944 et
3733 3903 3892 3944 man-

2304 4005 2374 4042 na
2424 4003 2639 4043 sacrum
2674 3987 2941 4057 signiticet
2992 3985 3372 4056 Evangelium,
3412 3984 3549 4040 miro
3582 3983 3743 4038 modo
3779 3983 3891 4038 lucc

2307 4081 2466 4136 simul
2495 4083 2547 4136 in
2579 4082 2785 4136 decima
2817 4079 3099 4134 mansione
3125 4079 3486 4142 conveniunt,
3519 4086 3574 4131 ut
3609 4083 3732 4145 post
3759 4074 3890 4146 legis

2305 4173 2599 4244 praemissas
2634 4158 2957 4244 Decalogum
2991 4171 3148 4243 panis
3174 4169 3451 4240 Evangelii
3482 4168 3776 4224 succedere
3815 4167 3890 4220 vi-

2303 4267 2516 4321 deatur.
3007 4260 3015 4281 ¹
3173 4319 3176 4326 .
3227 4323 3229 4327 ,
3565 4316 3574 4328 .

2303 4413 2310 4417 .
2377 4359 2508 4414 Post
2537 4359 2655 4416 haec
2694 4357 3003 4414 veniuntin
3039 4354 3332 4427 Rapbidin.
3361 4354 3760 4423 interpretatur
3793 4349 3889 4405 ita.-

2309 4440 2418 4521 que.
2442 4450 2712 4521 Raphidin
2743 4450 2860 4504 laus
2881 4449 3096 4520 judicii.
3129 4447 3195 4502 Et
3224 4453 3371 4502 certe
3397 4445 3532 4500 satis
3557 4442 3806 4512 congruit
3833 4451 3888 4495 nt

2311 4551 2366 4597 et
2410 4541 2562 4596 labor
2603 4541 2890 4597 antecedat
2932 4538 3166 4602 laudem,
3211 4545 3266 4591 et
3310 4536 3428 4590 laus
3449 4534 3731 4605 proveniat
3773 4539 3888 4603 post

2307 4631 2568 4688 laborem.
2600 4629 2797 4686 Verum
2828 4645 2934 4686 non
2966 4629 3334 4700 cujuscunque
3361 4626 3460 4692 rei,
3489 4625 3584 4680 sed
3611 4623 3730 4708 laus
3751 4622 3886 4694 judi-

2310 4726 2403 4791 cii,
2436 4724 2687 4780 videlicet
2721 4724 2786 4778 de
2827 4721 3052 4777 rationis
3080 4719 3286 4789 judicio
3317 4719 3580 4790 prodeat;
3615 4731 3722 4770 non
3773 4713 3885 4769 laus

2311 4832 2432 4887 quae
2480 4817 2546 4871 de
2585 4815 2853 4887 superbia:
2888 4813 3130 4868 vanitate
3169 4811 3429 4882 procedat
3465 4827 3478 4862 :
3527 4827 3544 4859 ι
3585 4804 3884 4878 Spiritualis

2309 4910 2454 4964 enim
2505 4909 2667 4964 homo
2707 4907 2913 4978 judicat
2956 4891 3166 4968 omnia,
3186 4912 3238 4960 et
3283 4919 3314 4956 a
3363 4900 3580 4957 nemine
3617 4897 3882 4966 iudicatur

2309 4999 2361 5072 (I
2392 4997 2517 5054 Cor.
2554 4997 2639 5070 tt).
2669 5017 2689 5051 ι
2733 4995 3100 5067 Reperiuntur
3138 5003 3194 5050 et
3220 4993 3339 5060 alite
3376 4991 3570 5046 horum
3618 4988 3880 5042 nominum

2309 5091 2802 5163 interpretationes.
2848 5089 2952 5145 Sed
2992 5089 3035 5143 si
3074 5097 3266 5144 cuncta
3293 5127 3308 5150 ,
3348 5101 3466 5154 qua:
3509 5083 3664 5138 nobis
3702 5081 3752 5134 in
3790 5080 3879 5134 hac

2307 5183 2528 5222 ηισιηηνίςι
2570 5191 2931 5222 cumannmtur
2990 5178 3384 5222 nmnlN‘limttr-
3416 5173 3522 5222 idm
3561 5188 3670 5222 non
3705 5184 3877 5222 δεητι-
