4052 6312
1117 195 1149 215 L

199 236 337 321 1051

1468 273 1531 329 ιλ
1554 256 1831 329 LIBRUM
1865 272 2148 331 suam.

3328 278 3349 331 l
3360 277 3464 334 038

188 374 380 455 perius
407 386 643 441 diximus
663 429 675 451 ,
710 398 763 443 et
793 387 941 443 Sinai
989 406 1153 444 unum
1185 406 1289 443 non
1332 392 1624 460 ambigitur
1654 403 1774 445 esse
1802 394 1850 449 Α
1880 399 2153 457 perpetuis
2182 402 2455 456 separare.
2483 384 2540 443 Si
2567 404 2692 445 vero
2728 389 2973 446 Rhemou
2994 389 3218 456 Phares,
3249 401 3308 447 ut
3329 393 3460 446 alibi

191 478 500 546 desertum;
534 481 626 534 sed
655 481 748 535 Sin
779 481 978 536 dicitur
1010 483 1124 551 ipsa
1171 482 1441 552 planities,
1472 481 1620 535 Sinai
1650 496 1778 537 vero

190 585 350 626 mons
377 583 461 628 est
491 572 543 627 in
580 572 767 627 eadem
801 572 1204 643 supereminens
1237 572 1563 627 solitudine:
1589 574 1644 627 in
1667 587 1777 642 quo

186 660 451 734 nimirum
497 660 759 716 Dominus
783 661 913 732 legis
945 660 1120 717 edicta
1134 662 1457 733 promulgat,
1484 673 1538 717 et
1567 662 1777 734 Moyses

186 733 607 803 tabernaculum
642 749 871 804 fabricat
900 750 1097 821 (Exod.
1140 767 1243 817 xx,
1277 767 1382 805 xxv
1422 761 1475 805 et
1508 733 1677 823 xxvr).
1711 752 1778 806 Et

187 839 297 894 hoe
339 839 620 910 aptissime
660 841 928 911 congruit,
978 849 1056 905 ut,
1105 851 1392 912 postquam
1440 842 1778 898 rationabilis

184 924 369 983 anima
403 940 609 986 rectum
651 948 715 985 ac
744 946 838 1001 per
868 931 969 986 hoc
1018 931 1283 987 laudabile
1314 934 1539 1002 coeperit
1575 934 1776 989 habere

179 1021 482 1090 judicium,
516 1032 645 1078 tunc
684 1024 737 1079 in
777 1039 834 1078 se
867 1025 974 1078 Deo
1011 1040 1109 1080 suo
1144 1033 1425 1079 construat
1448 1025 1772 1079 tabernacu-

186 1111 415 1179 lu:n,et,
439 1115 597 1185 digna
614 1116 726 1185 jam
750 1117 1024 1172 Creatoris
1050 1116 1622 1188 alloquio,cmlestiutn
1651 1131 1775 1186 per-

186 1204 357 1272 cipiat
388 1207 644 1276 mysteria
682 1207 1084 1262 mandatorum.

256 1291 386 1347 Post
411 1294 526 1349 hmc
546 1294 771 1363 profecti
797 1306 923 1351 sunt
944 1298 1009 1350 ad
1033 1297 1277 1366 sepulcra
1297 1296 1769 1366 concupiscentiae,

179 1385 279 1441 ubi
309 1386 520 1442 scilicet
556 1387 783 1456 pulcher
806 1390 939 1444 ordo
965 1390 1293 1445 contexitur.
1325 1389 1460 1444 Nam
1492 1405 1614 1444 cum
1646 1388 1769 1443 felix

179 1482 364 1535 anima
392 1497 491 1537 suo
515 1482 573 1536 fit
599 1484 1001 1539 tabernaculum
1031 1485 1305 1549 Creatori,
1334 1502 1479 1551 cum,
1503 1487 1771 1542 mandatis

185 1573 387 1628 divina:
416 1573 553 1644 legis
590 1574 955 1645 intenta,jam
978 1578 1204 1646 coeperit
1238 1579 1481 1633 coelestia
1522 1589 1767 1634 contem-

182 1662 323 1731 plari
343 1704 358 1729 ,
390 1678 514 1718 mox
546 1665 886 1719 aestuantium
918 1667 1169 1722 vitiorqu
1196 1669 1360 1723 ardor
1382 1669 1764 1739 exstinguitur,

1882 480 2175 548 reperitur,
2205 480 2333 533 mali
2354 482 2530 550 patrici
2545 483 2730 537 divisio
2752 484 2969 550 dicitur,
2996 499 3093 554 per
3130 483 3230 538 hoc
3275 485 3463 553 procul

1882 569 2047 625 dubio
2074 580 2258 625 sancta
2284 571 2596 642 designatur
2617 573 2877 638 Ecclesia,
2902 590 3022 645 qua:
3048 584 3302 645 tanquam
3320 577 3461 631 mul-

1882 671 1934 715 ta
1964 678 2131 732 grana
2155 677 2262 717 uno
2300 664 2500 719 cortice
2530 666 2789 735 contegit,
2826 667 2952 721 dum
2982 682 3198 723 omnem
3231 668 3462 723 creden-

1878 751 2010 804 tium
2042 754 2254 808 turbam
2270 754 2615 825 iuseparabili
2638 756 2920 813 catholica":
2944 757 3070 814 ﬁdei
3096 759 3305 815 unitate
3327 772 3459 815 con-

1878 842 2066 898 cludit.

1947 934 2148 989 Deinde
2199 944 2483 992 transeunt
2533 936 2840 1000 in‘Lebna.
2872 938 3015 1010 quod
3065 939 3453 1011 interpretatur

1876 1022 2159 1078 denlbatio.
2192 1022 2309 1079 Non
2347 1035 2527 1080 autem
2566 1027 2878 1096 ignoramus
2907 1029 3303 1087 dcalbationem
3347 1032 3450 1085 ali—

1874 1112 2089 1180 quando
2116 1128 2213 1181 pro
2241 1114 2468 1170 crimine
2498 1116 2643 1184 poni,
2670 1118 2810 1171 sicut
2830 1118 3083 1172 dicuntur
3104 1129 3454 1174 monumenta

1876 1202 2120 1257 dealbata
2152 1215 2205 1258 et
2237 1207 2416 1274 paries
2452 1208 2768 1274 dealbatus;
2829 1211 2922 1265 sed
2951 1210 3039 1266 hic
3070 1211 3157 1266 illa
3187 1213 3454 1267 dealbatio

1874 1288 2033 1345 debet
2092 1290 2341 1360 intelligi,
2384 1294 2451 1349 de
2501 1311 2603 1363 qua
2662 1311 2759 1365 per
2809 1297 3004 1352 Isaiam
3057 1298 3303 1353 dicitur:
3341 1317 3358 1350 ι
3393 1299 3450 1353 Si

1873 1380 2073 1437 fuerint
2106 1398 2331 1453 peccata
2362 1396 2537 1439 vestra
2573 1398 2632 1440 ut
2657 1388 2958 1453 coccinum,
2984 1391 3139 1459 quasi
3178 1390 3272 1444 nix
3304 1392 3452 1444 deal-

1871 1471 2163 1537 babuntur,
2194 1482 2249 1527 et
2280 1474 2327 1528 si
2378 1475 2579 1529 fuerint
2622 1479 2786 1531 rubra
2820 1479 2977 1547 quasi
3005 1481 3353 1546 vermiculus,
3393 1492 3453 1537 ut

1872 1561 1991 1616 lana
2018 1563 2137 1618 alba
2165 1575 2321 1622 erun:
2352 1566 2484 1637 (lsai
2515 1569 2618 1637 1);:
2652 1580 2706 1623 et
2730 1571 2781 1624 in
2812 1570 3025 1627 Psalmo
3055 1590 3109 1624 ει
3146 1573 3280 1629 Nive
3308 1575 3454 1628 deal-

1870 1652 2145 1712 babuntur
2194 1657 2246 1711 in
2296 1658 2516 1713 Selmon
2566 1658 2736 1731 (Paul.
2780 1663 2972 1731 vau).
3014 1682 3032 1715 ι
3065 1663 3132 1717 Ει
3162 1663 3216 1717 in
3239 1665 3453 1733 Apoca-

175 1764 231 1806 et
256 1755 435 1809 omnis
460 1756 980 1827 carnalisjllecebra:
1009 1760 1444 1829 concupiscentia
1474 1761 1763 1837 sepelitur;
1798 1759 1843 1819 Β
1872 1742 2008 1815 ῘΥβεί
2042 1764 2054 1799 ε
2093 1764 2111 1797 ί
2146 1746 2331 1817 Capilli
2363 1747 2488 1804 1‘35“
2523 1759 2776 1820 la"quam
2821 1751 2945 1807 13"“
2988 1753 3095 1808 albi
3138 1752 3453 1809 “rerum”?

175 1854 237 1898 ιιι
271 1860 378 1900 non
404 1845 518 1914 jam
545 1863 672 1902 caro
701 1863 761 1902 se
796 1850 1056 1906 adversus
1093 1852 1339 1921 spiritum
1382 1863 1626 1921 moveat,
1658 1871 1766 1911 non

175 1937 443 2015 adversus
467 1953 687 1993 carnem
720 1940 942 2009 spiritus
971 1943 1339 2013 concupiscat.

252 2028 379 2084 lmle
405 2031 666 2085 transitur
690 2031 741 2084 in
766 2032 1017 2099 Aseroth,
1045 2035 1187 2103 quod
1212 2035 1603 2105 interpretatur
1627 2038 1765 2092 atria

177 2118 438 2189 perfecta,
477 2120 559 2174 vel
611 2106 902 2177 beatitudo.
947 2123 1056 2189 Et,
1098 2141 1131 2180 o
1174 2140 1334 2194 quam
1382 2126 1605 2195 pulcher
1631 2128 1765 2184 ordo

173 2210 453 2278 mysterii,
486 2226 648 2280 quam
673 2212 869 2267 decora
902 2212 1073 2269 series
1097 2215 1390 2284 spiritualis
1418 2218 1762 2286 incrementi,

176 2310 260 2363 ut,
288 2310 568 2371 postquam
598 2304 874 2372 sepelieris
899 2308 1368 2375 concupiscentias
1396 2310 1595 2373 carnis,
1624 2326 1765 2380 prte-

172 2400 264 2445 sto
310 2392 594 2461 pervenias
639 2393 704 2445 ad
749 2389 946 2448 atrium
992 2396 1339 2465 perfectionis
1383 2407 1436 2451 et
1482 2401 1761 2467 praemium

174 2481 556 2535 beatitudinis!
588 2482 738 2537 Felix
777 2484 952 2537 anima
984 2503 1102 2556 quae
1136 2488 1298 2541 nullis
1322 2488 1428 2557 jam
1460 2490 1606 2545 viﬁis
1643 2506 1765 2545 car-

176 2570 267 2625 nis
294 2581 534 2641 urgetur,
568 2574 690 2641 quia
730 2590 852 2628 mox
883 2576 950 2630 ad
990 2577 1377 2633 beatitudinem
1406 2581 1761 2651 percipienda:

175 2663 634 2717 remunerationis
664 2665 989 2734 ingreditur!

248 2752 378 2808 Post
429 2754 543 2808 haec
602 2767 863 2810 venerunt
910 2759 961 2812 in
1006 2758 1233 2815 Rethma
1262 2803 1275 2826 ,
1336 2764 1451 2818 sive
1498 2763 1754 2820 Pharam.

180 2840 342 2913 145
391 2842 657 2909 Bethma,
710 2854 767 2898 ut
815 2847 1132 2917 opinamur,
1185 2851 1577 2921 interpretatur
1628 2856 1756 2909 uisio

175 2945 576 2999 consummata;
616 2935 848 2991 Pharam
901 2954 1047 3004 vero,
1090 2940 1289 2994 uisibile
1329 2960 1407 2997 os.
1461 2942 1518 2997 ln
1559 2946 1757 3014 quibus

174 3024 308 3094 quid
330 3024 472 3079 aliud
493 3026 830 3096 intelligitur,
854 3029 954 3082 nisi
981 3039 1036 3083 ut
1059 3040 1245 3085 sancta
1271 3033 1521 3101 quaelibet
1546 3036 1752 3101 anima,

1871 1839 2053 1909 (Apoc.
2098 1841 2160 1911 ι).
2196 1861 2213 1894 ι
2246 1844 2588 1914 Quapropter
2616 1846 2705 1900 hic
2742 1846 3016 1901 dealbatio
3058 1848 3449 1903 convenienter

1869 1931 2189 2005 intelligitur
2227 1936 2292 1991 de
2337 1952 2478 1992 verae
2524 1937 2662 1993 lucis
2702 1939 2986 2007 splendore
3027 1940 3246 2009 prodire
3284 1950 3340 1995 et
3382 1939 3450 1992 de

1868 2038 2093 2080 summa:
2116 2027 2339 2082 visionis
2359 2028 2610 2083 claritate
2626 2030 2975 2085 descendere.
2999 2022 3217 2098 Quodsi
3239 2030 3446 2095 Lebna,

1867 2121 1928 2167 u‘.
1953 2114 2172 2183 quidam
2196 2116 2403 2183 dicunt,
2436 2117 2489 2171 in
2520 2116 2732 2173 laterem
2765 2120 3014 2185 vertitur,
3060 2122 3113 2175 in
3159 2136 3270 2191 quo
3294 2121 3445 2176 vide-

1864 2203 1993 2259 licet
2020 2220 2184 2276 Opere
2212 2207 2545 2264 lsraeliticus
2582 2210 2633 2262 in
2663 2208 2899 2280 Egypto
2946 2212 3172 2282 populus
3221 2222 3445 2269 coactus

1864 2303 1947 2348 est
1970 2294 2240 2359 laborare,
2278 2297 2380 2351 hoc
2410 2298 2569 2354 datur
2597 2299 2824 2368 intelligi
2858 2302 3010 2369 quia,
3051 2303 3192 2357 sicut
3220 2301 3295 2358 illi
3322 2313 3444 2372 post

1868 2394 1974 2440 tam
2000 2387 2246 2442 sublimia
2275 2390 2390 2445 loca
2416 2402 2604 2450 rure-ts
2629 2392 2683 2445 in
2711 2391 2933 2449 laterem
2957 2395 3194 2459 veniunt,
3223 2396 3294 2448 ita
3321 2410 3439 2458 nos,

1864 2477 2100 2546 quandiu
2144 2478 2196 2531 in
2237 2477 2397 2546 hujus
2428 2467 2614 2537 mundi
2642 2482 2858 2534 deserto
2887 2482 3318 2553 peregrinantur,
3350 2500 3457 2539 nor

1868 2566 2125 2622 cessitate
2139 2568 2813 2638 compellimuralitpiaado
2841 2584 2869 2626 a
2888 2573 3115 2627 summis
3137 2574 3326 2629 adima
3348 2574 3443 2629 de-

1862 2646 2145 2724 scendere,
2167 2667 2221 2713 et
2241 2676 2270 2713 a
2286 2659 2655 2730 spiritaalibus
2678 2662 2744 2716 ad
2770 2672 2997 2718 terrenae
3019 2665 3251 2722 actionis
3271 2680 3441 2740 opera

1862 2749 2271 2818 trausmigrare.
3448 2756 3454 2763 ’

1930 2839 2061 2896 Post
2089 2842 2202 2896 lucc
2225 2844 2448 2897 veniunt
2498 2843 2547 2898 in
2578 2844 2744 2897 Ressa
2765 2885 2779 2911 ,
2811 2846 2952 2915 quod
2984 2848 3217 2917 infrenos
3266 2852 3432 2905 verti-

1864 2937 1976 2996 tur,
2000 2939 2056 2985 et
2081 2948 2184 2985 non
2215 2931 2529 3001 incongrue.
2558 2932 2613 2987 Si
2638 2935 2779 2987 enim
2804 2944 2920 3004 post
2944 2935 3291 3005 perfectionis
3326 2939 3439 2992 cul-

1860 3036 1981 3076 men
2040 3024 2108 3075 ad
2171 3036 2334 3091 opera
2385 3022 2643 3077 lutulenta
2684 3024 3086 3089 descendimus.
3139 3027 3437 3097 disciplinas

175 3128 300 3184 poSt
336 3106 571 3185 sepultas
615 3116 728 3187 jam
774 3120 950 3173 carnis
983 3122 1466 3190 concupiscentias,
1497 3124 1754 3193 perducta

1860 3112 2087 3168 nexibus
2134 3120 2190 3167 et
2235 3113 2565 3181 pmnitentize
2613 3114 2741 3168 loris
2766 3115 3069 3170 infrenandi
3119 3133 3334 3182 sumus,
3369 3133 3437 3171 ne

168 3207 285 3274 jam
327 3206 395 3261 ad
438 3207 632 3260 atrium
661 3207 1025 3276 perfectionis,
1056 3227 1246 3266 secura
1276 3215 1341 3267 de
1372 3217 1595 3283 prtemio
1628 3217 1759 3271 bea-

174 3299 447 3365 titudinis,
496 3300 562 3353 ad
594 3309 1024 3356 consummatam
1058 3319 1179 3357 mox
1232 3304 1325 3359 Dei
1359 3305 1621 3362 visionem
1661 3324 1757 3364 ve-

179 3391 316 3454 niat,
351 3387 573 3459 ejusque
629 3390 839 3446 visibile
881 3405 963 3453 os,
1019 3392 1122 3447 hoc
1150 3403 1233 3447 est
1304 3406 1622 3465 praesentem
1660 3398 1755 3454 Dei

176 3480 435 3549 speciem,
468 3481 691 3535 cernat?
726 3500 744 3533 ι
781 3481 931 3538 Nunc
953 3483 1096 3538 enim
1137 3484 1381 3541 videmus
1428 3501 1579 3552 eum,
1615 3488 1757 3545 sicut

175 3569 310 3624 dicit
353 3570 660 3639 Apostolus,
712 3571 762 3624 in
817 3571 1033 3639 speculo
1081 3582 1136 3628 et
1184 3574 1236 3628 in
1276 3576 1583 3645 :enigmate,
1628 3587 1756 3634 tunc

176 3670 358 3713 autem
390 3660 527 3715 facie
552 3661 617 3713 ad
650 3659 875 3727 faciem;
912 3672 965 3716 et
995 3678 1140 3717 nunc
1177 3679 1447 3734 cognosco
1473 3681 1539 3720 ex
1570 3677 1751 3736 parte,

179 3760 305 3804 tunc
359 3762 537 3805 autem
583 3767 905 3823 cognoscam
958 3754 1097 3807 sicut
1139 3764 1192 3808 et
1246 3758 1493 3821 cognitus
1540 3774 1656 3811 sum
1698 3758 1752 3829 (Ι

172 3841 298 3895 Cor.
330 3842 471 3907 xiii).
507 3861 526 3894 ι
562 3842 689 3909 Qua:
721 3854 896 3898 tamen
927 3845 1106 3897 omnia
1146 3848 1272 3914 quia
1301 3848 1473 3899 sancti
1505 3848 1750 3916 quilibet,

175 3929 228 3984 in
260 3946 422 3985 carne
445 3933 743 3998 constituti,
789 3934 991 3987 habere
1020 3945 1299 4001 nequeunt
1328 3936 1560 4003 pleniter
1584 3937 1636 3989 in
1668 3952 1749 4004 re,

167 4022 282 4090 jam
322 4024 521 4078 habent
550 4025 601 4077 in
626 4041 756 4094 spe;
792 4022 952 4095 quam
987 4026 1197 4079 scilicet
1226 4040 1373 4094 spem
1397 4024 1510 4093 jam
1555 4026 1751 4082 firmis-

171 4117 363 4171 simam
412 4126 612 4183 tenent,
646 4118 774 4187 quia
817 4118 1081 4187 Spiritum
1128 4131 1396 4183 sanctum,
1438 4119 1527 4189 qui
1573 4135 1665 4175 eos
1693 4121 1747 4176 in

168 4206 297 4261 vita:
325 4208 482 4277 hujus
516 4207 786 4264 laboribus
824 4212 1062 4273 roborat,
1111 4212 1306 4283 pignus
1337 4215 1557 4270 habent.
1598 4212 1747 4271 Unde

167 4304 225 4353 et
254 4295 342 4351 illa
373 4297 767 4367 interpretatio,
798 4316 900 4371 qua
935 4302 1159 4357 Rcthma
1217 4306 1417 4359 sonitus
1464 4307 1577 4361 sive
1602 4307 1746 4377 juni-

165 4402 321 4456 perus
356 4387 573 4453 dicitur,
594 4404 698 4442 non
726 4390 1019 4461 incongrua
1039 4391 1337 4459 judicatur.
1366 4394 1568 4452 Ferunt
1594 4400 1739 4454 enim

1861 3218 2118 3272 vagemur
2149 3220 2246 3273 per
2276 3205 2501 3275 abrupta
2532 3206 2865 3276 praecipites,
2890 3208 2981 3261 sed
3010 3208 3119 3263 cito
3150 3209 3435 3265 redeamus

1814 3318 1817 3321 -
1860 3296 1927 3347 ad
1968 3302 2242 3348 consuetae
2292 3294 2569 3349 munditiae
2602 3294 2761 3367 148
2810 3297 3121 3367 puritatem.
3167 3298 3436 3369 interpre-

1859 3394 2005 3440 tatur
2033 3387 2197 3441 etiam
2230 3387 2399 3441 Ressa
2461 3389 2677 3448 visibilis
2721 3389 2832 3442 sive
2875 3389 3156 3444 laudabilis
3192 3394 3430 3449 tentatio.

1858 3479 2115 3547 Quamvis
2140 3481 2286 3535 enim
2316 3496 2468 3535 mens
2495 3480 2783 3550 cujuslibet
2805 3479 2936 3550 justi
2967 3483 3067 3543 viri
3085 3481 3201 3550 jam
3228 3484 3295 3538 ad
3318 3484 3432 3547 alta

1854 3572 2123 3643 proficiat,
2149 3572 2445 3628 tentatione
2475 3581 2653 3628 tamen
2677 3573 2852 3628 adhuc
2876 3573 2930 3627 in
2956 3568 3063 3629 ima
3093 3566 3428 3645 deprimitur,

1854 3679 1922 3718 ne
1951 3679 2047 3734 per
2085 3672 2350 3718 tumorem
2376 3663 2645 3735 superbiae
2676 3666 2742 3719 de
2787 3664 3080 3720 virtutibus
3108 3665 3427 3720 extollatur.

1856 3753 2116 3808 Stimulus
2148 3755 2292 3809 enim
2344 3755 2658 3809 tentationis
2688 3756 2754 3810 ad
2802 3756 3097 3811 custodiam
3147 3755 3433 3813 adhibetur

1854 3844 2194 3898 humilitatis.
2228 3844 2381 3898 Unde
2410 3846 2542 3899 dicit
2589 3845 2912 3913 Apostolus:
2960 3865 2977 3896 ι
3014 3846 3089 3899 Ne
3117 3848 3430 3916 magnitudo

1853 3931 2239 3985 revelationum
2272 3931 2495 3986 extollat
2536 3948 2653 3997 me,
2685 3934 2845 3987 datus
2874 3941 2958 3987 cst
3005 3935 3138 3987 mihi
3175 3935 3425 3989 stimulus

1851 4022 2033 4075 carnis
2089 4036 2252 4087 mea},
2302 4022 2525 4093 angelus
2572 4022 2823 4087 Satanae,
2878 4031 2937 4077 ut
2986 4040 3073 4078 me
3126 4025 3430 4095 colaphizet

1851 4112 1935 4184 (II
1968 4112 2090 4167 Cor.
2123 4114 2243 4185 xu).
2276 4133 2295 4166 ι
2333 4114 2460 4170 Haec
2490 4130 2620 4186 ergo
2649 4116 2873 4170 tentatio
2913 4114 3141 4171 visibilis
3166 4124 3271 4181 est,
3298 4117 3425 4187 quia

1848 4205 2166 4273 manifesta;
2196 4206 2501 4273 laudabilis,
2526 4208 2652 4277 quia
2680 4206 2979 4263 salutifera.

1872 4370 1875 4373 _
1916 4296 2045 4352 lude
2095 4297 2367 4369 progressi
2412 4298 2711 4354 veniuntin
2739 4298 3029 4365 Ceelatha,
3060 4300 3204 4369 quod
3247 4300 3420 4353 inter-

1844 4398 2089 4460 pretatur
2112 4388 2382 4457 Ecclesia;
2411 4402 2471 4446 ut
2497 4388 2755 4448 videlicet
2773 4393 3048 4448 instabiles
3079 4394 3301 4462 quique,
3327 4392 3419 4462 qui

162 4474 371 4545 lignum
414 4479 514 4533 hoc
550 4480 729 4547 ignem
766 4481 819 4534 in
861 4497 918 4537 se
947 4483 1104 4551 longo
1129 4492 1370 4555 tempore
1397 4503 1741 4560 conservare,

1858 4495 1908 4536 se
1950 4496 2046 4551 per
2092 4482 2344 4535 vitiorum
2382 4483 2611 4552 abrupta
2665 4484 3067 4554 prmeipitauter
3117 4481 3419 4554 impellunt,

160 4566 302 4622 adeo
348 4577 407 4622 ut
436 4568 478 4622 si
513 4585 699 4639 pruna:
746 4571 861 4640 ejus
904 4570 1107 4627 fuerint
1147 4574 1418 4631 cineribus
1448 4580 1739 4649 adoperta},

161 4672 339 4728 usque
387 4659 454 4713 ad
487 4675 685 4714 annum
726 4662 906 4732 ignitae
935 4666 1269 4733 perveniant.
1298 4666 1431 4733 Quia
1460 4682 1590 4740 ergo
1620 4672 1741 4743 Spi-

158 4749 304 4803 ritus
348 4759 587 4814 sanctus,
631 4752 769 4807 sicut
813 4754 1028 4824 legitur,
1060 4756 1343 4811 scientiam
1378 4760 1542 4815 habet
1589 4765 1738 4825 vocis

156 4837 314 4910 (Sap.
357 4841 416 4909 ι),
444 4850 498 4895 et
539 4842 590 4895 in
632 4845 901 4913 apostolos
949 4848 1143 4900 missus
1170 4859 1252 4900 est
1290 4846 1343 4902 in
1376 4852 1556 4917 specie
1600 4853 1739 4923 ignis

158 4929 303 4999 (Act.
332 4930 415 5000 ιι),
448 4932 563 4986 luce
610 4933 1004 5001 interpretatio,
1032 4952 1134 5004 qua
1162 4936 1386 4991 Rctluna
1416 4942 1625 4998 sonitus
1653 4945 1735 5000 vel

150 5020 439 5090 juuiperus
462 5022 969 5095 dicitur,aptissime
996 5025 1221 5097 Spiritui
1245 5040 1432 5087 sancto
1448 5036 1736 5094 convenire

156 5112 377 5166 videtur
600 5122 603 5125 ‘

236 5203 371 5258 Hinc
397 5206 578 5275 itaque
599 5206 846 5279 digressi,
872 5212 1240 5265 castrametati
1265 5221 1387 5267 sunt
1410 5210 1461 5268 in
1491 5215 1737 5272 Ithemon

155 5291 399 5359 Phares;
439 5296 581 5365 quod
635 5297 776 5367 apud
827 5314 924 5354 nos
958 5296 1159 5354 excelsa
1204 5302 1465 5356 intercisio
1512 5304 1731 5361 dicitur.

158 5383 300 5438 Nam
346 5400 466 5440 cum
514 5388 710 5442 anima:
774 5391 1049 5444 redeuntis
1101 5391 1168 5445 ad
1215 5390 1382 5445 Deum
1430 5393 1734 5450 intellectus

161 5486 423 5547 augetur,
456 5492 579 5531 mox
607 5478 657 5532 ei
687 5478 845 5532 datur
868 5479 1105 5549 perfecta
1140 5480 1352 5545 notitia,
1382 5495 1485 5550 qua
1529 5483 1735 5537 scilicet

160 5570 381 5626 excelse
410 5578 571 5639 atque
600 5570 900 5625 sublimiter
930 5571 1080 5626 novit
1106 5582 1162 5626 et
1189 5583 1404 5629 terrena
1434 5587 1464 5626 a
1502 5573 1743 5628 caelesti-

163 5665 266 5722 bus
293 5665 637 5733 intercidere,
663 5675 715 5720 ct
744 5665 950 5721 caduca
980 5665 1230 5738 quazlibct
1261 5682 1323 5723 ac
1362 5666 1677 5722 transitoria
1707 5684 1735 5721 a

1845 4588 2015 4627 sacrae
2056 4572 2351 4644 Scriptura:
2393 4574 2563 4629 f:enis
2590 4576 2647 4631 in
2694 4576 2989 4631 Ecclesiam
3034 4578 3415 4639 retrahantur;

1842 4667 1979 4730 sive.
2007 4669 2148 4739 quod
2182 4668 2285 4722 alia
2319 4677 2463 4723 tenet
2479 4671 2663 4734 editio,
2683 4669 2981 4732 Machehat,
3006 4668 3148 4736 quod
3174 4677 3253 4721 est
3269 4669 3417 4737 priu-

1842 4764 2046 4834 cipatus
2076 4763 2251 4833 virgae.
2300 4764 2454 4831 Quod
2498 4772 2788 4832 utrumque
2828 4769 3154 4831 potestatem
3200 4760 3414 4813 videtur

1841 4854 2167 4925 exprimere.
2208 4852 2367 4913 Cazni
2411 4854 2628 4924 quippe,
2652 4855 2741 4924 qui
2776 4861 3034 4916 tentatur,
3071 4864 3292 4904 necesse
3330 4858 3417 4902 est

1838 4951 1899 4997 ut
1930 4944 2225 5011 praesidens
2257 4943 2479 5012 spiritus
2502 4943 2853 5012 principetur,
2887 4950 2965 5007 ut,
2998 4956 3119 4996 cum
3157 4939 3242 4992 illa
3276 4936 3415 5002 abji-

1840 5030 1947 5085 ciat
1976 5034 2231 5101 pugnam,
2261 5031 2364 5086 iste
2388 5031 2543 5098 quasi
2594 5030 2823 5100 desuper
2863 5030 3097 5088 iutentet
3134 5026 3415 5081 minaciter

1839 5112 2072 5191 virgam.
2100 5120 2224 5174 dum
2251 5120 2413 5189 rigidi
2444 5120 2670 5177 terroris
2693 5117 2916 5175 adhibet
2939 5115 3307 5185 disciplinam.

1834 5226 1835 5229 ‘
1912 5210 2121 5267 Exinde
2163 5210 2381 5264 venitur
2416 5210 2472 5263 in
2514 5220 2751 5263 montem
2778 5208 2986 5277 Sepher
3038 5208 3153 5261 sive
3181 5205 3410 5276 Sephar,

1842 5302 1984 5372 quod
2014 5300 2317 5356 tubicimttio
2346 5298 2665 5368 appellatur.
2692 5295 2872 5362 Tuba,
2911 5296 3118 5365 signum
3148 5305 3231 5350 est
3265 5297 3412 5351 belli.

1842 5392 2023 5463 Equus
2034 5391 2177 5444 enim
2194 5388 2285 5443 Dei
2307 5406 2325 5438 ι
2343 5386 2832 5453 odoraturbellum,
2849 5395 2901 5440 et
2914 5399 3033 5441 cum
3048 5381 3431 5483 audieritbucj

1842 5484 2043 5541 cinam.
2059 5479 2189 5535 dicit
2211 5480 2313 5533 vah
2331 5495 2345 5545 ;
2361 5498 2378 5531 ι
2398 5488 2454 5535 et
2466 5479 2621 5534 miles
2633 5478 2856 5542 Christi,
2874 5491 2994 5531 cum
3011 5491 3069 5532 se
3082 5484 3417 5545 persenser.t

1842 5574 2094 5628 vittorum
2119 5566 2486 5642 ingruentium
2520 5568 2813 5623 testatione
2842 5566 3121 5633 vallatum,
3157 5565 3412 5617 virtutum

1840 5664 2089 5738 protinus
2121 5676 2270 5718 anna
2303 5661 2625 5731 corripiens,
2652 5660 2894 5730 procedit
2917 5659 2984 5714 ad
3007 5657 3227 5721 bellum,
3249 5665 3303 5709 et
3326 5670 3416 5708 coe-
