4052 6312
640 317 776 378 {359

1527 317 2025 374 COLLECTANEA
2053 319 2117 374 IN
2149 318 2378 376 VETUS
2417 317 2954 375 TESTAMENTUM.

3779 321 3912 378 {060

633 437 820 494 minus
852 434 902 487 in
930 431 1069 488 bella
1091 430 1461 501 congreditur,
1492 446 1578 495 ne,
1606 432 1862 502 degeneri
1893 441 2110 502 torpore
2133 446 2222 487 so-
2249 445 2296 498 Α
2331 451 2349 484 ι
2384 432 2600 488 Utinam
2625 435 2961 503 dirumperes
2988 430 3154 487 caelos
3179 440 3234 486 ct
3261 431 3643 497 descenderes,
3665 443 3725 487 et
3751 434 3909 506 lique-

641 527 804 588 latus,
838 525 905 578 ab
927 522 1254 576 adversariis
1276 519 1434 575 facile
1459 521 1776 590 perimatur,
1802 530 1856 575 et
1879 533 2004 576 tunc
2022 522 2225 591 poterit

643 615 938 685 gloriosius
962 614 1087 669 tuba
1104 627 1324 674 canere,
1341 613 1442 666 hoc
1456 621 1541 665 est
1563 614 1629 666 ad
1647 613 1925 681 spirituale
1945 621 2222 667 certamen

581 740 591 755 .
639 716 696 760 et
733 704 870 758 alios
903 717 1220 774 provocare.

710 797 862 852 Unde
897 796 1010 851 illic
1050 797 1250 851 dicitur
1297 796 1447 864 quia,
1496 795 1622 849 inde
1661 793 1914 864 profecti,
1954 805 2223 850 venerunt

640 888 695 940 in
745 887 980 950 llarada,
1021 887 1158 949 sive,
1185 885 1328 954 quod
1359 867 1485 938 alibi
1528 885 1744 948 dicitur,
1792 885 1843 937 in
1887 884 2219 950 Charadath,

636 977 782 1047 quod
811 977 862 1028 in
894 983 1078 1028 nostra
1109 975 1290 1043 lingua
1323 982 1479 1026 sonat
1505 973 1724 1025 idoneus
1754 973 1989 1042 c/fectus,
2022 983 2082 1026 ut
2107 975 2221 1042 ipse

638 1065 896 1119 nimirum
933 1063 1042 1131 jam
1076 1063 1400 1131 prmdicator
1424 1061 1618 1123 lactus,
1654 1063 1848 1115 merito
1877 1062 2056 1115 valeat
2094 1078 2219 1116 cum

555 1191 565 1201 .
638 1155 896 1224 Apostolo
926 1154 1109 1206 dicere
1139 1169 1153 1205 ;
1188 1171 1204 1203 ί
1237 1151 1390 1218 Quod
1423 1152 1649 1204 idoneos
1673 1166 1769 1205 nos
1793 1148 1922 1204 fecit
1944 1151 2222 1205 minisu'os

643 1242 778 1297 Novi
821 1241 1153 1296 Testamenti
1187 1239 1270 1309 (II
1301 1238 1422 1292 Cor.
1463 1239 1569 1308 tu).
1610 1258 1628 1290 ι

713 1336 820 1391 Sed
867 1344 922 1388 et
960 1334 1081 1387 inde
1130 1333 1559 1401 proﬁciscentes,
1608 1330 1836 1385 veniunt
1873 1330 1923 1384 in
1955 1331 2218 1396 Macelot;

649 1431 797 1500 quod
831 1428 1220 1495 interpretatur
1243 1426 1306 1477 ab
1335 1425 1502 1476 initio.
1534 1423 1792 1492 Quisquis
1822 1424 1965 1477 enim
1998 1425 2066 1477 ad
2098 1441 2221 1493 per-

640 1519 891 1573 fectionis
940 1531 1205 1570 sun'unam
1247 1515 1548 1573 contendit.
1581 1517 1824 1567 omnium
1857 1530 2039 1568 rerum
2084 1531 2221 1569 con-

638 1607 927 1676 templatur
975 1606 1225 1669 initium,
1280 1607 1405 1658 dtttn
1455 1614 1647 1657 cuncta
1689 1605 1959 1658 viscerum
1999 1619 2220 1659 suorum

635 1708 763 1754 vota
797 1698 1066 1754 convertit
1107 1699 1172 1750 ad
1217 1697 1406 1749 Deum.
1438 1695 1507 1749 Et
1535 1695 1662 1749 dum
1692 1709 1790 1748 cor
1818 1694 1885 1748 ad
1925 1695 2219 1749 Auctorem

2323 524 2514 580 ﬁerent
2548 534 2757 600 montes
2787 541 2815 577 a
2851 524 2987 578 facie
3019 525 3132 577 tua!
3175 543 3192 574 ι
3228 521 3379 590 (Isai.
3416 521 3547 591 Ltv.)
3581 522 3762 589 Quam
3798 541 3911 596 gra.

2325 617 2466 670 viter
2496 617 2635 671 hanc
2663 633 2866 670 moram
2893 604 3100 670 ferebat
3135 615 3222 668 ille
3255 613 3345 684 qui
3377 613 3593 668 dicebat
3624 633 3636 667 z
3697 634 3718 665 ι
3750 616 3909 686 Cupio

2324 707 2551 760 dissolvi
2605 716 2658 761 et
2709 723 2828 761 esse
2883 723 3008 761 cum
3058 706 3278 760 Christo
3328 705 3550 776 (Philip.
3581 705 3644 776 ι),
3687 725 3707 757 ι
3751 710 3910 761 multo

2324 798 2496 866 magis
2529 797 2748 850 melius!
2777 796 2871 851 Sin
2906 806 3086 850 autem
3115 811 3143 848 a
3174 795 3352 850 Senna
3382 796 3597 850 dicatur
3626 799 3778 866 quod
3801 816 3912 851 oua

2324 887 2626 957 signiﬁcat,
2660 888 2762 941 hoc
2793 889 2862 941 ad
2899 889 3064 942 robur
3099 868 3422 941 constantia:
3471 888 3709 956 pertinet
3731 931 3746 950 ,
3777 893 3913 958 quod

2324 994 2547 1032 necesse
2562 988 2645 1033 est
2671 990 2726 1031 ιιι
2754 979 2954 1033 Christi
2977 991 3188 1034 amator
3215 978 3434 1044 habeat,
3455 995 3522 1035 ne
3549 995 3651 1049 per
3674 997 3914 1038 amorem

2327 1070 2562 1123 nimium
2600 1071 2889 1139 impatiens
2919 1071 3036 1125 ﬁat.

2394 1159 2531 1214 Hinc
2567 1160 2681 1228 jam
2731 1161 2996 1213 transitur
3023 1161 3075 1214 in
3109 1160 3406 1226 Moseroth,
3434 1161 3577 1231 quod
3605 1163 3914 1233 signiﬁcare

2323 1259 2544 1319 putatur
2569 1251 2868 1304 excitu/ens.
2901 1252 3096 1305 Anima
3124 1253 3340 1321 quippe,
3375 1269 3493 1321 quae
3521 1256 3590 1307 ad
3613 1254 3912 1324 perfectum

2328 1340 2525 1410 Spousi
2557 1341 2640 1394 sui
2671 1356 2912 1396 amorem
2939 1343 3206 1410 pervenit,
3235 1343 3564 1398 tcutationes
3585 1359 3616 1397 a
3647 1359 3713 1398 se
3739 1345 3912 1400 callidi

2325 1433 2662 1502 corruptoris
2702 1433 2961 1488 excludit.
3008 1433 3158 1489 Unde
3187 1446 3241 1487 et
3271 1435 3562 1503 Apostolus
3595 1455 3610 1489 :
3646 1455 3667 1487 ι
3712 1436 3907 1502 Nolite,

2326 1525 2518 1592 inquit,
2568 1523 2746 1579 locum
2797 1527 2929 1580 dare
2977 1525 3190 1580 diabolo
3227 1525 3445 1596 (Epltes.
3478 1529 3578 1598 tv).
3619 1547 3637 1578 ›
3674 1527 3833 1595 Quod
3869 1530 3911 1584 si

2325 1615 2629 1680 Moseroth,
2670 1615 2826 1684 juxta
2875 1619 3171 1685 quosdam,
3226 1618 3620 1686 interpretatur
3686 1619 3911 1687 vincula,

2326 1724 2491 1763 sanus
2539 1723 2638 1777 per
2691 1709 2872 1762 omnia
2934 1719 2987 1762 et
3018 1725 3290 1780 congruos
3327 1709 3637 1766 intellectus
3697 1711 3909 1769 elucet:

635 1803 795 1844 suum
840 1788 1044 1858 jngiter
1071 1787 1279 1855 dirigit,
1332 1800 1569 1839 arcrunt
1615 1785 1857 1838 onmittm
1906 1785 2062 1839 initio
2109 1801 2216 1840 non

2326 1801 2583 1854 nimirum
2618 1810 2806 1854 sancta
2838 1801 3091 1869 quaelibet
3121 1800 3326 1865 anima,
3355 1817 3475 1870 qua:
3503 1803 3720 1857 cmlesti
3751 1803 3914 1873 Spon-

633 1881 862 1935 reccdit.
891 1878 1010 1943 Vel,
1043 1878 1089 1932 si
1117 1877 1407 1940 Maceloth,
1437 1887 1494 1929 ut
1522 1877 1740 1946 quidam
1772 1879 2038 1942 sentiunt,
2069 1879 2213 1932 dica-

635 1979 724 2024 tur
756 1984 877 2024 eSse
904 1979 1209 2032 conventus,
1241 1984 1338 2038 per
1368 1968 1470 2022 hoc
1511 1967 1754 2023 Ecclesia
1783 1968 2127 2039 intelligitur,
2160 1969 2213 2024 in

633 2076 742 2131 qua
792 2060 1050 2114 videlicet
1100 2075 1128 2112 a
1173 2060 1388 2114 cunctis
1416 2060 1664 2116 ﬁdelibus
1693 2061 2028 2116 convenitur.
2063 2061 2218 2117 Unde

634 2155 889 2210 canitur:
923 2170 941 2206 ι
974 2153 1114 2207 Ecce
1163 2169 1330 2222 quam.
1381 2154 1583 2208 bonum
1626 2163 1680 2208 et
1719 2171 1878 2224 quam
1915 2152 2216 2221 jucundum

636 2244 885 2300 habitare
931 2243 1127 2298 fratres
1163 2244 1214 2298 itt
1245 2245 1436 2297 unum!
1476 2263 1494 2296 ι
1535 2241 1707 2314 (Paul.
1737 2244 1968 2316 cxxxu.)

713 2336 918 2392 Deinde
945 2337 1158 2390 venitur
1195 2337 1247 2390 in
1274 2336 1508 2402 'l'haath,
1535 2335 1620 2389 vel
1653 2337 1794 2390 sicut
1835 2336 1965 2391 alibi
1996 2336 2215 2408 legitur,

637 2428 692 2482 in
722 2428 925 2492 Caatlt,
967 2428 1108 2497 quod
1153 2436 1237 2481 est
1264 2427 1516 2496 patientia
1552 2426 1637 2480 vel
1674 2427 2028 2496 conﬁrmatio.
2060 2428 2222 2494 Quis-

636 2518 760 2588 quis
787 2519 931 2571 enim
955 2517 1229 2572 desiderat
1259 2529 1461 2570 terram
1486 2516 1782 2570 viventium
1811 2532 1907 2586 per
1934 2519 2218 2586 praesentis

637 2607 765 2662 vitae
797 2607 1008 2662 labores
1036 2608 1268 2678 ingredi,
1307 2623 1530 2662 necesse
1555 2618 1641 2662 est
1673 2621 1796 2661 cum
1835 2609 1900 2662 ad
1937 2609 2218 2663 toleranda

637 2698 824 2753 mundi
875 2699 1116 2768 pericula
1169 2713 1265 2765 per
1306 2698 1624 2768 patientiam
1673 2698 2006 2752 conﬁrmari.
2043 2697 2140 2754 Vel
2171 2698 2218 2753 si

636 2787 868 2851 Thaath,
896 2795 953 2840 ut
976 2803 1006 2841 a
1034 2787 1354 2856 quibusdam
1382 2787 1600 2850 dicitur,
1623 2787 1854 2840 vertitur
1878 2787 1930 2840 in
1953 2804 2216 2856 pavorem,

639 2879 854 2934 dicatur
875 2879 1165 2947 unicuique
1189 2879 1439 2938 cet-tanti,
1464 2877 1548 2929 vel
1565 2875 1677 2944 jam
1703 2876 1842 2930 forte
1871 2893 1966 2946 per
1979 2879 2220 2932 divinam

637 2969 866 3038 gratiam
898 2967 1296 3038 triumphanti:
1336 2984 1355 3018 ι
1392 2965 1510 3020 Noli
1533 2967 1702 3020 altum
1738 2969 2064 3037 saperc,sed
2091 2969 2221 3024 time

638 3055 818 3126 (Rom.
845 3059 947 3127 XI).
985 3076 1002 3109 ι

709 3151 838 3216 Sed,
875 3151 996 3205 inde
1021 3148 1278 3220 profecti,
1303 3149 1526 3205 veniunt
1558 3149 1611 3203 in
1644 3149 1844 3217 Thare,
1859 3151 2008 3221 quod
2034 3150 2220 3206 Grmce

637 3241 852 3308 quidem
889 3243 1112 3296 exstasis
1136 3242 1543 3310 interpretatur,
1577 3242 1630 3296 in
1665 3254 1848 3299 nostra
1879 3259 2010 3298 vero
2037 3244 2221 3313 lingua

638 3331 838 3387 dicitur
893 3331 1283 3401 contemplatio.
1329 3330 1679 3400 Consequens
1707 3342 1790 3387 est
1817 3333 1960 3387 enim
1991 3342 2049 3386 ttt
2076 3334 2225 3402 quis-

638 3426 762 3496 quis
787 3437 944 3478 antea
970 3425 1228 3494 probatur
1253 3439 1349 3492 per
1373 3426 1709 3493 patientiam,
1740 3425 1966 3493 proinde
1998 3424 2064 3479 ad
2088 3440 2219 3478 con-

639 3517 1003 3588 templationis
1028 3517 1303 3587 perveniat
1329 3517 1586 3583 gratiam;
1614 3525 1670 3572 et
1687 3517 1777 3586 qui
1805 3517 1954 3586 prius
1976 3517 2029 3571 in
2055 3517 2221 3571 tribu-

637 3607 838 3664 latione
862 3608 1204 3676 deprimitur,
1241 3605 1394 3678 147
1421 3607 1758 3676 postmodum
1783 3607 1848 3660 ad
1888 3607 2114 3660 visionis
2137 3608 2218 3660 in-

639 3697 786 3753 tima:
815 3698 1057 3751 lmtitiam
1104 3697 1438 3750 sustollatur.
1485 3697 1581 3750 Sin
1615 3706 1797 3750 autem
1846 3694 2047 3758 Thare,
2080 3695 2224 3750 sicut

639 3793 859 3864 quidam
893 3799 1112 3860 putant,
1144 3791 1339 3843 astutia
1373 3789 1454 3844 vel
1502 3788 1705 3842 malitia
1756 3789 1919 3843 debet
1973 3788 2219 3859 intelligi,

639 3886 743 3940 hoc
789 3885 856 3938 ad
890 3882 1258 3936 Ecclesiarutn
1293 3881 1608 3952 prtepositos
1634 3897 1740 3934 non
1767 3880 2040 3936 immerito
2069 3880 2220 3935 vide-

640 3987 728 4030 tur
757 3991 918 4046 posse
963 3973 1192 4037 referri;
1226 3981 1284 4027 ut
1327 3973 1428 4044 ipsi
1458 3972 1571 4027 suis
1598 3972 1940 4026 auditoribus
1972 3973 2218 4036 timeant,

639 4069 729 4138 qui
781 4069 833 4122 in
884 4067 1242 4122 tentationum
1301 4066 1650 4121 tribulatione
1691 4065 1960 4120 laborant.
2008 4064 2224 4119 Astutia

639 4163 784 4217 enim
840 4170 895 4215 et
931 4159 1131 4215 malitia
1176 4158 1320 4214 illius
1345 4160 1585 4214 cavenda
1615 4169 1698 4214 est
1733 4159 1798 4212 de
1829 4174 1937 4228 quo
1985 4156 2218 4211 dicitur:

644 4271 667 4306 ι
697 4253 963 4321 Quoniam
1013 4250 1357 4305 adversarius
1383 4259 1569 4304 noster
1605 4259 1862 4318 tanquam
1896 4249 1979 4302 leo
2003 4248 2223 4317 rugiens

639 4342 856 4405 circuit,
889 4356 1138 4410 qumrens
1172 4355 1330 4408 quem
1358 4341 1582 4394 devoret
1616 4340 1668 4409 (Ι
1698 4340 1837 4394 l’etr.
1867 4339 1943 4410 v).
1985 4359 2003 4390 ι

715 4434 918 4489 Deinde
963 4413 1262 4502 procedunt
1306 4432 1358 4484 in
1399 4421 1628 4495 Methca,
1657 4431 1760 4492 vel.
1785 4432 1922 4486 sicut
1949 4429 2074 4484 alibi
2098 4429 2225 4499 legi-

2315 1909 2375 1948 so
2407 1893 2460 1946 in
2492 1908 2674 1948 amore
2697 1891 3072 1961 coniungitur,
3116 1908 3341 1947 necesse
3380 1903 3464 1948 eSt
3499 1902 3559 1946 ut
3597 1893 3647 1946 ci
3680 1893 3908 1948 assiduis

2319 1986 2730 2054 Scripturarum
2763 1985 3229 2048 meditationibus.
3254 1984 3408 2056 quasi
3433 1985 3766 2054 quibusdam
3793 1987 3906 2040 viu-

2318 2077 2457 2133 culis
2504 2076 2868 2131 iusolubiliter
2895 2085 3274 2132 connectatur.
3309 2076 3386 2130 De
3426 2076 3628 2146 quibus
3681 2075 3910 2132 vinculis

2317 2171 2536 2227 Christo
2585 2187 2684 2241 per
2729 2170 2925 2240 Isaiam
2961 2170 3162 2226 dicitur
3193 2185 3207 2223 :
3243 2189 3261 2221 ‹
3296 2168 3410 2224 Viri
3459 2169 3724 2224 sublimes
3748 2171 3816 2224 ad
3858 2178 3908 2224 te

2319 2266 2650 2330 transibunt,
2676 2275 2732 2319 et
2761 2265 2835 2317 tui
2873 2272 3051 2328 erunt,
3079 2271 3132 2318 et
3157 2270 3283 2334 post
3305 2271 3357 2316 te
3377 2260 3739 2316 ambulabunt
3764 2261 3911 2318 colli-

2319 2358 2432 2428 gati
2463 2354 2863 2426 vinculis(lsai.
2895 2357 3042 2425 xu).
3084 2374 3102 2406 ι

2395 2449 2550 2506 Unde
2599 2465 2708 2503 non
2766 2449 3038 2502 immerito
3088 2447 3202 2517 jam
3253 2445 3470 2501 venitur
3523 2445 3578 2500 in
3633 2445 3909 2510 Banacim.

2318 2543 2460 2613 quod
2503 2541 2770 2612 signiﬁcat
2815 2540 2986 2610 fontes
3025 2539 3109 2595 vel
3151 2538 3533 2603 excolationes,
3573 2537 3623 2593 id
3653 2547 3757 2600 est,
3810 2539 3900 2594 ubi

2319 2634 2624 2688 divinarum
2651 2630 3058 2701 Scripturarum
3088 2629 3268 2684 l’otttes
3291 2629 3478 2684 att-ima
3509 2627 3635 2682 bibit
3665 2637 3720 2682 et
3739 2644 3914 2684 exco-

2318 2725 2414 2790 lat,
2446 2725 2546 2779 hoc
2584 2733 2668 2779 est
2724 2723 2996 2778 subtiliter
3041 2729 3237 2776 tractat
3263 2737 3329 2776 ac
3360 2721 3611 2776 ruminat.
3638 2719 3902 2783 Excolat,

2319 2816 2572 2885 inquam,
2605 2830 2726 2869 cum
2785 2813 2915 2867 illud
2963 2813 3329 2884 evangelicum
3376 2821 3560 2866 servat
3596 2828 3611 2864 :
3654 2829 3672 2863 ι
3712 2809 3788 2868 Ut
3842 2828 3912 2868 ne

2319 2921 2461 2960 unus
2507 2905 2725 2975 quidem
2765 2919 2902 2975 apex
2933 2913 3027 2956 aut
3057 2919 3224 2956 unum
3257 2902 3367 2956 iota
3399 2900 3467 2955 de
3519 2901 3636 2972 lege
3684 2910 3912 2972 praeter-

2321 3008 2430 3063 eat,
2474 3000 2602 3070 quin
2653 2997 2836 3052 omnia
2891 2997 3025 3050 ﬁant
3064 2995 3282 3077 (Matth.
3325 2995 3403 3066 v).
3445 3013 3464 3046 ι
3505 2992 3583 3077 Si.
3601 3008 3760 3077 veri:
3761 2993 3910 3073 bene

2319 3069 2542 3154 Jaacan,
2573 3091 2716 3146 sicut
2756 3088 2975 3159 quidam
3020 3075 3250 3154 dicunt;
3274 3069 3636 3140 transfertur“
3660 3069 3906 3155 in‘ﬁiios

2250 3178 2296 3240 C
2328 3184 2650 3240 necessitatis
2699 3182 2814 3236 sive
2837 3179 3106 3245 stridoris,
3136 3179 3239 3234 hoc
3280 3177 3573 3248 signiﬁcat,
3601 3176 3733 3247 quia
3760 3176 3908 3246 quis-

2325 3276 2450 3346 quis
2473 3273 2919 3342 diviuis‘eloqniis
2933 3271 3180 3325 eruditus
3206 3277 3289 3324 est
3318 3278 3369 3324 et
3399 3265 3686 3322 allluenter
3713 3267 3909 3322 instru-

2258 3377 2281 3388 “
2322 3378 2463 3430 ctus,
2501 3379 2722 3420 necesse
2763 3371 2849 3417 est
2878 3371 2937 3415 ut
2968 3369 3092 3430 post
3126 3375 3185 3414 se
3215 3369 3270 3414 et
3293 3358 3429 3412 alios
3455 3359 3641 3412 trahat
3672 3371 3738 3410 ac
3773 3357 3909 3412 tilio:

2323 3457 2539 3526 gignat,
2583 3454 2778 3522 quibus
2823 3451 3075 3505 nimirum
3128 3447 3256 3502 dttm
3301 3446 3461 3501 ﬂetus
3515 3455 3572 3500 et
3620 3445 3910 3500 stridorem

2321 3547 2563 3602 dentium
2610 3543 2896 3598 minaciter
2924 3541 3132 3612 objicit,
3165 3537 3566 3610 quodammodo
3604 3540 3909 3593 necessita-

2326 3644 2434 3689 tem
2483 3634 2562 3688 eis
2590 3641 2651 3687 ut
2677 3633 2744 3686 ad
2775 3631 2942 3686 Deum
2995 3637 3385 3686 convertantur
3433 3627 3682 3698 imponit.
3713 3627 3756 3682 li
3793 3636 3912 3682 sunt

2322 3739 2453 3793 ergo
2473 3723 2564 3776 lilii
2595 3721 2935 3776 necessitatis
2981 3720 3066 3775 vel
3089 3718 3443 3783 stridoris,de
3457 3717 3656 3787 quibus
3677 3717 3912 3788 pmplie-

2325 3815 2432 3868 tice
2457 3811 2674 3867 canitur
2703 3827 2717 3862 :
2751 3829 2769 3861 ε
2803 3810 3005 3864 All'erte
3033 3809 3282 3872 Domino,
3308 3808 3401 3862 lilii
3437 3809 3556 3873 Det,
3582 3805 3789 3862 aﬂ'crte
3810 3806 3910 3861 Do-

2326 3904 2475 3958 mino
2514 3901 2656 3956 ﬁlios
2685 3900 2918 3955 arietum
2944 3897 3118 3970 (Psal.
3146 3897 3363 3970 xxviii).
3401 3918 3421 3950 ι

2395 3995 2525 4049 Post
2576 3996 2690 4049 haec
2733 3993 3032 4047 ascendunt
3075 3992 3131 4046 in
3179 4000 3418 4046 montem
3463 3989 3728 4059 Gadgad,
3771 3990 3909 4059 quod

2328 4084 2492 4156 148
2520 4084 2914 4152 interpretatur
2937 4083 3172 4146 nuntius,
3197 4081 3282 4136 vel
3313 4082 3594 4148 accinctio,
3635 4080 3728 4136 vel
3771 4093 3915 4136 certe

2325 4175 2574 4230 concisio.
2617 4174 2823 4240 Quibus
2864 4174 3007 4228 enim
3044 4171 3208 4227 verba
3233 4172 3328 4226 Dei
3361 4171 3783 4240 annuntiamus,
3825 4186 3913 4226 eos

2325 4269 2513 4340 procul
2538 4268 2700 4323 dubio
2726 4281 3078 4322 commonere
3111 4266 3371 4321 debemus
3400 4273 3459 4318 ut
3487 4273 3542 4318 et
3570 4279 3630 4318 se
3652 4265 3913 4318 virtutum

2326 4360 2495 4415 armis
2509 4361 2814 4430 accingam,
2837 4367 2892 4411 et
2911 4357 3262 4413 invisibilium
3281 4357 3516 4411 hostium
3531 4355 3915 4424 spiritualihus

2329 4450 2521 4520 gladiis
2552 4459 2699 4520 terga
2741 4449 3048 4504 concidant.
3093 4448 3247 4515 Quod
3288 4463 3411 4502 cum
3452 4461 3550 4501 eos
3596 4461 3769 4518 agere
3813 4460 3914 4500 non

643 4535 755 4588 tttr,
791 4523 1078 4586 Maathica,
1109 4522 1250 4589 quod
1301 4521 1688 4590 interpretatur
1731 4537 1870 4575 mors
1895 4537 2045 4574 nova.
2077 4518 2224 4572 Nun-
2256 4526 2303 4586 ι)
2329 4509 2570 4614 ξρεηηρι.
2594 4509 2910 4606 caoceumr,
2939 4556 3059 4595 cum
3095 4540 3176 4594 eis
3203 4538 3365 4593 simul
3393 4538 3460 4592 ad
3489 4509 3755 4592 mom'am
3784 4553 3913 4591 ron,

640 4631 804 4686 quam
834 4622 943 4666 tatu
984 4611 1226 4683 perfecte
1266 4610 1529 4664 diabolica
1557 4620 1781 4664 cavetur
1807 4609 2030 4674 astutia,
2061 4625 2222 4678 quam

642 4710 686 4763 si
711 4706 928 4762 Christo
963 4719 1194 4760 comnioi
1213 4704 1382 4764 imur.
1412 4710 1470 4756 ιιι
1503 4712 1760 4773 tanquam
1788 4702 2131 4758 insensibiles
2157 4703 2224 4758 ad

643 4800 818 4857 hostis
871 4797 1052 4852 callidi
1102 4803 1432 4850 tentamcnta
1489 4795 1792 4848 redeamus.
1824 4793 1997 4861 Quam
2027 4809 2222 4848 novam

645 4902 874 4949 mortem
907 4888 1290 4958 contemplatio
1316 4887 1476 4956 parit,
1503 4903 1626 4955 qua:
1648 4887 1853 4940 scilicet
1879 4895 1934 4940 et
1964 4886 2222 4939 mundum

641 4986 798 5040 nobis
829 4994 883 5038 et
904 4998 1002 5038 nos
1029 4981 1228 5036 mundo
1252 4989 1495 5034 mortuos
1523 4978 1704 5032 allicit.
1729 4980 1882 5045 Quod
1909 4979 1950 5032 si
1985 4978 2219 5042 Methca,

643 5087 701 5130 nt
746 5073 1069 5145 quibusdam
1097 5071 1317 5141 'placet,
1362 5070 1414 5122 in
1445 5069 1773 5123 dulcedinem
1798 5069 2057 5133 vertitur;
2090 5069 2220 5137 quid

615 5163 620 5170 ’
645 5169 841 5223 mirum
865 5167 909 5221 si
933 5167 999 5221 de
1024 5163 1477 5234 contemplatione
1501 5162 1568 5216 ad
1592 5162 1928 5216 dulcedinem
1953 5162 2219 5225 veniatur,

645 5271 768 5310 cum
799 5257 911 5326 ipsa
938 5253 1322 5324 contemplatio
1347 5252 1478 5307 nihil
1504 5251 1645 5307 aliud
1667 5251 1736 5306 sit
1753 5267 1916 5320 quam
1942 5249 2223 5307 incﬁ‘abilis

644 5355 700 5399 et
720 5346 980 5400 immensa
1011 5344 1274 5400 dulcedo?

719 5436 847 5490 Post
877 5436 991 5490 hate
1016 5436 1232 5490 venitur
1260 5435 1312 5488 in
1345 5433 1615 5489 Hcsmona
1637 5475 1652 5499 ,
1683 5448 1804 5503 qua:
1841 5434 2110 5505 festinatio
2139 5435 2223 5489 di—

649 5525 810 5581 citur.
845 5524 998 5590 Nam,
1055 5535 1341 5594 postquam
1387 5527 1746 5596 pertingimus
1780 5525 1847 5580 ad
1885 5527 2222 5581 dulcedinem

645 5615 1118 5686 contemplationis
1139 5656 1152 5680 ,
1184 5631 1392 5669 moram
1444 5632 1548 5671 non
1595 5615 1821 5672 ferimus
1858 5618 2148 5674 tarditatis.
2181 5617 2224 5673 Ο

646 5726 808 5778 quam
841 5705 1066 5762 moleste
1094 5720 1302 5760 moram
1347 5707 1660 5776 patiebatur
1701 5707 1788 5762 ille
1830 5707 1918 5777 qui
1963 5710 2218 5764 dicebat:

2328 4637 2658 4690 scendimus.
2707 4633 2860 4700 Quod
2915 4633 2958 4686 si
3009 4631 3262 4702 Gadgad,
3319 4640 3377 4684 ut
3420 4631 3646 4699 quidam
3698 4639 3912 4700 putant,

2327 4734 2646 4779 lentamenta
2692 4724 2996 4794 signiﬁcat,
3044 4725 3203 4776 datur
3249 4721 3477 4792 intelligi
3519 4722 3793 4791 quoniam
3836 4721 3917 4776 bis

2325 4814 2418 4884 qui
2452 4815 2516 4868 ad
2545 4813 2821 4868 caelestem
2846 4815 3074 4880 patriam
3097 4813 3344 4877 tendunt,
3372 4813 3714 4868 tentationes
3732 4814 3918 4868 deesse

2322 4923 2437 4962 non
2462 4915 2704 4977 possunt.
2732 4905 2797 4959 Et
2820 4920 2962 4974 δωρεᾶ
2991 4905 3218 4958 lentatio
3241 4903 3536 4958 virtutibus
3555 4903 3920 4966 admiscetur,

2330 5009 2390 5053 ut
2433 4999 2704 5055 laborioso
2752 4997 2952 5054 Christi
3004 4997 3158 5053 militi
3210 4992 3418 5051 merces
3467 4994 3696 5050 uberior
3736 4994 3910 5066 acqui-

2330 5101 2511 5148 ratur.

2403 5181 2468 5235 Et
2519 5182 2644 5252 quia
2699 5196 2796 5251 per
2839 5180 2980 5234 mala
3038 5180 3398 5235 tentationum
3442 5179 3510 5232 ad
3564 5181 3918 5248 praemiorum

2325 5274 2472 5328 bona
2533 5273 2817 5334 transitur,
2877 5286 3114 5343 congrue
3165 5272 3414 5340 sequitur
3461 5270 3753 5338 quoniam,
3799 5268 3925 5325 inde

2331 5364 2584 5435 profecti,
2634 5371 2902 5418 venerunt
2949 5363 3003 5417 in
3055 5361 3368 5426 Jetebatha,
3405 5360 3542 5425 sive,
3575 5368 3635 5413 ut
3663 5361 3798 5415 alibi
3848 5360 3923 5411 le-

2329 5455 2492 5521 gitur,
2543 5453 2824 5519 Jatbatha,
2869 5453 3014 5522 quod
3069 5453 3466 5522 interpretatur
3523 5449 3739 5503 bonitas
3806 5449 3924 5503 sive

2331 5546 2542 5600 bonum.
2602 5546 2746 5616 Ergo
2815 5560 2912 5615 per
2991 5545 3365 5616 experimenta
3428 5541 3798 5597 tentatiouutn
3856 5555 3924 5609 an

2312 5637 2652 5706 bonitatem,
2694 5653 2814 5709 qua:
2851 5637 3040 5709 procul
3078 5637 3247 5693 dubio
3290 5635 3541 5693 Christus
3579 5642 3690 5700 est,

2331 5730 2499 5786 nitur.
