4052 6312
261 297 389 382 ιοθι

1508 330 1576 386 IN
1607 285 1868 385 mserit
1908 328 2172 384 uenam

3386 328 3530 388 1062

331 440 455 495 inde
476 437 698 509 profecti
725 452 846 495 sunt
873 443 923 497 in
948 444 1180 507 Ebrona,
1208 443 1347 513 quoi
1378 446 1626 498 transitus
1654 443 1834 514 appel-
1865 449 1907 506 Α
1938 443 2137 513 ptiouis
2161 441 2410 496 humanae
2440 441 2696 512 mysteria
2745 450 3031 511 penetrare
3069 449 3178 497 non
3210 457 3524 516 pOssnnms,

256 532 421 585 latur.
475 529 674 585 Animo
703 535 900 603 quippe
946 535 1273 589 transeunda
1305 545 1433 589 sunt
1461 536 1666 600 omnia,
1701 546 1755 590 et
1785 536 1838 590 in

255 638 380 677 eum
407 622 583 678 solum
612 624 778 679 debes
809 627 1056 680 obtutum
1087 627 1548 698 mentisinfigere,
1581 644 1704 683 cum
1733 643 1842 698 quo

255 717 378 771 sine
413 717 644 771 transitu
677 719 856 773 valeas
888 735 1231 791 permanere.

335 803 460 859 Post
503 805 619 861 lucc
661 808 884 862 vcniuu-t
912 809 964 863 in
1009 810 1365 882 Asiongaber,
1397 813 1537 884 quod
1569 815 1838 884 interpre-

260 907 409 951 tatur
439 898 660 952 consifia
701 901 816 953 viri.
856 901 1147 971 Postquam
1179 905 1321 958 enim
1356 922 1452 960 nos
1478 907 1528 960 in
1561 906 1836 960 Christum

257 993 482 1047 omnino
510 993 842 1062 projicimus,
876 1006 1155 1065 postquam
1185 999 1237 1050 in
1268 1013 1390 1052 eum
1419 999 1633 1052 omnem
1660 998 1840 1052 cordis

257 1067 429 1140 nostri
461 1084 710 1140 ﬁduciam
739 1086 1084 1153 collocamus,
1117 1103 1235 1142 esse
1258 1090 1404 1157 pueri
1429 1089 1676 1142 sensibus
1708 1089 1836 1141 ulte-

257 1177 374 1228 rius
403 1190 508 1232 non
541 1176 822 1236 debemus.
865 1180 1140 1233 imitantes
1164 1180 1504 1248 Apostoluzu,
1538 1181 1628 1250 qui
1656 1181 1785 1233 dicit
1821 1197 1833 1232 :

263 1284 282 1319 ι
321 1269 454 1324 Cum
499 1279 678 1325 autem
723 1271 901 1325 factus
950 1289 1068 1326 sum
1103 1274 1204 1334 vir.
1243 1275 1498 1326 evacuavi
1532 1274 1650 1341 quae
1682 1280 1838 1326 erant

255 1362 464 1430 parvuli
494 1361 581 1432 (II
607 1361 730 1417 Cor.
773 1365 925 1429 xm);
965 1385 982 1416 ι
1032 1373 1084 1417 et
1130 1365 1367 1418 iterum:
1414 1382 1432 1415 ι
1463 1363 1639 1419 Nolite
1683 1363 1838 1432 pueri

254 1451 392 1508 εῦὶοί
417 1454 667 1508 sensibus
699 1453 746 1525 (1
777 1453 899 1508 Cur.
938 1456 1074 1525 xiv).
1110 1475 1128 1506 ι

329 1544 435 1598 Sed
460 1545 818 1614 quoniamqui
847 1547 1071 1615 apponit
1100 1547 1407 1613 scientiam,
1436 1546 1658 1616 apponit
1683 1543 1834 1600 dolo-

257 1650 404 1701 rem,
447 1635 644 1689 iterum
701 1637 924 1691 veniunt
977 1639 1028 1691 in
1073 1640 1350 1692 desertum
1406 1640 1525 1702 Sin,
1579 1651 1698 1706 qiue
1739 1627 1857 1692 'est-

255 1726 450 1782 Cades.
483 1727 575 1781 Sin
618 1736 796 1781 autem
829 1730 1163 1781 tentationem
1197 1729 1542 1799 interpretari
1583 1729 1694 1797 jam
1720 1730 1833 1798 jam

1943 537 2096 605 quasi
2121 536 2199 589 ori
2225 547 2408 589 nostro
2433 535 2658 603 digitum
2681 537 3116 606 superponimus.
3137 536 3529 600 ul,divinitalia

1939 628 2141 682 Christi
2169 627 2544 681 celsitudinem
2586 628 2881 697 majoribus
2906 629 3288 697 relinquentes,
3314 631 3379 685 de
3409 632 3527 688 sola

1942 726 2148 770 tantum
2174 715 2287 782 ejus
2318 732 2479 772 cruce
2505 727 2823 783 tractemus,
2852 721 2992 773 sicut
3028 721 3159 774 dicit
3191 721 3522 791 Apostolus:

1947 827 1964 858 ι
1997 808 2140 862 Nihil
2176 809 2416 878 judicavi
2461 824 2547 863 me
2587 809 2728 864 scire
2779 810 2919 862 inter
2946 827 3060 871 vos,
3114 812 3216 867 nisi
3243 812 3524 868 Christum

1939 900 2142 964 Jcsum,
2176 913 2229 955 et
2260 902 2402 956 hunc
2433 903 2752 957 crucifixum
2789 901 2840 973 (I
2868 903 2987 956 Cor.
3017 905 3101 974 ιι).
3142 925 3159 958 ι

2012 993 2137 1046 Post
2161 995 2275 1047 inec
2306 994 2532 1064 profecti
2558 1003 2682 1048 sunt
2709 995 2760 1047 in
2795 994 2990 1055 Oboth.
3023 998 3164 1064 quod
3199 998 3383 1068 utique
3405 1015 3538 1054 vero'

1943 1086 2074 1139 titur
2134 1086 2185 1140 in
2238 1103 2416 1156 magos
2470 1087 2584 1141 sive
2621 1087 2886 1157 pythoncs.
2928 1089 3156 1157 Propter
3183 1093 3324 1160 quod
3366 1095 3527 1148 datur

1939 1177 2161 1244 intelligi
2196 1178 2320 1247 quia
2361 1186 2478 1242 post
2504 1177 2792 1246 imaginem
2835 1177 2948 1238 Dei,
2979 1193 3098 1247 quae
3126 1180 3178 1231 in
3210 1181 3389 1234 cordis
3438 1195 3528 1234 ra-

1941 1269 2088 1323 tione
2137 1268 2459 1335 concipitur,
2527 1276 2646 1335 post
2692 1277 2969 1335 acceptam
3020 1267 3204 1332 ﬁdem,
3258 1285 3380 1338 quae
3417 1270 3528 1324 oris

1940 1358 2283 1413 eotifcssione
2307 1359 2601 1429 profertur,
2627 1371 2956 1428 consurgunt
2984 1361 3269 1415 adversum
3301 1377 3399 1416 nos
3420 1361 3530 1417 lue-

1939 1451 2093 1504 rezici
2149 1466 2392 1505 errorem
2445 1462 2724 1505 venenata”:
2776 1451 3016 1520 perﬁdize
3072 1452 3528 1521 dogtnatizantes,

1941 1551 2199 1611 tanquam
2248 1544 2514 1613 pythoncs
2555 1553 2605 1597 ct
2639 1543 2780 1614 magi
2819 1541 3061 1596 maleﬁca
3099 1543 3532 1601 incantationum

1942 1636 2183 1689 carmina
2219 1643 2665 1705 conspergcntes.

2012 1727 2148 1780 llinc
2177 1727 2440 1781 transitur
2465 1726 2810 1790 inGebarim,
2839 1729 2961 1794 qut'c
2985 1733 3069 1779 est
3093 1724 3144 1778 in
3169 1724 3366 1779 ﬁnibus
3380 1725 3530 1780 Moa-

255 1817 508 1886 superius
555 1818 813 1872 diximus.
864 1820 1016 1872 Sicut
1055 1821 1198 1873 enim
1237 1836 1332 1873 vas
1372 1835 1595 1874 auretun
1636 1820 1715 1872 vel
1748 1835 1835 1873 ar-
1869 1821 1906 1877 il
1941 1817 2194 1870 hilarum.
2245 1816 2500 1870 Gobarim
2533 1816 2801 1886 significat
2830 1833 3040 1871 acervos
3068 1816 3302 1886 (apidani
3345 1827 3528 1872 trans-

253 1917 508 1976 gcnteum
536 1923 678 1978 saepe
705 1908 929 1964 malleus
953 1910 1204 1978 percutit.
1233 1925 1374 1980 stepe
1399 1912 1524 1964 lima
1556 1911 1682 1966 hinc
1712 1911 1836 1966 inde

253 1997 509 2067 poliendo
540 1999 865 2062 circumdat,
901 2009 956 2052 ut
988 1999 1188 2055 clarius
1221 2001 1340 2066 ﬁat;
1385 2001 1466 2055 sic
1493 2002 1689 2056 iterata
1721 2011 1838 2055 ten-

257 2089 393 2144 tatio
423 2090 723 2144 constantis
770 2099 824 2142 et
869 2106 973 2143 non
1013 2092 1255 2146 cedentis
1297 2092 1492 2146 aninue
1533 2092 1836 2164 rubiginem

175 2209 180 2214 -
253 2190 470 2249 purgat.
508 2197 527 2230 ι
558 2179 664 2234 Vas
689 2181 830 2234 enim
866 2180 1008 2249 figuli
1041 2185 1236 2252 prohat
1266 2183 1483 2248 fornax,
1513 2195 1567 2239 et
1587 2185 1836 2240 homines

246 2271 425 2340 justus
483 2273 712 2327 tentatio
773 2275 1138 2328 tribulationis
1196 2273 1398 2345 (Eccli.
1449 2275 1644 2347 xxvn).
1698 2298 1714 2326 ι
1771 2276 1834 2331 Et

255 2367 385 2436 quia
421 2365 596 2422 Cades
653 2367 992 2436 [ructi/icatio
1019 2378 1201 2420 sancta
1231 2368 1465 2434 dicitur,
1507 2371 1657 2424 vides
1701 2385 1838 2438 quo-

255 2459 398 2512 niam
431 2458 789 2512 teutationum
821 2457 999 2512 sulcos
1027 2469 1213 2512 sancta
1258 2458 1607 2513 fructiﬁcatio
1645 2461 1834 2514 suise-

254 2549 469 2618 quatur.

326 2637 431 2692 Sed
460 2648 515 2692 et
535 2639 662 2694 hinc
686 2639 1058 2709 applicuerunt
1082 2639 1136 2694 in
1159 2649 1394 2696 montem
1422 2640 1552 2706 Hor,
1580 2641 1635 2710 in
1657 2655 1838 2694 exrc-

257 2729 363 2784 niis
429 2728 630 2784 ﬁnibus
687 2730 878 2784 Edom.
938 2727 1052 2784 llor
1088 2740 1366 2784 montanus
1424 2731 1833 2800 interpretatur.

255 2818 511 2888 Quisquis
545 2819 688 2873 enim
723 2829 960 2875 tentatus
994 2837 1100 2874 non
1144 2821 1368 2886 labitur,
1403 2822 1496 2876 sed
1543 2822 1608 2876 de
1652 2831 1828 2875 tenta-

254 2911 402 2964 tione
430 2911 738 2975 fructiﬁcat,
768 2926 1108 2981 consequens
1137 2921 1220 2967 est
1262 2922 1320 2966 ut
1346 2913 1413 2967 ad
1444 2923 1676 2967 montem
1696 2953 1710 2976 ,
1741 2911 1833 2982 qui

252 3001 507 3056 Christus
531 3011 636 3065 est,
657 3001 830 3056 victor
858 3003 1136 3058 ascendat.
1161 3001 1262 3058 Hic
1289 3012 1375 3057 est
1397 3003 1542 3058 enim
1567 3018 1720 3057 mons
1747 3004 1836 3058 ille

253 3088 588 3160 coagulatus,
633 3106 788 3145 mons
830 3092 1042 3163 pinguis
1069 3089 1242 3165 (Psat.
1290 3091 1479 3163 ιλιι-ιι),
1513 3093 1578 3148 de
1605 3109 1710 3164 quo
1739 3109 1835 3162 per

253 3178 580 3250 Prophetam
637 3183 838 3238 dicitur
882 3201 895 3236 :

255 3280 592 3340 pra2paralus
611 3288 768 3328 mons
789 3274 982 3328 domus
1014 3275 1224 3328 Domini
1251 3275 1304 3328 iu
1323 3276 1523 3330 vertice
1547 3277 1832 3341 montium,

254 3370 308 3413 et
341 3361 643 3416 elevabitur
691 3380 854 3434 super
888 3365 1071 3428 colles,
1107 3375 1162 3419 et
1191 3364 1358 3419 ﬂuent
1386 3366 1451 3420 ad
1494 3383 1617 3428 eum
1646 3380 1836 3422 ou'mcs

254 3459 445 3520 gentes
471 3451 625 3519 (lsni.
663 3454 744 3524 ιι).
778 3475 795 3506 ι
823 3454 923 3508 Hic
953 3470 1106 3508 uions
1132 3455 1330 3508 dicitur
1356 3466 1664 3518 montanus,
1710 3457 1836 3525 quia

256 3542 348 3597 ubi
371 3541 640 3610 Christus,
676 3545 746 3600 ibi
778 3555 834 3600 et
860 3545 1047 3616 procul
1073 3546 1238 3600 dubio
1264 3546 1646 3601 Christianus:
1682 3568 1698 3598 ι
1736 3547 1835 3601 Ubi

258 3649 413 3702 sum,
471 3636 678 3706 inquit,
725 3653 856 3710 ego,
918 3638 1028 3693 illic
1078 3647 1136 3693 et
1206 3639 1455 3695 minister
1511 3654 1664 3694 meus
1729 3639 1836 3693 erit

257 3726 440 3796 (Joan.
470 3729 590 3798 xu).
624 3747 642 3780 ι

327 3818 531 3874 Deinde
572 3820 789 3874 veniunt
837 3820 890 3874 in
929 3819 1218 3887 Salmona,
1261 3821 1402 3890 quod
1446 3821 1838 3890 interpretatur

254 3909 442 3963 umbra
475 3912 750 3981 partionis.
792 3913 858 3966 Et
901 3914 1114 3977 merito,
1157 3923 1445 3984 postquam
1473 3914 1527 3968 in
1573 3925 1832 3975 n‘iontem,

257 3999 350 4070 qui
405 4010 487 4054 est
543 4001 814 4068 Christus,
856 4004 1220 4066 ascendimus,
1267 4005 1518 4057 vitiorum
1571 4004 1836 4072 fugientes

255 4089 530 4156 ardorem,
548 4092 646 4146 sub
672 4093 1002 4149 defensionis
1028 4093 1143 4162 t-jus
1169 4094 1482 4148 umbraculo
1515 4095 1833 4147 residemus.

259 4181 332 4236 De
356 4196 458 4250 qua
482 4184 726 4240 videlicet
749 4188 937 4241 umbra
963 4203 1060 4257 per
1079 4168 1367 4242 Jeremiam
1390 4187 1586 4240 dicitur
1615 4203 1628 4237 ε
1663 4206 1680 4236 ι
1715 4185 1834 4254 Spi-

254 4273 396 4328 ritus
421 4276 531 4331 oris
565 4279 735 4333 nostri
765 4279 1013 4334 Christus
1036 4281 1293 4334 Dominus
1320 4289 1506 4350 captus
1529 4290 1609 4334 est
1637 4281 1686 4333 in
1713 4295 1835 4350 pec-

256 4365 392 4420 catis
439 4369 663 4433 nostris,
694 4370 780 4424 cui
813 4372 1048 4425 diximus
1081 4390 1093 4425 :
1128 4371 1184 4425 In
1222 4372 1412 4426 umbra
1458 4381 1546 4425 tua
1595 4373 1835 4425 vivemus

255 4457 310 4511 in
343 4461 594 4530 gentibus
628 4463 845 4534 (Tltren.
882 4468 975 4538 tv).
1012 4486 1029 4517 ι
1082 4466 1148 4519 Et
1175 4466 1413 4536 Angelus
1447 4467 1512 4518 ad
1557 4466 1785 4520 Mariam
1818 4485 1830 4519 :

259 4566 278 4599 ι
311 4547 515 4614 Virtus,
545 4551 737 4621 inquit,
765 4534 1023 4609 Altissimi
1047 4534 1389 4610 olnnnbrabit
1421 4557 1512 4609 tibi
1541 4555 1691 4626 (Luc.
1721 4558 1782 4625 ι).
1810 4575 1826 4606 ι
1865 4534 1910 4591 Ῑ)

255 4641 512 4696 Salmona
562 4646 750 4709 etiam,
801 4657 860 4701 nt
907 4647 1103 4702 alicubi
1162 4648 1452 4716 ICpCl'lltll',
1497 4648 1833 4717 hung-mcum

251 4737 492 4804 dicitur;
538 4741 682 4809 quod
723 4743 907 4811 utique
954 4741 1114 4813 1139
1162 4741 1279 4796 loco
1321 4740 1397 4794 illi
1447 4758 1552 4794 non
1602 4740 1834 4796 absurde

253 4831 536 4900 congruit,
596 4833 721 4886 dum
774 4834 843 4886 ibi
899 4851 1078 4887 tcttt‘tls‘
1144 4832 1230 4887 ille
1290 4848 1514 4900 serpens
1566 4847 1834 4900 appensus

253 4919 349 4984 sit,
401 4922 490 4990 qui
543 4923 786 4976 cruciﬁxi
837 4933 1180 4993 repraesentat
1233 4924 1524 4992 imaginem
1587 4921 1836 4977 Salvato-

255 5015 353 5070 ris.
1507 5085 1510 5088 .

325 5130 413 5189 Fit
441 5145 700 5203 praeterea
746 5141 1010 5192 transitus
1052 5139 1104 5191 in
1134 5136 1362 5200 Phinon,
1391 5137 1535 5207 quod
1565 5137 1827 5205 interpre-

256 5233 406 5280 tatur
420 5242 503 5286 os.
524 5228 608 5282 vel
626 5229 731 5281 oris
742 5228 1089 5296 parcimonin.
1119 5229 1183 5282 Et
1207 5243 1268 5282 os
1286 5227 1690 5298 quidem,quia,
1712 5241 1838 5280 mox

239 5325 316 5371 ‘ut
340 5317 606 5386 passionis
656 5319 855 5374 Christi
899 5327 1236 5374 sacramenta
1261 5318 1657 5388 cognoscimus,
1693 5315 1836 5386 quod

253 5406 419 5460 corde
466 5408 758 5474 credimus,
790 5425 886 5463 ore
931 5411 1364 5478 pronuntiamus,
1392 5409 1532 5464 sicut
1575 5408 1834 5478 scriptum

254 5507 340 5551 est
365 5514 377 5549 :
406 5516 424 5548 ι
444 5499 684 5564 Credidi,
709 5504 1086 5572 propter-quod
1103 5504 1314 5557 locutus
1329 5519 1449 5557 sum
1467 5500 1777 5570 (Psal.cxv)
1813 5520 1831 5550 ι

254 5585 323 5640 Ει
373 5587 702 5656 Apostolus:
739 5611 755 5641 ι
795 5594 972 5648 Corde
1019 5595 1260 5649 creditur
1303 5594 1368 5646 ad
1420 5592 1713 5662 justitiam,
1746 5605 1841 5646 ore

254 5688 439 5732 autem
462 5680 732 5738 confessio
760 5682 819 5736 ﬁt
847 5684 911 5736 ad
941 5684 1170 5740 salutem
1196 5681 1374 5752 (Rom.
1403 5685 1478 5753 ι).
1517 5703 1534 5736 ι
1565 5684 1687 5738 Oris
1715 5696 1842 5737 vero

256 5769 592 5837 parcimeuia
618 5775 840 5843 dicitur;
876 5777 1021 5847 quia,
1049 5778 1174 5832 dum
1203 5787 1308 5830 tam
1337 5776 1600 5847 profunda
1628 5775 1844 5831 redem-

947 3203 964 3235 ι
1014 3185 1129 3239 Erit
1178 3185 1230 3238 in
1287 3185 1596 3240 novissimis
1643 3175 1904 3241 diebusC

1938 1909 2192 1962 ciuilium.
2231 1908 2320 1961 Isti
2355 1923 2518 1976 porro
2549 1918 2674 1961 sunt
2700 1907 2902 1976 lapides
2926 1907 3052 1972 vivi,
3085 1907 3257 1962 sancti
3287 1908 3526 1973 scilicet,

1938 2014 2001 2052 ex
2037 2001 2230 2066 quibus
2266 2016 2369 2051 non
2424 2000 2582 2052 modo
2627 1997 2963 2051 llicrusalem
2995 2012 3224 2067 superna
3259 1997 3530 2053 construi-

1941 2099 2044 2148 tur.
2080 2089 2171 2142 sed
2203 2097 2255 2141 et
2286 2103 2525 2158 prarsrns
2547 2086 2787 2140 Ecclesia
2819 2099 3076 2156 tanquam
3101 2087 3414 2156 margaritis
3440 2103 3532 2142 co-

1939 2180 2283 2232 ruscantibus
2331 2179 2648 2233 adornatur.
2695 2177 2795 2244 Qui
2846 2177 3040 2232 merito
3085 2186 3428 2233 transeuntes
3449 2178 3528 2232 di-

1937 2280 2162 2335 cnntur,
2193 2271 2318 2340 quia
2377 2279 2592 2324 terrena
2622 2268 2877 2340 quotlibet
2911 2284 2973 2322 ac
3006 2268 3320 2322 transitoria
3350 2276 3532 2324 mento

1937 2360 2170 2426 calcant,
2202 2371 2364 2429 atque
2386 2360 2453 2413 ad
2479 2359 2719 2414 coelestia
2750 2359 2983 2413 transire
3006 2358 3288 2413 festinant.
3316 2358 3371 2414 Si
3401 2375 3530 2415 vero

1938 2467 2044 2505 non
2098 2450 2379 2515 Geharitn,
2437 2450 2530 2504 sed
2583 2448 2682 2503 Cai
2728 2448 2961 2512 dicatur,
2995 2450 3138 2518 quod
3168 2448 3272 2502 alia
3299 2457 3532 2503 testatur

1936 2544 2124 2607 editio,
2159 2551 2213 2596 ct
2269 2543 2371 2597 hoc
2403 2541 2471 2596 ab
2496 2540 2768 2596 intellectu
2818 2541 3218 2595 transeuntium
3246 2555 3351 2595 non
3377 2542 3532 2596 aber-

1939 2649 2042 2690 rat.
2090 2636 2188 2692 Gai
2241 2636 2514 2704 siquidem
2546 2635 2939 2703 interpretatur
2961 2635 3143 2688 chaos.
3181 2633 3530 2688 [licitantem

1934 2728 2205 2782 Abraham
2233 2728 2384 2782 diviti
2415 2741 2430 2780 :
2468 2746 2485 2777 ι
2525 2726 2661 2791 Quia
2692 2725 2836 2779 inter
2881 2740 2980 2780 nos
3006 2734 3060 2779 et
3089 2741 3181 2778 vos
3208 2725 3378 2779 chaos
3407 2739 3526 2778 ma-

1935 2836 2100 2891 gnum
2133 2819 2404 2873 ﬁrmatum
2435 2827 2519 2873 est
2547 2817 2699 2888 (Luc.
2746 2817 2880 2885 xvi).
2917 2836 2936 2869 ι
2961 2817 3041 2871 Ad
3067 2817 3213 2870 illum
3242 2831 3372 2886 ergo
3401 2831 3531 2870 san-

1935 2913 2008 2968 cti
2044 2927 2262 2981 semper
2286 2912 2521 2966 transire
2545 2910 2878 2974 desiderant,
2909 2918 2966 2962 ut
2993 2907 3044 2962 in
3079 2909 3193 2979 ejus
3220 2909 3366 2974 sinu,
3388 2907 3529 2963 sicut

1935 3015 1990 3060 et
2017 3006 2210 3060 beatus
2240 3003 2328 3059 ille
2355 3003 2614 3068 Lazarus,
2642 3001 2877 3057 feliciter
2909 3000 3278 3069 requiescant.

2005 3118 2158 3174 Unde
2184 3119 2318 3174 satis
2342 3127 2465 3187 apte
2490 3116 2841 3186 consequitur
2879 3123 2938 3169 ut
2964 3126 3084 3184 post
3123 3115 3292 3169 chaos
3318 3113 3517 3184 pytho-

1941 3225 2069 3263 mnu
2096 3218 2273 3277 atque.
2300 3223 2604 3278 magorum,
2641 3207 2784 3276 quod
2814 3215 2894 3260 est
2947 3203 3229 3260 tenebrosa
3259 3203 3527 3260 calliditas

1938 3299 2342 3362 haereticorum,
2373 3305 2571 3365 praesto
2600 3295 2820 3350 veniant
2863 3295 2915 3348 iu
2946 3293 3247 3363 Dibongad,
3287 3291 3430 3363 quod
3457 3291 3531 3348 si-

1937 3387 2193 3454 gniﬁcare
2245 3387 2442 3442 dicitur
2486 3387 2748 3457 apiarium
2799 3386 3162 3439 tcutationum.
3200 3384 3344 3454 Apes
3373 3384 3520 3438 enim

1934 3492 2030 3531 ore
2068 3477 2224 3530 mella
2256 3475 2456 3542 ferunt,
2489 3478 2584 3530 sed
2616 3474 2818 3530 aculeis
2856 3483 3135 3543 pungunt;
3168 3473 3246 3527 sic
3276 3482 3331 3526 et
3353 3472 3528 3527 haere-

1938 3569 2029 3623 tici
2048 3566 2457 3636 verbisquidem
2474 3565 2760 3622 manifeste
2782 3564 3143 3618 blandimenta
3162 3565 3526 3633 praetendunt,

1937 3658 2029 3712 sed
2063 3658 2218 3727 quasi
2243 3667 2365 3727 post
2392 3672 2451 3712 se
2476 3655 2683 3712 erroris
2728 3655 2950 3709 aculeos
2991 3663 3305 3724 contegunt.
3341 3653 3527 3709 Primo

1939 3749 2205 3804 distillant
2254 3765 2351 3804 ore
2383 3749 2746 3813 dulcedinem,
2773 3747 2868 3801 sed
2903 3747 3242 3816 postmodum
3270 3753 3534 3816 spargunt

1919 3840 2202 3898 aculeata:
2226 3838 2478 3892 falsitatis
2507 3853 2774 3893 errorem.
2815 3835 2966 3889 Unde
2994 3835 3260 3904 PrOpheta
3287 3849 3528 3904 conque-

1940 3931 2096 3988 ritur,
2147 3928 2332 3981 dicens
2361 3941 2375 3978 :
2428 3945 2444 3976 ι
2485 3925 2974 3982 Cirrunnledcrunt
3016 3938 3101 3977 me
3131 3922 3272 3975 sicut
3298 3937 3446 3990 apes,
3474 3931 3531 3977 et

1941 4026 2267 4072 exarserunt
2307 4017 2446 4070 sicut
2473 4016 2612 4084 ignis
2639 4016 2691 4068 in
2724 4013 2896 4084 spinis
2930 4010 3103 4082 (Psal.
3135 4010 3324 4080 cxvii).
3360 4030 3379 4062 ι

2014 4108 2173 4178 150
2220 4109 2346 4162 lude
2396 4106 2624 4177 profecti
2677 4115 2801 4161 sunt
2851 4106 2900 4158 in
2945 4101 3527 4166 llelmmulchlathaim,

1937 4203 2080 4271 quod
2138 4201 2366 4253 Vertitur
2414 4200 2467 4252 in
2509 4209 2858 4268 Contemptum
2907 4194 3241 4265 palatorum,
3302 4194 3406 4249 hoc
3446 4203 3531 4248 est

1940 4294 2162 4358 ﬁcuutn,
2205 4293 2319 4347 sive
2348 4301 2671 4360 contemptus
2700 4288 2986 4358 opprobrii.
3028 4285 3190 4340 Ficus
3226 4293 3408 4339 autem
3434 4287 3530 4340 de»

1939 4387 2159 4441 liciosus
2211 4393 2296 4438 est
2353 4385 2592 4447 fructus;
2625 4399 2720 4453 per
2745 4383 2888 4452 quod
2922 4378 3246 4448 intelligitur
3275 4390 3522 4433 necessa-

1940 4481 2084 4533 rium
2109 4493 2229 4532 esse
2250 4488 2306 4530 ut
2327 4478 2418 4547 qui
2439 4476 2548 4546 jam
2567 4476 2722 4530 donis
2738 4474 3048 4529 cmlestihus
3066 4473 3524 4543 appropinquant,

1942 4582 2134 4627 cuncta
2168 4572 2403 4626 carnalis
2450 4570 2715 4626 illecebra:
2757 4568 3123 4622 blandimenta
3154 4571 3524 4619 contemnant.

1942 4665 2096 4733 Quod
2125 4665 2168 4719 si
2202 4672 2545 4732 contemptus
2575 4659 2850 4730 opprobrii
2883 4656 3053 4725 magis
3082 4654 3527 4723 admittitnr,per

1943 4757 2045 4811 hoc
2069 4757 2179 4826 jam
2227 4755 2540 4809 dubitanter
2582 4751 2904 4805 instrnimur
2936 4757 3013 4812 ut,
3038 4746 3082 4800 si
3115 4745 3331 4815 quando
3359 4744 3527 4798 licere-

1944 4847 2174 4902 ticorum
2228 4846 2309 4899 vel
2363 4843 2720 4912 rc-prulmrum
2778 4837 3147 4906 quorumlibet
3203 4834 3526 4888 dehonesta-

1942 4956 2062 4996 ntttt'
2089 4937 2321 5006 injuriis,
2349 4952 2452 4989 non
2480 4934 2778 4986 turbentur.
2807 4929 2908 4982 Per
2929 4928 3070 4996 quod
3097 4924 3526 4979 scilicetutrum-

1941 5047 2046 5102 quc
2075 5029 2366 5082 salubriter
2407 5026 2719 5085 etiocemur,
2749 5032 2805 5074 ut
2837 5033 2936 5073 nos
2968 5033 3070 5071 nec
3103 5015 3373 5068 inhonesti
3397 5027 3528 5068 con-

1942 5131 2179 5192 temptus
2205 5119 2386 5174 irrisio
2415 5124 2649 5177 moveat,
2685 5127 2784 5166 nec
2825 5111 2930 5164 ulla
2967 5119 3196 5163 terrena:
3228 5105 3528 5160 dulcedinis

1941 5214 2340 5268 oblectamenta
2367 5208 2673 5271 resolvant;
2700 5213 2967 5274 quatenus
2990 5202 3056 5256 de
3080 5201 3182 5254 hoc
3207 5198 3404 5254 mundo
3430 5211 3526 5251 va-

1941 5325 2147 5380 leamus
2180 5307 2503 5370 dicerecum
2534 5301 2803 5372 Propheta
2838 5317 2850 5352 :
2885 5317 2902 5349 ι
2933 5297 3088 5353 Sicut
3121 5295 3359 5350 tenebrae
3384 5293 3522 5364 ejus,

1943 5403 2014 5458 ita
2045 5413 2100 5455 et
2131 5401 2310 5454 lumen
2339 5399 2455 5472 ejps
2485 5394 2657 5468 (Psal.
2683 5392 2968 5462 cxxxvtn).
3009 5409 3028 5468 ι

2014 5495 2138 5547 lude
2168 5489 2525 5559 commigrant
2558 5487 2623 5541 ad
2655 5495 2866 5539 montes
2895 5482 3115 5537 Abarim
3139 5487 3326 5535 contra
3352 5475 3522 5530 Nabo.

1928 5570 2191 5647 'Abattim,
2252 5583 2535 5644 transitus,
2587 5577 2737 5632 Νειὺο
2773 5574 3046 5634 "abscessio
3099 5571 3524 5638 interpretatur;

1940 5678 2030 5733 tibi
2066 5676 2279 5732 scilicet
2302 5675 2480 5730 anima
2512 5670 2668 5742 quasi
2698 5685 2794 5741 per
2820 5681 3009 5722 omnes
3053 5663 3264 5718 itineris
3293 5655 3526 5714 mansio-

1945 5784 2061 5836 nes,
2100 5768 2169 5821 ita
2201 5781 2294 5836 per
2352 5773 2576 5820 cunctas
2607 5760 2766 5816 fuerit
2802 5770 3090 5830 progressa
3120 5753 3374 5814 virtutes,
3401 5745 3530 5816 quia
