4078 5382
558 326 697 382 1085

1465 319 1970 377 COLLECTANEA
2011 317 2077 374 1N
2120 318 2345 376 VETUS
2385 321 2923 380 TESTAMENTUM.

3720 317 3874 373 1064

556 438 665 507 iam
712 437 778 492 ad
835 434 1048 491 culmen
1105 431 1452 502 perfectionis
1491 433 1774 498 ascendit,
1814 441 1996 489 mente
2027 447 2151 487 mox
2181 438 2229 496 Λ
2260 435 2513 490 naculum
2551 445 2952 502 construentes,
3005 432 3123 503 ejus
3177 432 3393 492 nuentls
3435 448 3468 489 a
3505 434 3726 490 cunctis
3755 451 3872 489 nos

560 529 753 585 transit
791 543 858 582 ex
888 527 990 583 hoc
1015 526 1236 591 saeculo,
1267 537 1321 579 et
1345 526 1606 580 abscedit.
1637 525 1769 592 Quae
1794 526 2050 581 nimirum
2076 533 2156 580 et-

558 621 606 677 si
634 620 824 686 adhuc,
843 632 1067 674 manere
1095 617 1341 671 videatur
1357 616 1410 670 in
1437 616 1661 680 mundo.
1691 615 1745 669 in
1767 630 1932 670 carne
1945 625 2148 678 tamen,

560 725 668 768 non
727 709 1024 766 secundum
1070 722 1289 763 carnem
1343 707 1653 771 ambulans,
1704 706 1818 775 jam
1867 707 2149 762 recessite

563 799 786 855 mundo.
833 797 989 854 Sicut
1017 798 1082 854 de
1106 797 1292 851 Enocb
1343 795 1545 851 dicitur
1578 813 1591 850 :
1629 813 1649 846 ι
1680 795 1748 849 Et
1774 810 1881 848 non
1912 795 2152 849 invenie-

558 891 738 955 batur,
762 889 889 959 quia
915 887 1196 943 transtulit
1224 886 1370 941 illum
1412 887 1553 941 Deus
1579 884 1730 957 (Gen.
1750 886 1822 955 v).
1864 904 1882 936 ι
1902 884 1979 939 Ita
2003 885 2152 954 quis-

559 980 682 1053 quis
725 979 1012 1035 sanctitate
1067 975 1367 1048 perfectus,
1423 983 1478 1030 et
1515 974 1849 1044 mundojam
1878 984 2150 1040 mortuus,

559 1071 880 1144 pertransiit
943 1069 1228 1136 mundum,
1259 1077 1314 1124 et
1362 1068 1574 1124 habitat
1614 1067 1668 1122 in
1713 1067 1937 1138 regione
1977 1066 2152 1121 virtu-

562 1175 699 1220 tum.

639 1253 924 1328 Postrema
959 1267 1090 1308 vero
1116 1252 1326 1308 mansio
1355 1262 1440 1307 est
1471 1253 1523 1308 in
1555 1251 1951 1321 campestribus
1970 1250 2150 1318 Moab,

562 1358 728 1414 super
772 1342 1068 1416 lardanem
1104 1352 1295 1416 contra
1335 1342 1571 1398 Jericlio.
1610 1341 1691 1395 Ad
1721 1343 1824 1396 boc
1860 1341 2004 1395 enim
2041 1349 2150 1394 tam

563 1433 708 1507 longi
736 1436 949 1490 itineris
977 1437 1238 1490 transitus
1264 1435 1462 1505 agitur,
1490 1435 1556 1488 ad
1588 1435 1690 1488 hoc
1715 1441 1864 1488 totus
1890 1431 2151 1508 (erumnis

563 1541 628 1583 ac
675 1527 950 1585 laboribus
998 1543 1093 1598 per
1119 1538 1330 1583 vastam
1389 1526 1550 1595 hujus
1589 1527 1776 1582 mundi
1808 1525 2152 1580 solitudinem

563 1621 891 1691 suspiratur,
918 1631 978 1677 ut
1008 1622 1342 1693 applicemns
1359 1623 1426 1677 ad
1455 1619 1769 1686 Iordanem,
1803 1621 1906 1675 hoc
1931 1629 2033 1683 est,
2064 1633 2154 1673 ac-

563 1714 824 1770 cedamus
873 1715 942 1770 ad
973 1715 1354 1770 incxliaustam
1394 1714 1633 1770 caelestis
1673 1713 1951 1783 sapientiae
1978 1711 2154 1782 pleni-

565 1804 827 1862 tudinem.
859 1806 1021 1863 Juxta
1054 1823 1217 1879 quam
1252 1808 1716 1878 peregrinationis
1744 1815 1944 1862 nostra:
1972 1805 2152 1861 taber-

2261 526 2482 598 Egypti
2531 528 2878 600 squaloribus
2922 541 3275 597 properemus
3310 526 3555 592 abluere,
3584 527 3872 598 utpuriﬁ-

2255 617 2363 672 cati
2419 628 2622 672 terram
2681 617 3123 686 repromissionis
3174 616 3453 672 valeamus
3494 617 3737 680 intrare,
3799 627 3868 671 ut

2253 707 2450 774 simus,
2484 709 2623 762 sicut
2651 707 2717 762 de
2744 721 2942 777 sponsa
2991 706 3047 760 in
3077 705 3319 761 Canticis
3347 706 3546 763 dicitur
3578 722 3593 761 :
3624 723 3643 758 t
3687 705 3865 762 Oculi

2251 799 2371 869 ejus
2395 800 2538 854 sicut
2566 798 2831 854 columba:
2860 812 3024 868 super
3055 799 3201 854 rivos
3226 813 3512 868 aquarum,
3538 813 3662 868 quae
3702 799 3858 854 lacte

2252 889 2510 945 suntlota:
2522 898 2577 945 et
2590 889 2826 945 resident
2836 889 2991 960 juxta
3004 887 3201 944 fluenta
3217 887 3532 959 plenissima
3547 889 3823 962 (Canta).
3836 910 3857 942 ι

2251 981 2321 1036 Ει
2347 981 2645 1037 notandum
2693 981 2837 1052 quod
2863 981 3134 1052 profectio
3179 982 3287 1037 ista
3318 997 3426 1038 non
3454 982 3509 1037 in
3540 983 3861 1048 montibus,

2251 1074 2347 1129 sed
2383 1075 2434 1128 in
2461 1073 2860 1142 campestribus
2888 1072 3108 1139 desinit,
3155 1073 3409 1142 quoniam
3438 1073 3614 1128 sancti
3646 1074 3867 1144 quique

2252 1176 2455 1238 quanto
2477 1165 2695 1222 celsiori
2723 1165 3054 1234 perfectione
3079 1167 3451 1237 suntprzediti,
3476 1176 3632 1222 tanto
3655 1165 3862 1238 majori

2253 1266 2380 1311 sunt
2435 1257 2742 1311 humilitate
2791 1255 3022 1310 fundati.
3053 1255 3154 1323 Qui
3200 1258 3366 1313 etiam
3405 1265 3596 1312 contra
3629 1257 3863 1313 Jericbo

2252 1347 2564 1403 mansiones
2614 1346 2907 1410 aedificant,
2964 1348 3219 1418 quoniam
3265 1349 3530 1403 adversus
3559 1349 3861 1411 mundum,

2252 1435 2342 1504 qui
2386 1450 2481 1506 per
2522 1450 2642 1489 eam
2691 1435 3026 1505 designatur,
3081 1436 3541 1493 infmderabiliter
3582 1449 3858 1506 pugnant.

2253 1529 2463 1596 Quibus
2509 1527 2753 1583 dicitur:
2791 1545 2810 1580 ι
2857 1529 2913 1584 Si
2950 1530 3017 1584 de
3047 1529 3250 1585 mundo
3288 1528 3555 1590 fuissetis.
3589 1530 3855 1589 ninndus,

2253 1621 2399 1691 quod
2448 1635 2606 1675 suum
2639 1629 2777 1683 erat,
2807 1621 3089 1693 diligeret;
3147 1620 3241 1675 sed
3269 1621 3393 1691 quia
3425 1620 3490 1675 de
3513 1619 3720 1674 mundo
3747 1634 3859 1672 non

2253 1713 2406 1780 esus,
2436 1721 2724 1785 propterea
2752 1713 2865 1767 odit
2890 1728 2986 1771 vos
3015 1713 3248 1770 mundus
3271 1711 3452 1788 (Joan.
3489 1711 3604 1779 xv).
3646 1729 3665 1762 ο

1557 1919 1868 1992 Expliciunt
1904 1917 2202 1974 testimonia
2241 1915 2364 1970 libri
2392 1913 2638 1969 Numeri.

1244 2079 1591 2153 151-152
1630 2073 1972 2138 INCIPIUNT
2015 2070 2359 2130 CAPITULA
2404 2067 2609 2142 LIBRI.
2638 2067 3176 2128 DEUTERONOM".

631 2188 686 2246 Ι.
733 2189 886 2256 Quod
911 2191 995 2245 lex
1026 2193 1078 2244 in
1105 2200 1274 2244 monte
1301 2189 1475 2244 lloreb
1498 2189 1624 2243 data
1656 2189 1747 2243 sit.

633 2259 694 2314 2.

637 2328 692 2383 '5.

636 2397 692 2453 ι.

803 2473 866 2524 de
899 2471 1025 2524 calo
1055 2471 1281 2539 pluviam
1308 2479 1633 2537 exspectans.

634 2535 692 2594 ὅ.
734 2537 888 2604 Quod
923 2535 1073 2610 pra'ci

644 2677 669 2680 _
737 2675 783 2680 __
803 2610 1073 2680 populum.

635 2677 692 2736 6.
735 2677 979 2734 (Ii/mmo
1002 2680 1275 2762 formidolc

633 2816 690 2874 7.
732 2751 1275 2874 σιρῶἲᾶξὲτῖῗῗέἳὲιιά

808 2959 978 3013 locant
1013 2970 1206 3014 teneat.

734 2251 821 2314 Zit
852 2261 1105 2316 Dominus
1140 2259 1311 2330 Moysi
1340 2276 1377 2330 :7
1394 2258 1562 2330 Vade,
1586 2269 1632 2330 et
1663 2259 1748 2330 dic
1771 2255 1963 2329 populo
1984 2271 2013 2330 ί
2044 2253 2382 2309 Revertimini
2407 2251 2464 2307 in
2491 2251 2717 2330 tentoria
2743 2259 2946 2330 vestra;
2977 2261 3033 2304 tu
3062 2268 3182 2306 vero
3209 2253 3292 2330 hic
3309 2263 3408 2330 _sta
3435 2269 3664 2310 mecum.

735 2330 822 2412 ῥέε
855 2330 1057 2412 Moyses
1079 2322 1271 2412 papula)
1299 2343 1317 2381 :
1351 2329 1505 2412 Dedit
1537 2329 1628 2381 tibi
1650 2322 1910 2409 Dominus
1947 2325 2145 2412 cibum,
2168 2339 2386 2412 inunita,
2411 2322 3021 2412 ft
3045 2326 3359 2412 {ingressuri},
3422 2410 3429 2412 Δ
3474 2408 3486 2412 Δ
3587 2397 3598 2408 .
3638 2396 3674 2412 ρ.

738 2397 861 2454 Non
892 2391 988 2462 esi,
1015 2391 1180 2470 inquit
1211 2399 1439 2469 Moyses.
1468 2408 1630 2464 terra,
1658 2414 1816 2469 quam
1845 2395 2180 2467 ingredimini
2204 2391 2814 2465 possidendamsimilis
2837 2401 2990 2446 terra:
3018 2391 3257 2464 Egypti,
3299 2395 3362 2448 de
3383 2408 3488 2465 qua
3510 2396 3722 2459 existis,
3754 2398 3848 2450 sed

734 2537 888 2604 Quod
923 2531 1155 2610 ργαιὸἱρὲι
1189 2531 1443 2598 Dominus
1474 2548 1550 2602 ut,
1586 2539 2031 2608 appropinquante
2075 2535 2188 2605 jam
2234 2533 2446 2604 prwlio,
2497 2531 2743 2588 sacerdos
2792 2539 2914 2584 ante
2963 2531 3125 2584 aciem
3167 2543 3348 2600 staret,
3380 2545 3428 2588 et
3465 2534 3848 2592 exhortaretur

735 2671 813 2734 σι’
826 2671 979 2732 homo
1002 2680 1376 2748 formidolosus
1399 2689 1445 2733 et
1470 2679 1624 2733 corde
1647 2677 1836 2748 pavido
1866 2693 1969 2732 non
1991 2673 2320 2746 egrederetur
2342 2673 2412 2726 ad
2432 2671 2654 2741 bellum;
2684 2671 2774 2726 sed
2799 2679 3085 2726 revertatur
3112 2672 3166 2726 in
3186 2681 3380 2729 terram
3407 2689 3580 2739 suam,
3612 2691 3680 2729 ne
3704 2676 3844 2730 alios

732 2812 810 2873 Π(
826 2812 1031 2872 mulieri
1057 2821 1110 2874 in
1131 2819 1262 2874 bella
1292 2828 1458 2888 capue
1481 2829 1530 2873 et
1558 2819 1612 2872 in
1635 2817 1939 2888 conjugium
1970 2815 2180 2888 victoris
2211 2813 2391 2888 electra
2415 2813 3016 2888 cantor-issuperﬂt‘titas
3043 2812 3410 2888 abscindatur.

676 2927 690 2942 .
731 2890 884 2961 Quod
913 2891 959 2944 si
984 2889 1128 2958 ﬁlius
1159 2881 1365 2944 odioste'
1388 2890 1630 2961 conjugis
1667 2881 2044 2958 print'ogenitus
2083 2885 2263 2958 fuerit,
2298 2901 2401 2944 non
2439 2881 2600 2954 possit
2632 2881 2843 2938 dilectae
2869 2881 3012 2952 filius
3047 2883 3095 2936 ei
3123 2883 3386 2954 praeferri,
3420 2895 3476 2938 ut
3495 2886 3839 2955 primogeniti

632 3029 686 3084 9.
729 3028 798 3084 Ut
828 3031 870 3082 si
897 3033 1147 3100 acceperit
1182 3031 1337 3084 homo
1357 3044 1602 3093 uxorem,
1633 3039 1680 3083 et
1705 3027 1798 3083 illa
1820 3043 1923 3082 non
1949 3025 2197 3082 inuenerit
2218 3025 2444 3095 gratiam
2466 3033 2588 3083 ante
2614 3022 2794 3083 oculos
2821 3022 2956 3096 ejus,
2983 3023 3178 3078 scribat
3198 3024 3245 3078 ei
3266 3018 3498 3078 libellum
3522 3027 3754 3096 repudii,
3793 3037 3844 3079 ι·

807 3100 1038 3153 dimittat
1061 3117 1176 3154 cam
1205 3100 1454 3153 tle‘donto
1484 3117 1600 3153 sua.

610 3168 696 3222 10.
742 3169 807 3224 Ut
844 3171 888 3222 si
919 3187 1035 3222 eum
1072 3171 1162 3240 qui
1184 3170 1408 3238 peccarit
1437 3168 1644 3240 judices
1674 3168 1889 3240 dignum
1913 3167 2134 3240 viderint
2162 3164 2349 3236 plagis,
2373 3172 2725 3240 prosternant,
2755 3173 2802 3218 et
2830 3179 3009 3218 coram
3043 3180 3098 3218 se
3118 3163 3318 3234 faciant
3341 3164 3622 3221 uerberari.

617 3240 699 3309 ii.
751 3241 823 3292 De
837 3241 985 3309 justo
1008 3238 1234 3308 pondere
1266 3250 1310 3293 et
1332 3239 1524 3309 wquali
1553 3240 1726 3292 modio
1758 3238 2030 3309 habendis.

601 3307 699 3368 12.
738 3304 945 3380 Moyses
971 3304 1036 3364 de
1066 3310 1231 3364 Aser:
1253 3304 1473 3380 ferrum,
1507 3310 1695 3380 inquit,
1729 3319 1777 3364 et
1805 3324 1876 3362 tes
1899 3307 2309 3361 calceamentum
2334 3304 2470 3375 ejus.

1897 3399 2204 3470 Expliciunt
2245 3396 2498 3468 capitula.

727 3554 1372 3652 INCIPIUNT
1437 3525 2191 3642 TESTIMONIA
2260 3547 2590 3636 LIBRI
2659 3545 3653 3641 DEUTERONOMII.

1075 3718 1305 3774 CAPUT
1341 3718 1635 3774 PlililUM.

561 3811 638 3875 ιι
670 3812 890 3886 epistola
929 3812 999 3867 ad
1037 3810 1394 3886 Alexandrum
1418 3827 1632 3881 papam,
1661 3810 1750 3868 ubi
1776 3809 1840 3864 de
1867 3807 2149 3864 insolentia

1211 3881 1493 3939 malorum.

637 3995 788 4053 Mens
817 3996 1075 4060 humana,
1110 3995 1342 4049 terrenis
1364 3993 1720 4049 obtcncbrata
1751 3991 2002 4064 negotiis.
2039 3991 2152 4047 fru-

564 4097 678 4159 stra
706 4102 765 4144 se
794 4086 848 4141 in
876 4085 1352 4158 contemplationis
1401 4085 1614 4142 culmen
1645 4084 1894 4140 attollere
1935 4084 2147 4148 nititur,

492 4239 494 4242 ,
559 4180 694 4246 dum
747 4179 1023 4232 actionum
1074 4176 1413 4232 saecularium
1464 4176 1660 4231 merito
1689 4175 1848 4246 quasi
1878 4173 2151 4246 congestis

564 4269 802 4340 lapidum
842 4251 1137 4345 ruderibus
1181 4277 1526 4336 aggravatur.
1568 4263 1724 4320 Sicut
1770 4265 1916 4320 enim
1976 4264 2146 4330 aluta,

562 4369 851 4430 postquam
880 4374 979 4429 per
1020 4359 1211 4413 limosa
1244 4359 1341 4412 luti
1374 4357 1573 4414 fluenta
1599 4357 1896 4421 transierit,
1931 4373 2036 4412 non
2058 4355 2148 4412 ad-

565 4451 734 4504 mittit
783 4451 1050 4512 arvinam,
1079 4451 1158 4504 sic
1186 4455 1339 4504 mens
1370 4451 1632 4513 humana,
1683 4449 1786 4504 nisi
1827 4447 1895 4502 ab
1927 4449 2150 4502 humore

559 4542 731 4615 fuerit
756 4557 900 4596 curre
928 4541 1204 4596 saecularis
1227 4557 1482 4610 exsucca,
1511 4557 1616 4596 non
1647 4541 1880 4610 percipit
1904 4553 2151 4609 supernae

561 4633 907 4706 pinguedinis
930 4634 1183 4704 gratiam.
1232 4633 1397 4688 Pellis
1419 4633 1562 4688 enim
1590 4634 1735 4690 sicca
1769 4631 2148 4702 pinguedinem

562 4726 848 4790 coinbibit,
887 4725 1198 4782 humcfacta
1227 4725 1457 4796 repellit.
1492 4726 1556 4782 Et
1587 4723 1884 4780 humanum
1916 4739 2031 4787 cor,
2053 4723 2152 4778 do-

565 4832 666 4872 nec
694 4833 944 4872 curarum
975 4819 1316 4873 saecularium
1357 4819 1581 4880 madore
1618 4817 1902 4888 turgescit,
1931 4816 2148 4887 saginas

568 4909 795 4963 internas
844 4909 1028 4979 gratiae
1069 4923 1176 4963 non
1230 4909 1486 4962 admittit.
1523 4907 1674 4962 Unde
1695 4917 1748 4962 et
1775 4907 1863 4960 In.
1885 4907 1938 4960 in
1969 4914 2147 4960 monte

562 4994 746 5054 Ποῖ-εὶ)
771 4997 897 5052 data
935 4998 1130 5067 legitur
1159 4994 1360 5063 (Exod.
1407 4998 1522 5067 xx),
1555 4998 1698 5067 quod
1730 4996 1975 5051 videlicet
1996 4997 2147 5049 sicci-

2177 3719 2221 3778 B
2250 3713 2436 3784 gillosa
2469 3723 2630 3776 terra.
2664 3731 2784 3784 qua:
2816 3715 3067 3775 videlicet
3097 3735 3291 3788 aquam
3309 3719 3560 3776 sitienter
3586 3719 3832 3787 imbibit,

2253 3803 2446 3858 Hiram
2477 3805 2544 3859 ad
2581 3805 2891 3861 Salomonis
2918 3807 3202 3877 imperium
3239 3807 3527 3865 fabricavit
3557 3811 3679 3880 (III
3711 3812 3841 3884 Reg.

2252 3893 2384 3964 vn);
2441 3909 2509 3949 ex
2557 3895 2756 3966 quibus
2807 3896 3064 3953 nimirum
3116 3899 3262 3954 vasis
3307 3909 3364 3955 et
3415 3899 3550 3957 illud
3585 3904 3844 3975 estquod

2252 3983 2424 4040 imbre
2449 3985 2656 4042 caelesti
2685 3988 3022 4057 concupiscit
3045 3989 3281 4060 impleri,
3307 3991 3496 4048 dicens
3529 4010 3543 4047 :
3583 4011 3605 4046 r
3640 3994 3842 4050 Anima

2251 4087 2372 4128 mea
2403 4074 2547 4129 sicut
2575 4087 2719 4130 terra
2741 4075 2859 4131 sine
2873 4091 3010 4150 aqua
3028 4077 3123 4133 tibi
3153 4075 3327 4148 (Psal.
3351 4083 3546 4152 exui);
3576 4086 3683 4138 iad
3696 4086 3842 4153 quod

2253 4164 2375 4220 ideo
2403 4173 2638 4221 a:stnans
2657 4166 2862 4222 clamat
2892 4184 2906 4222 :
2947 4185 2968 4220 ι
3003 4166 3188 4246 ὃνὶιίγὶι
3212 4170 3396 4225 anima
3425 4187 3546 4226 mea
3580 4175 3650 4228 ad
3673 4173 3839 4228 Deum

2249 4260 2430 4317 vivum
2451 4261 2694 4329 :quando
2713 4261 2927 4316 veniam
2947 4269 3004 4318 et
3025 4264 3296 4335 apparebo
3310 4273 3437 4320 ante
3458 4263 3654 4320 faciem
3677 4265 3769 4323 Dei
3786 4268 3835 4319 ti

2251 4350 2430 4422 (Psal.
2454 4351 2587 4423 xu).

2881 4443 3109 4503 CAPUT
3146 4443 3210 4501 11.

2497 4533 2565 4591 In
2601 4534 2820 4606 epistola
2854 4537 2924 4590 ad
2962 4535 3154 4606 fratres
3191 4534 3584 4592 Cluniacenses.

2318 4628 2564 4684 Caveant
2612 4629 2668 4684 bi
2713 4629 2805 4700 qui
2827 4628 3045 4700 prodire
3085 4629 3334 4686 fortassis
3377 4629 3555 4685 adhuc
3591 4628 3644 4684 in
3670 4629 3839 4697 publi-

2247 4735 2370 4775 cum
2412 4719 2810 4791 concupiscunt
2862 4735 2951 4786 ne,
3001 4721 3127 4776 dum
3188 4720 3369 4777 inania
3393 4733 3625 4777 cernere
3655 4719 3838 4776 liberis

2246 4808 2527 4865 obtutibus
2569 4809 2801 4877 inhiant,
2850 4811 3100 4866 dextrum
3152 4812 3391 4879 oculum,
3441 4811 3547 4868 hoc
3592 4820 3677 4868 est
3727 4812 3834 4866 vim

2250 4901 2459 4956 intimae
2514 4901 3398 4974 contemplationis,exstingoant.
3455 4903 3569 4959 Nec
3623 4904 3835 4974 pruriat

2245 5007 2434 5046 eorum
2465 4991 2590 5062 gula
2614 5006 2739 5046 cum
2767 4991 2859 5048 illo
2910 4992 3108 5048 carnali
3137 4993 3300 5049 Israel
3362 5007 3573 5064 porros,
3601 5006 3759 5064 cepas
3783 4999 3836 5044 et

565 5095 647 5140 tas
680 5087 1088 5166 interpretatur.
1145 5087 1236 5140 illa
1269 5087 1502 5156 denique
1547 5103 1704 5143 mens
1729 5103 1847 5155 qua:
1873 5102 1970 5156 per
1995 5099 2145 5139 amo-
2172 5071 2218 5134 C
2248 5081 2374 5135 allia
2419 5079 2610 5151 (Nam.
2643 5082 2743 5150 λι).
2781 5097 3010 5151 quarum
3059 5082 3310 5139 videlicet
3349 5081 3645 5140 herbarum
3673 5082 3833 5138 vehe-

568 5189 683 5228 rem
711 5177 932 5243 spiritus
965 5177 1017 5229 in
1049 5175 1157 5229 alta
1182 5176 1508 5243 sustollitnr,
1549 5193 1706 5232 mons
1741 5185 1824 5247 est
1852 5176 1902 5229 in
1926 5190 2032 5244 quo
2054 5173 2142 5228 lex

567 5263 783 5318 Domitii
820 5258 1332 5333 irreprehensibilis,
1361 5282 1482 5336 quae
1513 5268 1702 5338 procul
1729 5266 1890 5321 dubio
1909 5264 2148 5321 cbaritas

569 5361 646 5382 nol
726 5352 977 5382 l':‘l:“:.llﬂ
1032 5355 1403 5382 ηκηιιιιιιι-...α--α
1484 5357 1545 5382 nl
1696 5373 1849 5382 ...Α-ι.-
1882 5355 2150 5382 ..ΑῌΑΑΞΙΛΩ

2251 5187 2404 5227 mens
2431 5172 2728 5227 acrimonia
2751 5173 2940 5228 oculos
2969 5172 3152 5227 turbat
3177 5180 3232 5229 et
3255 5173 3323 5228 ad
3343 5171 3616 5243 lacryntas
3640 5187 3828 5243 provo-

2251 5270 2359 5329 cat,
2384 5263 2510 5331 quia
2533 5259 2788 5321 nimimm
2811 5261 3086 5320 smcularis
3113 5263 3280 5328 actio,
3306 5263 3430 5318 dum
3461 5263 3648 5319 multis
3675 5279 3824 5334 pres-

2283 5369 2500 5382 ..-ειη-ιω
2557 5354 2818 5382 Αηηοιβςζζρ
2864 5354 3097 5382 Αζυιη2111-
3147 5354 3272 5382 ιιι-..ι
3303 5354 3548 5382 ΙΛΙιΑ-ΙΩΜ
3584 5357 3803 5382 ξαρ-...ΠΛ-
