4052 6312
1137 304 1163 319 4

253 341 394 397 1065

250 560 486 609 mecum,
523 553 579 598 et
599 542 788 611 loquar
822 541 916 595 tibi
945 540 1128 594 omnia
1182 541 1459 603 mandata,
1489 540 1834 595 crerimonias

222 642 413 703 atque
460 631 664 703 judicia
718 629 896 698 (Deut.
921 629 1002 700 ἧν).
1035 647 1053 680 ι
1087 630 1312 684 (laeteris
1349 630 1546 699 quippe
1577 630 1628 684 in
1656 630 1837 684 carnis
1923 646 1926 650 '

251 740 363 780 sua:
390 723 625 777 tentorio
652 719 1044 775 delectabiliter
1069 719 1498 788 quiescentibus,
1533 735 1723 774 servus
1745 719 1840 774 Dei

1405 335 1473 392 IN
1513 335 1772 394 LIBRUM
1815 337 2357 394 DEUTERONOMII.

229 455 334 510 .eis
367 472 379 508 :
411 435 768 506 Revertimini
798 446 850 502 in
883 445 1114 503 tentoria
1150 453 1329 502 vestra
1357 463 1371 512 ;
1403 456 1458 502 tu
1482 463 1613 503 vero
1643 448 1733 504 hic
1757 457 1836 504 sta
1866 462 1916 519 Α

3368 316 3510 402 tuo:

2559 449 2787 506 CAPUT
2829 451 2891 506 γ.

2297 540 2361 595 In
2392 559 2627 598 sermone
2659 547 2724 598 de
2763 544 2824 600 S.
2858 544 3162 602 Anastasio.

2019 652 2038 684 ι
2084 634 2589 704 Appropinquante.
2616 635 2692 690 ait
2720 635 3000 701 Dominus,
3023 635 3135 704 jam
3166 637 3375 707 prtelio,
3401 647 3519 696 sta-

1940 726 2022 781 bit
2053 728 2305 800 sacerdos
2324 736 2462 802 ante
2491 728 2664 782 aciem
2690 769 2704 791 ,
2737 739 2793 783 et
2834 728 2914 783 sic
2948 727 3201 798 loquetur
3243 731 3313 786 ad
3356 747 3528 803 portu-

253 831 360 872 non
387 815 626 870 residere
643 811 885 882 jubetur,
915 812 1010 868 sed
1038 822 1182 867 stare
1207 829 1328 867 cum
1367 813 1618 874 Domino,
1656 821 1711 864 ιιι
1733 827 1842 881 quo
1941 813 2052 869 lum
2079 797 2287 882 :‘Audi,
2318 797 2478 872 Israel
2507 831 2521 870 :
2552 831 2649 871 vos
2694 816 2853 871 hodie
2904 797 3092 872 contra
3142 797 3390 874 inimicos
3429 797 3530 874 ve-

233 907 520 963 remotius
571 921 602 960 a
651 905 837 959 mundi
883 904 1161 960 laboribus
1199 914 1399 969 cessat,
1439 919 1504 958 eo
1531 902 1844 972 vigilantius

255 1000 310 1054 in
334 997 534 1053 divinis
582 996 860 1067 obsequiis
906 995 1020 1066 ipse
1044 1011 1103 1052 se
1138 1004 1344 1051 saneta:
1399 996 1598 1066 quietis
1629 993 1844 1050 fervore

231 1129 240 1141 ι
251 1097 532 1146 exerceat.

877 1177 1106 1235 CAPUT
1145 1177 1231 1232 ill.

759 1270 830 1324 In
865 1270 1048 1326 eadem
1085 1269 1326 1340 epistola.

241 1409 246 1414 .
330 1385 354 1416 ι
402 1362 560 1419 Dedit
586 1361 682 1417 tibi
710 1361 971 1418 Dominus
1004 1359 1185 1414 cibum
1217 1374 1437 1421 manna,
1468 1357 1610 1426 quod
1636 1359 1850 1428 ignora-

259 1457 358 1508 bas
384 1461 442 1507 ιιι
485 1462 539 1507 et
567 1461 748 1522 patres
781 1451 878 1514 tui,
928 1461 988 1507 ut
1014 1450 1326 1505 ostenderet
1359 1449 1450 1502 tibi
1482 1449 1624 1518 quod
1657 1463 1762 1503 non
1793 1447 1848 1502 in

261 1543 379 1599 solo
397 1556 536 1612 pane
557 1541 689 1594 vivit
717 1539 897 1601 homo.
946 1537 1043 1593 sed
1077 1538 1130 1592 in
1151 1538 1298 1591 omni
1327 1538 1493 1591 verbo
1520 1538 1663 1606 quod
1691 1550 1845 1606 egre-

241 1635 408 1690 .ditur
428 1649 496 1688 ex
518 1647 613 1687 ore
636 1631 846 1685 Domini
869 1629 1053 1699 (Deut.
1086 1645 1213 1694 vttt;
1240 1627 1435 1683 Matth.
1451 1643 1533 1692 tv;
1563 1627 1693 1680 Luc.
1715 1624 1844 1697 tv),i

1945 917 2088 963 stros
2113 922 2345 978 pugnam
2370 908 2730 972 committitis,
2759 923 2866 962 non
2902 908 3257 977 pertimescat
3295 925 3391 966 cor
3438 927 3530 966 ve-

1946 1005 2140 1062 strum',
2169 997 2335 1052 nolite
2359 1007 2621 1063 metuere,
2651 999 2820 1053 nolite
2845 999 3060 1064 cedere,
3088 1015 3190 1056 nec
3221 999 3530 1066 formidetis

1945 1103 2061 1157 eos,
2087 1091 2214 1161 quia
2246 1091 2504 1147 Dominus
2545 1093 2687 1148 Deus
2714 1101 2890 1148 vester
2916 1093 2969 1148 in
3008 1095 3186 1149 medio
3229 1097 3396 1152 vestri
3425 1107 3532 1163 est,

1949 1187 2006 1235 et
2032 1195 2132 1250 pro
2161 1181 2314 1235 vobis
2343 1191 2535 1236 contra
2567 1183 2920 1242 adversarios
2955 1183 3257 1250 dimicabit,
3286 1195 3346 1240 ut
3376 1197 3533 1241 eruat

1950 1284 2046 1323 vos
2067 1269 2132 1324 de
2151 1269 2392 1338 periculo
2415 1269 2593 1341 (Deut.
2619 1273 2765 1341 ω.»
2785 1271 2849 1325 Et
2871 1275 3164 1327 notandum
3188 1275 3331 1342 quod
3352 1289 3536 1330 sacer-

1950 1362 2049 1416 dos
2070 1360 2183 1430 qui,
2203 1361 2516 1416 imminente
2532 1361 2645 1431 jam
2671 1361 2830 1426 bello,
2858 1362 3231 1430 concionatur,
3255 1379 3360 1419 non
3382 1364 3538 1430 alibi,

1954 1451 2048 1504 sed
2079 1459 2206 1504 ante
2238 1450 2411 1505 aciem
2455 1459 2603 1506 stare
2637 1451 2979 1519 prtecipitur.
3031 1460 3093 1505 ut
3145 1451 3398 1508 videlicet
3444 1470 3540 1508 eos

1933 1539 2023 1593 ‘ad
2083 1555 2336 1610 pugnam,
2391 1555 2527 1609 quos
2579 1535 3052 1596 adhortationibus
3094 1551 3377 1610 provocat,
3423 1545 3541 1614 ipse

1956 1643 2171 1698 quoque
2215 1628 2446 1698 praevius
2489 1627 2796 1694 antecedat,
2822 1643 2891 1684 ne
2920 1627 3046 1684 dum
3095 1629 3230 1686 alios
3272 1630 3432 1703 155
3472 1628 3540 1686 ad

262 1729 352 1783 ubi
380 1736 436 1781 et
460 1736 655 1796 przesto
677 1724 953 1794 subjnngit
983 1741 998 1777 :
1032 1741 1050 1774 ι
1087 1722 1477 1778 Vestimenlum
1497 1720 1652 1790 153
1677 1729 1849 1784 tuum,
1956 1720 2154 1776 bellum
2181 1721 2460 1790 impellere
2487 1721 2703 1788 nititur,
2735 1721 2849 1792 ipse
2884 1723 3135 1792 degeneri
3168 1723 3404 1792 torpor-is
3427 1725 3542 1778 otio

265 1833 376 1889 quo
399 1815 751 1886 operiebat-is,
777 1829 1115 1883 nequaquam
1147 1820 1418 1867 vetustate
1446 1813 1738 1874 del'ecit,et
1756 1824 1855 1880 pes
1886 1805 1931 1864 Β
1960 1824 2058 1879 per
2109 1809 2498 1880 negligentiam
2547 1810 2872 1876 resolvatur,
2925 1811 3064 1867 sicut
3106 1814 3172 1866 de
3218 1813 3542 1880 quibusdam

263 1916 392 1960 tuus
434 1919 540 1960 non
591 1913 677 1960 est
725 1904 1020 1965 subtritus,
1073 1917 1141 1956 en
1187 1901 1639 1971 quadragesimus
1685 1913 1860 1954 annus
1963 1914 2159 1970 magna
2200 1900 2418 1970 quidem
2446 1901 2885 1972 praedicantibus,
2914 1903 3010 1957 sed
3060 1903 3332 1958 desidiose
3361 1905 3546 1959 viven-

262 2012 378 2060 est:
413 2012 474 2058 ut
502 2003 769 2072 recogites
807 2001 860 2054 in
892 2001 1056 2054 corde
1086 2007 1199 2064 tuo,
1233 1997 1363 2068 quia
1392 1998 1532 2052 sicut
1559 1995 1738 2051 erudit
1764 1995 1863 2049 he-
1962 1991 2141 2053 tibus,
2170 2007 2270 2061 per
2311 1991 2638 2063 PrOpbetam
2692 1993 2932 2048 dicitur:
2969 2012 2987 2044 ι
3020 1993 3143 2048 Filii
3193 1994 3429 2062 Ephrem
3466 1994 3548 2047 in-

265 2111 357 2151 mo
396 2095 566 2149 ﬁlium
594 2108 773 2158 suum,
801 2093 881 2147 sic
907 2091 1164 2145 Dominus
1192 2090 1333 2144 Deus
1372 2098 1495 2143 tuus
1521 2087 1755 2142 erudivit
1787 2095 1857 2152 te,
1963 2083 2248 2138 tendentes
2274 2097 2460 2138 arcum
2491 2092 2546 2138 et
2573 2084 2855 2139 mittentes
2884 2085 3111 2154 sagittas
3141 2100 3268 2140 suas
3294 2087 3546 2142 conversi

264 2197 328 2243 ut
352 2187 627 2243 custodias
662 2186 917 2240 mandata
943 2183 1154 2240 Domini
1187 2182 1282 2237 Dei
1315 2180 1420 2248 tui,
1454 2190 1507 2236 et
1535 2179 1780 2235 ambules
1804 2178 1860 2232 in
1963 2171 2172 2227 suntin
2202 2173 2288 2227 die
2317 2171 2440 2228 belli
2469 2170 2644 2243 (Psal.
2679 2174 2923 2245 LXXVII)..
2949 2193 2966 2227 ι

264 2279 370 2335 viis
394 2280 532 2350 ejus,
564 2287 620 2333 et
651 2278 842 2333 timeas
889 2291 1011 2332 eum
1062 2273 1242 2346 (Deut.
1284 2276 1423 2345 vm).
1479 2293 1498 2326 ι
1548 2272 1606 2326 ln
1655 2271 1853 2340 quibus
2590 2263 2818 2319 CAPUT
2857 2263 2940 2317 Vl.

265 2371 450 2425 verbis
511 2369 640 2423 illud
687 2377 771 2424 est
809 2367 1063 2423 solertius
1093 2364 1478 2420 attendendum
1533 2363 1678 2433 quod
1727 2361 1806 2416 ait
1839 2379 1854 2415 :
2362 2353 2430 2409 In
2464 2369 2703 2409 sermone
2729 2355 2793 2409 de
2821 2353 2880 2410 S.
2914 2355 3157 2426 Georgio.

273 2485 293 2512 ι
333 2459 488 2514 Dedit
511 2459 606 2513 tibi
641 2473 857 2522 manna,
883 2465 940 2510 ut
967 2455 1281 2510 ostenderet
1318 2455 1462 2525 quod
1505 2469 1610 2508 non
1653 2454 1707 2508 in
1745 2451 1863 2507 solo

267 2567 410 2623 pane
437 2550 570 2604 vivit
597 2551 780 2614 homo,
809 2550 904 2605 sed
936 2549 988 2604 in
1009 2549 1156 2603 omni
1188 2549 1376 2613 verbo,
1406 2546 1549 2618 quod
1590 2545 1866 2617 egreditur

273 2661 339 2700 ex
373 2659 469 2699 ore
513 2644 627 2698 Dei.
675 2662 691 2694 ι
755 2642 857 2698 Ubi
906 2642 1026 2696 luce
1074 2641 1274 2696 clarius
1329 2648 1544 2696 constat
1572 2639 1700 2708 quia
1732 2637 1865 2693 illud

272 2750 499 2799 manna,
538 2749 646 2804 quo
699 2733 774 2786 illi
821 2732 1116 2787 carnaliter
1160 2731 1482 2796 alebantur,
1537 2731 1640 2785 hoc
1696 2729 1864 2784 divini

271 2825 428 2879 verbi
458 2824 802 2895 significabat
843 2822 1123 2894 pabulum,
1153 2838 1259 2892 quo
1289 2837 1431 2877 nunc
1477 2822 1531 2876 in
1565 2821 1748 2875 anima
1780 2835 1866 2875 rc-

275 2930 555 2970 creamur.
585 2914 653 2968 Et
685 2914 981 2968 notandum
1011 2913 1153 2982 quod
1179 2913 1245 2967 de
1279 2913 1383 2968 hoc
1414 2927 1612 2966 manna
1645 2912 1698 2965 in
1726 2910 1866 2965 libro

272 3008 449 3062 Exodi
502 3006 700 3078 legitur
730 3024 743 3060 :
779 3025 797 3058 ι
832 3005 984 3073 Quod
1018 3022 1140 3060 cum
1192 3005 1448 3059 vidissent
1477 3045 1492 3069 ,
1524 3003 1720 3072 inquit,
1767 3001 1864 3056 ﬁlii

272 3097 474 3164 Israel,
505 3098 758 3152 dixerunt
794 3098 860 3150 ad
893 3097 1121 3150 invicem
1149 3114 1162 3149 :
1194 3095 1426 3150 Manlio?
1466 3096 1610 3166 quod
1661 3095 1867 3164 signiﬁ-

2049 2463 2072 2497 ι
2115 2443 2690 2501 Ηοιῐιοῖοιπηίᾱοιοειιε
2717 2456 2771 2500 et
2798 2447 2962 2501 corde
3005 2448 3203 2516 pavido
3255 2463 3360 2503 non
3398 2463 3555 2518 egre-

1963 2533 2144 2588 diatur
2173 2535 2238 2588 ad
2266 2534 2491 2600 bellum,
2517 2535 2612 2589 sed
2647 2535 2811 2589 vadat
2843 2546 2897 2590 et
2926 2546 3235 2591 revertatur
3257 2538 3324 2592 ad
3354 2547 3553 2592 terram

1966 2639 2144 2690 suam,
2166 2639 2235 2679 ne
2262 2637 2461 2694 pavere
2489 2624 2650 2680 faciat
2674 2628 2836 2682 corda
2867 2626 3095 2682 fratrum
3121 2644 3344 2684 suorum
3365 2669 3378 2693 ,
3412 2629 3560 2684 sicut

1966 2724 2022 2769 et
2047 2715 2163 2783 ipse
2195 2716 2524 2785 perterritus
2551 2725 2635 2771 est
2663 2715 2842 2786 (Deut.
2873 2717 2988 2786 xx).
3017 2737 3036 2768 ›
3074 2718 3279 2784 Quibus
3300 2718 3555 2772 nimirum

1967 2805 2149 2861 verbis
2171 2804 2378 2874 liquido
2405 2805 2763 2875 perducemur
2791 2805 2916 2876 quia
2948 2821 3046 2876 pro
3077 2806 3392 2861 defensione
3431 2805 3558 2860 ﬁdei

1972 2899 2234 2955 dimicare
2258 2898 2476 2953 fortiter
2502 2907 2556 2954 ct
2579 2900 2772 2954 idonee
2797 2908 3073 2967 nequeunt
3101 2899 3190 2968 qui
3230 2899 3408 2954 adhuc
3452 2915 3557 2952 nu-

1974 2991 2093 3046 dari
2119 2990 2348 3046 terrenis
2375 2989 2566 3060 opibus
2593 2989 3019 3059 pertimescunt;
3045 2989 3382 3043 tolerabilius
3411 2988 3555 3041 enim

1979 3090 2065 3135 est
2122 3089 2182 3134 ut
2241 3081 2460 3135 domum
2513 3080 2908 3148 quodammodo
2967 3079 3255 3132 redeuntes
3313 3077 3563 3149 ignobili-

279 3200 413 3244 cat:
451 3158 590 3257 (Quid
635 3199 719 3244 est
749 3189 888 3242 hoc?
926 3209 944 3241 ι
987 3188 1184 3257 (Exod.
1219 3191 1356 3257 xvi.)
1388 3158 1619 3259 llliergo
1647 3158 1865 3251 manna,

1976 3177 2058 3224 ter
2115 3177 2170 3223 et
2227 3169 2472 3224 imbelles
2534 3169 2717 3221 vivant
2775 3183 2938 3236 quam
2995 3182 3180 3221 secum
3237 3177 3294 3221 et
3345 3167 3479 3221 alios
3527 3181 3558 3220 a

278 3281 332 3352 id
361 3289 444 3335 est
470 3281 601 3350 quid
639 3280 874 3345 esthoc,
926 3279 1193 3334 veraciter
1241 3280 1534 3334 comedunt
1592 3280 1705 3349 qui,
1740 3279 1868 3333 dum

280 3371 489 3441 legunt,
511 3370 596 3425 vel
627 3371 874 3435 audiunt,
904 3370 1073 3425 divini
1100 3371 1252 3425 verbi
1289 3372 1608 3442 mysterium
1643 3372 1873 3427 solerter

284 3459 585 3528 inquirunt,
617 3460 708 3530 qui
741 3460 994 3515 nimirum
1031 3461 1171 3514 intra
1201 3461 1448 3516 litteralis
1466 3462 1634 3532 paleae
1658 3463 1870 3516 thecam

281 3549 498 3604 dulcem
548 3551 916 3622 intelligentia:
968 3551 1230 3622 spiritalis
1283 3552 1542 3606 ambiunt
1583 3552 1873 3608 enucleare

284 3641 600 3696 medullam.
628 3641 727 3696 llic
758 3650 908 3697 certe
938 3643 1066 3712 quid
1112 3653 1196 3698 est
1230 3645 1332 3698 hoc
1369 3646 1642 3700 veraciter
1699 3646 1874 3698 vesci-

283 3737 502 3804 tur.qni
528 3736 746 3792 assidue
775 3736 827 3791 in
856 3735 1134 3806 Scriptura
1161 3751 1318 3793 sacra
1348 3738 1534 3793 solerti
1563 3727 1874 3792 meditatio?

285 3841 359 3881 ne
383 3833 651 3882 versatur.

901 3917 1131 3976 CAPUT
1168 3915 1260 3973 Ν.

592 4025 658 4081 In
689 4043 926 4083 sermone
955 4027 1018 4081 de
1055 4025 1116 4082 S.
1151 4026 1558 4082 Bm‘lltoloma'o.

293 4137 298 4142 “
364 4142 577 4212 Moyses
605 4141 833 4212 mystice
869 4141 934 4195 de
968 4149 1153 4194 sancta
1186 4138 1319 4194 dicit
1363 4139 1646 4206 Ecclesia:
1701 4158 1718 4189 ι
1763 4137 1878 4193 Non

291 4232 617 4302 est,inquit,
669 4241 832 4296 terra,
889 4231 957 4284 ad
1013 4247 1174 4300 quam
1225 4230 1565 4301 ingredimini
1604 4231 1882 4300 possiden-

292 4311 440 4388 d‘am,
466 4325 656 4379 similis
685 4334 844 4379 terra:
869 4315 1108 4394 Egypti,
1134 4323 1199 4377 de
1221 4314 1323 4391 qua
1355 4322 1545 4377 existis
1563 4364 1579 4388 ,
1619 4323 1706 4399 ubi
1735 4322 1882 4390 jacto

298 4416 508 4471 semine
553 4416 606 4471 in
640 4416 922 4471 hortorum
951 4430 1157 4469 morem
1189 4431 1343 4484 aqua:
1372 4415 1713 4470 deducuntur
1757 4416 1884 4468 irri-

1973 3259 2346 3329 triumpbandi
2383 3259 2555 3332 gloria
2601 3272 2697 3329 per
2739 3258 3024 3330 degeneris
3073 3258 3317 3330 exempla
3351 3259 3563 3315 timoris

1973 3359 2244 3410 avertant.

2582 3421 2807 3478 CAPUT
2847 3421 2958 3478 ΥΠ.

2222 3512 2292 3568 1η
2320 3514 2452 3568 libro
2481 3514 2545 3568 de
2569 3514 2884 3584 perfectione
2915 3516 3311 3570 monachorum.

2049 3602 2154 3658 Per
2189 3602 2408 3675 Moysen
2465 3604 2580 3674 lege
2627 3604 2938 3658 decernitur
2965 3614 3022 3660 ut
3078 3607 3292 3661 rmdieri
3321 3607 3374 3662 in
3424 3607 3570 3663 bello

1977 3703 2154 3764 capta:
2178 3702 2231 3748 et
2262 3694 2316 3748 in
2354 3694 2663 3764 coniugium
2688 3694 2910 3748 victoris
2938 3694 3124 3749 electa:
3169 3695 3416 3765 corporis
3461 3697 3571 3751 cir-

1977 3783 2292 3840 cumﬁuitas
2319 3783 2675 3838 abscindatur
2699 3799 2713 3836 :
2750 3803 2767 3833 ι
2816 3783 2946 3849 Qua:
2975 3785 3148 3848 radet,
3177 3785 3374 3854 inquit,
3401 3800 3570 3839 caesa-

1980 3873 2118 3929 riem
2141 3883 2195 3927 et
2237 3873 2588 3927 circumcidet
2634 3887 2840 3941 ungues
2881 3882 2932 3925 et
2978 3873 3211 3941 deponet
3254 3884 3462 3928 vestem
3513 3875 3568 3928 in

1981 3979 2090 4034 qua
2111 3974 2269 4034 capta
2293 3972 2407 4027 est;
2438 3964 2741 4031 sedensque
2771 3965 2826 4018 in
2851 3963 3012 4018 domo
3033 3979 3128 4018 sua
3166 3964 3315 4019 ﬂebit
3360 3973 3570 4034 patrem

1983 4065 2038 4110 et
2058 4064 2289 4115 matrem
2315 4069 2421 4107 uno
2444 4068 2650 4118 mense,
2667 4061 2720 4106 et
2737 4062 2921 4122 postea
2943 4053 3168 4108 intrabis
3189 4054 3255 4106 ad
3277 4053 3422 4107 illam
3442 4054 3574 4108 dor-

1984 4145 2226 4214 miesque
2241 4160 2361 4200 cum
2379 4144 2562 4209 illa,et
2574 4143 2680 4198 erit
2699 4159 2834 4197 uxor
2851 4151 2940 4196 tua
2961 4143 3143 4212 (Deut.
3165 4143 3299 4215 xxx).
3315 4163 3333 4196 ›
3357 4145 3567 4200 Mulieri

1985 4237 2185 4305 quippe
2220 4235 2500 4290 cmsariem
2532 4233 2794 4297 radimus,
2824 4247 2947 4288 cum
2986 4220 3240 4287 rationali
3271 4233 3571 4303 disciplina)

1987 4341 2178 4382 sensus
2199 4323 2500 4396 superfluos
2521 4332 2888 4393 amputamus.
2915 4323 3131 4393 Ungues
3155 4324 3318 4378 etiam
3340 4325 3574 4379 cireum-

1989 4417 2239 4484 citlimus,
2265 4431 2392 4471 cum
2419 4417 2488 4470 ab
2510 4430 2574 4470 ea
2605 4421 2818 4469 mortua
2849 4428 3076 4484 quaeque
3125 4415 3573 4484 superstitionum

294 4524 437 4579 gnte,
471 4507 564 4562 sed
611 4507 676 4560 de
718 4505 856 4561 coelo
907 4507 1116 4576 pluvias
1145 4515 1488 4574 eXSpectans,
1520 4521 1684 4575 quam
1740 4505 1881 4560 Den;
1909 4529 1962 4589 ι)
1988 4524 2152 4579 opera
2194 4509 2528 4564 deeecamus.
2565 4507 2696 4574 Quae
2743 4505 2906 4560 etiam
2947 4515 3153 4563 vestem
3192 4507 3492 4575 deponere,
3523 4505 3576 4562 in

297 4617 431 4656 suns
473 4601 659 4656 invisit
687 4601 835 4655 omni
884 4608 1127 4670 tempore
1171 4600 1350 4664 (Deut.
1388 4599 1487 4670 xl).
1524 4619 1543 4651 ι
1596 4600 1884 4655 Saecularis

297 4691 442 4746 enim
468 4692 753 4760 prudentia
785 4691 940 4760 quasi
969 4690 1189 4744 coluber
1210 4705 1307 4759 per
1344 4691 1566 4745 humum
1613 4691 1783 4760 serpit
1831 4700 1889 4748 et

301 4781 410 4836 huc
433 4781 674 4852 illucque
706 4781 908 4836 lubrica
943 4781 1207 4834 varietate
1239 4780 1499 4847 declinat,
1531 4781 1713 4835 divina
1757 4797 1886 4837 vero

304 4873 570 4944 sapientia
608 4874 674 4927 de
726 4872 1042 4927 coelestibus
1089 4873 1319 4926 intonat.
1352 4872 1551 4929 Hortus
1582 4874 1743 4928 etiam
1798 4876 1890 4930 hic

303 4963 583 5018 sinistram
613 4962 777 5016 habet
797 4961 1264 5031 signiﬁcationem.
1301 4961 1432 5016 Nam
1457 4964 1691 5018 carnalis
1715 4964 1892 5020 scien-

305 5055 395 5108 tiae
423 5054 634 5108 videtnr
675 5053 961 5122 designare
1005 5053 1313 5118 lasciviam;
1357 5055 1499 5110 sicut
1540 5065 1595 5110 et
1618 5056 1740 5122 illic,
1798 5056 1893 5112 ubi

303 5143 496 5199 Achab
523 5144 677 5213 petiit
695 5144 906 5198 vincam
930 5142 1170 5198 Nahoth:
1193 5163 1210 5195 ι
1235 5144 1309 5197 Da
1334 5145 1463 5199 mihi
1486 5146 1698 5201 vineam
1722 5155 1894 5216 tuam,

306 5243 370 5288 ut
418 5232 616 5289 faciam
667 5235 797 5290 mihi
835 5235 1050 5289 hortum
1105 5234 1312 5290 olerum
1366 5234 1484 5305 (Ill
1523 5235 1649 5306 Reg.
1693 5238 1828 5308 nt).
1870 5257 1890 5291 ι

307 5324 404 5380 Ille
428 5326 623 5397 quippe
648 5325 699 5380 in
748 5326 966 5379 hortum
1013 5334 1244 5380 conatur
1272 5324 1489 5380 vineam
1527 5334 1758 5391 vertere,
1803 5326 1898 5396 qui

309 5411 549 5488 rigorem
602 5418 819 5473 virtutis
866 5416 1105 5486 jucunda
1165 5416 1398 5472 carnalis
1455 5416 1722 5472 illecebrae
1783 5420 1898 5474 vult

311 5508 634 5562 ammnitate
679 5490 908 5562 mutare.
965 5507 1032 5561 Et
1087 5505 1376 5563 Psalmista
1422 5509 1683 5578 reprobos
1738 5507 1900 5564 oleri-

311 5599 417 5652 bus
458 5609 762 5670 comparat,
796 5599 1028 5653 diccns:
1067 5615 1086 5649 ι
1135 5597 1414 5668 Tanquam
1469 5597 1651 5654 fenum
1700 5599 1901 5654 veloci-

1989 4615 2095 4673 qua
2125 4610 2205 4654 es:
2250 4607 2431 4668 capta,
2469 4597 2805 4668 praecipitur,
2851 4603 2911 4650 ut
2945 4597 3328 4668 superductam
3361 4597 3575 4651 fabula-

1988 4705 2110 4750 ruzn
2133 4700 2189 4744 et
2217 4689 2581 4762 quorumlibet
2606 4689 2986 4759 ﬁgmentorum
3009 4692 3174 4749 exuat
3208 4680 3575 4756 superﬁciem,

1991 4800 2056 4840 ac
2077 4783 2300 4838 solidam
2325 4798 2464 4836 verae
2488 4781 2721 4835 rationis
2747 4779 3002 4835 exhibeat
3019 4780 3329 4835 veritatem.
3360 4780 3578 4834 Patrem

1991 4889 2123 4929 vero
2147 4882 2202 4927 et
2231 4883 2461 4927 matrem
2487 4869 2664 4937 deflet,
2696 4871 2821 4940 quia
2855 4870 3160 4925 liberalium
3197 4880 3450 4926 auctores
3494 4887 3583 4926 ar—

1993 4962 2130 5019 tium
2156 4977 2312 5016 mens
2341 4969 2524 5015 nostra
2562 4967 2807 5014 mortuos
2834 4959 3055 5028 deputat
3079 4968 3135 5013 et
3167 4973 3262 5014 eos
3304 4959 3358 5014 in
3389 4974 3583 5015 errore

1994 5053 2226 5124 periisse
2269 5052 2649 5122 compatiendo
2686 5051 2950 5121 deplorat.
2997 5051 3344 5108 Consuetudo
3395 5061 3580 5108 autem

1995 5145 2322 5200 feminarum
2353 5152 2437 5198 est
2460 5159 2556 5212 per
2582 5158 3020 5214 unumquemque
3057 5157 3298 5199 mensem
3333 5146 3414 5200 sui
3459 5161 3585 5200 san»

1998 5236 2180 5308 guinis
2191 5234 2453 5312 effusione
2473 5234 2724 5305 purgari:
2748 5244 2870 5305 post
2889 5235 3333 5306 mensemuitaque
3355 5236 3420 5290 ad
3443 5237 3585 5290 hanc

2000 5327 2288 5384 mulierem
2315 5327 2523 5388 intrare
2547 5327 2914 5397 praecipimur,
2957 5336 3024 5382 ut
3069 5338 3242 5382 artem
3293 5327 3585 5397 cujuslibet

2005 5417 2304 5487 disciplina:
2330 5417 2481 5472 omni
2507 5418 2952 5487 superstitionum
2979 5419 3230 5488 contagio
3266 5420 3582 5474 defazcatam

2001 5511 2148 5566 velut
2182 5511 2234 5564 in
2259 5508 2566 5582 coniugium
2608 5512 2930 5579 sortiantur,
2959 5521 3227 5581 quatenus
3259 5509 3372 5579 jam
3417 5512 3586 5565 lsrae-

1998 5599 2149 5658 litica
2200 5600 2344 5656 facta
2401 5611 2799 5672 consequenter
2853 5604 2906 5658 in
2968 5601 3227 5660 lsraclitaa
3276 5601 3584 5672 conjugium

317 5700 404 5742 ter
434 5701 700 5754 arescent,
755 5700 807 5744 et
842 5691 982 5745 sicut
1032 5690 1177 5745 olera
1229 5692 1517 5748 herbarum
1548 5692 1656 5748 cito
1706 5693 1904 5749 cadent
2003 5700 2244 5747 transeat
2273 5701 2326 5748 et
2352 5693 2490 5748 bene
2512 5692 2796 5751 fecundam
2833 5696 3192 5766 spiritualium
3237 5708 3459 5763 operum
3501 5707 3590 5744 su-

320 5778 493 5850 (Psol.
531 5784 738 5855 χχχιι).
772 5801 794 5826 ι

762 5875 1041 5936 Ρηιιοι.
1095 5862 1313 5927 CXLV
1319 5905 1333 5921 -

2003 5783 2181 5840 bolcm
2212 5782 2419 5838 reddat.

3152 5876 3229 5940 3’4-
