4052 6312
553 385 691 445 1067

1146 491 1374 548 CAPUT
1429 490 1556 546 Vill.

556 613 621 667 In
653 606 870 679 epistola
897 602 966 679 ad
994 601 1493 679 Bonifaciumpquw
1514 610 1589 678 est
1629 598 1698 677 de.
1720 611 1779 649 eo
1810 593 2134 679 gnod‘emte-

632 665 760 734 riori
804 673 1096 748 prudentia
1134 665 1427 742 spirituali:
1476 669 1732 739 sapiemia
1791 665 1972 718 debeat
2001 678 2138 731 pra:-

622 749 777 818 ferri.

632 885 651 917 ι
694 863 755 920 Si
784 859 1035 918 habuerit
1062 858 1226 913 homo
1261 867 1461 909 uxores
1486 851 1647 916 duas,
1678 863 1840 904 unam
1883 844 2137 900 dilectam

557 968 613 1014 et
636 957 860 1012 alteram
890 953 1155 1009 odiosam.
1193 946 1548 1018 genueritque
1594 958 1660 998 ex
1691 941 1771 996 eis
1819 936 2046 996 liberos.
2086 942 2143 989 et

550 1048 727 1104 fuerit
763 1046 906 1100 illius
941 1042 1143 1096 odiosae
1187 1035 1604 1108 primogenitus,
1630 1030 1974 1097 volneritque
2016 1025 2143 1081 sub-

558 1132 816 1197 stantiam
845 1136 989 1189 inter
1014 1130 1152 1186 ﬁlios
1188 1128 1449 1191 dividere,
1483 1140 1587 1178 non
1634 1122 1791 1194 155
1822 1119 2023 1191 poterit
2075 1116 2139 1170 ﬁ—

561 1230 692 1284 lium
727 1225 936 1283 dilcctze
966 1220 1148 1275 facere
1184 1215 1603 1289 primogenitum
1651 1224 1705 1268 et
1731 1208 1989 1281 praeferre
2032 1207 2144 1260 ﬁlio

550 1321 795 1384 'odiosze,
824 1315 921 1370 sed
956 1312 1125 1366 ﬁlium
1167 1309 1368 1365 odiosae
1397 1312 1658 1379 agnoscet
1702 1298 2142 1372 prirnugenitum,

560 1413 818 1482 dabitque
838 1408 885 1463 ei
909 1408 975 1461 de
992 1405 1078 1460 bis
1100 1418 1220 1473 quae
1246 1399 1498 1456 habuerit
1528 1405 1718 1452 cuncta
1743 1392 2010 1464 duplicia;
2038 1390 2143 1445 iste

556 1512 651 1559 est
678 1502 823 1556 enim
869 1495 1192 1569 principium
1241 1491 1534 1547 liberorum
1559 1488 1677 1559 ejus
1702 1496 1757 1540 et
1786 1486 1914 1539 huic
1944 1483 2146 1538 deben-

554 1604 654 1652 tur
681 1572 1041 1666 primogenita
1078 1584 1258 1657 (Deut.
1287 1583 1423 1650 ut).
1466 1601 1486 1633 ι
1532 1581 1659 1634 θυῖε
1705 1577 1912 1633 scilicet
1965 1573 2143 1666 ltontif

560 1687 649 1741 nis
684 1664 892 1737 uxores
936 1685 1086 1744 sunt,
1118 1677 1293 1730 virtus
1320 1683 1373 1728 et
1402 1671 1652 1742 voluptas
1672 1710 1687 1735 ,
1716 1667 1905 1724 livoris
1951 1674 2007 1720 et
2034 1664 2141 1720 odii

561 1780 704 1835 inter
734 1792 791 1829 se
821 1773 1050 1827 invicem
1072 1768 1213 1824 velut
1242 1765 1476 1837 quadam
1499 1761 1761 1833 zelutypia
1782 1758 2140 1820 dissidentes;

1461 375 1957 434 COLLECTANEA
1999 372 2064 427 LV
2107 372 2334 430 VETUS
2370 370 2911 431 TESTAJIENTUM.

2164 495 2210 552 Α
2242 484 2478 555 aliquam
2511 483 2834 549 foeditatem,
2861 482 3070 539 scribat
3091 481 3329 537 libellum
3373 484 3617 554 repudii,
3649 494 3703 539 et
3732 485 3835 540 da!

3691 371 3831 427 1068

2240 576 2321 631 bit
2374 577 2429 631 in
2484 592 2647 630 manu
2701 574 2819 644 ejus
2873 583 2928 629 et
2979 573 3220 628 dimittet
3266 589 3386 630 eam
3423 575 3492 630 de
3524 576 3687 631 domo
3732 588 3835 629 sua

2238 666 2419 737 (Deut.
2448 666 2621 735 utv).
2664 684 2685 717 ι
2715 666 2841 721 Haec
2867 665 3033 737 igitur
3067 679 3206 719 uxor
3234 676 3440 726 nostra,
3465 666 3706 720 carnalis
3730 666 3839 720 sci-

2241 758 2370 815 licet
2396 760 2525 825 vit-1,
2550 758 2757 813 utinam
2789 758 2844 811 in
2872 756 3045 811 oculis
3069 756 3271 811 nostris
3295 757 3527 827 gratiam
3550 771 3835 826 nunquam

2239 862 2472 920 prorsus
2527 848 2806 914 inveniat,
2859 847 2953 903 sed
3009 848 3130 919 ejus
3183 847 3563 904 abominabilis
3614 848 3838 902 {reditas

2242 940 2503 995 mentium
2536 948 2845 994 nostrarum
2890 952 3075 1001 nares,
3125 945 3185 992 ut
3220 939 3438 1008 dignum
3480 947 3586 1004 est,
3618 952 3841 1008 semper

2241 1029 2501 1085 ollcndat.
2532 1030 2684 1098 Qum,
2717 1029 2897 1085 libello
2927 1029 3134 1100 repudii
3177 1044 3273 1100 per
3298 1028 3471 1099 legem
3499 1029 3842 1099 paenitentia:

2244 1119 2408 1175 semel
2433 1131 2676 1189 accepto,
2702 1122 2780 1174 sic
2801 1136 2829 1173 a
2862 1119 3117 1174 connubii
3146 1119 3315 1172 nostri
3345 1118 3620 1172 liminibus
3648 1118 3844 1173 exclu-

2244 1210 2406 1264 datur
2433 1222 2492 1264 ut
2516 1211 2568 1265 in
2596 1210 2757 1283 156
2778 1219 2996 1266 nostros
3016 1210 3197 1265 denuo
3231 1226 3337 1264 non
3383 1219 3695 1265 revertatur
3726 1227 3843 1265 am-

2246 1303 2461 1372 plexus.
2492 1302 2645 1357 Unde
2674 1313 2727 1358 et
2773 1305 2855 1357 vir
2891 1304 3108 1372 sapiens
3144 1302 3222 1358 ait
3256 1302 3291 1357 :‘
3326 1322 3345 1354 ι
3391 1303 3595 1358 Averte
3637 1303 3843 1358 faciem

2248 1401 2395 1447 tuam
2423 1409 2451 1446 a
2489 1393 2719 1449 muliere
2746 1402 2989 1463 compta,
3016 1402 3071 1447 et
3096 1408 3204 1447 non
3251 1393 3670 1463 circumspicias
3720 1409 3847 1463 spe-

2247 1483 2385 1538 ciem
2408 1483 2640 1537 alieuam
2670 1480 2863 1552 (Eccli.
2896 1483 3011 1552 Ix);
3038 1501 3057 1535 ι
3092 1498 3213 1552 qua!
3251 1484 3506 1552 quoniam
3532 1483 3717 1538 aliena
3757 1483 3843 1538 di-

2247 1575 2409 1635 citur.
2440 1574 2636 1628 merito
2664 1588 2788 1627 cum
2819 1574 2963 1644 Agar
2984 1613 2997 1637 ,
3037 1589 3144 1628 non
3181 1589 3319 1628 uxor
3341 1613 3357 1637 ,
3388 1575 3483 1629 sed
3532 1574 3843 1629 concubina

2247 1665 2583 1736 intelligitur.
2631 1665 2775 1735 Agar
2801 1665 2945 1719 enim
2989 1664 3283 1735 peregrina,
3322 1666 3406 1720 vel
3447 1666 3629 1720 accola
3666 1665 3847 1722 inter-

2246 1768 2511 1828 prclatur.
2544 1759 2607 1813 Et
2640 1759 2765 1828 quia
2800 1773 2896 1827 per
2924 1758 3271 1814 Salomonem
3316 1760 3431 1815 haec
3480 1759 3678 1814 eadem
3732 1760 3842 1813 im-

552 1882 619 1924 (ξι
646 1867 892 1935 voluptas
918 1861 1138 1933 quidem
1164 1860 1229 1912 ad
1255 1859 1394 1912 hanc
1421 1856 1619 1917 vitam,
1658 1852 1830 1905 virtus
1867 1848 1933 1902 ad
1981 1859 2145 1903 mtcr-
2178 1847 2223 1906 ll
2251 1850 2443 1920 pudica
2476 1850 2670 1905 mulier
2692 1851 2862 1907 dicit:
2893 1869 2913 1903 ‹
2947 1851 3163 1920 aspersi
3187 1852 3365 1906 cubile
3387 1867 3567 1905 meum
3592 1852 3842 1923 myrrha,

561 1977 687 2015 nam
720 1957 958 2029 pertinet
1002 1952 1248 2024 gloriam.
1282 1948 1370 2002 Illa
1426 1946 1584 2016 plane
1615 1943 1810 1999 dilecta
1860 1949 1964 2005 est,
2018 1939 2148 2009 quia

556 2050 738 2104 virum
781 2060 959 2108 suum,
998 2043 1101 2096 hoc
1145 2048 1226 2094 est
1254 2036 1502 2107 fragilem
1546 2034 1813 2103 cujusque
1864 2029 2145 2100 spiritum,

559 2138 877 2203 malesuada
902 2134 1241 2206 jncunditate
1286 2127 1585 2191 denutlcet;
1635 2126 1739 2179 ista
1769 2138 1901 2178 vero
1948 2119 2151 2176 dicitur

558 2231 770 2293 odiosa,
794 2228 921 2297 quia
963 2240 1057 2295 per
1089 2230 1294 2278 arctam
1340 2226 1397 2274 et
1447 2224 1733 2285 angustam
1782 2214 1925 2269 viam
1974 2209 2151 2267 homi-

562 2334 662 2375 nes
687 2319 766 2372 ire
793 2314 1076 2372 constituit
1105 2320 1162 2366 et
1188 2323 1383 2379 aSpcra
1428 2319 1644 2373 semper
1682 2318 1747 2357 ac
1789 2302 1923 2356 dura
1949 2313 2149 2370 propo-

564 2409 687 2462 nit:
722 2407 814 2460 sed
840 2404 982 2458 ﬁlius
1010 2402 1212 2456 odiosae
1255 2397 1413 2452 nobis
1449 2392 1843 2465 primogenitus
1870 2400 1973 2454 est,
2023 2388 2150 2458 quia

556 2499 822 2551 viruttem
854 2491 1115 2547 Conditor
1146 2496 1332 2543 noster
1358 2485 1517 2540 nobis
1553 2478 1894 2550 originalitcr
1917 2476 2144 2540 indidit;

563 2587 813 2656 voluptas
832 2591 1010 2638 autem
1034 2590 1088 2636 ct
1113 2578 1364 2650 quzelibet
1384 2572 1620 2630 carnalis
1644 2570 1897 2625 illecebra
1924 2582 1992 2623 ex
2017 2566 2151 2622 vitio

562 2689 767 2738 nostra:
800 2673 1085 2749 pravitatis
1113 2670 1356 2724 emersit.
1405 2666 1512 2719 Sed
1545 2663 1674 2734 quia
1723 2676 1830 2716 non
1861 2670 1945 2714 est
1990 2658 2150 2713 istius

556 2768 830 2838 temporis
858 2780 954 2836 per
980 2760 1193 2831 singula
1220 2758 1380 2812 verba
1440 2753 1595 2823 hujus
1632 2750 1888 2823 prtecepti
1921 2751 2149 2838 ﬁguram

552 2837 916 2917 renucleanter
942 2864 1236 2922 exponere,
1267 2845 1497 2902 sullleiat
1528 2844 1633 2898 hoc
1662 2842 1728 2896 ad
1767 2837 2150 2909 compendium

562 2951 750 3007 dicere
778 2956 858 3011 ut,
889 2945 934 2999 si
959 2958 1064 2997 nun
1099 2952 1386 3011 possumus
1438 2934 1688 2991 dilectam
1735 2944 1984 2992 uxorem,
2031 2942 2151 2998 quae

565 3041 725 3098 nobis
747 3036 932 3110 procul
964 3033 1129 3089 dubio
1164 3037 1327 3087 noxia
1354 3035 1478 3092 est,
1505 3042 1534 3079 a
1556 3023 1786 3079 thalami
1840 3020 2013 3076 nostri
2063 3033 2151 3074 so-

564 3134 764 3190 cietate
794 3127 1074 3199 repellere,
1103 3124 1416 3180 studeamus
1436 3117 1628 3173 saltem
1669 3130 1789 3185 qua:
1833 3113 2017 3167 sobria
2065 3118 2151 3166 est

2249 1949 2304 1994 et
2348 1939 2467 1993 aloe
2494 1945 2550 1992 et
2596 1938 2941 1993 ciunamomo
2994 1936 3181 2009 (Prov.
3226 1945 3361 2009 vlt);
3416 1958 3436 1991 ι
3469 1940 3669 1993 merito
3715 1954 3844 1992 cum

2249 2028 2419 2083 altera
2451 2028 2756 2084 concubina
2783 2029 3020 2085 Abrahae
3040 2030 3245 2100 poterit
3266 2029 3601 2098 comparari.
3639 2028 3842 2084 Cethe-

2248 2133 2309 2173 ra
2344 2118 2615 2188 siquidem
2639 2117 2840 2173 dicitur
2866 2117 3153 2186 odorifero.
3190 2116 3310 2172 Vita
3357 2118 3557 2188 quippe
3599 2116 3843 2172 carnalis

2249 2208 2420 2279 spirat
2446 2208 2797 2263 odorameuta
2839 2207 3133 2263 mendacii.
3168 2207 3321 2263 Unde
3352 2217 3406 2262 et
3444 2208 3499 2261 in
3526 2207 3844 2262 Proverbiis

2251 2298 2453 2354 dicitur
2485 2314 2499 2351 :
2532 2317 2553 2350 ι
2586 2296 2810 2354 Custodi
2840 2306 2895 2353 te
2933 2312 2965 2352 a
2990 2296 3218 2353 muliere
3266 2297 3407 2352 mala
3462 2306 3516 2352 et
3563 2314 3595 2351 a
3640 2296 3842 2351 Llanda

2240 2388 2433 2460 lingua
2474 2397 2782 2455 extraneae;
2814 2404 2921 2444 non
2962 2390 3315 2460 concupiscat
3372 2388 3840 2459 pulchritudinem

2248 2480 2366 2549 ejus
2393 2496 2490 2537 cor
2520 2492 2671 2536 tuum
2697 2479 2881 2552 (Prov.
2913 2479 3011 2551 vr).
3042 2499 3061 2532 ι
3091 2479 3217 2535 Haec
3244 2480 3389 2536 enim
3411 2480 3607 2535 blanda
3630 2480 3840 2548 lingua,

2248 2570 2503 2627 videlicet
2554 2571 2794 2627 carnalis
2859 2573 3011 2635 vitae.
3069 2573 3299 2629 miseros
3349 2574 3598 2629 homines
3653 2576 3843 2629 dicere

2248 2664 2577 2731 persuadet:
2617 2682 2638 2715 ι
2681 2663 2894 2729 Venite,
2923 2665 3274 2735 perfruamur
3313 2664 3470 2720 bonis
3506 2681 3631 2735 qua:
3686 2674 3836 2730 sunt,

2248 2764 2303 2810 et
2327 2767 2545 2810 utamur
2578 2765 2830 2811 creatura
2864 2764 3122 2826 tanquam
3167 2756 3222 2811 in
3243 2755 3526 2827 juventute
3552 2756 3836 2819 celeriter;

2250 2844 2381 2898 vino
2407 2843 2647 2914 pretioso
2672 2851 2730 2899 et
2761 2854 3042 2913 unguento
3085 2858 3184 2898 nos
3226 2843 3549 2915 impleamus
3572 2886 3587 2911 ,
3620 2853 3680 2899 et
3727 2861 3838 2900 non

2248 2943 2537 3004 praetereat
2580 2949 2681 2990 nos
2720 2933 2820 2993 ﬁn;
2852 2936 3137 3004 temporis,
3197 2954 3217 2988 ι
3271 2946 3377 2992 ete.
3426 2935 3582 3007 (Sep.
3626 2936 3711 3006 ιι).
3766 2938 3842 2991 At

2250 3036 2440 3082 contra
2479 3027 2548 3083 de
2597 3026 2845 3092 muliere,
2879 3042 2999 3097 quae
3060 3027 3368 3099 religiosam
3419 3029 3598 3097 signat
3645 3030 3838 3093 vitam,

2251 3120 2515 3190 scriptum
2539 3127 2623 3174 est
2658 3137 2672 3173 :
2713 3136 2732 3170 ι
2770 3118 3013 3174 Mulieris
3044 3119 3202 3175 bona
3234 3120 3422 3176 beatus
3450 3123 3557 3186 vir,
3578 3136 3840 3178 numerus

561 3233 623 3281 ει
653 3225 878 3278 honesta
912 3219 966 3272 in
1013 3212 1354 3286 primogeniti
1397 3209 1661 3281 dignitate
1691 3205 1967 3275 praeferre,
2009 3217 2144 3272 qua-
2175 3210 2219 3271 C
2250 3213 2394 3266 enim
2423 3225 2690 3268 annorum
2722 3210 2868 3266 illius
2897 3212 3125 3282 duplex;
3164 3213 3364 3269 mulier
3408 3213 3566 3268 {opus
3589 3214 3839 3269 οιιιεςιηι

560 3325 727 3371 tenus
760 3313 805 3368 si
828 3312 985 3367 nobis
1014 3307 1234 3363 difﬁcile
1258 3313 1343 3360 est
1383 3300 1911 3373 quantulumcunque
1949 3296 2145 3351 saltem

567 3409 731 3476 hujus
769 3405 895 3460 vitae
921 3401 1260 3456 dulcedinem
1291 3412 1399 3451 non
1432 3394 1653 3456 sentire,
1684 3397 2020 3462 praerogetur
2065 3397 2148 3444 ta-

562 3516 691 3558 men
736 3496 959 3554 dominii
1020 3492 1201 3564 palma
1246 3486 1457 3553 virtuti,
1515 3485 1856 3554 relinquatur
1909 3481 2146 3539 servitus

564 3588 862 3659 voluptati;
896 3585 1038 3639 illius
1069 3582 1211 3636 ﬁlius
1234 3581 1290 3634 in
1318 3576 1663 3649 primogeniti
1704 3575 1964 3644 dignitate
2009 3588 2150 3643 prte-

564 3682 751 3742 cellat,
782 3677 935 3732 istius
984 3684 1161 3728 autem
1211 3670 1351 3725 tilius
1393 3670 1445 3725 in
1491 3666 1811 3735 subsequola
1860 3663 2067 3719 ordinis
2093 3672 2149 3719 et

567 3772 671 3828 sub
700 3767 998 3837 disciplina:
1029 3778 1243 3832 semper
1273 3760 1638 3815 rel't'enatinne
1678 3757 2022 3827 supersistat.
2054 3755 2147 3810 Vis

564 3861 818 3919 fortassis
866 3858 1145 3913 addiscere
1203 3854 1294 3923 qui
1350 3851 1537 3906 uxoris
1585 3850 1799 3904 dilectae
1851 3858 1976 3903 sunt
2015 3847 2149 3903 ﬁlii?

564 3953 769 4008 Paulus
825 3947 1132 4017 iuquiratur
1178 3941 1467 4015 Apostolus
1515 3958 1527 3993 :
1587 3960 1607 3991 ‹
1666 3937 1949 3992 Msnffesta
2002 3945 2145 3999 sunt,

564 4045 768 4115 inquit,
793 4054 955 4112 opera
1009 4036 1210 4101 carnis,
1242 4049 1360 4104 qua:
1388 4040 1510 4088 sunt
1564 4031 1869 4096 fornicatio,
1915 4030 2149 4085 immun~

564 4135 721 4197 ditia,
751 4129 985 4189 luxuria.
1016 4125 1280 4181 idolorum
1331 4124 1598 4187 servitus,
1642 4120 1926 4182 veneﬁcia,
1972 4117 2150 4171 inimi-

562 4226 728 4289 citiae,
776 4218 1183 4282 contentiones,
1232 4212 1631 4274 aemulationes,
1672 4210 1786 4276 irae,
1840 4208 1990 4273 rixae,
2041 4207 2150 4261 dis-

566 4314 879 4373 sensiones.
935 4316 1116 4372 secta,
1174 4304 1411 4370 invidiae,
1463 4302 1783 4363 homicidia,
1837 4301 2146 4362 ebrietates,

564 4400 991 4462 comessationes
1017 4404 1072 4451 et
1102 4394 1186 4450 his
1225 4392 1444 4456 similia,
1492 4406 1611 4461 qua:
1672 4390 1910 4460 prmdiec
1970 4389 2145 4453 vobis,

568 4498 713 4555 sicut
737 4490 963 4563 praedixi
994 4504 1007 4542 :
1039 4486 1293 4556 quoniam
1329 4484 1418 4553 qui
1453 4483 1577 4537 talia
1602 4489 1768 4551 agunt
1796 4494 2020 4546 regnum
2050 4479 2145 4535 Dei

564 4602 677 4643 non
703 4556 1103 4650 consequentur
1139 4574 1284 4643 (Gal.
1314 4572 1389 4643 v).
1436 4591 1457 4625 ι
1494 4571 1585 4626 Vis
1616 4571 1760 4625 enim
1805 4584 2143 4638 consequen-
2175 4556 2221 4617 1)

567 4688 651 4733 ter
679 4673 867 4730 audire
894 4684 1016 4741 quae
1059 4666 1132 4722 sit
1175 4661 1388 4720 soboles
1437 4662 1673 4718 odiosm?
1719 4660 1966 4716 ausculta
2002 4661 2144 4730 quod

565 4763 808 4821 subdidit
844 4778 857 4815 :
898 4778 918 4811 ι
958 4757 1188 4813 Fructus
1237 4761 1419 4808 autem
1473 4750 1707 4822 Spiritus
1751 4760 1836 4806 est
1883 4750 2143 4815 Charitas,

566 4854 845 4925 gaudium,
868 4865 994 4920 pax.
1023 4845 1304 4918 patientia,
1333 4844 1656 4914 benignitas,
1685 4842 1919 4908 bonitas,
1955 4840 2143 4911 longa-

556 4946 803 5007 nimitas,
857 4938 1234 5002 mansuetudo,
1273 4936 1436 4997 ﬁdes,
1469 4934 1753 4997 modestia,
1788 4932 2145 4997 continentia,

564 5039 790 5093 castitas
818 5033 1029 5105 (Ii-5d).
1062 5052 1081 5083 ι
1116 5029 1214 5083 Hic
1248 5043 1378 5098 ergo
1410 5026 1553 5081 Illius
1584 5036 1837 5096 tanquam
1878 5025 2148 5094 primoge-

564 5131 711 5184 nitus
732 5126 965 5197 duplicia
1001 5125 1159 5178 debet
1199 5120 1399 5176 habere
1426 5119 1761 5180 substantiae,
1804 5115 2056 5170 videlicet
2085 5122 2145 5169 ut

565 5220 775 5273 fructus
809 5216 1043 5286 Spiritus
1071 5225 1269 5279 corpus
1303 5209 1463 5265 simul
1502 5217 1559 5264 et
1584 5208 1817 5261 animam
1871 5214 2022 5276 regat
2067 5215 2147 5258 at-

564 5323 671 5376 que
696 5307 974 5374 utriusque
1000 5300 1341 5364 substantiae,
1368 5297 1644 5354 interioris
1664 5295 1895 5360 scilicet,
1917 5302 1973 5349 et
1997 5302 2148 5349 exte-

562 5398 728 5454 rioris
751 5396 985 5452 hominis
1009 5394 1132 5462 jura
1160 5392 1452 5462 possideat.

1185 5506 1411 5563 CAPUT
1450 5503 1542 5560 IX.

830 5606 897 5661 In
930 5604 1148 5675 episttéa
1175 5605 1242 5656 ad
1266 5602 1503 5657 Cincium
1543 5601 1868 5671 pra’fectum.

639 5721 659 5753 ι
697 5701 755 5755 Si
787 5696 1055 5767 acceperit
1106 5696 1269 5751 homo
1325 5707 1574 5755 uxorem,
1619 5700 1673 5745 et
1726 5689 1977 5745 habuerit
2026 5702 2145 5741 eam

564 5803 617 5847 et
657 5808 761 5845 non
793 5787 1057 5844 invenerit
1109 5786 1338 5858 gratiam
1369 5792 1495 5839 ante
1524 5781 1709 5838 oculos
1751 5780 1887 5850 cjus,
1928 5788 2148 5849 propter

2248 3304 2424 3356 virum
2461 3312 2704 3362 suamet
2740 3318 2913 3358 annos
2956 3304 3082 3359 vitae
3100 3304 3252 3361 illius
3301 3305 3355 3359 in
3405 3319 3540 3374 pace
3589 3305 3839 3375 implebit

2250 3392 2440 3464 (Eccli.
2471 3395 2639 3465 aut).
2679 3413 2697 3447 ι
2731 3394 3012 3461 Quomodo
3033 3404 3113 3451 est
3137 3410 3397 3451 numerus
3435 3411 3701 3451 annorum
3734 3398 3834 3451 ho-

2246 3484 2412 3541 minis
2441 3483 2662 3555 duplex,
2684 3485 2788 3539 nisi
2814 3487 2938 3554 quia
2975 3497 3031 3541 et
3057 3487 3145 3541 hic
3175 3486 3305 3541 vivit
3330 3488 3382 3539 in
3421 3487 3837 3542 conversatione

2244 3592 2439 3633 sancaa
2477 3586 2530 3630 et
2563 3576 2676 3629 illic
2704 3586 2784 3631 est
2816 3576 3060 3631 victurus
3082 3576 3134 3631 in
3161 3576 3368 3646 gloria?
3391 3575 3485 3631 lla:
3517 3575 3684 3646 plane
3717 3576 3835 3629 due

2247 3664 2400 3730 vitae,
2427 3665 2724 3734 spiritualis
2749 3666 2958 3720 scilicet
2981 3677 3147 3735 atque
3187 3666 3454 3732 carnalis,
3485 3667 3727 3735 quadam
3756 3664 3836 3719 in-

2250 3766 2332 3812 ter
2358 3772 2417 3813 se
2442 3758 2670 3814 invicem
2697 3760 2855 3829 quasi
2879 3759 3146 3831 zelotypia
3170 3760 3434 3815 dissident
3472 3770 3532 3815 et
3557 3761 3629 3816 ad
3659 3742 3837 3816 diver-

2249 3864 2370 3903 sum
2393 3850 2609 3908 vivendi
2640 3851 2801 3906 ﬁnem
2829 3852 2994 3905 corda
3025 3851 3305 3907 hominum
3330 3852 3573 3906 trahunt.
3620 3850 3726 3907 Ista
3764 3854 3837 3906 si-

2249 3941 2471 4010 quidem
2496 3943 2714 3997 cohibet
2738 3943 2875 4013 gnlze
2898 3944 3255 4013 pruriginem.
3286 3958 3355 3998 ne
3384 3942 3604 3997 modum
3640 3942 3837 3998 sobria

2250 4030 2564 4087 refectionis
2592 4032 2849 4099 excedat;
2883 4032 2973 4087 illa
3012 4041 3234 4087 ventres
3280 4032 3578 4103 ingurgitat
3631 4039 3688 4086 et
3742 4045 3838 4101 per

2250 4119 2607 4176 immoderata
2667 4123 2909 4179 ciborum
2962 4123 3362 4178 oblectamenta
3421 4121 3651 4176 relax-tt.
3728 4120 3833 4176 Ista

2250 4212 2503 4280 suspiriis
2554 4227 2620 4267 ac
2670 4214 2961 4283 gemitibus
3007 4213 3280 4283 pascitur;
3325 4211 3411 4265 illa
3444 4211 3731 4266 cachinnis
3778 4220 3832 4264 et

2250 4301 2450 4373 ineptis
2472 4297 2683 4358 lusibus
2708 4304 3025 4359 delectatur.
3066 4304 3171 4359 ista
3203 4318 3418 4360 sursum
3446 4303 3695 4372 spiritum
3722 4302 3799 4357 eri
3825 4329 3829 4333 -

2251 4392 2330 4463 git
2357 4403 2409 4447 ct
2434 4394 2489 4448 in
2512 4394 2752 4449 caelestis
2780 4394 3031 4450 desiderii
3056 4409 3182 4450 arce
3220 4392 3531 4464 suspendit;
3560 4394 3651 4447 illa
3686 4394 3833 4446 (uris

2250 4484 2602 4542 saecularibus
2648 4494 2699 4540 ct
2741 4486 2933 4556 opibus
2982 4486 3341 4555 congerendis
3393 4485 3675 4540 incumbit.
3723 4484 3829 4538 ista

2248 4575 2507 4646 quidquid
2535 4577 3157 4648 injuriarum,quidqtnd
3184 4576 3531 4632 adversitatis
3566 4575 3834 4647 ingeritur

2247 4670 2626 4738 tequanimiter
2658 4670 2882 4737 tolerat;
2914 4670 3001 4723 illa
3031 4670 3310 4738 graviores
3330 4668 3512 4738 potius
3541 4667 3832 4722 violentias

2248 4760 2465 4832 accipit,
2488 4761 2687 4832 judicia
2717 4778 2835 4832 qua:
2862 4762 3159 4816 tulerentur
3189 4761 3466 4832 importat.

2868 4852 3098 4907 CAPUT
3134 4850 3182 4905 Χ

2530 4942 2595 4996 In
2625 4943 2843 5012 epistola
2868 4944 2937 4996 ad
2970 4941 3183 4996 Petrum
3211 4942 3547 4995 monac/mm.

2326 5054 2344 5086 ε
2378 5034 2434 5089 Si
2468 5051 2588 5089 eum
2642 5037 2731 5104 qui
2780 5036 3023 5105 peccavit
3066 5034 3279 5106 judiees
3324 5034 3546 5105 dignum
3597 5033 3832 5090 viderint

2247 5130 2439 5200 plagis,
2470 5137 2816 5198 prosterneut
2844 5139 2898 5185 ct
2922 5143 3104 5184 coram
3145 5142 3203 5183 se
3228 5125 3430 5182 facient
3457 5125 3774 5190 verberari;
3806 5142 3828 5178 ι

2249 5221 2340 5274 ubi
2373 5232 2427 5275 et
2451 5234 2575 5276 mox
2606 5218 2821 5273 additur
2852 5232 2867 5271 :
2903 5237 2919 5269 ι
2958 5217 3061 5272 Pro
3088 5232 3338 5271 mensura
3379 5216 3589 5285 peccati
3618 5215 3727 5271 erit
3778 5221 3832 5269 tt

2248 5313 2532 5383 plagarum
2566 5310 2790 5375 modus,
2819 5310 2892 5363 ita
2927 5318 2980 5365 ut
3017 5307 3509 5379 quadragenarium
3543 5319 3831 5383 numerum

2252 5404 2517 5458 duntaxat
2562 5416 2668 5456 non
2719 5401 3020 5465 excedant,
3069 5416 3137 5454 ne
3184 5398 3327 5454 laede
3384 5398 3656 5452 laceratus
3708 5405 3831 5449 ante

2247 5495 2435 5551 oculos
2464 5504 2586 5551 tuos
2606 5494 2766 5549 obeat
2794 5493 2966 5547 frater
3010 5499 3134 5547 tuus
3174 5490 3354 5561 (Deut.
3401 5490 3552 5560 xxv).
3602 5508 3622 5541 ι
3677 5486 3829 5557 Quod

2247 5587 2498 5642 videlicet
2531 5585 2603 5639 illi
2634 5584 2831 5655 populo
2873 5582 3042 5654 legale
3068 5587 3398 5653 praeceptum
3438 5579 3600 5633 nobis
3642 5591 3727 5631 est
3761 5574 3829 5629 al-

2246 5680 2467 5751 legoria:
2498 5680 2836 5752 mysterium.
2861 5675 3333 5748 Quadragenarius
3358 5673 3626 5743 siquidem
3647 5683 3829 5724 nume~

2252 5788 2344 5827 rus
2378 5774 2625 5828 humanm
2653 5771 2777 5827 vita:
2809 5769 3079 5841 signiﬁcat
3112 5781 3349 5825 cursum.
3387 5763 3525 5820 Hinc
3556 5772 3636 5817 est
3682 5757 3827 5831 quod
