4052 6312
231 367 378 428 1069

1542 359 1610 413 IN
1651 355 1908 414 LIBRUM
1957 354 2190 414 JOSUE.

3375 352 3517 407 1070

232 482 402 544 Israel
424 480 582 537 annis
605 476 961 548 quadraginta
981 474 1823 548 gra.‘.iturperdesertum(Nam.
1858 479 1905 538 Α
1933 483 1994 527 ιιι
2039 489 2158 542 quae
2199 472 2322 526 aliis
2377 469 2584 542 agenda
2637 469 2996 540 prmeipimus,
3025 468 3128 540 ipsi
3169 473 3336 525 etiam
3385 473 3524 528 viiis

231 592 345 640 xiv,
389 571 585 642 xxxu).
638 568 777 623 Hinc
827 567 1037 638 Moyses
1095 566 1300 635 (Exod.
1358 569 1516 635 xxxv)
1569 577 1624 621 et
1676 566 1822 620 Elias

234 663 355 735 (1H
398 663 525 733 Reg.
562 660 702 729 tux),
736 659 959 727 insuper
979 665 1033 712 et
1055 657 1170 726 ipse
1196 657 1458 711 Dominus
1479 658 1694 726 (Matth.
1724 657 1820 727 tv),

234 764 317 811 tot
363 751 554 810 diebus
605 762 924 822 protraxere
966 746 1255 819 jejunium.
1317 747 1416 814 Qui
1469 749 1632 803 etiam
1682 749 1826 803 sicut

236 847 389 900 horis
415 844 775 914 quadraginta
813 843 866 896 in
915 841 1163 911 sepulcro
1217 849 1462 894 mortuus
1507 841 1698 910 jacuit,
1749 840 1824 896 ita

232 937 592 996 (nihilominus
621 942 744 1005 post
769 933 1226 988 resurrectionem
1253 947 1408 984 suam
1457 931 1646 985 diebus
1699 931 1826 984 toti-

213 1016 362 1083 ”dem
387 1043 510 1082 cum
543 1025 820 1096 discipulis
851 1024 970 1090 fuit,
995 1033 1264 1092 quatenus
1303 1039 1400 1076 nos
1429 1039 1524 1076 sua
1581 1022 1827 1076 membra

235 1118 361 1188 pius
411 1116 668 1186 Magister
715 1115 960 1179 edoceat,
1000 1123 1058 1167 ut
1105 1129 1201 1183 per
1251 1115 1446 1183 capitis
1509 1113 1677 1166 nostri
1736 1127 1830 1168 ve-

234 1207 398 1276 stigia
446 1207 758 1276 gradientes
798 1213 852 1260 et
882 1205 1078 1258 mortui
1129 1203 1330 1258 mundo
1380 1211 1436 1257 et
1483 1203 1631 1257 velut
1677 1217 1832 1272 pere-

235 1297 380 1367 grini
419 1297 761 1366 hospitemur
793 1296 844 1349 in
891 1295 1110 1350 steculo.
1143 1294 1368 1364 Mystice
1401 1293 1558 1364 157
1615 1309 1830 1363 quoque

233 1397 493 1461 peccator
524 1389 577 1442 in
622 1388 741 1458 lege
790 1388 915 1442 dum
973 1386 1230 1456 vapulare
1282 1388 1614 1456 praecipitur,
1645 1384 1831 1439 excedi

234 1480 706 1551 quadragenarius
781 1479 1061 1548 plagarum
1141 1492 1403 1532 numerus
1476 1477 1828 1545 prohibetur,

237 1573 364 1643 quia
394 1573 643 1642 quisquis
675 1571 727 1625 in
758 1571 858 1626 hac
886 1571 993 1624 vita
1024 1570 1322 1642 perfectam
1353 1571 1525 1638 egerit
1556 1570 1833 1639 poeniten-

239 1666 397 1732 tiam,
419 1665 621 1720 nullam
644 1664 992 1736 postmodum
1015 1678 1113 1733 pro
1135 1663 1247 1718 suis
1284 1663 1600 1718 excessibus
1637 1662 1836 1718 sentiet

237 1771 487 1827 poenam.

853 1842 1082 1898 CAPUT
1119 1842 1211 1897 XI.

615 1973 681 2028 In
711 1990 948 2028 sermone
974 1973 1038 2026 de
1065 1971 1126 2028 S.
1159 1973 1462 2027 Anastasio.

319 2130 337 2163 ι
369 2110 489 2167 Non
519 2109 747 2166 habebis
771 2110 827 2164 in
864 2109 1082 2164 sacculo
1118 2109 1330 2164 diversa
1356 2109 1621 2178 pondera,
1660 2106 1836 2178 majus

236 2210 300 2254 et
335 2199 534 2264 minus,
576 2214 677 2254 nec
712 2198 818 2254 erit
865 2199 918 2253 in
973 2199 1135 2276 domo
1174 2206 1263 2252 tua
1309 2199 1525 2254 modius
1575 2197 1748 2266 major
1782 2205 1839 2252 et

239 2290 439 2346 minor.
474 2289 693 2344 Pondus
720 2289 948 2345 habebis
972 2289 1177 2360 justum
1212 2298 1268 2345 et
1302 2306 1518 2354 verum,
1547 2298 1600 2344 et
1625 2289 1837 2344 modius

240 2387 470 2458 aequalis
508 2396 564 2442 et
602 2402 765 2441 verus
807 2385 911 2441 erit
958 2385 1064 2440 tibi
1089 2385 1268 2457 (Deut.
1295 2383 1447 2456 xxv).
1478 2403 1498 2436 ι
1543 2384 1838 2438 Enimvero

240 2487 374 2532 tunc
414 2477 467 2531 in
507 2477 726 2532 sacculo
774 2476 987 2531 diversa
1036 2478 1275 2544 pondera
1316 2491 1421 2530 non
1461 2476 1746 2540 habemus,
1791 2475 1839 2530 si

241 2571 387 2626 intra
417 2577 685 2625 secretum
717 2568 1067 2624 conscientiae
1100 2576 1317 2633 nostrae,
1360 2582 1466 2622 non
1496 2567 1654 2622 aliter
1682 2568 1839 2622 nobis

241 2667 405 2730 atque
437 2658 596 2713 aliter
641 2658 762 2712 aliis
798 2655 1128 2725 iudicantes.
1160 2658 1379 2713 easdem
1422 2657 1675 2728 legalium
1703 2673 1838 2728 pra}-

239 2756 526 2818 ceptorum
576 2763 860 2804 mensuras
911 2749 1287 2819 appendimus,
1341 2749 1597 2804 nimirum
1639 2760 1698 2806 ut
1739 2766 1840 2806 nos

238 2837 370 2893 aliis
405 2839 642 2910 regulam
677 2840 937 2895 districtae
969 2839 1278 2895 severitatis
1300 2840 1557 2906 indicere,
1591 2851 1839 2896 nosmet-

243 2932 396 3002 ipsos
446 2947 576 2988 vero
616 2933 934 2988 Studeamus
983 2933 1310 2989 remissioris
1347 2933 1693 3006 indulgentia:
1721 2935 1842 3006 lege

243 3029 502 3078 tractare.
538 3023 612 3077 De
647 3038 753 3092 qua
775 3023 1030 3079 videlicet
1063 3023 1254 3079 fraude
1289 3032 1343 3079 et
1378 3022 1634 3080 Salomon
1663 3025 1837 3081 dicit:

246 3133 270 3165 ε
306 3113 654 3170 Abominatio
688 3125 772 3171 est
804 3116 1034 3170 Domino
1080 3116 1290 3186 pondus
1330 3115 1526 3188 duplex
1554 3127 1607 3173 et
1635 3126 1840 3173 statera

1926 562 2184 635 operibus
2220 561 2514 618 eilicaciter
2553 561 2890 630 impleamus.

2431 653 2593 722 153
2628 652 2854 708 CAPUT
2893 651 3010 706 xu.

2241 743 2310 800 In
2336 759 2572 799 sermone
2599 744 2663 797 de
2694 743 2756 798 S.
2791 742 3205 798 Bartholomteo.

1999 834 2099 890 Es
2127 835 2421 905 aliquando
2451 833 2656 888 sanctis
2678 848 2978 903 congruere
3016 835 3288 905 reperitur
3309 847 3525 905 aposto-

1927 929 2016 994 lis,
2046 929 2113 983 de
2142 927 2338 997 quibus
2367 927 2467 981 sub
2494 924 2633 980 Aser
2661 925 2841 994 specie
2871 939 2966 994 per
2996 925 3214 995 Moysen
3247 927 3303 982 in
3330 927 3528 982 Deute-

1929 1021 2178 1077 rouomio
2231 1020 2478 1074 dicitur:
2523 1037 2541 1070 ι
2580 1019 2808 1074 Ferrum
2857 1027 2914 1072 et
2975 1033 3049 1073 aes
3097 1018 3527 1075 calceamentum

1929 1113 2048 1184 ejus
2077 1111 2258 1183 (Deut.
2291 1112 2513 1183 XXXIII).
2545 1130 2565 1164 ι
2595 1110 3036 1166 Calceamentum
3067 1113 3265 1183 quippe
3294 1113 3350 1168 in
3379 1113 3530 1168 Scri-

1929 1215 2087 1278 ptura
2140 1221 2301 1262 sacra
2351 1206 2746 1262 munimentum
2790 1204 3193 1274 praedicationis
3241 1207 3527 1277 accipitur,

1932 1296 2074 1350 sicut
2128 1297 2387 1365 scrip:um
2438 1305 2522 1350 est
2560 1313 2573 1348 :
2611 1314 2630 1345 ‹
2665 1294 2904 1350 Calceati
2945 1291 3110 1364 pedes
3162 1296 3214 1349 in
3269 1297 3533 1366 praedica-

1933 1386 2082 1440 tione
2123 1385 2399 1453 Evangelii
2439 1386 2589 1454 pacis
2630 1384 2846 1454 (Ep/tes.
2889 1384 2987 1453 vn).
3027 1404 3046 1435 ι
3095 1383 3228 1452 Quia
3271 1401 3402 1457 ergo
3435 1401 3533 1457 per

1935 1477 2141 1535 ferrum
2178 1480 2380 1541 virtus,
2430 1493 2528 1546 per
2566 1493 2638 1531 aes
2679 1486 2858 1532 autem
2907 1480 3309 1548 perseverantia
3345 1481 3529 1552 longa-

1939 1567 2204 1621 nimitatis
2229 1566 2574 1636 exprimitur,
2602 1566 2806 1621 ferrum
2844 1577 2898 1621 et
2933 1581 3008 1621 aes
3042 1569 3412 1638 apostolorum
3446 1572 3527 1626 di-

1935 1658 2078 1712 citur
2118 1670 2238 1711 esse
2269 1655 2720 1721 calceamentum,
2754 1672 2853 1711 nec
2893 1673 3000 1710 ιιυιι
3026 1668 3080 1712 et
3111 1658 3530 1727 praedicatorum

1937 1746 2304 1818 quorumlibet
2337 1755 2669 1801 sanctorum.
2700 1746 2804 1801 Per
2836 1745 3041 1801 ferrum
3079 1748 3286 1803 scilicet
3328 1749 3527 1805 adver-

1856 1831 1906 1891 B
1933 1839 2131 1893 santia‘
2156 1837 2296 1891 mala
2343 1837 2615 1906 patienter
2660 1837 2926 1903 tolerant;
2979 1853 3076 1907 per
3109 1854 3184 1894 ars
3223 1854 3354 1894 vero
3387 1841 3532 1895 bona

1937 1929 2225 1999 prteposita
2248 1927 2631 1998 longanimiter
2656 1939 2895 1981 servant.
2926 1927 3002 1982 De
3028 1929 3228 1998 quibus
3253 1929 3531 1999 apostolis,

1936 2019 2053 2073 sive
2069 2016 2384 2086 apostolicis
2411 2017 2567 2084 viris,
2594 2017 3046 2087 praedicatoribus
3073 2017 3282 2073 scilicet
3304 2019 3533 2082 sanctis,

1938 2111 2004 2164 ad
2026 2111 2274 2164 eumdem
2295 2110 2433 2164 Aser
2456 2125 2578 2165 cum
2601 2111 3032 2180 prmmisissent:
3060 2131 3078 2162 ι
3104 2113 3378 2168 Ascensor
3403 2113 3531 2168 οωΙὶ

1939 2199 2229 2254 auxiliator
2254 2208 2408 2266 tuus;
2442 2219 2461 2252 ι
2488 2200 2632 2256 illico
2649 2202 2913 2256 subdidit:
2947 2221 2964 2253 ‹
2988 2203 3385 2272 Magnificentia
3409 2203 3529 2272 ejus

1938 2290 2854 2362 discurruntnubes(Deut-.xxxut).
2885 2313 2902 2344 ι
2924 2295 3055 2360 Quis
3086 2295 3534 2350 enimestasceu-

1939 2397 2031 2437 sor
2052 2383 2194 2446 caeli,
2220 2383 2321 2437 nisi
2351 2382 2602 2440 Salvator
2632 2398 2840 2449 noster,
2871 2387 2986 2454 qui,
3022 2395 3308 2454 postquam
3339 2387 3533 2441 mortis

1937 2474 2226 2544 imperium
2278 2477 2516 2530 moriens
2557 2477 2827 2546 perdidit,
2865 2477 3089 2541 cmlum,
3129 2477 3335 2548 angelis
3365 2479 3538 2533 comi-

1931 2566 2182 2619 tantibus
2213 2574 2270 2619 et
2298 2565 2576 2636 discipulis
2603 2567 3024 2636 suspicientibus
3059 2567 3401 2637 penetravit?
3425 2567 3536 2622 Hu-

1930 2653 2022 2723 jus
2053 2655 2453 2725 maguilicentia
2481 2658 2650 2711 nubes
2681 2657 3019 2724 discurrunt,
3053 2656 3325 2733 quiaejus
3350 2668 3540 2712 aucto-

1940 2751 2103 2804 ritate
2129 2749 2380 2804 doctores
2408 2749 2582 2804 sancti
2615 2764 2712 2818 per
2741 2751 3000 2804 mundum
3027 2749 3321 2805 salutiferae
3345 2751 3540 2819 przedi-

1941 2839 2174 2894 cationis
2217 2840 2448 2893 imbrem
2498 2839 2706 2908 pluunt.
2765 2840 2843 2894 De
2889 2840 3086 2909 quibus
3126 2848 3182 2894 et
3225 2840 3538 2909 propheta:

1947 2953 1968 2988 ι
2003 2934 2103 3000 Qui
2136 2945 2285 3000 sunt,
2315 2933 2509 3002 inquit,
2563 2933 2650 2988 isti
2680 2932 2772 3003 qui
2797 2940 2856 2987 ut
2884 2935 3055 2988 nubes
3093 2933 3316 2989 volant?
3342 2952 3362 2984 ι
3399 2932 3539 3002 (Ιδα.

1942 3025 2057 3094 1.x.)
2087 3025 2207 3080 Istae
2237 3026 2412 3079 nubes
2441 3023 2785 3080 resolvuntur
2826 3025 2878 3078 in
2920 3037 3138 3094 aquam,
3169 3039 3292 3078 cum
3335 3032 3538 3078 terram

1946 3117 2128 3172 cordis
2175 3116 2348 3171 nostri
2397 3115 2654 3170 doctrinae
2697 3130 2809 3169 sua:
2866 3114 3084 3170 fluentis
3133 3114 3425 3176 iuebriant,
3479 3121 3541 3166 ut

243 3206 435 3262 dolosa
480 3206 662 3278 (Prov.
694 3206 846 3279 Χ1)ο)
880 3207 1114 3262 Necesse
1158 3215 1242 3262 est
1285 3223 1416 3279 ergo
1468 3209 1654 3281 fruges
1688 3209 1842 3265 verbi
1869 3194 1914 3258 C
1946 3221 2067 3260 eam
2126 3207 2193 3258 ad
2250 3204 2572 3275 proferenda
2630 3203 2702 3274 pii
2765 3205 2947 3273 operis
3003 3204 3250 3274 germina
3309 3203 3542 3258 fertilem

245 3309 589 3366 nequaquam
632 3297 884 3362 diversis,
913 3297 1006 3356 sed
1038 3297 1242 3352 eisdem
1269 3298 1450 3354 metiri
1488 3299 1839 3369 ponderibus,

1951 3299 2206 3353 reddant.

1277 3408 1582 3478 Expliciunt
1614 3411 1911 3466 testimonia
1942 3411 2063 3465 libri
2094 3411 2507 3466 Deuteronomii.

1292 3499 1634 3556 INCIPIUNT
1674 3502 2020 3560 CAPITULA
2062 3502 2243 3556 LIBRI
2281 3501 2515 3558 JOSUE.

434 3743 611 3785 nerant
637 3733 690 3785 in
720 3733 890 3786 medio
917 3745 1252 3794 castrornma

433 3871 652 3926 cideret.

293 3589 343 3641 i.

288 3660 346 3712 ‘2.

291 3799 346 3854 ὅ.

293 3940 346 3993 4.

293 4079 346 4133 5.

298 4150 346 4202 6.

296 4219 346 4271 7.

295 4288 346 4342 8.

438 4361 564 4414 verit
585 4360 798 4432 .lericlto
829 4363 881 4417 in
907 4364 1251 4432 primogenita
1282 4379 1400 4416 suo.

299 4429 333 4482 9

266 4498 335 4551 1⁸)

389 3589 542 3662 Quod
578 3609 728 3662 aqua:
757 3590 1012 3646 Iordanis
1042 3592 1222 3646 divisw
1251 3603 1372 3644 sunt
1402 3592 1526 3645 dum
1554 3591 1744 3656 Israel,
1773 3593 1936 3648 Josue
1973 3594 2216 3655 ducente,
2259 3595 2534 3647 transiret.

334 3699 346 3711 .
391 3661 544 3723 Quod
575 3661 834 3735 pra'cepit
858 3663 1115 3718 Dominus
1153 3673 1209 3717 ut
1231 3662 1468 3716 tollerent
1497 3663 1770 3717 duodecim
1795 3664 1996 3735 lapides
2035 3664 2098 3717 de
2129 3663 2300 3717 medio
2322 3664 2598 3729 Jordanis,
2624 3662 2713 3716 ubi
2748 3664 3043 3718 sacerdotes
3072 3673 3343 3728 steterant,
3367 3674 3414 3717 et
3444 3683 3540 3733 po-

334 3839 348 3853 .
393 3799 543 3876 Quod
575 3801 740 3856 Josne
783 3803 1036 3858 Dominus
1075 3805 1321 3873 prwcepit
1354 3814 1407 3857 ut
1436 3806 1682 3858 transiret
1718 3805 1772 3858 in
1814 3802 2038 3876 Galgala
2066 3806 2196 3859 cum
2249 3803 2440 3874 populo
2484 3812 2532 3858 et
2567 3802 2677 3858 illic
2714 3821 2799 3858 eos
2843 3803 3028 3857 cultris
3067 3805 3287 3873 lapideis
3322 3805 3547 3856 circum-

393 3938 545 4012 ραι)ιί
574 3944 817 4011 prtrcepit
848 3941 1100 3996 Dominus
1128 3953 1184 3995 ut
1209 3957 1385 3995 arcam
1417 3943 1626 4011 fwderis
1653 3945 1750 3998 viri
1774 3945 2050 4000 bellatores
2079 3945 2273 3998 armati
2302 3945 2674 4012 prwcederent,
2703 3954 2751 3997 et
2779 3942 3072 3995 sacerdotes
3099 3952 3289 4010 septem
3317 3941 3547 3994 buccina

421 4011 734 4081 :clangerent
765 4023 811 4066 et
840 4015 914 4067 sic
940 4012 1154 4066 Iericho
1187 4023 1377 4081 septem
1414 4015 1594 4066 diebus
1624 4016 1980 4067 circumirent.

332 4119 348 4133 .
392 4078 544 4144 Quod
561 4078 620 4134 in
647 4085 783 4136 Area
816 4084 917 4136 tria
947 4078 1366 4144 continebantur,
1397 4101 1532 4136 urna
1561 4100 1723 4136 aurea
1743 4100 1875 4136 cum
1905 4101 2120 4144 manna.
2151 4096 2198 4139 et
2223 4082 2402 4137 tabula
2433 4083 2753 4147 testamenti,
2790 4090 2837 4134 et
2877 4082 3020 4149 virga
3046 4080 3244 4135 Aaron.

338 4188 352 4202 .
391 4150 475 4222 Ait
509 4149 671 4205 Josue
701 4153 768 4205 ad
796 4153 1044 4222 populum
1075 4168 1093 4206 :
1134 4151 1231 4205 Vos
1258 4163 1431 4222 mitem
1458 4165 1630 4206 cavete
1658 4169 1718 4204 ne
1746 4155 1809 4206 de
1841 4154 2183 4221 [acn'tatibus
2222 4153 2433 4207 Jericlto
2463 4154 2736 4221 quidpiam
2761 4151 3096 4222 contingatis.

337 4257 352 4271 .
396 4219 548 4293 Quod
586 4219 829 4293 subuersa
855 4219 1065 4276 Jericho
1095 4223 1282 4276 domus
1315 4221 1499 4275 Rahab
1530 4219 1927 4293 nteretricis,:tle
1951 4242 2054 4293 qua
2085 4223 2352 4293 funiculus
2383 4219 2654 4293 coccineus
2683 4219 3024 4293 dependebat,
3053 4221 3233 4293 evasit.

339 4329 352 4342 .
397 4289 656 4344 Subversa
681 4291 892 4345 Jericlto
914 4293 1075 4347 Josne
1103 4293 1421 4361 imprecatus
1446 4303 1540 4357 est,
1567 4294 1743 4345 dicens
1777 4307 1794 4343 :
1825 4289 2141 4348 Male'dictus
2173 4295 2250 4348 vir
2280 4307 2458 4346 coram
2488 4289 2848 4360 Domino,qui
2875 4291 3206 4345 suscitaverit
3234 4300 3280 4344 et
3317 4290 3552 4358 a’diﬁca-

339 4467 354 4480 .
397 4428 548 4502 Quod
578 4430 888 4502 Gabaonitw
907 4428 1265 4502 'pacis'fazdus
1295 4434 1360 4487 ab
1389 4432 1650 4488 Israelitis
1679 4431 2046 4502 fraudulenter
2074 4442 2406 4487 extorserunt
2443 4432 2497 4484 in
2519 4441 2661 4486 terra
2692 4431 2960 4486 Phereza'i
2989 4443 3037 4486 et
3069 4429 3354 4501 Raphaim.

340 4537 356 4551 .
398 4499 543 4555 Dixit
566 4501 730 4556 Josne
751 4501 874 4567 [iliis
896 4499 1138 4572 Joseplt’:
1167 4502 1226 4557 Si
1249 4503 1474 4568 populus
1501 4499 1694 4556 multus
1725 4521 1796 4566 es,
1828 4503 2048 4558 ascende
2077 4505 2129 4557 in
2153 4503 2338 4556 silvam
2369 4514 2415 4554 et
2445 4503 2655 4556 succide
2688 4503 2780 4556 tibi
2818 4503 2989 4573 spatia
3016 4503 3084 4556 ad
3111 4499 3476 4555 habitandum.

1600 4591 1904 4664 Eapliciunt
1931 4592 2187 4664 capitula.

736 4739 1374 4828 INCIPIUNT
1445 4738 2194 4830 TESTIMONIA
2262 4740 2592 4826 LIBRI
2669 4738 3079 4830 JOSUE.

690 4882 850 4954 159
884 4882 1112 4939 CAPUT
1152 4883 1440 4939 PRIMUM.

377 4973 447 5031 1η
476 4975 703 5030 secundo
734 4990 968 5027 sermone
997 4975 1059 5030 de
1090 4973 1148 5030 S.
1181 4973 1388 5030 Joanne
1413 4975 1748 5045 evangelista.

351 5085 367 5119 ο
413 5066 548 5121 Cum
589 5065 817 5135 populus
864 5066 1236 5135 ingrederetur
1282 5064 1596 5130 Jordancm,
1633 5066 1860 5134 iubente

270 5155 458 5220 Josue,
492 5171 645 5224 aqua:
674 5154 980 5224 superiores
1007 5154 1071 5206 ad
1101 5155 1272 5208 instar
1302 5156 1498 5210 montis
1529 5157 1859 5211 intumesce-

252 5248 430 5316 Ibant,
474 5246 761 5300 inferiores
791 5262 917 5300 vero
949 5247 1002 5299 in
1043 5261 1194 5300 mare
1224 5245 1496 5301 Mortuum
1537 5249 1862 5302 delabeban-

275 5334 518 5408 tur(Jos.
541 5337 678 5406 ιιι).ι
712 5337 846 5403 Quia
879 5336 1120 5406 profecto
1149 5353 1213 5392 ex
1245 5339 1345 5406 eis,
1372 5339 1463 5410 qui
1494 5340 1859 5409 baptizautur,

272 5425 370 5480 alii
417 5425 475 5481 in
511 5437 731 5497 accepta
771 5427 1009 5483 caelestis
1044 5429 1230 5500 gratia:
1279 5431 1566 5487 dulcedine
1610 5447 1861 5502 perseve-

1771 4958 1838 4978 ⁸*

277 5529 434 5586 rant,
491 5520 584 5575 alii
643 5521 697 5574 in
754 5530 1101 5591 peccatorum
1163 5525 1581 5580 amaritudinem
1633 5526 1869 5584 deﬂuere
1963 5568 1974 5582 .

278 5612 511 5677 reprobe
533 5611 762 5666 vivendo
791 5627 899 5668 non
931 5623 1168 5679 cessant,
1197 5623 1251 5668 et
1279 5613 1426 5669 velut
1452 5615 1504 5669 in
1534 5615 1702 5670 maris
1725 5633 1872 5671 mor-

263 5699 358 5775 tui
391 5699 722 5770 salsuginem
761 5711 1039 5768 corruunt,
1080 5704 1209 5758 dum
1246 5704 1507 5775 sapiendo
1537 5713 1749 5758 terrena
1771 5721 1869 5774 per

281 5805 464 5860 prava:
495 5792 616 5847 vita:
653 5791 878 5849 declivia
910 5794 977 5849 ad
1004 5805 1234 5851 mortem
1266 5796 1510 5853 tendunt.
1550 5795 1660 5854 Nos
1687 5807 1870 5858 autem

1880 4892 1934 4952 Ι)
1962 4900 2070 4941 ιιοιι
2111 4885 2210 4950 sic,
2240 4884 2601 4947 dilectissimi,
2636 4900 2741 4938 non
2772 4884 2874 4950 sic,
2903 4885 2994 4938 sed
3021 4885 3088 4938 ad
3128 4900 3308 4940 veram
3333 4888 3554 4958 sapien-

1963 4978 2097 5032 tiam
2133 4978 2375 5033 animum
2419 4975 2814 5032 transferentes
2856 4978 2935 5033 sic
2975 4992 3071 5046 per
3104 4977 3199 5032 Dei
3243 4979 3556 5036 misericor-

1968 5069 2112 5124 diam
2151 5069 2206 5124 in
2250 5069 2512 5124 virtututn
2549 5069 2866 5124 studeamus
2915 5069 3026 5123 alta
3074 5069 3360 5139 prolicere,
3393 5080 3453 5125 ut
3501 5074 3558 5126 in

1965 5158 2221 5212 vitiorum
2261 5160 2461 5228 pudeat
2495 5160 2808 5229 voraginem
2839 5160 3135 5225 declinare.
3179 5161 3272 5216 Sic
3305 5177 3559 5231 perseve-

1968 5264 2152 5305 remus
2181 5265 2394 5322 semper
2423 5251 2492 5304 ad
2529 5265 2760 5321 superna
2794 5266 3089 5321 pr0perare
3129 5267 3237 5322 quo
3264 5255 3557 5321 tendimus,

1967 5351 2029 5395 ut
2057 5341 2226 5396 divini
2255 5342 2455 5396 amoris
2483 5341 2824 5398 dulcedinem
2855 5344 2911 5397 in
2941 5344 3144 5400 nostris
3171 5345 3375 5414 jugitcr
3407 5361 3561 5402 men-

1969 5433 2116 5488 tibus
2143 5448 2542 5491 conservemus.

2602 5525 2831 5582 CAPUT
2869 5525 2933 5583 ll.

2480 5611 2548 5673 In
2580 5619 2758 5672 eodem
2789 5636 3047 5675 sermone.

2052 5726 2069 5760 ι
2099 5707 2268 5778 Elige,
2292 5729 2310 5762 ι
2343 5710 2518 5782 inquit
2540 5713 2799 5770 Dominus
2821 5716 2888 5769 ad
2912 5705 3095 5778 Josue,
3130 5734 3147 5766 ι
3170 5713 3449 5776 duodecim
3480 5712 3561 5765 vl-

1976 5813 2087 5866 ros,
2109 5801 2348 5871 singulos
2374 5819 2469 5874 per
2496 5805 2736 5878 singulas
2758 5807 2950 5875 tribus,
2973 5815 3025 5862 et
3041 5811 3274 5880 praecipe
3289 5809 3368 5863 eis
3393 5814 3450 5860 ut
3468 5799 3564 5859 tol-

3593 4708 3606 4829 3
