4052 6312
564 356 694 411 1071

1444 352 1941 415 COLLECTANEA
1976 350 2045 408 ΙΝ
2085 349 2313 408 VETUS
2348 351 2888 410 TESTAMENTUM.

3675 355 3823 410 {072

565 472 680 525 lant
702 468 768 525 de
793 466 970 523 medio
999 464 1133 522 alvei
1152 463 1422 532 Iordanis,
1451 469 1542 522 ubi
1577 468 1809 522 lixerunt
1834 466 2142 521 sacerdotes
2169 471 2219 529 Α
2247 465 2389 520 hunc
2414 481 2604 536 panem
2633 468 2963 536 pervenitur,
2987 467 3120 539 legis
3151 470 3349 525 veteris
3373 470 3599 527 ulterius
3628 485 3835 525 manna

563 561 756 634 pedes,
785 556 1067 613 duodecim
1104 557 1309 627 lapides
1339 557 1655 615 durissimos
1680 571 1815 627 quos
1842 554 2053 625 ponetis
2086 554 2144 609 in

563 651 685 706 loco
727 658 1066 715 castrorum,
1114 648 1210 703 ubi
1263 648 1493 703 fixeritis
1548 648 1650 702 hac
1707 657 1867 701 nocte
1917 644 2147 699 tentoria

563 741 703 806 (los.
734 741 831 813 tv).
867 760 885 793 ι
923 740 997 797 Ut
1024 749 1202 795 autem
1234 756 1340 795 non
1365 740 1574 801 omnia,
1606 738 1731 793 licet
1761 738 1917 808 plena
1949 747 2150 808 mystc-

566 834 687 897 riis,
721 833 886 887 verba
937 830 1246 893 discutiam,
1295 829 1425 899 quid
1465 844 1562 897 per
1600 829 1705 883 hoc
1757 829 1956 882 factum
1993 827 2152 883 nobis

546 924 828 987 inanitur,
864 921 965 976 nisi
1006 932 1066 976 ut
1099 929 1383 990 postquam
1422 919 1637 990 mystici
1671 917 1923 973 Iordanis
1950 916 2146 973 fluenta

546 1015 881 1079 .transimus,
912 1022 1193 1083 postquam
1227 1010 1291 1065 de
1327 1009 1525 1064 lavacri
1553 1009 1803 1064 salutaris
1838 1008 1990 1064 fonte
2018 1024 2150 1063 con-

540 1106 859 1176 surgimus,
898 1101 1227 1158 durissimos
1266 1100 1548 1155 duodecim
1608 1100 1833 1170 lapides,
1867 1101 1918 1154 id
1947 1108 2030 1154 est
2058 1100 2150 1153 lir-

562 1197 812 1253 niissima
837 1192 1202 1263 apostolorum
1233 1191 1501 1259 exempla,
1519 1190 1585 1244 ad
1610 1189 1964 1244 imitationem
1993 1189 2148 1243 nobis

541 1299 870 1359 proponere
917 1284 1262 1338 Studeamus“!
1296 1281 1531 1351 Lapides
1575 1280 1775 1349 quippe
1823 1280 1913 1334 ubi
1969 1293 2151 1333 sacer-

552 1380 722 1433 dotes
760 1376 924 1445 pedes
961 1374 1212 1436 ﬁxerant,
1246 1372 1300 1427 in
1332 1371 1451 1427 loco
1481 1381 1782 1427 castrorum
1811 1372 2080 1441 ponimus,
2103 1370 2147 1424 si

545 1468 621 1522 .in
669 1466 951 1536 procinctu
993 1462 1291 1534 spiritualis
1329 1462 1534 1523 militiae
1559 1462 1751 1531 ,positi,
1783 1461 2148 1531 apostolorum

557 1557 791 1627 westigia
810 1562 1130 1611 constanter
1161 1562 1217 1608 et
1250 1553 1479 1608 firmiter
1510 1563 1807 1610 teneamus.
1838 1552 1970 1608 Nam
1992 1552 2150 1623 juxta

554 1644 1213 1701 Salomonis-sententiam
1247 1661 1261 1696 :
1285 1661 1303 1694 (
1333 1643 1436 1709 Qui
1461 1643 1636 1698 mollis
1664 1652 1720 1698 et
1746 1643 2038 1699 dissolutus
2067 1650 2152 1696 est

562 1736 621 1791 in
652 1749 815 1805 opere
842 1750 959 1799 suo,
989 1733 1162 1789 frater
1188 1744 1269 1789 est
1298 1748 1397 1787 sua
1433 1748 1598 1803 opera
1625 1731 1935 1802 dissipantis
1965 1732 2147 1803 (Prov.

2249 569 2356 611 non
2380 557 2644 626 quaeritur

2862 666 3091 727 CAPUT
3130 668 3219 727 IV.

2592 798 2661 855 In
2683 817 2919 856 sermone
2940 802 3004 858 de
3031 815 3214 859 sancto
3243 805 3474 861 Andrea.

2324 931 2343 965 ι
2379 912 2646 985 Praecepit
2671 915 2932 973 Dominus
2963 915 3127 973 Iosue
3162 929 3221 974 ut
3253 935 3435 976 arcam
3475 919 3698 978 fmderis
3727 920 3841 977 viri

2247 1005 2540 1062 bellatores
2604 1009 2798 1063 armati
2854 1012 3248 1079 praecederent,
3286 1014 3596 1069 sacerdotes
3653 1025 3845 1069 autem

2248 1108 2453 1167 septem
2484 1100 2726 1154 huccin'eS
2752 1100 3087 1171 clangerent,
3125 1104 3308 1173 sicque
3338 1120 3433 1174 per
3451 1116 3657 1176 septem
3690 1107 3844 1161 nihia

2248 1188 2481 1243 lotninns
2528 1190 2643 1243 dies
2685 1188 2905 1244 Jericho
2965 1193 3163 1247 moenia
3223 1194 3538 1249 circuirent.
3593 1193 3850 1264 Septimo

2250 1277 2431 1346 itaque
2461 1276 2549 1332 die
2576 1279 2704 1331 dum
2735 1279 3050 1334 vociferatio
3078 1282 3255 1351 populi
3282 1281 3657 1353 clangentibns
3693 1284 3849 1341 tubis

2250 1367 2603 1430 admiscetur,
2631 1365 2849 1422 .lericho
2879 1370 3128 1438 protinus
3152 1389 3180 1425 a
3218 1372 3569 1428 fundamento
3595 1374 3847 1445 collapsa

2248 1455 2584 1525 subvertitur
2631 1456 2769 1529 (los.
2800 1458 2897 1529 vr).
2935 1478 2954 1511 ι
3013 1459 3149 1526 Quid
3204 1470 3290 1516 cst
3344 1471 3523 1517 autem
3566 1466 3713 1533 quod
3774 1458 3851 1519 ad

2251 1550 2568 1619 capiendam
2612 1550 2803 1604 urbem
2851 1565 2957 1605 non
3011 1551 3220 1623 gladius
3265 1554 3536 1618 educitur,
3585 1571 3697 1609 non
3738 1556 3846 1611 tela

2252 1639 2554 1706 vibrantur,
2596 1655 2703 1694 non
2725 1638 2965 1707 jaculum
2992 1642 3240 1710 mittitur,
3271 1659 3379 1699 non
3408 1644 3554 1699 acies
3582 1644 3845 1699 militaris

2253 1730 2413 1785 cunei
2438 1732 2504 1785 ad
2533 1731 2849 1800 irruptionis
2888 1731 3146 1802 impetum
3180 1736 3539 1805 constipatur,
3569 1738 3667 1791 sed
3698 1732 3846 1792 tubis

559 1827 745 1897 xvni).
780 1847 800 1880 ι
853 1825 1116 1881 Nimirum
1157 1826 1251 1895 qui
1293 1826 1345 1880 in
1387 1825 1627 1880 moribus
1676 1824 1789 1879 suis
1852 1822 2041 1879 molles
2086 1837 2151 1877 ac
2180 1825 2226 1884 Β
2255 1822 2516 1876 duntaxat
2532 1822 2957 1879 sacerdotalibus
2984 1821 3268 1894 clattgitttr,
3297 1834 3351 1879 et
3372 1826 3451 1880 sic
3479 1826 3710 1881 victoria
3736 1844 3842 1881 non

560 1917 712 1973 fluidi
741 1924 892 1982 sunt,
922 1930 1074 1971 more
1106 1930 1260 1985 aqua:
1288 1913 1593 1984 praecipites
1624 1913 1692 1968 ad
1732 1914 1838 1968 ima
1876 1910 2143 1973 defluunt;

548 2009 656 2079 ⁴(ιιιί
689 2023 815 2064 vero
842 2016 1158 2064 constantes
1195 2022 1259 2062 ac
1288 2005 1453 2071 ﬁrmi,
1472 2006 1525 2061 in
1556 2020 1737 2061 arcem
1766 2003 2010 2076 quotidie
2037 2003 2148 2059 vir-

547 2097 697 2153 ;tutis
730 2106 1075 2154 excrescunt.

1183 2188 1408 2247 CAPUT
1444 2189 1533 2245 ill.

777 2277 847 2335 In
874 2294 1109 2335 sermone
1136 2280 1304 2350 primo
1327 2282 1392 2335 de
1417 2278 1479 2336 S.
1507 2277 1920 2334 Barlholomteo.

629 2388 659 2422 4
695 2368 826 2426 Post
862 2370 979 2425 haec
1022 2379 1204 2424 autem
1243 2368 1491 2438 protinus
1525 2367 1691 2424 Josue
1728 2367 1950 2436 iubetur
1985 2373 2047 2422 ut
2092 2364 2149 2421 in

560 2459 786 2530 Calgala
815 2475 938 2514 cum
971 2458 1168 2529 populo
1200 2466 1437 2515 transeat
1474 2468 1638 2529 atque
1678 2458 1787 2513 illic
1827 2472 1921 2512 eos
1959 2454 2150 2511 cultris

563 2549 793 2621 lapideis
804 2549 1155 2604 circumcidat
1179 2548 1314 2619 (Jos.
1330 2549 1407 2620 v).
1429 2549 1612 2613 Petra,
1631 2566 1650 2600 ι
1672 2547 1819 2601 utait
1838 2545 2147 2615 Apostolus,

568 2661 589 2692 ι
615 2648 734 2695 erat
752 2639 1001 2695 Christus
1023 2638 1074 2709 (1
1092 2637 1214 2692 Cor.
1233 2638 1307 2708 χ).
1331 2658 1349 2691 ι
1381 2638 1484 2692 Per
1507 2637 1751 2693 cultellos
1772 2651 1901 2704 ergo
1913 2633 2150 2705 lapideos

564 2729 1030 2793 circumcidimur,
1081 2730 1206 2784 dum
1262 2744 1359 2800 per
1393 2728 1669 2784 Christum
1705 2742 1735 2782 a
1770 2726 1927 2782 nobis
1960 2740 2149 2781 omnes

548 2821 748 2877 carnis
770 2830 832 2875 et
858 2820 1081 2890 spiritus
1113 2820 1397 2876 illecebras
1420 2830 1781 2890 amputamus.
1819 2818 1887 2873 Et
1914 2817 2016 2873 hac
2036 2816 2148 2872 cir-

554 2911 916 2976 cumcisione,
958 2911 1097 2965 sicut
1125 2910 1234 2966 illic
1262 2911 1483 2977 dicitur,
1517 2909 1891 2981 .‘Egyptiorum
1922 2908 2146 2980 propul-

561 3017 749 3058 sanius
776 3001 1157 3073 cpprobrium,
1189 3002 1442 3071 quoniam
1474 3000 1836 3056 deludcntium
1854 3013 1964 3077 suos
1990 3000 2147 3055 elidi.

555 3108 685 3147 mus
710 3091 1063 3162 petulantiam
1085 3092 1362 3147 vitiorum.
1395 3110 1413 3146 (
1436 3090 1626 3152 Hodie,
1646 3108 1666 3142 ι
1698 3089 1875 3160 inquit
1892 3090 2149 3145 Dominus

563 3183 634 3237 ad
657 3182 845 3248 losue,
874 3201 893 3234 ι
934 3182 1128 3237 abstuli
1156 3181 1508 3252 opprobrium
1537 3180 1758 3252 Egypti
1777 3196 1809 3235 a
1832 3180 1982 3235 vobis
2006 3174 2142 3247 (los.
2176 3166 2219 3227 C

561 3275 674 3343 v).i
710 3273 820 3329 Nec
842 3273 1276 3342 praetereundum
1307 3273 1466 3343 160
1492 3272 1635 3341 quod
1658 3269 1876 3341 Galgala
1898 3269 2146 3324 revelatio

559 3365 971 3438 interpretatur.
1026 3365 1146 3419 Vita
1193 3364 1392 3434 quippe
1439 3362 1676 3417 carnalis
1720 3363 1905 3417 oculos
1954 3360 2148 3417 mentis

561 3470 822 3527 cxczecat,
850 3460 1145 3531 spiritualis
1173 3460 1441 3513 illuminat
1468 3477 1482 3513 :
1512 3459 1768 3525 «Revela,
1794 3460 1989 3530 inquit,
2013 3475 2147 3514 ocu-

564 3554 647 3609 los
675 3569 843 3622 meos,
866 3563 921 3608 et
943 3553 1299 3608 considerabo
1326 3552 1593 3607 mirabilia
1620 3555 1684 3607 de
1707 3552 1825 3622 lege
1853 3562 1941 3606 tua
1969 3550 2145 3622 (l’sal.

563 3643 775 3714 cxvur).
808 3662 827 3695 ι
869 3641 1003 3697 Cum
1042 3643 1188 3696 enim
1237 3655 1266 3695 a
1307 3643 1419 3698 suis
1467 3643 1627 3696 homo
1667 3643 1810 3697 vitiis
1857 3642 2146 3696 circumci-

564 3733 734 3799 ditur,
765 3732 831 3786 ad
862 3731 1060 3786 divina:
1086 3731 1219 3795 legis
1246 3733 1635 3787 consideranda
1665 3732 1921 3802 mysteria
1951 3732 2147 3787 mentis

565 3822 711 3877 acies
757 3820 1046 3876 revelatur.
1093 3821 1149 3875 ln
1192 3836 1300 3890 quo
1337 3820 1546 3877 scilicet
1580 3820 1706 3876 ‘loco
1741 3821 1809 3876 ab
1852 3810 2147 3877 Israelitico

561 3912 759 3984 pupqu
791 3911 997 3968 Pascha
1023 3912 1328 3968 celebratur
1358 3923 1412 3977 et
1442 3913 1619 3984 typice
1643 3912 1829 3983 Agnus
1856 3910 1945 3967 ille
1966 3925 2146 3967 come-

558 4005 732 4070 ditur,
770 4005 863 4074 qui
905 4003 1042 4058 tollit
1089 4015 1311 4073 peccata
1364 4005 1551 4058 mundi
1597 4003 1778 4075 (Joan.
1812 4004 1874 4073 ι).
1911 4003 1978 4057 Et
2016 4010 2147 4056 nota

563 4093 811 4148 ordinem
846 4108 1025 4147 rerum
1061 4108 1123 4148 ac
1154 4094 1345 4150 salutis
1373 4094 1625 4149 humanae
1648 4094 1919 4164 perpende
1950 4099 2148 4165 myste-

562 4184 730 4239 rium.
769 4181 1066 4253 Postquam
1095 4185 1161 4238 de
1198 4183 1465 4253 baptismo
1495 4184 1648 4252 quasi
1687 4184 1753 4238 de
1785 4182 1999 4254 gurgite
2026 4180 2150 4237 Jor-

561 4275 723 4331 danis
746 4274 982 4338 eximus,
1011 4273 1319 4343 apostolicae
1345 4274 1561 4329 virtutis
1595 4280 1651 4327 et
1677 4272 1992 4327 constantiae
2018 4270 2149 4339 lapi-

561 4365 658 4420 des
700 4364 858 4419 nobis
916 4364 970 4417 in
1024 4364 1257 4433 exempli
1320 4363 1687 4419 testimonium
1741 4362 2142 4428 constituimus,

560 4470 700 4525 quos
731 4452 1094 4508 aemulationis
1124 4455 1304 4509 studio
1328 4454 1766 4525 contemplantes
1800 4469 1829 4508 a
1864 4453 2146 4525 pravitatis

2241 1907 2357 1977 jam
2374 1910 2497 1979 jure
2515 1909 2664 1976 belli,
2686 1912 2778 1965 sed
2807 1910 3002 1966 virtute
3026 1912 3204 1981 potius
3229 1916 3559 1970 sacramenti
3584 1917 3655 1969 de
3681 1932 3843 1985 supe-

2247 2000 2381 2055 ratis
2404 1999 2650 2057 hostibus
2687 2000 2996 2057 obtinctur?
3025 2001 3373 2057 Delii-amenti
3395 2019 3528 2060 sane
3557 2005 3843 2060 videretur

2244 2089 2473 2159 ineptia,
2518 2089 2565 2145 si
2602 2090 2824 2146 evidens
2862 2105 2969 2146 non
3012 2090 3203 2147 fuisset
3248 2092 3471 2147 victoria
3522 2092 3839 2152 subsecuta.

2244 2178 2357 2234 Sed
2390 2194 2490 2249 per
2517 2178 2757 2247 Iericho,
2792 2197 2914 2250 qua:
2954 2182 3153 2237 dicitur
3195 2182 3346 2248 Iulia,
3392 2200 3503 2244 non
3544 2186 3843 2258 incongrue

2245 2269 2484 2324 mundus
2510 2269 2782 2335 innuitur,
2817 2271 2909 2340 qui
2947 2272 3028 2327 sic
3072 2288 3172 2342 per
3218 2271 3520 2328 labentium
3560 2289 3838 2331 monte-ma

2246 2369 2557 2432 temporum
2585 2372 2840 2433 tanquam
2863 2379 2960 2432 per
2982 2372 3256 2419 menstrua
3281 2367 3608 2423 detrimenta
3628 2368 3836 2423 linitur.

2248 2454 2390 2509 Area
2426 2464 2606 2509 autem
2655 2464 2843 2510 sancta
2880 2465 2999 2510 erat
3052 2455 3327 2522 Ecclesia;
3378 2458 3521 2515 tuba:
3549 2474 3685 2518 ve:o
3711 2475 3844 2528 apo,

2248 2544 2373 2600 stoli
2424 2553 2582 2610 sunt,
2636 2544 2721 2599 vel
2771 2545 2974 2614 quique
3032 2547 3206 2601 sancti
3254 2547 3508 2604 doctores
3545 2548 3841 2614 Ecclesia,

2248 2653 2481 2708 quorum
2497 2636 2746 2692 videlicet
2768 2638 3245 2703 admonitionibus,
3269 2640 3399 2694 dum
3422 2655 3659 2711 pugnare
3682 2656 3840 2699 sem-

2247 2746 2345 2801 per
2381 2739 2569 2785 contra
2616 2730 2799 2784 carnis
2840 2729 3123 2785 illecebras
3164 2741 3219 2784 et
3253 2734 3461 2802 antiqui
3499 2733 3668 2788 hostis
3694 2733 3842 2787 insi-

2250 2822 2370 2879 dias
2418 2824 2668 2888 nitimur,
2728 2824 2871 2877 velut
2925 2824 2992 2877 ad
3042 2823 3329 2880 conflictus.
3376 2827 3547 2881 aciem
3602 2834 3661 2881 et
3708 2842 3844 2881 con-

2248 2913 2477 2969 serenda
2567 2913 2708 2969 bella
2780 2914 3028 2967 tubarum
3079 2914 3445 2985 ,clangoribus
3524 2915 3838 2970 incitamur.

2250 3004 2380 3070 Quae
2429 3003 2684 3057 nimirum
2727 3003 2866 3058 tuba:
2910 3012 3118 3072 septem
3150 3002 3319 3058 fuisse
3349 3002 3687 3068 referuntur,
3713 3005 3841 3073 quia

2250 3095 2634 3166 prmdicatores
2661 3094 2835 3149 sancti
2865 3094 3199 3164 septiformis
3227 3093 3462 3164 Spiritus
3503 3095 3682 3166 gratia
3716 3103 3843 3150 sunt

2252 3183 2460 3252 repleti.
2508 3183 2727 3255 Septem
2772 3198 2987 3254 quoque
3032 3184 3242 3239 dierum
3269 3184 3644 3241 vicissitudine
3675 3200 3841 3240 omne

2255 3274 2408 3345 161
2445 3284 2656 3345 tempus
2694 3284 2891 3329 nostrae
2930 3274 3280 3330 mortalitatis
3310 3275 3597 3330 evolvitur.
3632 3275 3836 3330 Urbem

2248 3381 2379 3437 ergo
2415 3365 2632 3422 Jericho
2670 3366 2986 3422 sacerdotes
3017 3381 3198 3421 arcam
3231 3365 3468 3421 ferentes
3494 3374 3550 3420 et
3578 3366 3837 3436 clangen-

2249 3463 2332 3511 tes
2361 3466 2568 3526 scptcm
2591 3455 2779 3511 diebus
2808 3456 3164 3520 circumeunt,
3193 3464 3249 3511 et
3272 3460 3410 3511 muri
3435 3457 3554 3527 ejus
3581 3470 3682 3527 per
3699 3472 3841 3510 arma

2247 3549 2591 3619 praesentiam
2636 3557 2693 3604 et
2734 3550 2987 3603 tubarum
3040 3548 3274 3603 sonitum
3322 3549 3557 3614 cadunt;
3608 3549 3737 3618 quia
3785 3551 3837 3601 in

2248 3641 2409 3709 hujus
2435 3641 2682 3696 mortalis
2706 3642 2830 3697 vita:
2857 3642 3112 3708 decursu,
3141 3642 3267 3696 dum
3290 3642 3721 3711 circumquaque
3744 3656 3841 3712 per

2247 3733 2432 3788 orbem
2465 3742 2734 3788 terrarum
2766 3742 2951 3788 sancta
2998 3740 3245 3788 movetur
3271 3742 3327 3788 et
3365 3733 3624 3788 dilatatur
3652 3733 3839 3788 Ecclco

2248 3823 2349 3889 sia,
2378 3839 2475 3893 per
2498 3834 2701 3878 sancta:
2724 3823 3126 3893 praedicationis
3154 3823 3468 3879 instantiam
3499 3824 3681 3878 omnis
3708 3824 3835 3880 elati

2248 3911 2433 3965 mundi
2465 3911 2717 3981 superbia
2756 3909 3027 3981 frangitur
3052 3920 3107 3966 et
3136 3922 3331 3968 cuncta
3371 3913 3709 3969 inﬁdelitatis
3736 3913 3837 3968 ob-

2246 4000 2457 4054 stacula
2499 4001 2849 4056 subruuntur.
2892 4002 2961 4055 Et
3000 4003 3293 4058 notandum
3328 4004 3469 4074 quod
3506 4004 3703 4057 armati
3735 4005 3839 4057 m5-

2246 4087 2369 4144 lites
2410 4105 2535 4144 cum
2579 4091 2951 4146 sacerdotibus
2989 4091 3069 4146 ire
3099 4089 3377 4158 iubentur,
3418 4093 3674 4147 nimirum
3708 4102 3766 4147 ut
3800 4094 3836 4147 ii

2246 4184 2443 4253 quibus
2484 4197 2590 4237 non
2630 4191 2715 4238 est
2744 4181 3045 4253 iniunctum
3081 4184 3365 4253 promendi
3408 4182 3681 4253 clangoris
3719 4183 3835 4237 otii-

2246 4273 2389 4328 cium
2435 4288 2774 4343 nequaquam
2801 4288 2861 4328 se
2903 4283 3143 4329 remotos
3185 4273 3487 4345 intelligant
3515 4290 3548 4328 a
3576 4288 3836 4343 congres-

2246 4363 2398 4417 sione
2446 4362 2728 4428 hcllorum,
2775 4370 3043 4432 quatenus
3075 4370 3132 4417 et
3174 4361 3211 4416 ii
3251 4362 3342 4432 qui
3388 4377 3493 4416 non
3537 4363 3835 4431 praedicant

2247 4447 2435 4509 thura
2460 4452 2653 4509 occulti
2687 4453 2857 4508 hostis
2886 4452 3128 4520 insidias,
3153 4454 3348 4507 armati
3395 4452 3747 4506 nihilominus
3780 4461 3834 4505 et

560 4520 763 4599 nostra:
818 4544 1094 4613 praeputio
1152 4520 1622 4609 circumcidimur,
1684 4520 1881 4613 sicque—
1939 4543 2144 4599 dimota
2174 4520 2627 4613 Dcircutnspecli
2674 4557 2889 4612 semper
2937 4541 3208 4597 incedant.
3258 4541 3431 4612 Hujus
3478 4541 3664 4610 itaque
3708 4541 3830 4595 belli

561 4633 752 4705 procul
772 4642 938 4702 atque
964 4631 1178 4687 detersa
1202 4632 1431 4702 caligine
1454 4633 1729 4697 vitiorum,
1746 4632 1979 4687 revelata
2005 4631 2143 4688 facie

562 4724 819 4796 spiritali,
836 4724 1034 4780 latitia:
1050 4724 1264 4779 Pascha
1280 4722 1617 4779 celebramus
1641 4722 1693 4777 in
1710 4722 1838 4778 luce
1858 4723 2140 4778 virtutum.

557 4815 677 4872 illic
732 4816 968 4887 primum
1018 4814 1246 4884 populus
1306 4814 1372 4867 dc
1413 4812 1662 4883 frugibus
1710 4819 1870 4867 terra:
1906 4812 2146 4866 comedit

561 4919 784 4976 asymos
808 4916 1009 4976 panes;
1041 4913 1095 4959 et
1117 4915 1338 4968 manna,
1368 4918 1475 4971 quo
1503 4912 1727 4957 eatenus
1750 4902 1816 4955 ali
1845 4914 2144 4957 consueve-

560 5005 706 5063 rant,
744 4996 976 5052 ulterius
1021 5010 1128 5051 non
1182 4994 1452 5065 apparuit.
1494 4992 1630 5061 Quia
1670 5001 1957 5063 postquam
1985 4993 2141 5063 panis

548 5086 648 5143 ille
672 5088 848 5153 vivus,
879 5086 973 5157 qui
999 5085 1066 5141 de
1092 5083 1231 5141 coelo
1266 5083 1546 5140 descendit
1572 5082 1755 5155 (Joan.
1782 5085 1883 5153 vi),
1911 5099 1978 5139 ex
2010 5098 2143 5153 agro

559 5176 839 5250 virginalis
889 5177 1033 5235 uteri
1086 5175 1306 5249 prodiit,
1358 5183 1646 5246 postquam
1696 5188 1923 5245 granum
1976 5174 2144 5229 tritici

561 5267 763 5322 cadens
783 5267 837 5322 in
865 5275 1093 5332 terram,
1120 5274 1391 5321 mortuum
1415 5272 1521 5331 est,
1552 5280 1618 5320 ac
1644 5263 1908 5336 plurimos
1937 5263 2145 5321 fructus

559 5356 746 5413 attulit
769 5358 953 5428 (Joan.
982 5359 1110 5429 xu),
1143 5373 1263 5412 mox
1296 5357 1491 5429 typicae
1522 5357 1658 5428 legis
1688 5371 1883 5413 manna
1922 5354 2142 5413 defecit.

559 5445 732 5503 Terra
757 5449 957 5520 quippe
986 5449 1428 5520 repromissionis
1457 5454 1648 5503 venter
1666 5456 1751 5504 est
1778 5447 2046 5519 Virginis;
2075 5448 2143 5504 de

555 5553 662 5607 qua
690 5546 839 5594 terra
876 5554 973 5610 per
997 5538 1191 5595 lsaiam
1228 5540 1425 5596 dicitur
1454 5557 1468 5594 :
1505 5558 1523 5591 ι
1560 5539 1777 5607 Ιῖοτειιθ,
1810 5540 1954 5605 coeli,
1983 5542 2143 5596 desu—

555 5642 677 5697 per,
729 5636 786 5684 et
823 5628 999 5685 nubes
1039 5627 1232 5699 pluant
1284 5629 1537 5695 Iustum;
1585 5629 1865 5698 aperiatur
1904 5637 2048 5683 terra
2084 5637 2142 5684 et

516 5721 826 5788 egerminet
871 5719 1208 5779 Salvatorem
1269 5719 1406 5791 (Ira.
1464 5718 1612 5789 xcv).
1647 5735 1667 5772 ι
1708 5715 1846 5774 Cum
1897 5733 2026 5790 ergo
2072 5721 2141 5776 ad

2246 4634 2410 4689 duces
2439 4649 2511 4703 ac
2549 4633 2825 4703 principes
2855 4632 3027 4688 sancti
3068 4632 3297 4702 apostoli
3327 4641 3481 4697 sunt,
3523 4632 3616 4701 qui
3648 4646 3832 4685 arcam

2243 4726 2467 4783 foederis
2506 4725 2892 4785 Jerichontinis
2930 4725 3198 4782 moenibus
3237 4740 3361 4780 cum
3401 4727 3654 4781 tubarum
3685 4724 3832 4779 clan-

2244 4831 2373 4888 gore
2394 4815 2805 4881 circumferunt,
2832 4816 2958 4885 quia
2986 4830 3083 4886 per
3125 4815 3290 4870 totius
3319 4814 3503 4870 mundi
3541 4814 3827 4878 circulum,

2243 4919 2445 4965 sanctae
2499 4910 2897 4979 praedicationis
2944 4908 3137 4974 cilicio,
3170 4908 3427 4964 Ecclesiae
3483 4919 3829 4964 sacramenta

2245 5001 2566 5056 diffundunt.
2610 5020 2630 5054 (
2669 5001 2728 5056 ln
2767 5016 2985 5058 omnem
3029 5002 3173 5056 enim
3209 5010 3413 5057 terram
3451 5002 3621 5056 exivit
3667 5016 3830 5056 sonus

2244 5108 2453 5159 eorum,
2489 5101 2543 5148 ct
2578 5097 2630 5147 in
2676 5092 2809 5148 fines
2849 5093 2998 5149 orbis
3032 5103 3189 5148 terra:
3230 5093 3392 5149 verba
3431 5107 3619 5149 eorum
3655 5091 3826 5163 (Ρωι.

2243 5183 2421 5254 xvrn).
2455 5202 2474 5235 ι
2511 5182 2749 5238 Evolutis
2776 5193 2955 5237 autem
2984 5199 3078 5239 sex
3111 5184 3320 5250 diebus,
3352 5184 3583 5254 septimo
3612 5184 3827 5238 tandem

2246 5272 2331 5327 die
2357 5288 2451 5328 rex
2480 5271 2696 5329 Iericho
2724 5289 2844 5330 cum
2886 5274 3032 5329 omni
3079 5274 3277 5345 populo
3319 5274 3499 5346 gladio
3534 5274 3827 5329 devorante

2226 5363 2603 5428 consumitur,
2633 5363 2760 5433 quia
2793 5364 2847 5417 in
2878 5363 2962 5417 die
3000 5364 3292 5419 novissimo
3322 5362 3591 5428 diabolus,
3622 5364 3715 5435 qui
3744 5371 3825 5416 est

2243 5465 2341 5504 rex
2387 5455 2673 5521 superbiae.
2719 5469 2842 5533 cum
2886 5452 3139 5508 omnibus
3173 5452 3286 5507 suis
3321 5452 3647 5528 sequacibus
3673 5451 3820 5521 quasi

2243 5541 2476 5611 quodam
2500 5541 2692 5595 divinae
2718 5542 3000 5596 sententiae
3020 5541 3198 5612 gladio
3223 5543 3380 5598 morti
3403 5552 3678 5614 perpetua:
3697 5557 3823 5597 con~

2245 5631 2548 5685 detnnatnr.
2578 5630 2729 5685 'i‘une
2761 5646 2953 5699 nempe
2988 5631 3071 5686 lict
3104 5633 3246 5701 quod
3280 5648 3379 5704 per
3400 5633 3717 5703 Apostolum
3746 5632 3820 5686 δί-

2244 5724 2426 5779 citur:
2464 5739 2483 5774 ι
2521 5722 2687 5790 Quia,
2732 5739 2856 5778 cum
2904 5726 3247 5781 evacuavcrit
3292 5740 3509 5783 omnem
3552 5726 3813 5796 principa-
