4052 6312
229 423 368 481 1073

1529 439 1596 494 ιΝ
1636 431 1896 496 LIBRUM
1934 434 2174 494 JOSUE.

3359 439 3503 495 1074

201 520 208 521 ἢ
229 551 368 604 tum,
400 548 454 596 et
495 555 708 598 omnem
750 553 1070 615 potestatem
1116 556 1166 604 et
1207 549 1476 616 virtutem,
1518 553 1808 606 novissime
1837 561 1882 616 Α
1911 557 2036 604 sunt
2063 548 2241 612 Arius,
2271 545 2532 614 Marcion,
2557 547 2842 620 etApelles
2864 563 3091 619 attazque
3113 562 3509 618 perversornur

230 632 448 688 inimica
478 635 788 691 destruetur
815 653 956 693 mors
991 640 1038 708 (1
1071 640 1190 694 Cor.
1223 643 1332 712 xv).
1374 659 1393 694 ι

860 729 1084 785 CAPUT
1127 731 1190 785 V.

546 816 614 873 In
645 836 879 874 sermone
909 820 972 874 de
1003 820 1060 875 S.
1092 821 1499 876 Berl/talentm).

300 905 439 961 Area
465 923 596 962 vero
623 910 710 964 illa
738 925 802 963 ex
833 910 1253 980 imputribilibus
1283 912 1439 982 lignis
1467 909 1670 966 Se‘.hi:n
1701 929 1816 984 my-

227 996 363 1049 stica
394 995 571 1051 fuerat
610 1009 725 1052 arte
758 1003 1085 1069 composita;
1117 1017 1250 1056 auro
1285 1018 1499 1072 quoque
1526 1004 1819 1072 purissimo

229 1086 626 1153 resplendebat,
686 1091 829 1146 intus
867 1101 921 1145 et
956 1093 1294 1152 extrinsecus
1339 1093 1607 1148 inaurata.
1652 1095 1708 1148 In
1752 1106 1816 1148 ea

229 1191 447 1245 quoque
471 1186 589 1231 erat
630 1194 767 1233 urna
810 1197 993 1246 aurea,
1025 1183 1078 1236 in
1109 1195 1214 1253 qua
1243 1197 1440 1238 manna
1474 1186 1815 1252 servabatur,

231 1266 429 1321 tabula:
471 1269 820 1325 nihilominus
849 1271 1205 1342 Testamenti,
1236 1284 1290 1330 et
1313 1275 1460 1346 virga
1491 1276 1669 1330 Aaron
1700 1291 1820 1345 qua:

229 1353 566 1411 fronduerat.
612 1357 749 1424 Quid
797 1369 878 1414 est
923 1372 1106 1417 autem
1142 1380 1274 1420 urna
1308 1381 1494 1431 aurea,
1546 1367 1646 1421 nisi
1691 1383 1819 1423 caro

230 1443 427 1498 Christi
466 1449 683 1511 munda,
714 1450 901 1515 nitida,
937 1452 1172 1518 sincera,
1215 1452 1420 1524 absque
1448 1457 1595 1510 omni
1640 1468 1820 1513 reatus

231 1536 554 1604 contagione
581 1540 889 1606 purissima,
913 1559 1032 1611 quae
1053 1546 1390 1599 reconditum
1419 1547 1578 1600 habet
1601 1563 1826 1611 manna,

231 1624 530 1694 angelicum
556 1629 810 1684 videlicet
836 1647 1048 1700 panem,
1080 1634 1180 1687 hoc
1209 1644 1315 1700 est,
1345 1636 1641 1692 divinitatis
1665 1646 1823 1691 teter-

231 1731 316 1769 nze
349 1715 721 1773 dulcedinem?
755 1722 883 1777 Dum
912 1740 1037 1778 vero
1064 1725 1285 1794 lapidem
1315 1727 1511 1781 tabulae
1539 1727 1823 1784 inviolabi-

232 1806 336 1861 lem
369 1808 652 1882 utriusque
682 1811 1009 1868 Testameuti
1055 1817 1268 1887 signant
1315 1817 1646 1872 ﬁrmitatem.
1681 1817 1820 1884 Quid

233 1907 416 1952 autem
444 1900 624 1956 Aaron
656 1903 826 1974 virga,
858 1906 957 1959 nisi
987 1907 1182 1960 summi
1210 1907 1322 1961 veri
1351 1907 1625 1962 Pontiﬁcis
1652 1909 1821 1962 nosci
1852 1909 1899 1968 Β

233 1991 471 2047 salutare
498 1995 751 2049 vexillum
782 2005 834 2050 et
863 1999 1092 2053 rivitica:
1117 1999 1295 2055 crucis
1342 1999 1596 2069 exprimit
1640 2015 1823 2054 sacra-

232 2086 512 2140 mentum?
552 2087 682 2154 Qua:
711 2090 874 2143 etiam
907 2091 961 2144 in
1003 2105 1068 2145 eo
1111 2091 1252 2161 quod
1283 2091 1614 2162 germinasse
1645 2093 1824 2160 perhi-

229 2176 418 2244 betur,
455 2178 819 2249 praeﬁguravit
846 2191 1088 2236 sanctam
1117 2197 1333 2237 crucem
1359 2183 1682 2238 immortalis
1714 2200 1826 2239 me-

230 2271 422 2325 moriae
452 2272 730 2328 viriditate
771 2283 1110 2330 vernantem.
1157 2276 1280 2331 Hice
1321 2284 1448 2330 sunt
1487 2285 1825 2331 sacramenta

232 2361 554 2418 universalis
588 2364 862 2430 Ecclesiae,
900 2366 1015 2420 haec
1048 2367 1211 2421 etiam
1252 2365 1508 2421 salutaris
1544 2367 1827 2422 instructio

231 2449 607 2521 cujuscunque
648 2452 824 2508 ﬁdelis
871 2455 1063 2508 anima:
1102 2454 1444 2510 Christianae.
1496 2455 1648 2523 Quod
1683 2456 1824 2510 enim

233 2556 363 2598 arca
403 2559 503 2614 per
546 2543 922 2600 adumbratam
967 2547 1337 2616 praetendebat
1381 2547 1692 2616 imaginem,
1726 2548 1828 2602 hoc

232 2652 380 2692 nunc
409 2637 672 2703 Ecclesia,
704 2640 788 2693 vel
824 2655 1053 2709 quaeque
1093 2655 1245 2694 tuens
1270 2640 1399 2709 justi
1437 2655 1531 2709 per
1563 2638 1823 2694 efﬁcacis-

230 2729 426 2784 simam
474 2736 530 2782 et
576 2738 816 2796 apertam
867 2729 1108 2798 possidet
1151 2730 1455 2784 veritatem.
1513 2729 1634 2783 Haec
1686 2729 1827 2782 beati

234 2819 464 2888 apostoli
493 2819 733 2891 mystica:
759 2820 1070 2874 refectinnis
1093 2819 1351 2875 alimenta
1379 2821 1690 2891 portabant,
1715 2820 1829 2874 lucc

233 2919 494 2980 tanquam
554 2925 748 2979 panem
816 2911 1052 2980 parvulis
1105 2913 1422 2982 exponendo
1481 2911 1825 2982 frangebant.

235 3000 372 3054 Nam
423 3010 707 3071 postquam
759 3003 1102 3070 evangelicus
1151 3003 1239 3058 ille
1286 3017 1466 3058 sermo
1513 3003 1762 3072 prorupit
1812 3019 1824 3054 :

235 3095 504 3159 Quoniam
567 3110 586 3145 t
626 3095 836 3162 aperuit
891 3095 996 3147 illis
1050 3110 1303 3158 sensum,
1356 3102 1417 3148 ut
1469 3093 1831 3164 intelligerent

234 3186 547 3255 Scripturas
579 3185 731 3254 (Luc.
770 3186 951 3254 xxiv);
995 3204 1011 3236 ι
1048 3185 1364 3255 prophetica
1400 3185 1618 3255 querela
1650 3198 1828 3238 cessa-

1918 641 2195 696 hominum
2231 650 2443 711 pestes;
2476 641 2588 709 qui,
2617 641 2742 697 dum
2773 641 3210 711 philosophorum
3237 652 3415 697 sectas
3447 645 3500 698 in

1917 729 2212 784 Ecclesium
2263 730 2444 784 conati
2487 737 2613 783 sunt
2657 731 3019 794 introducere,
3053 732 3187 786 iram
3221 733 3313 788 Dei
3362 749 3501 803 quo-

1922 821 2206 875 dammodo
2237 834 2400 891 super
2443 827 2620 875 castra
2669 819 2836 876 Israel
2865 823 2963 876 visi
3009 831 3137 877 sunt
3182 838 3502 891 provocare.

1919 909 2028 964 Sed
2060 910 2099 964 ii
2123 910 2302 965 obruti
2329 919 2456 964 sunt
2481 926 2605 965 cum
2643 910 2830 966 Acban
2876 913 2977 966 sub
3012 927 3207 966 acervo
3241 912 3508 982 lapidum,

1918 1002 2044 1071 quia
2075 1001 2316 1072 Oppressi
2368 1012 2494 1056 sunt
2538 1002 2930 1056 immanissima
2974 1003 3211 1072 pondere
3255 1012 3514 1071 peccato-

1919 1107 2058 1146 rum.
2084 1092 2192 1145 Nos
2213 1100 2413 1150 autem.
2439 1093 2637 1146 fratres
2657 1093 2960 1148 charissimi
2975 1135 2987 1157 ,
3011 1093 3136 1164 quia
3165 1096 3516 1165 philosophia

1920 1190 2104 1236 nostra
2126 1180 2376 1237 Christus
2401 1193 2481 1236 est
2509 1195 2562 1238 et
2592 1184 2678 1237 hie
2707 1185 3019 1248 crucifixus,
3046 1195 3210 1255 atque
3242 1186 3362 1239 ideo
3395 1201 3508 1239 ma-

1919 1274 2118 1343 gistros
2149 1274 2411 1328 habemus
2452 1291 2557 1328 non
2599 1285 2870 1338 oratores,
2909 1276 3003 1330 sed
3046 1277 3363 1346 piscatores,
3401 1292 3508 1330 non

1919 1372 2170 1418 versutos
2210 1374 2266 1418 et
2302 1365 2638 1435 eloquentes,
2682 1365 2776 1419 sed
2806 1366 2965 1422 mites
2996 1382 3059 1421 ac
3088 1365 3384 1436 simplices,
3416 1365 3511 1419 de-

1920 1454 2214 1524 spiciamtts
2248 1456 2570 1524 sapientiam
2597 1472 2715 1525 qua:
2753 1465 2950 1523 caecat,
2980 1467 3300 1527 appetamus
3334 1456 3514 1510 stulti-

1921 1545 2052 1598 tiam
2075 1549 2194 1614 que:
2220 1545 2492 1600 discentes
2523 1545 2804 1600 illuminat.
2836 1564 2854 1597 ι
2884 1546 3018 1613 Quia
3041 1547 3207 1613 enim,
3239 1567 3256 1599 ι
3291 1557 3347 1598 ut
3369 1549 3513 1615 Apoc

1922 1633 2091 1688 stolus
2137 1634 2245 1694 ait,
2281 1653 2298 1684 ι
2328 1649 2436 1688 non
2483 1635 2735 1704 cognovit
2781 1635 3015 1690 mundus
3059 1651 3157 1704 per
3190 1634 3516 1704 sapientiam

1925 1723 2125 1790 Deum,
2168 1724 2371 1794 placuit
2418 1741 2514 1794 per
2559 1726 2841 1781 stultitiam
2888 1727 3288 1798 praedicationis
3331 1727 3522 1784 salvos

1924 1812 2105 1870 facere
2135 1814 2418 1871 credentes
2449 1815 2502 1888 (Ι
2532 1814 2652 1871 Cor.
2685 1817 2746 1885 ι).
2780 1837 2800 1870 ι

2537 1908 2763 1965 CAPUT
2803 1910 2922 1966 VII.

2436 1997 2502 2053 In
2533 1999 2710 2053 eodem
2742 2018 2999 2056 sermone.

2001 2105 2020 2139 ‹
2040 2087 2228 2144 Cuncti
2257 2098 2439 2144 autem
2455 2091 2760 2147 habitantes
2781 2092 2997 2148 Jericho
3019 2094 3196 2164 gladio
3212 2097 3529 2154 trucidante

1926 2187 2346 2239 consumuntur:
2402 2180 2512 2234 sola
2567 2189 2748 2236 autem
2787 2183 2980 2238 domus
3023 2184 3174 2240 Raab
3215 2190 3526 2244 meretricis

1925 2269 2116 2336 evasit,
2135 2284 2298 2338 quam
2318 2270 2571 2326 videlicet
2596 2273 2864 2329 funiculus
2887 2277 3171 2332 coccineus
3199 2279 3251 2333 in
3277 2279 3518 2336 fenestra

1927 2357 2183 2414 discrevit
2214 2359 2351 2430 (los.
2377 2361 2476 2430 vt).
2515 2383 2531 2414 ι
2569 2363 2768 2419 Domus
2798 2375 2980 2421 autem
3013 2369 3102 2422 illa
3135 2371 3349 2426 unicam
3382 2388 3524 2442 pra:-

1927 2447 2123 2519 figurat
2161 2449 2491 2515 ECCICStatII,
2525 2468 2646 2523 qua:
2678 2456 2960 2524 puriﬁcata
3000 2468 3081 2514 est
3117 2475 3146 2513 a
3191 2461 3524 2530 turpitudine

1928 2536 2305 2620 fornicationis
2331 2559 2426 2611 per
2454 2542 2748 2600 fenestram
2775 2548 3134 2606 confessionis
3165 2553 3217 2606 in
3242 2555 3530 2623 sanguinis

1929 2632 2267 2687 remissione.
2302 2635 2425 2689 Haec
2451 2636 2609 2706 plane
2648 2655 2676 2692 a
2709 2643 2981 2696 communi
3024 2647 3302 2713 pereuntis
3331 2647 3533 2702 mundi.

1929 2719 2191 2775 liberatur
2219 2725 2448 2788 excidio,
2481 2727 2607 2796 quia
2639 2727 2691 2783 in
2723 2730 2959 2786 fenestra
2990 2734 3182 2790 domus
3206 2751 3317 2791 suae
3341 2736 3529 2792 cocci-

1929 2823 2088 2863 neum
2127 2810 2258 2882 ligat
2289 2812 2609 2881 funiculum,
2649 2817 2772 2871 dum
2803 2820 2858 2873 in
2887 2835 2980 2875 ore
3015 2824 3259 2893 corporis
3288 2825 3368 2879 sui
3399 2840 3530 2895 por-

1931 2907 2047 2955 tare
2077 2916 2183 2955 non
2221 2903 2420 2958 desinit
2447 2906 2716 2975 passionis
2745 2909 3040 2966 Dominieae
3075 2925 3472 2968 sacramentum
3507 2931 3524 2970 :

1935 3009 1954 3042 ‹
1987 2989 2162 3047 Corde
2189 2993 2332 3048 enim
2373 2995 2616 3050 creditur
2643 2999 2708 3052 ad
2744 2997 3034 3065 justitiam,
3067 3017 3162 3057 ore
3188 3013 3368 3058 autem
3396 3018 3532 3059 con»

1931 3078 2096 3134 fessio
2129 3084 2186 3135 lit
2213 3083 2280 3137 ad
2322 3084 2550 3139 salutem
2584 3085 2763 3157 (Rom.
2791 3091 2867 3158 x).
2905 3109 2925 3141 ι
2967 3089 3135 3146 Porro
3164 3101 3341 3147 autem
3381 3091 3528 3146 funi-

1931 3171 2086 3224 culus
2114 3171 2201 3225 ille
2228 3173 2295 3228 ad
2331 3175 2550 3229 domum
2580 3185 2699 3231 erat
2727 3178 2946 3248 ligatus,
2979 3181 3072 3236 sed
3105 3183 3347 3238 exterius
3373 3182 3532 3238 vidc-

235 3277 338 3340 vit,
367 3293 472 3346 qua
500 3277 699 3332 dicitur
737 3295 748 3329 :
794 3295 811 3327 t
845 3276 1057 3329 Parvuli
1090 3277 1362 3346 petierunt
1391 3290 1605 3345 panem,
1637 3282 1691 3327 et
1723 3290 1825 3326 nm.
1855 3255 1900 3317 C
1937 3263 2120 3326 batur,
2140 3264 2266 3333 quia
2296 3264 2590 3322 Dominica:
2613 3270 2792 3324 crucis
2815 3270 2947 3327 ﬁdes
2974 3271 3026 3327 in
3050 3274 3212 3329 corde
3240 3275 3538 3340 retinetur,

237 3377 358 3424 erat
386 3368 476 3438 qui
508 3366 784 3439 frangeret
813 3368 892 3422 eis
919 3367 1134 3439 (Thren.
1167 3368 1261 3437 tv).
1280 3385 1297 3417 ι
1332 3366 1429 3420 llic
1453 3374 1535 3420 est
1563 3365 1716 3434 panis
1744 3365 1832 3418 ille

239 3461 607 3530 quotidianus,
657 3461 812 3532 162
862 3459 1059 3514 fratres
1101 3459 1239 3526 mei,
1282 3473 1440 3528 quem
1488 3472 1586 3512 nos
1621 3457 1833 3511 Veritas

240 3552 427 3607 docuit
479 3551 746 3606 inhianter
793 3561 1082 3620 expetere;
1131 3552 1232 3606 hoc
1277 3549 1513 3605 caelestis
1558 3549 1834 3620 sapientiae

239 3643 521 3715 pabulum,
551 3642 692 3713 quod
723 3643 982 3697 debemus
1008 3642 1209 3713 jugiter
1238 3641 1467 3698 esurire.

862 3733 1089 3790 CAPUT
1128 3734 1214 3790 Vl.

650 3821 716 3877 In
746 3839 981 3876 sermone
1010 3823 1073 3875 de
1103 3821 1159 3876 S.
1191 3823 1422 3878 Andrea.

326 3933 343 3964 α
378 3913 466 3967 Ait
487 3911 649 3966 Josue
678 3912 744 3966 ad
770 3911 1022 3982 populum
1049 3928 1062 3964 :
1091 3910 1197 3965 Vos
1225 3922 1404 3965 autem
1435 3920 1644 3974 cavete,
1674 3926 1742 3967 ne
1770 3913 1837 3967 de

247 4003 595 4057 facultatibus
621 4001 838 4056 Iericho
864 4001 1140 4070 quidpiam
1171 4001 1495 4070 contingatis
1525 4001 1659 4070 (Jos.
1682 4000 1777 4071 γι).
1814 4019 1832 4052 ι

248 4090 409 4145 Vetat
453 4099 508 4144 et
557 4101 744 4146 noster
789 4089 964 4155 Jesus,
1010 4106 1173 4144 verus
1221 4091 1406 4160 utique
1459 4088 1728 4155 Salvator,
1778 4098 1841 4145 ut

246 4197 410 4237 nemo
439 4196 502 4236 ea
531 4197 650 4251 quae
691 4182 872 4236 mundi
915 4191 1042 4236 sunt
1084 4181 1308 4252 diligat:
1346 4200 1364 4232 ο
1401 4181 1598 4246 Nolite,
1643 4181 1837 4249 inquit,

245 4274 620 4331 thesaurizare
653 4274 809 4328 vobis
839 4276 1125 4329 thesauros
1154 4275 1206 4328 in
1249 4285 1392 4329 terra
1423 4272 1639 4344 (Matth.
1668 4273 1777 4342 vt);
1814 4291 1833 4325 ι

247 4377 305 4423 et
343 4382 439 4437 per
465 4367 766 4437 apostolum
793 4381 948 4422 suum
982 4385 994 4420 :
1038 4385 1056 4417 ι
1091 4366 1266 4420 Nolite
1304 4366 1529 4436 diligere
1560 4364 1839 4430 mundum,

248 4475 427 4528 neque
453 4474 517 4513 ea
543 4474 660 4527 quae
690 4457 743 4511 in
772 4459 971 4511 mundo
1003 4465 1126 4510 sunt
1152 4457 1202 4524 (l
1225 4457 1380 4510 J'orm.
1413 4455 1494 4526 tt).
1526 4474 1543 4505 ι
1576 4453 1690 4508 Νοη
1715 4469 1842 4524 ergo

250 4552 319 4605 ad
346 4550 649 4620 exemplum
679 4549 910 4604 infelicis
940 4549 1124 4602 Achati
1159 4547 1295 4618 (Jos.
1325 4548 1418 4616 vn)
1442 4549 1504 4600 de
1528 4547 1840 4600 anathema-

252 4649 306 4695 te
333 4638 550 4695 Iericho
573 4639 772 4709 aliquid
800 4638 1202 4697 defmudemus,
1239 4647 1295 4690 ιιι
1324 4637 1574 4691 videlicet
1611 4637 1743 4689 nihil
1773 4652 1840 4690 ex

253 4731 535 4786 dissolutis
560 4732 845 4786 mandante
870 4731 1301 4786 conversationis
1331 4731 1572 4785 moribus
1603 4730 1842 4800 discipli-

255 4824 343 4878 nis
364 4824 753 4879 ecclesiasticis
777 4822 1096 4878 inferamus.
1125 4820 1240 4876 Non
1265 4821 1574 4876 auferamus
1601 4822 1842 4892 pallium,

253 4924 315 4967 ut
357 4922 481 4983 post
530 4915 901 4969 indumentum
952 4915 1074 4969 ﬁdei
1118 4915 1322 4969 cultum
1376 4915 1845 4970 conversationum

257 5005 595 5058 swetdarium
621 5005 924 5059 nullatenus
947 5005 1003 5058 in
1026 5007 1262 5071 luamus;
1298 5022 1402 5060 non
1427 5006 1634 5075 argenti
1662 5006 1844 5072 siclos,

255 5105 321 5150 ut
347 5097 437 5167 qui
467 5105 727 5151 maternum
755 5099 1067 5152 thesaurum
1097 5098 1149 5151 in
1175 5099 1314 5152 curio
1345 5099 1711 5164 reconditnus,
1736 5099 1851 5153 nul-

257 5189 366 5242 lam
397 5190 748 5259 temporalem
778 5189 1060 5259 pecuniam
1102 5204 1200 5259 per
1233 5190 1584 5245 ambitionem
1613 5192 1664 5245 in
1693 5191 1851 5246 suda-

258 5280 344 5334 rio
371 5295 726 5349 reponamus;
762 5297 866 5334 non
897 5281 1131 5352 denique
1162 5281 1401 5351 regulam
1437 5297 1678 5344 auream,
1707 5289 1767 5334 ttt
1797 5281 1851 5335 in

261 5373 562 5428 l’cclesiam
590 5373 792 5429 Christi
832 5390 936 5428 non
967 5385 1220 5429 accurata
1252 5374 1658 5429 introducamus
1685 5374 1854 5430 luere-

261 5465 493 5516 tis-orum
517 5463 798 5534 dogmata;
820 5478 926 5517 non
952 5464 1210 5517 trutinata
1233 5463 1672 5533 philosophorum
1697 5473 1855 5519 acute

263 5553 652 5622 disputantium
669 5553 866 5612 studia,
885 5551 966 5605 vel
987 5561 1266 5621 poetarum
1283 5552 1556 5606 elaborata
1577 5551 1851 5622 ﬁgmenta.

268 5641 391 5695 ll'ee
415 5652 496 5697 est
518 5644 661 5698 enim
687 5657 850 5698 aurea
871 5642 961 5698 illa
987 5643 1190 5711 regula,
1214 5643 1400 5698 limato
1421 5643 1674 5698 videlicet
1696 5651 1857 5711 atque

265 5735 434 5802 poiito
463 5751 715 5792 sermone
749 5738 980 5798 directa,
1013 5745 1069 5789 et
1094 5735 1242 5790 velut
1271 5749 1436 5791 aureo
1462 5734 1748 5790 luculentas
1774 5734 1856 5789 fa-

273 5825 478 5877 cundiae
510 5825 683 5881 nitore
729 5828 940 5882 vestita.
989 5825 1136 5880 l-lanc
1181 5835 1358 5880 autem
1405 5825 1644 5898 regulam
1692 5824 1857 5881 furati

1937 3353 2094 3424 163
2151 3369 2272 3424 quae
2317 3357 2431 3411 oris
2485 3359 2828 3415 confessione
2877 3363 3232 3432 depromitur.
3285 3365 3532 3434 Reliquis

1933 3445 2149 3515 intidem
2181 3447 2553 3516 pereuntibus,
2584 3466 2787 3508 omnes.
2803 3455 2896 3523 qui
2930 3455 2984 3509 in
3017 3456 3178 3511 domo
3211 3456 3298 3512 illa
3328 3457 3534 3527 reperti

1936 3546 2061 3590 sunt
2090 3540 2284 3593 mortis
2309 3553 2530 3596 evasere
2558 3543 2891 3612 perieulum;
2925 3547 3052 3618 quia
3085 3549 3227 3604 sicut
3258 3550 3397 3604 intra
3427 3550 3535 3604 Ec-

1937 3630 2158 3686 clesiam
2191 3647 2380 3689 omnes
2411 3634 2692 3690 salvantur
2725 3637 2904 3704 electi,
2942 3641 3014 3694 ita
3045 3649 3198 3695 extra
3232 3640 3533 3699 Ecclesium

1937 3737 2098 3779 nemo
2124 3725 2321 3794 poterit
2351 3724 2532 3781 salvus
2569 3726 2824 3784 inveniri.
2869 3728 2976 3786 Sed
3005 3730 3240 3788 fortasse
3267 3733 3534 3802 quaeritur

1937 3813 2212 3882 quomodo
2237 3823 2292 3868 et
2331 3830 2478 3878 arca,
2505 3830 2626 3884 quas
2654 3819 2842 3872 urbem
2873 3819 3203 3876 circumiens
3226 3822 3543 3885 obsidebat,

1939 3916 1993 3961 et
2042 3908 2232 3962 domus
2283 3907 2453 3973 Raab,
2505 3924 2624 3977 quin
2674 3910 2843 3978 ipsius
2891 3913 3169 3968 moenibus-
3209 3913 3533 3976 inhaerebat,

1939 4007 2168 4068 utraque
2197 3998 2452 4052 nimirum
2481 4014 2568 4053 res
2595 4016 2756 4055 unam
2786 4001 3032 4072 designet
3059 4003 3384 4070 Ecclesiam,
3407 4020 3532 4060 cum

1941 4101 2068 4141 arca
2097 4086 2347 4142 videlicet
2389 4086 2635 4142 obsideat
2678 4097 2732 4144 et
2773 4100 3074 4160 expugnet,
3121 4092 3314 4148 domus
3353 4102 3536 4150 autem

1942 4177 2191 4231 videatur
2212 4177 2470 4232 obsessa?
2495 4177 2602 4233 Sed
2631 4180 2747 4235 haec
2773 4181 3000 4249 quaestio
3028 4181 3186 4238 facile
3212 4183 3458 4246 solvitur,
3489 4184 3539 4238 si

1944 4266 1997 4321 in
2027 4266 2284 4320 membris
2305 4267 2581 4334 Ecclesize,
2597 4284 2726 4338 qure
2739 4271 2809 4324 sit
2827 4271 3133 4334 diversitas,
3160 4273 3430 4327 subtiliter
3451 4284 3537 4327 at-

1946 4359 2214 4413 tendatur.
2247 4359 2488 4415 Ecclesia
2511 4377 2747 4431 namque
2772 4376 3044 4433 expugnat
3066 4364 3386 4431 Ecclesiam,
3414 4381 3538 4422 cum

1944 4448 2362 4518 praidicatores,
2405 4450 2647 4521 magistri
2696 4461 2751 4506 et
2797 4454 3043 4523 discipuli
3090 4454 3443 4526 praesidentes
3486 4464 3545 4513 et

1945 4543 2383 4611 obtemperantes
2425 4559 2494 4598 ex
2535 4561 2642 4599 uno
2683 4546 2882 4601 divina:
2926 4547 3540 4618 regenerationisfoute

1948 4634 2259 4702 procedere,
2293 4652 2459 4690 unum
2501 4636 2733 4707 denique
2772 4655 2970 4708 corpus
3000 4640 3255 4694 Ecclesiae
3286 4649 3537 4708 tanquam

1949 4725 2162 4779 diversa
2198 4726 2484 4780 videantur
2524 4728 2766 4783 membra
2798 4728 3092 4797 complere.
3139 4727 3235 4781 Cui
3286 4728 3544 4781 nimirum

1951 4819 2206 4873 Ecclesiae
2230 4836 2326 4890 per
2354 4820 2691 4875 Psalmistam
2720 4821 2918 4874 dicitur
2945 4837 2958 4873 :
2995 4840 3012 4871 ς
3042 4819 3148 4874 Pro
3170 4820 3417 4889 patribus
3440 4819 3546 4873 tuis

1950 4912 2060 4965 nati
2099 4920 2226 4965 sunt
2263 4912 2357 4966 tibi
2390 4912 2481 4966 ﬁlii
2515 4911 2692 4982 (Psal.
2721 4912 2900 4982 xciv);
2934 4931 2953 4964 ι
2997 4911 3097 4981 ipsi
3133 4926 3262 4965 sane
3290 4911 3556 4981 apostoli...

1950 5003 2043 5072 qui
2065 5003 2131 5056 ad
2155 5002 2474 5071 capiendam
2502 5003 2753 5057 humanae
2776 5001 3043 5072 superbiae
3068 5000 3288 5056 Jericho
3321 5009 3427 5054 tam
3452 5016 3547 5054 va.-

1951 5091 2081 5154 lida,
2116 5099 2224 5144 tam
2272 5091 2492 5145 robusta
2539 5090 2798 5145 fulminea
2830 5090 3276 5159 praedicationum
3322 5103 3546 5147 suarum

1947 5180 2126 5251 jacula
2158 5190 2489 5242 contorsere,
2519 5179 2679 5242 unius
2704 5178 3052 5249 ejusdemque
3083 5178 3342 5233 Ecclesia:
3368 5186 3424 5232 et
3449 5193 3546 5248 pa-

1957 5283 2070 5328 tres
2093 5271 2492 5342 quodanunodo
2527 5269 2780 5325 videntur
2810 5279 2866 5324 et
2894 5268 3013 5333 ﬁlii,
3044 5268 3136 5323 ﬁlii
3167 5267 3418 5322 videlicet
3449 5283 3548 5337 pa.-

1959 5368 2324 5422 triarcharum
2368 5374 2423 5419 et
2473 5365 2894 5434 prephetarum,
2941 5371 3126 5432 patres
3172 5375 3302 5417 vero
3353 5360 3550 5416 subse-

1957 5457 2240 5527 quentium
2269 5455 2512 5512 omnium
2541 5455 2797 5526 deinceps
2826 5455 3145 5510 electorum.

2034 5548 2174 5603 lline
2192 5555 2277 5602 est
2295 5547 2440 5601 enim
2463 5546 2609 5616 quod
2639 5545 2806 5618 Moysi
2834 5545 3015 5601 divina
3039 5559 3176 5600 voce
3202 5543 3548 5614 praecipitur:

1969 5658 1988 5690 ο
2023 5639 2094 5696 Ut
2117 5649 2174 5694 et
2199 5640 2356 5694 bases
2385 5649 2675 5710 argenteas
2702 5638 2917 5703 fundat,
2943 5647 2999 5693 et
3031 5637 3240 5692 tabulas
3274 5637 3551 5690 inaurata:

1965 5733 2196 5804 desuper
2215 5733 2389 5804 erigat
2409 5731 2607 5800 (Exod.
2637 5733 2810 5802 xxvi).
2847 5750 2866 5782 ι
2901 5730 3040 5798 Quid
3063 5737 3243 5783 autem
3267 5741 3369 5797 per
3392 5725 3552 5778 bases

1966 5834 2269 5896 argenteas,
2305 5823 2406 5880 nisi
2457 5823 2842 5893 prophetarum
2895 5823 3103 5877 videtur
3146 5817 3279 5873 ordo
3323 5813 3550 5885 signari,
