4052 6312
507 454 647 513 1075

507 572 599 642 qui
627 570 752 624 dum
784 561 945 634 primi
977 558 1043 614 de
1068 559 1410 611 sacramento
1440 541 1698 600 Ecclesia:
1733 553 1794 592 su

509 661 662 732 quasi
695 655 954 728 quasdam
997 650 1160 704 bases
1200 659 1294 698 eos
1323 636 1618 708 aspicimus
1663 646 1692 684 a
1744 625 2096 680 fundamento

1420 730 1427 732 Α
1663 722 1673 732 .
1867 708 2096 732 ad“,

511 708 662 732 ειη--
698 708 725 728 -,
740 708 759 709 η

511 763 840 819 consurgere
860 753 912 800 et
933 736 1270 812 superposita
1297 730 1513 786 fabricae
1534 722 1772 796 pondera
1791 708 2097 772 sustinere?

512 842 650 910 Quid
679 813 806 893 vero
851 849 948 905 per
990 829 1223 890 tabulas,
1269 822 1372 878 nisi
1418 816 1592 875 sancti
1625 813 1927 882 figurantur
1970 815 2095 872 apo-

514 897 662 994 stoli,
707 928 798 998 qui
845 897 1067 980 extensa
1111 933 1210 988 per
1253 911 1509 968 mundum
1550 899 1932 976 praedicatione
1973 897 2098 946 sunt

514 985 848 1091 amplissime
875 985 1128 1069 dilatati‘f
1158 1002 1538 1076 Apostolorum
1566 1004 1798 1061 namque
1827 985 2095 1046 doctrina,

512 1071 1022 1182 quarsi‘quibusdam
1067 1071 1287 1154 basilius
1329 1087 1654 1164 prophetica
1696 1071 2101 1153 praedicationis

518 1203 799 1262 innititur,
833 1206 1130 1261 eorumque
1173 1184 1495 1242 auctoritate
1521 1178 1586 1232 ad
1614 1182 1789 1230 status
1817 1169 1898 1224 sui
1936 1165 2102 1220 robur

514 1297 746 1354 ﬁrmiter
771 1291 1058 1348 solidatur.
1091 1284 1245 1340 Unde
1279 1288 1333 1333 et
1367 1275 1671 1343 conjunctae
1698 1266 1836 1320 bin:e
1865 1261 2023 1316 bases
2048 1255 2101 1309 in

519 1351 748 1460 singulis
790 1382 988 1440 tabulis
1036 1379 1438 1446 supponuntur,
1486 1364 1634 1434 quia,
1655 1361 1784 1415 dum
1827 1351 2105 1460 propheta:

519 1438 744 1460 ""17""
797 1438 806 1440 “
1103 1438 1115 1446 ι
1140 1438 1152 1446 .

519 1479 695 1535 sancti
738 1477 790 1530 in
821 1472 1000 1528 verbis
1031 1468 1144 1523 suis
1179 1463 1409 1518 invicem
1451 1457 1516 1511 de
1544 1453 1739 1506 futurae
1768 1455 1896 1500 tunc
1922 1438 2107 1497 Eccle-

519 1573 615 1628 siae
641 1572 982 1623 sacramento
1021 1555 1375 1614 concordant,
1413 1549 1806 1614 subsequentes
1836 1531 2108 1606 apostolos

521 1660 850 1716 aedificantes
877 1650 1175 1712 mdificant;
1209 1652 1263 1699 et
1298 1656 1418 1696 eum
1458 1653 1487 1692 a
1520 1630 1828 1701 semetipsis
1865 1628 1920 1681 in
1960 1621 2110 1679 nullo

519 1749 868 1810 dissentiunt,
896 1742 1015 1796 illos
1057 1740 1110 1792 in
1153 1750 1214 1791 se
1244 1729 1518 1787 robustius
1543 1726 1732 1794 figunt.
1778 1718 1888 1773 Nec
1916 1716 2108 1770 imme-

515 1843 630 1899 rito
676 1841 858 1900 bases,
903 1833 1100 1904 quibus
1142 1825 1416 1897 prophetae
1457 1819 1760 1890 signantur,
1808 1817 1868 1863 ut
1907 1822 1974 1862 ex
2017 1819 2110 1857 ar-

519 1895 684 2007 gento
715 1895 948 1986 debeant
978 1923 1126 1978 fundi
1144 1895 1490 1990 praecipitur.
1527 1905 1748 1978 Argenti
1776 1901 1973 1972 quippe
1999 1895 2110 1951 cla-

522 2031 663 2083 ritas
692 2042 757 2081 ex
781 2039 880 2076 usu
911 2024 1192 2078 servatur;
1219 2011 1336 2066 sine
1361 2021 1461 2061 usu
1485 2011 1665 2057 autem
1694 1998 1747 2051 in
1778 1991 2109 2064 nigredinem

519 2121 777 2175 vertitur.
809 2113 1202 2182 PrOpbetarum
1233 2115 1449 2173 quoque
1475 2097 1619 2151 dicta
1662 2098 1951 2156 antequam
1982 2097 2114 2151 apo-

522 2212 713 2269 stolica
742 2203 1130 2278 praedicatione
1157 2172 1545 2254 clarescerent,
1574 2185 1700 2256 quia
1743 2181 1798 2235 in
1826 2193 1925 2232 usu
1954 2172 2114 2244 spiri-

523 2305 691 2360 tualis
737 2294 1103 2367 intelligentiae
1155 2304 1263 2344 non
1310 2289 1494 2342 erant,
1548 2277 1680 2332 dum
1724 2268 1958 2337 conspici
2003 2277 2116 2332 prae

526 2391 866 2450 obscuritate
893 2355 999 2439 lion
1031 2384 1314 2452 poterant,
1346 2370 1499 2442 quasi
1536 2367 1692 2437 nigra
1729 2355 2119 2418 remanebant;

531 2494 588 2539 at
607 2491 894 2554 postquam
927 2469 1236 2544 apostolica:
1267 2456 1666 2535 praedicationis
1695 2464 1889 2506 manus
1920 2443 2115 2500 vatici—

531 2534 636 2630 niar
669 2534 897 2626 obseura
929 2534 1173 2624 detersit,
1215 2534 1476 2627 quidquid
1524 2546 1660 2601 lueis
1709 2543 1762 2596 in
1803 2539 1884 2594 eis
1916 2534 2120 2590 latebat

530 2662 793 2722 inclaruit
831 2667 1129 2723 sensusque
1159 2660 1348 2705 eorum
1379 2639 1636 2712 mysticos
1674 2636 1726 2688 in
1767 2645 1923 2688 usum
1951 2624 2118 2688 dedit,

532 2758 662 2827 quia
700 2751 866 2806 verba
902 2748 1013 2816 jam
1052 2744 1213 2799 rebus
1245 2751 1366 2793 esse
1393 2729 1637 2802 exposita
1670 2721 1952 2796 perspicue
1981 2730 2118 2773 nun-

532 2815 711 2902 tiavit.
745 2842 873 2896 .Iure
901 2815 1068 2908 igitur
1098 2827 1487 2902 prtecipiuntur
1517 2817 1635 2877 fieri
1656 2827 1711 2869 et
1737 2815 1893 2866 bases
1929 2815 2123 2876 argen-

535 2947 639 2991 tere
681 2943 736 2987 et
787 2897 979 2984 tabulae
1025 2897 1318 2981 deauratte,
1360 2913 1486 2982 quia
1534 2906 1786 2962 videlicet
1831 2897 2124 2968 apostolica

535 3035 808 3101 praecepta
842 3020 1225 3092 prophetarum
1250 3007 1487 3066 oraculis
1513 3004 1672 3072 longe
1703 3001 1825 3052 sunt
1863 2992 2121 3049 clariora.

613 3119 677 3175 Ut
707 3132 836 3186 ergo
868 3115 935 3167 ad
962 3108 1241 3180 superiora
1283 3101 1590 3160 redeamus,
1619 3107 1724 3146 non
1769 3090 2125 3154 incongruum

538 3221 623 3268 est
650 3212 694 3266 si
725 3218 780 3264 et
806 3222 956 3268 arca,
1003 3210 1057 3258 et
1082 3201 1273 3255 domus
1313 3187 1636 3250 meretricis,
1667 3195 1788 3253 quae
1825 3177 2126 3234 obsidetur,

539 3317 702 3357 unam
747 3298 1100 3364 eamdemque
1139 3287 1443 3357 exprimere
1469 3279 1754 3334 videantur
1804 3267 2125 3330 Ecclesiam,

541 3410 664 3451 cum
693 3392 931 3461 ejusdem
960 3382 1238 3446 Ecclesite,
1261 3379 1400 3434 sicut
1421 3374 1623 3430 dictum
1647 3375 1754 3431 est,
1779 3366 1992 3418 diversa
2020 3360 2134 3415 sint

543 3486 788 3540 membra
815 3499 827 3534 ε
862 3479 964 3533 alia
988 3472 1238 3528 videlicet
1260 3483 1356 3538 per
1379 3469 1579 3519 sancta:
1603 3451 2000 3529 prwdieatiouis
2022 3463 2138 3502 am-

543 3579 718 3632 bitum
770 3568 1104 3628 obsidentia;
1137 3563 1242 3616 alia
1277 3576 1306 3612 a
1335 3571 1447 3612 sua:
1484 3549 1816 3608 inﬁdelitatis
1845 3545 1927 3599 vel
1954 3541 2136 3612 pravi-

545 3667 681 3719 tatis
709 3658 1006 3716 munimine
1029 3649 1284 3705 salutaris
1323 3637 1801 3707 doctrinzejaculis
1845 3631 2004 3703 164
2039 3630 2137 3684 οδε

548 3753 789 3815 ruenda;
815 3748 920 3802 alia
944 3745 1056 3813 jam
1079 3737 1396 3799 domestica,
1428 3733 1535 3787 alia
1568 3729 1746 3783 adhuc
1774 3739 1870 3795 per
1898 3720 2138 3776 aversio-

554 3859 679 3900 nem
705 3839 854 3910 pravi
886 3835 1064 3904 operis
1090 3831 1286 3885 aliena.
1320 3825 1474 3882 Hunc
1498 3822 1550 3876 in
1583 3806 1948 3873 testimonium
1980 3810 2142 3881 spiri-

550 3935 715 3991 tualis
742 3944 930 4001 pugna:
960 3923 1264 3979 conflictum
1299 3916 1462 3972 Isaias
1491 3912 1603 3981 jam
1633 3911 1974 3972 odoraverat,
2015 3917 2139 3957 cum

549 3995 836 4099 postquam
870 4015 1168 4074 Salvatoris
1191 4012 1480 4065 adventum
1510 4002 1798 4076 perspicue
1824 3995 2140 4064 descripsis-

552 4087 634 4174 set
655 4156 670 4180 ,
695 4087 961 4184 .protinus
1005 4104 1211 4160 addidit
1239 4119 1251 4154 :
1288 4119 1307 4150 ι
1350 4099 1412 4151 Et
1439 4111 1532 4150 cor
1558 4091 1781 4163 Egypti
1817 4090 2056 4142 tabescet
2088 4087 2140 4138 in

554 4175 734 4260 medio
762 4200 900 4271 ejus,
935 4205 991 4252 et
1030 4203 1357 4250 concurrere
1397 4185 1591 4240 faciam
1631 4179 1916 4250 Egyptios
1953 4175 2144 4229 adver-

558 4313 652 4351 sus
677 4292 994 4366 AEgyptios;
1025 4295 1080 4341 et
1107 4282 1369 4355 pugnabit
1391 4279 1474 4332 vir
1495 4282 1684 4332 contra
1711 4272 1931 4326 fratrem
1961 4281 2141 4330 suum,

558 4399 614 4444 et
641 4389 724 4440 vir
751 4392 940 4440 contra
969 4378 1204 4434 amicum
1232 4387 1413 4435 suum,
1442 4378 1496 4423 et
1515 4365 1707 4421 civitas
1733 4362 1992 4415 adversus
2012 4355 2145 4410 civi-

561 4489 761 4542 tatem,
813 4485 1037 4540 regnum
1088 4466 1348 4519 adversus
1401 4471 1654 4526 regnum;
1711 4461 1765 4506 et
1812 4451 2146 4517 dirumpetur

481 4605 492 4646 ξ
559 4537 782 4635 spiritus
806 4537 1023 4629 {Egypti
1055 4556 1106 4608 in
1140 4549 1441 4606 visceribus
1487 4545 1603 4614 ejus
1630 4541 1764 4613 (Isa.
1791 4538 1924 4608 xu).
1957 4556 1974 4587 ›
2009 4537 2141 4591 Cum
2170 4585 2226 4648 ⁵

1078 4643 1108 4648 --
1355 4636 1385 4648 ,.
1463 4633 1494 4648 _.
1575 4632 1608 4648 ,γ
1655 4628 1978 4648 -μεπηη,
2038 4622 2115 4648 ,M

484 4641 491 4646 ’
559 4655 725 4724 igitur
753 4665 852 4721 per
885 4643 1193 4717 apostolicae
1223 4632 1620 4708 pnedicationis
1647 4628 2002 4687 obsidionem,
2036 4622 2145 4676 fra-

561 4760 674 4804 tres
699 4739 1028 4804 charissimi,
1057 4737 1122 4791 de
1155 4729 1433 4805 pereuntis
1466 4726 1685 4782 Jericlio
1713 4723 1881 4776 simus
1911 4720 2149 4773 interue-

559 4836 807 4893 cionibus
835 4829 995 4894 eruti,
1039 4828 1148 4880 imo
1176 4825 1242 4877 de
1273 4822 1545 4875 subversa:
1586 4811 1901 4884 gentilitatis
1934 4807 2149 4863 excidio

560 4927 819 4984 divinitus
850 4920 1084 4982 liberati,
1129 4931 1234 4970 non
1268 4924 1557 4983 gravemur
1584 4907 1749 4960 duces
1779 4911 1992 4956 nostros
2018 4898 2148 4952 sub~

560 5019 714 5090 sequi
757 5032 866 5087 quo
895 5010 1226 5084 prtecedunt.
1259 5020 1366 5059 non
1390 5003 1639 5055 videatur
1664 5008 1951 5050 onerosum
1993 4987 2150 5058 quid-

561 5111 691 5184 quid
715 5108 871 5165 nobis
901 5121 1000 5176 pro
1027 5111 1212 5157 nostra
1241 5098 1413 5153 salute
1441 5090 1779 5163 przecipiunt.

1155 5204 1383 5264 CAPUT
1423 5200 1553 5255 VIII.

563 5312 629 5366 In
655 5309 872 5381 epistola
898 5306 966 5381 ad
1095 5299 1452 5381 Qttttsidirunt,
1487 5302 1541 5347 ut
1577 5287 1821 5381 ρεξτενὶοή
1858 5282 2149 5356 prudentia:

887 5372 1178 5446 spiritualis
1207 5367 1465 5439 sapientia
1493 5363 1823 5433 prwferatur.

640 5496 659 5526 ‹
705 5471 978 5528 Subversa
1014 5481 1145 5521 vero
1184 5462 1424 5524 Jericho,
1468 5457 1630 5511 Josue
1674 5455 2003 5523 imprecatus
2045 5452 2150 5510 est,

562 5570 749 5622 dicens
779 5582 791 5616 :
821 5561 1137 5616 Maledictus
1169 5558 1252 5610 vir
1281 5568 1465 5610 coram
1502 5548 1750 5611 Domino,
1779 5544 1872 5614 qui
1917 5539 2153 5595 suscita-

562 5657 707 5713 verit
751 5663 806 5709 et
851 5647 1200 5706 :edificaverit
1241 5646 1516 5701 civitatem
1559 5638 1806 5699 Iericho;
1855 5635 1908 5687 in
1948 5631 2155 5702 primo-

568 5749 750 5817 genito
794 5757 894 5800 suo
934 5740 1284 5796 fundamenta
1320 5729 1652 5798 illiusjaciat
1689 5735 1744 5780 et
1781 5725 1832 5778 in
1863 5720 2156 5775 novissimo

497 5835 504 5840 ’
567 5812 862 5894 liberorum
885 5839 1052 5902 ponat
1079 5836 1262 5900 portas
1284 5824 1399 5893 ejus
1423 5823 1558 5875 Uos.
1582 5821 1680 5884 vi).
1716 5836 1731 5868 ι
1760 5815 1891 5869 Nam
1915 5812 2037 5882 quia
2061 5822 2156 5880 per

1389 418 1884 488 COLLECTANEA
1924 413 1990 469 IN
2031 405 2261 464 VETUS
2300 390 2843 455 TESTABIENTUM.

1801 541 1859 590 nt
1898 527 2087 591 locuti,
2115 525 2166 585 Α
2192 519 2431 581 Iericho,
2463 527 2584 583 qua:
2625 511 2676 564 in
2706 507 2887 561 lunam
2923 497 3172 560 vertitur,
3202 493 3320 548 hmc
3347 489 3456 544 vita
3498 485 3781 558 signatur,

3641 371 3666 426 I
3677 367 3786 424 076

2199 613 2287 668 ille
2310 610 2581 666 civitatem
2606 602 2826 660 Iericho
2857 599 2908 652 in
2933 588 3290 666 primogenito
3318 600 3417 641 suo
3441 581 3672 639 suscitat
3693 577 3785 646 qui

2197 705 2338 759 bona
2368 697 2650 770 praesentis
2681 694 2804 747 vine
2833 683 3205 759 principaliter
3231 685 3398 734 amat.
3426 674 3495 729 Et
3521 671 3648 742 quia
3678 668 3785 720 Ve-

2198 797 2333 851 ritas
2379 794 2431 848 in
2480 786 2771 858 Evangelio
2803 779 3083 852 praecipit:
3118 793 3136 826 ι
3169 773 3411 828 Primum
3440 763 3668 837 quaerite
3701 774 3788 813 re-

2201 903 2364 959 gnum
2396 885 2527 949 Dei,
2557 891 2614 937 et
2635 852 2769 934 Ilaec
2802 873 2982 932 omnia
3023 867 3348 938 adjicientur
3387 859 3539 914 vobis
3568 852 3790 927 (Matth.

2199 979 2310 1050 vi);
2343 997 2362 1030 ι
2391 977 2586 1032 merito
2611 965 2992 1026 maledictione
3018 963 3307 1017 damnatur
3328 949 3575 1022 quisquis
3596 946 3666 999 ab
3690 943 3802 997 hoe

2199 1041 2476 1140 przeeepto
2499 1063 2773 1121 declinare
2794 1052 3157 1113 convincitur,
3177 1045 3450 1114 Propheta
3477 1045 3672 1092 attesta
3683 1041 3797 1093 nte,

2203 1127 2294 1230 qui
2335 1127 2412 1213 ait
2443 1175 2456 1212 :
2495 1175 2514 1208 ι
2551 1150 2851 1213 Maledicti,
2891 1146 2986 1216 qui
3028 1141 3302 1198 declinant
3332 1151 3362 1189 a
3393 1129 3663 1189 mandatis
3694 1127 3810 1181 tuis

2205 1217 2379 1320 (-Psal.
2417 1245 2629 1314 cxvm).
2665 1261 2685 1294 ι
2719 1240 2788 1294 At
2812 1246 2999 1292 contra
3042 1231 3129 1285 ille
3158 1235 3342 1298 portas
3381 1221 3604 1277 Iericho
3643 1217 3809 1287 ponit

2205 1341 2259 1394 in
2290 1337 2586 1392 novissimo
2615 1331 2943 1391 liberorum,
2972 1321 3064 1394 qui
3095 1320 3174 1375 sic
3207 1317 3375 1370 utitur
3411 1307 3814 1379 temporalibus

2209 1429 2370 1486 bonis
2403 1436 2461 1482 ut
2487 1427 2602 1480 haec
2630 1437 2736 1477 non
2765 1433 2890 1475 cum
2920 1393 3108 1470 amore
3134 1406 3431 1478 possideat,
3467 1401 3564 1456 sed
3599 1398 3668 1452 ad
3698 1393 3838 1451 (ξω-³

2207 1518 2362 1574 lestis
2383 1514 2566 1587 glorim
2587 1509 2869 1582 prannium
2890 1501 3201 1560 medullitus
3221 1495 3548 1552 inardescat.
3573 1489 3676 1555 Qui
3698 1501 3814 1542 cce-

2210 1609 2439 1665 lestibus
2483 1607 2538 1659 in
2580 1615 2766 1660 amore
2793 1614 2892 1654 suo
2930 1607 3146 1650 terrena
3168 1585 3442 1656 supponit,
3489 1578 3814 1635 transitoria

2212 1695 2580 1768 ﬂoccipendit.
2625 1692 2744 1747 IIoc
2791 1690 2975 1756 itaque
3021 1681 3228 1738 faciens
3274 1686 3331 1732 et
3373 1673 3577 1730 odiosae
3620 1668 3816 1724 uxoris

2215 1762 2408 1852 filiuni,
2433 1785 2585 1857 juxta
2615 1782 2867 1838 mandata
2895 1777 3046 1846 legis,
3073 1771 3236 1828 efﬁcit
3262 1762 3712 1836 primogenitum,
3735 1764 3814 1820 et,

2137 1867 2186 1931 Β
2214 1879 2510 1940 secundum
2556 1876 2721 1930 Josue
2761 1867 3109 1928 sententiam,
3139 1869 3323 1932 portas
3353 1854 3576 1910 Jericho
3619 1852 3676 1903 in
3716 1863 3817 1902 no-

2216 1971 2440 2028 vissimo
2471 1965 2700 2023 suscitat
2727 1962 3044 2016 liberorum.
3075 1954 3192 2020 Quo
3227 1959 3414 2005 contra
3448 1945 3581 2000 Cain
3618 1943 3673 1996 in
3707 1938 3819 2010 pri-

2216 2065 2492 2137 mogenito
2533 2077 2640 2117 suo
2684 2055 2904 2112 I’Ienoch
2934 2048 3175 2106 condidit
3215 2043 3490 2099 civitatein
3529 2036 3688 2108 (Gen.
3715 2033 3818 2101 tv),

2215 2126 2343 2230 quia
2373 2156 2610 2210 futuram
2657 2165 2765 2203 non
2796 2143 3051 2216 sperabat
3077 2136 3482 2194 luereditatem;
3512 2137 3571 2182 et
3595 2126 3726 2196 quia
3761 2139 3822 2178 se

2219 2215 2375 2320 quasi
2409 2245 2461 2298 in
2503 2240 2721 2297 Jericho
2749 2215 2910 2304 hujus
2937 2229 3120 2287 s:eculi
3149 2237 3492 2298 praepropere
3521 2215 3820 2280 dedicavit,

2219 2340 2453 2410 elogium
2485 2340 2760 2405 perpetua:
2796 2320 3189 2381 tnaledictiouis
3217 2313 3467 2371 incurrit.
3501 2309 3662 2373 Unde
3687 2305 3820 2360 scri-

2218 2396 2370 2499 ptuin
2392 2396 2513 2485 est-z
2545 2441 2564 2473 ί
2587 2396 2914 2482 Ilmreditas,
2939 2413 3004 2468 ad
3029 2425 3192 2482 quam
3221 2407 3509 2461 festinatur
3532 2401 3586 2454 in
3612 2396 3822 2469 princi-

2220 2523 2332 2592 pio,
2354 2520 2409 2575 in
2432 2515 2724 2573 novissimo
2745 2507 3123 2566 benedictione
3147 2499 3360 2558 carebit
3385 2495 3569 2568 (Prov.
3593 2489 3765 2559 nrt).
3797 2482 3818 2539 ὦ

2837 2597 3066 2658 CAPUT
3105 2594 3197 2654 IX.

2461 2697 2528 2755 In
2563 2696 2695 2748 libro
2729 2693 2792 2746 de
2826 2688 3140 2760 perfectione
3176 2681 3556 2737 Monac/torum

2300 2788 2554 2846 Nonnulli
2575 2799 2830 2854 namque,
2848 2780 2993 2851 quod
3016 2778 3135 2832 sine
3157 2774 3358 2846 gemitu
3384 2772 3564 2826 dicere
3584 2779 3824 2835 nequeo,

2226 2885 2305 2940 sic
2341 2882 2408 2935 ad
2449 2893 2600 2934 novae
2643 2875 2918 2944 religionis
2947 2877 3229 2925 transeunt
3266 2851 3512 2920 ordinem
3543 2870 3604 2914 ut
3642 2868 3829 2913 tamen

2227 2973 2519 3044 pneteritaa
2544 2971 2668 3023 vita:
2692 2979 2969 3035 nunquam
2995 2963 3251 3016 deserant
3276 2962 3621 3010 vetustatem.
3652 2950 3718 3005 Ili
3748 2949 3828 3002 ni-

2229 3043 2428 3123 mirum
2454 3061 2771 3119 Gabaonitae
2797 3065 2944 3121 sunt,
2971 3070 3077 3109 non
3099 3050 3375 3108 Israelita;
3403 3045 3600 3100 Notum
3630 3043 3831 3113 quippe

2231 3166 2315 3212 est
2358 3153 2500 3224 quod
2546 3148 2885 3210 Gabaonitm,
2934 3143 3124 3198 mortis
3176 3140 3374 3194 timore
3413 3133 3717 3204 perterriti.
3764 3131 3831 3184 ad

2156 3242 2202 3305 C
2232 3244 2586 3302 Israeliticum
2612 3239 2864 3310 populum
2891 3251 3014 3290 cum
3050 3231 3239 3286 fraude
3262 3238 3316 3283 et
3347 3226 3644 3283 calliditate
3672 3237 3831 3277 vene-

2235 3347 2385 3400 runt,
2443 3335 2519 3389 ita
2573 3340 2634 3388 ut
2689 3345 2747 3386 se
2802 3327 3076 3384 veteribus
3105 3321 3447 3379 vestimentis
3501 3318 3831 3378 induerent,

2239 3427 2395 3502 165
2426 3440 2591 3496 panes
2643 3422 2806 3478 etiam
2857 3419 3066 3483 siccos,
3112 3425 3298 3478 utres,
3349 3425 3570 3475 saccos,
3617 3408 3832 3463 calcea-

2235 3529 2420 3574 menta
2484 3523 2646 3584 atque
2715 3510 2897 3566 omnia
2957 3505 3116 3563 simul
3166 3505 3463 3558 inveterata
3519 3505 3834 3570 portarent,

2235 3608 2446 3675 Quibus
2495 3604 2706 3659 scilicet
2758 3608 3048 3670 postquam
3111 3595 3400 3663 impetrato
3452 3587 3663 3642 [cedere
3723 3585 3833 3638 vita

2237 3699 2508 3760 donatur,
2545 3699 2946 3759 consequenter
2999 3686 3166 3741 etiam
3221 3682 3372 3736 fraus
3421 3677 3698 3748 patefacta
3745 3689 3836 3729 co-

2239 3788 2535 3858 gnoscitur.
2566 3783 2713 3851 Quos
2741 3781 2904 3836 Josue
2934 3818 2949 3844 ,
2987 3784 3267 3845 comperto
3295 3771 3439 3835 dolo,
3471 3768 3572 3823 sub
3605 3765 3835 3822 maledi-

2241 3883 2424 3938 ctione
2457 3876 2749 3940 damnavit,
2797 3882 2853 3927 et
2903 3884 3059 3941 aquae
3105 3874 3407 3938 gestatores
3450 3860 3838 3931 lignorumque

2243 3987 2475 4030 czesores
2501 3977 2764 4040 perpetuo
2787 3966 2912 4034 jure
2941 3959 3226 4018 constituit
3253 3956 3390 4029 (Jos.
3429 3954 3529 4022 ut).
3575 3951 3680 4018 Qui
3711 3957 3838 4004 sunt

2245 4077 2425 4124 autem
2455 4061 2770 4120 Gabaonitte
2795 4099 2810 4124 ,
2857 4057 2948 4126 qui
2994 4055 3062 4110 ad
3111 4050 3386 4108 Israelitas
3418 4044 3612 4102 mortis
3651 4041 3836 4096 formi-

2245 4161 2370 4217 dine
2402 4161 2682 4212 transeunt
2711 4193 2727 4216 ,
2761 4151 2859 4204 nisi
2893 4149 2926 4202 ii
2955 4146 3047 4216 qui
3083 4147 3150 4199 ad
3188 4139 3469 4198 servitutis
3510 4136 3708 4192 divina:
3740 4134 3838 4186 mi-

2246 4253 2418 4307 litiam
2453 4265 2559 4304 non
2589 4242 2943 4318 perfectionis
2971 4253 3178 4300 amore,
3210 4236 3304 4291 sed
3348 4229 3651 4287 tremefaeti
3676 4226 3838 4282 scele-

2249 4358 2368 4396 rum
2419 4352 2641 4394 suorum
2698 4331 3037 4388 immanitate
3085 4321 3440 4394 confugiunt?
3490 4318 3599 4373 Sed
3650 4330 3838 4370 eorum

2249 4431 2488 4488 nonnulli
2523 4435 2696 4491 veste,
2725 4440 2830 4478 non
2865 4430 3046 4476 mente
3076 4416 3296 4478 mutati,
3331 4415 3506 4466 siccos
3551 4422 3724 4479 panes
3771 4407 3840 4457 ad

2248 4539 2399 4579 esum
2434 4527 2650 4591 portant
2675 4558 2690 4579 ,
2717 4515 2844 4587 quia
2870 4527 3059 4583 azyma
3088 4508 3266 4562 adhuc
3296 4500 3630 4558 sinceritatis
3656 4508 3713 4551 et
3752 4511 3840 4550 ve-

2253 4590 2446 4668 ritatisi
2470 4610 2519 4680 (1
2553 4607 2678 4663 Cor.
2710 4606 2763 4674 ν)
2797 4607 3069 4675 ignorant.
3116 4595 3357 4653 Vctustis
3385 4590 3628 4646 vestibus
3654 4595 3842 4640 conte-

2252 4711 2470 4773 guntur,
2502 4700 2628 4768 quia
2667 4698 2720 4750 in
2753 4693 2919 4748 veleri
2952 4692 3128 4746 adhuc
3153 4686 3374 4741 homine
3411 4679 3694 4737 constituti
3741 4691 3841 4730 no-

2254 4812 2377 4848 vum
2409 4793 2633 4846 induere
2663 4788 2934 4851 nesciunt,
2975 4783 3067 4852 qui
3100 4778 3396 4834 secundum
3425 4775 3595 4827 Deum
3623 4780 3844 4825 creatus

2253 4898 2337 4943 est
2389 4887 2442 4939 in
2493 4883 2704 4951 justitia
2751 4888 2804 4934 et
2855 4875 3144 4932 sanctitate
3198 4866 3444 4924 veritatis
3489 4863 3712 4935 (Epltes.
3747 4859 3843 4926 iv).

2255 4978 2534 5032 Postremo
2570 4972 2748 5027 omnia
2781 4969 3034 5023 videntur
3082 4963 3384 5016 inveterata
3429 4969 3550 5026 qua:
3601 4959 3842 5023 gestant.

2257 5071 2384 5139 quia
2440 5067 2492 5120 in
2545 5063 2831 5133 praeteritae
2893 5059 3015 5111 vita:
3076 5054 3224 5109 vitiis
3285 5053 3677 5120 perseverant,
3736 5058 3848 5097 non

2257 5133 2690 5226 obtemperantes
2715 5145 3047 5223 praecipienti
3075 5140 3330 5212 Apostolo
3360 5156 3374 5192 :
3420 5156 3439 5188 ι
3458 5133 3846 5191 Renovamini,

2256 5224 2471 5319 inquit,
2519 5243 2712 5315 spiritu
2759 5239 2955 5295 mentis
2998 5244 3194 5292 vestrae
3224 5229 3469 5304 (Ibid.).i
3506 5227 3618 5282 Nec
3647 5226 3742 5280 illa
3768 5224 3849 5278 eis

2257 5340 2526 5398 sententia
2568 5333 2836 5405 congruit,
2886 5345 2992 5400 qua
3041 5327 3279 5383 dicitur:
3338 5320 3575 5377 «Vetera
3607 5317 3844 5372 transie—

2257 5443 2404 5500 runt,
2431 5441 2486 5487 et
2514 5445 2642 5486 ecce
2682 5428 2823 5482 facta
2868 5432 2995 5479 sunt
3037 5419 3220 5475 omnia
3269 5429 3408 5471 nova
3455 5410 3541 5483 (Il
3575 5410 3702 5465 Cor.
3735 5407 3840 5476 V).)

2252 5528 2333 5582 Ad
2356 5525 2648 5580 novitatem
2673 5520 2873 5588 quippe
2895 5513 3343 5585 superficietenus
3363 5506 3644 5561 venientes
3669 5503 3846 5570 reipsa

2254 5620 2308 5674 in
2341 5623 2608 5672 vetustate
2635 5612 2932 5682 persistunt
2956 5648 2970 5672 ,
3017 5605 3145 5675 quia
3186 5598 3621 5658 emendationem
3660 5602 3719 5647 et
3746 5606 3841 5644 no-

2254 5729 2377 5768 vam
2415 5707 2882 5766 conversationem
2931 5701 2984 5755 in
3036 5699 3150 5753 suis
3197 5694 3442 5752 moribus
3491 5704 3600 5744 non
3653 5695 3841 5740 osten—

2258 5807 2410 5863 dttnt.
2442 5800 2600 5856 Tales
2625 5800 2808 5868 itaque
2832 5791 3212 5851 maledictione
3251 5777 3580 5857 plectuntur,
3629 5791 3730 5832 nec
3773 5775 3844 5830 ad
