4052 6312
309 346 448 402 1077

1595 339 1660 391 l.\'
1701 335 1958 391 LiBRU-M
2000 335 2314 393 JUDICUM.

3446 343 3594 398 i078

305 456 638 514 sortiendam
669 468 792 510 cum
836 452 1094 509 lsraelitis
1136 452 1509 507 haereditatcm
1554 450 1898 520 aliquatenus
1926 455 1970 511 Α
2005 461 2154 506 tuum
2189 452 2420 522 impetus
2450 452 2735 509 sustinere.
2771 452 2906 510 Nam
2952 471 3072 510 cum
3097 457 3392 527 petulantia
3425 459 3581 528 gulae,

306 548 693 602 admittuntur.
747 544 862 598 Non
915 545 1056 597 enim
1103 560 1170 598 ex
1218 543 1428 598 illorum
1482 560 1706 598 numero
1749 551 1890 607 sunt,

304 637 506 705 quibus
536 635 778 689 dicitur:
815 654 832 686 ι
857 634 914 688 ln
939 634 1038 689 hoc
1067 635 1241 689 vocati
1275 635 1439 699 estis,
1477 643 1533 687 ut
1561 635 1891 689 benedictio-

303 742 431 779 ιιι-ιη
484 725 795 780 haereditate
824 725 1146 794 possidentis
1195 724 1245 794 (I
1272 723 1416 779 Petr.
1446 725 1584 795 111).»
1613 727 1764 794 Aqua
1801 741 1894 779 au-

302 823 414 871 tum
459 814 688 883 insipida
723 827 807 868 est
837 823 894 869 ct
933 814 1077 885 ligna
1106 814 1260 868 dura.
1316 813 1482 884 Ligna
1527 828 1659 884 ergo
1688 814 1894 869 caedere

303 915 357 959 et
388 918 558 974 aquas
589 911 812 959 vectare
847 902 1124 972 iubentur,
1155 904 1282 973 quia
1313 912 1501 975 gustus
1525 903 1894 974 intelligentitr.

303 993 603 1064 Spiritualis
650 995 860 1066 ignari,
909 995 1058 1051 duris
1101 1005 1264 1064 atque
1307 995 1713 1051 insensibilibus
1743 1004 1894 1050 exte-

305 1085 469 1140 rioris
509 1085 756 1140 exercitii
809 1087 1016 1158 negotii
1063 1097 1417 1157 occupantur.
1468 1085 1560 1141 Sic
1600 1087 1765 1157 igitur
1795 1087 1893 1141 ali-

300 1191 468 1244 quam
521 1177 736 1245 quidem
791 1177 847 1232 in
897 1177 1260 1232 exterioribus
1307 1177 1560 1232 videntur
1600 1178 1892 1232 utilitatem

300 1266 561 1321 Ecclesiae
610 1269 898 1324 serviendo
954 1270 1248 1336 conferre;
1304 1271 1398 1324 sed
1442 1270 1570 1338 quia
1622 1269 1893 1324 serviliter

299 1359 510 1423 vivunt,
547 1359 914 1416 haereditatetn
958 1362 1099 1415 inter
1143 1360 1417 1416 lsraelitas
1462 1369 1737 1430 nequeunt
1762 1375 1889 1430 pos-

297 1449 503 1506 sidere.

917 1543 1145 1600 CAPUT
1193 1543 1258 1599 Χ.

614 1631 682 1685 In
710 1633 928 1704 epistola
963 1635 1032 1688 ad
1071 1635 1264 1704 fratres
1286 1632 1572 1706 Camugni.

377 1745 396 1775 ‹
431 1724 574 1779 Dixit
603 1724 769 1781 Josue
804 1726 928 1782 ﬁliis
952 1725 1149 1796 Ioseph
1175 1746 1188 1780 :
1236 1727 1292 1782 Si
1319 1727 1548 1796 populus
1575 1726 1777 1782 multus
1805 1742 1888 1794 es,

300 1818 533 1871 ascende
582 1817 634 1869 in
685 1817 875 1870 silvam
924 1825 980 1872 et
1029 1819 1247 1875 succide
1296 1819 1392 1874 tibi
1435 1819 1608 1890 spatia
1641 1819 1694 1874 in
1740 1829 1888 1875 terra

295 1905 568 1962 Phereztei
617 1915 673 1961 et
719 1907 1009 1978 Rapbaim,
1059 1911 1186 1980 quia
1247 1919 1475 1982 angusta
1526 1918 1610 1965 est
1641 1911 1734 1966 tibi
1766 1927 1890 1980 pos.

299 1999 477 2053 sessio
514 1998 715 2054 montis
744 1999 1019 2068 prraim.
1052 2001 1296 2070 Cumque
1322 2001 1394 2055 ibi
1425 2012 1890 2072 conquererentur

295 2097 352 2144 et
406 2090 651 2144 dicerent
695 2105 711 2143 :
764 2088 882 2144 Non
927 2090 1226 2160 poterimus
1250 2092 1316 2145 ad
1345 2101 1604 2147 montana
1629 2106 1890 2148 conscen-

293 2179 446 2244 dere,
496 2193 620 2232 cum
673 2177 867 2234 ferreis
901 2178 1153 2234 curribus
1197 2187 1421 2233 utantur
1459 2179 1753 2236 Cbananaai
1793 2182 1888 2252 qui

297 2268 546 2323 habitant
580 2270 633 2323 in
666 2278 808 2324 terra
852 2269 1161 2340 campestri.
1200 2269 1500 2340 Respondit
1542 2269 1744 2327 Josuc:
1777 2271 1885 2329 Po.

297 2357 456 2426 pulus
487 2358 687 2414 multus
711 2374 772 2414 es
795 2368 850 2414 et
884 2375 1094 2430 magna:
1125 2359 1478 2425 fortitudinis,
1525 2375 1632 2416 non
1659 2361 1885 2419 habebis

291 2459 494 2507 sortem
518 2469 700 2518 unam,
733 2455 827 2510 sed
857 2455 1114 2510 transibis
1140 2456 1208 2510 ad
1232 2468 1498 2524 montem,
1534 2467 1592 2512 et
1637 2459 1885 2515 succides

296 2547 394 2603 tibi
433 2556 595 2618 atque
640 2549 898 2618 purgabis
925 2550 991 2605 ad
1021 2551 1372 2606 habitandum
1420 2552 1634 2622 spatia;
1681 2559 1736 2606 et
1783 2567 1881 2622 poo

293 2638 430 2692 teris
457 2638 597 2692 ultra
622 2640 919 2708 procedere
945 2656 1068 2695 cum
1121 2641 1454 2696 subverteris
1480 2641 1842 2696 Cbananaaum
1865 2681 1883 2710 ,

288 2741 450 2796 quem
481 2729 617 2784 dicis
646 2727 855 2786 ferreos
901 2730 1102 2786 habere
1147 2745 1362 2796 currus,
1390 2740 1446 2787 et
1489 2746 1610 2787 esse
1653 2731 1885 2787 fortissi-

289 2836 438 2875 mum
486 2821 623 2891 (Jos.
660 2821 850 2895 xvn)»
882 2822 1013 2890 Quae
1052 2824 1308 2904 nimirum
1351 2824 1537 2880 multis
1585 2825 1881 2897 indigentia

287 2909 476 2964 verbis
504 2925 830 2978 exponerem
863 2910 1129 2975 fortassis,
1161 2913 1204 2966 si
1235 2927 1340 2967 non
1377 2913 1534 2986 166
1567 2914 1700 2970 mihi
1731 2924 1877 2970 meta

289 2998 598 3067 compendii
647 2999 955 3068 epistolaris
981 3002 1262 3063 obstaret;
1324 3002 1427 3058 hoc
1471 3012 1680 3058 tantttm
1721 3005 1877 3074 quasi

287 3097 664 3144 summotenus
692 3092 1109 3161 perstringendo
1139 3091 1370 3148 sulliciat
1391 3093 1537 3164 quia,
1567 3110 1688 3149 cum
1713 3094 1878 3152 Josue

1997 558 2195 614 vorago
2247 545 2496 610 luxuriat,
2523 547 2873 616 omniumque
2923 549 3175 603 vitiorum
3216 561 3417 618 pestes.
3465 562 3586 603 tau-

1951 678 1954 682 .
1995 648 2154 700 quam
2201 632 2544 688 frementium
2594 633 3026 692 Chananteorum
3061 641 3224 704 acies,
3257 639 3580 709 constipatis

1997 725 2282 778 adversum
2314 738 2412 780 nos
2430 726 2616 780 cuneis
2646 727 3059 796 conglobantur,
3085 730 3213 798 quid
3246 730 3388 784 aliud
3419 745 3594 798 quam.

1995 815 2286 870 Chanantei
2332 830 2433 871 nos
2478 815 2671 872 ferreis
2700 818 2950 874 curribus
2988 820 3280 890 impetunt,
3320 829 3376 876 et
3418 836 3485 876 ne
3515 821 3582 876 de

1995 907 2230 962 carnalis
2281 908 2405 964 vita:
2451 909 2848 979 campestribus
2887 912 2952 965 ad
3008 913 3270 968 virtutum
3297 913 3578 970 valeamus

1995 999 2211 1053 excelsa
2239 999 2629 1065 conscendere,
2661 1000 2851 1056 salutis
2897 1002 3056 1058 nobis
3101 1003 3281 1060 aditus
3323 1005 3585 1060 interclu-

1994 1091 2163 1146 dunt?
2191 1091 2295 1146 Sed
2325 1092 2498 1146 bonus
2548 1093 2751 1147 militia:
2782 1104 2980 1149 nostra:
3005 1094 3111 1150 dux
3159 1097 3582 1154 imbecillitatem

1994 1193 2234 1238 nostram
2293 1187 2358 1239 ad
2410 1186 2623 1242 fortiter
2669 1190 2859 1258 agendi
2915 1191 3276 1246 constantiam
3329 1194 3487 1263 erigit
3531 1203 3585 1248 et

1994 1282 2182 1326 contra
2233 1274 2464 1329 hostium
2507 1277 2759 1347 impetus,
2808 1288 2868 1333 ut
2926 1281 2981 1334 in
3029 1281 3223 1336 altiora
3267 1283 3582 1353 progredia-

1993 1377 2134 1425 mur,
2170 1363 2422 1433 impellit-

2066 1453 2172 1507 Sed
2197 1456 2464 1522 quomodo
2488 1456 2553 1510 de
2583 1457 2818 1513 inimicis
2859 1460 3058 1514 nostris
3091 1461 3431 1532 triumphare
3459 1477 3586 1532 pos-

1994 1559 2220 1610 sumus,
2281 1545 2371 1615 qui
2425 1561 2638 1615 semper
2697 1549 2747 1601 iu
2807 1548 2997 1617 epulis,
3067 1564 3282 1618 semper
3320 1551 3373 1604 in
3421 1565 3588 1620 pocu-

1992 1634 2169 1690 lorum
2237 1635 2569 1692 allluentium
2638 1640 2886 1695 volumus
2955 1641 3374 1712 ingurgitatione
3431 1643 3586 1712 jace-

1993 1726 2091 1781 re?
2136 1727 2211 1782 De
2259 1728 2456 1796 quibus
2513 1729 2696 1798 utique
2745 1729 3000 1785 Salomon
3048 1731 3164 1785 ait:
3208 1729 3358 1797 «Qui
3411 1731 3587 1801 diligit

1921 1805 1968 1864 B
1995 1816 2204 1886 epulas,
2235 1817 2288 1871 in
2317 1819 2725 1887 egestate-erit;
2756 1819 2846 1888 qui
2869 1828 3014 1874 amat
3048 1819 3230 1874 vinum
3259 1828 3310 1874 et
3342 1821 3594 1889 pinguia.

1993 1921 2099 1958 non
2124 1906 2382 1960 ditabitur
2428 1904 2610 1976 (Prov.
2644 1907 2812 1976 ut)»
2864 1908 2930 1962 Et
2953 1908 3194 1974 iterum:
3239 1927 3257 1959 ι
3284 1908 3591 1962 Luxuriosa-

1991 2010 2080 2050 res
2104 1996 2288 2050 vinum
2313 2005 2366 2050 et
2394 1997 2725 2052 tmnnltuosa
2754 1999 3026 2064 ebrietas;
3058 1999 3148 2068 qtti
3179 1999 3262 2054 bis
3284 1998 3593 2053 delectatur.

1989 2103 2098 2143 non
2124 2089 2228 2142 erit
2257 2089 2473 2160 sapiens
2509 2087 2694 2160 (Prov.
2725 2090 2840 2162 xx).
2860 2110 2877 2142 ι
2911 2089 3166 2146 Ventrem
3199 2106 3432 2162 namque
3458 2091 3590 2145 vino

1987 2187 2042 2235 et
2065 2180 2207 2234 escis
2253 2194 2598 2246 assuescere,
2625 2181 2753 2251 quid
2801 2189 2886 2236 est
2935 2182 3079 2236 aliud
3125 2197 3286 2252 quam
3336 2181 3588 2238 hostibus

1986 2269 2213 2333 animus,
2252 2277 2312 2323 ut
2358 2270 2756 2338 ingrediantur,
2813 2271 2992 2325 aditus
3039 2271 3290 2341 aperire?
3333 2271 3488 2328 Unde
3528 2279 3590 2327 et

1988 2360 2133 2416 idem
2178 2361 2475 2416 Salomon:
2532 2362 2676 2430 «Qui
2723 2364 2975 2428 delicate,
3026 2364 3232 2434 inquit,
3281 2380 3311 2418 a
3347 2365 3590 2435 pueritia

1985 2451 2157 2505 nutrit
2207 2465 2445 2518 servum,
2504 2463 2689 2522 postea
2732 2453 2880 2507 illum
2949 2454 3147 2508 sentiet
3202 2463 3584 2508 contumacem

1984 2535 2173 2601 (Prov.
2221 2538 2426 2610 xxix)»
2475 2539 2617 2594 Bene
2666 2541 2808 2596 hunc
2849 2555 3068 2596 servum
3114 2542 3244 2596 loris
3288 2541 3584 2596 cohibebat

1983 2630 2197 2696 inedita,
2227 2632 2320 2702 qui
2349 2633 2564 2687 dicebat
2592 2650 2605 2686 :
2647 2651 2665 2684 ι
2693 2633 2912 2706 Castigo
2934 2649 3131 2704 corpus
3161 2649 3362 2698 meum,
3388 2642 3588 2688 etser-

1983 2721 2140 2778 vituti
2180 2721 2409 2792 subjicio
2438 2723 2490 2794 (I
2515 2723 2638 2779 Cor.
2683 2726 2822 2796 ix)»
2863 2725 3148 2781 Adversus.
3183 2724 3326 2780 hunc
3361 2741 3588 2780 servum

1981 2813 2294 2883 disputabat
2349 2829 2473 2870 cum
2521 2816 2765 2870 diceret:
2845 2833 2866 2868 ι
2898 2817 3034 2870 Esca
3062 2815 3240 2869 ventri
3286 2823 3343 2869 et
3387 2823 3592 2869 venter

1981 2907 2123 2962 escis
2148 2947 2162 2972 ,
2208 2906 2354 2962 Deus
2395 2916 2572 2962 autem
2601 2917 2656 2962 et
2686 2909 2828 2962 hunc
2857 2917 2912 2964 et
2938 2908 3057 2963 illas
3093 2908 3338 2962 destruet
3369 2906 3421 2976 (1
3446 2905 3587 2962 σοι’..

1980 2996 2113 3066 νὴ.»
2153 2996 2309 3052 Hunc
2336 3011 2553 3052 servum
2584 2999 2684 3053 sub
2726 2997 2965 3053 calcibus
2991 3014 3113 3054 esse
3139 2997 3461 3052 frenandum
3494 2997 3586 3052 tsi-

1981 3088 2293 3154 gnificabat,
2320 3103 2443 3143 cum
2468 3088 2706 3143 diceret:
2739 3108 2756 3140 ι
2783 3088 2931 3142 Multi
2960 3089 3104 3144 enim
3133 3088 3416 3144 ambulant
3436 3103 3588 3157 quos

284 3182 535 3252 praecipit
559 3183 756 3254 populo
804 3184 1061 3238 silvarum
1110 3185 1386 3240 condensa
1433 3187 1740 3254 succidere,
1772 3190 1874 3245 hoc
1904 3157 1949 3220 (ἶ
1983 3193 2125 3247 same
2157 3177 2401 3232 dicebam
2431 3177 2588 3233 vobis
2608 3219 2624 3241 ,
2660 3195 2800 3232 nunc
2821 3187 3002 3233 autem
3040 3187 3094 3232 et
3119 3177 3252 3234 [lens
3276 3179 3429 3244 dico,
3461 3178 3570 3232 ini-

285 3272 461 3327 innuit
489 3275 633 3342 quod
677 3282 863 3328 noster
891 3275 1068 3336 Jesns,
1107 3275 1348 3342 egnsdem
1378 3276 1586 3332 scilicet
1614 3279 1869 3344 nominis,

283 3363 633 3431 sequentibus
673 3380 731 3419 se
752 3364 906 3433 jubet
935 3366 1072 3420 male
1099 3365 1422 3436 pullulantes
1465 3367 1872 3423 silvescentium

283 3454 542 3510 vitiorum
593 3456 818 3513 frutices
859 3459 1183 3528 exstirpare.
1234 3458 1494 3514 Hortatur
1524 3469 1581 3528 ut
1611 3476 1719 3515 non
1765 3461 1870 3517 loe-

288 3547 442 3612 dera,
475 3549 572 3602 sed
595 3549 795 3604 bellum
823 3561 1012 3606 contra
1036 3552 1373 3607 Chananazos
1393 3561 1608 3623 gerant,
1631 3563 1690 3608 ut
1719 3570 1873 3610 mon-

282 3649 408 3693 tana
457 3642 868 3708 conscendant,
917 3654 1184 3713 quatenus
1211 3652 1266 3698 et
1295 3643 1552 3700 vitiorum
1597 3645 1876 3702 elaborent

281 3731 550 3787 debellare
576 3731 910 3800 barbariem,
944 3743 997 3788 et
1027 3735 1257 3789 arduum
1308 3736 1569 3790 virtutum
1616 3737 1876 3793 festinent

281 3821 530 3876 obtinere
553 3836 837 3878 cacumen.
870 3823 1039 3877 Porro
1072 3832 1275 3888 antem,
1305 3825 1448 3892 quod
1475 3825 1548 3878 illi
1590 3827 1870 3894 pusillani-

279 3910 442 3964 miter
467 3921 879 3980 conquerantur
905 3914 1165 3968 adversus
1192 3929 1285 3968 eos
1309 3915 1398 3982 qui
1431 3915 1622 3971 ferreis
1644 3919 1872 3972 uteban-

279 4006 370 4051 tur
399 4000 649 4056 curribus
674 4016 736 4056 se
758 4017 863 4056 non
897 4017 1052 4072 posse
1074 4018 1424 4072 consurgere,
1461 4005 1563 4058 hoc
1591 4015 1696 4069 est,
1724 4005 1868 4074 quod

279 4103 382 4143 nos
427 4089 726 4146 imbecilles
757 4102 811 4147 et
839 4092 1058 4163 fragiles
1098 4107 1243 4164 sape
1272 4092 1563 4148 diliidimus
1610 4103 1866 4163 tanquam

279 4176 488 4235 ferreos
517 4195 712 4236 currus
736 4223 750 4250 ,
794 4183 872 4237 sic
914 4181 1266 4239 adversantes
1301 4182 1662 4254 malignorum
1711 4184 1871 4254 spiri-

1982 3272 2154 3326 micos
2199 3272 2382 3327 crucis
2439 3271 2676 3338 Christi;
2726 3287 2956 3340 quorum
3003 3271 3126 3326 linis
3179 3271 3473 3333 interitus,
3517 3280 3580 3326 ct

1981 3378 2214 3432 quorum
2263 3363 2408 3419 Deus
2464 3373 2656 3418 venter
2710 3375 2813 3429 est,
2842 3373 2894 3416 et
2941 3363 3110 3432 gloria
3154 3362 3207 3416 in
3252 3360 3585 3417 confusione-

1979 3473 2168 3512 eorum
2192 3455 2417 3529 (Philip.
2436 3456 2539 3528 ιιι).
2564 3477 2581 3508 ι
2609 3455 2916 3510 Notandum
2944 3464 3122 3510 autem
3146 3466 3200 3510 et
3222 3456 3308 3509 hic
3329 3455 3434 3509 duo
3459 3463 3570 3509 ter-

1981 3547 2158 3603 ribilia
2183 3547 2306 3611 dici,
2343 3556 2397 3601 et
2422 3548 2478 3602 in
2501 3547 2750 3602 inimicos
2781 3546 2959 3601 crucis
2994 3544 3195 3601 Christi
3230 3547 3573 3600 tremendam

1977 3637 2247 3707 depromit
2273 3636 2414 3692 idem
2445 3637 2737 3708 Apostolus
2783 3637 3106 3692 sententiam
3132 3677 3150 3705 ,
3186 3637 3412 3691 dicens:
3453 3655 3470 3688 ι
3507 3635 3570 3690 Si

1977 3729 2098 3798 quis
2133 3741 2241 3782 non
2265 3736 2414 3782 amat
2448 3727 2734 3781 Dominum
2763 3734 3012 3780 nostrum
3050 3725 3234 3782 Iesum
3261 3725 3575 3790 Christum,

1976 3824 2048 3878 sit
2089 3824 2378 3878 anathema
2424 3821 2607 3874 Maran
2656 3822 2795 3874 Atba
2824 3819 2876 3888 (Ι
2909 3821 3033 3875 Cor.
3067 3821 3201 3891 χιιι).
3227 3839 3248 3873 ι
3303 3820 3405 3887 Qui
3437 3834 3568 3874 vero

1975 3922 2221 3968 ventrem
2249 3927 2348 3981 pro
2370 3912 2479 3965 Deo
2507 3920 2821 3974 veneratur,
2846 3909 3016 3964 Deum
3043 3910 3442 3978 quodammodo
3470 3923 3571 3964 ne-

1977 4020 2107 4074 gare
2129 4003 2488 4066 convincitur,
2517 4017 2581 4056 ac
2610 4017 2708 4071 per
2733 4003 2836 4056 hoc
2857 4001 2962 4056 duo
2981 4002 3096 4056 haec
3127 4011 3334 4054 terrore
3365 4001 3563 4068 plenis-

1976 4094 2114 4148 sima
2168 4107 2330 4146 unum
2379 4091 2672 4152 videntur,
2725 4089 3015 4154 videlicet,
3067 4090 3208 4158 quod
3274 4091 3452 4151 absit,
3507 4101 3566 4145 et

1976 4181 2177 4238 Christi
2221 4179 2498 4233 inimicum
2531 4194 2652 4234 esse
2677 4190 2730 4233 ct
2756 4194 2920 4231 unum
2958 4179 3124 4233 Deum
3159 4179 3326 4232 alium
3357 4180 3539 4232 colere

1420 4293 1726 4365 Expliciunt
1759 4296 2054 4350 testimonia
2088 4295 2208 4348 libri
2233 4293 2417 4349 Josue.

1060 4389 1417 4460 167-168
1451 4387 1794 4442 lNClPlUNT
1843 4387 2188 4444 CAPITULA
2235 4384 2414 4439 LIBRI
2462 4384 2784 4440 JUDlCUM.

316 4479 366 4531 1.
412 4476 565 4548 Quod
595 4480 955 4534 Adouibezech
987 4497 1238 4534 manuum
1269 4497 1330 4532 ac
1367 4481 1555 4548 pedum
1588 4481 1934 4539 summitates,
1965 4479 2090 4530 dum
2119 4477 2346 4548 capitur,
2362 4486 2726 4548 amputantur.

312 4549 368 4601 2.
415 4547 541 4619 ljjrat
575 4551 779 4603 Debora
802 4553 1094 4619 prophetes,
1124 4566 1259 4603 uxor
1288 4544 1571 4618 Lapidotlt,
1601 4566 1718 4617 qua:
1738 4549 2014 4618 judicabat
2050 4547 2297 4615 populum
2330 4544 2424 4599 illo
2450 4556 2694 4619 tempore.

313 4619 366 4672 3.
411 4617 564 4683 Quod
609 4613 820 4674 Gedeou
847 4613 1152 4689 prwcipitur
1199 4630 1256 4672 ut
1300 4613 1418 4675 cum
1453 4613 1694 4674 trecentis
1724 4613 1948 4682 tantum,
1974 4613 2064 4688 qui
2099 4613 2294 4684 aquam
2335 4613 2576 4669 mauibus
2621 4616 2973 4680 lmnbuerant,
3018 4619 3087 4672 ad
3127 4617 3316 4671 bellum
3367 4627 3556 4674 contra

540 4689 866 4744 Madianitas
885 4699 1085 4758 pergat.

413 4757 488 4830 ρο
516 4775 574 4830 eo
596 4760 684 4830 qui
715 4761 768 4813 in
795 4753 1231 4830 castris'Mr:dia_n
1259 4760 1399 4812 socio
1433 4758 1885 4830 referebatseper
1907 4756 2168 4812 somnium
2193 4753 2380 4809 vidisse
2402 4755 2804 4809 subcinericium
2839 4773 3026 4824 panem
3058 4757 3262 4812 hordei».

307 4828 360 4882 5.
406 4828 560 4892 Quod
588 4827 875 4884 meliorest
913 4845 1148 4881 racemus
1177 4827 1432 4897 Ephraim
1464 4829 1731 4882 vindemiis
1759 4828 1994 4881 Abiezer.

305 4899 357 4951 6.
398 4899 712 4964 Abimelcch,
738 4897 882 4967 ﬁlius
910 4898 1180 4958 Jeroiaal,
1213 4894 1397 4952 occidit
1422 4899 1613 4968 fratres
1641 4914 1762 4968 suos
1793 4898 2121 4968 septuaginta
2156 4897 2289 4968 viros
2312 4911 2468 4968 super
2493 4894 2716 4968 lapidem
2745 4911 2927 4948 unum.

308 4969 358 5020 7.
402 4969 550 5022 S;etit
579 4964 810 5022 Joath'an
841 4970 891 5021 in
925 4969 1106 5021 vertice
1155 4969 1345 5022 montis
1385 4964 1647 5032 Carizim,
1671 4964 2136 5037 elevataquenroce
2173 4964 2460 5018 clamavit:
2496 4964 2684 5017 Audite
2712 4981 2814 5030 me,
2842 4967 2938 5018 viri
2971 4965 3212 5027 Sic/tem,
3244 4968 3317 5018 ita
3352 4976 3405 5018 ut
3443 4984 3547 5021 au-

520 5039 629 5090 diat
660 5056 745 5092 vos
769 5038 932 5092 Deus.

307 5107 359 5161 8.
403 5106 720 5178 Abimelech,
765 5109 983 5161 audiens
1039 5107 1174 5162 viros
1225 5109 1387 5162 turris
1435 5105 1793 5162 Sic/timorum
1847 5107 2047 5178 pariter
2098 5105 2453 5176 conglobatos,
2502 5104 2735 5158 ascendit
2786 5104 2840 5158 in
2897 5114 3122 5158 utentem
3171 5104 3383 5159 Selmou
3431 5121 3556 5159 cum

519 5177 663 5231 omni
702 5178 915 5247 populo.

302 5244 357 5303 9.
400 5244 551 5312 Quod
572 5244 1013 5330 dum;Abitneleclt
1047 5251 1262 5330 turrim,
1293 5255 1546 5330 quateret
1576 5246 1632 5327 in
1656 5247 1837 5328 medio.
1861 5246 2077 5330 tacitas,
2118 5255 2296 5300 amoto
2325 5245 2442 5314 igne
2477 5244 2661 5314 januis
2693 5246 3005 5298 succendere
3034 5256 3327 5309 caneretur,
3357 5245 3552 5298 mulier’

516 5317 668 5387 mola:
693 5317 1043 5387 fragmentum
1070 5317 1518 5387 desuper'jaciens
1539 5317 1655 5382 eius
1678 5318 1837 5386 capiti
1866 5317 2032 5370 illisit.

269 5384 359 5440 10.
401 5384 561 5460 Quod
581 5383 797 5460 quidam
821 5389 885 5441 de
910 5389 1100 5460 populo
1129 5383 1382 5458 Eparaim
1407 5387 1533 5441 olim
1561 5383 1821 5441 venientes
1862 5388 1929 5441 ad
1969 5388 2108 5442 vada
2155 5385 2431 5450 Iordanis,
2479 5383 2608 5438 dum
2645 5383 2900 5438 nescirent
2927 5386 3215 5455 exprimere
3243 5383 3537 5447 Sebboleth,

519 5453 925 5530 Gtrlaaditarum
961 5453 1148 5530 gladiis
1175 5453 1297 5514 ἐειεεὶ
1328 5469 1472 5514 sunt.

265 5526 350 5580 Η.
394 5523 541 5597 Cepit
573 5525 796 5581 Samson
819 5523 1076 5600 trecentas
1125 5532 1300 5600 vulpes
1355 5527 1655 5600 caudasque
1707 5544 1890 5584 earum
1929 5526 2119 5594 vinxit,
2159 5525 2407 5596 adjunxit
2443 5525 2514 5579 ad
2564 5524 2763 5578 caudas
2803 5524 2944 5593 faces
2996 5535 3043 5578 et
3093 5526 3146 5578 in
3196 5525 3367 5578 medio
3409 5523 3544 5592 liga-

518 5605 598 5650 tas
630 5597 918 5652 succendit.

269 5664 352 5718 12.
397 5665 553 5738 Quod
582 5665 812 5738 Samson
840 5669 1200 5724 mandibulam
1230 5670 1366 5725 asini
1388 5670 1648 5738 arripiens
1675 5667 1819 5722 mille
1842 5669 1991 5738 viros
2008 5668 2062 5720 in
2097 5685 2159 5721 ea
2198 5665 2945 5738 Pliilistltinorumrinterfecit.

271 5739 350 5792 15.
388 5736 555 5810 Quod
571 5737 823 5810 Dominus
847 5739 1192 5810 interrogatus
1220 5743 1295 5795 bis
1325 5741 1395 5795 ad
1422 5732 1706 5795 ineundum
1732 5748 1914 5793 contra
1957 5736 2238 5808 Benjamin
2265 5738 2526 5807 pra'lium,
2555 5737 2693 5790 dedit
2724 5732 3016 5803 assensum,
3045 5748 3089 5790 et
3130 5735 3339 5788 tandem
3369 5732 3537 5787 lsraes

514 5805 792 5876 Benjamth
816 5808 1004 5880 gladiis
1037 5805 1305 5865 sternitur.

1612 5879 2193 5951 lt'a‘pliciunt.capitula.
