4052 6312
519 359 666 418 Ιϐτθ

1415 361 1914 421 COLLECTANEA
1954 361 2021 418 IN
2063 361 2301 421 VETUS
2339 361 2881 421 TESTAMENTUM.

3643 369 3790 425 1030

908 512 1550 602 INCIPIUNT
1595 511 2376 618 ,TESTIMONIA
2445 517 2773 605 LIBRI
2837 516 3409 608 JUDICUM.

1018 659 1248 718 CAPUT
1309 661 1603 720 PRIMUM.

871 750 940 806 In
984 752 1200 821 epistola
1256 754 1326 806 ad
1385 751 1443 807 V.
1479 754 1739 808 abbatem.

594 865 612 898 ι
640 843 904 915 Fugiente
931 844 1305 899 Adonihezech
1343 859 1526 900 coram
1557 844 1679 899 ﬁliis
1705 844 1889 907 lsrael.
1921 859 2107 915 perse-

515 944 748 1007 quentes
775 934 1304 1004 comprehenderunt
1329 949 1452 990 eum
1476 976 1492 1001 ,
1516 935 1674 991 carsis
1701 934 2104 990 summitatibus

517 1043 778 1082 manuum
825 1027 944 1096 ejus
996 1042 1061 1082 ac
1115 1027 1310 1100 pedum
1364 1025 1513 1098 (Iud.
1565 1025 1661 1095 ῐ).›
1723 1024 2100 1080 Adonibezecb

514 1135 711 1190 nempe
753 1133 1013 1174 manuum
1053 1132 1117 1172 ac
1162 1119 1358 1188 pedum
1412 1117 1722 1172 summitate
1766 1116 2101 1186 praeciditur,

514 1212 640 1263 dum
670 1208 936 1279 malignus
986 1208 1128 1263 inter
1169 1217 1389 1263 sanctos
1440 1208 1584 1262 viros
1626 1207 1848 1277 spiritus
1873 1216 1928 1260 et
1957 1207 2105 1260 ince-

513 1299 675 1354 dendi
701 1309 756 1353 et
777 1298 1032 1368 operandi
1055 1299 1256 1352 virtute
1279 1297 1667 1369 privatur.§Qui
1693 1297 1949 1351 nimirum
1973 1296 2100 1350 dum

512 1406 614 1444 sua
651 1390 871 1444 vulnera
911 1389 1145 1458 patitur,
1186 1389 1300 1443 lucc
1325 1388 1513 1443 eadem
1540 1403 1660 1442 sese
1693 1387 1814 1442 aliis
1851 1385 2100 1442 intulisse

511 1479 775 1548 gloriatur
809 1496 822 1533 :
858 1497 877 1530 ι
915 1477 1301 1549 Septuaginta,
1345 1478 1552 1546 inquit,
1580 1493 1767 1549 reges,
1807 1475 2100 1546 amputatis

511 1585 772 1623 manuum
819 1585 883 1624 ac
935 1569 1129 1640 pedum
1155 1570 1579 1634 summitatibus,
1629 1569 1952 1639 colligebant
1998 1568 2100 1625 sub

511 1677 699 1718 mensa
722 1675 843 1719 mea
872 1661 1117 1716 ciborum
1162 1662 1449 1732 reliquias;
1482 1663 1623 1718 sicut
1656 1662 1779 1727 feci,
1804 1663 1881 1717 ita
1912 1662 2095 1717 reddi.

507 1752 591 1806 dit
613 1751 745 1807 mihi
763 1752 1028 1807 Dominus
1051 1751 1264 1820 (Ibid)
1286 1772 1305 1804 )
1329 1751 1680 1823 Septuaginta
1699 1753 1905 1808 scilicet
1918 1768 2095 1822 reges,

503 1841 846 1912 septuaginta
874 1853 1002 1898 sunt
1031 1841 1335 1912 linguarum
1368 1843 1791 1913 discrepantium
1823 1843 2092 1912 nationes,

504 1933 703 2001 quibus
723 1948 892 2001 usque
911 1933 976 1988 ad
1000 1932 1299 1988 Salvatoris
1320 1932 1612 1988 adventum
1641 1935 1898 2004 antiquus
1922 1934 2094 1990 hostis

2131 665 2182 726 Α
2209 666 2454 736 pluribus
2501 669 2705 737 indiget
2761 669 2941 726 verbis
2971 710 2987 736 ,
3034 671 3158 741 quia
3214 672 3400 729 multis
3457 683 3541 729 est
3587 675 3796 746 repleta

2211 761 2521 832 mysteriis;
2571 762 2665 817 sed
2707 779 2826 818 eam
2873 763 3078 820 idcirco
3130 767 3232 821 sub
3279 765 3545 822 brevitate
3576 780 3799 824 contra-

2207 851 2408 917 himus,
2467 861 2524 904 ut
2560 852 2903 908 dilectionem
2962 866 3199 911 vestram
3253 858 3584 927 prolixitatis
3635 861 3800 917 taedio

2210 940 2369 1010 169
2397 955 2500 994 non
2539 957 2842 1011 gravemus.
2873 943 3290 1000 Consideremus
3327 946 3511 1016 itaque
3553 948 3646 1002 ubi
3699 963 3791 1003 se-

2205 1032 2329 1087 dent
2382 1030 2582 1086 habere
2626 1034 2912 1103 prophetia
2973 1036 3334 1102 describitur,
3385 1037 3640 1093 videlicet
3698 1040 3802 1094 sub

2205 1125 2403 1196 palma,
2441 1127 2567 1197 quia
2598 1142 2732 1197 quos
2772 1129 3090 1199 prophetica
3120 1131 3366 1185 doctrina
3413 1133 3526 1187 suis
3575 1133 3805 1189 institu-

2202 1218 2441 1274 tionibus
2473 1219 2762 1287 erudit,ad
2798 1221 3033 1290 palmam
3076 1238 3324 1292 superna:
3369 1225 3672 1280 vocationis
3706 1226 3805 1281 ad-

2203 1310 2372 1374 ducit,
2422 1309 2658 1379 dumque
2691 1325 2788 1379 per
2822 1325 2942 1366 eam
2993 1311 3241 1366 homines
3284 1312 3496 1368 vivendi
3546 1315 3805 1371 ordinem

2203 1400 2442 1463 discunt,
2487 1399 2741 1454 vitiorum
2779 1399 3153 1456 rebellantium
3203 1403 3436 1458 victores
3481 1403 3638 1459 ﬁunt.
3689 1405 3805 1462 Nec

2201 1493 2632 1563 prmtereundum
2671 1493 2813 1564 quod
2869 1494 3014 1550 inter
3061 1495 3230 1549 Bama
3273 1504 3327 1550 et
3362 1496 3547 1550 Bethel
3590 1497 3806 1554 sedisse

2200 1581 2549 1650 perhibetur:
2582 1581 2749 1636 Ratun
2777 1581 3064 1651 siquidem,
3093 1583 3331 1648 excelsa;
3363 1583 3575 1651 Bethel,
3604 1585 3801 1640 domus

2199 1670 2320 1736 Dei,
2354 1671 2494 1726 sicut
2531 1670 2647 1741 jam
2678 1673 2934 1738 diximus,
2978 1674 3387 1743 interpretatur.
3426 1676 3597 1732 Recte
3631 1676 3804 1748 igitur

2198 1763 2481 1833 prophetia
2535 1763 2678 1819 inter
2725 1764 2898 1819 Rama
2944 1775 2999 1820 et
3045 1765 3235 1822 Bethel
3288 1767 3538 1823 habitare
3585 1769 3802 1824 descri-

2197 1855 2373 1920 bitur,
2429 1856 2552 1926 quia
2607 1856 2854 1925 quisquis
2899 1857 3230 1927 propheticis
3279 1859 3459 1914 studet
3511 1859 3804 1931 invigilare

2197 1945 2486 2011 doctrinis,
2533 1946 2780 2017 quisquis
2818 1962 3099 2002 sacrarum
3134 1948 3535 2018 Scripturarum
3582 1950 3804 2005 sincere

503 2036 730 2082 etrecto
756 2026 1034 2098 gradiendi
1078 2038 1134 2082 et
1176 2028 1316 2082 bona
1349 2026 1581 2082 faciendi
1612 2043 1836 2098 prorsus
1857 2028 2094 2084 abstule—
2120 2018 2169 2080 Β
2197 2047 2353 2094 vacat
2399 2039 2665 2108 eloquiis,
2719 2041 2798 2094 sic
2855 2040 2908 2094 ίη
2965 2040 3126 2095 domo
3175 2041 3290 2095 De;
3320 2055 3416 2110 per
3462 2041 3801 2098 desidermm

505 2128 591 2172 rat
621 2117 952 2174 facultatem.
981 2119 1078 2174 Cui
1109 2120 1363 2174 nimirum
1395 2120 1612 2189 utrique
1638 2122 1853 2192 gemino
1881 2121 2091 2177 vulneri

506 2209 760 2263 medetur
807 2210 1118 2264 animarum
1167 2210 1408 2265 medicus
1449 2210 1692 2276 Paulus,
1754 2225 1875 2265 cum
1921 2211 2086 2266 dicit:

510 2318 529 2348 ι
557 2297 834 2356 Remissas
887 2317 1079 2356 manus
1128 2309 1183 2357 ct
1235 2300 1496 2356 dissoluta
1544 2317 1719 2373 genua
1762 2302 1994 2374 erigite,
2037 2311 2092 2357 et

503 2404 724 2459 gressus
757 2399 935 2446 rectos
965 2391 1126 2448 facite
1155 2392 1383 2462 pedibus
1423 2393 1640 2456 vestris.
1674 2409 1742 2448 ne
1779 2394 2090 2452 claudicans

505 2479 630 2549 quis
658 2490 823 2544 erret,
870 2483 1044 2550 magis
1073 2491 1254 2536 autem
1295 2495 1517 2538 sanetur
1542 2482 1726 2555 (Hebr.
1759 2485 1910 2552 xu)»
1946 2486 2091 2541 Ado-

503 2567 767 2622 nibezech
794 2569 990 2640 quippe
1018 2571 1261 2625 dominus
1284 2571 1540 2640 fulminis,
1571 2572 1656 2626 vel
1695 2574 1937 2629 dominus
1967 2592 2091 2629 con-

504 2667 676 2712 tentus
721 2661 838 2714 vani
884 2661 1296 2730 interpretatur.
1334 2661 1557 2719 Fulmen
1599 2679 1724 2718 mox
1775 2673 1838 2720 ut
1885 2666 2090 2722 micare

501 2750 716 2820 incipit,
747 2752 928 2806 subito
953 2753 1153 2807 deﬁcit.
1194 2754 1295 2807 Per
1321 2753 1463 2823 quod
1504 2753 1760 2810 Iudaicus
1800 2765 1973 2825 potest
2000 2756 2086 2812 in-

499 2842 950 2914 telligipOpulus,
994 2845 1084 2914 qui
1133 2845 1390 2899 nimirum
1441 2845 1672 2914 quodam
1700 2848 1854 2916 quasi
1882 2847 2089 2919 fulgore

501 2932 728 2997 micant,
758 2949 880 2988 cum
909 2933 1154 2990 dicerent
1178 2953 1192 2988 :
1233 2953 1250 2984 ε
1276 2933 1470 2990 Omnia
1499 2951 1619 3004 qua:
1648 2938 1903 3006 praecepit
1932 2938 2089 2994 nobis

500 3022 766 3080 Dominus
795 3035 850 3079 et
891 3025 1172 3080 audiemus
1212 3034 1266 3079 et
1308 3025 1568 3081 faciemus
1613 3027 1811 3098 (Exod.
1838 3029 1990 3100 xxrv)
2017 3045 2031 3095 ;
2063 3049 2082 3082 ι

499 3118 597 3174 sed
624 3133 750 3174 mox
799 3119 1060 3175 deﬁciens
1109 3120 1201 3175 lux
1246 3120 1349 3175 ista
1395 3118 1643 3184 cadebat,
1686 3135 1809 3174 cum
1850 3119 2090 3176 cervices

501 3224 633 3266 suas
663 3211 966 3267 tenebrosis
993 3211 1326 3267 dremonibus
1356 3210 1708 3266 inclinabant.
1740 3211 1844 3265 Per
1871 3208 1924 3265 id
1959 3220 2090 3266 vero

501 3299 649 3368 quod
679 3299 900 3366 dicitur,
929 3308 1220 3356 contentus
1265 3299 1414 3359 vani.
1454 3299 1727 3370 gentilitas
1754 3299 2086 3372 designatur,

499 3404 626 3458 qua
656 3399 912 3445 contenta
946 3391 1249 3446 visibilibus
1281 3391 1437 3445 idolis
1477 3405 1584 3444 non
1617 3391 1843 3445 curabat
1888 3391 2089 3447 reverti
2119 3386 2163 3450 C

504 3481 574 3535 ad
603 3481 1034 3538 misericordiam
1067 3481 1373 3549 Creatoris,
1403 3491 1459 3536 et
1502 3482 1627 3535 dum
1659 3481 1904 3536 veritatis
1939 3482 2096 3552 ἰδηοδ

500 3573 663 3627 rabat
727 3573 952 3640 cultum,
1003 3575 1161 3628 vanis
1201 3573 1482 3627 insistebat
1529 3572 1872 3627 caeremoniis
1923 3572 2094 3628 idolo-

498 3678 648 3718 rum.
683 3663 762 3717 De
788 3664 986 3732 quibus
1014 3664 1147 3718 dicit
1172 3663 1500 3734 Apostolus:
1545 3682 1563 3714 ι
1588 3661 1724 3730 Quia
1766 3663 1933 3718 Deum
1980 3680 2089 3718 non

499 3751 946 3821 gloriﬁcaverunt
1001 3761 1097 3806 aut
1141 3753 1346 3821 gratias
1398 3762 1666 3821 egerunt,
1721 3752 1814 3806 scd
1860 3766 2095 3808 evanue-

503 3849 637 3897 runt
665 3842 717 3898 in
744 3842 1166 3912 cogitationibus
1199 3844 1310 3899 suis
1345 3842 1518 3913 (Rom.
1548 3842 1645 3912 1).»
1684 3841 1890 3896 Horum
1931 3842 2093 3910 igitur

502 3934 734 3989 duorum
760 3935 1081 4006 populorum
1118 3951 1185 3991 ex
1215 3934 1451 3989 maxima
1495 3942 1648 4005 parte
1675 3933 1982 3989 dominatus
2009 3943 2093 3990 est

499 4023 886 4082 Adonibezech
911 4064 929 4093 ,
979 4026 1034 4081 id
1075 4034 1159 4081 est
1219 4025 1478 4096 reprobus
1524 4026 1780 4096 nequitiae
1822 4025 2085 4095 spiritus;

498 4114 629 4182 quia
664 4124 720 4171 et
755 4116 860 4172 iste
903 4117 1060 4186 quasi
1089 4117 1292 4171 fulmen
1321 4117 1523 4170 micare
1562 4115 1723 4184 cmpit
1749 4123 1805 4170 et
1825 4115 2003 4177 desiit,
2035 4123 2089 4168 et

498 4202 593 4257 ille
620 4206 746 4259 dum
776 4205 1020 4262 vanitate
1048 4207 1353 4262 daemonum
1395 4213 1684 4260 contentus
1710 4205 1942 4270 exstitit,
1967 4219 2093 4275 pro-

494 4293 599 4362 prii
621 4291 899 4350 Creatoris
926 4294 1187 4350 auxilium
1219 4310 1326 4349 non
1357 4293 1623 4364 quaesivit.

1129 4407 1356 4463 CAPUT
1385 4407 1445 4462 ll.

882 4499 949 4555 In
981 4516 1218 4556 sermone
1242 4499 1306 4553 de
1335 4499 1398 4555 S.
1425 4499 1681 4554 Cassiano

574 4607 594 4638 ο
624 4589 758 4645 Erat
787 4598 965 4644 autem
997 4590 1209 4645 Debora
1248 4589 1563 4658 pmphetes,
1612 4605 1750 4644 uxor
1795 4589 2080 4660 Lapidoth,

492 4696 615 4750 quae
639 4677 919 4748 judicabat
945 4678 1200 4749 populum
1229 4679 1320 4734 illo
1353 4688 1610 4748 tempore,
1651 4688 1706 4734 et
1736 4679 1956 4734 sedebat
1982 4683 2080 4735 sub

491 4772 698 4840 palma,
724 4786 847 4842 quze
872 4771 1092 4827 nomine
1128 4771 1270 4826 illius
1295 4771 1589 4824 vocabatur
1615 4810 1630 4835 ,
1672 4772 1814 4825 inter
1834 4771 2002 4826 Rama
2030 4779 2084 4826 et

491 4865 685 4922 Bethel
739 4866 795 4922 in
838 4876 1024 4922 monte
1050 4865 1329 4937 Ephraim,
1364 4867 1838 4936 ascendebantque
1862 4869 1928 4922 ad
1959 4882 2076 4922 eam

490 4956 589 5011 filii
619 4957 783 5014 lsrael
812 4959 864 5013 in
891 4973 1054 5014 omne
1091 4959 1357 5029 judicium
1393 4959 1544 5030 (Jud.
1573 4959 1702 5029 tv)»
1761 4959 1867 5014 Sed
1909 4960 1987 5013 sic
2015 4961 2082 5015 ad

491 5049 698 5105 exitum
745 5050 975 5106 celerius
1016 5051 1350 5120 pervenitur,
1389 5050 1456 5116 si,
1491 5051 1617 5105 dum
1667 5051 1892 5105 historia
1937 5053 2079 5106 texi-

489 5147 604 5204 tur,
653 5155 753 5211 per
796 5151 980 5213 partes
1025 5143 1246 5198 interim
1292 5150 1612 5212 exponatur.
1657 5141 1762 5198 Per
1811 5144 2083 5200 Deboram

489 5245 644 5295 sane,
674 5247 793 5302 quae
829 5235 1034 5305 loquela
1060 5275 1075 5299 ,
1122 5235 1239 5291 sive
1266 5235 1382 5303 apis
1414 5235 1823 5305 interpretatur,
1851 5238 2078 5307 prnphc—

488 5321 566 5374 tia
593 5336 701 5376 non
728 5324 1171 5382 inconvenienter
1209 5326 1494 5396 accipitur.
1539 5328 1670 5398 Apis
1717 5329 1913 5399 quippe
1943 5330 2077 5384 mei-

489 5413 696 5481 liﬁcat;
756 5426 810 5471 et
856 5420 922 5472 de
969 5422 1252 5492 prophetia
1302 5437 1400 5492 per
1445 5421 1790 5478 Psalmistam
1839 5424 2074 5480 dicitur:

491 5523 513 5556 ς
542 5503 715 5571 Quam
746 5505 923 5561 dulcia
955 5508 1204 5566 faucibus
1242 5511 1380 5566 meis
1409 5510 1620 5582 eloquia
1672 5523 1792 5579 tua,
1826 5515 2074 5584 Domine,

486 5609 650 5664 super
694 5595 797 5648 mel
844 5606 897 5651 et
943 5597 1123 5653 favum
1172 5601 1254 5655 ori
1285 5604 1440 5658 meo!
1476 5621 1493 5654 ›
1533 5601 1706 5665 (Psal.
1743 5606 1959 5674 cxvut.)
1984 5605 2072 5661 ln-

486 5686 646 5740 terim
689 5686 811 5744 nolo
847 5703 946 5744 vos
981 5688 1184 5754 lateat.
1233 5692 1608 5760 dilectissimi,
1667 5697 1794 5766 quia
1843 5697 2071 5756 historia

487 5775 644 5843 haec,
693 5793 849 5850 quam
891 5783 1230 5840 tractandam
1273 5799 1334 5839 ex
1384 5785 1668 5842 occasione
1711 5789 2062 5860 suscepimus,

2114 4733 2161 4792 Ι)

2194 2133 2392 2188 lentis
2431 2133 2700 2188 inhabitat
2733 2141 2939 2188 utnon
2969 2134 3154 2188 inﬁma
3183 2142 3240 2188 et
3263 2141 3669 2198 tnomentanea,
3702 2136 3802 2190 sed

2193 2225 2406 2281 excelsa
2439 2228 2620 2296 potius
2651 2235 2812 2294 atque
2845 2225 3089 2281 caelestia
3121 2241 3338 2296 semper
3366 2226 3627 2297 inquirat.
3666 2226 3798 2282 Haec

2192 2317 2407 2372 vocavit
2461 2316 2529 2372 ad
2572 2331 2634 2371 se
2691 2316 2879 2392 Barac.
2940 2315 3112 2372 Porro
3167 2315 3339 2371 Barac
3393 2316 3793 2384 interpretatur

2192 2410 2506 2464 coruscatio.
2545 2409 2864 2465 Coruscatio
2900 2417 3083 2463 autem
3129 2408 3296 2463 habet
3324 2407 3540 2476 quidem
3586 2408 3794 2474 lucem,

2191 2502 2284 2558 sed
2313 2517 2419 2558 non
2450 2501 2652 2557 diutius
2685 2509 3134 2572 permanentem;
3167 2515 3290 2556 mox
3326 2501 3470 2555 enim
3503 2509 3562 2554 ut
3605 2501 3798 2556 lucere

2192 2592 2425 2663 incipit,
2472 2591 2618 2647 illico
2681 2591 2886 2646 deﬁcit.
2933 2591 3104 2645 Barac
3156 2589 3322 2658 igitur
3364 2589 3466 2644 iste
3506 2589 3792 2646 lsraelitici

2190 2682 2375 2754 populi
2411 2680 2637 2752 ﬁguram
2679 2689 2865 2736 tenet:
2905 2681 2996 2749 qui
3044 2681 3254 2751 primus
3283 2681 3519 2735 omnium
3548 2680 3788 2749 prephe-

2193 2775 2316 2830 ticis
2375 2773 2674 2828 instructus
2726 2771 2966 2828 oraculis
3023 2769 3418 2841 aliquantulum
3463 2769 3682 2840 quidem
3734 2771 3794 2825 in

2191 2877 2412 2936 accepta
2452 2865 2568 2936 lege
2604 2863 2834 2927 refulsit,
2871 2863 2964 2919 sed
3002 2863 3150 2918 brevi
3182 2871 3425 2932 tempore
3451 2863 3785 2917 coruscavit.

2189 2961 2247 3016 lu
2281 2958 2398 3026 lege
2427 2956 2647 3026 quippe,
2688 2955 2754 3008 de
2782 2970 2888 3024 qua
2933 2954 3137 3010 dictum
3167 2961 3253 3008 est
3287 2971 3300 3008 :
3333 2973 3351 3004 ι
3396 2952 3648 3007 Lucerna
3699 2968 3798 3022 pe-

2192 3051 2349 3109 dibus
2381 3049 2520 3103 meis
2546 3048 2772 3102 verbum
2797 3056 2976 3113 tuum,
2999 3045 3255 3110 Domine,
3287 3054 3344 3100 et
3367 3045 3549 3100 lumen
3579 3045 3797 3100 semitis

2191 3146 2325 3200 meis
2351 3143 2523 3216 (Psal.
2569 3145 2754 3214 cxvut)
2785 3185 2800 3210 ,
2855 3162 2874 3195 ›
2916 3143 3173 3212 antiquus
3207 3139 3298 3195 ille
3335 3138 3564 3209 pOpulus
3611 3137 3799 3192 lucere

2193 3239 2381 3308 coepit,
2413 3237 2504 3293 sed
2540 3237 2720 3291 desiit.
2769 3236 3068 3290 Coruscum
3116 3231 3269 3303 quasi
3320 3232 3479 3286 clara:
3515 3231 3642 3284 vita:
3671 3246 3799 3297 pro-

2199 3331 2339 3392 tulit,
2384 3328 2480 3382 sed
2526 3328 2578 3380 in
2615 3327 2809 3382 lucidis
2844 3326 3099 3394 operibus
3147 3339 3255 3378 non
3301 3321 3623 3392 permansit.
3660 3319 3797 3374 Nam

2198 3421 2324 3476 dum
2355 3419 2598 3473 dicerent
2631 3434 2645 3471 :
2680 3436 2698 3468 ι
2736 3416 2928 3473 Omnia
2978 3429 3098 3484 qua:
3140 3412 3456 3485 praeceperit
3500 3410 3661 3466 nobis
3693 3411 3797 3463 Do-

2197 3509 2378 3564 minus
2416 3517 2471 3564 ct
2505 3507 2788 3563 audiemus
2832 3515 2886 3562 et
2919 3505 3211 3569 faciemus,
3253 3522 3272 3555 ι
3319 3516 3449 3558 ecce
3493 3503 3654 3571 quasi
3698 3501 3790 3553 lux

2197 3600 2590 3658 coruscationis
2636 3607 2857 3663 exorta;
2909 3597 3004 3652 sed
3052 3595 3179 3651 dum
3227 3604 3448 3664 repente
3495 3601 3795 3647 curvarent

2196 3706 2370 3762 genua
2393 3696 2518 3744 ante
2531 3687 2678 3750 Baal,
2706 3701 2832 3742 ecce
2855 3684 3158 3740 coruscatio
3183 3683 3468 3739 videbatur
3493 3683 3790 3738 exstincta.

2195 3781 2341 3836 Dixit
2369 3795 2500 3851 ergo
2537 3779 2744 3833 Debora
2783 3776 2850 3832 ad
2886 3776 3057 3830 Barac
3102 3790 3116 3828 :
3162 3793 3180 3826 ι
3225 3772 3490 3842 Prtecepit
3532 3772 3630 3827 tibi
3684 3774 3794 3827 Do-

2194 3872 2375 3928 minus
2404 3870 2565 3925 lsrael
2589 3889 2602 3924 :
2630 3869 2779 3923 Tolle
2809 3877 2986 3923 tecum
3017 3867 3200 3921 decem
3233 3865 3398 3918 millia
3423 3873 3794 3935 pugnatorum

2193 3973 2247 4017 et
2273 3961 2409 4016 vade
2443 3962 2496 4015 itt
2526 3973 2760 4014 montem
2789 3958 3006 4013 Thabor
3033 3975 3046 4010 :
3075 3971 3175 4026 ego
3199 3964 3378 4008 autent
3405 3955 3672 4007 adducam
3723 3954 3790 4007 ad

2198 4062 2250 4108 te
2280 4052 2331 4106 in
2353 4051 2529 4105 locum
2561 4049 2814 4104 torrentis
2833 4048 2994 4103 Cison
3024 4046 3262 4102 Sisaram
3292 4044 3593 4115 principem
3626 4059 3787 4098 exer-

2193 4142 2333 4197 citus
2355 4141 2537 4206 Jabin,
2563 4150 2617 4194 et
2645 4153 2838 4195 currus
2865 4137 2981 4207 ejus
3006 4149 3332 4205 omnemque
3360 4133 3784 4198 multitudinem,

2192 4238 2511 4308 tradamque
2538 4252 2632 4292 eos
2659 4237 2712 4290 in
2751 4250 2911 4289 manu
2948 4245 3036 4288 tua
3075 4231 3224 4304 (Iud.
3255 4231 3352 4302 tv).
3377 4251 3395 4284 ι
3424 4230 3712 4300 Tanquam
3739 4230 3785 4284 si

2190 4342 2287 4398 per
2312 4325 2678 4396 propheticam
2702 4324 3002 4379 doctrinam
3025 4322 3191 4393 priori
3220 4320 3415 4391 populo
3436 4319 3582 4374 Deus
3607 4321 3782 4374 omni-

2193 4429 2384 4490 potens
2411 4419 2593 4472 dicat:
2632 4417 2828 4472 Decem
2857 4424 3120 4486 praeccpta
3155 4416 3289 4484 legis
3323 4430 3538 4469 assume
3570 4423 3626 4467 et
3669 4414 3782 4468 vir-

2193 4520 2367 4564 tutum
2412 4508 2624 4564 culmen
2657 4508 2910 4573 ascende,
2963 4509 3148 4575 sicque
3183 4507 3532 4575 reproborum
3581 4505 3783 4574 princi-

2190 4617 2310 4671 pem
2350 4617 2414 4656 ac
2461 4600 2625 4655 totius
2667 4598 2971 4669 iniquitatis
3020 4606 3322 4663 auctorem,
3363 4611 3450 4650 me
3498 4597 3592 4650 tibi
3640 4596 3783 4650 vires

2189 4690 2625 4756 administrante,
2654 4698 2958 4759 prosterno.
3255 4754 3257 4756 η

2263 4779 2374 4835 Nec
2401 4782 2835 4850 praetereundum
2864 4780 3004 4850 quod
3035 4779 3287 4850 princeps
3321 4777 3409 4832 ille
3448 4776 3655 4831 milititc
3698 4776 3779 4830 Si-

2191 4886 2334 4936 sara,
2366 4870 2455 4939 qui
2489 4869 2773 4940 perditioni
2802 4870 3060 4939 proxima:
3094 4877 3213 4923 erat
3241 4867 3528 4930 obnoxius,
3565 4866 3633 4919 ad
3663 4877 3777 4918 tor-

2190 4974 2401 5020 rentem
2428 4963 2590 5018 Cison
2617 4963 3036 5032 promittebatur
3062 4971 3220 5014 antea
3245 4959 3612 5013 deducendus.
3637 4956 3779 5024 Quid

2189 5056 2332 5110 enim
2384 5071 2482 5124 per
2520 5063 2817 5108 torrentem
2867 5052 3059 5116 Cison,
3118 5051 3221 5106 nisi
3269 5051 3572 5120 baptismus
3621 5049 3786 5104 debet

2190 5145 2465 5217 intelligi?
2519 5144 2654 5198 Nam
2709 5160 2831 5200 cum
2886 5142 3308 5198 catcclumenus
3360 5141 3576 5194 lavacro
3639 5139 3783 5194 sacri

2181 5236 2348 5294 fontis
2371 5237 2730 5308 immergitur,
2755 5245 3010 5304 tanquam
3034 5232 3218 5289 Sisara
3246 5250 3369 5288 cum
3395 5233 3784 5296 suocxercitu,

2183 5329 2262 5383 sic
2304 5329 2665 5398 nequissimus
2711 5325 2936 5397 spiritus
2965 5341 3088 5380 cum
3131 5325 3216 5379 his
3247 5340 3367 5395 qua:
3394 5325 3495 5379 sibi
3543 5324 3780 5378 militant

2182 5422 2330 5477 vitiis
2387 5423 2638 5476 onmibus
2686 5435 2910 5476 necesse
2967 5428 3051 5474 est
3103 5417 3421 5489 perimatur.
3472 5416 3779 5487 ReSpondit

2178 5523 2359 5570 autem
2399 5514 2570 5569 Barac
2617 5513 2685 5566 ad
2728 5513 2992 5568 Deboram
3041 5529 3052 5564 :
3107 5529 3126 5562 ‹
3158 5509 3217 5565 Si
3259 5509 3472 5565 veneris
3510 5523 3730 5562 mecum
3755 5547 3771 5570 ,

2183 5603 2415 5669 vadatn;
2449 5604 2491 5658 si
2524 5602 2764 5658 nolueris
2791 5601 2997 5665 venire,
3027 5615 3130 5655 non
3165 5614 3384 5670 pergam
3416 5596 3604 5666 (Ibid).
3645 5616 3663 5648 ι
3704 5599 3778 5650 Ac

2181 5694 2229 5749 si
2257 5695 2491 5750 carnalis
2536 5695 2624 5750 ille
2671 5693 2838 5750 lsrael
2874 5691 3174 5764 prophetia:
3219 5689 3588 5760 respondeat:
3636 5685 3776 5750 Nisi,

2171 5785 2324 5858 juxta
2361 5786 2571 5844 litteras
2602 5794 2655 5845 et
2686 5787 2839 5859 quasi
2893 5784 3190 5843 secundum
3239 5782 3558 5839 muliebrem
3609 5778 3773 5834 iutel~
