4052 6312
262 419 396 477 £081

1504 421 1572 478 ΙΝ
1623 423 1884 481 LIBRUM
1937 424 2256 482 JEDICUM.

3387 443 3526 498 1082

259 535 479 598 lectum,
519 538 573 586 te
604 545 814 588 mecum
860 545 1072 602 semper
1100 532 1367 598 habuero,
1417 534 1696 604 Spirituale
1725 552 1841 592 cer-
1866 545 1916 603 Α
1944 537 2150 598 littera.
2186 554 2305 604 quae
2334 538 2586 596 videlicet
2615 543 2793 598 crucis
2827 546 3080 616 exprimit
3106 551 3364 620 speciem,
3395 571 3524 609 cou-

261 636 442 680 tamcn
489 624 708 694 aggredi
754 639 861 679 non
914 639 1198 694 przcsumo.
1245 624 1342 680 Cui
1376 625 1624 681 Dehora:
1679 645 1697 679 ‹
1748 629 1840 684 lbo

258 711 474 784 quidem
517 721 714 779 tecum,
757 713 851 768 sed
902 714 998 768 tibi
1054 715 1280 769 victoria
1329 733 1432 770 non
1483 720 1840 788 reputabitur,

257 805 384 874 quia
429 804 485 859 in
533 819 753 858 manum
801 804 1040 859 mulieris
1091 807 1333 861 tradetur
1362 808 1779 880 Sisara(lbid.).
1815 828 1834 861 ι

255 895 417 948 Velut
458 894 511 964 si,
546 902 790 950 vetustus
828 895 917 950 ille
954 895 1182 966 populus
1227 899 1410 953 audiat
1441 917 1454 953 :
1490 900 1690 954 Tecum
1717 901 1840 970 qui-

253 986 376 1040 d..-m
407 986 513 1042 erit
555 987 813 1052 exterior,
845 995 904 1041 ut
931 987 1191 1056 postulas,
1221 989 1522 1059 prepbetia,
1556 992 1650 1045 sed
1684 991 1844 1061 spiri-

257 1078 454 1132 tualcm
485 1093 552 1131 ex
597 1077 820 1147 antiquo
863 1078 1018 1133 hoste
1060 1079 1412 1150 triumphum,
1465 1097 1568 1136 non
1621 1092 1697 1149 tu,
1747 1083 1841 1138 sed

254 1179 441 1224 sancta
505 1169 684 1238 potius
739 1170 1004 1225 obtinebit
1057 1170 1316 1227 Ecclesia.
1377 1174 1453 1227 llli
1516 1185 1704 1238 certe,
1766 1175 1840 1232 illi

251 1263 536 1332 proveniet
563 1263 687 1331 jure
738 1263 1003 1328 victoria,
1068 1280 1186 1334 qua:
1235 1266 1288 1319 in
1339 1265 1630 1339 Scriptura:
1683 1269 1842 1340 170

247 1353 562 1424 mysteriis,
615 1353 740 1407 dum
789 1353 1086 1422 spiritualis
1143 1355 1508 1426 intelligentia:
1550 1359 1839 1412 medullam

251 1447 478 1517 quierit,
527 1447 824 1501 occidentis
872 1447 1066 1501 littera:
1115 1448 1298 1519 paleas
1351 1465 1677 1521 magnopere
1732 1467 1838 1506 non

252 1545 503 1600 attendit.
531 1544 832 1599 Commisso
855 1543 1036 1612 itaque
1065 1544 1224 1610 bello,
1252 1548 1464 1600 tandem
1491 1545 1623 1616 fugit
1657 1546 1838 1603 Sisara

250 1633 306 1689 in
333 1634 550 1688 domum
576 1633 748 1699 Jahel,
778 1633 1092 1704 alienigena:
1130 1633 1380 1690 videlicet
1413 1635 1675 1691 mulieris.
1709 1637 1839 1704 Qua:

249 1722 496 1794 profecto
523 1723 726 1777 sitienti
749 1732 921 1778 utrem
955 1724 1109 1779 lactis
1136 1725 1350 1794 aperuit
1373 1735 1427 1779 et
1453 1735 1636 1795 potum
1661 1727 1838 1792 dedit;

251 1814 446 1868 deinde
473 1815 684 1868 clavum
718 1815 771 1868 in
803 1814 1085 1868 cerebrum
1115 1815 1232 1884 ejus
1268 1831 1365 1885 per
1393 1825 1602 1884 tempus
1632 1825 1837 1870 utrum-

1946 629 2182 684 tinetur?
2209 629 2307 685 Cui
2356 630 2600 700 profecto
2633 633 2826 690 littera:
2873 639 2916 692 si
2957 654 3121 710 super
3163 651 3525 700 transversam

1942 721 2142 776 lineam
2173 721 2224 776 id
2252 723 2543 778 adderetur
2568 728 2709 794 quod
2748 729 2800 781 in
2831 744 2990 784 cruce
3027 735 3276 802 superius
3301 737 3526 802 eminet,

1943 828 2051 867 non
2090 811 2202 880 jam
2232 814 2410 868 crucis
2440 816 2669 884 species,
2712 819 2804 872 sed
2831 821 3009 888 potius
3052 822 3164 892 ipsa
3195 840 3330 879 crux
3361 837 3525 882 esset.

1944 901 2080 968 Quia
2130 902 2294 972 igitur
2344 906 2803 960 trecentcnarimn
2855 925 3136 964 numerum
3181 911 3294 967 Tati
3345 913 3522 969 littera

1943 993 2208 1058 continet,
2241 1009 2360 1062 qua:
2388 993 2612 1064 figuram
2643 997 2819 1051 erucis
2847 999 3084 1062 exhibet,
3119 1017 3224 1056 non
3257 1003 3530 1059 immerito

1944 1080 1998 1134 in
2036 1080 2121 1134 his
2162 1082 2419 1135 trecentis
2462 1081 2770 1137 Gedeonem
2819 1087 3188 1155 sequentibus,
3234 1090 3307 1142 illi
3339 1107 3528 1148 omnes

1946 1171 2208 1238 designati
2236 1180 2361 1225 sunt
2396 1172 2593 1242 quibus
2621 1174 2854 1228 dicitur:
2893 1194 2912 1226 ι
2958 1175 3013 1230 Si
3043 1178 3164 1246 quis
3198 1180 3312 1234 vult
3342 1184 3528 1238 venire

1893 1266 1896 1269 ’
1944 1272 2065 1332 post
2092 1279 2199 1329 me,
2224 1264 2454 1334 abneget
2475 1265 2845 1333 semetipsum,
2870 1277 2924 1321 et
2952 1267 3101 1322 tollat
3127 1285 3343 1325 crucem
3373 1288 3526 1328 suam

1943 1353 2183 1423 quotidie
2223 1363 2279 1408 et
2306 1365 2563 1425 sequatur
2590 1357 2744 1426 171
2782 1374 2867 1412 me
2908 1357 3058 1428 (Luc.
3106 1360 3204 1431 1x).
3243 1379 3262 1412 ι
3298 1361 3397 1428 Qui
3441 1364 3527 1416 ni-

1943 1444 2142 1498 mirum
2191 1455 2480 1514 sequentes
2527 1446 2808 1500 Dominum
2871 1457 3022 1502 tanto
3077 1449 3257 1504 verius
3311 1465 3528 1505 crucem

1945 1533 2137 1587 tollunt
2163 1543 2365 1604 quanto
2401 1545 2456 1589 et
2491 1536 2589 1605 ipsi
2629 1538 2810 1590 acrius
2836 1535 3164 1608 afﬂiguntur,
3195 1547 3248 1593 et
3282 1554 3410 1611 erga
3439 1541 3532 1594 de-

1939 1621 2245 1693 linquentes
2287 1624 2564 1693 proximos
2607 1625 2689 1680 vel
2723 1635 2941 1696 egentes
2992 1627 3092 1697 pia:
3142 1630 3530 1698 compassionis

1942 1713 2644 1770 incendioconcremantur.
2664 1715 2815 1772 Unde
2829 1716 3274 1787 perEzechielem
3290 1720 3488 1776 dicitur
3512 1739 3526 1775 :

1949 1825 1968 1858 ι
2020 1809 2182 1879 Signa
2225 1809 2334 1862 Tau
2383 1825 2544 1879 super
2583 1809 2788 1864 frontes
2832 1811 3074 1865 vivorum
3108 1814 3435 1884 gementium
3472 1823 3528 1868 et

248 1920 356 1974 que
401 1904 608 1971 defixit,
640 1906 824 1976 sicque
871 1907 922 1960 in
955 1906 1189 1960 hominis
1237 1908 1418 1977 specie
1459 1923 1836 1976 pervcrsorum
1868 1917 1913 1976 Β
1945 1901 2239 1954 dolentium
2268 1917 2432 1970 super
2471 1903 2684 1957 cunctis
2707 1902 3218 1970 abominatiouibus,
3244 1922 3363 1976 qua:
3395 1905 3530 1960 fiunt

247 1995 530 2051 hominum
558 2007 719 2066 caput
757 1997 1026 2052 diabolum
1065 1999 1354 2054 interfecit.
1385 2000 1522 2066 Quid
1569 2000 1712 2054 enim
1743 1999 1833 2054 Ja-

247 2087 359 2154 hel,
395 2103 515 2156 qua:
551 2088 782 2141 ascensio
814 2088 1220 2158 interpretatur,
1271 2089 1374 2142 nisi
1408 2098 1648 2144 sanctam
1697 2089 1837 2143 desi-

245 2188 380 2248 gnat
404 2179 720 2245 Ecclesiam,
760 2195 856 2248 per
881 2194 1044 2249 quam
1076 2179 1321 2234 videlicet
1350 2179 1519 2234 solam
1559 2180 1836 2235 beatitudo

245 2275 486 2330 cmlestis
527 2274 881 2330 ascenditur?
927 2274 1079 2331 Unde
1106 2285 1161 2330 ct
1205 2275 1488 2347 Synagoga
1537 2275 1604 2330 de
1645 2275 1833 2332 eadem

245 2365 488 2421 Ecclesia
538 2367 668 2422 dicit
713 2366 768 2420 in
809 2365 1090 2422 Canticis:
1145 2384 1164 2418 ι
1223 2367 1352 2434 Qua:
1402 2376 1486 2422 est
1534 2367 1659 2432 ista,
1715 2383 1836 2438 qua:

245 2457 491 2512 ascendit
528 2457 593 2512 de
623 2457 856 2523 deserto,
900 2457 1109 2513 deliciis
1158 2457 1396 2520 allluens,
1440 2459 1623 2512 innixa
1672 2459 1836 2528 super

244 2545 502 2602 dilectum
530 2549 723 2602 suum?
745 2569 762 2599 ι
799 2548 974 2619 (Cant.
1001 2551 1137 2618 vm.)
1164 2549 1287 2604 llaec
1309 2549 1501 2603 mulier
1530 2550 1832 2620 alienigena

244 2639 368 2702 fuit,
408 2639 533 2707 quia
583 2650 769 2694 sancta
801 2641 1038 2695 Ecclesia
1081 2641 1148 2695 de
1194 2640 1494 2712 gentilitate
1540 2640 1828 2710 processit.

245 2733 372 2787 Haec
398 2732 762 2786 ist‘aclitarutn
796 2734 1001 2787 hostem
1037 2734 1185 2803 prius
1221 2733 1356 2788 lacte
1388 2734 1610 2803 potavit,
1641 2744 1828 2803 postea

241 2821 412 2891 pilum
454 2823 616 2892 capiti
648 2823 763 2892 ejus
812 2823 1003 2886 infixit,
1037 2822 1162 2892 quia
1206 2823 1425 2876 humani
1470 2825 1684 2892 generis
1730 2824 1835 2877 ini-

244 2911 466 2974 micum,
505 2927 666 2981 quem
716 2922 900 2966 sancta
934 2912 1086 2981 prius
1138 2911 1376 2966 Ecclesia
1421 2913 1712 2967 carnaliter
1754 2915 1834 2968 vi-

240 3004 422 3057 vendo
448 3003 688 3068 lactavit,
720 3005 1060 3073 postmodum
1091 3003 1438 3072 spiritualiter
1460 3005 1833 3060 convcrsando

240 3094 476 3163 quodam
502 3093 747 3147 acumine
765 3107 825 3146 ac
844 3093 1041 3146 virtute
1055 3093 1231 3148 crucis
1253 3092 1531 3147 exstinxit.
1550 3091 1663 3146 Nisi
1685 3094 1830 3148 enim

239 3183 562 3238 insatiabilis
615 3183 883 3238 homicida
935 3183 1290 3253 perditionem
1343 3183 1561 3237 humani
1617 3185 1832 3254 generis

1940 1989 1993 2042 in
2029 1990 2208 2043 medio
2236 1988 2572 2044 Hierusalem
2613 1991 2825 2063 (Ezech.
2861 1994 2958 2065 ix).
3001 2014 3019 2046 ›
3051 1993 3144 2050 Vel
3174 2006 3320 2051 certe
3360 1997 3411 2050 in
3445 1996 3531 2051 his

1937 2081 2222 2145 trecentis,
2266 2082 2355 2151 qui
2403 2079 2515 2135 Tau
2553 2082 2730 2138 littera
2757 2085 3125 2151 continentur,
3150 2088 3251 2141 hoc
3273 2089 3530 2158 exprimi-

1937 2181 2048 2240 tur,
2075 2174 2216 2244 quod
2246 2173 2448 2229 ferrum
2475 2177 2711 2231 hostium
2754 2179 2931 2233 crucis
2969 2178 3114 2250 ligno
3141 2191 3444 2250 superetur.

2544 2267 2772 2324 CAPUT
2825 2269 2914 2324 IV.

2240 2357 2311 2413 In
2341 2375 2579 2413 sermone
2608 2359 2672 2413 de
2695 2361 2889 2414 sanctis
2913 2361 3214 2430 virginibus.

2012 2469 2034 2504 ι
2067 2451 2202 2508 Cum
2243 2451 2460 2508 Gedeon
2496 2453 2836 2508 auscultandi
2873 2455 3046 2524 gratia
3088 2455 3154 2508 ad
3196 2463 3374 2509 castra
3411 2453 3526 2508 Ma-

1937 2544 2096 2608 dian,
2156 2543 2386 2600 Domino
2454 2546 2829 2616 praecipiente.
2901 2547 3182 2618 dirigitur,
3239 2547 3529 2602 Madianita

1937 2635 2225 2704 quispiam,
2256 2637 2394 2690 alter
2423 2637 2489 2690 ad
2517 2636 2750 2692 alterum
2778 2637 2978 2692 vidisse
3012 2653 3070 2692 se
3101 2638 3368 2692 somnium
3397 2654 3528 2693 con-

1938 2711 2142 2780 litetur.
2183 2727 2498 2793 Videbatur,
2543 2728 2736 2799 inquit,
2767 2730 2897 2784 mihi
2941 2730 3094 2799 quasi
3139 2729 3529 2784 subcincricius

1936 2820 2094 2888 panis
2114 2835 2178 2872 ex
2199 2819 2400 2873 hordeo
2417 2820 2557 2874 volvi
2579 2831 2633 2874 ct
2655 2821 2708 2874 in
2733 2829 2909 2874 castra
2931 2821 3140 2874 Madian
3166 2820 3521 2882 descendere;

1935 2925 2168 2980 cumque
2198 2912 2536 2981 pervenisset
2557 2913 2624 2966 ad
2659 2912 3086 2976 tabernaculum,
3110 2913 3375 2982 percussit
3401 2911 3527 2965 illud

1935 3013 2096 3074 atque
2117 3004 2404 3069 subvertit,
2432 3015 2486 3060 et
2511 3014 2651 3060 terra
2676 3005 2918 3061 funditus
2941 3004 3258 3075 comquavit.
3287 3003 3526 3072 Respon—

1935 3096 2013 3150 dit
2051 3097 2266 3152 auditor
2295 3117 2307 3152 :
2331 3097 2448 3153 Non
2473 3109 2557 3154 est
2579 3100 2680 3154 hoc
2705 3099 2851 3153 aliud
2876 3099 2977 3153 nisi
3005 3097 3215 3166 gladius
3252 3095 3518 3150 Gedeonis

1937 3187 2029 3240 filii
2057 3187 2184 3244 Joas
2231 3189 2331 3242 viri
2377 3189 2630 3244 Israelita:
2663 3209 2676 3244 :
2707 3191 2927 3243 tradidit
2977 3190 3125 3243 enim
3170 3187 3429 3242 Domintts
3468 3186 3521 3239 in

241 3275 548 3345 inexplebili
599 3290 820 3345 prorsus
868 3275 1123 3329 aviditate
1170 3275 1373 3340 sitiret,
1428 3275 1494 3330 de
1545 3275 1636 3330 illo
1678 3287 1825 3332 certe
1853 3292 1900 3355 ρ
1937 3293 2126 3332 manus
2167 3279 2283 3350 ejus
2307 3279 2517 3334 Madiau
2567 3281 2820 3335 ctonmia
2844 3289 3021 3335 castra
3045 3277 3331 3349 (ἡμέρωι.
3364 3278 3518 3345 vn).o

243 3368 524 3436 Scriptura
552 3384 656 3423 non
679 3369 879 3423 diceret
904 3386 918 3422 :
949 3387 967 3420 (
997 3368 1321 3423 Absorbebit
1349 3369 1595 3436 fluvium,
1634 3380 1687 3424 et
1716 3387 1822 3426 non

239 3464 561 3530 mirabitur;
601 3474 656 3519 et
687 3467 848 3519 habet
896 3464 1143 3518 fiduciam
1181 3464 1324 3533 quod
1356 3463 1544 3519 influat
1573 3465 1828 3521 Jordanis

238 3556 293 3610 in
324 3570 385 3610 os
419 3553 535 3624 ejus
566 3555 686 3626 (Job
716 3555 826 3624 xc).
864 3574 881 3605 ι
903 3554 1009 3609 Lac
1035 3569 1160 3608 vero
1185 3553 1392 3608 fructus
1419 3563 1504 3608 est
1531 3555 1738 3621 carnis,
1771 3565 1828 3611 et

242 3648 607 3704 blandimenta
647 3649 882 3703 carnalis
915 3649 1186 3719 significat
1227 3648 1536 3716 voluptatis.
1577 3649 1824 3714 Quaudiu

240 3756 373 3811 ergo
403 3741 617 3812 gentilis
643 3740 1041 3810 populusjuxta
1073 3741 1244 3810 legem
1290 3742 1471 3795 carnis
1507 3741 1827 3809 \uluptuose

240 3834 394 3897 vixit,
440 3842 693 3902 tanquam
736 3832 838 3897 lac,
878 3833 948 3884 ita
995 3832 1116 3884 vine
1146 3845 1255 3883 sua:
1298 3830 1575 3884 mollitiem
1619 3831 1823 3885 sitienti

239 3933 470 3978 mortem
510 3933 750 3978 nostram
789 3921 1004 3976 diabolo
1045 3919 1370 3991 prepinavit.
1422 3921 1488 3972 At
1535 3929 1819 3989 postquam

237 4015 338 4070 6th
381 4014 602 4085 spiritus
637 4029 695 4068 se
738 4012 1016 4080 disciplina
1055 4009 1401 4073 constrinxit,
1448 4009 1662 4064 invictae
1697 4023 1824 4062 mox

235 4106 415 4162 crucis
453 4121 601 4161 arma
639 4105 922 4173 corripuit,
976 4104 1292 4170 hostemque
1335 4100 1528 4155 salutis
1550 4099 1817 4160 humanm,

235 4214 397 4269 quem
429 4198 626 4252 dudum
661 4195 946 4264 voluptatis
975 4193 1115 4249 lacte
1143 4200 1445 4263 potaverat,
1477 4206 1618 4244 nunc
1649 4190 1824 4258 poeni-

238 4289 418 4342 tentia:
445 4288 648 4340 munita
686 4285 958 4356 pra-sidio,
993 4285 1138 4354 ligno
1179 4282 1468 4336 transfixit.
1495 4282 1588 4335 Sic
1635 4282 1820 4349 itaque

233 4395 394 4450 quem
422 4378 714 4434 Israelitica
739 4377 888 4448 plebs
911 4390 1166 4445 superare
1189 4390 1292 4428 non
1319 4373 1512 4444 potuit,
1535 4373 1819 4442 peregrina

233 4471 452 4537 mulier,
489 4473 593 4526 hoc
635 4479 720 4526 est
749 4470 966 4542 gentilis
994 4467 1263 4532 Ecclesia,
1310 4467 1426 4523 solo
1459 4467 1639 4522 crucis
1669 4465 1820 4537 signo

232 4561 549 4630 prostravit.

853 4649 1081 4705 CAPUT
1121 4648 1207 4702 ΙΙΙ.

479 4742 544 4796 In
583 4759 819 4796 sermone
845 4745 909 4795 de
939 4741 1254 4795 exultatione
1283 4739 1344 4794 S.
1387 4739 1575 4793 crucis.

306 4833 418 4888 lloc
448 4835 626 4888 crucis
654 4848 845 4903 nempe
867 4832 1116 4888 vexillum
1145 4831 1432 4886 etGedeon
1464 4831 1564 4885 sibi
1603 4829 1821 4900 suisque

231 4921 691 4978 commilitonibus
744 4922 915 4994 typice
963 4921 1220 4990 protulit,
1295 4919 1387 4990 qui
1436 4929 1622 4974 contra
1676 4938 1821 4974 arma

231 5029 382 5066 arma
415 5013 673 5076 deseruit,
709 5011 930 5065 inermis
967 5020 1204 5064 armatos
1233 5010 1431 5064 invasit
1456 5020 1509 5064 ct
1539 5011 1604 5063 ad
1638 5010 1822 5063 debel-

231 5102 452 5156 landum
485 5102 900 5156 llladiauitarum
930 5100 1344 5159 multitudinem,
1389 5100 1610 5153 dimissa
1643 5099 1822 5152 multi-

229 5195 439 5258 tudine,
473 5209 592 5248 cum
624 5193 812 5263 paucis
841 5193 1003 5246 venit.
1053 5191 1243 5244 Divina
1276 5190 1540 5260 siquidem
1584 5191 1684 5243 sibi
1731 5189 1824 5242 ad-

229 5287 530 5341 monitione
555 5296 883 5355 prmceptum
929 5293 1012 5339 est
1040 5282 1202 5354 (Iud.
1248 5284 1360 5352 vn)
1406 5290 1464 5334 ut
1509 5283 1574 5335 ad
1604 5280 1823 5334 fluvium

228 5378 454 5432 veniens
495 5393 712 5440 omnes,
753 5392 888 5446 quos
927 5374 1078 5429 flexis
1121 5374 1348 5443 genibus
1395 5387 1562 5440 aquas
1607 5371 1824 5424 haurire

228 5468 592 5538 conspiceret,
623 5483 652 5520 a
700 5467 965 5521 bellorum
1003 5461 1477 5534 congressionibus
1527 5468 1822 5513 amoveret.

227 5557 560 5628 Factumque
583 5569 664 5613 est
689 5569 742 5612 et
768 5556 992 5611 trecenti
1018 5557 1118 5610 viri
1145 5553 1536 5619 tantummodo,
1562 5552 1653 5621 qui
1675 5561 1826 5606 stan-

232 5659 314 5700 tes
346 5651 589 5702 inauibus
612 5664 780 5716 aquas
804 5649 1114 5711 hauserunt,
1153 5655 1546 5700 remanserunt.
1573 5645 1712 5711 Quid
1741 5653 1825 5699 est

228 5751 408 5794 autem
451 5741 591 5811 quod
640 5741 875 5806 cheon,
921 5741 1176 5794 trecentis
1215 5748 1502 5794 contentus
1537 5739 1817 5804 militibus,

227 5831 296 5886 ad
324 5831 458 5886 bella
504 5835 864 5904 progreditur,
899 5831 998 5886 nisi
1030 5831 1155 5902 quia
1193 5833 1276 5886 hic
1325 5846 1585 5885 numerus
1615 5831 1664 5884 in
1703 5830 1817 5884 Tau

1935 3369 2039 3424 Per
2065 3371 2437 3442 Gedeon,qui,
2466 3391 2570 3428 non
2599 3375 2880 3439 circuitus,
2908 3375 3000 3430 sed
3025 3375 3277 3427 circuiens
3303 3374 3354 3426 in
3380 3383 3525 3426 utero

1935 3462 2156 3533 dicitur,
2206 3465 2294 3519 ille
2341 3465 2536 3520 merito
2583 3466 2899 3536 designatur
2943 3468 3054 3536 qui,
3103 3466 3228 3520 dum
3277 3463 3525 3534 virginali

1935 3554 2279 3609 clauderetur
2316 3557 2368 3610 in
2417 3556 2572 3622 alvo,
2623 3566 2789 3611 totam
2837 3558 3018 3610 mundi
3069 3555 3374 3610 machinam
3425 3568 3525 3608 suo

1934 3645 2306 3698 circumdabat
2337 3661 2400 3700 ac
2425 3646 2746 3714 disponebat
2778 3647 3021 3716 imperio.
3052 3645 3154 3700 Per
3184 3645 3394 3699 Madian
3426 3659 3524 3697 au-

1935 3750 2062 3804 tem,
2093 3741 2181 3810 qui
2216 3742 2279 3795 de
2320 3741 2526 3810 judicio
2568 3743 2977 3812 interpretatur,
3021 3740 3248 3810 populus
3293 3737 3526 3793 infidelis

1932 3831 2216 3900 accipitur,
2245 3832 2311 3886 de
2338 3847 2446 3901 quo
2470 3833 2730 3886 Dominus
2756 3833 2862 3885 ait:
2894 3851 2910 3882 ι
2944 3831 3042 3898 Qui
3063 3847 3166 3885 non
3191 3831 3384 3894 credit,
3409 3827 3522 3897 jam

1924 3918 2202 3987 judicatus
2231 3929 2314 3973 est
2339 3919 2520 3989 (Joau.
2543 3927 2646 3990 tu).
2669 3921 2874 3974 »Ροιτο
2901 3931 3080 3972 autem
3110 3933 3277 3985 usque
3308 3919 3374 3970 ad
3403 3915 3525 3971 Sal-

1934 4014 2134 4065 vatoris
2155 4014 2465 4075 adventum,
2491 4029 2638 4066 more
2663 4013 2868 4075 hordei,
2889 4011 2988 4065 sub
3009 4011 3173 4080 paleis
3196 4010 3518 4075 litterarum,

1929 4112 1983 4156 et
2031 4103 2163 4172 legis
2201 4111 2468 4172 praecepta
2503 4113 2560 4156 et
2600 4104 2982 4172 prophetarum
3027 4101 3346 4171 tegebantur
3392 4114 3518 4152 ora-

1929 4193 2090 4258 cula;
2129 4194 2224 4246 sed
2272 4203 2558 4262 postquam
2602 4193 2691 4248 ille
2736 4192 2958 4246 veniens
2986 4208 3151 4262 panes
3192 4190 3521 4244 hordeaceus

1929 4287 2113 4355 fregit,
2144 4285 2400 4354 deditque
2433 4285 2710 4355 discipulis
2741 4295 2800 4340 ut
2830 4285 3002 4339 turbis
3031 4291 3388 4354 apponerent.
3413 4282 3522 4337 Cu-

1923 4377 2011 4448 jus
2036 4378 2201 4432 etiam
2225 4378 2406 4447 operis
2433 4379 2699 4446 expositio
2721 4387 2802 4433 est
2825 4379 2966 4448 quod
2997 4376 3322 4446 evangelista
3353 4375 3515 4430 dicit:

1927 4470 2183 4539 quoniam
2245 4486 2264 4518 ι
2326 4469 2539 4537 aperuit
2603 4467 2708 4522 illis
2765 4483 2983 4522 sensum
3041 4477 3100 4521 ut
3159 4466 3521 4536 intelligerent

1929 4559 2240 4628 Scripturas
2268 4556 2419 4628 (Luc.
2451 4557 2651 4627 χκιγ),ι
2677 4557 2790 4626 jam
2823 4575 2886 4614 ex
2917 4559 3141 4622 hordeo,
3176 4559 3317 4628 quod
3347 4558 3521 4612 brutis

1849 4643 1902 4706 Ι)
1929 4651 2211 4706 videbatur
2249 4651 2574 4707 animalibus
2605 4666 2926 4722 congruere,
2975 4667 3168 4722 panem
3218 4651 3397 4705 facere
3437 4650 3519 4703 di-

1926 4754 2121 4815 gnatus
2163 4753 2248 4799 est
2303 4745 2627 4820 animarum.
2686 4746 2836 4799 Sicut
2873 4745 3016 4798 enim
3067 4743 3326 4797 hordeum
3378 4743 3521 4796 inter

1927 4836 2125 4890 molam
2159 4845 2444 4905 utramque
2471 4836 2770 4889 conteritur
2795 4875 2809 4900 ,
2854 4845 2910 4888 ut
2953 4851 2983 4888 a
3035 4834 3220 4887 farina:
3251 4833 3518 4898 farragine

1927 4927 2246 4981 cantabrum
2299 4936 2649 4990 secernatur;
2709 4926 2780 4978 ita
2825 4925 2974 4979 velut
3019 4926 3160 4978 inter
3202 4926 3354 4988 duos,
3387 4923 3519 4992 legis

1927 5017 2136 5071 scilicet
2191 5026 2248 5072 et
2292 5017 2585 5086 Evangelii,
2623 5015 2828 5084 lapides
2873 5025 3073 5070 saneta:
3118 5013 3374 5068 Ecclesia:
3420 5014 3518 5066 do-

1928 5110 2101 5163 ctrina
2148 5109 2514 5172 commolitur,
2547 5116 2605 5160 ut
2648 5107 2841 5160 littera:
2882 5106 3199 5176 superficies
3248 5121 3278 5157 a
3313 5102 3531 5187 medulo;

1927 5202 2068 5257 libus
2097 5202 2320 5272 spiritus
2349 5202 2710 5256 discernatur.
2746 5199 2852 5254 Sed
2885 5209 2944 5252 ut
2991 5199 3044 5252 in
3081 5199 3166 5252 his
3200 5197 3378 5252 verbis
3407 5212 3513 5250 non

1928 5293 2129 5347 diutius
2171 5295 2542 5358 immorentur,
2576 5293 2691 5346 lucc
2739 5291 2927 5346 hordei
2963 5289 3138 5344 farina
3175 5289 3314 5343 sacri
3339 5289 3514 5357 bapti-

1928 5384 2118 5437 smatis
2146 5399 2282 5451 aqua
2313 5397 2628 5452 conspersa,
2664 5383 2777 5436 sive
2820 5380 3070 5445 conﬂata,
3097 5388 3151 5435 et
3180 5381 3349 5435 sancti
3388 5380 3512 5448 Spi-

1928 5475 2064 5529 ritus
2105 5473 2226 5543 iguc
2271 5485 2520 5541 percocta
2551 5474 2610 5527 fit
2655 5473 2846 5544 panis;
2889 5475 2979 5542 qui
3017 5471 3265 5527 videlicet
3302 5471 3512 5524 Madian

1926 5573 2104 5620 castra
2146 5562 2428 5628 subvertit,
2458 5564 2582 5632 quia
2626 5573 2849 5618 cunctas
2892 5562 3188 5617 infidelium
3232 5561 3512 5615 machinas

1925 5651 2180 5708 destruit.
2219 5651 2317 5706 llic
2346 5653 2519 5720 panis,
2541 5653 2694 5722 juxta
2721 5652 2834 5707 veri
2863 5652 3004 5705 illius
3033 5649 3345 5720 interpretis
3374 5663 3509 5702 con-

1918 5743 2206 5814 jecturam,
2235 5740 2504 5796 Gedeonis
2536 5751 2618 5796 est
2645 5741 2872 5813 gladius,
2902 5743 3025 5813 quia
3055 5741 3197 5794 sicut
3222 5736 3510 5807 Apostolus

1923 5834 2035 5888 ait:
2075 5853 2092 5888 t
2126 5831 2347 5888 Gladius
2371 5832 2591 5902 spiritus
2622 5843 2703 5889 est
2737 5833 2958 5889 verbum
2988 5831 3078 5887 Dei
3108 5827 3318 5900 (Ep/tes.
3354 5841 3450 5899 Vl).
3484 5843 3504 5874 ι
