4052 6312
535 340 556 394 1
570 340 677 398 085

1440 342 1943 399 COLLECTANEA
1982 344 2047 398 IN
2088 344 2318 401 VETUS
2356 342 2898 400 TESTAHENTUM.

3668 337 3800 392 1061

530 430 645 487 Iloc
678 431 850 487 sancti
878 430 1111 502 Spiritus
1144 431 1323 502 gladio
1358 447 1454 488 rex
1484 435 1821 488 exercituum
1862 434 2111 490 Christus
2138 439 2186 496 Α
2215 448 2320 504 quo
2345 442 2462 489 erat
2486 434 2599 503 ipse
2622 432 2917 489 venturus?
2948 450 2967 485 ι
3004 430 3155 504 (Luc.
3182 431 3265 501 ι.)
3293 430 3391 486 llic
3412 431 3580 486 etiam
3606 430 3804 499 pra-di-

525 536 655 577 Suos
682 531 858 576 armat
891 522 1117 586 milites;
1145 522 1249 576 hoc
1278 522 1441 576 etiam
1472 537 1596 577 snas
1626 523 1907 593 praecingit
1934 540 1997 578 ac
2029 538 2116 579 τοι

518 611 686 666 borat
723 611 1047 668 bellatrices.
1080 614 1161 671 Ex
1194 623 1427 684 utroque
1456 615 1720 684 siquidem
1749 630 1879 670 sexu
1908 615 2115 671 militia:

525 717 638 756 sua:
668 718 871 759 cuneos
903 704 1121 758 instruit
1167 706 1421 774 aciesque
1461 706 1758 774 componit,
1803 706 1928 776 quia
1967 706 2113 761 viros

524 809 592 849 ac
643 792 873 851 feminas
923 797 989 850 ad
1032 797 1314 869 praemium
1352 798 1498 852 beati
1547 798 1859 854 certaminis
1902 798 2116 856 indill'e-

525 894 711 941 renter
736 887 991 942 admittit.

1059 978 1216 1049 172
1261 977 1490 1035 CAPUT
1530 978 1594 1033 v.

910 1067 979 1123 In
1006 1087 1243 1125 sermone
1266 1071 1330 1124 de
1365 1069 1420 1127 S.
1459 1071 1729 1126 Matt/ram.

599 1179 619 1211 ε
660 1158 869 1224 Nonne,
928 1178 946 1210 ι
980 1159 1153 1228 inquit
1188 1159 1432 1226 Gedeon,
1469 1180 1487 1212 ι
1528 1161 1720 1219 melius
1754 1170 1837 1215 est
1866 1175 2118 1217 racemus

524 1250 784 1322 Ephraim
815 1252 1102 1308 vindemiis
1136 1253 1399 1309 Abiezer?
1433 1276 1452 1308 ι
1490 1255 1639 1325 (Iud.
1664 1256 1805 1328 vm.)
1828 1254 1962 1310 Nam
1989 1257 2117 1327 quia

526 1345 811 1417 Ephraim,
856 1345 998 1415 quod
1039 1345 1413 1415 fecunditatem
1461 1357 1637 1412 sonat,
1683 1347 1984 1402 Eeclesiam
2029 1364 2120 1403 ex-

525 1436 734 1507 primit,
770 1434 898 1506 quid
922 1440 1320 1507 periracemum
1350 1423 1630 1507 Ephraim,
1664 1439 1767 1493 nisi
1800 1438 2124 1508 Christum}

527 1527 657 1595 quid
686 1542 783 1597 per
808 1528 1110 1584 vindemias
1134 1528 1387 1595 Abiezer,
1422 1529 1524 1584 nisi
1554 1530 1898 1585 Judaicorum
1932 1530 2119 1584 multi-

530 1626 583 1671 tu
608 1617 768 1673 linem
797 1619 1173 1685 sacerdotum;
1207 1619 1323 1674 sive
1358 1620 1521 1674 etiam
1549 1635 1646 1690 per
1670 1636 1967 1684 racemum,
1994 1634 2121 1690 par-

526 1723 626 1763 vus
657 1707 893 1763 tidelium
939 1725 1198 1764 numerus
1240 1710 1530 1781 primitivac
1572 1710 1848 1774 Ecclesiae,
1876 1725 1972 1780 per
2001 1710 2121 1764 vin-

2215 523 2454 579 cantium
2506 522 2640 577 ordo
2680 524 2791 594 jam
2839 521 3175 594 figurabatur
3218 524 3271 576 in
3317 521 3441 585 illis,
3488 521 3555 574 de
3602 519 3803 589 quibus

2215 615 2282 670 ad
2328 615 2544 687 Moysen
2579 615 2841 671 Dominus
2872 615 2986 669 ait:
3024 632 3043 665 ι
3081 607 3357 685 Congrega
3407 612 3536 668 mihi
3580 622 3803 682 septua-

2215 706 2363 776 ginta
2403 707 2549 763 viros
2584 707 2651 763 de
2679 708 2987 763 senioribus
3014 705 3199 770 Israel,
3231 720 3367 775 quos
3395 717 3450 758 tu
3480 705 3621 759 nosti
3659 702 3804 773 quod

2216 814 2377 854 senes
2399 798 2578 869 populi
2610 800 2720 854 sint
2739 807 2795 853 et
2821 798 3086 869 magistri,
3115 806 3172 853 et
3201 798 3367 852 duces
3390 811 3486 851 eos
3504 796 3573 850 ad
3598 796 3807 851 ostium

2220 888 2376 959 173
2408 887 2741 943 tabernaculi
2767 886 2984 943 foederis
3012 885 3201 955 (Nunt.
3227 887 3326 959 ιι).
3348 905 3368 936 ι
3387 884 3523 952 Quid
3552 899 3687 938 vero
3707 898 3809 953 per

2215 980 2551 1047 Abimelech,
2580 983 2670 1052 qui
2701 998 2887 1038 eorum
2923 982 3096 1038 frater
3118 991 3258 1047 erat,
3292 983 3386 1037 sed
3411 981 3664 1050 spurius,
3698 979 3811 1034 nisi

2215 1072 2479 1129 luxuriosi
2504 1083 2670 1144 atque
2694 1075 2942 1129 carnales
2969 1074 3299 1146 intelligendi
3329 1083 3457 1128 sunt
3479 1072 3690 1137 clerici,
3711 1073 3807 1142 qui

2216 1163 2613 1220 catholicorum
2664 1172 3088 1232 sanctorumque
3133 1162 3448 1232 pontiﬁcum
3497 1171 3555 1217 et
3602 1161 3809 1215 fratres

2217 1256 2434 1327 quidem
2468 1264 2593 1311 sunt
2625 1270 2719 1326 per
2757 1266 3036 1327 acceptum
3067 1255 3492 1311 ecclesiasticum
3528 1254 3811 1319 ordinem,

2218 1356 2275 1401 et
2296 1357 2474 1402 tamen
2500 1348 2668 1416 spurii
2683 1346 2995 1414 judicantur
3014 1362 3110 1415 per
3129 1346 3414 1417 degeneris
3435 1346 3558 1401 vita
3578 1354 3636 1400 et
3658 1346 3814 1415 ignoo

2216 1438 2405 1494 bilium
2428 1453 2652 1509 Operum
2678 1439 3037 1510 pravitatem?
3066 1439 3127 1493 lli
3155 1440 3352 1496 fratres
3374 1456 3501 1495 suos
3530 1440 3813 1499 oecidunt.

2220 1545 2342 1585 cum
2379 1540 2694 1586 sanctorum
2727 1529 2948 1584 Patrum
2973 1530 3174 1600 judicia
3204 1531 3504 1593 destruunt,
3536 1546 3662 1583 cum
3686 1547 3814 1585 san-

2220 1620 2429 1676 ctiones
2469 1635 2656 1676 eorum
2692 1629 2856 1690 atque
2881 1622 3096 1676 decreta
3126 1636 3382 1690 perverse
3417 1620 3649 1674 vivendo
3684 1636 3813 1673 con-

2222 1711 2469 1770 fundunt.
2498 1713 2562 1768 Et
2598 1714 2712 1768 ha>c
2743 1711 3048 1768 interfectio
3079 1713 3137 1766 fit
3163 1727 3324 1781 super
3351 1712 3581 1782 lapidem
3617 1727 3810 1764 unum.

528 1798 762 1854 demiam
803 1815 934 1856 vero
951 1791 1248 1857 multitudo
1275 1801 1619 1871 intelligenda
1659 1811 1744 1857 est
1779 1801 2119 1872 Synagoga}?
2148 1804 2195 1864 B
2222 1804 2383 1875 Lapis
2409 1805 2513 1860 iste
2540 1803 2836 1859 Salvatoris
2862 1812 2945 1859 est
2968 1803 3237 1868 Ecclesia,
3260 1802 3327 1858 de
3351 1818 3455 1872 qua
3480 1817 3580 1872 per
3601 1801 3815 1856 Zacha-

526 1887 716 1944 Melior
734 1900 819 1945 est
848 1907 975 1962 ergo
999 1907 1249 1948 racemus
1271 1893 1527 1962 prraim
1544 1892 1829 1949 vindemiis
1848 1892 2114 1961 Abiezer;

528 1980 655 2044 quia
687 1980 897 2036 beatior
940 1981 1044 2036 fuit
1072 1983 1346 2053 primitiva
1387 1983 1652 2050 Ecclesia,
1697 1999 1817 2053 quae
1842 1999 2013 2053 usque
2061 1983 2118 2039 in

526 2068 691 2125 ﬁnem
721 2072 903 2126 szeeuli
941 2074 1335 2129 renascentium
1365 2075 1548 2130 sobole
1573 2075 1925 2141 fecundatur;
1956 2090 2118 2144 quam

530 2162 833 2235 Synagoga,
872 2182 993 2237 quae
1037 2167 1296 2236 paulatim
1342 2168 1581 2237 quotidie
1611 2166 1885 2224 defectura
1923 2168 2121 2226 minui-

528 2264 639 2309 tur.
688 2254 841 2312 Unde
872 2265 926 2311 et
963 2272 1060 2327 per
1095 2259 1285 2313 Isaiam
1316 2260 1551 2314 dicitur:
1581 2278 1600 2311 ι
1641 2258 1850 2325 Lauda,
1893 2258 2116 2323 sterilia,

530 2362 653 2415 qua:
679 2363 783 2402 non
815 2349 995 2420 paris;
1030 2352 1255 2406 decanta
1283 2352 1496 2408 laudem
1516 2364 1570 2408 et
1593 2355 1844 2425 hymnos,
1870 2369 1989 2424 qua:
2011 2368 2118 2409 non

529 2436 799 2506 pariebas,
831 2439 1086 2507 quoniam
1138 2441 1290 2496 multi
1328 2441 1421 2497 lilii
1464 2443 1694 2512 deserta:
1741 2446 1916 2516 magis
1956 2460 2118 2514 quam

530 2527 647 2597 (jus
676 2544 796 2597 qua:
826 2531 990 2584 habet
1030 2531 1236 2598 virum;
1275 2534 1438 2587 dilata
1487 2533 1665 2589 locum
1696 2535 1911 2590 tentorii
1955 2534 2032 2590 tui
2068 2542 2124 2591 et

530 2617 700 2686 pelles
744 2620 1214 2677 tabernaculorum
1248 2632 1462 2678 tuorum
1491 2625 1755 2696 extende;
1790 2639 1860 2679 ne
1902 2638 2118 2693 parcas,

531 2706 722 2779 longos
752 2708 840 2764 fac
881 2709 1147 2767 funiculos
1179 2722 1300 2769 tuos
1329 2723 1385 2769 et
1418 2714 1601 2770 clavos
1637 2723 1758 2772 tuos
1798 2715 2116 2782 consolida;

530 2797 598 2849 ad
642 2796 920 2854 dexteram
952 2802 1098 2856 enim
1129 2812 1186 2857 et
1217 2805 1284 2858 ad
1328 2805 1515 2859 laevam
1549 2806 1879 2876 penetrabis,
1927 2815 1983 2861 et
2028 2820 2119 2861 se-

533 2900 656 2939 men
682 2894 828 2941 tuum
871 2898 1059 2960 gentes
1085 2894 1427 2949 ὶιωτεάὶιειιλίι
1453 2896 1590 2967 (Ira.
1612 2896 1743 2968 LW).
1776 2916 1795 2948 ι
1822 2896 1946 2952 Hec
1966 2911 2120 2964 sane,

529 2976 685 3048 cujus
730 2994 912 3034 semen
963 2991 1152 3053 gentes
1204 2983 1506 3047 haereditat,
1560 2986 1800 3041 Ecclesia
1849 2995 1950 3049 est,
2003 3001 2123 3057 qua:

529 3070 773 3138 quotidie
804 3086 972 3140 genus
1001 3073 1295 3129 humanum
1325 3091 1421 3145 per
1442 3092 1569 3132 suos
1592 3078 1730 3133 ﬁlios
1762 3079 1830 3132 ad
1859 3078 1982 3135 ﬁdei
2005 3078 2125 3133 uni.

2224 1896 2360 1950 riam
2409 1895 2648 1950 dieitur:
2686 1915 2704 1947 ‹
2741 1895 2880 1949 Ecce
2921 1910 3021 1964 ego
3067 1892 3329 1948 adducam
3377 1908 3596 1947 servum
3631 1907 3812 1946 meum

2221 1984 2535 2053 Orientem,
2565 1986 2690 2054 quia
2722 2001 2849 2041 ecce
2876 1985 3044 2055 lapis,
3078 1999 3239 2055 quem
3271 1983 3392 2039 dedi
3429 1998 3616 2037 coram
3645 1980 3810 2044 Iesu;

2222 2092 2388 2148 super
2411 2077 2643 2148 lapidem
2676 2092 2842 2130 unum
2867 2083 3073 2146 septem
3104 2074 3242 2130 oculi
3270 2084 3395 2130 sunt
3426 2070 3611 2145 (lacn.
3652 2072 3759 2143 ιιι).
3788 2091 3811 2122 ι

2221 2169 2384 2241 Lapis
2418 2169 2521 2226 iste
2546 2169 2833 2237 utrobique
2860 2183 2998 2221 unus
3024 2165 3301 2237 aptissime
3330 2165 3569 2230 dicitur,
3597 2172 3664 2220 ut
3687 2161 3817 2218 uni-

2223 2268 2306 2315 tas
2343 2259 2599 2315 Ecclesia:
2644 2259 3090 2325 commendetur;
3133 2257 3200 2312 de
3247 2271 3351 2326 qua
3380 2269 3614 2327 sponsus
3649 2252 3727 2308 ait
3757 2252 3815 2307 in

2221 2349 2461 2406 Canticis
2491 2368 2504 2405 :
2538 2368 2556 2401 ι
2593 2348 2711 2405 Una
2741 2359 2822 2403 est
2852 2348 3103 2403 columba
3129 2361 3270 2410 mea,
3296 2348 3401 2400 una
3424 2351 3508 2399 est
3529 2342 3817 2414 genitricis

2222 2457 2333 2501 siue
2361 2441 2536 2511 (Cant.
2562 2439 2662 2510 vi).
2704 2460 2723 2492 ι
2757 2439 2895 2507 Quid
2929 2446 3057 2493 sunt
3083 2447 3264 2492 autem
3290 2443 3499 2505 septem
3527 2432 3672 2490 oculi
3715 2448 3812 2487 su-

2221 2549 2318 2604 per
2338 2531 2572 2602 lapidem
2594 2546 2779 2591 unum.
2809 2529 2958 2585 salvo
2989 2538 3195 2594 tamen,
3214 2526 3259 2582 si
3280 2534 3387 2589 est,
3414 2522 3589 2578 altiori
3608 2531 3815 2592 myste-

2224 2626 2327 2689 rio,
2347 2623 2453 2683 nisi
2481 2623 2554 2678 illi
2582 2623 2923 2693 septuaginta
2952 2619 3077 2688 viri,
3101 2620 3204 2674 hoc
3223 2626 3330 2683 est,
3358 2618 3601 2671 doctores
3625 2604 3810 2668 sancti

2224 2714 2281 2769 in
2312 2713 2697 2769 ecclesiastica:
2727 2712 2876 2782 pacis
2905 2710 3113 2765 unitate
3151 2707 3424 2779 conjuncti
3462 2716 3518 2762 et
3549 2703 3815 2774 septifor-

2224 2806 2331 2861 mis
2358 2805 2536 2861 sancti
2560 2803 2799 2875 Spiritus
2819 2803 2919 2857 eha
2930 2801 3240 2857 rismatibus
3267 2799 3519 2855 il-lustrati
3542 2797 3565 2851 ?
3583 2796 3692 2852 Per
3712 2796 3821 2851 hos

2224 2895 2368 2953 enim
2411 2893 2598 2949 oculos
2632 2901 2821 2948 sancta
2872 2892 3123 2947 videlicet
3151 2889 3392 2945 Ecclesia
3428 2904 3528 2959 per
3558 2890 3660 2942 hos
3690 2902 3818 2940 cou-

2226 2987 2388 3058 spicit
2407 2985 2500 3042 ubi
2523 2985 2655 3041 recti
2678 2983 2861 3055 operis
2884 2983 3072 3053 pedem
3103 2990 3266 3052 ponat
3289 2997 3352 3036 ac
3371 2996 3468 3051 per
3489 2981 3635 3033 viam
3665 2992 3817 3032 man-

2230 3077 2479 3131 datorum
2508 3074 2603 3130 Dei
2646 3074 2900 3144 gradiens
2938 3086 3184 3127 normam
3218 3068 3560 3125 rectitudinis
3596 3083 3705 3121 non
3736 3066 3819 3119 of-

530 3172 697 3219 tatem
725 3174 902 3220 vocat.
920 3165 1044 3222 llaec
1069 3177 1173 3232 est,
1196 3169 1263 3223 de
1283 3186 1388 3240 qua
1412 3171 1610 3226 dicitur
1631 3172 1683 3225 in
1706 3171 1958 3241 psalmis:
1980 3191 1999 3224 ι
2020 3171 2125 3227 Pro
2152 3168 2197 3232 C
2228 3166 2432 3223 fcndat.
2464 3165 2779 3222 Abimelech
2808 3180 2938 3235 ergo
2968 3179 3191 3218 manzer
3236 3170 3290 3217 et
3334 3160 3551 3231 Spurius
3598 3169 3826 3228 septua-

530 3271 617 3339 εει,
645 3272 765 3327 qua:
792 3260 1143 3329 consequitur
1176 3262 1543 3317 htereditatem
1577 3263 1667 3335 (In
1697 3265 1778 3318 tit.
1822 3264 1971 3320 Paul.
2005 3265 2060 3337 v)
2100 3282 2122 3319 ι

532 3346 660 3403 Haec
699 3357 783 3403 est
821 3349 978 3402 vinea
1009 3366 1128 3419 qua:
1181 3352 1391 3407 laudem
1435 3354 1732 3411 decantare
1778 3356 2123 3427 praecipitur;

531 3438 673 3493 sicut
718 3449 773 3494 et
811 3441 952 3509 apud
990 3442 1244 3497 eumdem
1279 3443 1597 3513 prophetam
1643 3445 1772 3500 alibi
1819 3447 2127 3518 repe:itur:

538 3549 557 3580 ι
593 3528 651 3582 in
678 3529 767 3584 illa
799 3531 885 3585 die
914 3531 1069 3586 vinea
1113 3535 1250 3588 meri
1298 3536 1538 3589 cantabit
1581 3537 1669 3592 ei:
1707 3537 1820 3608 Ego
1848 3537 2127 3606 Dominus,

534 3618 625 3687 qui
662 3635 819 3674 servo
850 3636 970 3675 eam
1004 3621 1139 3693 (Isa.
1177 3625 1372 3694 xxvii).
1416 3645 1434 3677 ι
1472 3625 1549 3680 De
1595 3627 1698 3681 hac
1749 3627 1906 3683 vinea
1936 3628 2128 3684 beatus

536 3725 753 3779 quoque
783 3711 1071 3768 Mattlueus
1120 3714 1406 3769 Dominum
1450 3716 1653 3772 dixisse
1699 3728 2127 3775 commemorat:

539 3802 677 3869 Quia
734 3822 753 3855 ι
805 3804 967 3859 homo
1002 3814 1122 3860 erat
1164 3806 1556 3874 paterfamilias
1604 3808 1696 3879 qui
1736 3809 2003 3880 plantavit
2044 3811 2128 3865 vi-

536 3907 723 3957 neam,
757 3903 813 3948 et
842 3909 1027 3964 sepem
1058 3897 1419 3952 circumdedit
1456 3900 1528 3965 ei,
1575 3907 1629 3953 et
1661 3897 1794 3955 fodit
1825 3901 1880 3955 in
1912 3916 1974 3956 ea
2020 3911 2131 3957 tor-

535 3985 705 4049 cular,
731 3994 782 4041 et
806 3987 1094 4043 aediﬁcavit
1124 3991 1337 4055 turrim,
1361 4000 1417 4046 et
1439 3990 1638 4046 locavit
1660 4006 1777 4047 eam
1803 3994 2053 4064 agricolis
2077 4003 2134 4049 et

534 4088 762 4145 peregre
791 4076 1064 4145 profectus
1089 4088 1174 4133 est
1200 4078 1415 4149 (Matth.
1458 4081 1593 4152 ΠΙ).
1642 4101 1660 4134 ι
1709 4082 1834 4137 llaec
1863 4084 2020 4138 vinea
2063 4102 2131 4139 ex

537 4161 630 4217 illo
659 4165 859 4234 prodiit
883 4164 1055 4229 botro,
1092 4167 1183 4237 qui
1212 4169 1436 4237 pedibus
1472 4167 1781 4225 Judteorum
1810 4182 1975 4243 atque
1998 4188 2130 4243 gen-

540 4251 712 4308 tlium
745 4254 797 4309 in
827 4258 1004 4313 crucis
1040 4258 1279 4314 calcatus
1309 4268 1392 4315 est
1436 4260 1623 4330 przelo,
1658 4278 1726 4317 ex
1760 4277 1868 4332 quo
1903 4263 2128 4334 pretiosi

539 4347 818 4416 sanguinis
840 4350 982 4403 unda
1006 4352 1284 4419 proﬂuxit,
1308 4369 1428 4423 qua:
1451 4364 1662 4410 mentes
1687 4356 1966 4411 hominum
1992 4358 2132 4413 male

539 4440 749 4493 sobrias
777 4442 904 4496 vino
934 4444 1232 4512 spiritualis
1275 4449 1463 4519 gratia:
1508 4450 1802 4505 salubriter
1842 4453 2124 4509 debriavit.

542 4530 619 4584 De
650 4546 755 4601 quo
787 4534 992 4588 scilicet
1023 4537 1147 4592 vino
1177 4554 1299 4593 cum
1332 4542 1559 4595 diversis
1591 4542 1787 4613 linguis
1819 4560 1913 4613 per
1956 4544 2129 4614 Spiri-
2162 4522 2210 4580 θ

541 4630 655 4679 tam
710 4634 955 4681 sanetum
1005 4628 1361 4698 loquerentur
1424 4635 1691 4703 apostoli,
1753 4638 1955 4690 dictum
2006 4648 2126 4694 est:

546 4733 563 4765 ι
602 4713 775 4772 Musto
802 4717 947 4788 pleni
976 4728 1102 4775 sunt
1131 4722 1217 4777 isti
1249 4723 1386 4793 (Act.
1422 4726 1503 4793 ιι).
1532 4747 1549 4778 ι

1154 4831 1381 4889 CAPUT
1424 4834 1511 4889 Vl.

588 4917 656 4975 In
685 4920 906 4991 epistola
929 4921 999 4975 ad
1028 4921 1243 4997 Petrmn
1275 4925 1781 4997 archipresbyterum
1808 4929 1874 4984 de
1895 4928 2077 4986 incon-

1056 4995 1272 5048 tinentia
1298 4995 1629 5050 clericorurn.

619 5103 638 5135 ι
668 5083 1420 5154 Abimeleehﬁliusleroboal,
1450 5108 1467 5139 ι
1498 5104 1660 5159 quem
1683 5087 1962 5161 Scriptura
1981 5092 2133 5162 geni-

545 5184 659 5230 tum
687 5178 862 5233 refert
890 5177 957 5231 de
982 5176 1306 5243 concubina,
1330 5193 1490 5249 quam
1520 5181 1787 5236 habuerat
1816 5182 1867 5236 in
1891 5181 2132 5248 Sichem,

550 5290 570 5323 ο
599 5274 794 5329 occidit
813 5273 1012 5330 fratres
1032 5289 1159 5330 suos
1180 5274 1318 5331 filios
1333 5274 1606 5340 Jeroboal,
1631 5277 1970 5346 septuaginta
1989 5276 2134 5331 viros

542 5376 709 5434 Super
729 5361 959 5434 lapidem
995 5379 1161 5419 unum
1192 5363 1345 5435 (Iud.
1373 5368 1619 5438 vm,1x).
1652 5387 1671 5419 ι
1703 5366 1842 5434 Quid
1867 5366 2011 5422 enim
2041 5382 2138 5437 per

544 5455 886 5525 septuaginta
918 5455 1084 5521 viros,
1125 5457 1228 5513 nisi
1256 5459 1669 5528 prtedicatorum
1702 5459 1957 5515 Ecclesia:
1998 5459 2136 5515 libra

544 5550 815 5619 signatur,
840 5549 905 5605 de
931 5549 1124 5619 quibus
1150 5551 1227 5606 ait
1248 5550 1423 5606 Lucas
1450 5550 1811 5623 evangelista:
1838 5550 2013 5622 ριιίειξ(
2042 5551 2136 5607 de-

546 5644 785 5715 signavit
831 5645 1089 5702 Dominus
1138 5645 1482 5717 septuaginta
1529 5653 1585 5699 et
1630 5643 1781 5698 misit
1819 5642 1938 5700 illos
1981 5644 2137 5701 binos

549 5744 675 5792 ante
715 5735 908 5795 faciem
960 5754 1112 5793 suam
1167 5738 1221 5792 in
1270 5751 1483 5791 omnem
1534 5735 1808 5793 civitatem
1855 5746 1910 5793 et
1957 5735 2134 5792 locum

2229 3260 2378 3330 ginta
2409 3259 2683 3331 legitimos
2710 3257 2910 3312 fratres
2940 3272 3101 3326 super
3123 3270 3287 3309 unum
3319 3253 3547 3323 lapidem
3574 3252 3816 3322 perimit,

2231 3353 2447 3420 quando
2491 3367 2618 3423 pars
2657 3350 2977 3406 clericorum
3021 3351 3089 3404 ah
3137 3346 3520 3402 ecclesiastica:
3548 3345 3820 3399 castitatis

2231 3444 2515 3500 nobilitate
2558 3444 2918 3515 degenerans,
2962 3440 3208 3496 obscena:
3239 3453 3296 3494 se
3335 3438 3563 3492 luxuria:
3612 3436 3820 3507 legibus

2232 3534 2469 3605 subjicit,
2495 3541 2550 3587 et
2571 3533 2697 3587 dum
2729 3546 2919 3586 sacros
2941 3544 3176 3584 canones
3203 3526 3571 3597 rcprohandos
3587 3525 3818 3595 jttdiCal,

2231 3640 2419 3682 eorum
2444 3624 2778 3688 conditores,
2806 3630 3023 3678 sanctos
3052 3618 3304 3674 videlicet
3334 3619 3479 3672 viros
3502 3631 3565 3671 ac
3596 3631 3696 3687 per
3721 3617 3821 3670 hoc

2231 3715 2440 3770 nobﬂes
2464 3714 2758 3777 Gedeouis,
2784 3713 2837 3767 id
2857 3721 2961 3776 est,
2987 3710 3286 3766 Salvatoris
3314 3718 3371 3765 et
3396 3709 3661 3764 Ecclesia:
3683 3707 3819 3762 tilias

2231 3807 2400 3878 impia
2428 3806 2832 3877 quodammodo
2860 3803 3180 3860 crudelitate
3212 3802 3466 3857 trucidat.
3495 3800 3814 3869 Quanquam

2230 3912 2340 3952 non
2386 3898 2701 3968 ignoremus
2738 3910 2844 3950 non
2890 3895 3125 3950 absurde
3175 3891 3471 3963 signiﬁcari
3518 3906 3683 3961 posse
3727 3904 3819 3959 per

2228 3988 2480 4046 Jeroboal
2511 3989 2817 4053 Christum;
2851 4002 2945 4056 per
2977 3978 3293 4040 Abimelech
3323 4025 3339 4048 ,
3373 3983 3813 4038 Antichristum:

2232 4081 2326 4151 qni
2362 4081 2622 4135 nimirum
2652 4079 2796 4133 sicut
2824 4077 2912 4132 ille
2939 4075 3275 4141 concubina),
3307 4074 3387 4130 sic
3407 4084 3460 4128 et
3495 4074 3599 4127 iste
3627 4082 3711 4127 est
3736 4088 3822 4125 re-

2226 4169 2384 4241 jectre
2415 4171 2556 4226 ﬁlius
2582 4170 2912 4241 Syuagogre;
2945 4182 3042 4237 per
3066 4167 3408 4237 septuaginta
3440 4180 3571 4219 vero
3602 4163 3822 4224 fratres,

2234 4277 2370 4330 quos
2397 4260 2712 4316 Abimelcch
2743 4259 3010 4313 occidisse
3042 4268 3318 4320 narratur,
3344 4255 3691 4326 septuaginta
3717 4254 3820 4306 lin-

2234 4368 2460 4426 guarum
2490 4361 2701 4421 gentes,
2726 4365 2865 4420 quas
2890 4349 3255 4405 Antichristus
3281 4348 3334 4401 in
3355 4346 3540 4403 saeculi
3571 4348 3678 4400 line
3699 4360 3833 4417 pera

2235 4454 2514 4515 sequetur.

2843 4533 3070 4590 CAPUT
3114 4533 3217 4588 VH.

2240 4650 2304 4704 In
2333 4649 2548 4720 epistola
2583 4649 2653 4703 ad
2689 4647 3026 4730 Bonifacium
3077 4647 3376 4727 episcopum
3422 4645 3487 4699 de
3537 4643 3831 4697 curialibus

2891 4733 3166 4787 episcopis.

2313 4832 2331 4863 ι
2371 4812 2536 4867 Stetit
2579 4810 2812 4866 Joathan
2861 4810 2914 4864 in
2945 4809 3155 4864 vertice
3188 4809 3389 4864 montis
3418 4805 3686 4871 Garizim,
3718 4806 3831 4860 ele-

2235 4916 2470 4975 vatuque
2498 4920 2633 4959 voce
2657 4902 2913 4959 clamavit
2938 4920 2951 4956 :
2982 4902 3182 4957 Audite
3210 4916 3319 4967 me,
3349 4902 3448 4955 viri
3484 4900 3730 4963 Sicbem,
3755 4899 3831 4953 ita

2236 4996 2422 5050 audiat
2460 5008 2556 5050 vos
2588 4993 2732 5048 Deus
2763 5007 2777 5046 :
2825 4992 3009 5047 lerunt
3058 4992 3227 5063 ligna,
3256 5001 3317 5046 ut
3361 4999 3628 5062 ungerent
3664 5003 3833 5058 super

2236 5105 2299 5146 se
2331 5102 2549 5158 regem,
2601 5085 2964 5155 dixeruntque
3008 5083 3166 5139 olivae
3197 5102 3209 5138 :
3239 5083 3445 5153 Impera
3491 5081 3669 5136 nobis.
3701 5080 3839 5147 Qua:

2238 5180 2563 5253 respondit:
2592 5177 2846 5249 Nunquid
2875 5192 3096 5250 possum
3140 5177 3396 5233 deserere
3439 5176 3836 5248 pinguedinem

2239 5287 2444 5337 meam,
2476 5286 2582 5342 qua
2610 5278 2667 5324 et
2690 5269 2766 5324 dii
2791 5277 3018 5323 utuntur
3047 5276 3105 5324 et
3133 5269 3402 5333 homines,
3435 5277 3491 5323 et
3519 5266 3737 5332 venire;
3770 5274 3833 5321 ut

2240 5361 2386 5416 inter
2408 5361 2549 5433 ligna
2581 5358 2948 5430 promovear?
2980 5357 3353 5429 Dixeruntque
3388 5359 3532 5430 ligna
3569 5360 3637 5413 ad
3665 5359 3832 5415 arbo-

2240 5473 2356 5513 rem
2407 5458 2567 5513 ficum
2615 5471 2631 5508 :
2674 5455 2810 5511 Veni
2866 5463 2923 5511 et
2973 5469 3138 5525 super
3191 5468 3291 5510 nos
3333 5467 3560 5523 regnum
3622 5450 3829 5519 accipe.

2240 5548 2371 5616 Qua:
2400 5548 2680 5619 respondit
2733 5547 2814 5602 eis
2863 5563 2877 5600 :
2930 5542 3183 5616 Nunquid
3220 5559 3435 5615 possum
3489 5539 3831 5597 dulcedinem

2242 5656 2419 5696 meam
2451 5639 2707 5696 deserere
2747 5636 3065 5707 fructusque
3093 5634 3467 5697 suavissimas,
3511 5640 3568 5687 et
3609 5630 3728 5693 ire,
3774 5634 3835 5682 nt

2242 5731 2383 5788 inter
2410 5743 2607 5788 etetera
2653 5730 2793 5802 ligna
2830 5727 3189 5801 promovear?
3217 5725 3419 5782 Locuta
3462 5732 3587 5781 sunt
3618 5734 3833 5794 quoque
