4078 5382
355 349 494 406 1085

1592 363 1659 417 ΙΝ
1705 364 1960 421 LIBRUM
2000 365 2320 424 JUDIJUM.

3494 380 3630 435 I086

354 463 499 533 ligna
535 472 591 519 et
617 465 683 519 ad
714 466 874 522 vitem
905 486 919 522 :
950 467 1088 524 Veni
1122 478 1176 524 et
1200 468 1410 541 impera
1460 475 1638 529 nobis.
1682 477 1811 542 Quae
1854 493 1936 531 re-
1965 485 2015 539 Α
2039 482 2591 540 conciliaotbomioes
2608 486 2892 543 Creatori?
2918 510 2934 539 ι
2957 489 3152 556 Quam,
3177 491 3368 560 inquit.
3399 495 3630 564 speciosi

353 554 569 622 spondit
595 569 610 609 :
633 554 770 610 Num
806 573 1026 628 possum
1055 561 1308 618 deserere
1341 564 1520 620 vinum
1552 583 1729 622 meum
1751 610 1765 632 ,
1796 569 1939 637 quod

352 644 594 701 lmtiﬁcat
632 648 800 702 Deum
843 658 900 710 ,ει
946 649 1233 717 homines,
1268 665 1324 709 et
1367 654 1509 710 inter
1554 668 1745 712 caetera
1796 659 1939 730 ligna

351 739 695 806 promoveri?
719 758 736 790 ι
765 739 968 796 Deinde
987 741 1269 812 Scriptura
1289 743 1591 817 subjungit:
1617 767 1633 798 ‹
1660 748 1941 805 Dixerunt-

349 839 458 894 que
485 827 668 881 omnia
699 828 841 900 ligna
863 830 931 884 ad
953 830 1236 886 rhamnum
1265 851 1279 888 :
1310 833 1469 906 174
1491 835 1621 890 Veni
1650 848 1704 892 et
1732 838 1940 908 impera

347 918 528 973 nobis.
575 919 677 986 Qui
722 923 999 991 respondit
1027 923 1106 979 eis
1138 942 1151 977 :
1188 924 1246 980 Si
1278 941 1407 981 vere
1449 943 1630 997 regem
1664 944 1750 983 me
1781 929 1942 986 vobis

348 1009 709 1076 constituitis,
757 1013 940 1067 venite
982 1023 1038 1068 et
1079 1014 1179 1069 sub
1210 1017 1400 1071 umbra
1449 1035 1568 1072 mea
1611 1020 1942 1089 requiescite

343 1097 502 1166 (Iud.
531 1101 628 1170 lx).
668 1119 686 1150 ι
724 1099 968 1172 Longum
1003 1112 1118 1172 est,
1165 1105 1210 1159 si
1249 1105 1494 1162 dicamus
1521 1107 1828 1163 Gedeonem
1863 1117 1943 1180 ty-

338 1201 472 1257 pum
520 1196 703 1244 tenere
747 1189 1080 1256 Salvatoris;
1129 1210 1227 1263 per
1270 1197 1534 1264 plurimas
1563 1198 1679 1267 ejus
1719 1215 1936 1265 uxores,

337 1277 593 1333 diversas
619 1278 820 1336 debere
849 1283 1097 1338 nationes
1121 1285 1370 1356 intelligi,
1397 1301 1518 1357 qua:
1539 1289 1639 1344 sibi
1666 1291 1942 1344 cohaesere

333 1380 443 1435 per
472 1367 662 1435 ﬁdem;
697 1387 795 1441 per
825 1376 1164 1444 septuaginta
1196 1378 1355 1443 ﬁlios,
1384 1381 1607 1434 totidem
1634 1381 1939 1452 linguarmn

330 1458 587 1528 populos;
622 1475 720 1530 per
747 1465 1109 1519 concubinam
1132 1507 1146 1531 ,
1189 1468 1562 1541 Synagogam;
1599 1488 1695 1542 per
1723 1474 1942 1529 Abime-

327 1546 462 1602 Iech
490 1587 505 1614 ,
551 1549 971 1619 Aolichristnm,
1002 1558 1091 1624 qui
1125 1557 1427 1631 Syoagoga:
1454 1561 1596 1617 ﬁlius
1626 1564 1750 1618 erit.
1786 1564 1941 1622 Unde

327 1644 396 1691 et
425 1637 479 1691 in
507 1639 831 1713 Apocalypsi
864 1645 947 1698 his
970 1647 1059 1715 qui
1087 1649 1345 1705 credituri
1376 1662 1496 1706 sunt
1520 1654 1719 1708 dicitur
1745 1673 1757 1708 :
1789 1674 1805 1706 ι
1836 1657 1938 1724 Qui

327 1727 531 1784 dicunt
561 1746 620 1785 se
647 1732 863 1790 Judtcos
897 1751 1018 1791 esse
1057 1747 1111 1793 et
1157 1755 1261 1794 non
1297 1752 1456 1809 sunt,
1495 1744 1588 1798 sed
1621 1755 1748 1799 sunt
1776 1763 1938 1818 syna-

2046 573 2207 641 pedes
2221 575 3095 651 evangeiizantiumpaccm(Rom.
3121 586 3197 651 Χ).
3220 601 3238 634 ι
3267 581 3426 637 Ficus
3451 592 3632 638 autem

2043 678 2213 717 sacra:
2247 664 2378 735 legis
2416 667 2706 737 imaginem
2740 677 2907 723 tenet.
2950 669 3104 725 Unde
3134 680 3189 726 et
3238 672 3288 726 in
3340 672 3634 745 Evangelio

2043 752 2242 807 dicitur
2260 755 2382 823 quia
2413 775 2431 806 ι
2465 757 2683 827 quidam
2701 760 3092 828 paterfamilias
3110 762 3377 832 plantavit
3398 763 3631 826 vineam,

2044 845 2097 898 in
2143 863 2247 916 qua
2299 848 2511 903 scilicet
2547 850 2815 919 plantavit
2843 862 2894 906 et
2927 852 3084 906 ﬁcum
3116 853 3329 926 (Matth.
3365 855 3501 926 χιιι).
3535 856 3633 911 Vi-

2041 951 2143 991 nea
2168 937 2364 1007 quippe
2391 939 2600 994 Domini
2627 939 2862 996 Sabaoth
2911 943 3100 998 dooms
3149 954 3231 998 est
3279 943 3447 1000 Israel
3491 944 3629 1018 (Ita.

2042 1025 2134 1096 v);
2177 1046 2196 1078 ›
2227 1028 2280 1082 in
2311 1044 2414 1097 qua
2452 1029 2707 1084 nimirum
2733 1032 2996 1099 plantavit
3035 1034 3212 1089 divina
3241 1051 3436 1090 manus
3463 1037 3634 1091 Deca-

2043 1116 2222 1186 logum
2254 1117 2406 1186 legis.
2449 1120 2552 1176 Sed
2597 1121 2710 1177 haec
2740 1123 2873 1178 ﬁcus
2913 1125 3150 1194 priorem
3193 1127 3446 1195 populmn
3475 1129 3632 1198 quasi

2048 1208 2205 1278 175
2230 1225 2448 1278 gressus
2476 1226 2621 1276 suos,
2664 1214 2849 1268 aridos
2875 1215 3083 1270 scilicet
3111 1224 3166 1270 et
3193 1216 3412 1272 inutiles
3440 1227 3632 1286 protu-

2044 1300 2106 1354 lit
2152 1309 2206 1356 et
2253 1303 2478 1373 ahjecit;
2510 1319 2705 1359 novum
2735 1322 2865 1360 vero
2903 1307 3226 1363 Christianae
3255 1308 3373 1364 ﬁdei
3411 1325 3630 1380 germen

2044 1395 2108 1448 ad
2141 1397 2503 1451 maturitatem
2545 1398 2770 1453 interna:
2817 1401 3156 1470 pinguedinis
3201 1403 3632 1472 suavitatemque

2045 1487 2314 1556 perduxit.
2349 1487 2422 1541 De
2450 1488 2646 1558 quibus
2673 1487 2939 1545 Jeremias
2966 1492 3041 1545 ait
3072 1507 3086 1544 :
3126 1510 3144 1543 ι
3180 1491 3348 1547 Video
3375 1493 3506 1548 ﬁcus
3536 1493 3632 1550 bo-

2043 1593 2158 1642 nas,
2193 1577 2362 1633 bonas
2393 1581 2577 1647 valde;
2629 1593 2684 1636 et
2721 1583 2912 1648 malas,
2944 1583 3116 1638 malas
3160 1583 3346 1651 valde,
3390 1601 3509 1656 quae
3535 1603 3628 1641 co-

2042 1673 2182 1726 medi
2211 1689 2314 1727 non
2351 1684 2602 1744 possunt,
2641 1692 2704 1732 eo
2729 1677 2872 1746 quod
2902 1677 3011 1732 sint
3041 1677 3194 1730 malae
3225 1676 3362 1750 (Jer.
3393 1679 3565 1748 xx1v).
3605 1698 3624 1732 ι

2043 1759 2148 1815 Per
2175 1763 2307 1817 ﬁcus
2334 1779 2462 1834 ergo
2489 1765 2560 1819 illi
2593 1775 2818 1835 possunt
2847 1782 2953 1821 non
2993 1767 3437 1822 inconvenienter
3467 1767 3627 1822 intel-

323 1830 474 1926 898‘3
495 1821 712 1926 5-3130“!
731 1826 914 1926 (Attat-:-
941 1829 1024 1899 II).
1059 1849 1077 1882 ι
1107 1831 1167 1885 Et
1193 1832 1334 1887 sicut
1357 1833 1446 1888 ille
1468 1838 1698 1904 peremit
1719 1847 1933 1907 septua-
1966 1831 2007 1890 Β
2038 1850 2127 1921 ligi
2173 1853 2263 1921 qui
2311 1821 2480 1908 saera:
2511 1821 2670 1926 Legis
2701 1856 3006 1911 eruditione
3036 1866 3160 1912 sunt
3189 1821 3518 1912 sufﬁcienter
3543 1821 3627 1911 in-

323 1911 489 1978 ginta
515 1912 742 1982 fratres;
773 1919 851 1973 sic
885 1920 986 1975 iste
1016 1935 1404 1991 persecuturus
1431 1937 1515 1981 est
1556 1944 1777 1995 omnes,
1811 1947 1932 2001 qum

322 2002 443 2058 sibi
477 2021 580 2060 non
609 2013 970 2077 consentient,
1000 2017 1265 2070 nationes.
1299 2018 1414 2084 llis,
1448 2022 1691 2090 inquam,
1717 2026 1933 2082 omissis

320 2106 456 2161 qua:
481 2094 740 2166 longioris
768 2101 892 2171 styli
926 2103 1177 2158 videntur
1203 2123 1362 2176 cgere
1393 2118 1650 2177 tractatu,
1682 2113 1732 2168 in
1760 2130 1931 2183 quan-

319 2191 450 2237 tum
503 2187 710 2254 patitur
756 2192 1048 2258 epistulare
1102 2199 1480 2266 compendium
1537 2201 1609 2254 ita
1668 2206 1930 2260 duntaxat.

319 2287 528 2348 coeptae
558 2281 906 2350 disputationi
938 2302 1238 2357 congruere
1279 2291 1554 2355 videatur,
1591 2298 1809 2365 prolixa:
1843 2298 1926 2351 hi-

323 2371 524 2425 Storia:
576 2371 804 2442 ﬁguram
853 2379 1128 2433 succincte
1162 2381 1597 2453 perstringimus.
1633 2386 1770 2452 Quid
1800 2403 1930 2458 ergo

317 2478 432 2536 per
481 2464 750 2533 Joathan,
799 2471 888 2538 qui
939 2471 1334 2542 interpretatur
1367 2491 1782 2544 consummatus,
1813 2482 1930 2536 sive

320 2559 617 2630 perfectus,
650 2561 753 2614 nisi
774 2574 1022 2618 sanctum
1054 2566 1361 2623 et-doctum
1395 2575 1701 2642 quempiam
1737 2576 1928 2644 praedi-

323 2656 578 2702 catorem
604 2649 865 2706 debemus
894 2655 1186 2723 accipere?
1215 2656 1311 2711 llic
1341 2659 1394 2713 in
1425 2671 1662 2716 montem
1689 2663 1927 2719 Garizim

323 2743 582 2796 ascendit
609 2753 661 2797 et
688 2759 822 2800 voce
863 2762 1059 2814 magna
1092 2749 1365 2804 clamavit.
1413 2752 1567 2807 Prius
1605 2756 1847 2809 ascendit
1874 2765 1930 2811 et

323 2833 678 2902 postmodum
707 2833 984 2889 clamavit.
1016 2838 1155 2892 Ante
1190 2841 1469 2912 consurgit
1512 2843 1563 2894 in
1606 2853 1842 2899 montem
1873 2855 1928 2901 et

321 2924 413 2978 sic
446 2922 622 2978 elevat
661 2940 870 2980 vocem.
922 2927 1056 2992 Quia
1103 2929 1202 2982 nisi
1252 2931 1440 2985 doctor
1485 2932 1740 2986 virtutum
1778 2935 1927 3003 prius

321 3013 548 3068 culmen
580 3017 870 3080 ascendat,
901 3018 1136 3072 inaniter
1167 3020 1402 3086 clamat;
1435 3023 1574 3078 sicut
1610 3040 1707 3092 per
1732 3027 1945 3084 Isaiam-

321 3103 535 3158 dicitur
564 3120 579 3156 :
617 3123 637 3156 ‹
674 3106 848 3175 Super
876 3119 1113 3163 montem
1145 3113 1415 3167 excelsum
1448 3117 1679 3172 ascende
1715 3126 1770 3170 tu
1792 3160 1804 3176 .
1830 3118 1922 3188 qni

321 3196 678 3262 evangelizas
701 3197 866 3261 Sion;
907 3201 1085 3255 exalta
1114 3202 1164 3254 io
1198 3203 1512 3260 fortitudine
1538 3223 1724 3262 vocem
1753 3219 1920 3277 tuam,

317 3285 418 3358 qui
453 3286 793 3357 evangelizas
819 3288 1110 3346 Ierusalem
1151 3291 1287 3361 (lsa.
1319 3293 1429 3367 XL).
1466 3315 1484 3346 ι

396 3399 510 3454 Per
547 3399 785 3456 Garizim
833 3415 1014 3458 autem
1062 3419 1250 3464 sancta
1293 3410 1610 3481 designatur
1660 3414 1922 3481 Ecclesia,

316 3505 450 3561 qua:
479 3491 741 3546 virtutum
769 3495 1011 3548 omnium
1041 3507 1125 3551 est
1149 3499 1332 3553 schola
1364 3511 1418 3555 et
1443 3503 1746 3558 caelestium
1771 3521 1925 3575 sege-

318 3589 444 3636 tum
479 3581 725 3636 ubertate
753 3583 1007 3640 feennda.
1038 3587 1134 3644 llic
1163 3597 1247 3643 est
1276 3591 1420 3644 enim
1451 3608 1636 3658 mons,
1668 3595 1759 3664 qui
1787 3594 1923 3649 dan-

320 3671 408 3726 dis
441 3686 542 3741 per
583 3671 800 3744 Moysen
849 3675 1319 3734 benedictionibus
1367 3681 1656 3751 deputatus
1702 3694 1807 3740 est.
1856 3685 1925 3742 Et

319 3762 573 3818 Ecclesia
602 3781 757 3819 mons
788 3766 1179 3821 benedictionis
1203 3779 1306 3836 est,
1340 3772 1493 3838 cujus
1517 3773 1640 3827 liliis
1662 3791 1757 3844 per
1782 3776 1924 3845 Apo-

321 3854 529 3910 stolnm
559 3854 755 3910 dicitur
788 3876 800 3910 :
832 3875 849 3907 ‹
886 3857 943 3910 In
977 3859 1077 3912 hoc
1108 3860 1284 3913 vocati
1315 3861 1466 3927 estis,
1499 3873 1558 3917 ut
1589 3864 1924 3920 benedictio-

319 3959 452 3998 nem
491 3945 806 4002 haereditate
837 3948 1157 4017 possideatis
1184 3948 1235 4019 (Ι
1270 3948 1416 4005 Petr.
1445 3952 1552 4023 ιιι).
1584 3973 1602 4005 ι
1641 3953 1788 4009 llanc
1812 3955 1922 4010 ha:-

321 4035 618 4089 reditatem
661 4052 691 4089 a
739 4035 891 4090 vidua
928 4045 1102 4091 matre
1146 4039 1483 4107 suscepimus
1515 4081 1529 4105 ,
1579 4057 1677 4110 pro
1707 4058 1810 4112 qua
1839 4044 1922 4098 vir

320 4129 440 4197 ejus
476 4127 614 4182 mori
642 4128 892 4199 dignatus
917 4136 1020 4193 est,
1047 4129 1114 4182 de
1140 4143 1245 4198 qua
1269 4139 1322 4183 et
1350 4145 1448 4198 per
1474 4129 1813 4186 Psalmistam
1841 4133 1921 4187 di-

320 4223 504 4276 citur:
539 4237 559 4271 ‹
595 4219 825 4275 Viduam
873 4219 990 4290 ejus
1038 4221 1362 4276 benedicens
1397 4221 1714 4277 benedicam
1744 4222 1915 4295 (Paul.

319 4312 534 4376 cum).
566 4333 585 4365 ι
620 4313 683 4368 Et
712 4330 949 4384 congrue
976 4313 1236 4381 Garizitn,
1290 4317 1383 4385 qui
1414 4317 1806 4386 interpretatur
1835 4319 1920 4373 di-

319 4407 472 4472 visio,
507 4405 591 4460 vel
621 4407 844 4472 advena,
876 4418 1116 4462 sanctam
1163 4408 1362 4479 ﬁgurat
1409 4410 1726 4475 Ecclesiam,
1777 4428 1915 4480 quo-

321 4497 467 4549 niam
501 4497 743 4552 Ecclesia
771 4497 1030 4569 gentium,
1058 4513 1177 4566 qua:
1207 4500 1355 4567 prius
1383 4501 1591 4554 exstitit
1619 4501 1857 4556 funditus
1885 4520 1912 4558 a

320 4587 439 4658 lege
470 4587 563 4642 Dei
597 4589 784 4651 divisa,
817 4589 870 4642 in
902 4588 1080 4658 prima
1110 4591 1392 4645 vocatione
1422 4591 1562 4646 facta
1597 4602 1679 4646 est
1707 4593 1912 4648 advena

317 4675 539 4746 jamque
570 4694 665 4748 per
702 4680 1095 4733 incrementum
1143 4682 1333 4750 gratiae
1381 4681 1521 4736 facta
1569 4693 1651 4737 est
1695 4685 1915 4739 omnino

323 4768 637 4824 domestica.
692 4771 846 4826 Unde
881 4769 995 4838 jam
1031 4771 1262 4826 ﬁrmiter
1308 4771 1562 4827 radicatis
1587 4783 1641 4828 et
1673 4773 1818 4828 velut
1860 4777 1912 4829 in

325 4860 458 4914 urbe
484 4864 795 4930 compositis
819 4863 1018 4919 Paulus
1054 4864 1129 4918 ait
1158 4879 1172 4918 :
1214 4883 1230 4915 ι
1265 4863 1382 4918 Jam
1417 4881 1522 4919 non
1553 4870 1687 4923 estis
1734 4869 1914 4938 hospi-

325 4960 407 5004 tes
434 4962 490 5006 et
510 4953 747 5017 advenat.
777 4956 869 5011 sed
895 4956 1025 5010 estis
1049 4959 1194 5013 cives
1216 4969 1529 5013 sanctorum
1552 4973 1607 5016 et
1630 4961 1911 5017 domestici

325 5038 416 5095 Dei
449 5041 658 5111 (Ep/tes.
689 5049 774 5115 ιι).
809 5069 826 5102 ›
876 5047 980 5101 Sed
1031 5059 1088 5104 ut
1133 5050 1446 5106 omittentes
1492 5052 1723 5120 plurima
1769 5053 1910 5122 quod

324 5133 653 5201 propositum
684 5149 763 5192 est
795 5138 1144 5198 transiliendo
1169 5140 1428 5196 celeriter
1478 5158 1862 5212 percurramus
1893 5161 1907 5198 :

326 5221 487 5260 Ῐῖηηιι
519 5227 666 5260 cuum
700 5241 822 5260 noun.
873 5233 1117 5260 Ιιησηῖκμι.
1167 5232 1294 5260 -.Α-εξ
1370 5243 1416 5260 Α.
1471 5235 1594 5260 :“PH,
1635 5238 1792 5260 -a---..!

2034 1943 2248 1996 structi.
2280 1943 2418 1998 Vitis
2451 1945 2614 1998 etiam
2647 1945 2877 2015 idipsum
2906 1962 3040 2016 pene
3072 1947 3286 2000 videtur
3319 1947 3629 2017 signiﬁcare

2034 2033 2176 2102 quod
2223 2035 2375 2089 ﬁcus.
2433 2036 2572 2090 Dicit
2604 2036 2748 2091 enim
2799 2038 3060 2092 Dominus
3095 2056 3108 2091 :
3145 2057 3163 2089 ‹
3207 2037 3317 2106 Ego
3349 2053 3466 2092 smn
3503 2037 3629 2092 vitis

2031 2139 2182 2187 vera,
2213 2133 2267 2180 et
2295 2143 2388 2181 vos
2416 2127 2666 2196 palmites
2695 2128 2877 2199 (Joan.
2907 2129 3018 2200 xv).
3053 2149 3070 2180 ι
3098 2129 3165 2183 Ει
3194 2130 3317 2198 quia
3348 2129 3411 2183 de
3437 2128 3629 2200 palmi-

2035 2216 2177 2272 ti'ons
2227 2215 2364 2270 ﬁunt
2408 2219 2582 2283 vites,
2631 2220 2760 2288 quid
2794 2220 2988 2273 mirmu
3022 2220 3065 2273 si
3095 2229 3149 2274 et
3176 2220 3346 2275 sancti
3377 2220 3630 2274 doctores

2033 2317 2349 2361 asseruntur
2384 2309 2550 2374 vites,
2582 2317 2639 2363 ut
2669 2312 2810 2380 quod
2844 2311 3093 2366 Salvator
3125 2312 3323 2366 mundi"
3343 2327 3440 2380 per
3470 2321 3629 2366 natu-

2031 2413 2181 2462 ram,
2232 2399 2332 2453 hoc
2387 2398 2461 2452 illi
2505 2399 2805 2471 glorientur
2854 2401 3054 2456 habere
3096 2417 3191 2471 per
3220 2401 3491 2472 gratiam?
3519 2402 3624 2466 Qui

2030 2489 2286 2542 nimirum
2317 2489 2443 2544 dum
2477 2492 2808 2561 triumphum
2853 2493 3146 2547 Dominicae
3186 2492 3450 2562 passionis
3481 2507 3624 2562 prte-

2030 2580 2213 2636 dicare
2265 2598 2370 2636 non
2422 2593 2666 2648 cessant,
2696 2585 2850 2653 quasi
2891 2600 2988 2655 per
3014 2584 3275 2640 doctrina:
3304 2601 3414 2640 sua:
3440 2587 3627 2642 botros

2030 2672 2237 2726 arentia
2274 2673 2435 2727 corda
2467 2686 2652 2729 nostra
2690 2675 2815 2729 vino
2844 2675 2984 2730 beati
3017 2675 3226 2729 cruoris
3260 2675 3550 2730 inebriant.

2102 2762 2179 2816 De
2211 2766 2313 2820 hoc
2336 2767 2462 2819 vino
2489 2783 2584 2836 per
2610 2766 2778 2822 Jacoh
2809 2783 2972 2837 super
3006 2767 3289 2821 Salvatore
3325 2777 3510 2822 nostro
3539 2767 3622 2821 al-

2029 2853 2265 2925 legorice
2293 2856 2491 2910 dicitur
2517 2875 2530 2911 :
2563 2876 2578 2907 ι
2612 2857 2837 2911 Lavahit
2862 2857 2912 2910 in
2940 2857 3066 2910 vino
3090 2856 3282 2911 stolam
3312 2872 3464 2909 suam
3492 2864 3543 2911 et
3568 2856 3622 2910 itt

2029 2949 2293 3022 sanguine
2323 2948 2540 3018 pallium
2574 2964 2731 3001 suum
2775 2946 2928 3017 (Gen.
2965 2949 3130 3017 χιιι).
3172 2966 3190 2997 ι
3228 2945 3374 3000 Stola
3415 2946 3622 3001 Christi

2028 3040 2131 3094 fuit
2170 3041 2223 3094 in
2269 3039 2553 3108 apostolis,
2587 3048 2638 3092 et
2686 3038 2897 3093 caeteris
2926 3037 3270 3092 credentibus
3302 3039 3617 3108 Synagoga;

2031 3133 2185 3202 Cujus
2214 3134 2377 3188 etiam
2416 3133 2633 3202 palliqu
2663 3132 2879 3202 gentilis
2908 3140 2991 3185 est
3017 3131 3267 3200 populus.
3306 3131 3382 3185 De
3425 3130 3621 3198 quibus

2035 3225 2135 3279 sibi
2169 3239 2266 3294 per
2294 3226 2611 3294 prophetam
2637 3223 2835 3278 dicitur
2861 3239 2876 3277 :
2911 3243 2928 3273 ‹
2965 3222 3097 3276 Vivo
3125 3237 3248 3294 ego,
3274 3223 3406 3277 dicit
3434 3222 3620 3276 Domi-

2031 3337 2163 3387 nus,
2211 3323 2337 3391 quia
2388 3323 2473 3376 his
2518 3322 2770 3375 omnilms
2820 3321 2966 3375 velut
3007 3330 3328 3374 ornamento
3372 3319 3621 3375 vestieris

2029 3410 2166 3482 (Isa.
2197 3413 2367 3480 xm).
2409 3431 2426 3463 ι
2464 3411 2575 3466 Hos
2607 3411 2790 3479 itaque
2825 3410 3074 3466 Christus
3126 3410 3176 3463 in
3208 3410 3467 3479 sanguine
3502 3425 3618 3462 uva:

2025 3498 2179 3565 lavit,
2209 3515 2370 3569 quem
2400 3500 2466 3554 de
2495 3499 2785 3568 semetipso
2829 3499 3096 3554 contritus
3142 3499 3193 3553 in
3239 3499 3403 3569 prmlo
3439 3499 3620 3554 crucis

2025 3590 2316 3658 expressit.
2346 3588 2498 3644 Unde
2523 3599 2578 3643 et
2603 3587 2838 3644 Joannes
2863 3590 2939 3643 ait
2977 3606 2990 3642 :
3029 3609 3047 3640 ‹
3089 3589 3189 3656 Qui
3221 3589 3410 3643 dilexit
3440 3604 3538 3644 nos
3563 3597 3620 3642 ct

2025 3682 2155 3738 lavit
2181 3699 2278 3738 nos
2298 3700 2324 3736 a
2343 3683 2580 3753 peccatis
2601 3683 2798 3738 nostris
2823 3683 2875 3737 in
2900 3684 3161 3754 sanguine
3186 3700 3282 3738 suo
3308 3681 3492 3752 (Apoc.
3512 3682 3570 3754 ι).
3591 3702 3611 3734 ι

2024 3774 2157 3829 Cum
2190 3776 2351 3845 igitur
2378 3774 2538 3837 oliva,
2572 3774 2706 3828 ﬁcus
2735 3790 2799 3828 ac
2830 3775 2976 3840 vitis,
3016 3775 3118 3829 huc
3147 3784 3253 3839 est,
3303 3773 3618 3844 Spiriluales

2022 3867 2122 3919 viri
2154 3867 2311 3936 lignis
2347 3881 2579 3936 praeesse
2625 3865 2997 3929 silvestribus,
3029 3866 3082 3918 id
3111 3875 3226 3930 est,
3261 3865 3492 3919 terrenis
3520 3864 3615 3918 ho-

2024 3959 2260 4012 minibus
2309 3966 2471 4026 atque
2524 3958 2832 4012 carnalibus
2875 3957 3180 4010 nullatenus
3229 3958 3610 4026 acquiescant,

2022 4045 2181 4099 offert
2211 4063 2266 4099 se
2299 4047 2582 4111 rhamnus,
2615 4055 2669 4099 et
2704 4046 2772 4099 ab
2796 4045 2875 4099 eis
2904 4045 3299 4099 consumendus
3323 4045 3608 4110 eteadem,

2022 4135 2104 4188 vel
2129 4151 2307 4206 prava:
2327 4135 2756 4191 conversationis
2777 4135 3042 4204 exemplo,
3060 4135 3141 4188 vel
3159 4135 3372 4189 erronei
3397 4137 3614 4205 dogma-

2024 4227 2092 4282 tis
2145 4228 2393 4282 inceodio
2439 4235 2876 4296 consumpturus.
2930 4227 3210 4279 Rhamnus
3253 4227 3395 4279 cnim
3440 4225 3614 4294 spinis

2020 4321 2490 4375 crebrescentibus
2535 4321 2750 4387 horret;
2805 4334 2901 4388 per
2943 4333 3100 4387 quem
3137 4317 3345 4372 scilicet
3384 4315 3612 4384 quilibet

2021 4427 2310 4483 perversos
2341 4411 2582 4466 innnitur
2610 4410 2700 4480 qui
2736 4410 2814 4466 sic
2842 4419 3190 4480 peccatorum
3232 4418 3486 4477 tanquam
3517 4423 3610 4464 ve-
3689 4441 3694 4444 —

2023 4501 2199 4569 primu
2245 4500 2537 4569 asperitate
2582 4501 2858 4555 densatur.
2907 4499 3057 4555 Unde
3101 4508 3156 4553 et
3196 4499 3371 4568 primo
3403 4499 3609 4554 homini

2021 4592 2222 4645 dictum
2253 4601 2336 4646 est
2369 4609 2381 4644 :
2417 4611 2436 4642 ι
2474 4592 2641 4648 Terra
2674 4601 2760 4646 tua
2792 4593 2975 4662 spinas
3002 4602 3056 4646 et
3085 4591 3309 4646 tribulos
3335 4591 3609 4660 germina-

2019 4682 2098 4736 bit
2127 4681 2217 4735 tibi
2251 4680 2404 4754 (Gen.
2441 4682 2520 4755 ιιι)
2557 4701 2571 4738 :
2612 4704 2629 4734 ι
2665 4683 2717 4738 id
2753 4691 2868 4746 est,
2901 4697 3098 4751 corpus
3149 4691 3299 4734 tuum
3349 4681 3614 4735 aculeatis

2020 4775 2273 4828 vitiorum
2313 4776 2699 4845 punctionibus
2726 4775 3043 4843 snbjacebit.
3076 4774 3142 4826 Et
3168 4788 3263 4840 per
3289 4777 3617 4845 prophetam

2020 4863 2279 4918 Dominus
2314 4883 2326 4917 :
2368 4882 2385 4914 ι
2427 4863 2635 4936 Spiois,
2661 4865 2854 4933 inquit,
2883 4875 3232 4932 peccatorum
3261 4880 3494 4923 suorum
3516 4865 3624 4918 cir—

2017 4954 2340 5009 cumderunt
2369 4970 2455 5009 me
2488 4956 2708 5025 (Tln'en.
2738 4956 2840 5022 ιιι).
2880 4971 2898 5002 ι
2943 4953 3130 5025 Ligois
3176 4951 3354 5020 itaque
3389 4951 3632 5025 petenti-

2021 5049 2122 5102 bus
2152 5061 2358 5117 rcgcm,
2415 5046 2465 5099 id
2497 5056 2603 5113 est,
2639 5045 2820 5114 pravis
2863 5047 3174 5114 quibusque
3203 5044 3521 5107 carnaliter
3545 5039 3627 5094 eli-
3659 5080 3671 5124 .t

2020 5142 2275 5215 gentibus
2326 5144 2639 5209 praesulem,
2689 5141 2962 5197 rhamnus
3007 5135 3217 5196 accedit
3257 5135 3311 5190 in
3369 5140 3658 5204 medium,

2023 5231 2246 5260 "unum.
2273 5229 2524 5260 υἶΑηΙῖηΛο
2556 5229 2813 5260 ..ητις-Λιιηο
2858 5232 2960 5260 nn:
2994 5241 3039 5260 ,ιο
3068 5229 3240 5260 Inv-tun
3263 5225 3450 5260 ll‘lII\-\
3472 5231 3667 5260 -oinnlﬂ
