4078 5382
571 368 591 422 I
604 369 711 426 087

555 468 735 516 autem
766 462 988 523 Joatbas
1015 469 1345 530 constitutus
1375 471 1429 531 in
1459 481 1666 538 vertice
1694 487 1896 543 montis
1926 488 2137 562 eloqui-

556 559 681 616 tur;
710 556 835 624 quia
867 572 963 626 per
988 570 1208 618 sanctos
1235 565 1289 620 in
1319 567 1557 625 Ecclesia
1585 575 1968 644 praedicatores
1993 556 2144 639 addi-

552 641 755 698 scimus
794 652 1066 714 quomodo
1109 654 1415 729 quibusque
1458 641 1731 733 perversis
1780 685 1846 726 ac
1892 675 2141 745 reprobis

549 742 689 785 vana
717 737 1024 802 petentibus
1056 743 1397 804 resistamus.

1145 855 1375 915 CAPUT
1414 862 1545 919 VIII.

541 920 615 985 Ἰιι
644 933 865 1004 epistola
899 940 970 994 ad
1000 939 1216 1028 Parim}
1261 954 1767 1033 archipresbyterum
1808 965 1874 1020 de
1910 966 2138 1026 inconti-

1069 1021 1243 1074 nentis
1274 1021 1603 1083 clericorurn.

620 1110 640 1143 ι
672 1092 989 1155 Abimelech
1020 1106 1247 1162 audiens
1269 1109 1416 1166 viros
1447 1116 1612 1171 turris
1642 1117 2009 1180 Siehimorum
2037 1142 2136 1197 pa-
2234 1092 2373 1208 gelio
2403 1092 2533 1196 dicit

541 1184 677 1240 riter
720 1190 1094 1261 conglobatos,
1128 1202 1372 1257 ascendit
1410 1205 1462 1259 in
1486 1218 1723 1267 montem
1756 1213 1975 1273 Selmon
2006 1235 2130 1276 cum

538 1278 687 1331 omni
734 1295 832 1335 suo
875 1285 1072 1355 popqu
1118 1297 1173 1342 et
1219 1303 1435 1365 arrepta
1470 1299 1630 1372 176
1658 1305 1833 1359 securi
1883 1311 2130 1376 praecidit

540 1365 754 1421 arboris
783 1384 1024 1438 ramum,
1066 1365 1701 1471 impositumthEferens
1731 1393 1958 1452 humero
1991 1399 2129 1455 dixit

536 1453 605 1507 ad
652 1456 871 1515 socios:
902 1460 1056 1528 Quod
1108 1484 1195 1523 me
1226 1453 1421 1529 videtis
1463 1458 1684 1546 facere,
1727 1483 1835 1538 cito
1879 1486 2056 1543 facite.
2100 1509 2122 1543 ι

536 1542 739 1600 Deinde
764 1553 1010 1621 sequitur
1040 1554 1109 1611 ε’(
1145 1558 1313 1631 Igitur
1339 1568 1587 1623 certatim
1617 1586 1800 1629 ramos
1825 1576 1891 1631 de
1914 1579 2125 1636 arbori-

535 1639 636 1694 bus
667 1645 1053 1714 praecidentes,
1102 1655 1468 1722 sequebantur
1510 1661 1735 1731 ducem;
1784 1668 1981 1737 quibus
2015 1673 2129 1744 εἰναι

532 1736 851 1792 cumdantes
867 1742 1174 1809 praesidium
1197 1752 1612 1822 succenderunt,
1636 1736 1891 1828 atqueita
1915 1754 2116 1819 factum

531 1833 616 1880 est
642 1835 703 1880 ut
738 1826 887 1885 fumo
915 1842 969 1886 et
1001 1833 1122 1904 igne
1155 1838 1298 1893 mille
1327 1841 1604 1900 hominum
1634 1861 1990 1920 necarentur,
2011 1856 2115 1912 viri

529 1915 739 1984 pariter
765 1928 821 1974 et
847 1922 1102 1981 mulieres
1135 1929 1466 1991 habitatores
1496 1938 1662 1994 turris
1699 1940 1918 1998 Siehem
1959 1915 2115 2016 (llud.

528 2009 629 2075 Ix.)
663 2027 681 2060 ι
716 2008 834 2067 Non
866 2023 950 2070 est
980 2016 1142 2087 hujus
1173 2021 1272 2078 loci
1310 2040 1479 2083 sacrm
1515 2028 1714 2101 ﬁguras
1747 2008 1987 2094 historiae
2028 2055 2118 2096 so-

526 2094 695 2154 lerter
718 2116 1021 2174 exponere;
1054 2110 1245 2167 suIIicit
1273 2116 1456 2183 nobis,
1485 2094 1746 2191 quantum
1770 2126 1836 2181 ad
1865 2132 2117 2200 proposi-

529 2196 640 2241 tmn
673 2192 899 2261 attinet,
940 2213 1055 2253 rem
1096 2215 1468 2265 summotenus
1504 2213 1803 2282 praelibare.
1835 2192 1991 2275 [fami
2029 2237 2118 2277 ar-

522 2277 715 2336 borum
744 2295 869 2340 snnt
897 2294 1233 2351 sententiola:
1258 2297 1683 2375 Scripturarum,
1706 2325 1842 2380 quas
1861 2312 1988 2367 dum
2014 2315 2118 2371 im-

524 2372 707 2440 pudici
751 2379 955 2449 quique
1000 2385 1067 2437 ad
1120 2386 1461 2458 allegationis
1510 2412 1623 2452 sua:
1651 2372 1819 2456 robur
1846 2403 2114 2460 violenter

523 2462 804 2522 inﬂectunt
828 2510 843 2535 ,
894 2472 1040 2530 fumo
1067 2477 1226 2534 simul
1256 2492 1311 2538 et
1340 2483 1462 2556 igne
1488 2504 1807 2548 numerosas
1831 2493 2110 2553 hominum

520 2568 768 2616 catervas
812 2568 1193 2639 exstinguunt;
1229 2574 1376 2632 fumo
1412 2580 1622 2638 scilicet
1664 2588 1869 2642 erroris
1909 2599 1964 2643 et
1987 2590 2111 2660 igne

518 2645 786 2720 libidinis;
841 2665 901 2711 ut
948 2660 1202 2733 deceptas
1252 2668 1392 2725 male
1435 2671 1761 2731 discentium
1806 2645 2035 2735 mentes”
2053 2689 2110 2736 et

520 2736 752 2799 luxuria:
787 2745 1002 2806 ﬂamma
1032 2758 1327 2815 succendat
1365 2770 1421 2817 et
1447 2766 1599 2833 pravi
1641 2767 1907 2838 dogmatis
1930 2771 2105 2844 caligo

517 2832 831 2894 confundat.
859 2840 953 2899 Hie
974 2859 1102 2901 sunt
1124 2851 1270 2905 enim
1298 2832 1527 2923 merces,
1554 2873 1674 2928 quae
1700 2862 1766 2915 de
1791 2861 2023 2918 Sodoma
2049 2875 2105 2922 et

515 2921 815 2986 Gomorrha
847 2937 1063 3002 prodire
1087 2942 1217 2999 visa:
1248 2954 1373 3001 sunt
1399 2921 1521 3018 post
1546 2921 1839 3008 excidium.
1874 2974 1893 3006 ‹
1921 2956 2104 3012 Abra-

518 3012 664 3083 ham,
702 3017 875 3091 inquit
902 3025 1200 3098 Scriptura,
1234 3012 1572 3108 consurgens
1596 3056 1784 3108 mane,
1810 3044 1898 3098 ubi
1930 3055 2103 3103 stete-

517 3121 602 3164 rat
628 3115 776 3182 prius
796 3135 919 3175 cum
948 3123 1204 3194 Domino,
1236 3131 1464 3190 intuitus
1486 3147 1571 3191 est
1595 3136 1884 3195 Sodomam
1913 3150 1968 3197 et
1988 3142 2100 3199 Go-

517 3206 795 3264 ntorrbam
825 3222 878 3267 et
908 3217 1218 3275 universam
1250 3232 1449 3280 terram
1475 3229 1709 3298 regionis
1735 3231 1911 3300 illius;
1942 3234 2103 3290 vidit-
2131 3218 2177 3285 (ἶ

515 3313 620 3364 que
649 3307 1029 3364 ascendentem
1060 3313 1298 3371 favillam
1330 3321 1397 3374 de
1434 3329 1577 3377 terra
1604 3363 1619 3389 ,
1665 3327 1822 3395 quasi
1864 3324 2104 3386 fornacis

512 3387 719 3447 fumum
751 3394 903 3467 (Gen.
941 3402 1073 3474 xix).
1115 3424 1133 3456 ι

1129 3493 1356 3552 CAPUT
1394 3499 1486 3554 IX.

1034 3583 1064 3636 Ι
1068 3603 1100 3637 ιι
1128 3589 1306 3641 eadem
1337 3592 1574 3659 epistola.

585 3663 754 3721 Porro
796 3677 975 3725 autem
1005 3674 1130 3727 dum
1161 3685 1214 3730 et
1260 3678 1469 3734 Thebes
1503 3697 1626 3736 eum
1660 3685 1772 3739 suis
1796 3687 2101 3757 agminibus

512 3751 783 3811 obsideret
813 3760 1090 3828 oppidum,
1123 3767 1369 3821 eumdem
1400 3780 1588 3824 contra
1622 3751 1931 3831 castitatem
1961 3779 2098 3834 Abi-

514 3844 721 3902 nielech
751 3851 962 3907 videtur
992 3853 1253 3924 ﬁgurasse
1294 3859 1625 3918 conﬂictum.
1678 3884 1697 3917 ι
1734 3866 1864 3920 Erat
1909 3881 2092 3925 autem

514 3932 681 3986 turris
703 3937 931 3999 excelsa,
963 3957 981 3991 ι
1012 3949 1072 3993 ιιι
1092 3941 1372 4013 Scriptura
1402 3955 1649 4017 testatur,
1683 3970 1702 4004 ‹
1729 3952 1780 4006 ῑιι
1811 3954 1988 4010 medio
2014 3958 2094 4012 ci-

512 4020 720 4090 vitatis,
749 4028 815 4081 ad
845 4044 1006 4098 quam
1038 4032 1392 4103 confugerant
1420 4039 1518 4093 viri
1543 4040 1703 4095 simul
1728 4060 1790 4098 ac
1816 4045 2093 4115 mulieres,

509 4122 561 4167 et
584 4130 773 4171 omnes
792 4120 1063 4192 principes
1085 4124 1345 4191 civitatis,
1370 4129 1548 4186 clausa
1576 4131 1890 4192 ﬁrmissime
1904 4135 2088 4207 janua,

507 4220 562 4265 et
581 4227 743 4281 super
765 4217 931 4272 turris
954 4228 1152 4275 tectum
1177 4233 1383 4279 stantes
1397 4241 1492 4296 per
1506 4233 1913 4303 propugnacula
1937 4233 2089 4304 (Iud.

503 4300 601 4368 ix).
639 4320 658 4353 ι
686 4301 910 4372 Civitas,
940 4311 1263 4367 universalis
1290 4314 1566 4383 Ecclesia;
1603 4322 1790 4387 turris,
1820 4324 2091 4383 castitatis

501 4402 585 4444 est
613 4396 942 4464 eminentia;
990 4402 1057 4455 ad
1101 4418 1265 4472 quam
1305 4406 1665 4478 confugerant
1710 4414 1807 4467 viri
1836 4415 1995 4469 simul
2024 4412 2089 4474 ac

501 4479 780 4547 mulieres,
830 4485 998 4543 fortes
1042 4490 1251 4547 scilicet
1279 4504 1333 4548 et
1357 4496 1587 4564 inﬁrmi;
1621 4502 1895 4573 principes
1921 4506 2084 4563 etiam

501 4571 762 4638 civitatis,
791 4577 926 4631 ordo
948 4578 1197 4660 videlicet
1220 4584 1563 4654 clericorum,
1594 4593 1685 4660 qni
1723 4602 1871 4647 tenet
1901 4595 2087 4654 Eccle-

499 4664 593 4718 siae
614 4667 995 4738 principatum.
1027 4690 1047 4722 ‹
1075 4656 1355 4731 Accedens
1385 4678 1565 4749 itaque
1594 4656 1904 4739 dbimelecli
1926 4685 2083 4755 juxta

501 4756 693 4809 turrim
725 4760 889 4828 cmpit
921 4761 1211 4821 instantius
1258 4766 1539 4832 dimicare,
1568 4780 1624 4826 et
1649 4777 2087 4847 appropinquans

497 4846 638 4903 ostio
667 4847 845 4918 ignem
867 4852 1170 4909 conabatur
1196 4860 1697 4935 apponere(lbid.).
1725 4884 1743 4916 ι
1774 4865 1886 4921 Hoc
1905 4846 2088 4938 itaque

496 4938 658 4992 modo
703 4938 889 4995 clerici
914 4942 1219 5012 petulantes
1257 4956 1312 5003 et
1335 4948 1607 5017 infruniti,
1636 4956 1768 5008 turri
1814 4959 2085 5017 castitatis

1477 390 1977 455 COLLEC'I‘ANEA
2014 401 2085 458 IN
2125 402 2354 464 VETUS
2394 410 2935 474 TESTAMENTUM.

3686 431 3835 488 £088

2163 498 2214 557 Α
2241 510 2463 569 percute
2492 519 2578 559 me
2600 544 2617 571 ,
2666 521 2735 562 ne
2778 505 2916 566 forte
2945 509 3159 568 dicatur
3187 517 3329 586 quod
3356 534 3389 574 a
3414 519 3616 576 femina
3661 525 3838 581 inter-

2247 591 2421 649 fectus
2478 611 2598 651 sum
2647 597 2748 666 Qui
2780 598 2930 669 jnssa
2972 604 3300 674 perﬁciens,
3365 611 3636 671 interfecit
3677 633 3836 673 eum.

2245 681 2396 753 (Iud.
2423 686 2557 758 th).
2603 708 2623 742 ι
2663 688 2730 745 Ut
2759 702 2940 747 autem
2972 695 3024 750 in
3054 696 3138 752 his
3163 701 3343 756 verbis
3365 718 3477 759 non
3504 707 3708 763 diutius
3733 711 3839 764 imo

2243 787 2540 841 moremur,
2567 781 2815 850 fragmen
2845 783 2946 840 hoc
2995 786 3177 853 molae,
3218 792 3359 860 quod
3389 795 3706 853 Abimelech
3739 816 3833 855 ce»

2242 865 2459 921 rebrum
2488 866 2668 940 fregit,
2695 873 2828 928 nihil
2848 884 2939 931 est
2959 877 3104 933 aliud
3128 895 3290 950 quam
3312 900 3505 941 saxum
3528 888 3658 945 illud
3680 892 3829 960 quod

2226 958 2429 1033 Daniel
2454 962 2571 1017 sine
2600 967 2847 1023 manibus
2878 970 3174 1027 abscissum
3212 975 3278 1030 de
3314 989 3499 1035 monte
3540 986 3832 1052 conspexit

2237 1048 2399 1120 (Dan.
2428 1052 2523 1121 ti);
2557 1055 2671 1125 ipse
2693 1058 2945 1115 videlicet
2972 1062 3247 1130 Dominus,
3279 1069 3371 1138 qui
3396 1070 3461 1123 de
3485 1073 3620 1127 sein
3646 1048 3831 1130 Evan-

2580 1161 2593 1197 :
2641 1163 2659 1196 ι
2698 1145 2800 1213 Qui
2849 1150 3104 1207 ceciderit
3146 1169 3308 1224 super
3349 1157 3593 1229 lapidem.
3622 1162 3822 1229 istum,

2233 1227 2635 1300 confringetur;
2672 1250 2833 1306 super
2872 1255 3030 1308 quem
3082 1258 3210 1299 vero
3253 1227 3546 1316 ceciderit,
3575 1262 3826 1311 conteret

2230 1332 2355 1374 eum
2386 1321 2601 1392 (Manli.
2634 1337 2768 1399 XXI).
2808 1349 2825 1382 ι
2863 1330 3053 1388 Mulier
3078 1351 3207 1392 vero
3228 1378 3244 1403 ,
3276 1339 3343 1394 de
3372 1339 3526 1409 cujus
3566 1344 3825 1402 manibus

2228 1410 2481 1480 mittitur,
2515 1430 2671 1472 sacra
2702 1418 2785 1475 lex
2817 1430 2920 1487 est,
2956 1424 3113 1496 177
3143 1442 3264 1498 quae
3291 1428 3575 1500 ﬂagitiosis
3601 1434 3820 1503 pudici-

2228 1504 2317 1560 tia:
2339 1512 2798 1581 contemptoribus
2817 1519 3153 1587 repentinum
3174 1521 3374 1580 Christi
3389 1522 3651 1593 judicium
3673 1543 3825 1585 com-

2225 1597 2483 1654 minatur.
2528 1601 2604 1658 De
2645 1619 2752 1675 quo
2792 1623 2887 1676 per
2922 1608 3211 1667 Jeremiam
3242 1615 3441 1670 dicitur
3466 1635 3479 1671 :
3508 1636 3535 1670 (ι
3563 1617 3818 1690 Nunquid

2223 1702 2331 1742 non
2363 1691 2525 1746 verba
2559 1708 2676 1749 mea
2711 1705 2836 1751 sunt
2865 1700 3021 1768 quasi
3062 1701 3222 1772 ignis,
3265 1704 3395 1760 dicit
3435 1708 3727 1769 Dominus.
3759 1721 3817 1769 et

2223 1779 2378 1846 quasi
2404 1781 2629 1838 malleus
2660 1796 2950 1845 conterens
2976 1794 3231 1861 petram?
3266 1814 3286 1847 ι
3315 1794 3450 1866 (Jer.
3479 1800 3664 1870 xxtu.)
3704 1802 3814 1855 Ar-

2146 1867 2191 1926 B
2223 1867 2397 1937 miger
2432 1884 2559 1927 vero
2585 1873 2927 1941 Abimelecb,
2976 1881 3221 1939 diabolus
3251 1893 3370 1952 est,
3420 1888 3513 1958 qui
3562 1867 3818 1947 videlicet

2220 1959 2476 2017 omnibus
2504 1963 2598 2033 qui
2637 1967 2828 2022 turrim
2858 1970 3128 2028 castitatis
3155 1990 3469 2048 oppugnant
3499 1994 3653 2035 arma
3690 1981 3817 2037 libi-

2220 2049 2360 2107 dinis
2383 2062 2437 2108 et
2461 2065 2622 2112 acuta
2655 2057 2882 2116 luxuria:
2918 2060 3099 2131 jacnla
3143 2067 3544 2127 subministrat.
3592 2073 3670 2129 De
3690 2074 3815 2144 qui-

2217 2138 2319 2196 bus
2340 2140 2535 2210 jaculis
2569 2148 2698 2204 dicit
2721 2149 3009 2220 Apostolus
3038 2168 3055 2209 :
3088 2174 3107 2208 ι
3141 2156 3199 2212 In
3229 2160 3482 2216 omnibus
3519 2138 3802 2221 sumentes

2218 2241 2430 2290 scutum
2481 2236 2640 2305 ﬁdei,
2679 2241 2731 2295 in
2757 2259 2865 2311 quo
2894 2246 3116 2314 possitis
3140 2250 3320 2304 omnia
3354 2252 3455 2310 tela
3489 2256 3811 2325 nequissimi

2217 2321 2372 2392 ignea
2402 2329 2748 2401 exstinguere
2774 2332 2991 2406 (Ephes.
3023 2337 3122 2410 vi).
3159 2359 3177 2392 ι
3211 2340 3275 2396 Ει
3304 2321 3615 2414 ριόριιειείε
3648 2366 3669 2398 ‹
3702 2348 3806 2416 lbi,

2215 2414 2410 2486 inquit,
2441 2419 2612 2477 Assur
2638 2440 2760 2480 cum
2792 2429 2957 2484 armis
2978 2431 3090 2486 suis
3111 2432 3331 2504 (Ezech.
3357 2438 3551 2507 xxxii).
3584 2460 3603 2493 ι
3630 2440 3808 2509 Quem

2212 2521 2342 2578 ergo
2373 2511 2569 2567 mulier
2592 2513 2857 2587 fragmine
2884 2520 3037 2575 mola:
3069 2525 3369 2592 percussit,
3398 2529 3634 2600 armiger
3673 2547 3807 2588 ense

2210 2606 2470 2669 peremit,
2490 2606 2615 2674 quia
2633 2608 2902 2667 castitatis
2919 2614 3281 2683 adversarios,
3299 2619 3494 2689 quibus
3516 2621 3805 2693 Scriptura

2210 2704 2366 2745 sacra
2387 2691 2648 2761 judicium
2670 2699 2864 2756 divina:
2891 2704 3378 2777 animadversionis
3401 2710 3656 2777 intentat,
3679 2714 3799 2767 dia-

2207 2780 2363 2837 bolus
2392 2792 2606 2841 mlernze
2625 2789 2814 2845 mortis
2839 2791 3209 2851 internecione
3233 2797 3494 2866 trucidat;
3518 2808 3577 2855 ut
3599 2791 3805 2871 quibus

2207 2872 2387 2929 fuerat
2427 2877 2676 2934 minister
2704 2881 2756 2936 in
2796 2898 2975 2955 pugna
3005 2888 3319 2944 eorumdem
3349 2890 3420 2944 sit
3452 2893 3800 2961 postmodum

2208 2973 2378 3023 tortor
2400 2970 2453 3024 in
2479 2986 2670 3041 pmna,
2701 2989 2926 3044 quaeque
2955 2976 3058 3032 illis
3085 2988 3272 3034 contra
3297 2983 3611 3050 pudicitiam
3638 3000 3794 3040 arma

2206 3068 2579 3129 suggesserat,
2628 3064 2815 3119 eadem
2857 3067 3196 3138 exigentibus
3244 3073 3454 3129 meritis
3504 3075 3559 3128 in
3603 3090 3795 3132 eorum

2206 3154 2333 3205 tunc
2354 3148 2601 3221 jugulum
2624 3163 2822 3211 vertat.

2830 3245 3058 3305 CAPUT
3095 3250 3165 3306 X.

2526 3329 2596 3385 In
2646 3349 2885 3389 sermone
2918 3336 2982 3390 de
3019 3348 3201 3395 sancto
3230 3341 3461 3398 Amimo.

2278 3420 2646 3488 Quorumdam
2684 3425 2843 3495 plane
2877 3428 3011 3484 ﬁdes
3047 3440 3132 3486 est
3158 3447 3316 3496 vana,
3357 3434 3612 3504 ﬂaccida,
3639 3454 3787 3510 pra:-

2206 3513 2432 3569 tendens
2481 3515 2696 3584 quidem
2738 3517 2791 3571 in
2842 3520 3128 3589 superﬁcie
3182 3524 3621 3595 similitudinem,
3674 3548 3787 3588 nou

2204 3599 2382 3661 autem
2416 3607 2622 3665 habens
2660 3610 2988 3670 intrinsecus
3026 3616 3332 3673 veritatem.
3374 3619 3578 3677 [lorum
3618 3641 3780 3695 porm

2202 3704 2427 3753 tenuere
2464 3697 2693 3769 ﬁguram
2742 3703 2834 3772 qui
2882 3704 3008 3760 olim
3044 3706 3111 3761 de
3147 3709 3342 3779 popqu
3391 3711 3649 3782 Ephraim
3690 3732 3781 3771 ve.

2201 3785 2412 3844 nientes
2449 3789 2515 3844 ad
2542 3791 2673 3845 vada
2705 3791 2977 3861 Jordanis,
3008 3796 3134 3851 dum
3163 3800 3437 3863 nescirent
3471 3805 3781 3873 exprimere

2199 3877 2475 3961 sebboleth
2524 3877 2963 3958 [schibboletth],
3004 3888 3098 3943 sed
3140 3891 3415 3957 jebboleth
3460 3892 3780 3969 [sibbolethl

2197 3960 2412 4036 potius,
2455 3979 2707 4040 tanquam
2742 3975 3027 4046 peregrina
3064 3976 3243 4047 lingua
3282 3960 3619 4049 proferrent.
3667 3960 3776 4039 Ga:

2198 4054 2523 4114 laaditarum
2557 4062 2749 4129 gladiis
2799 4065 2925 4119 (πεηεί
2956 4074 3082 4121 sunt
3118 4067 3270 4139 (Jud.
3300 4070 3422 4141 xu).
3463 4072 3601 4138 Quid
3630 4074 3777 4129 euint

2197 4162 2294 4215 per
2334 4148 2661 4217 Iordanem,
2711 4154 2766 4207 in
2826 4171 2933 4223 quo
2972 4156 3222 4213 Salvator
3272 4170 3457 4215 noster
3511 4162 3774 4233 baptizari

2195 4228 2448 4315 dignatus
2476 4253 2581 4307 est,
2610 4245 2711 4300 nisi
2744 4245 3078 4316 baptismns?
3109 4249 3247 4317 Quid
3291 4267 3420 4308 vero
3452 4268 3549 4323 per
3580 4254 3775 4308 sebbo-

2193 4327 2322 4393 leth,
2351 4332 2493 4400 quod
2525 4332 2913 4404 interpretatur
2948 4339 3117 4407 spica,
3146 4340 3247 4395 nisi
3280 4340 3412 4396 ﬁdes
3449 4351 3533 4397 est
3568 4343 3770 4398 intelli-

2194 4420 2406 4490 genda?
2441 4422 2580 4477 sicut
2603 4426 2745 4480 enim
2778 4427 2928 4497 spica
2962 4428 3163 4483 victum
3199 4431 3401 4510 praebet
3437 4432 3769 4496 hominibus,

2193 4511 2266 4567 ita
2315 4522 2371 4568 et
2415 4514 2481 4570 de
2528 4515 2633 4569 ﬁde
2681 4517 2883 4572 dicitur
2924 4519 3050 4589 quia
3098 4537 3118 4572 ι
3166 4521 3347 4589 justus
3384 4536 3451 4577 ex
3502 4521 3605 4579 ﬁde
3639 4524 3770 4578 vivit

2190 4601 2420 4670 (Habac.
2450 4620 2520 4670 ιι;
2556 4604 2712 4660 Rom.
2748 4608 2809 4677 ι).
2843 4627 2861 4659 ι
2891 4609 2958 4663 Et
3002 4609 3145 4665 sicut
3176 4610 3325 4680 spica
3366 4611 3533 4666 multa
3563 4613 3618 4667 in
3656 4614 3774 4672 suis.

2189 4694 2373 4749 aristis
2401 4711 2567 4765 grana
2607 4700 2867 4763 recondit,
2904 4700 2976 4753 ita
3005 4708 3061 4754 et
3084 4702 3384 4773 symbolum
3412 4713 3611 4759 nostra:
3639 4720 3770 4760 con-

2188 4781 2439 4839 fessionis
2474 4785 2702 4853 plurima
2732 4789 2783 4842 in
2820 4805 2878 4843 se
2904 4787 3023 4843 fidei
3049 4791 3256 4846 semina
3287 4791 3506 4864 colligit.
3538 4792 3767 4850 Venien-

2190 4882 2270 4929 tes
2325 4876 2507 4946 itaque
2557 4878 2625 4933 ad
2679 4878 2967 4934 Jordanem
3017 4881 3285 4950 Ephratmi
3332 4882 3687 4938 consuluntur
3730 4899 3761 4938 a

2187 4963 2484 5021 Galaaditis
2529 4970 2799 5037 quomodo
2850 4971 3054 5039 spicam
3097 4973 3404 5040 exprimant
3440 4994 3453 5028 :
3486 4976 3762 5030 venientes
