4078 5382
279 175 449 235 H189
1594 177 1662 234 IN
1699 175 1966 234 LIBRUM
2018 172 2336 234 JUDICUSI.
3449 186 3586 241 I093

280 299 528 367 spicam
564 294 781 366 quidem
810 293 1135 365 intelligunt,
1167 293 1285 358 sed,
1317 292 1442 364 quia
1472 293 1778 364 exprimere
1802 307 1901 348 ne-
1928 297 1977 357 Α
2006 291 2128 361 igne
2164 293 2393 362 mystice
2445 307 2542 360 per
2575 291 2917 347 Psahnistam
2963 293 3160 348 dicitur
3205 312 3217 348 :
3267 311 3284 346 ι
3341 295 3588 351 Tradidit

279 390 526 454 sciunt,
576 389 917 441 moriuntur:
951 385 1024 438 ita
1069 393 1126 439 et
1168 383 1260 453 qui
1307 382 1511 437 fontem
1565 383 1904 452 baptismatis
2006 382 2256 449 grandini
2307 381 2553 448 jumenta
2611 397 2833 448 eorum,
2885 391 2939 438 et
2987 385 3354 453 possessiones
3397 401 3586 441 eorum

285 486 612 548 expetunt,
637 493 668 531 a
695 474 1072 532 vitafunditus
1099 473 1374 537 decidunt,
1395 473 1499 528 nisi
1523 474 1682 528 ﬁdem
1709 475 1902 542 ipsam,
2006 469 2116 540 igni
2146 469 2316 541 (Paul.
2341 474 2568 541 ιλιι-ιι).
2606 492 2624 524 ι
2656 474 2920 540 Quoniam
2950 475 3089 529 sicut
3115 476 3242 530 boni
3277 478 3588 532 sacerdotes

285 584 482 639 quam
521 567 698 623 edocti
728 575 856 622 sunt
892 565 1136 629 credere,
1177 563 1486 618 studuerint
1523 562 1688 616 etiam
1735 562 1905 616 bono-
2007 561 2118 614 Deo
2155 561 2522 629 quorumlibet
2573 563 2803 616 ﬁdelium
2842 563 3140 619 oblationes
3176 575 3230 620 et
3265 577 3387 620 vota
3432 581 3586 622 com-

287 676 432 714 rum
503 675 725 730 operum
769 658 1145 714 enuntiatione
1209 656 1470 728 proferre.
1521 657 1599 711 Ita
1648 656 1903 710 nimirum

287 749 552 803 alterum
592 751 790 818 pendet
824 762 891 802 ex
935 747 1104 801 altero
1133 755 1192 800 ιιι
1219 761 1402 802 semen
1450 745 1572 800 ﬁdei
1611 760 1905 816 exsurgere

290 837 518 891 debeat
557 837 608 890 in
640 837 842 906 spicam
873 835 1230 904 operationis.
1263 833 1413 900 Quod
1443 843 1497 888 et
1529 833 1779 888 Salvator
1807 849 1904 889 no-

289 927 745 991 ster‘evidentcr
772 925 1027 980 ostendit.
1064 922 1198 978 Nam
1233 939 1356 979 cum
1396 925 1709 994 pneciperet
1743 924 1903 978 disci-

287 1019 482 1088 pulis,
536 1019 721 1074 dicens
754 1037 767 1073 :
818 1037 836 1070 t
873 1016 972 1083 lte,
1018 1018 1210 1073 docete
1257 1033 1446 1072 omnes
1483 1027 1690 1088 gentes,
1724 1018 1903 1087 bapti-

294 1121 513 1166 zantes
559 1126 654 1164 eos
691 1111 744 1164 in
794 1110 1013 1164 nomine
1055 1109 1267 1172 Patris,
1315 1117 1370 1162 et
1399 1108 1550 1175 Filii,
1579 1118 1635 1163 et
1672 1109 1905 1180 Spiritus

292 1203 527 1266 sancti;
578 1222 595 1254 ι
632 1202 876 1271 protinus
916 1199 1120 1254 addidit
1154 1215 1166 1251 :
1207 1217 1225 1251 ι
1257 1201 1519 1253 Docentes
1554 1215 1648 1253 eos
1688 1213 1905 1254 servare

293 1293 499 1350 otnnia
550 1306 883 1365 quaecunque
942 1291 1192 1347 mandavi
1253 1289 1414 1361 178
1468 1290 1616 1344 vobis
1670 1289 1901 1361 (Matth.

297 1389 538 1457 axvm).
571 1408 588 1440 ι
609 1389 683 1442 Ac
707 1387 752 1440 si
776 1395 963 1456 aperte
989 1385 1133 1438 dicat
1163 1401 1174 1437 :
1201 1383 1395 1438 Semen
1423 1382 1541 1436 ﬁdei
1571 1381 1624 1436 in
1650 1381 1905 1437 cordibus

298 1479 604 1532 homiumn
656 1476 849 1538 serite,
893 1483 948 1530 et
987 1490 1111 1529 mox
1164 1474 1540 1527 mandatorum
1594 1472 1902 1542 germinan-

298 1571 449 1623 tium
509 1570 714 1639 spicam
762 1568 995 1638 qualiter
1021 1566 1352 1636 operationis
1388 1565 1567 1636 lingua
1597 1566 1904 1636 exprimere

300 1661 582 1726 debeant,
625 1661 878 1726 edocele,
912 1675 979 1714 ne
1009 1660 1374 1714 soltecismum
1417 1657 1616 1711 faciant
1660 1657 1714 1710 in
1758 1657 1904 1725 spica
1940 1659 1981 1718 Β
2009 1642 2179 1695 δῑυίυε
2221 1659 2233 1694 τ

291 1753 525 1820 operis,
559 1751 649 1821 qui
685 1766 744 1806 se
786 1751 852 1805 de
880 1759 1058 1804 monte
1089 1749 1372 1819 Ephraitn,
1405 1748 1507 1802 hoc
1533 1754 1618 1801 est
1648 1749 1712 1801 de
1741 1746 1900 1801 celsi-

301 1845 511 1898 tudine
581 1858 702 1897 esse
767 1850 1033 1896 testantur
1094 1840 1476 1895 ecclesiastica:
1536 1838 1900 1892 fecunditatis.

295 1937 679 2006 Quapropter,
709 1934 1069 1998 dilectissimi,
1099 1947 1388 1987 caveamus
1425 1947 1491 1985 ne
1535 1930 1669 1985 ﬁdes
1717 1939 1903 1984 nostra

303 2027 652 2096 superducto
684 2041 782 2079 nos
825 2024 992 2078 solius
1032 2021 1382 2091 professionis
1427 2019 1606 2074 colore
1649 2018 1900 2088 decipiat,

303 2129 363 2175 et
399 2131 662 2189 tanquam
697 2119 874 2172 inanis
900 2117 1069 2188 spica,
1103 2115 1422 2170 vacantibus
1450 2114 1670 2177 culmis,
1699 2115 1904 2183 absque

308 2212 630 2266 dilectionis
675 2209 906 2264 medulla
963 2207 1223 2262 follescat.
1254 2206 1532 2259 Imitemur
1570 2204 1728 2258 fidem
1761 2220 1904 2258 mar-

309 2313 528 2375 tyrum,
562 2316 659 2371 per
685 2316 846 2369 quam
892 2300 1172 2352 vincentes
1209 2311 1375 2366 regna
1415 2305 1682 2349 terrarum
1722 2293 1900 2362 adepti

309 2405 444 2449 sunt
477 2393 696 2464 prmtnia
726 2391 990 2462 promissa
1026 2390 1284 2444 cmlorum
1318 2386 1500 2457 (Hebr.
1537 2385 1635 2456 χι).
1666 2384 1747 2438 Sit
1775 2399 1904 2452 ergo

311 2486 456 2540 ﬁdes
495 2493 678 2538 nostra
713 2482 902 2544 solida,
952 2483 1022 2536 sit
1060 2495 1207 2543 vera,
1258 2478 1330 2532 sit
1377 2477 1618 2538 robusta,
1667 2482 1723 2526 ut
1759 2487 1906 2530 nunc

311 2582 504 2635 eundo
539 2596 635 2650 per
666 2579 820 2633 ﬁdem
855 2577 1232 2648 perveniamus
1277 2573 1342 2628 ad
1392 2572 1645 2642 speciem,
1674 2570 1904 2624 videndo

310 2688 414 2742 per
464 2670 769 2738 arnigma‘tis
815 2666 1127 2736 speculum,
1177 2663 1498 2733 quandoque
1545 2660 1906 2729 perducantur

310 2762 383 2816 ad
416 2760 592 2830 ipsius
619 2774 840 2814 summa:
871 2755 1114 2811 veritatis
1141 2754 1388 2808 obtutum
1416 2751 1464 2818 (I
1493 2749 1616 2804 Cor.
1650 2752 1769 2821 χιι).

933 2866 1161 2925 CAPUT
1199 2865 1292 2920 XI.

311 2985 385 3041 In
418 2985 642 3054 epistola
683 2984 752 3036 ad
789 2981 1092 3036 Adeluidcm
1123 2976 1457 3054 contitissant,
1500 2990 1604 3054 qua
1635 2989 1748 3054 eam
1779 2989 1904 3052 con-

389 3047 612 3126 fafdcrat
657 3056 894 3123 ep'iscolio
945 3059 1156 3120 propter
1205 3049 1634 3099 incontinentiam
1683 3047 1899 3096 clerico-

392 3145 535 3181 runt.

391 3219 548 3275 Sicut
576 3225 729 3271 vetus
761 3224 944 3269 narrat
976 3210 1200 3268 historia
1233 3227 1246 3263 :
1282 3229 1299 3260 (
1330 3207 1480 3278 Cepit
1521 3205 1748 3260 Samson
1790 3214 1900 3259 tre-

316 3321 512 3368 centas
541 3311 744 3381 vulp_cs,
777 3310 1084 3376 caudasque
1111 3321 1298 3360 earutn
1322 3302 1564 3370 adiunxit
1593 3302 1657 3354 ad
1681 3301 1902 3366 caudas,

316 3415 375 3459 et
436 3402 581 3458 faces
633 3373 816 3472 ligavit
866 3401 918 3454 in
958 3401 1160 3464 medio;
1211 3413 1345 3467 quas
1396 3397 1518 3463 igne
1573 3394 1903 3448 succendens

319 3492 533 3545 dimisit
563 3498 622 3544 ut
673 3490 775 3543 huc
824 3490 1056 3558 illucque
1113 3487 1521 3541 discurrerent:
1561 3498 1678 3551 qute
1719 3483 1902 3536 statim

315 3589 684 3652 perrexerunt
719 3582 770 3634 in
811 3589 1021 3649 segetes
1063 3577 1490 3630 Philistinorum.
1527 3573 1730 3639 Quibus
1783 3585 1905 3626 suc-

314 3671 500 3724 censis
530 3680 583 3723 et
603 3667 1075 3738 comportanejam
1105 3665 1304 3733 fruges,
1329 3672 1385 3718 et
1405 3664 1584 3717 adhuc
1614 3671 1819 3716 stantes
1847 3661 1901 3715 in

311 3760 542 3825 stipula,
579 3766 933 3811 concremata:
962 3763 1082 3809 sunt
1121 3754 1172 3806 in
1205 3762 1414 3807 tantum
1455 3758 1512 3804 ul.
1550 3751 1734 3804 vineas
1764 3766 1901 3819 quo-

310 3863 418 3917 que
461 3858 513 3902 et
554 3847 747 3902 oliveta
777 3845 990 3898 ﬂamma
1016 3851 1358 3898 consumeret
1389 3841 1538 3910 (Iud.
1575 3841 1684 3910 xv).
1723 3861 1738 3890 ι
1779 3840 1904 3895 Haec

310 3941 485 4009 plane
525 3938 748 3992 historia
773 3937 895 3990 licet
921 3932 1294 4005 principaiitcr
1331 3933 1573 4000 designet
1599 3930 1901 3992 lucreticos,

315 4031 408 4100 qui
460 4028 612 4098 quasi
652 4026 1049 4081 trecentcnario
1098 4039 1324 4077 numero
1371 4021 1744 4084 continentur,
1779 4019 1902 4088 quia

319 4130 524 4175 sanetae
551 4119 834 4173 Trinitatis
875 4117 1034 4171 ﬁdem
1075 4117 1402 4169 vcrhotenus
1431 4114 1776 4172 conﬁtentur,
1805 4111 1900 4165 sed

320 4216 449 4265 dum
483 4211 582 4264 sub
629 4209 932 4263 velamento
963 4206 1277 4260 orthodoxa:
1322 4204 1440 4258 ﬁdei
1487 4204 1540 4257 in
1583 4204 1755 4271 prima
1790 4216 1902 4254 ser-

320 4301 496 4354 monis
533 4299 613 4354 sui
644 4299 822 4352 fronte
849 4314 906 4352 se
937 4297 1184 4367 palliaut,
1220 4297 1396 4362 ignem
1422 4310 1601 4362 pravae
1639 4291 1899 4346 doctrina:

2006 651 2288 717 mendant,
2319 651 2389 704 ita
2419 652 2730 721 plerumque
2759 654 2848 723 qui
2885 656 3057 709 sacris
3087 657 3346 711 altaribus
3381 658 3583 729 indigni

2005 749 2152 806 sunt,
2194 741 2527 797 horribiliter
2556 753 2802 813 gravant.
2832 744 2984 811 Quod
3021 755 3199 801 autem
3232 748 3356 801 mali
3398 765 3584 803 sacer-

2005 827 2158 882 dotes
2203 829 2452 899 vulpibus
2497 841 2898 901 comparentur,
2928 833 3178 889 Ezechiel
3219 852 3431 905 quoque
3462 853 3587 906 pro-

2004 917 2165 986 pheta
2207 927 2456 985 testatur,
2504 921 2687 976 dicens
2720 939 2732 975 :
2765 940 2783 973 ι
2832 923 2993 990 Quasi
3034 925 3220 995 vulpes
3266 928 3319 982 in
3348 929 3579 985 desertis

2005 1006 2280 1076 propheta:
2310 1009 2382 1062 tui
2407 1019 2580 1073 erant,
2612 1010 2773 1064 Israel
2801 1011 3016 1081 (Ezech.
3050 1019 3188 1085 xm).
3221 1035 3240 1068 ι

2508 1099 2672 1170 179
2708 1100 2934 1156 CAPUT
2977 1101 3090 1156 xu.

2302 1187 2372 1243 In
2402 1205 2638 1243 sermone
2673 1191 2736 1244 de
2768 1193 2961 1245 sanctis
2986 1194 3290 1262 virginibus.

2078 1277 2331 1333 Salvator
2367 1291 2577 1345 noster,
2623 1281 2676 1334 in
2722 1281 2880 1350 hujus
2925 1286 3106 1339 mundi
3142 1263 3390 1357 catnpu'm
3436 1299 3580 1360 pote-

2009 1378 2178 1424 states
2227 1385 2418 1425 aercas
2476 1371 2842 1426 debellaturus
2887 1374 3221 1440 adveniens,
3275 1393 3381 1432 non
3425 1381 3589 1449 elegit

2008 1465 2255 1518 rhetores
2304 1471 2360 1518 et
2404 1463 2784 1534 philosophos,
2817 1465 2911 1519 sed
2941 1464 3215 1535 simplices
3247 1484 3310 1524 ac
3338 1471 3588 1526 litteratis

2007 1553 2285 1607 industria:
2314 1568 2535 1622 prorsus
2573 1553 2824 1624 ignaros;
2860 1555 3145 1624 quoniam,
3169 1558 3308 1612 sicut
3336 1561 3413 1613 ait
3439 1563 3584 1629 Apo.

2279 1662 2296 1693 ι
2333 1642 2461 1709 Qua:
2487 1643 2650 1696 stulta
2676 1653 2803 1698 sunt
2832 1645 2991 1714 hujus
3018 1648 3202 1701 mundi
3237 1648 3395 1718 elegit
3421 1650 3586 1715 Dens,

2007 1742 2064 1787 ut
2110 1735 2405 1789 confundat
2468 1737 2768 1805 sapientes;
2817 1747 2871 1792 et
2920 1739 3156 1806 inﬁrma,
3189 1749 3249 1794 ut
3295 1743 3590 1799 confundat

2004 1825 2166 1879 for.ia
2199 1826 2247 1896 (I
2277 1825 2399 1881 Cor.
2428 1827 2489 1900 t).
2525 1847 2544 1879 ι
2577 1827 2689 1882 Iloc
2713 1844 2944 1898 namque
2978 1829 3066 1883 illa
3098 1831 3325 1886 Samson
3361 1833 3588 1888 victoria

2003 1918 2142 1974 bene
2183 1919 2465 1989 ﬁguravit,
2506 1936 2609 1989 qua
2636 1921 3021 1989 [mandibulam
3063 1925 3200 1977 asini
3240 1923 3583 1979 fervefaciunt

2003 2009 2300 2080 arripiens,
2343 2011 2489 2065 mille
2543 2011 2952 2066 Philistinorum
2999 2014 3147 2070 viros
3194 2015 3412 2070 occidit.
3447 2018 3586 2083 Quid

2001 2100 2146 2153 enim
2192 2116 2287 2170 per
2319 2100 2681 2154 mandibulam
2735 2103 2906 2167 asini,
2936 2106 3078 2173 quod
3126 2105 3312 2175 utique
3357 2107 3584 2176 simplex

2002 2201 2086 2247 est
2121 2193 2350 2258 animal,
2381 2195 2480 2248 nisi
2522 2195 2770 2266 imperita
2800 2197 3124 2266 simplicium
3165 2201 3440 2255 hominum
3489 2219 3585 2258 ora

2003 2282 2325 2351 signantur?
2353 2283 2579 2340 Samson
2613 2287 2796 2356 itaque
2826 2305 2930 2343 non
2955 2305 3078 2343 cmn
3108 2292 3304 2357 armis,
3333 2309 3436 2348 non
3464 2310 3584 2348 cum

2004 2372 2232 2428 diversis
2278 2375 2502 2429 telorum
2566 2379 2891 2446 generibus,
2952 2381 3046 2435 sed
3104 2399 3225 2436 cum
3279 2387 3587 2440 mandihula

2005 2463 2142 2517 asini
2190 2465 2333 2519 tnille
2375 2466 2520 2521 viros
2550 2469 2788 2534 occidit,
2838 2471 2963 2540 quia
3013 2472 3342 2542 Redemptor
3380 2488 3586 2544 noster,

2004 2567 2164 2622 quem
2196 2555 2286 2609 ille
2309 2556 2576 2625 signabat,
2606 2574 2731 2612 cum
2770 2561 3036 2630 imperitis
3061 2573 3115 2617 et
3149 2567 3371 2621 rudibus
3406 2568 3586 2637 perfe-

2005 2647 2153 2697 ctum
2203 2644 2496 2699 inﬁdelium
2548 2664 2832 2703 numerum
2894 2667 2924 2704 a
2981 2652 3090 2706 vita
3143 2656 3339 2710 veteris
3382 2658 3587 2712 erroris

2005 2735 2285 2789 exstinxit.
2331 2735 2466 2802 Quid
2496 2746 2677 2792 autem
2719 2740 2942 2807 mirum,
2986 2743 3029 2796 si
3076 2754 3292 2800 sanctos
3325 2749 3584 2816 praedicat.

2007 2831 2150 2880 tores
2178 2840 2276 2894 per
2301 2827 2437 2881 asini
2467 2829 2737 2882 maxillam
2766 2845 2978 2884 sacrum
3009 2833 3254 2904 designet
3284 2838 3581 2906 eloquium,

2006 2933 2130 2973 cum
2157 2929 2212 2974 et
2259 2919 2431 2988 ipsum
2470 2921 2870 2990 praedicationis
2921 2924 3146 2979 verbum
3197 2943 3294 2994 per
3325 2928 3583 2983 hordeum

1929 3021 1974 3082 c
2005 3010 2326 3078 quandoque
2355 3010 2664 3075 denuntiet,
2692 3012 2835 3080 quod
2863 3021 2946 3066 cst
2982 3014 3166 3082 utique
3208 3015 3462 3082 pabulum
3499 3015 3588 3084 ju-

2009 3101 2350 3154 tnentorum?
2381 3101 2533 3166 Quod
2583 3112 2732 3158 certe
2779 3119 2883 3158 non
2913 3106 3072 3160 modo
3099 3122 3197 3176 per
3235 3107 3586 3179 Evangelicos

2007 3192 2246 3259 quinque
2292 3206 2457 3260 panes
2489 3194 2802 3262 agnoscitur
2843 3195 3038 3266 (Joan.
3067 3213 3117 3250 vt
3140 3198 3184 3267 ),
3214 3199 3306 3252 sed
3339 3216 3433 3269 per
3461 3200 3589 3255 illud

2007 3296 2220 3351 quoque
2258 3283 2400 3352 quod
2448 3283 2567 3350 ille,
2607 3285 2698 3353 qui
2739 3286 2792 3340 in
2839 3287 3034 3341 castris
3079 3288 3289 3344 Madian
3339 3305 3397 3345 se
3444 3306 3591 3346 som-

2007 3373 2186 3427 niasse
2235 3375 2572 3442 perhibebat,
2619 3377 2767 3431 socio
2816 3376 3084 3432 referebat
3129 3397 3142 3432 :
3185 3397 3205 3430 ι
3259 3374 3586 3447 Videbatur,

2007 3464 2218 3534 inquit,
2250 3466 2380 3520 mihi
2427 3467 2582 3536 quasi
2634 3469 3025 3525 subcinericius
3073 3471 3229 3539 panis
3271 3487 3340 3526 ex
3383 3473 3588 3527 hordeo

2004 3558 2181 3622 volvi,
2225 3568 2281 3612 et
2325 3559 2376 3612 in
2424 3557 2635 3614 Madian
2691 3570 2870 3616 castra
2920 3562 3248 3617 descendere
3294 3580 3308 3616 :
3353 3579 3587 3634 cumque

2011 3649 2170 3718 180
2199 3649 2535 3717 pervenisset
2564 3651 2633 3704 ad
2680 3651 3118 3720 tabernaculum,
3147 3653 3414 3724 percussit
3460 3653 3589 3708 illud

2005 3750 2170 3810 atque
2194 3741 2459 3796 subvertit
2487 3740 2638 3812 (Iud.
2673 3742 2792 3810 vn).
2825 3762 2844 3795 ι

2591 3830 2818 3886 CAPUT
2860 3832 2998 3887 XIII.

2253 3921 2323 3976 In
2361 3922 2580 3991 epistola
2619 3923 2686 3974 ad
2726 3924 3005 3977 canonico:
3050 3921 3340 3979 Fortenses.

2074 4013 2176 4080 Qui
2229 4014 2363 4068 alios
2409 4014 2476 4067 ad
2528 4014 2867 4070 rectitudinis
2912 4015 3054 4070 viam
3096 4017 3256 4072 debet
3295 4019 3586 4084 instruere,

2004 4103 2158 4156 valde
2189 4103 2488 4156 cavendum
2521 4110 2606 4156 est
2646 4117 2712 4156 ne
2744 4103 2877 4172 ipse,
2921 4104 3062 4172 quod
3112 4106 3272 4170 absit,
3321 4107 3372 4161 in
3404 4109 3585 4178 aliquo

2003 4194 2251 4248 videatur
2286 4209 2495 4246 errare.
2528 4193 2663 4246 lline
2692 4203 2776 4248 est
2811 4196 2954 4262 quod
2997 4195 3326 4250 lsraeliticus
3362 4201 3588 4267 populus

2003 4286 2068 4338 ad
2095 4284 2456 4339 ulciscendum
2474 4285 2653 4341 scelus
2681 4285 2956 4356 Beniamin
2983 4285 3266 4361 [Belamiu]
3285 4291 3398 4344 zelo
3425 4293 3585 4344 recti-

319 4392 370 4444 in
405 4389 815 4460 posterioribus,
849 4403 956 4457 quo
984 4387 1163 4452 fruges
1197 4385 1436 4439 omnium
1477 4385 1742 4439 bonorum
1773 4397 1896 4451 ope-
1929 4370 1976 4428 D
2005 4376 2205 4430 tudinis
2235 4374 2620 4441 inﬂammatur,
2660 4386 2715 4432 et
2743 4385 2918 4431 tamen
2961 4378 3102 4433 idem
3137 4379 3362 4449 populus
3392 4381 3586 4448 gladiis

320 4499 434 4534 rum
472 4490 794 4542 exuruntur,
837 4479 1146 4540 occultant;
1189 4476 1462 4544 quamvis,
1516 4475 1766 4543 inquam,
1802 4487 1898 4541 per

318 4574 413 4628 has
443 4572 630 4640 vulpes
656 4571 1004 4640 designentur
1051 4567 1314 4629 haeretici,
1362 4567 1446 4620 his
1487 4574 1664 4619 tamen
1712 4565 1898 4618 incon-

319 4668 550 4721 tincntcs
582 4665 763 4719 clerici
796 4681 917 4719 cum
949 4664 1062 4719 suis
1094 4662 1376 4735 pellicihus
1409 4670 1632 4730 possunt
1665 4676 1770 4715 non
1811 4661 1896 4714 in-

319 4756 701 4812 convenienter
729 4755 926 4824 aptari,
965 4756 1054 4823 qui
1086 4753 1240 4825 quasi
1291 4754 1482 4808 solutis
1512 4754 1737 4822 pedibus
1769 4767 1894 4822 gra-

317 4851 555 4914 diuntur,
585 4852 709 4904 dum
739 4849 1036 4905 honestatis
1062 4850 1353 4920 aliquando
1376 4847 1610 4916 speciem
1636 4845 1894 4902 simulare

316 4943 682 5010 praetendunt;
716 4943 809 4995 sed
843 4957 958 4996 ctnn
991 4940 1243 5003 accensis
1273 4938 1480 4993 facibus
1511 4937 1895 4995 comhinantur

315 5031 363 5085 in
387 5031 597 5094 caudis,
628 5031 747 5100 quia
775 5031 922 5101 quasi
955 5030 1288 5108 postposito,
1321 5038 1397 5094 et,
1423 5029 1474 5082 in
1507 5039 1773 5102 quantum
1804 5043 1896 5081 va-

314 5123 439 5186 lent,
478 5123 668 5176 occulti
708 5127 822 5192 igne
859 5123 1111 5189 impudici
1170 5121 1626 5190 conglutinantur
1672 5118 1893 5173 amoris-

311 5211 393 5267 lla:
433 5213 618 5277 itaque
644 5208 922 5278 vulpecula,
959 5212 1098 5290 igne
1128 5209 1543 5269 interveniente
1565 5209 1893 5278 conjuncta.

304 5312 350 5356 et
374 5299 614 5356 libidinis
643 5299 834 5352 facibus
856 5308 1226 5372 comhinalzc.
1259 5303 1442 5354 omnia
1478 5300 1893 5361 Philistinorum

1986 4923 2335 4987 ceciderunt.

1998 4465 2280 4535 Bcnjamin
2327 4476 2451 4520 ante
2495 4468 2857 4535 prosternitur
2895 4467 3046 4534 (Jud.
3093 4468 3206 4537 xx).
3242 4469 3411 4535 Quem
3439 4471 3582 4524 enim

1999 4573 2106 4613 non
2137 4565 2350 4611 moveat
2373 4558 2513 4624 quod
2543 4557 2801 4611 Dominus
2836 4558 2920 4612 bis
2957 4559 3347 4627 interrOgatus,
3397 4561 3480 4614 bis
3518 4561 3584 4612 ad

1999 4648 2292 4703 ineundum
2322 4659 2508 4702 contra
2534 4647 2815 4717 Benjamin
2843 4649 3088 4717 prailium
3111 4649 3257 4703 dedit
3280 4666 3583 4714 assensum,

1998 4752 2055 4793 et
2082 4749 2258 4793 tamen
2305 4739 2358 4792 in
2406 4739 2582 4807 primo
2609 4737 2912 4792 certamine
2959 4739 3144 4808 viginti
3191 4740 3295 4792 duo
3327 4740 3490 4792 millia
3522 4741 3587 4793 de

1999 4831 2282 4894 Israelitis,
2316 4830 2370 4884 in
2421 4829 2660 4885 secundo
2707 4847 2842 4885 vero
2891 4830 3078 4886 decem
3131 4839 3184 4884 et
3237 4839 3358 4884 octo
3425 4831 3587 4884 millia

2411 4921 2550 4989 Quid
2630 4921 2800 4991 igitur
2887 4921 2944 4975 in
3027 4921 3114 4976 his
3189 4920 3590 4988 intelligendum

2001 5025 2123 5081 est,
2193 5015 2318 5083 quid
2377 5015 2757 5076 sentiendum,
2822 5013 2930 5067 nisi
2980 5015 3105 5085 quia
3162 5012 3310 5079 prius
3373 5011 3594 5063 curandi

1983 5121 2130 5174 {sunt
2175 5124 2204 5161 a
2237 5117 2449 5162 tumore
2482 5109 2683 5178 proprii
2740 5104 2992 5164 vulneris
3031 5105 3124 5176 qui
3175 5101 3339 5158 ferire
3385 5103 3598 5157 morbos

2001 5203 2200 5257 alienae
2244 5202 2479 5269 gestiunt
2523 5198 2838 5269 pravitatis,
2889 5209 2951 5254 ut
2983 5197 3080 5270 ipsi
3126 5192 3240 5262 jam
3292 5195 3474 5248 mundi
3506 5210 3600 5262 per

1997 5296 2266 5352 ultionem
2323 5291 2522 5346 suimet
2585 5295 2814 5348 veniant
2876 5284 2971 5361 (ιὑί
3037 5291 3268 5345 aliorum
3319 5297 3600 5357 percutere
