4078 5382
518 313 652 370 1091

1415 309 1909 366 COLLECTANEA
1971 310 2037 364 IN
2079 311 2307 368 VETUS
2348 313 2896 370 TESTAMENTUM.

3653 315 3795 374 i092

515 429 862 484 etmsuleates
897 431 1121 484 dicunt:
1163 449 1179 480 ι
1218 429 1348 496 Quis
1391 433 1496 486 erit
1543 433 1594 486 in
1625 433 1868 486 exercitu
1916 441 2102 486 nostro
2131 440 2178 498 Α
2202 433 2368 501 judex
2420 434 2800 498 constituitur,
2835 443 2896 488 ut
2947 433 3200 489 nimirum
3249 437 3397 506 prius
3435 451 3531 506 per
3579 437 3796 492 confes-

515 520 770 590 princeps
797 523 1108 576 certaminis
1136 533 1322 577 contra
1351 523 1629 591 Beniamin
1661 525 1836 579 ﬁlios?
1859 525 2103 596 Respon-

516 609 596 662 dit
627 627 638 661 :
669 608 835 664 Judas
879 612 952 665 sit
1002 613 1106 665 dux
1157 623 1338 666 vester
1377 613 1528 683 (Jud.
1575 615 1688 685 xx).
1729 634 1745 666 ι
1781 615 1914 681 Quia
1954 617 2099 670 enim

515 698 682 754 Judas
712 701 970 771 confessio
1016 703 1423 773 interpretatur,
1460 715 1608 760 recte
1654 705 1759 760 dux
1802 707 1942 760 illius
1975 707 2098 762 belli

2212 527 2418 578 sionem
2460 523 2677 592 propria
2721 523 2974 576 studeant
3018 539 3195 577 erra.a
3225 526 3515 594 corrigere,
3541 525 3634 594 qui
3669 524 3798 582 aliis

2211 616 2398 670 volunt
2424 631 2666 671 errorem
2697 617 3082 672 conlitentibus
3115 617 3425 674 subvenire.

1612 819 1914 890 Expliciunt
1945 819 2242 874 testimonia
2277 817 2396 871 libri
2420 815 2690 870 Judicum.

1411 930 1755 986 INCIPIUNT
1795 929 2137 985 CAPITULA
2186 927 2366 982 LIBRI
2410 925 2598 981 PRIMI
2638 924 2901 982 REGUM.

585 1044 638 1114 1.
680 1043 757 1096 De
791 1043 942 1106 Heli,
976 1046 1064 1114 qui
1088 1045 1319 1112 ﬁiiorum
1352 1053 1561 1112 peccata
1594 1060 1696 1114 non
1727 1043 2186 1114 digneicorripuit.

584 1113 638 1166 2.
685 1115 858 1178 Quod,
894 1109 1017 1168 dunt
1052 1109 1186 1168 cives
1215 1109 1374 1185 Jabes
1407 1114 1614 1185 Galand
1647 1109 1816 1182 fwdus
1843 1113 1906 1165 ab
1937 1109 2059 1164 Nati
2084 1111 2400 1185 Ammonite,
2426 1111 2514 1185 qui
2545 1126 2660 1162 eam
2687 1109 2973 1175 obsidebat,
3004 1120 3319 1179 expeterent,
3351 1109 3499 1167 Naas
3529 1121 3796 1185 respondit

751 1187 805 1238 in
835 1187 929 1237 hoc
959 1202 1011 1237 se
1041 1202 1155 1237 cum
1185 1187 1257 1237 eis
1285 1184 1440 1252 ferire
1470 1184 1661 1252 fwdus,
1689 1194 1742 1235 ut
1781 1193 1982 1235 erueret
2011 1184 2241 1234 omnium
2270 1181 2446 1234 oculos
2473 1181 2702 1234 dextros.

587 1253 642 1306 5.
683 1251 856 1307 Filius
885 1257 1038 1307 unius
1063 1255 1187 1306 (mni
1210 1251 1318 1306 erat
1353 1251 1508 1316 Saut,
1541 1270 1658 1329 runt
1685 1268 1901 1329 regnare
1929 1253 2162 1329 erupisset
2194 1263 2212 1302 :
2245 1253 2650 1329 etobus‘autem.
2677 1251 3090 1329 annis_regnavi_t
3121 1268 3277 1329 super
3296 1251 3488 1308 Israel.

583 1324 636 1376 4.
683 1324 835 1388 Quod
867 1341 983 1377 cum
1018 1325 1150 1378 Saul
1183 1341 1399 1392 regnare
1428 1325 1598 1391 erepit,
1628 1320 1776 1392 faber
1805 1322 2061 1390 ferrarius
2098 1338 2200 1374 non
2240 1321 2596 1392 inveniebatur
2632 1320 2685 1373 in
2716 1323 2855 1374 omni
2887 1331 3026 1374 terra
3056 1320 3242 1375 Israel.

588 1394 642 1446 5.
684 1393 762 1446 De
803 1394 979 1448 Merob
1006 1405 1052 1446 et
1085 1390 1300 1457 Michbl,
1324 1390 1534 1462 filiabus
1569 1390 1724 1457 Saul,
1751 1409 1882 1462 quas
1908 1392 1996 1446 ille
2022 1392 2290 1462 fmderavit
2317 1390 2487 1444 David
2519 1393 2572 1444 in
2604 1407 2827 1454 uxores;
2859 1391 2948 1444 sed
2977 1408 3079 1443 una
3105 1392 3396 1459 subtracta,
3428 1393 3648 1451 alterum
3695 1401 3798 1454 sibi

752 1465 919 1543 David
949 1464 1481 1543 uxorem‘conjuux'it.

587 1534 639 1587 6.
684 1534 836 1598 Quod
867 1532 1052 1596 David,
1085 1552 1116 1586 a
1149 1525 1295 1602 facie'
1313 1535 1447 1600 regis
1479 1533 1610 1588 Suul
1633 1532 1860 1602 fugiens,
1891 1547 2067 1585 coram
2099 1530 2254 1602 deliis
2287 1545 2402 1602 rege
2432 1525 2560 1582 Geth
2599 1547 2651 1583 se
2682 1529 2856 1599 furere
2881 1530 3165 1587 simulavit.

585 1605 637 1658 7.
681 1604 756 1658 De
785 1603 1100 1675 I’ythouissa
1124 1601 1240 1674 quia
1266 1605 1373 1674 regi
1399 1602 1534 1658 Saut
1563 1601 1704 1657 bona
1723 1619 1817 1673 pro
1845 1603 2000 1655 malis
2025 1601 2245 1654 reddens
2277 1601 2496 1654 vitulum
2527 1602 2666 1654 coxit
2706 1611 2752 1654 et
2781 1601 3016 1654 edulium
3044 1601 3382 1672 preparavit.

1844 1701 2161 1787 .Expliciunt
2198 1712 2451 1784 capitula.

787 1875 1376 1966 NCIPIUNT
1439 1867 2192 1962 TESTIMONIA
2243 1869 2573 1956 LIBRI
2654 1870 3003 1957 PRIMI
3087 1872 3537 1963 REGUM.

836 2045 991 2116 181
1029 2045 1187 2115 182
1235 2039 1462 2098 CAPUT
1502 2039 1792 2095 PRIMUM.

574 2157 640 2212 In
670 2154 888 2227 epistola
919 2155 988 2207 ad
1020 2151 1072 2206 Ν
1078 2152 1303 2235 icoluum
1331 2166 1542 2222 pupum,
1576 2151 1640 2205 de
1669 2149 2046 2204 incontinentia

1111 2239 1492 2293 episcoporum.

588 2319 728 2384 lleli,
761 2318 853 2388 qui
879 2316 1110 2370 ﬁliorum
1138 2323 1362 2384 peccata
1391 2313 1664 2384 cognovit,
1687 2313 1781 2367 sed
1807 2327 1901 2368 eos
1923 2311 2104 2366 invec-

513 2414 660 2466 tione
685 2426 790 2480 qua
817 2409 965 2479 digni
990 2416 1148 2462 erant
1167 2407 1431 2460 acerrima
1457 2420 1562 2458 non
1587 2405 1871 2474 corripuit,
1897 2403 2104 2456 eisdem

515 2501 644 2554 ﬁliis
674 2517 704 2552 a
740 2497 1027 2552 Philistiim
1059 2496 1111 2549 in
1138 2495 1281 2548 bello
1307 2494 1622 2563 peremptis,
1647 2494 1761 2563 ipse
1783 2508 1998 2561 quoque
2037 2491 2105 2546 de

513 2593 646 2648 sella
677 2600 976 2646 retrorsum
995 2589 1195 2643 cecidit
1223 2587 1520 2655 fractisque
1543 2585 1848 2639 cervicibus
1863 2583 2106 2651 exspira-

509 2683 609 2737 vit.
639 2682 776 2749 Quin
818 2689 870 2737 et
908 2695 1034 2734 arca
1085 2679 1291 2732 Domini
1333 2677 1402 2732 ab
1437 2677 1685 2732 hostibus
1723 2685 1879 2746 capta
1915 2685 2020 2739 est,
2050 2683 2106 2730 et

510 2774 663 2842 prius
695 2773 912 2842 quidem
944 2781 1176 2841 quatuor
1216 2769 1402 2833 millia,
1443 2768 1637 2822 deinde
1680 2767 1898 2836 triginta
1939 2766 2104 2820 millia

510 2864 754 2918 virorum
809 2869 936 2917 sunt
996 2861 1271 2916 Pliilistseo
1336 2859 1639 2914 trucidante
1689 2866 1983 2928 prostrata.
2039 2858 2106 2911 Et

511 2955 731 3024 quidem
763 2953 1061 3024 redarguit,
1095 2961 1150 3008 et
1177 2953 1394 3022 quidem
1420 2952 1713 3022 corripuit;
1754 2951 1846 3006 sed
1885 2951 2107 3006 lenitate

510 3053 568 3098 et
597 3045 1014 3099 mansuetudine
1064 3044 1254 3111 patris,
1289 3059 1394 3097 non
1426 3043 1716 3097 severitate
1745 3043 1827 3096 vel
1867 3043 2108 3098 auctori-

513 3142 624 3187 tate
657 3133 968 3203 pontiﬁcis:
1004 3152 1023 3184 ι
1056 3134 1257 3200 Quare,
1287 3133 1495 3202 inquit,
1528 3132 1708 3188 facitis
1735 3149 1822 3188 res
1851 3133 2106 3202 hujusce-

512 3224 684 3286 modi,
719 3239 856 3294 quas
880 3240 978 3295 ego
1008 3226 1187 3290 audio,
1223 3239 1310 3279 res
1333 3225 1596 3294 pessimos
1616 3223 1684 3278 ab
1709 3225 1856 3278 omni
1881 3225 2102 3295 populo?

510 3313 709 3377 Nolite,
745 3316 840 3369 ﬁlii
873 3317 1007 3381 mei;
1039 3331 1143 3370 non
1173 3325 1257 3370 est
1289 3315 1432 3369 enim
1465 3315 1607 3369 bona
1637 3314 1779 3368 fama
1808 3331 1970 3384 quam
2001 3333 2101 3371 au-

2131 2041 2181 2102 B
2208 2035 2339 2092 dicit
2368 2036 2627 2092 Dominus
2651 2051 2665 2091 :
2691 2036 2868 2104 Quare
2889 2039 3039 2094 calce
3060 2039 3293 2110 abjicitis
3315 2042 3592 2098 victimam
3618 2061 3796 2103 meam

2204 2135 2260 2181 et
2283 2141 2509 2181 munera
2537 2141 2676 2193 mea,
2709 2141 2828 2196 qua:
2851 2129 3104 2199 praecepi,
3139 2137 3199 2184 ut
3218 2128 3545 2186 offerrentur
3569 2133 3622 2188 in
3658 2146 3797 2190 tem-

2203 2217 2386 2288 plo,et
2407 2218 2578 2289 magis
2603 2218 2882 2274 honorasti
2907 2219 3048 2275 ﬁlios
3079 2229 3198 2278 tuos
3215 2238 3378 2293 quam
3404 2225 3521 2280 me?
3541 2245 3561 2278 ι
3585 2225 3637 2296 (1
3660 2226 3794 2299 Reg.

2203 2309 2286 2380 ιι).
2334 2309 2392 2364 Si
2434 2324 2566 2381 ergo
2608 2309 2726 2364 Heli
2763 2320 2984 2381 propter
3013 2313 3147 2369 duos
3173 2315 3436 2370 duntaxat
3465 2317 3626 2385 ﬁlios,
3658 2335 3797 2388 quos

2203 2413 2313 2456 non
2339 2414 2401 2453 ea
2432 2414 2539 2468 qua
2563 2399 2712 2470 digni
2739 2410 2898 2454 erant
2927 2401 3237 2458 invectione
3261 2405 3544 2474 corripuit,
3569 2423 3690 2461 cum
3713 2409 3795 2463 eis

2205 2487 2366 2543 sianil
2395 2498 2451 2542 e’.
2485 2503 2607 2542 cum
2653 2498 2733 2544 tot
2771 2489 3052 2546 hominum
3083 2492 3430 2550 multitudine
3463 2496 3654 2566 periit,
3685 2513 3792 2568 qua

2205 2577 2534 2632 arbitramur
2574 2579 2765 2650 dignos
2793 2595 2912 2636 esse
2948 2584 3218 2639 sententia
3251 2585 3342 2654 qui
3374 2586 3429 2640 in
3459 2586 3574 2640 aula
3607 2588 3792 2643 eccle-

2205 2668 2424 2724 siastica
2451 2680 2504 2724 et
2530 2671 2682 2726 soliis
2699 2671 3060 2742 judicantium
3089 2675 3381 2744 praesident
3403 2684 3456 2730 et
3487 2691 3646 2746 super
3674 2693 3788 2731 non

2206 2760 2404 2834 ignotis
2433 2777 2726 2832 pravorum
2770 2763 3052 2820 hominum
3090 2766 3412 2822 criminibus
3451 2777 3660 2834 tacent;
3694 2769 3790 2838 qui

2205 2853 2330 2907 dum
2374 2853 2733 2909 dehonestare
2773 2854 3023 2911 homines
3070 2856 3122 2911 in
3169 2857 3383 2928 publico
3425 2869 3689 2925 metuunt,
3723 2860 3792 2914 ad

2205 2943 2590 2998 contumeliam
2629 2947 2846 3015 superni
2885 2945 3094 3002 .ludicis
3129 2947 3324 3003 divinae
3358 2949 3492 3021 legis
3536 2952 3790 3006 mandata

2205 3033 2562 3102 confundunt,
2606 3046 2662 3091 et
2709 3037 2835 3091 dum
2883 3038 3110 3109 perditis
3155 3039 3463 3096 hominibus
3509 3044 3788 3098 amittendi

2205 3125 2430 3182 honoris
2461 3125 2697 3182 oﬂicium
2721 3137 2961 3192 servant,
2996 3129 3169 3199 ipsum
3201 3131 3582 3187 ecclesiastica:
3612 3135 3788 3205 digni-

2206 3217 2333 3270 tatis
2351 3217 2641 3272 Auctorem
2668 3218 2964 3273 crudeliter
2988 3219 3348 3275 inhonorant?
3374 3221 3522 3278 Unde
3541 3233 3596 3278 et
3616 3225 3790 3278 cidem

2204 3304 2346 3370 lleli,
2381 3309 2472 3376 qui
2506 3307 2700 3374 Deum,
2733 3323 2862 3364 suos
2890 3308 3031 3364 ﬁlios
3064 3309 3405 3379 honorando,
3443 3323 3786 3384 contempse-

509 3406 600 3458 dio
627 3405 681 3477 (Ι
709 3405 836 3475 Reg.
869 3405 952 3473 ιι).
988 3426 1005 3458 ι
1035 3407 1290 3460 Audierat
1335 3405 1501 3468 enim,
1535 3404 1814 3476 Scriptura
1845 3416 2096 3474 testante,
2128 3392 2174 3454 (ἶ
2207 3404 2322 3462 τίη»
2357 3398 2538 3453 divina
2565 3413 2668 3454 νοΧ
2702 3399 2780 3454 ait
2807 3415 2822 3454 ε
2858 3418 2875 3450 ι
2916 3399 3236 3472 Quicunque
3260 3402 3650 3474 gloriﬁcaveril
3679 3421 3784 3472 Ille.

508 3497 636 3565 quia
676 3497 1022 3551 dormiebant
1055 3513 1174 3550 cum
1206 3496 1547 3562 mulieribus,
1581 3512 1716 3566 quas
1739 3499 2100 3553 observabant

508 3585 576 3639 ad
607 3585 809 3638 ostium
834 3584 1189 3639 tabernaculi.
1215 3582 1385 3638 Porro
1411 3599 1547 3652 quos
1573 3586 1820 3642 inimicos
1843 3587 1936 3640 Dei
1963 3588 2098 3642 vidit

509 3673 566 3727 in
599 3675 897 3743 perniciem
931 3690 1084 3728 suam
1118 3674 1255 3728 lilios
1285 3677 1615 3744 rec0gnovit,
1644 3685 1700 3729 et
1739 3692 1875 3744 quos
1915 3678 2096 3734 bostili

510 3765 678 3820 ferire
706 3766 888 3836 gladio
926 3765 1110 3821 debuit
1144 3776 1385 3836 paternae
1425 3767 1699 3822 blanditire
1735 3769 1952 3825 lenitate
1986 3772 2100 3841 pal-

513 3857 684 3924 pavit.
717 3855 833 3910 Non
867 3857 945 3910 sic
985 3856 1076 3911 ille
1121 3856 1292 3912 ﬁdelis
1332 3857 1386 3911 in
1427 3858 1586 3912 domo
1625 3859 1838 3914 Domini
1867 3859 2099 3917 famulus

511 3945 746 4016 Moyses,
789 3948 1047 4017 magister
1096 3947 1349 4002 videlicet
1389 3948 1605 4019 ingenui
1647 3949 1901 4005 Pliinees.
1935 3953 2100 4007 Stans

515 4037 661 4091 enim
696 4037 749 4090 in
788 4050 941 4108 porta
979 4048 1287 4094 castrorum
1317 4039 1432 4094 ait:
1464 4059 1481 4090 ι
1514 4039 1571 4094 Si
1613 4043 1736 4110 quis
1765 4053 1847 4097 est
1886 4043 2098 4099 Domini

505 4128 768 4198 jungatur
806 4130 977 4196 mihi;
1010 4133 1432 4202 congregatique
1461 4141 1585 4187 sunt
1633 4133 1698 4186 ad
1745 4149 1868 4187 eum
1911 4150 2100 4190 omnes

510 4219 607 4274 ﬁlii
629 4219 779 4285 Levi,
807 4223 1004 4291 quibus
1026 4225 1130 4277 ait:
1152 4223 1275 4278 Haec
1297 4225 1429 4278 dicit
1451 4223 1708 4279 Dominus
1730 4225 1869 4280 Deus
1892 4227 2056 4280 Israel
2080 4243 2095 4281 :

509 4310 682 4366 Ponat
711 4313 950 4385 gladium
986 4316 1068 4370 vir
1107 4330 1270 4385 super
1308 4315 1484 4369 femur
1520 4330 1704 4381 suum;
1737 4316 1810 4370 ite
1845 4326 1902 4371 et
1928 4319 2100 4373 redite

510 4402 579 4457 de
627 4415 782 4472 porta
836 4420 1007 4474 usque
1055 4407 1120 4459 ad
1171 4415 1382 4475 portam
1424 4414 1754 4470 castrorum,
1790 4415 1845 4460 et
1887 4408 2101 4462 occidat

517 4499 888 4567 uinisquisque
911 4498 1159 4563 fratrem,
1185 4509 1239 4552 et
1263 4499 1568 4568 proximum
1590 4508 1646 4552 et
1667 4499 1898 4554 amicum
1920 4517 2096 4554 suum.

509 4586 678 4641 Caesis
719 4589 902 4655 itaque
939 4589 1127 4658 viginti
1174 4588 1346 4642 tribus
1388 4587 1626 4641 millibus
1671 4589 1983 4653 hominum,
2023 4592 2100 4643 ait

511 4677 725 4750 Moyses
753 4698 766 4734 :
797 4679 1169 4736 Consecrastis
1202 4695 1394 4735 manus
1426 4690 1634 4736 vestras
1671 4682 1832 4738 hodie
1847 4681 2094 4747 Domino,

2206 3487 2522 3558 gloriﬁcabo
2565 3505 2717 3557 eum;
2761 3492 2852 3560 qui
2892 3509 3074 3549 autem
3113 3503 3466 3550 contemnunt
3503 3513 3591 3552 me
3631 3510 3787 3553 erunt

2208 3579 2492 3648 ignobiles.
2528 3600 2547 3632 ι
2578 3581 2678 3636 Ubi
2709 3598 2834 3638 mox
2862 3585 3111 3640 subditur
3137 3603 3150 3638 :
3183 3603 3202 3636 ι
3232 3583 3370 3640 Ecce
3397 3586 3513 3641 dies
3539 3588 3785 3652 veniunt,

2205 3678 2261 3723 et
2303 3671 2590 3738 praecidam
2631 3671 2914 3729 brachium
2958 3684 3130 3742 tuum,
3173 3684 3228 3730 et
3269 3674 3554 3732 brachium
3599 3677 3787 3734 domus

2205 3761 2378 3828 patris
2401 3761 2474 3814 tui
2503 3760 2555 3832 (Ι
2595 3761 2718 3834 Reg.
2748 3764 2830 3832 ul;
2863 3784 2882 3816 ι
2911 3781 2976 3819 ac
3003 3765 3050 3822 si
3077 3777 3264 3838 aperte
3297 3767 3443 3824 dicat
3469 3787 3482 3823 ;
3510 3770 3645 3836 Quia
3684 3785 3782 3840 ego

2206 3867 2303 3920 per
2356 3854 2649 3922 pastoralis
2703 3856 2864 3910 ollicii
2927 3857 3244 3927 dignitatem
3297 3869 3488 3915 contra
3543 3861 3788 3916 inimicos

2208 3957 2360 3995 meos
2403 3943 2686 3998 brachium
2731 3946 2824 4000 tibi
2873 3946 3210 4004 fortitudinis
3253 3948 3478 4016 contuli,
3510 3951 3606 4004 sed
3639 3961 3691 4004 tu
3723 3950 3788 4003 ad

2206 4051 2394 4089 eorum
2419 4037 2678 4091 ultionem
2702 4037 2834 4092 illud
2857 4055 3117 4096 exercere
3136 4041 3373 4108 noluisti,
3382 4042 3494 4111 jam
3509 4041 3789 4096 brachium

2205 4143 2235 4181 a
2268 4137 2317 4182 te
2340 4129 2646 4203 praecidam,
2677 4130 2728 4184 id
2752 4140 2858 4194 est,
2885 4133 3127 4203 vigorem
3167 4134 3263 4188 tibi
3290 4133 3642 4189 sacerdotalis
3672 4133 3788 4187 col-

2206 4221 2371 4275 minis
2393 4191 2658 4289 auﬁu'am,
2685 4231 2743 4278 ut
2761 4224 2854 4294 qui
2877 4191 3132 4297 manceps
3155 4226 3336 4282 fueras
3357 4227 3422 4282 ad
3443 4227 3785 4298 pugnandum

2205 4329 2306 4384 pro
2337 4329 2444 4380 me,
2469 4315 2581 4385 jam
2607 4330 2708 4372 nec
2738 4332 2958 4372 manum
2987 4318 3191 4374 habeas
3218 4319 3287 4373 ad
3321 4319 3578 4374 tuendum
3606 4328 3680 4372 te.

2836 4407 3064 4464 CAPUT
3104 4409 3145 4464 ll

2473 4499 2540 4554 In
2569 4501 2789 4568 cpistola
2813 4503 2882 4555 ad
2911 4502 3102 4570 fratres
3132 4502 3520 4559 Cluniaceuses.

2277 4588 2584 4659 Fugiendus
2605 4601 2687 4645 est
2719 4592 2972 4656 mundus,
2999 4593 3090 4662 qui
3122 4595 3372 4649 tenebras
3401 4595 3664 4664 parturit;
3697 4611 3784 4666 pe-

2209 4680 2368 4734 tenda
2425 4681 2672 4742 remotio.
2745 4681 2834 4736 ubi
2890 4692 3146 4752 tanquam
3214 4684 3268 4739 in
3329 4686 3544 4740 deserto
3592 4702 3779 4742 verum

466 4772 471 4778 ’
511 4774 882 4843 unusquisque
915 4775 967 4826 in
993 4773 1103 4826 ﬁlio
1127 4783 1181 4827 et
1213 4771 1383 4827 fratre
1415 4788 1533 4835 suo,
1561 4783 1617 4826 ut
1640 4773 1798 4827 detur
1825 4773 1976 4827 vobis
2009 4777 2100 4828 be-
2126 4755 2177 4814 Π
2207 4773 2392 4828 lumen
2429 4774 2684 4844 erumpit.
2735 4773 2965 4830 Prorsus
3014 4794 3042 4832 τι
3089 4785 3274 4833 nostra
3319 4779 3659 4848 repellendus
3703 4790 3784 4836 est

509 4862 750 4917 nedictio
787 4861 987 4934 (Exod.
1023 4863 1218 4934 xxxii).
1259 4883 1277 4915 ι
1326 4862 1490 4917 Plane
1534 4865 1676 4919 sicut
1724 4865 2099 4921 benedictione

510 4960 654 5008 iliani
688 4968 814 5010 sunt
837 4962 927 5010 nui
954 4961 1143 5010 eulnas
1170 4961 1470 5012 corritzmtt.
1502 4961 1573 5012 ita
1604 4960 1955 5014 nihilominus
1984 4977 2097 5014 ma-

2205 4868 2469 4929 amicitia,
2513 4870 2604 4936 qui
2647 4869 2904 4922 nimirum
2933 4873 3060 4926 dum
3092 4871 3471 4935 tenebrarum,
3511 4873 3564 4926 in
3596 4871 3784 4941 quibus

2206 4973 2422 5016 semper
2465 4968 2566 5016 est.
2616 4959 2874 5016 caligines
2914 4956 3131 5016 inserit.
3179 4961 3642 5016 consentientibus
3683 4962 3782 5016 slbi
