4078 5382
310 308 457 365 1093

1625 311 1690 365 l.\'
1730 311 1858 366 LIB.
1915 311 1933 366 l
1982 311 2243 368 REGUM.

3432 317 3569 374 ιεθι

306 434 573 479 uteruam
594 423 833 478 onmimn
856 433 1092 477 vestrum
1116 424 1298 478 oculos
1322 423 1557 487 dextros,
1586 438 1890 494 ponamque
1918 429 1964 486 Α
1995 439 2230 492 numque
2256 423 2522 478 mediator
2552 423 2828 478 innuitur?
2864 423 2999 491 Quid
3030 433 3109 482 est
3137 426 3278 496 quod
3315 429 3566 498 popuhnn

305 532 410 571 vos
466 516 814 586 Opprobrinm
869 517 1120 569 universo
1164 516 1368 570 lsraeli.
1411 517 1776 585 Dixeruntque
1820 517 1888 570 ad

304 625 438 664 eum
467 611 708 664 seniores
735 608 895 662 labes
927 627 937 660 :
973 609 1220 663 Concede
1251 609 1402 662 nobis
1434 617 1637 677 septem
1662 608 1798 672 dies,
1828 616 1888 662 ut

304 704 594 757 mittamus
628 702 850 756 mmtios
887 703 938 755 in
980 703 1260 756 universos
1305 702 1563 757 terminos
1611 702 1800 767 Israel;
1839 703 1884 757 si

301 809 416 846 non
461 793 621 846 fuerit
648 793 737 862 qui
769 793 1020 846 defendat
1057 808 1178 857 nos,
1210 793 1548 862 egredicmur
1573 795 1638 846 ad
1670 803 1740 848 te.
1770 795 1884 846 Au-

299 882 461 935 diens
491 882 602 935 lucc
629 880 1046 936 Saulexercitus
1082 881 1479 934 multitudinem
1511 883 1882 952 congregavit,

298 988 457 1027 arma
505 973 767 1042 corripuit
813 982 867 1028 et
913 988 977 1027 ex
1031 972 1354 1026 Atntnonitis
1397 972 1544 1041 gravi
1596 973 1882 1027 admodum

295 1066 449 1118 caede
476 1065 747 1134 perCtISsis
773 1080 893 1118 cum
925 1065 1091 1135 gloria
1119 1063 1464 1132 triumphavit
1495 1062 1546 1133 (1
1577 1061 1702 1132 Reg.
1735 1063 1834 1131 XI).
1859 1080 1878 1113 ι

295 1155 442 1221 Quid
475 1156 656 1224 itaque
694 1168 787 1224 per
819 1154 961 1208 Naas
987 1154 1371 1217 Ammonitem,
1403 1155 1692 1222 superbum
1729 1154 1878 1208 vide-

293 1245 428 1299 licet
462 1261 663 1315 regem,
697 1245 799 1299 nisi
825 1245 904 1299 vel
930 1245 1186 1298 mundum
1211 1243 1454 1298 Creatori
1479 1259 1578 1298 suo
1604 1243 1878 1310 rebellem,

291 1333 380 1386 vel
423 1333 698 1386 diabolum
742 1332 854 1400 ejns
901 1333 1250 1402 intelligimus
1293 1333 1627 1402 principem?
1661 1333 1736 1387 De
1772 1348 1880 1403 quo

289 1423 560 1476 nimirum
589 1423 785 1478 dicitur
815 1441 828 1475 :
864 1423 998 1489 Quia
1037 1441 1055 1472 ε
1101 1423 1214 1492 ipse
1253 1433 1336 1477 est
1374 1438 1463 1476 rex
1502 1438 1664 1493 super
1691 1439 1879 1480 omnes

291 1511 440 1564 filios
469 1511 731 1582 superbia:
763 1513 883 1582 (Job
913 1513 1044 1583 xu).
1081 1533 1100 1566 ι
1137 1513 1201 1567 Ει
1229 1514 1353 1583 quia
1386 1513 1525 1568 Naas
1563 1531 1771 1584 serpens
1798 1511 1898 1569 in?

289 1609 648 1669 terpretatur,
679 1612 822 1655 recte
844 1603 1103 1672 per-hunc
1128 1619 1430 1657 venenosus
1457 1603 1543 1658 ille
1564 1613 1617 1658 et
1638 1603 1876 1660 lubricus

285 1691 489 1761 anguis
517 1692 857 1761 exprimitur.
887 1692 1022 1760 Quid
1057 1709 1183 1746 vero
1213 1709 1307 1762 per
1335 1692 1518 1758 Jabes,
1542 1710 1660 1763 qute
1684 1695 1874 1750 civitas

1993 512 2044 565 in
2089 521 2199 565 tres
2237 513 2514 568 constituit
2543 523 2744 582 partes,
2777 515 2876 569 nisi
2908 515 3033 584 quia
3067 526 3176 570 tres
3202 527 3327 572 sunt
3364 520 3564 588 princi-

1988 603 2138 670 pales
2156 604 2350 656 anima:
2377 604 2625 666 virtutes,
2647 605 2776 662 fides
2803 606 3030 669 scilicet,
3058 623 3182 676 spes
3211 617 3262 661 ct
3291 609 3565 665 Charitas?

1990 692 2043 746 In
2074 693 2298 746 trifariis
2327 694 2506 762 itaque
2529 693 2846 748 bellatormn
2872 696 3116 764 partilms
3145 699 3365 752 victoria
3394 710 3567 754 certa-

1987 780 2149 833 minis
2195 780 2496 844 obtinetur,
2543 783 2667 851 quia
2721 785 2894 838 tribus
2943 785 3028 838 his
3073 786 3382 852 virtutibus,
3428 789 3565 845 duce

1985 867 2222 933 Christo,
2246 871 2424 925 omnis
2455 872 2718 927 diabolica
2745 874 2968 927 tentatio
2997 875 3246 930 vincitur.
3273 877 3442 932 Porro
3464 895 3566 934 nec

1985 958 2100 1028 ipse
2132 977 2160 1012 a
2193 963 2453 1032 mysterio
2485 973 2640 1016 vacat
2682 973 3036 1034 pugnatorum
3088 983 3359 1034 numerus,
3402 986 3562 1040 quem

1987 1049 2266 1120 Scriptura
2304 1055 2636 1122 pronuntiat.
2669 1075 2686 1106 ‹
2721 1055 2976 1118 Fuerunt,
3011 1059 3106 1119 ait,
3142 1058 3370 1113 ﬁliorum
3397 1059 3562 1116 Israel

1986 1152 2222 1198 trecenta
2255 1146 2440 1209 millia,
2471 1147 2706 1200 virorum
2742 1157 2922 1202 autem
2961 1147 3097 1202 .lnda
3133 1152 3352 1220 triginta
3395 1152 3561 1206 millia

1984 1233 2216 1304 (Ibid.).
2254 1254 2272 1287 ›
2308 1235 2637 1290 Millenarius
2684 1247 2862 1292 autem
2917 1249 3080 1308 atque
3119 1242 3386 1304 denarius,
3434 1243 3560 1312 quia

1980 1326 2206 1394 perfecti
2239 1337 2363 1381 sunt
2391 1327 2624 1393 numeri,
2662 1337 2971 1384 sanctorum
3002 1331 3420 1401 perfectionem;
3453 1345 3562 1390 tre-

1981 1421 2122 1473 centi
2155 1436 2311 1484 vero,
2347 1420 2429 1474 vel
2470 1421 2718 1491 triginta,
2751 1423 2875 1491 quia
2906 1439 2935 1476 a
2967 1425 3139 1478 tribus
3175 1426 3444 1491 oriuntur,
3479 1427 3562 1479 di-

1979 1509 2158 1562 vinam
2195 1509 2506 1579 significant
2545 1511 2887 1565 Trinitatem.
2922 1511 3058 1577 Quid
3096 1513 3278 1584 itaque
3311 1531 3406 1584 per
3447 1527 3561 1572 trc-

1977 1610 2132 1654 centa
2180 1601 2371 1665 millia,
2427 1601 2511 1656 vel
2562 1602 2778 1672 triginta
2831 1603 2995 1656 millia
3056 1603 3404 1670 bellatorum,
3455 1609 3558 1664 nisi

1979 1693 2154 1747 sancti
2203 1693 2453 1748 doctores
2500 1693 2872 1764 intelliguntur
2908 1694 3192 1762 Ecclesia},
3234 1699 3322 1767 qni
3360 1710 3411 1753 et
3452 1700 3556 1754 fide

285 1795 411 1838 erat
455 1785 771 1850 lsraelitica,
811 1785 914 1840 nisi
952 1786 1131 1840 anima
1172 1787 1414 1840 innuitur
1442 1786 1769 1850 Christiana,
1805 1788 1871 1841 ad
1904 1774 1948 1832 Β
1976 1795 2103 1838 sunt
2141 1783 2426 1839 orthodoxi
2463 1793 2518 1838 et
2561 1784 2828 1854 religiosis
2865 1786 3119 1855 operibus
3158 1789 3558 1842 consnnnnati?

284 1876 589 1931 videndum
626 1877 794 1931 Deum
843 1893 944 1946 per
991 1879 1226 1932 studium
1276 1879 1745 1947 contemplationis
1794 1881 1874 1934 in-

287 1969 482 2022 tenta?
511 1968 574 2022 Et
596 1969 720 2039 quia
756 1967 916 2024 Jabes
942 1970 1330 2040 interpretatur
1358 1973 1639 2035 exsiccata,
1667 1971 1748 2026 vel
1776 1973 1874 2025 sic-

284 2070 434 2124 cata,
463 2075 700 2130 congrue
726 2075 823 2130 per
848 2059 1012 2114 Jabes
1049 2060 1136 2114 illa
1171 2060 1488 2130 intelligitur
1519 2062 1718 2125 anima,
1751 2076 1871 2130 qua:

283 2169 538 2222 superna:
568 2153 754 2224 gratiae
778 2153 1153 2223 pinguedinem
1178 2153 1400 2217 deserit,
1424 2165 1476 2207 et
1506 2154 1556 2207 in
1579 2162 1710 2207 testu
1740 2170 1872 2209 con-

281 2243 638 2311 cupiscentiae
684 2243 917 2298 carnalis
965 2245 1178 2298 arescit.
1231 2243 1509 2298 Recedens
1560 2244 1756 2313 quippe
1804 2247 1870 2300 ab

283 2336 550 2390 inhiando
579 2335 744 2389 divini
782 2336 1022 2390 muneris
1062 2351 1182 2390 rore
1221 2335 1280 2388 fit
1316 2335 1478 2397 sicca,
1511 2351 1666 2402 quem
1707 2344 1865 2388 antea

285 2430 414 2483 dum
446 2429 772 2499 perciperet,
806 2429 1018 2498 vigebat
1051 2428 1337 2482 salubriter
1367 2427 1606 2496 irrigata,
1642 2425 1867 2480 Domino

283 2533 382 2589 per
412 2519 606 2574 Isaiam
632 2519 879 2573 dicente:
913 2537 930 2569 ‹
962 2517 1237 2572 Effundam
1267 2533 1459 2587 aquam
1492 2531 1654 2584 super
1681 2515 1867 2569 sitien-

283 2619 394 2665 tem
419 2619 476 2664 ct
502 2609 719 2664 fluentia
745 2623 904 2681 super
949 2609 1154 2663 aridam
1184 2608 1318 2680 (lsa.
1344 2607 1508 2677 thv).
1542 2627 1559 2660 ι
1593 2606 1698 2660 Sed
1724 2604 1864 2660 Naas

281 2715 405 2754 cum
428 2700 595 2755 labes
622 2699 796 2754 foedus
825 2699 980 2754 aliter
1006 2699 1323 2768 dedignatur
1344 2696 1616 2764 inire,nisi
1647 2695 1861 2749 oculum

277 2788 538 2843 dextrum
567 2790 876 2860 paciscatur
905 2804 1115 2843 eruere.
1149 2789 1286 2856 Quia
1317 2788 1560 2858 quisquis
1591 2787 1672 2839 Vel
1717 2785 1861 2839 anti-

279 2897 389 2952 quo
420 2882 562 2937 hosti
598 2882 648 2936 in
681 2897 934 2951 perversa
977 2881 1318 2950 suggestione
1365 2879 1746 2943 substernitur,
1779 2877 1862 2932 vel

279 2973 472 3026 mundi
503 2973 662 3043 hujus
691 2970 942 3041 inquietis
969 2971 1274 3025 actionibus
1295 2968 1618 3039 implicatur.
1653 2969 1776 3021 dum
1803 2980 1860 3020 se

280 3075 544 3134 tanquam
571 3065 800 3134 superbo
817 3063 925 3134 regi
949 3063 1174 3134 turpiter
1188 3061 1436 3126 fmderat,
1459 3075 1680 3114 necesse
1697 3059 1854 3129 183

1972 1874 2108 1930 Cmn
2133 1875 2219 1930 bis
2245 1876 2375 1945 ergo
2404 1861 2546 1930 Saul.
2566 1876 2790 1931 hostiles
2813 1877 2955 1947 regis
2978 1876 3123 1932 Naas
3146 1877 3290 1933 acies
3312 1888 3550 1946 superat,

1971 1965 2101 2035 quia
2142 1981 2266 2020 cum
2304 1965 2616 2020 doctoribus
2651 1966 2906 2020 Ecclesiae
2941 1983 3050 2022 sua:
3089 1967 3334 2023 Christus
3369 1969 3436 2023 de
3465 1984 3554 2024 ve.

1973 2060 2176 2110 ternosi
2224 2055 2493 2124 serpentis
2530 2065 2748 2110 versuta
2786 2057 3186 2112 machinatione
3234 2057 3550 2126 triumphat.

1971 2141 2104 2196 Nam
2122 2159 2243 2198 cum
2267 2157 2454 2197 eorum
2484 2152 2752 2212 prmcepta
2779 2143 2863 2197 vel
2906 2143 3148 2214 exempla
3173 2144 3444 2199 subtiliter
3471 2154 3553 2198 at-

1972 2234 2286 2296 tenduntur,
2331 2247 2456 2287 mox
2503 2233 2664 2287 corda
2713 2233 2997 2302 torpentia,
3042 2250 3160 2304 ane
3199 2233 3308 2304 jam
3359 2236 3552 2290 noxius

1973 2331 2124 2392 tepor
2175 2323 2481 2387 invaserat,
2533 2322 2872 2378 recalescunt
2923 2332 2976 2378 et
3028 2325 3094 2377 ab
3145 2324 3551 2382 obtruncandas

1967 2415 2397 2487 impugnantium
2443 2415 2697 2470 vitiorum
2740 2416 2884 2470 acies
2916 2416 3059 2470 velut
3104 2417 3244 2472 elato
3289 2433 3550 2474 mucrone

1969 2505 2190 2574 spiritus
2223 2504 2604 2560 inﬂammatur.
2645 2503 2794 2560 Unde
2824 2514 2878 2558 et
2920 2505 3017 2575 ipsi
3064 2506 3357 2560 bellatores
3385 2505 3550 2560 lsracl

1966 2611 2021 2649 et
2055 2593 2190 2649 Juda
2231 2596 2454 2660 nuntiis,
2495 2595 2588 2666 qui
2623 2595 2689 2650 ad
2728 2610 2789 2650 se
2818 2607 3100 2660 venerant,
3145 2598 3366 2651 dicunt:
3403 2614 3423 2648 ε
3458 2597 3550 2653 Sic

1965 2686 2156 2741 dicetis
2202 2687 2353 2750 viris,
2386 2686 2478 2756 qui
2521 2696 2650 2740 sunt
2686 2686 2741 2740 in
2783 2685 2945 2741 Jabes
2986 2687 3226 2742 Galaad:
3270 2688 3400 2743 Cras
3443 2689 3550 2743 erit

1965 2778 2119 2833 vobis
2156 2777 2322 2845 salus,
2361 2793 2482 2833 cum
2525 2777 2813 2833 incaluerit
2853 2777 2953 2833 sol.
2995 2798 3012 2830 ι
3057 2777 3189 2832 Nam
3227 2796 3349 2834 cum
3389 2796 3546 2835 mens

1963 2881 2059 2938 per
2080 2867 2341 2922 desidiam
2366 2867 2617 2937 primitus
2639 2868 2904 2922 tabel‘acta
2924 2867 3037 2936 jam
3064 2869 3114 2922 in
3142 2883 3201 2923 se
3231 2885 3451 2924 reversa
3475 2869 3546 2924 ad

1962 2957 2274 3012 Conditoris
2298 2956 2384 3011 sui
2414 2956 2746 3012 desiderium
2785 2957 3087 3023 recalescit,
3121 2973 3242 3012 cum
3272 2967 3543 3029 torporem

1965 3045 2307 3116 negligentiae
2331 3045 2534 3101 deserit
2559 3054 2610 3100 et
2636 3045 2808 3117 frigus
2847 3046 3276 3104 insensibilitatis
3302 3051 3544 3120 pristina:

273 3163 357 3209 est
373 3163 432 3207 ut
448 3153 700 3208 dextrum
715 3152 1058 3217 oculum,boc
1070 3160 1172 3216 est,
1189 3151 1366 3204 lumen
1386 3149 1855 3217 contemplationis

1964 3135 2176 3190 ﬂamma
2220 3137 2404 3192 ‘sancti
2453 3137 2654 3192 amoris
2699 3137 2964 3202 accendit,
3021 3146 3148 3194 tunc
3204 3139 3349 3194 velut
3395 3140 3544 3196 inca-

276 3246 522 3310 amittat,
561 3253 614 3298 et
651 3243 730 3299 sic
763 3242 1110 3313 opprobrium
1146 3243 1200 3296 in
1242 3239 1407 3296 Israel
1451 3240 1689 3311 ponitur,
1727 3240 1853 3309 quia

276 3337 404 3390 dum
433 3352 463 3390 a
490 3335 960 3405 contemplationis
985 3348 1107 3388 arce
1134 3334 1199 3387 ad
1228 3343 1440 3388 terrena
1468 3331 1550 3386 vel
1580 3332 1853 3386 imnnmda

269 3424 534 3492 quaelibet
568 3423 910 3492 exsequenda
945 3423 1268 3486 devolvitur,
1302 3436 1638 3491 consequens
1674 3430 1755 3475 est
1795 3428 1852 3475 ut

271 3519 326 3572 in
395 3517 974 3585 Ecclesia‘probrosa:
1026 3514 1312 3568 derisionis
1367 3513 1853 3568 obtrectationibus

270 3608 613 3659 mordeatur.
649 3582 847 3660 l‘etunt
873 3615 1050 3658 autem
1094 3605 1168 3657 illi
1206 3613 1406 3672 septem
1437 3604 1551 3658 dies
1585 3604 1846 3666 inducias,

266 3704 323 3748 et
349 3696 474 3762 quia
506 3695 644 3748 Dens
685 3694 913 3762 septimo
946 3695 1031 3747 die
1070 3694 1398 3763 requievisse
1425 3708 1453 3746 a
1486 3694 1694 3747 cunctis
1723 3708 1850 3762 ope-

268 3787 423 3840 ribus
453 3786 649 3856 legitnr
675 3783 826 3854 (Gen.
869 3785 950 3854 tt),
976 3785 1102 3854 quid
1140 3801 1237 3854 per
1261 3785 1621 3853 septenarinm
1663 3798 1850 3838 mune-

266 3893 416 3942 rum,
449 3879 555 3932 nisi
595 3877 804 3948 requies
827 3878 1174 3948 designatur?
1208 3878 1372 3931 lsttnn
1403 3892 1687 3931 numerum
1719 3877 1846 3932 Saul

267 3966 592 4021 inobcdiens
626 3968 912 4037 ignoravit,
947 3984 1067 4022 cum
1102 3983 1200 4037 per
1228 3983 1348 4022 enm
1378 3984 1435 4022 se
1463 3967 1678 4024 Samuel
1707 3983 1847 4036 pra:-

262 4060 582 4114 stolandum
625 4077 743 4116 esse
779 4061 1052 4132 praecepit.
1088 4080 1106 4111 ι
1140 4060 1391 4130 Septem,
1427 4061 1627 4129 inquit,
1659 4059 1847 4115 diebus

261 4150 636 4218 exspectabis,
671 4151 842 4204 donec
871 4151 1082 4204 veniam
1124 4149 1189 4202 ad
1227 4159 1295 4210 te,
1338 4157 1391 4203 et
1431 4150 1708 4203 ostendam
1750 4148 1843 4203 tibi

261 4257 385 4308 qum
413 4240 583 4295 facias
608 4241 656 4312 (I
680 4241 804 4311 Reg.
832 4243 908 4310 x).
937 4261 954 4292 ι
979 4240 1084 4296 Sed
1104 4242 1229 4310 quia
1249 4240 1576 4310 spiritualetn
1606 4239 1843 4308 requiem

262 4331 349 4383 \‘ir
407 4332 672 4400 reprobus
721 4332 956 4400 sprevit,
1004 4331 1384 4401 exagitandam
1437 4345 1558 4384 emn
1610 4331 1844 4400 Spiritus

262 4423 444 4478 malus
489 4424 717 4494 arripuit
758 4423 808 4494 (I
840 4423 968 4493 Reg.
995 4422 1132 4493 xvi).
1172 4422 1267 4476 Per
1314 4423 1676 4493 septenarinm
1713 4437 1842 4492 ergo

1956 3226 2204 3282 lescente
2230 3227 2346 3282 sole
2371 3226 2595 3282 victoria
2613 3227 2680 3282 de
2697 3227 2944 3282 hostibus
2966 3229 3214 3294 sumitur,
3240 3239 3295 3284 et
3319 3231 3542 3286 obsessa

1955 3317 2150 3372 civitas
2179 3317 2244 3372 de
2268 3318 2486 3387 superbi
2520 3319 2661 3388 regis
2691 3317 2939 3372 manilms
2969 3317 3248 3373 liberatur.
3281 3319 3419 3376 llinc
3452 3330 3542 3376 est

1955 3406 2095 3476 quod
2114 3407 2178 3462 de
2198 3408 2470 3462 Abraham
2497 3409 2756 3478 scriptum
2779 3417 2861 3463 est
2889 3409 3049 3482 184
3076 3413 3199 3480 quia
3235 3431 3254 3462 «
3290 3414 3541 3483 apparuit

1954 3499 2004 3554 ei
2035 3499 2295 3556 Dominus
2328 3500 2382 3555 in
2422 3501 2664 3556 convalle
2691 3500 2933 3558 Mambre
2969 3505 3022 3557 in
3057 3503 3168 3574 ipso
3205 3502 3538 3560 fervoredici

1953 3589 2106 3660 (Gen.
2131 3591 2305 3663 xvtu).
2329 3611 2346 3645 ι
2370 3592 2505 3648 Hinc
2525 3602 2606 3648 est
2626 3594 2768 3663 quod
2788 3594 2946 3660 Loth,
2975 3615 2992 3646 ι
3025 3595 3137 3660 Sol,
3165 3597 3358 3666 inquit,
3383 3605 3538 3653 ortus

1952 3692 2035 3740 est
2063 3699 2228 3754 super
2251 3694 2468 3748 terram,
2502 3695 2556 3740 et
2585 3685 2723 3740 Loth
2755 3687 3028 3756 ingressus
3058 3696 3144 3742 est
3175 3686 3344 3758 Segor
3375 3687 3532 3760 (Gen.

1952 3776 2104 3844 xu).
2147 3793 2164 3826 ι
2201 3775 2367 3830 Recte
2399 3775 2564 3846 igitur
2602 3776 2714 3830 sive
2748 3777 2960 3842 mundi,
2991 3777 3104 3832 sive
3131 3779 3392 3847 principis
3417 3778 3537 3848 ejus

1951 3866 2222 3922 amicitias
2263 3867 2638 3937 dedignamur,
2676 3876 2731 3921 et
2773 3883 2895 3922 cum
2935 3869 3016 3922 eis
3052 3869 3210 3922 simul
3257 3869 3536 3924 societatis

1948 3957 2127 4012 fmdus
2152 3957 2351 4015 habere
2379 3957 2800 4020 contemnimus,
2831 3973 2898 4011 ne
2915 3997 2929 4021 ,
2951 3957 3076 4011 dum
3099 3960 3333 4013 tenebris
3353 3957 3536 4029 jungi-

1949 4061 2089 4109 mur,
2122 4045 2241 4100 luce
2269 4046 2570 4115 privemur.
2600 4045 2668 4098 Et
2693 4045 2988 4098 notandum
3017 4047 3158 4113 quod
3191 4046 3407 4115 iniquus
3439 4063 3532 4100 rex

1947 4153 2056 4193 non
2083 4139 2219 4193 duos
2244 4137 2480 4192 inimicis
2499 4152 2710 4201 eruere,
2735 4137 2828 4192 sed
2853 4152 3016 4190 unum
3038 4137 3296 4191 duntaxat
3318 4138 3530 4192 oeulnm

1947 4227 2173 4297 ﬂagitat,
2203 4235 2262 4281 ut
2284 4241 2380 4282 eos
2403 4226 2456 4280 in
2477 4225 2642 4280 Israel
2662 4226 3011 4295 opprobrium
3039 4235 3222 4294 ponat,
3249 4226 3371 4294 quia
3390 4242 3531 4296 sepe

1947 4319 2216 4386 malignus
2258 4317 2432 4372 bostis
2477 4315 2837 4371 consentienti
2885 4316 2986 4370 sibi
3035 4315 3254 4371 cuilibet
3301 4317 3532 4386 reprobo

1946 4409 2153 4464 homini
2178 4409 2442 4478 potiorem
2468 4416 2678 4477 partem
2705 4407 3015 4462 sanctitatis
3066 4421 3130 4461 ac
3153 4407 3316 4462 lucidi
3345 4406 3528 4476 operis

259 4513 476 4568 dierum
512 4530 795 4570 numerum
827 4515 894 4569 ab
922 4515 1108 4583 ξηεηιιυ
1146 4529 1272 4586 rege
1298 4513 1458 4570 Jabes
1486 4515 1676 4569 civitas
1704 4514 1838 4569 “be-
1867 4498 1921 4558 D
1947 4499 2135 4554 adimit
2160 4514 2172 4552 :
2199 4498 2464 4554 minorem
2500 4513 2630 4554 vero
2657 4496 2952 4552 artificiosa
2980 4498 3212 4568 quadam
3245 4513 3356 4553 sua:
3377 4498 3530 4552 calli-

258 4613 437 4667 ratnr,
470 4605 596 4672 quia
626 4605 878 4673 qtttrlibel
909 4605 1106 4667 anima,
1144 4621 1302 4675 quam
1341 4606 1599 4660 suadente
1631 4604 1842 4660 diabolo

257 4694 498 4748 mundus
527 4694 595 4747 ad
633 4709 690 4750 se
721 4703 950 4748 conatur
975 4697 1250 4750 attrahere
1279 4712 1343 4751 ac
1381 4697 1714 4766 negotiorum
1743 4709 1844 4750 sae-

255 4784 526 4838 cularium
555 4785 795 4839 tenebris
814 4800 1106 4851 exczecare,
1127 4787 1346 4842 illmsum
1375 4787 1844 4856 contemplationis

257 4873 480 4927 oculum
516 4883 718 4938 servat,
759 4873 803 4929 si
842 4874 1064 4930 omnino
1102 4876 1361 4930 resistens
1403 4876 1456 4928 in
1503 4891 1613 4930 sine
1647 4876 1842 4944 quietis

249 4967 535 5033 proposito
563 4973 897 5033 perseverat,
927 4978 1154 5037 eamque
1202 4965 1530 5036 Redemptor
1565 4975 1749 5021 noster
1775 4964 1843 5020 de

257 5054 576 5118 tentatione,
611 5072 773 5126 quam
804 5055 1031 5125 patitur,
1063 5056 1244 5125 eripit,
1279 5072 1400 5111 cum
1431 5071 1549 5111 eam
1581 5057 1633 5110 in
1659 5069 1836 5109 remo-

259 5141 420 5174 «ειη-ἴα
471 5158 580 5176 enim
649 5160 872 5182 mmo-wn
935 5148 1221 5188 ηιιίρςρρνρ
1269 5145 1640 5196 ilenreltendil.
1690 5143 1842 5198 Unde

1949 4588 2132 4644 ditatis
2162 4588 2425 4643 industria
2461 4587 2811 4657 derelinquit,
2849 4597 2908 4642 ut
2948 4588 2999 4642 in
3043 4602 3108 4644 eo
3145 4587 3286 4657 quod
3322 4588 3528 4642 tollitur

1949 4677 2018 4733 sit
2051 4678 2266 4734 occasio
2295 4677 2682 4744 damnationis,
2715 4688 2773 4730 ut
2801 4687 3016 4748 pereat;
3049 4677 3102 4732 in
3131 4691 3196 4732 eo
3223 4693 3351 4731 vero
3380 4678 3525 4748 quod

1949 4777 2215 4835 remanet,
2243 4770 2306 4824 de
2331 4785 2423 4839 spe
2453 4770 2664 4825 ﬁducia:
2691 4780 3067 4839 prmsumatur,
3093 4778 3151 4822 ut
3179 4778 3432 4837 peccator
3457 4769 3524 4823 ad

1950 4863 2327 4933 pmnitentiam
2369 4878 2475 4916 non
2519 4869 2787 4921 recurrat,
2819 4863 2912 4915 sed
2950 4876 3016 4914 ex
3061 4858 3194 4929 ipsis
3225 4859 3527 4914 sanctitatis

1947 4953 2161 5007 amissa)
2176 4951 2438 5019 reliquiis,
2453 4951 2650 5020 quibus
2672 4962 2926 5019 tanquam
2949 4948 3139 5003 baculo
3160 4956 3528 5017 transgressor

1947 5044 2224 5109 innititur;
2259 5043 2327 5097 ab
2367 5043 2474 5108 his,
2510 5041 2600 5112 qui
2648 5056 2774 5095 eum
2819 5041 3082 5096 cecidisse
3119 5029 3404 5105 noverunt,
3447 5042 3528 5095 in-

1942 5135 2106 5188 famia
2164 5135 2468 5200 laceratur;
2525 5133 2710 5202 sicque
2776 5132 2851 5200 pii
2910 5131 3091 5203 operis
3149 5128 3527 5186 detrimentum
