4078 5382
550 287 686 347 1093

1433 291 1936 348 (ΣΟΗᾸΞΟΤΑΝΕᾹ
1977 291 2044 346 IN
2100 283 2334 348 VETUS
2375 286 2916 350 'I'ES'I'AMENTUM:

3671 291 3811 354 I090

546 409 599 483 (Ι
630 407 760 478 Reg.
790 405 931 465 xm).
965 424 982 456 ι
1016 403 1129 460 Iloc
1157 403 1397 458 nonnulli
1423 404 1646 477 intelligi
1673 408 1751 461 sic
1772 407 2123 470 arbitrantur,
2155 413 2204 470 Α
2231 405 2520 462 Philistiim
2545 448 2560 473 ,
2625 417 2685 462 ιιι
2747 416 3037 464 exacueret
3102 407 3470 479 unusquisque
3529 425 3810 465 vomerem

547 499 676 570 quia
707 497 816 567 regi
852 495 982 550 Saul
1013 495 1068 549 in
1097 495 1322 549 exordio
1352 497 1502 564 regni
1531 499 1612 552 sui
1650 499 1790 553 filius
1822 508 1939 553 erat
1973 499 2131 553 anui-

546 594 722 658 culus,
751 593 842 662 qui
870 602 1110 646 teneram
1135 592 1312 646 adhuc
1340 594 1498 648 unius
1521 596 1646 648 anni
1680 596 1928 664 vagiebat
1952 595 2128 650 infan-

548 685 702 748 tiam,
752 683 960 738 scilicet
1008 681 1271 745 Isboseth,
1317 693 1373 737 et
1418 684 1507 737 hic
1551 685 1760 739 duobus
1805 687 1960 740 annis
2009 695 2129 754 post

545 783 774 828 mortem
813 773 985 842 patris
1024 774 1270 842 regnavit
1313 789 1475 842 super
1513 774 1698 828 Israel.
1734 776 1840 831 Sed
1869 777 2125 846 quoniam

546 867 634 923 hic
679 883 708 920 a
751 867 1085 922 doctioribus
1132 866 1264 920 viris
1302 882 1492 921 sensus
1535 868 1858 936 exploditur,
1901 886 1930 922 a
1972 869 2126 922 nobis

545 959 710 1012 etiam
763 957 901 1011 alius
959 957 1284 1025 inquiratur.
1333 957 1486 1022 Quod
1540 959 1610 1011 ita
1656 959 1716 1012 B.
1769 959 2127 1031 Hieronymus

548 1049 708 1104 docet
751 1049 973 1118 intelligi
1007 1067 1019 1102 :
1056 1048 1320 1114 Quoniam
1358 1067 1376 1098 ε
1416 1049 1492 1102 sic
1531 1058 1650 1103 erat
1694 1050 1971 1114 innocens,
2006 1061 2124 1105 tan-

547 1155 709 1210 quam
735 1155 868 1212 puer
891 1141 1050 1192 unius
1075 1139 1200 1192 anni
1228 1155 1347 1191 cum
1379 1155 1608 1208 regnare
1630 1141 1817 1210 cmpit,
1842 1151 1894 1194 et
1917 1143 2127 1196 duobus

549 1234 708 1288 annis
740 1234 792 1287 in
823 1232 1062 1301 ejusdem
1094 1231 1414 1286 innocentia!
1440 1233 1783 1301 simplicitate
1809 1234 2122 1302 permansit.

551 1325 657 1378 Sed
694 1326 784 1394 qui
833 1334 959 1378 tunc
1002 1334 1120 1377 erat
1152 1338 1216 1377 ex
1251 1323 1556 1378 humilitate
1593 1325 1754 1390 filius,
1783 1325 2126 1395 postmodum

548 1434 646 1490 per
671 1418 983 1489 superbiam
1018 1418 1191 1472 factus
1218 1427 1300 1471 est
1327 1432 1538 1471 servus.
1569 1437 1588 1470 ι

1160 1529 1388 1584 CAPUT
1431 1530 1514 1584 IV.

545 1619 613 1675 In
642 1621 860 1692 epistola
903 1622 970 1674 ad
1007 1621 1388 1686 Aliprundum;
1429 1635 1546 1685 qua:
1575 1629 1650 1673 est
1689 1619 1752 1673 de
1781 1617 2123 1692 correptione,

718 1710 873 1762 quant
905 1695 969 1744 sit
995 1693 1134 1743 mitis
1159 1692 1210 1743 in
1236 1692 1400 1742 sancti
1425 1692 1624 1743 ordinis
1648 1691 1947 1758 disciplina.

2231 514 2408 562 Stlllltl,
2442 509 2494 552 et
2525 499 2778 570 ligonem,
2811 509 2866 555 et
2892 500 3148 563 securim,
3179 508 3234 554 et
3259 499 3551 555 sarculum.
3589 519 3606 552 ι
3637 501 3805 555 Israel

2229 606 2359 662 ergo
2384 592 2451 645 ad
2479 591 2777 646 Philistazos
2823 607 2930 648 non
2975 593 3237 658 ascendit,
3271 593 3365 648 sed
3413 593 3713 658 descendit,
3751 605 3811 648 ut

2229 682 2482 736 utensilia
2505 697 2614 736 suae
2642 683 2984 738 necessitatis
3013 693 3266 750 exacuat,
3301 700 3423 738 cum
3453 687 3628 740 sancti
3657 686 3809 741 ordi-

2229 772 2315 825 nis
2335 772 2433 824 viri
2461 773 2527 825 ad
2560 772 2897 826 saecularium
2939 773 3046 828 ima
3077 773 3370 840 declinant,
3401 785 3461 829 ut
3505 775 3572 832 ab
3601 776 3681 831 eis
3703 774 3807 830 sihi

2231 864 2573 916 commodum
2628 862 2918 931 cujuslibet
2973 864 3226 920 utilitatis
3274 867 3580 936 acquirant.
3643 866 3808 923 Vides

2227 965 2358 1020 ergo
2381 952 2507 1020 quia
2541 952 2584 1006 si
2615 954 2680 1008 de
2728 969 2884 1008 sacro
2929 966 3195 1010 conventu
3243 959 3647 1027 correptionum
3679 976 3808 1014 cen-

2227 1055 2350 1098 Sura
2380 1045 2736 1107 subtrahitur,
2783 1045 3080 1116 disciplina:
3122 1049 3274 1118 vigor
3299 1048 3542 1104 funditus
3572 1066 3806 1106 enerva-

2229 1143 2318 1189 tur
2347 1145 2401 1190 et
2433 1137 2619 1206 religio
2645 1146 2753 1192 tota
2784 1139 3102 1206 dcstruitur,
3129 1141 3254 1210 quia
3284 1142 3410 1196 dum
3435 1145 3808 1215 unusquisque

2228 1228 2460 1294 propria:
2487 1229 2732 1296 sequitur
2775 1230 3070 1285 voluntatis
3097 1234 3402 1299 arbitrium,
3435 1237 3499 1290 ad
3525 1237 3808 1292 saecularia

2229 1319 2463 1379 rediens.
2507 1322 2803 1390 spiritualis
2847 1324 3209 1379 observantiae
3256 1326 3424 1380 violat
3475 1329 3806 1384 institutum.

2229 1407 2383 1462 Unde
2403 1411 2650 1480 quisquis
2669 1421 2773 1475 est,
2799 1415 2882 1467 cui
2898 1415 3161 1483 regularis
3183 1417 3304 1470 vita:
3324 1417 3508 1473 fervor
3531 1420 3805 1484 inmstuat,

2227 1502 2602 1567 correptiones
2659 1502 2889 1557 libenter
2940 1505 3308 1574 amplectitur,
3361 1518 3417 1563 et
3459 1518 3586 1566 tunc
3616 1514 3803 1577 etiam,

2227 1601 2346 1640 cum
2375 1589 2634 1645 innocens
2655 1601 2757 1656 est,
2782 1594 2894 1646 suis
2935 1595 3451 1664 reprehensionibus
3478 1599 3804 1667 delectatur,

2230 1694 2334 1732 non
2384 1690 2442 1734 ut
2472 1696 2596 1735 cum
2639 1683 2975 1738 conscientia
3031 1701 3286 1756 peccasse
3340 1694 3670 1756 remordeat,
3711 1695 3806 1747 sed

617 1761 930 1852 Spiritualis
978 1783 1133 1852 plane
1180 1782 1407 1850 quisque
1449 1789 1770 1844 conventus,
1812 1780 1856 1832 si
1898 1779 2121 1832 fraterni

2232 1771 2488 1838 quoniam
2547 1772 2650 1827 hoc
2708 1775 2968 1843 prodesse
3025 1778 3238 1831 cazteris
3288 1781 3632 1836 audientibus
3679 1799 3806 1852 spe-

544 1877 642 1930 Zeli
699 1876 968 1944 frequenti
1022 1874 1368 1943 correptione
1422 1861 1526 1926 non
1579 1875 1767 1935 utitur,
1817 1870 2124 1924 Israeliticae

543 1969 713 2037 plebis
762 1967 986 2037 mystica
1037 1965 1243 2017 laborat
1294 1963 1504 2032 inopia;
1542 1977 1662 2031 qua:
1698 1961 1948 2015 videlicet
1991 1960 2126 2014 inci-

543 2060 724 2128 piente
755 2058 882 2113 Saul
914 2058 1056 2126 regis
1087 2057 1312 2125 imperio
1341 2055 1551 2108 fabrum
1581 2053 1865 2108 ferrarium
1895 2071 2001 2108 non
2028 2055 2126 2108 ha-

539 2153 722 2206 bebat.
766 2153 905 2206 Dicit
935 2151 1076 2205 enim
1110 2150 1389 2218 Scriptura
1419 2166 1432 2201 :
1465 2147 1602 2214 Quia
1633 2165 1650 2198 ι
1683 2147 1835 2201 faber
1861 2147 2125 2202 ferrarius

543 2259 646 2296 non
679 2244 1056 2298 inveniebatur
1084 2243 1134 2296 in
1167 2242 1311 2296 omni
1345 2251 1484 2296 terra
1509 2241 1670 2295 Israel
1695 2239 1744 2310 (1
1774 2240 1899 2310 Reg.
1923 2247 2062 2308 xm).
2101 2259 2118 2291 ι

540 2332 711 2386 I‘urro
741 2335 883 2388 sicut
920 2333 1120 2388 ferrum
1159 2331 1362 2400 reliqua
1394 2330 1612 2384 metalla
1647 2330 1858 2384 fortiter
1885 2331 2121 2393 edomat,

542 2420 617 2472 ita
641 2421 1006 2488 correptionis
1030 2420 1256 2473 malleus
1280 2419 1406 2471 vitia
1431 2417 1857 2486 delinquentium
1883 2416 2125 2485 reprimit

542 2520 594 2564 et
634 2512 788 2579 quasi
829 2512 1074 2565 cudendo
1123 2511 1309 2580 rigidae
1352 2510 1550 2564 mentis
1599 2511 1855 2564 duritiam
1903 2509 2121 2579 frangit.

542 2599 682 2654 IIinc
712 2610 796 2654 cst
828 2601 971 2669 quod
1011 2599 1076 2654 de
1115 2601 1230 2668 ipso
1262 2599 1540 2653 fabrorum
1578 2599 1936 2669 spiritualium
1977 2601 2126 2670 priu-

542 2692 661 2760 cipe
704 2709 798 2761 per
830 2693 1019 2747 Isaiam
1059 2693 1295 2747 dicitur:
1337 2710 1355 2743 ι
1388 2691 1524 2746 Ecce
1554 2707 1654 2762 ego
1691 2692 1871 2746 creavi
1914 2689 2123 2748 fabrum

543 2779 848 2838 suﬁ'lautem
889 2785 942 2838 in
989 2786 1108 2852 igne
1144 2799 1377 2853 prunam
1424 2792 1479 2838 et
1521 2783 1884 2852 proferentem
1930 2799 2026 2837 vas
2071 2785 2126 2837 in

541 2888 678 2941 opus
726 2891 880 2929 suum
929 2874 1066 2945 (Isa.
1113 2876 1244 2942 LIV).
1303 2893 1321 2926 ι
1371 2873 1448 2928 De
1493 2872 1639 2928 ferro
1689 2889 1902 2942 quoque
1939 2873 2126 2928 Eccle-

538 2967 733 3019 siastes
779 2965 956 3018 dicit:
1008 2983 1026 3015 ι
1065 2964 1120 3018 Si
1168 2973 1409 3018 retusum
1464 2963 1626 3016 fuerit
1673 2962 1875 3018 ferrum
1925 2971 1979 3018 et
2025 2965 2126 3019 hoc

543 3072 652 3112 non
702 3063 761 3110 ut
808 3057 976 3126 prius,
1025 3057 1116 3111 sed
1166 3056 1477 3110 hebetatum
1533 3055 1656 3120 erit,
1717 3053 1885 3109 multo
1942 3054 2126 3109 labore

539 3157 858 3214 exaeuetur,
907 3157 962 3202 et
1018 3158 1138 3217 post
1194 3147 1513 3201 industriam
1567 3146 1811 3215 sequitur
1862 3147 2125 3217 sapientia

540 3241 555 3300 (
580 3237 755 3292 ἔσθιε.
791 3240 881 3308 x).
917 3257 935 3289 ι
985 3237 1090 3292 Sed
1135 3237 1394 3292 Philistzei
1435 3237 1501 3292 de
1550 3245 1690 3292 terra
1733 3235 1898 3290 Israel
1942 3236 2126 3292 fabros

541 3328 700 3400 185
730 3329 982 3383 ferrarios
1012 3328 1219 3392 tollunt,
1254 3343 1376 3384 cum
1425 3327 1645 3397 maligni
1705 3326 1930 3396 spiritus
1970 3325 2123 3380 falsae

539 3419 759 3488 pietatis
788 3419 1013 3473 obtentu
1043 3418 1216 3472 zelum
1249 3418 1607 3488 correptionis
1629 3417 1693 3471 de
1715 3416 1942 3471 fratrum
1967 3417 2124 3472 labiis

537 3509 812 3567 auferunt.
843 3509 996 3564 Unde
1050 3517 1105 3562 et
1146 3508 1256 3562 illic
1296 3509 1546 3562 subditur
1579 3525 1591 3562 :
1629 3526 1648 3559 ‹
1682 3508 1951 3562 Caverant
1981 3509 2125 3565 enim

536 3595 824 3656 Philts‘wei.
871 3612 940 3650 ne
990 3594 1130 3650 forte
1178 3595 1420 3649 facerent
1470 3596 1681 3650 Hebraei
1736 3597 1972 3665 gladium
2034 3606 2127 3651 aut

533 3686 780 3741 lanceam
806 3686 854 3757 (Ι
883 3685 1004 3755 Reg.
1025 3685 1167 3753 xm).
1193 3705 1209 3738 ι
1237 3685 1386 3740 Unde
1400 3685 1558 3755 paulo
1575 3695 1691 3754 post
1712 3701 1725 3738 :
1745 3704 1763 3736 ‹
1786 3685 2000 3740 Iietusaa
2025 3687 2127 3740 ita-

537 3789 640 3845 que
668 3783 826 3830 erant
852 3777 996 3830 acies
1023 3790 1327 3839 vomerum,
1353 3785 1407 3828 et
1439 3774 1700 3844 ligonum,
1727 3785 1781 3828 et
1805 3776 2121 3830 tridentium

534 3877 585 3919 et
604 3867 875 3922 securium
892 3881 1062 3934 usque
1085 3865 1150 3919 ad
1177 3865 1451 3919 stimulum
1475 3866 1852 3937 corrigendum
1871 3865 2082 3936 (Ibid.).
2100 3887 2117 3917 ι

539 3959 670 4012 llum
691 3955 952 4012 Philistaei
980 3958 1172 4012 timent
1198 3957 1424 4028 gladios,
1461 3957 1657 4012 tollunt
1683 3957 1886 4018 fabros,
1913 3966 1972 4012 ut
1996 3959 2120 4012 dum

536 4064 811 4106 armorum
842 4049 1178 4106 fabricatum
1235 4049 1620 4119 compescitur,
1682 4065 1786 4103 non
1843 4051 1913 4104 sit
1957 4050 2120 4103 etiam

535 4143 625 4214 qui
665 4148 860 4196 caetera
904 4142 1197 4197 exercendi
1252 4141 1457 4195 laboris
1501 4142 1748 4196 utensilia
1805 4141 2120 4197 fabricetur.

535 4230 789 4304 Apostolo
812 4233 1012 4304 quippe
1039 4241 1272 4286 testante
1299 4250 1312 4285 :
1352 4252 1368 4283 ι
1401 4232 1622 4286 Gladius
1653 4233 1876 4302 spiritus
1899 4239 1977 4287 est
2001 4247 2123 4286 vere

534 4327 663 4380 bum
686 4325 779 4378 Dei
807 4322 1026 4396 (Ep/tes.
1061 4324 1157 4394 vi).
1198 4344 1216 4377 ι
1249 4323 1403 4379 Ilunc
1439 4323 1671 4395 gl.:dium
1719 4327 1843 4393 quia
1878 4325 2122 4396 perversi

538 4418 730 4472 timent
759 4417 1004 4486 spiritus,
1035 4416 1218 4470 fabros
1245 4418 1310 4471 de
1335 4426 1477 4470 terra
1503 4416 1667 4471 Israel
1691 4417 1962 4485 auferunt,
1991 4417 2118 4471 dum

537 4525 650 4570 eos,
677 4509 770 4577 qui
795 4509 1121 4576 redarguere
1137 4507 1562 4574 delinquentium
1586 4514 1766 4562 errata
1795 4509 2116 4572 debuerant,

534 4615 565 4652 a
596 4599 825 4654 tenenda
861 4612 1104 4651 censura:
1150 4597 1434 4666 disciplina
1489 4607 1868 4666 compescnnt;
1922 4609 1975 4651 et
2018 4599 2118 4655 hac

535 4686 876 4757 negligentiae
919 4683 1270 4738 dissolutione
1319 4683 1586 4752 contingit
1624 4693 1686 4737 nt‘
1735 4685 1788 4737 in
1838 4697 2117 4739 servomm

535 4779 631 4832 Dei
663 4777 966 4848 quibusque
991 4777 1457 4837 convenientibus,
1486 4791 1590 4830 non
1611 4778 1768 4830 modo
1793 4791 2115 4846 sset-sepra-

533 4867 821 4921 dicationis
855 4882 1034 4921 sermo
1065 4876 1241 4921 cesset
1280 4865 1477 4929 audiri,
1527 4869 1618 4920 sed
1661 4877 1715 4920 et
1768 4869 2115 4923 honestarum

535 4956 734 5009 artium
783 4957 1047 5010 exercitia
1098 4956 1350 5010 desinant
1404 4953 1759 5026 frequentari.
1807 4957 1938 5010 Nam
1989 4960 2113 5026 quia

534 5045 779 5100 districta
812 5047 1106 5116 magisterii
1135 5061 1230 5101 eos
1251 5046 1536 5115 disciplina
1569 5063 1673 5100 nun
1703 5048 1968 5116 reprimit,
1991 5063 2118 5116 pro-

535 5136 666 5204 priis
718 5137 1085 5192 voluntatibus
1134 5139 1300 5192 dediti
1356 5138 1598 5192 scribere
1657 5140 1939 5204 nesciunt;
1983 5140 2118 5194 artis

536 5225 776 5281 honesta:
809 5244 1064 5283 manuum
1111 5230 1375 5284 exercitia
1435 5229 1576 5282 nulla
1617 5231 1958 5295 condiscunt,
1991 5247 2115 5285 eum

548 5313 823 5338 Λευ--..αιδη-
859 5316 994 5340 ,ιιι-ι
1023 5333 1037 5340 -
1086 5335 1100 5340 -
1137 5318 1236 5342 11ηέ
1271 5332 1372 5342 λλ..
1405 5317 1608 5344 1-...Α-.-ί
1676 5334 1780 5344 ..α-ι.
1826 5321 2111 5354 .η⁶“,1ηηοο

2148 4462 2197 4520 D

2227 1872 2343 1925 rat,
2394 1872 2450 1916 ut
2498 1865 2621 1919 inde
2667 1867 2780 1936 ipse
2831 1868 3094 1923 innocens
3143 1879 3198 1924 et
3243 1874 3476 1928 mundus
3521 1877 3805 1946 arguitur,

2225 1953 2349 2014 alii.
2388 1955 2479 2023 qui
2523 1956 2606 2010 vel
2651 1955 2818 2028 lapsi,
2861 1958 2943 2014 vel
2990 1959 3194 2030 lapsuri
3242 1960 3384 2018 forte
3431 1973 3588 2034 sunt,
3628 1968 3804 2022 corri-

2225 2054 2440 2116 gantur.

2846 2138 3074 2217 CAPUT
3111 2141 3176 2196 v.

2222 2244 2292 2300 In
2329 2247 2546 2329 cpistola
2589 2249 2658 2302 ad
2701 2249 3111 2329 Hermisinrlim,
3135 2255 3199 2308 de
3227 2271 3287 2329 eo
3333 2259 3475 2326 quod
3523 2260 3808 2329 redi/icium

2505 2320 2751 2376 humana:
2780 2324 3038 2391 superbire
3064 2326 3165 2379 cito
3203 2320 3516 2382 destruitur.

2301 2426 2319 2458 ι
2349 2405 2550 2462 Pactus
2579 2411 2798 2478 quidem
2845 2421 2928 2467 est
2979 2412 3110 2467 Saul
3155 2415 3416 2485 majorem
3450 2419 3612 2473 tiliam
3652 2436 3809 2475 suam

2225 2495 2410 2555 Merob
2459 2497 2629 2554 David
2679 2500 2811 2556 dare
2853 2517 3109 2569 uxorem;
3139 2506 3234 2560 sed
3259 2522 3380 2560 cum
3409 2518 3620 2578 tempus
3647 2511 3814 2564 adve-

2224 2589 2396 2648 nisset
2412 2590 2558 2660 quod
2583 2591 2701 2646 dari
2728 2593 2832 2649 sibi
2864 2595 3166 2662 debuisset,
3199 2613 3304 2652 non
3340 2600 3389 2654 ei
3417 2601 3541 2654 data
3571 2612 3672 2665 est,
3707 2605 3808 2659 sed

2225 2681 2317 2734 alii
2340 2683 2624 2749 conjuncta
2653 2692 2740 2737 est
2764 2684 2904 2739 viro.
2935 2685 3134 2741 Dilexit
3174 2697 3353 2742 autem
3400 2689 3592 2745 Mieltol
3639 2690 3807 2745 filiam

2226 2767 2357 2828 Satd
2386 2771 2616 2827 alteram
2641 2774 2811 2837 David
2841 2789 3074 2846 eamque
3117 2778 3219 2832 sibi
3253 2795 3476 2834 uxorem
3525 2783 3807 2852 conjunxit

2229 2859 2280 2931 (Ῑ
2311 2859 2437 2932 Reg.
2468 2864 2642 2932 mu).
2681 2882 2699 2915 ι
2728 2863 2912 2920 Merob
2939 2868 3137 2938 quippe
3163 2869 3551 2939 interpretatur
3571 2874 3635 2926 de
3664 2875 3810 2926 mut-

2225 2952 2482 3017 titudine;
2527 2953 2725 3010 Michol
2755 2965 2959 3023 autem,
2990 2976 3022 3010 a
3049 2976 3175 3029 qua,
3225 2963 3306 3015 vel
3353 2977 3417 3016 ex
3447 2965 3707 3019 omnibus.
3736 2966 3809 3021 Et

2229 3045 2356 3114 quid
2381 3061 2479 3114 per
2506 3046 2710 3113 Μαι-οἰ),
2740 3049 2846 3103 nisi
2895 3049 2982 3104 illa
3015 3051 3280 3107 duntaxat
3315 3053 3610 3109 infidelium
3647 3058 3808 3112 turba

2153 3117 2197 3178 Ο
2230 3137 2495 3206 signatur,
2525 3151 2646 3211 quae
2691 3147 2775 3194 est
2815 3139 2882 3195 de
2935 3142 3305 3208 multitudine,
3337 3160 3457 3213 qure
3484 3148 3809 3216 repellitur?

2234 3242 2253 3277 ι
2284 3225 2430 3283 Multi
2479 3229 2620 3284 enim
2651 3239 2782 3286 sunt
2807 3229 3002 3294 vocati,
3045 3233 3202 3300 pauci
3227 3249 3355 3289 vero
3395 3236 3553 3290 electi
3587 3237 3805 3305 (Matth.

2226 3314 2344 3384 xz).
2381 3330 2400 3367 ι
2432 3314 2571 3381 Quid
2594 3326 2774 3373 autem
2794 3333 2889 3388 per
2918 3319 3131 3386 Michol,
3181 3321 3284 3376 nisi
3324 3334 3512 3379 sancta
3539 3325 3805 3395 figuratur

2227 3406 2488 3473 Ecclesia,
2511 3409 2670 3480 183
2695 3426 2726 3463 a
2746 3425 2851 3480 qua
2873 3411 3123 3466 videlicet
3143 3428 3331 3468 omnes
3352 3414 3605 3470 oriuntur
3625 3417 3804 3483 electi,

2227 3496 2311 3550 vel
2335 3513 2452 3566 qua:
2483 3515 2552 3553 ex
2573 3500 2826 3554 omnibus
2849 3510 3063 3555 constat
3091 3502 3300 3567 electis,
3329 3519 3450 3572 quae
3480 3505 3606 3560 licet
3639 3507 3803 3561 lilium

2224 3603 2334 3644 non
2358 3591 2620 3658 genuerit,
2648 3591 2773 3646 huic
2799 3599 2979 3648 tamen
3025 3593 3390 3666 intelligentia:
3410 3595 3526 3663 ejus
3547 3599 3806 3655 sterilitas

2227 3692 2333 3732 non
2365 3677 2616 3732 obsistit?
2637 3679 2797 3736 Aliud
2838 3682 3035 3753 quippe
3062 3685 3374 3755 mysterium
3403 3696 3510 3751 est,
3534 3689 3661 3757 quia
3692 3691 3803 3760 regi

2226 3765 2396 3820 David
2445 3775 2530 3821 est
2570 3767 2623 3822 lo
2663 3769 3044 3840 conjugalitate
3091 3772 3410 3842 conjuncta;
3464 3776 3629 3842 aliud,
3678 3780 3802 3848 quia

2226 3857 2462 3927 perstitit
2501 3857 2820 3923 infecunda;
2859 3862 3024 3926 aliud,
3069 3865 3196 3934 quia
3245 3865 3445 3920 Christi
3475 3865 3688 3923 Domini
3721 3880 3805 3924 est

2224 3951 2414 4008 sortita
2445 3949 2783 4021 conjugtum;
2809 3953 2976 4020 aliud,
2999 3957 3122 4024 quia
3165 3956 3514 4014 fecunditatis
3565 3977 3669 4016 non
3694 3977 3810 4017 me-

2225 4040 2334 4094 ruit
2356 4042 2579 4106 donum,
2611 4044 2704 4098 scd
2727 4045 2944 4112 pertulit
2976 4048 3028 4099 iu
3073 4047 3232 4101 Israel
3280 4049 3583 4105 sterilitatis
3604 4067 3804 4122 oppro~

2224 4132 2425 4188 brium.
2452 4132 2607 4188 Hanc
2629 4148 2761 4188 sane
2786 4134 2949 4188 David
2974 4137 3192 4206 superbi
3218 4140 3360 4209 regis
3378 4138 3618 4195 Saulsibi
3641 4144 3801 4196 filiam

2217 4218 2420 4290 junxit,
2453 4222 2580 4276 dum
2621 4221 2778 4278 fortis
2814 4239 2975 4278 manu
3017 4225 3174 4280 Jesus
3205 4244 3268 4282 ac
3310 4230 3503 4284 merito
3527 4230 3800 4286 desidera-

2222 4306 2347 4368 bilis
2374 4327 2494 4366 eam
2517 4313 2584 4368 de
2607 4315 2825 4384 superbi
2849 4315 3007 4384 hujus
3043 4319 3226 4372 nnindi
3260 4319 3522 4389 principis
3543 4323 3802 4393 obsequio

2223 4401 2439 4455 sustulit
2455 4403 2664 4473 sibique
2680 4403 3160 4462 confoederatiouis
3176 4410 3375 4465 iutim:e
3391 4412 3596 4480 glutino
3617 4415 3801 4469 couni~

2225 4495 2319 4547 vit.
2353 4495 2524 4560 Quam
2553 4496 2804 4551 videlicet
2842 4497 3057 4562 Michol,
3109 4515 3231 4569 qum
3285 4514 3471 4557 sancta
3504 4506 3797 4560 electorum

2223 4597 2307 4641 est
2358 4587 2619 4648 Ecclesia.
2672 4593 2937 4659 superbus
2969 4592 3054 4646 ille
3091 4593 3241 4659 Saul,
3275 4595 3377 4650 hoc
3407 4606 3510 4661 est,
3538 4599 3801 4668 malignus

2224 4681 2465 4749 Spiritus,
2491 4681 2537 4734 ei
2571 4680 2753 4737 Μαι-01)
2779 4683 2992 4740 auferre
3024 4686 3245 4740 minime
3286 4687 3450 4753 valet,
3480 4691 3606 4758 quia
3630 4691 3798 4746 fidelis

2222 4783 2406 4827 custos
2429 4773 2860 4829 irrevocabiliter
2892 4792 3009 4830 eam
3041 4793 3150 4832 sua:
3177 4777 3482 4835 dilectionis
3512 4783 3798 4837 obstrinxit

2223 4862 2589 4931 amplexibus;
2622 4866 2714 4934 qui
2747 4866 2798 4919 in
2827 4865 3117 4937 Evangelia
3159 4869 3356 4924 clamat
3391 4888 3403 4922 :
3443 4891 3460 4922 ι
3501 4871 3644 4927 Oves
3669 4889 3797 4926 mea:

2220 4968 2408 5008 vocem
2469 4969 2642 5009 meam
2701 4957 2948 5022 audiunt,
3001 4967 3058 5013 et
3091 4974 3194 5014 non
3240 4962 3492 5030 peribunt
3546 4964 3600 5017 iu
3641 4974 3792 5019 :eter—

2221 5061 2371 5108 num,
2417 5055 2472 5099 et
2523 5061 2630 5101 non
2680 5049 2851 5117 rapiet
2891 5065 2984 5104 eas
3029 5051 3313 5122 quisquam
3359 5053 3425 5108 de
3471 5070 3634 5110 manu
3679 5069 3794 5110 mea

2223 5135 2406 5206 (Joan.
2433 5135 2510 5206 κ).
2549 5155 2568 5190 ι

2823 5231 3050 5286 CAPUT
3110 5232 3198 5287 VI.

2622 5319 2680 5350 1..
2712 5337 2942 5351 .-υκαι-...ο-
2965 5325 3026 5352 ΛΑ
3053 5322 3086 5352 ο
3137 5323 3390 5354 PaL-“.1...
