4052 6312
272 328 409 386 1υ97

1528 319 1602 376 lN
1641 320 1770 375 LIB.
1812 319 1832 373 ι
1866 317 2128 373 REGUM.

3380 325 3516 381 1098

268 436 525 494 videlicet
573 446 634 492 ut
678 421 823 506 quod
872 433 1145 490 infirmum
1197 442 1280 489 est
1332 441 1738 503 superponeret,
1785 441 1839 486 et
1867 441 1913 498 Α
1942 444 2059 483 sum
2108 428 2211 498 piae
2254 430 2605 487 immanitatis
2648 432 2885 487 studium
2913 436 3296 500 exercendum,
3329 434 3529 492 verum'

268 528 414 601 quod
467 528 745 584 robustum
784 536 867 582 est
907 526 1228 581 occultaret.
1270 525 1521 580 Loricam
1575 524 1842 593 siquidem

267 616 552 673 imbecilla:
577 617 759 671 carnis
804 617 976 671 induit
999 626 1055 670 et
1094 613 1510 684 insuperabilem
1538 611 1843 667 divinitatis

269 708 644 763 fortitudinem
661 707 971 762 occultavit.
1003 706 1095 760 Sic
1118 707 1196 759 sic
1220 720 1317 775 per
1348 719 1569 759 carnem
1597 700 1844 756 diabolus

267 812 298 849 ιι
325 797 573 852 secundo
596 797 816 851 homine
849 795 1111 864 perditur,
1159 794 1251 863 qui
1280 808 1376 862 per
1402 805 1618 846 carnem
1642 789 1843 845 dudum

266 889 501 956 primum
559 888 832 941 hominem
882 886 1180 956 superavit,
1225 886 1524 952 eademque
1564 882 1666 937 sibi
1701 894 1845 934 nunc

266 977 440 1033 ruina:
467 976 609 1032 facta
634 986 715 1030 est
740 992 906 1030 causa
931 992 1054 1045 quae
1085 975 1325 1029 victoriae
1365 972 1546 1027 fuerat
1570 972 1638 1026 de
1666 970 1843 1038 primo

263 1075 493 1136 parente
517 1067 767 1121 materia.
800 1064 914 1119 Hoc
942 1080 1040 1133 per
1065 1064 1337 1134 allegoria:
1388 1060 1704 1131 mysterium
1755 1073 1844 1113 res

264 1154 357 1213 illa
382 1154 866 1225 prmmonuitquod
893 1153 1057 1207 David
1085 1168 1114 1204 a
1147 1150 1282 1204 facie
1313 1149 1454 1218 regis
1483 1147 1608 1202 Saul
1635 1146 1846 1217 fugiens

267 1246 321 1300 in
350 1247 638 1315 praisentia
669 1245 833 1298 Acbis
865 1244 1004 1313 regis
1031 1241 1171 1296 Gelli
1203 1256 1263 1295 se
1313 1241 1493 1294 furere
1549 1238 1843 1293 simulavit.

266 1336 408 1390 Dicit
438 1337 581 1391 enim
611 1334 892 1403 Scriptura
927 1351 940 1387 :
974 1352 992 1385 ι
1028 1332 1163 1399 Quia
1192 1330 1498 1385 defluebant
1519 1329 1702 1383 salivae
1727 1328 1847 1397 ejus

268 1424 321 1479 in
354 1423 573 1480 barbam
604 1422 655 1494 (Ι
684 1422 809 1494 lleg.
842 1423 977 1493 xxi).
1010 1442 1028 1474 ι
1073 1421 1215 1476 Sane
1254 1422 1378 1490 quia
1411 1421 1577 1475 barba
1624 1421 1722 1474 viri
1764 1428 1845 1475 est

267 1514 565 1584 proprium,
594 1512 723 1582 quid
757 1520 840 1567 est
883 1527 979 1580 per
1029 1509 1312 1581 mystirum
1363 1509 1716 1574 intellectum,
1742 1507 1844 1562 nisi

266 1607 483 1662 virtutis
528 1606 824 1660 indicium?
867 1604 1005 1671 Quid
1037 1618 1166 1671 ergo
1191 1619 1285 1672 per
1312 1600 1847 1670 salivas,'mta:nimi-

266 1715 386 1752 rum
428 1697 603 1754 fluidae
656 1707 781 1753 sunt
823 1706 877 1751 et
927 1694 1102 1758 limae,
1138 1695 1238 1748 nisi
1291 1693 1471 1747 carnis
1518 1685 1867 1746 intirmitas?’

1942 520 2105 574 etiam
2136 520 2203 573 ad
2225 519 2363 576 bona
2387 537 2486 591 pro
2510 523 2667 577 malis
2692 523 3102 588 redhibendum,
3133 541 3239 579 non
3262 538 3519 594 provocet

1942 608 2044 664 hoc
2072 609 2216 680 quod
2243 609 2310 664 de
2351 610 2676 682 Pytltonissa
2722 612 2812 667 illa
2844 627 3053 681 magna:
3083 615 3325 682 profecto
3347 615 3520 671 laudis

1943 702 2101 773 digna
2134 706 2406 771 praeconio
2450 705 2666 775 legitur,
2694 722 2816 775 quae
2844 706 3119 771 videlicet,
3154 708 3220 761 ad
3253 708 3518 764 imitatio-

1942 806 2067 847 nem
2110 794 2227 857 Dei,
2259 794 2390 849 Saul
2422 806 2527 849 tam
2559 795 2696 849 bene
2723 796 2994 862 traCtavit,
3041 813 3147 851 non
3178 798 3341 852 modo
3372 799 3517 869 regio

1935 877 2049 946 jam
2094 881 2327 936 culmine
2382 884 2750 953 desperatum,
2794 885 2888 939 sed
2924 895 2982 940 et
3024 885 3077 939 in
3118 886 3355 940 crastino
3384 885 3516 940 Phi-

1944 971 2286 1027 listhinorum
2334 973 2526 1044 gladiis
2571 974 2940 1043 perimendum
2966 974 3017 1044 (Ι
3052 974 3186 1045 Reg.
3214 980 3428 1047 xxvii):
3461 987 3518 1031 et

1945 1069 2229 1129 tanquam.
2269 1064 2546 1131 prudens,
2607 1064 2762 1133 juxta
2833 1064 3220 1136 Evangelium,
3288 1072 3515 1137 serpens

1944 1148 2157 1218 (Matth.
2192 1151 2268 1222 ι).
2305 1153 2380 1207 illi
2428 1155 2678 1223 praestitit
2724 1155 3067 1221 beneficium,
3098 1171 3129 1210 a
3163 1172 3270 1227 quo
3311 1156 3517 1213 nullum

1944 1257 2003 1297 se
2029 1246 2285 1313 consequi
2310 1261 2466 1316 posse
2493 1249 2745 1315 sperabat
2773 1248 3217 1303 emolumentum.
3258 1248 3353 1304 llle
3380 1264 3519 1319 pra:-

1945 1341 2113 1401 terea,
2160 1337 2303 1391 sient
2360 1338 2474 1406 ipsa
2513 1339 2888 1407 conqueritur,
2939 1353 3129 1395 omnes
3174 1340 3413 1398 hariolos
3450 1343 3519 1397 de

1945 1431 2090 1477 terra
2114 1423 2279 1479 Israel
2327 1434 2383 1481 et
2438 1441 2627 1495 magos
2655 1428 2845 1493 erasit,
2871 1443 2935 1483 ac
2960 1444 3057 1498 per
3080 1429 3183 1484 hoc
3205 1429 3379 1495 eidem
3403 1447 3520 1486 mu-

1943 1511 2179 1568 lierculae
2233 1529 2449 1570 onmem
2507 1526 2772 1585 quiestum
2818 1517 2990 1573 solita:
3036 1519 3381 1575 divinationis
3423 1522 3523 1575 ad-

1944 1603 2095 1657 emit.
2133 1602 2228 1658 llla
2250 1604 2478 1659 vitulum
2504 1606 2834 1675 paschalem,
2866 1607 2956 1677 qui
2981 1608 3083 1662 sibi
3112 1610 3177 1663 de
3197 1621 3525 1680 consumpta

1944 1693 2033 1746 vix
2065 1704 2381 1763 paupertate
2424 1706 2734 1766 supererat,
2756 1698 2902 1751 coxit
2930 1707 2984 1751 et
3007 1713 3228 1769 azymos
3258 1715 3427 1769 panes
3453 1702 3521 1757 de

267 1788 405 1858 Quid
428 1806 554 1844 vero
582 1806 678 1860 per
698 1788 922 1845 barbam
953 1787 1053 1840 nisi
1093 1784 1391 1839 divinitatis
1423 1784 1662 1839 innuitur
1693 1782 1848 1837 forti-
1877 1780 1920 1838 Β
1949 1783 2240 1854 perexigua
2267 1783 2442 1841 farina
2471 1787 2828 1841 commiscens
2857 1786 2950 1849 illi,
2985 1800 3043 1840 ut
3066 1795 3399 1852 vesceretur,
3426 1805 3523 1858 ap-

266 1878 436 1933 tudo?
477 1877 648 1932 Barba
674 1894 802 1949 ergo
829 1862 1014 1931 salivis
1064 1874 1421 1928 defluentibus
1448 1872 1692 1943 operitur
1715 1872 1841 1941 quia

265 1963 442 2039 fragili
491 1969 672 2023 carnis
721 1968 986 2023 velamine
1022 1966 1327 2020 divinitatis
1367 1967 1540 2018 virtus
1572 1964 1833 2018 induitur.

268 2059 376 2117 Sed
397 2064 540 2132 quod
573 2063 738 2117 David
767 2060 1187 2132 dispensationis
1211 2059 1403 2129 agebat
1425 2058 1715 2121 industria,
1742 2058 1844 2111 hoc

271 2165 301 2205 ιι
328 2152 695 2207 nescientibus
720 2152 1011 2221 putabatur
1054 2149 1285 2205 insania.
1324 2148 1474 2206 Unde
1513 2147 1681 2201 Achis
1724 2162 1841 2201 ser-

269 2242 353 2297 vis
394 2243 507 2297 suis
541 2243 660 2297 ait:
699 2261 716 2293 ι
759 2241 981 2296 Vidistis
1022 2240 1296 2295 hominem
1343 2240 1615 2302 insanum,
1672 2251 1843 2305 quare

271 2332 589 2387 adduxistis
624 2349 747 2387 eum
793 2333 861 2385 ad
920 2331 1038 2386 me?
1092 2346 1159 2384 an
1212 2329 1408 2384 desunt
1446 2329 1603 2383 nobis
1655 2327 1842 2382 furiosi

269 2423 413 2492 quod
466 2423 839 2478 introduxistis
867 2422 1050 2485 istum,
1093 2431 1148 2473 ut
1170 2419 1371 2474 fureret
1412 2435 1496 2473 me
1542 2417 1846 2488 praesente?

271 2512 461 2585 (lbid.)
492 2534 511 2566 ο
1810 2570 1815 2577 .

342 2595 531 2650 Nonne
552 2597 715 2649 etiam
745 2611 876 2650 vero
900 2596 1065 2650 David
1090 2593 1434 2663 Redemptori
1461 2600 1645 2646 nostro
1670 2592 1848 2646 simile

269 2684 400 2755 quid
450 2686 670 2751 accidit,
700 2695 759 2740 ut
786 2686 1010 2742 insanus
1039 2687 1108 2740 ab
1144 2683 1540 2740 insanientibus
1566 2691 1848 2753 putaretur

270 2785 326 2832 et
354 2775 614 2831 miracula
647 2791 743 2845 per
769 2777 1043 2832 daemones
1075 2790 1234 2845 agerc
1265 2791 1295 2828 ιι
1326 2772 1671 2828 diemoniacis
1699 2772 1845 2826 dice-

270 2868 458 2923 retur?
482 2866 614 2923 lliuc
643 2878 726 2923 est
746 2868 890 2935 quod
917 2867 1130 2922 Marcus
1152 2864 1485 2935 evangelista
1514 2864 1649 2917 dicit
1678 2879 1691 2915 :
1730 2882 1762 2923 ιΔ
1784 2861 1850 2915 Ει

271 2973 394 3012 cmn
426 2959 688 3013 vidissent
737 2960 840 3023 sui,
889 2959 1142 3019 exierunt
1187 2965 1372 3017 tenere
1403 2970 1557 3018 eum;
1595 2952 1849 3007 dicebant

275 3050 421 3116 enim
450 3050 703 3121 quoniam
736 3050 788 3105 in
842 3050 1080 3105 furorem
1110 3063 1302 3103 versus
1350 3055 1433 3103 est
1465 3044 1656 3110 (Marc.
1686 3043 1788 3111 Ill).
1823 3063 1840 3094 ι

272 3138 480 3206 Quibus
512 3140 689 3201 verbis
715 3141 959 3210 protinus
982 3139 1185 3195 addidit
1213 3156 1226 3191 :
1264 3158 1281 3189 ι
1312 3137 1377 3190 Et
1408 3134 1632 3198 Seribte,
1658 3133 1746 3203 qui
1779 3133 1846 3185 ab
1876 3134 1920 3196 C
1953 3142 2369 3198 ίηειιιιιιιιεηωη,

277 3229 666 3301 Hierosolymis
726 3230 1141 3291 desecnderant,
1205 3228 1457 3282 dicebant
1514 3242 1527 3276 :
1584 3221 1848 3288 Quoniam

275 3319 577 3376 Beelzebub
617 3320 799 3383 habet,
825 3330 880 3373 et
919 3319 1044 3388 quia
1091 3319 1142 3371 in
1174 3317 1416 3388 principe
1457 3313 1851 3369 daemoniorum

277 3409 715 3482 ejicitdmmonia
747 3408 959 3480 (Ibid.).
996 3427 1013 3459 ι
1062 3407 1231 3461 Porro
1276 3390 1480 3469 autem,
1510 3403 1634 3473 quia
1674 3402 1853 3455 saliva:

277 3499 603 3572 frequenter
625 3500 783 3570 187
806 3514 871 3553 ex
903 3498 1190 3553 infantium
1213 3512 1311 3551 ore
1339 3495 1660 3556 decurrunt,
1678 3508 1855 3546 nonne

276 3591 427 3648 velut
452 3590 716 3645 infantilia
738 3590 1059 3644 videbantur
1082 3587 1406 3651 verba,cum
1428 3584 1632 3638 diceret
1658 3600 1671 3634 :
1695 3600 1712 3632 ι
1742 3579 1854 3635 Nisi

280 3678 743 3738 manduraveritis
759 3693 977 3732 carnem
1001 3676 1122 3731 Filii
1148 3675 1382 3729 hominis
1396 3682 1451 3727 et
1472 3671 1717 3726 biberitis
1740 3669 1857 3738 eius

278 3772 619 3843 sanguinem,
636 3785 740 3823 non
760 3768 1030 3823 habebitis
1054 3767 1217 3819 vitam
1236 3766 1287 3819 in
1315 3764 1500 3819 vobis?
1517 3760 1697 3833 (Joan.
1713 3762 1812 3831 vi.)
1833 3778 1852 3810 ι

278 3861 434 3931 Quod
478 3861 761 3915 audientes
812 3857 1059 3927 discipuli
1104 3856 1357 3910 dicebant
1416 3869 1429 3906 :
1478 3871 1495 3903 ι
1552 3854 1728 3905 Durus
1776 3860 1861 3905 est

281 3954 373 4008 hic
401 3968 598 4019 sermo,
647 3960 702 4006 et
742 3951 864 4019 quis
906 3957 1083 4018 potest
1136 3962 1258 4002 eum
1302 3946 1520 4000 audire?
1558 3964 1574 3994 ι
1627 3944 1692 3998 Ει
1720 3944 1861 3998 sicut

282 4040 616 4112 evangelista
665 4038 849 4105 refert,
877 4057 896 4089 ι
927 4037 1040 4107 jam
1094 4053 1201 4091 non
1233 4051 1354 4090 cum
1401 4034 1491 4088 illo
1514 4033 1863 4088 ambulabant

284 4129 499 4203 (Ibid.).
539 4149 557 4182 ι
594 4129 698 4183 Sed
749 4128 867 4182 ista:
916 4126 1099 4182 salivte
1151 4124 1377 4178 barbam
1413 4122 1580 4203 David
1611 4121 1862 4190 tegebant

283 4199 413 4291 quia
429 4221 530 4274 sub
550 4220 636 4274 his
658 4216 998 4272 infantilibus
1021 4213 1204 4269 verbis
1226 4215 1401 4267 virtus
1423 4199 1603 4263 divina
1637 4210 1861 4263 latebat.

286 4309 485 4365 Factus
514 4319 597 4364 est
627 4324 757 4379 ergo
789 4304 1122 4375 Redemptor
1148 4315 1331 4357 noster
1361 4302 1630 4365 infirmus,
1656 4308 1712 4353 ut
1766 4315 1864 4354 nos

288 4397 458 4454 fortes
481 4397 745 4463 efficeret;
781 4397 929 4451 visus
982 4406 1067 4451 est
1123 4393 1338 4459 stultus,
1372 4400 1429 4446 ut
1459 4392 1524 4444 ad
1555 4406 1735 4446 veram
1768 4405 1863 4445 nos

1942 1872 2141 1937 posuit.
2188 1872 2341 1939 Quod
2382 1889 2506 1929 cum
2558 1875 2647 1929 ille
2694 1875 2938 1945 lugubris
2963 1886 3018 1930 et
3066 1877 3314 1946 contigua
3345 1887 3522 1933 morte

1947 1969 2110 2039 188
2124 1973 2445 2039 perterritus
2466 1984 2746 2042 sperneret
2768 1989 2832 2029 ac
2855 1974 3035 2029 cibum
3058 1989 3254 2045 capere
3279 1972 3527 2031 funditus

1942 2068 2240 2123 recusaret,
2270 2075 2301 2114 e
2345 2063 2623 2116 contrario
2653 2062 2742 2117 illa
2769 2062 3021 2131 precibus
3045 2064 3261 2118 obnixis
3307 2074 3361 2118 et
3399 2065 3522 2133 qui-

1942 2147 2166 2203 busdam
2199 2151 2344 2205 velut
2384 2154 2944 2221 argumentationibus
2997 2152 3399 2208 incessabiliter
3439 2154 3522 2206 in-

1943 2239 2191 2305 sistebat,
2224 2251 2284 2296 ut
2309 2246 2523 2314 roganti
2555 2244 2809 2300 talionem
2858 2245 3131 2299 redderet.
3159 2243 3230 2298 Et
3260 2245 3401 2298 sicut
3425 2243 3529 2317 illa}

1938 2328 2154 2397 iubenti
2184 2344 2461 2402 paruerat,
2514 2337 2593 2390 sic
2623 2336 2724 2390 iste
2754 2336 3106 2405 supplicantis
3140 2335 3392 2404 precibus
3418 2350 3520 2388 an-

1944 2432 2176 2478 nueret:
2212 2443 2230 2476 ι
2261 2424 2420 2488 Ecce,
2471 2426 2668 2496 inquit,
2720 2425 2963 2481 obedivit
3010 2425 3209 2481 ancilla
3260 2433 3352 2479 tua
3400 2425 3529 2482 voci.

1947 2521 2067 2575 ture,
2101 2522 2157 2567 et
2177 2515 2329 2582 posui
2359 2515 2595 2569 animam
2627 2530 2802 2570 meam
2835 2516 2887 2568 in
2913 2530 3075 2568 manu
3096 2524 3215 2580 tua,
3255 2522 3313 2568 et
3340 2514 3521 2568 audivi

1945 2599 2226 2659 sermones
2258 2614 2400 2669 tuos,
2441 2621 2578 2675 quos
2608 2607 2817 2661 locutus
2862 2620 2922 2661 es
2951 2606 3017 2659 ad
3047 2620 3164 2671 me;
3213 2620 3357 2661 nunc
3390 2621 3522 2675 ergo

1945 2694 2067 2747 audi
2100 2707 2154 2748 et
2190 2705 2247 2748 tu
2272 2711 2458 2751 vocem
2490 2698 2701 2752 ancillae
2734 2708 2857 2763 tua',
2911 2707 2966 2752 et
3006 2712 3198 2766 ponam
3248 2712 3433 2752 coram
3463 2708 3515 2751 te

1947 2781 2243 2836 buccellam
2272 2784 2449 2852 panis,
2480 2794 2538 2839 ut
2565 2788 2853 2841 comedens
2898 2786 3243 2841 convalescas
3269 2796 3324 2841 et
3348 2786 3523 2855 possis

1949 2870 2053 2925 iter
2074 2872 2253 2928 facere
2275 2874 2325 2945 (Ι
2344 2874 2704 2944 Rngxvm).
2729 2895 2747 2927 ι
2767 2875 2900 2942 Quis
2913 2877 3057 2930 enim
3081 2876 3183 2931 hoc
3199 2886 3523 2930 coruscaute

1949 2959 2151 3016 faceret
2182 2963 2492 3032 Evangelio,
2522 2966 2664 3035 quod
2695 2968 2809 3020 haec
2833 2965 3026 3019 mulier
3052 2967 3152 3019 sub
3177 2966 3366 3020 umbra
3389 2964 3524 3039 legis

1949 3053 2124 3122 egisse
2173 3053 2523 3120 describitur,
2574 3057 2874 3125 praesertim
2933 3071 3057 3111 cum
3112 3057 3278 3112 Vetus
3330 3053 3524 3110 oﬂ‘erat

2422 3164 2435 3198 :
2498 3162 2516 3195 ι
2569 3145 2764 3215 Diliges
2811 3147 3045 3201 amicum
3101 3155 3275 3210 tuum,
3305 3155 3361 3202 ct
3394 3146 3523 3201 odio

1951 3234 2174 3291 habebis
2197 3235 2473 3291 inimicutn
2506 3245 2677 3302 tuum,
2712 3257 2732 3289 ι
2765 3237 3071 3306 evangelica
3106 3253 3233 3294 vero
3259 3238 3386 3294 tuba
3419 3246 3528 3293 ter-

1953 3325 2181 3379 ribiliter
2226 3326 2432 3381 intonet
2461 3345 2474 3379 :
2501 3326 2635 3392 Quia
2689 3346 2707 3379 ι
2748 3342 2847 3383 nec
2896 3329 3057 3383 Pater
3086 3338 3264 3384 vester
3290 3328 3531 3389 dimittet

1954 3412 2104 3466 vobis
2124 3424 2345 3482 peccata
2369 3426 2570 3481 vestra,
2597 3417 2642 3471 si
2670 3432 2778 3471 non
2815 3417 3134 3472 remiseritis
3161 3416 3531 3486 unusquisque

1955 3501 2111 3558 fratri
2134 3520 2234 3559 suo
2248 3506 2314 3571 de
2336 3508 2591 3569 cordibus
2627 3510 2829 3573 vestris
2858 3507 3072 3579 (Matth.
3089 3525 3141 3564 vt
3159 3526 3172 3575 ;
3191 3507 3475 3578 Mariam).
3502 3526 3523 3559 ι

1958 3589 2086 3647 Saul
2113 3595 2257 3647 enim
2282 3595 2356 3649 ita
2377 3596 2745 3653 divinantibus
2765 3608 2820 3652 et
2840 3597 3065 3653 hariolis
3087 3598 3336 3653 inimicus
3360 3596 3531 3652 exsti—

1960 3684 2024 3736 tit
2081 3693 2138 3739 ut
2197 3688 2400 3755 passim
2454 3703 2647 3744 omnes
2698 3688 3050 3753 interficeret,
3100 3699 3156 3742 et
3205 3690 3295 3744 vix
3338 3702 3531 3744 eorum

1959 3773 2247 3847 quispiam,
2280 3777 2383 3831 nisi
2413 3778 2528 3832 ham
2558 3780 2818 3835 duntaxat
2845 3778 3170 3849 paupercula
3201 3778 3413 3845 mulier,
3441 3792 3534 3832 re-

1960 3867 2278 3932 mansisset;
2312 3869 2425 3923 [nec
2451 3870 2639 3936 etiam,
2664 3886 2781 3938 quae
2830 3880 3135 3939 supererat,
3180 3880 3332 3924 tanta
3373 3869 3537 3939 regia:

1961 3957 2352 4023 persecutionis
2400 3968 2522 4011 erat
2570 3960 2905 4013 immanitate
2932 3960 3229 4014 constricta
3278 3968 3359 4022 ut,
3406 3958 3534 4012 dum

1963 4044 2270 4099 nullatenus
2299 4047 2374 4099 uti
2423 4047 2753 4103 divinatione
2806 4056 3176 4116 praesumeret,
3215 4057 3533 4102 consuetum

1963 4135 2194 4204 propria:
2209 4136 2343 4189 artis
2358 4147 2622 4206 quaestum
2648 4136 2885 4192 funditus
2906 4139 3194 4203 amisisset.
3213 4136 3338 4192 Haec
3351 4146 3533 4195 tamen

1899 4286 1905 4291 τ
1964 4223 2196 4295 idipsum
2222 4226 2362 4295 quod
2395 4237 2729 4282 remanserat
2771 4227 3000 4283 reddens
3039 4229 3179 4281 bona
3234 4242 3332 4296 pro
3378 4228 3541 4283 malis

1966 4314 2223 4373 alacriter
2242 4315 2462 4382 obtulit,
2486 4320 2545 4389 et
2592 4317 2868 4371 inimicum
2910 4332 3087 4379 suum,
3110 4316 3258 4370 velut
3283 4317 3541 4384 Apostolo

1963 4402 2076 4472 jam
2112 4405 2229 4459 haec
2269 4405 2632 4475 praecipiente,
2682 4404 2884 4461 cibavit
2940 4404 3117 4476 (Rom.
3149 4405 3210 4474 ι).
3242 4404 3308 4458 Ει
3337 4404 3450 4457 haec
3474 4417 3543 4457 eo

288 4492 611 4562 sapientiam
644 4499 947 4544 revocaret.
981 4486 1131 4543 Unde
1159 4487 1290 4543 dicit
1315 4484 1641 4558 Apostolus:
1674 4501 1692 4533 ι
1726 4482 1852 4550 Quia

1974 4506 2213 4566 tempore
2257 4496 2540 4551 laudabilis
2595 4496 2789 4550 mulier
2816 4474 2963 4561 fecit,
3007 4510 3129 4549 cum
3185 4493 3332 4548 illum
3362 4503 3547 4547 nosset

290 4581 433 4652 quod
456 4579 675 4635 stultum
708 4592 790 4634 est
833 4579 924 4634 Dei
953 4578 1220 4649 sapientia
1247 4585 1329 4631 est
1374 4576 1703 4630 hominibus.
1753 4594 1769 4625 ι
1804 4574 1869 4627 Et

293 4672 455 4742 paulo
485 4673 733 4741 superius
769 4691 782 4727 :
823 4690 839 4722 ι
880 4670 1015 4738 Quia
1070 4686 1176 4724 non
1218 4669 1468 4739 cognovit
1515 4654 1746 4735 inundus
1776 4681 1872 4735 per

291 4763 617 4833 sapientiam
645 4762 836 4826 Deum,
869 4761 1070 4830 placuit
1100 4760 1208 4813 Deo
1242 4773 1338 4827 per
1366 4756 1648 4811 stultitiam
1674 4756 1869 4824 pra‘di-

290 4855 525 4911 oationis
576 4854 755 4909 salvos
797 4852 977 4908 facere
1028 4852 1315 4906 credentes
1347 4847 1397 4921 (ι
1446 4848 1568 4902 Cor.
1618 4846 1678 4916 ι).
1714 4868 1731 4899 ι
1766 4846 1873 4902 Nec

295 4945 573 5017 indignum
598 4959 759 5014 super
789 4942 1016 4999 Domino
1052 4940 1336 4996 Salvatore
1367 4948 1553 4993 nostro
1582 4937 1868 4990 infirmita-

292 5043 426 5102 tem,
454 5035 537 5091 vel
563 5034 849 5091 stultitiam
880 5034 1008 5097 dici,
1064 5048 1187 5087 cum
1232 5031 1397 5085 etiam
1450 5045 1547 5099 per
1574 5024 1867 5097 leprosum,

290 5142 420 5183 cum
442 5127 604 5182 etiam
623 5142 720 5195 per
741 5134 1047 5196 serpentem
1081 5139 1186 5177 non
1210 5121 1531 5192 dedignatus
1555 5121 1623 5174 sit
1647 5119 1874 5191 mystice

298 5218 539 5288 figurari.

887 5284 1114 5340 CAPUT
1164 5282 1272 5337 Vll.

302 5378 369 5431 In
392 5377 613 5448 epistola
642 5378 711 5429 mf
740 5377 1070 5431 Desideria»:
1104 5375 1498 5448 abbatent,_qu_a
1525 5371 1720 5423 dicitur
1740 5368 1879 5448 quod

371 5439 564 5521 majori
607 5449 687 5521 sit,
721 5449 911 5515 dignus
955 5447 1153 5521 Ironore
1198 5446 1289 5513 qui
1330 5439 1639 5512 dignitatem
1670 5439 1880 5508 projiciz

372 5517 528 5586 quam
550 5519 641 5589 qui
673 5520 725 5571 in
763 5534 822 5569 ea
846 5517 1098 5582 persistit.
1860 5540 1865 5547 ~

378 5608 544 5675 Quem
574 5625 689 5664 non
708 5606 941 5661 aedificet
981 5615 1147 5675 atque
1176 5604 1242 5657 ad
1291 5600 1677 5671 perfectionem
1706 5597 1885 5651 chari-

308 5700 434 5754 tatis
459 5699 682 5765 excitet,
722 5710 908 5764 quem,
945 5694 1190 5763 inquam,
1221 5706 1328 5746 non
1384 5689 1555 5747 Solum
1582 5686 1649 5744 ad
1679 5684 1884 5743 ollicio-

731 5789 1025 5879 “Parant.
1054 5788 1315 5861 ﬁXLV.

1972 4587 2117 4642 illico
2150 4589 2490 4651 moriturum,
2518 4600 2679 4657 atque
2705 4588 2827 4642 ideo
2848 4602 2949 4642 nec
2977 4594 3223 4658 speraret
3243 4586 3355 4655 jam
3381 4583 3548 4654 placi-

1975 4681 2124 4744 dum,
2149 4693 2249 4733 nec
2266 4687 2489 4748 paveret
2510 4678 2728 4733 iratum.
2754 4671 3102 4747 Argumentis
3124 4682 3349 4728 utuntur
3368 4673 3551 4735 bomi-g

1973 4786 2090 4837 nes,
2112 4780 2220 4825 uta
2243 4769 2476 4839 propriis
2498 4769 2746 4823 domibus
2770 4766 3031 4835 hospitari
3051 4765 3289 4819 volentes
3307 4761 3551 4834 ejiciant,

1976 4870 2034 4914 ut
2062 4859 2127 4912 ad
2158 4860 2434 4922 tabernas,
2485 4857 2568 4911 vel
2610 4856 2877 4926 emptoria
2922 4854 3102 4909 vicina
3158 4851 3549 4906 transmittant.

1976 4950 2254 5019 Siquidem
2289 4949 2439 5004 locus
2466 4949 2568 5002 iste
2595 4947 2958 5016 depreciatur,
2997 4944 3085 4998 ille
3111 4941 3427 5014 praefertur;
3457 4939 3551 5013 hic

1974 5058 2070 5115 per
2095 5041 2496 5097 inclementiam
2524 5038 2796 5093 annotinis
2835 5036 3170 5105 tempeStatis
3217 5049 3362 5105 aegra
3389 5045 3549 5102 seges

1976 5148 2176 5204 negare
2195 5132 2367 5188 fertur
2394 5129 2643 5201 agricolis
2672 5128 2899 5193 victum;
2935 5127 3021 5180 ille
3041 5125 3301 5179 feraciqu
3331 5122 3551 5193 frugum

1981 5228 2177 5284 dicitur
2233 5226 2562 5281 exuberasse
2606 5230 2919 5292 proventus.
2950 5219 3105 5275 Modo
3151 5220 3391 5274 brevitas
3411 5232 3560 5272 com-

1982 5316 2269 5372 mendatur
2295 5312 2524 5376 itineris,
2548 5312 2709 5366 modo
2738 5310 2819 5366 sol
2845 5310 3038 5366 altiora
3069 5307 3191 5362 (εαξὶὶ
3224 5316 3407 5360 tenere
3435 5319 3559 5373 spa-

1986 5408 2059 5461 tia
2087 5405 2423 5475 perhibetur.
2447 5402 2560 5457 Hac
2588 5402 2753 5473 igitur
2782 5400 3126 5475 accuratioae
3152 5399 3463 5460 verborum,
3484 5394 3562 5448 nil

1988 5497 2132 5552 aliud
2155 5495 2334 5565 agitur
2355 5509 2518 5565 quam
2539 5504 2597 5548 ut
2620 5493 3064 5564 supervenientes
3083 5490 3227 5545 aliud
3251 5489 3353 5544 sibi
3382 5486 3563 5563 provi-

1989 5587 2118 5642 dere
2169 5584 2563 5654 compellantur
2615 5582 2930 5652 hospitium.
2973 5580 3098 5636 ιιωο
3124 5589 3303 5634 autem
3326 5576 3563 5647 prudens

1988 5693 2045 5740 et
2085 5680 2320 5753 ingenua
2365 5677 2562 5735 mulier
2611 5676 2995 5753 rhetoricatur,
3045 5683 3106 5728 ut
3160 5673 3235 5727 ita
3262 5671 3453 5740 loquar
3511 5675 3566 5721 et

3022 5763 3130 5825 .33
