4052 6312
490 273 624 330 1099

489 395 768 442 oratorum
821 385 1156 442 orationibus
1213 387 1416 452 utitur,
1473 398 1530 442 ut
1601 388 1853 442 inimicus
1910 387 2068 455 ejus,

1372 273 1872 332 COLI.ECTANEA
1920 273 1987 330 IN
2019 275 2153 332 V'E'l'
2162 275 2248 332 US
2289 271 2831 332 TESI‘AMENTUH.

3619 277 3762 328 1100

2178 389 2304 442 dum
2345 389 2551 460 respuit
2595 403 2658 443 ac
2710 387 2957 454 resultat,
3008 386 3076 442 ad
3123 386 3358 444 edulium
3407 397 3764 458 provocetur.

1520 498 1822 567 Expliciunt
1853 499 2150 551 testimonia
2179 499 2334 567 primi
2357 497 2479 551 libri
2510 498 2734 568 Regum.

1150 631 1501 703 139.190
1546 627 1886 684 INCIPIUNT
1925 627 2264 684 CAPITULA
2299 625 2479 681 LIBRI
2519 626 2807 682 succum
2843 626 3106 683 nucum.

621 747 695 800 De
725 763 783 800 eo
811 749 950 815 quod
988 745 1156 799 Dat-id
1190 746 1504 814 imprecatus
1532 751 1641 806 est,
1694 752 1748 794 ut
1801 758 1906 794 non
1937 741 2145 808 deﬁciat
2185 741 2249 792 de
2279 740 2435 792 domo
2470 739 2607 792 Joab
2637 741 2839 809 ﬂuxum
2870 741 3083 794 seminis
3130 742 3390 796 sustinens
3446 753 3493 796 et
3523 745 3768 815 lqrosus

669 828 845 870 tenens
870 818 1068 884 fusum.

621 884 738 940 Ista
775 899 845 939 est
870 880 962 939 lea:
994 888 1182 950 Adam,
1217 885 1288 936 ait
1321 883 1508 945 David,
1538 882 1760 936 Domine
1780 880 1936 934 Dens.

624 956 769 1009 Fecit
800 968 972 1010 autent
995 947 1285 1008 David—sibi
1313 970 1519 1016 nomen,
1544 969 1658 1005 cum
1690 961 2045 1013 reverteretur,
2065 959 2220 1018 capta
2240 950 2422 1018 Syria,
2441 949 2495 1004 in
2519 949 2654 1003 valle
2679 947 2986 1004 Saliuarutu
3013 951 3162 1004 cwsis
3187 951 3464 1004 duodecim
3489 953 3750 1013 millibus.

626 1095 703 1166 De
733 1112 790 1149 eo
816 1097 954 1166 quod
982 1093 1609 1166 [τὶἰὶἱνῌαυὶςιᾷδασοεννίιοιέιδΔ
1623 1091 1783 1166 fuisse
1813 1091 2084 1166 dicuntur.

625 1164 778 1231 Quod
812 1161 1032 1220 Ammon
1063 1163 1204 1230 [ilus
1238 1162 1411 1226 Naas,
1460 1163 1658 1215 nuntiis
1695 1161 1863 1215 David
1892 1162 1959 1213 ad
1989 1161 2363 1213 consolandum
2389 1177 2506 1213 eum
2535 1175 2692 1229 super
2717 1169 2934 1213 mortem
2959 1161 3126 1230 patris
3152 1161 3384 1226 directis,
3417 1173 3582 1216 uestes
3603 1166 3763 1219 scidit

668 1246 715 1290 et
753 1237 940 1289 barbas
968 1235 1164 1288 medias
1197 1235 1344 1285 rasit.

623 1305 698 1360 De
737 1307 1036 1372 iwnitentia
1065 1304 1257 1368 David,
1284 1320 1401 1370 quia
1427 1313 1667 1372 suscepta
1704 1311 1811 1365 est;
1848 1299 1979 1372 Saul
2005 1316 2144 1372 vero,
2174 1300 2468 1372 reprobata.

622 1376 698 1430 De
725 1368 784 1431 eo
817 1376 954 1446 quod
985 1375 1148 1446 David
1183 1368 1388 1446 Rabatlt
1419 1368 1706 1446 civitatem,
1733 1389 1888 1441 quam
1920 1369 2056 1446 Joab
2076 1371 2445 1446 appugnabat,
2477 1370 2640 1446 victor
2668 1368 2910 1423 obtinuit.

529 750 580 802 1.

525 888 582 942 2.

526 957 580 1010 3.

526 1027 583 1081 ι.
627 1026 731 1091 Qui
765 1036 913 1079 erant
945 1025 1222 1090 Celethrci,
1259 1034 1304 1076 et
1331 1022 1635 1075 I’itt’lellttt’l.

531 1097 588 1149 5.

531 1166 586 1220 6.

529 1307 583 1362 7.

528 1381 584 1433 8.

527 1448 580 1500 9.
624 1446 701 1516 De
729 1463 786 1500 eo
808 1440 946 1516 quod
975 1445 1141 1498 David
1177 1444 1404 1497 Absalon
1437 1445 1641 1512 fugiens
1665 1440 2186 1516 decemAconcubinas
2218 1440 2286 1491 ad
2314 1441 2708 1516 custodiendam
2741 1447 2954 1493 domum
2974 1441 3224 1516 reliquit.

491 1519 581 1571 10.
628 1515 779 1580 Quod
806 1509 1030 1569 Absalon
1059 1526 1257 1582 patrem
1288 1509 1616 1582 permanens,
1640 1510 1953 1582 concubinas
1982 1527 2113 1582 quas
2137 1509 2449 1582 pa_ter_domi
2486 1509 2771 1582 reliquerat
2799 1551 2813 1574 ,
2843 1511 3058 1564 consilio
3082 1509 3434 1582 AchitOpItelis
3462 1513 3704 1582 (reducit.

492 1589 581 1642 11.
624 1579 709 1667 De.
729 1603 786 1641 eo
817 1587 952 1654 quod
985 1579 1130 1647 Sobi,
1167 1596 1212 1637 et
1244 1579 1453 1673 Maelii'r
1477 1581 1806 1673 et'Berzellai
1831 1579 2132 1661 Galaadites
2158 1579 2453 1673 obtulerunt
2474 1579 2645 1634 David
2686 1583 2740 1633 in
2766 1582 2951 1635 castris
2978 1582 3200 1636 Madian
3223 1579 3503 1650 stratoria,
3537 1597 3584 1638 et
3614 1595 3767 1656 tape-

671 1658 744 1710 tia
765 1697 778 1719 ,
802 1652 846 1708 et
887 1669 1007 1710 vasa
1040 1664 1087 1707 et
1119 1669 1338 1724 qmrque
1361 1654 1431 1706 ad
1465 1654 1603 1707 cibos
1645 1652 1963 1705 necessaria.

491 1726 578 1780 12.
623 1725 698 1780 De
723 1743 782 1779 eo
809 1725 947 1793 quod
977 1719 1168 1793 dicitur
1198 1719 1371 1793 plures
1399 1725 1562 1792 fuisse
1586 1740 1714 1793 quos
1745 1731 2134 1788 consumpserat
2165 1719 2332 1793 saltus
2359 1719 2642 1793 depopulo
2668 1720 2935 1793 quam__illi
2972 1739 3101 1791 quos
3133 1731 3405 1776 voraverat
3430 1721 3670 1792 gladius.

491 1742 578 1780 12-
623 1742 698 1780 uc
723 1743 782 1779 eo
809 1742 944 1793 ([ttoa
977 1742 1168 1777 att‘ttttt'
1213 1742 1371 1777 “ures
1399 1742 1562 1792 1111388
1586 1742 1714 1793 quos
1745 1742 2134 1788 consumpserat
2165 1742 2332 1774 sanus
2359 1742 2422 1772 ae
2451 1742 2642 1789 poputo
2668 1742 2824 1789 quam
2855 1742 2932 1773 ηιι
2972 1742 3101 1791 quos
3133 1742 3404 1776 ῙόΓαυεΓαι
3430 1742 3670 1792 ςιαίιηη.

491 1797 580 1854 15.
629 1795 781 1862 Quod
814 1795 1070 1850 Berzellai
1107 1742 1409 1847 Calaadites
1454 1811 1612 1864 usque
1649 1792 1939 1846 Iordanem
1969 1807 2086 1844 cum
2117 1808 2234 1862 rege
2265 1791 2436 1844 David
2477 1793 2686 1844 veniens
2720 1801 2768 1844 et
2810 1789 3143 1846 Hierusalem
3168 1809 3342 1846 secum
3365 1810 3580 1863 pergere
3609 1810 3770 1849 recu-

662 1868 814 1920 savit.

493 1935 583 1994 14.
629 1936 781 2002 Quod
815 1936 982 1990 David
1021 1936 1196 1988 decem
1245 1933 1558 1989 concubinas
1585 1973 1600 1999 ,
1648 1949 1779 2004 quas
1815 1933 1956 1986 domi
2004 1931 2326 2002 reliquerat,
2381 1930 2589 1985 rediens
2633 1931 2688 1984 in
2741 1932 3034 1987 custodiam
3073 1933 3336 2001 tradidit,
3375 1950 3467 1988 nec
3488 1943 3564 1989 est
3617 1934 3766 1988 ultra

671 2008 932 2075 ingressus
955 2007 1022 2060 ad
1047 2023 1156 2059 eas.

493 2077 582 2131 15.
626 2075 777 2130 Unde
803 2091 982 2144 supra.

494 2147 582 2201 16.
622 2146 698 2200 De
725 2163 785 2199 eo
809 2143 945 2216 quod
971 2146 1168 2199 dicitur
1187 2146 1392 2200 tertium
1419 2145 1610 2216 bellum
1642 2145 1695 2197 in
1718 2144 2032 2216 Gobucontra
2063 2143 2398 2198 Philistltazos
2427 2143 2620 2211 fuisse,
2655 2145 2710 2198 in
2735 2161 2836 2216 quo
2857 2145 3111 2215 percussit
3143 2145 3449 2200 Adeodatus
3479 2144 3627 2211 ﬁlius
3651 2143 3768 2198 salo

668 2227 751 2270 tus
781 2213 1133 2286 polimitarius
1161 2216 1524 2269 Bethleemites
1566 2215 1777 2269 Goliatlt
1820 2213 2115 2270 Cetlta'um.

491 2285 578 2341 17.
625 2283 791 2358 David
835 2287 1018 2341 sedens
1059 2288 1112 2339 in
1143 2287 1392 2358 cathedra
1422 2287 1838 2356 sapientissimus
1873 2289 2112 2356 princeps
2141 2287 2276 2339 inter
2303 2295 2439 2351 tres;
2476 2285 2583 2356 ipse
2606 2285 2760 2356 quasi
2783 2286 3093 2340 tenerrimus
3116 2286 3244 2356 ligni
3275 2283 3584 2340 vermiculus
3604 2323 3623 2352 ,
3663 2283 3772 2358 qui

668 2357 987 2426 octingentos
1015 2357 1272 2426 interfecit
1303 2358 1492 2426 impetu
1524 2373 1650 2409 uno.

492 2425 578 2480 18.
617 2425 770 2491 Quod
794 2425 965 2480 David
995 2442 1174 2481 aream
1202 2425 1386 2482 Ornan
1411 2425 1642 2481 Jebuscei
1671 2436 1720 2480 et
1748 2425 1896 2482 boves
1924 2427 1980 2480 in
2011 2425 2373 2480 holocaustum
2401 2425 2668 2496 offerendo
2691 2436 2875 2480 taxato
2902 2428 3070 2495 pretio
3097 2428 3442 2500 comparavit.

1869 2517 1880 2528 ε
1915 2539 2222 2610 Expliciunt
2252 2537 2503 2608 capitula.

635 2690 1275 2782 INCIPIUNT
1342 2687 2092 2784 TESTIMONIA
2150 2688 2478 2777 LIBRI
2554 2688 3067 2781 SECUNDI
3145 2695 3598 2789 REGUM.

929 2861 938 2917 ἐ
992 2857 1224 2914 CAPUT
1261 2858 1556 2917 PRIMUM.

944 2949 1012 3005 In
1041 2949 1174 3004 libro
1208 2948 1614 3006 Gomorrltiano.

487 3076 534 3098 vi
559 3055 591 3097 ι’
613 3045 726 3101 Nec.
753 3043 968 3099 deﬁciat
987 3083 1001 3107 ,
1035 3043 1111 3097 ait
1135 3043 1301 3098 David
1325 3085 1340 3109 ,
1381 3044 1448 3099 de
1479 3045 1638 3099 domo
1677 3042 1813 3099 Joab
1843 3041 2074 3099 Gomor-

487 3139 642 3194 rhian
671 3134 1188 3206 sustinens(lI_Reg.
1215 3137 1352 3206 "1).:
1382 3135 1486 3190 Pro
1508 3151 1616 3205 quo
1639 3136 1874 3191 secunda
1899 3143 2074 3190 trans-

487 3229 617 3284 latio
669 3228 831 3282 habet
877 3224 1092 3280 ﬂuxum
1143 3227 1366 3281 seminis
1405 3227 1677 3282 sustinens
1722 3233 1776 3281 et
1828 3225 2074 3296 leprosos

488 3331 679 3374 tenens
733 3317 910 3373 fusum
938 3357 952 3382 ,
991 3327 1047 3371 et
1085 3318 1294 3372 cadens
1340 3316 1517 3387 gladio
1545 3325 1599 3369 et
1629 3317 1876 3387 indigens
1905 3331 2066 3385 pane.

484 3412 662 3481 Lepra
703 3411 903 3481 quippe
953 3409 1300 3480 perfunditur
1345 3410 1436 3480 qui
1467 3409 1648 3479 gravis
1699 3410 1908 3480 peccati
1950 3408 2074 3462 labe

486 3504 760 3571 findatur,
794 3504 970 3558 fusum
1021 3511 1364 3557 verotenere
1404 3511 1485 3556 est
1521 3501 1690 3555 virilis
1737 3501 1862 3555 vitae
1911 3500 2071 3555 fortia

419 3635 422 3637 Α
480 3594 632 3648 facta
666 3594 973 3662 relinquere
1023 3601 1079 3646 ct
1123 3593 1368 3646 femineae
1419 3593 1848 3646 conversationis
1888 3591 2070 3645 illece-

488 3685 710 3738 brosam
745 3683 1026 3736 mollitiem
1067 3682 1345 3735 exhibere.
1379 3680 1571 3735 Gladio
1612 3681 1758 3735 cadit
1787 3681 1878 3750 qui
1916 3679 2072 3735 furo-

489 3790 605 3829 rem
663 3773 858 3828 divinae
913 3773 1300 3842 indignationis
1347 3773 1594 3827 incurrit.
1643 3772 1789 3827 Pane
1837 3773 2068 3842 indiget,

485 3879 648 3935 quem
689 3879 717 3918 a
759 3864 1104 3934 perceptione
1150 3862 1350 3918 Christi
1391 3864 1635 3933 corporis
1657 3863 1859 3934 prOprii
1891 3870 2072 3917 reatus

485 3972 644 4028 petua
669 3965 902 4011 coercet.
939 3974 959 4005 ε
978 3955 1070 4010 llle
1088 3963 1170 4010 est
1191 3956 1334 4009 enim
1359 3955 1512 4025 panis
1534 3955 1708 4018 vivus,
1735 3955 1825 4024 qui
1848 3954 1914 4008 de
1935 3952 2072 4008 cmio

485 4049 765 4102 descendit
805 4046 986 4115 (Joan.
1022 4046 1117 4116 vt).
1154 4065 1172 4098 ι
1225 4046 1282 4100 Si
1309 4061 1438 4116 ergo
1465 4055 1587 4115 post
1612 4045 1812 4100 lluxttm
1848 4045 2072 4101 seminis

486 4137 734 4207 leprosus
764 4138 939 4192 factus
984 4147 1252 4208 pra-cepto
1282 4137 1414 4208 legis
1452 4149 1606 4191 extra
1639 4147 1815 4192 castra
1849 4150 2072 4191 manere

485 4226 852 4297 compelleris,
894 4243 993 4281 cur
1032 4226 1208 4281 adhuc
1248 4227 1301 4281 in
1334 4228 1536 4282 eisdem
1559 4227 1756 4282 castris
1781 4227 1942 4282 etiam
1974 4227 2070 4282 ho-
2103 4221 2148 4280 Β

486 4317 636 4372 noris
678 4318 971 4388 primatum
1013 4318 1262 4373 obtinere
1310 4320 1622 4374 contendis?
1660 4319 1910 4388 Nunquid
1958 4334 2068 4374 non

462 4405 646 4462 .Ozias
679 4422 777 4463 rex
803 4423 927 4461 cum
971 4407 1202 4476 superbe
1231 4408 1446 4463 adolere
1477 4411 1755 4464 incensum
1801 4424 1963 4478 super
1989 4408 2070 4462 al-

465 4507 607 4553 .tare
633 4498 1002 4568 thymiamatis
1029 4499 1307 4561 voluisset,
1338 4508 1618 4568 postquam
1647 4513 1706 4553 se
1731 4500 1885 4570 plaga
1910 4500 2070 4570 leprae

465 4588 700 4644 .caelitus
722 4603 1035 4657 percussum
1060 4592 1299 4658 agnovit,
1331 4607 1433 4645 nou
1459 4593 1617 4647 modo
1642 4609 1670 4645 a
1696 4586 2070 4648 sacerdotibus

485 4681 561 4735 de
576 4679 771 4751 templo
794 4679 986 4750 expelli
1009 4681 1279 4750 patienter
1311 4682 1428 4736 tulit
1445 4724 1459 4745 ,
1484 4683 1578 4737 sed
1608 4692 1661 4737 et
1685 4684 1800 4754 ipse
1824 4683 2072 4739 celeriter

487 4770 670 4839 egredi
698 4768 1025 4823 destinavit?
1063 4767 1336 4838 Scriptum
1388 4772 1585 4841 quippe
1625 4781 1708 4826 est
1736 4790 1747 4825 :
1781 4791 1798 4823 ι
1829 4771 2071 4841 Cumque

490 4860 824 4932 respexisset
851 4860 1223 4915 eumAzarias
1257 4862 1492 4931 pontifex
1547 4872 1600 4918 ct
1643 4879 1830 4919 omnes
1876 4864 2069 4934 reliqui

486 4952 818 5016 sacerdotes,
856 4953 1116 5006 viderunt
1140 4952 1343 5021 lepram
1371 4955 1425 5007 in
1457 4954 1635 5008 fronte
1658 4954 1804 5021 ejus,
1834 4966 1890 5010 et
1912 4955 2072 5010 festi-

487 5048 613 5093 nato
642 5041 967 5110 expulerunt
1007 5057 1152 5097 eum.
1188 5063 1206 5095 ι
1238 5043 1466 5112 Moxque
1494 5044 1875 5114 subjungitur:
1915 5065 1932 5097 ‹
1962 5045 2071 5101 Sed

487 5138 541 5183 et
581 5131 692 5199 ipse
725 5134 1066 5205 perterritus,
1101 5135 1429 5189 acceleravit
1459 5137 1675 5205 egredi,
1697 5151 1764 5192 eo
1787 5139 1928 5206 quod
1951 5153 2070 5192 sen-

487 5221 647 5277 sisset
675 5224 813 5280 illico
837 5224 1046 5298 plagam
1079 5227 1292 5282 Domini
1338 5227 1422 5296 (11
1458 5228 1585 5283 Par.
1616 5231 1791 5298 xxvi).
1822 5249 1842 5281 ›
1880 5229 1947 5284 'Si
1975 5246 2069 5284 rex

487 5314 750 5381 corporali
801 5315 948 5386 lepra
1005 5333 1294 5385 percussus
1353 5335 1382 5373 a
1424 5321 1795 5376 sacerdotibus
1841 5319 1963 5388 ejici
2004 5321 2070 5375 de

489 5402 687 5472 templo
726 5419 829 5458 non
866 5409 1218 5478 contempsit,
1261 5419 1313 5462 tu
1352 5410 1594 5478 leprosus
1635 5409 1688 5463 in
1749 5411 1930 5465 anima
1975 5425 2072 5464 cur

487 5506 569 5550 tot
607 5507 920 5552 sanctorum
947 5500 1171 5555 Patrum
1195 5501 1402 5570 judicio
1434 5520 1464 5556 a
1495 5505 1665 5559 sacris
1693 5503 1954 5558 altaribus
1985 5519 2071 5558 re-

2099 2862 2148 2922 Α
2176 2857 2384 2912 obitum
2411 2870 2516 2912 non
2546 2858 2782 2924 erubuit,
2809 2867 2862 2913 tu
2888 2875 2987 2915 cur
3005 2877 3035 2915 a
3066 2865 3420 2922 sacerdotalis
3439 2870 3602 2927 olﬁcii
3631 2889 3771 2931 cou-

2175 2947 2417 3003 l'underis
2440 2963 2564 3002 arce
2589 2949 2939 3016 descendere,
2963 2960 3020 3004 ut
3045 2952 3096 3006 in
3121 2955 3457 3022 ptenitentia:
3479 2962 3770 3030 sepultura

2174 3037 2458 3094 conclusus
2486 3047 2537 3094 te
2557 3039 2698 3094 inter
2721 3041 2872 3096 vivos
2913 3043 3322 3114 studeas.quasi
3353 3059 3627 3108 mortuum
3666 3057 3768 3112 de-

2172 3131 2404 3200 putare?
2447 3131 2514 3185 Et
2542 3140 2599 3185 ut
2629 3133 2696 3186 ad
2723 3132 2866 3187 illam
2909 3133 3048 3190 Joab
3087 3138 3375 3207 mysticam
3413 3158 3775 3205 recurramus

2174 3225 2455 3279 historiam
2495 3226 2542 3279 si
2583 3225 2698 3294 ipse
2735 3226 2911 3298 gladio
2942 3230 3195 3286 corruisti
3227 3271 3242 3296 ,
3295 3237 3566 3302 quomodo
3593 3239 3769 3298 alium

2172 3329 2266 3384 per
2312 3314 2698 3369 sacerdotalem
2752 3317 2981 3386 gratiam
3013 3322 3343 3376 suscitabis?
3371 3325 3427 3380 Si
3462 3326 3600 3396 ipse,
3648 3331 3770 3384 exi-

2172 3403 2425 3473 gentibus
2455 3404 2683 3471 meritis,
2718 3406 2928 3478 indiges
2957 3424 3117 3476 pane,
3151 3412 3200 3465 id
3226 3401 3354 3477 est,
3374 3429 3404 3469 a
3435 3415 3639 3471 Christi
3679 3435 3770 3475 se—

2173 3505 2393 3565 paratus
2417 3511 2477 3551 es
2507 3513 2755 3566 corpore,
2784 3514 2890 3569 quo
2917 3513 3076 3570 pacto
3101 3504 3266 3559 alium
3289 3510 3497 3576 poteris
3521 3511 3767 3569 celestis

2172 3601 2373 3640 mensae
2400 3587 2628 3657 dapibus
2663 3592 2893 3645 satiare?
2935 3591 2991 3646 Si
3021 3602 3073 3647 tu
3105 3594 3250 3651 Ozire
3279 3598 3425 3668 lepra
3449 3616 3510 3656 es
3539 3617 3771 3670 percus-

2175 3690 2268 3730 sus
2293 3677 2346 3730 in
2371 3675 2579 3743 fronte,
2610 3679 2713 3734 hoc
2741 3690 2824 3734 est
2844 3721 2858 3747 ,
2889 3681 3124 3739 infamia:
3152 3696 3276 3741 nota
3304 3689 3684 3747 dehonestaris
3712 3694 3767 3749 in

2172 3765 2312 3821 facie
2339 3807 2354 3833 ,
2396 3770 2666 3837 quomodo
2711 3771 2874 3825 alium
2921 3776 3124 3842 poteris
3170 3779 3403 3834 obducta
3463 3785 3768 3852 perpetrati

2173 3857 2414 3913 criminis
2453 3860 2722 3916 oblivione
2765 3867 3031 3935 purgare?
3081 3867 3377 3925 Erubescat
3410 3887 3539 3942 ergo
3582 3882 3769 3930 tume~

2171 3951 2313 4007 facta
2340 3955 2614 4023 superbia,
2643 3970 2743 4010 nec
2763 3971 2924 4026 super
2943 3973 3001 4013 se
3024 3961 3206 4016 extolli
3235 3963 3475 4020 inaniter
3501 3976 3767 4036 appetat,

2172 4057 2333 4112 quam
2357 4043 2497 4099 infra
2530 4060 2587 4100 se
2617 4047 2824 4117 proprii
2862 4059 3044 4105 reatus
3067 4053 3283 4108 sarcina
3316 4070 3422 4109 non
3465 4058 3768 4114 mediocri-

2176 4140 2258 4193 ter,
2283 4143 2490 4205 gravat.

2696 4227 2850 4299 191
2891 4227 3122 4286 CAPUT
3166 4231 3229 4286 ιι.

2555 4314 2624 4370 In
2662 4335 2899 4373 sermone
2929 4321 2993 4374 de
3025 4320 3085 4376 S.
3120 4321 3396 4378 Matt/uec.

2241 4407 2376 4460 Cum
2426 4407 2594 4462 David
2620 4423 2716 4478 per
2742 4409 2957 4464 Nathan
2997 4413 3314 4482 prophetam
3347 4415 3638 4472 clementia
3671 4419 3765 4474 di-

2170 4496 2294 4551 vina
2333 4499 2673 4567 promitteret
2702 4515 2770 4555 ex
2795 4499 2912 4568 ejus
2942 4503 3150 4559 semine
3175 4507 3514 4562 nasciturum
3543 4509 3634 4580 qui
3658 4525 3764 4566 suo

2171 4598 2360 4642 sancto
2413 4589 2619 4643 nomini
2669 4599 3012 4647 construeret
3059 4596 3316 4666 templum
3371 4607 3425 4652 et
3472 4598 3759 4656 Christum

2173 4681 2460 4737 manifeste
2514 4683 2837 4740 denuntians
2879 4688 3167 4757 adjecisset
3195 4707 3208 4744 :
3241 4711 3260 4742 ι
3289 4691 3401 4761 Ego
3440 4708 3536 4747 ero
3581 4693 3654 4746 illi
3706 4695 3764 4750 in

2172 4781 2408 4844 patrem,
2425 4785 2478 4828 et
2501 4776 2612 4846 ipse
2633 4779 2737 4831 erit
2756 4779 2884 4834 mihi
2909 4781 2959 4835 in
2977 4781 3144 4836 lilium
3169 4783 3255 4851 (11
3280 4783 3409 4855 Reg.
3430 4788 3585 4852 "1);:
3614 4803 3766 4842 mox-

2171 4880 2276 4933 que
2308 4866 2625 4934 Ecclesiam,
2655 4886 2775 4940 qua:
2798 4887 2995 4944 corpus
3028 4884 3110 4930 est
3143 4875 3373 4941 Christi,
3398 4881 3572 4948 qualis
3617 4893 3766 4936 esset

2173 4956 2350 5011 futura
2371 4999 2385 5022 ,
2418 4960 2760 5028 depromeret
2783 5003 2798 5027 ,
2833 4964 3058 5020 dicens:
3091 4984 3107 5028 ᾳ
3134 4966 3197 5020 Et
3230 4968 3402 5023 lidelis
3437 4972 3544 5024 erit
3566 4973 3764 5027 domus

2173 5055 2285 5112 tua,
2321 5058 2373 5103 et
2403 5064 2622 5120 regnum
2653 5063 2802 5106 tuum
2829 5069 2998 5124 usque
3028 5057 3082 5111 iu
3119 5067 3383 5113 aeternum
3411 5071 3538 5114 ante
3561 5061 3760 5118 faciem

2174 5155 2348 5193 meam
2379 5180 2392 5204 ,
2432 5149 2488 5195 et
2522 5142 2749 5198 thronus
2795 5155 2920 5200 tuus
2964 5147 3067 5202 erit
3097 5148 3286 5204 firmus
3326 5150 3550 5221 iugiter.
3592 5171 3609 5204 ι
3669 5153 3761 5208 Ille

2174 5233 2381 5301 gratias
2409 5249 2597 5302 agens,
2646 5236 2787 5290 inter
2813 5247 3008 5293 caetera
3041 5242 3304 5296 orationis
3332 5257 3442 5296 sua:
3485 5243 3647 5298 verba
3681 5245 3760 5298 sic

2166 5325 2249 5377 ait
2277 5343 2290 5377 :
2323 5345 2342 5377 ι
2369 5325 2472 5379 Sed
2520 5335 2576 5381 et
2617 5341 2805 5396 parum
2853 5330 3026 5385 visum
3064 5341 3148 5387 est
3194 5333 3247 5387 in
3287 5343 3581 5403 conspectu
3630 5345 3757 5399 tuo.

2173 5415 2398 5470 Domine
2425 5419 2563 5472 Deus
2592 5434 2764 5486 meus,
2787 5422 2912 5490 quia
2931 5422 3165 5477 dilexisti
3193 5439 3301 5488 me,
3325 5426 3427 5480 nisi
3454 5426 3758 5495 loquereris

2175 5508 2337 5560 etiam
2379 5507 2446 5563 de
2472 5510 2632 5563 domo
2659 5512 2800 5565 servi
2834 5513 2907 5566 tui
2943 5513 2994 5566 in
3036 5513 3420 5585 longinquum;
3461 5537 3479 5569 ι
3525 5532 3758 5585 morque

485 5588 690 5642 moveri
723 5604 827 5643 non
874 5591 1109 5658 pateris?
1138 5592 1191 5646 Si
1221 5595 1334 5662 ipse
1356 5635 1369 5658 ,
1410 5595 1647 5650 demisso
1687 5595 1846 5664 regia:
1889 5595 2064 5665 digni-
2095 5575 2140 5638 C
2174 5599 2450 5666 Suhjunxit
2479 5618 2491 5654 ε
2524 5621 2540 5653 ι
2572 5602 2676 5656 Ista
2711 5613 2792 5658 est
2817 5605 2959 5658 enim
2994 5605 3078 5659 lex
3119 5575 3310 5671 Adam,
3346 5575 3573 5662 Domine
3617 5575 3756 5662 bons

486 5679 616 5736 tatis
661 5680 886 5752 imperio
913 5721 926 5748 ,
973 5680 1221 5738 habitare
1268 5685 1319 5738 in
1358 5687 1516 5742 domo
1552 5686 1761 5757 privata
1797 5703 1966 5758 usque
1997 5687 2063 5743 ad

2177 5689 2383 5761 (Μαι).
2409 5713 2426 5745 ι
2446 5693 2524 5750 Ac
2542 5696 2584 5750 si
2608 5695 2891 5766 perspicue
2914 5697 3085 5752 dicat:
3105 5698 3255 5754 Sicut
3276 5701 3326 5755 in
3346 5700 3548 5756 terreni
3574 5701 3752 5756 mundi
