4052 6312
285 256 418 316 ιιοι

1603 251 1675 311 IN
1711 251 1838 312 UB.
1877 253 1920 309 Ii
1962 250 2228 310 REGUM.

3406 251 3552 314 {-102

282 377 441 447 hujus
464 376 687 432 exordio
700 373 869 432 Adam
885 366 1211 430 constituisti
1225 367 1556 443 posteritatis
1577 379 1843 427 secutura:
1873 371 1924 430 Α
1951 366 2126 437 xvtu).
2164 385 2182 417 ι
2229 366 2340 421 Cur
2365 365 2458 420 lilii
2489 363 2654 422 David
2687 367 2996 422 sacerdotes
3026 366 3196 422 fuisse
3243 367 3502 423 dicuntur
3531 389 3546 437 ,-

279 479 585 544 parentem,
610 478 775 540 atque
798 485 862 522 ex
885 469 986 524 bac
1009 468 1192 523 radice
1214 467 1383 523 totius
1402 465 1621 522 humani
1647 466 1865 534 generis

278 562 568 620 decrevisti
586 560 851 635 pullulare
871 560 1245 631 propaginem,
1265 558 1336 613 ita
1362 573 1528 624 nunc,
1553 572 1676 612 cum
1705 573 1864 612 mun-

277 655 406 709 dum
430 668 697 709 renovare
713 652 976 722 disponis,
1003 666 1088 706 me
1103 651 1258 718 quasi
1283 664 1480 703 novum
1504 648 1676 702 Adam
1703 647 1858 712 facis,

275 746 406 800 dum
436 744 714 800 Christum
743 759 810 799 ex
841 757 964 798 meo
1007 742 1214 797 semine
1245 741 1582 795 nasciturum
1606 778 1619 802 ,
1658 739 1750 808 qui
1775 746 1862 793 est

275 846 469 892 auctor
495 845 550 892 et
597 843 759 906 caput
793 834 1046 890 Ecclesia:
1066 875 1080 896 ,
1111 832 1402 902 poll'ceris.
1439 849 1458 882 ς
1492 830 1596 885 ista
1627 839 1709 884 est
1737 869 1752 895 ,
1777 828 1860 882 in-

273 926 425 996 quit,
457 925 543 981 lex
589 924 794 991 Adam;
836 945 854 979 ι
903 925 1028 995 quia
1057 925 1198 980 sicut
1234 923 1322 978 ille
1353 931 1473 978 erat
1509 921 1563 975 in
1596 921 1718 975 ﬁliis
1745 920 1858 975 suis

274 1019 421 1074 hunc
443 1019 702 1074 mundum
732 1017 997 1073 vis'bilem
1021 1029 1392 1087 pOSScSSlll‘uS,
1419 1014 1493 1067 ita
1523 1023 1578 1068 et
1609 1028 1711 1082 ego
1742 1027 1849 1080 po-

269 1113 384 1182 puli
422 1112 722 1183 spiritualis
768 1112 819 1166 in
848 1110 1076 1165 Christo
1108 1118 1264 1179 pater
1301 1106 1534 1171 eﬂicior,
1566 1122 1690 1162 cum
1729 1106 1852 1170 illo,

269 1206 362 1274 qui
393 1206 446 1258 in
478 1204 631 1260 caelis
667 1213 781 1269 est,
815 1214 1075 1275 perpetuo
1125 1210 1469 1273 regnaturus.
1509 1199 1663 1254 Sicut
1703 1199 1848 1253 enim

268 1297 335 1352 de
361 1306 512 1355 costa
559 1297 702 1352 illius
755 1296 988 1352 formata
1042 1302 1124 1348 est
1172 1293 1469 1348 viventium
1521 1300 1696 1345 mater
1742 1290 1851 1344 Eva

266 1390 423 1459 (Cen.
454 1390 536 1460 ιι),
562 1391 635 1445 ita
664 1389 730 1443 de
765 1388 936 1443 latere
957 1386 1184 1450 Christi,
1208 1386 1298 1454 qui
1325 1400 1394 1440 ex
1427 1400 1514 1440 me
1540 1385 1852 1439 nasciturus

264 1490 387 1546 est,
435 1479 993 1551 victura'perenniter
1038 1477 1316 1548 egreditur
1348 1475 1612 1530 Ecclesia.
1648 1473 1721 1529 De
1750 1475 1854 1528 hoc

263 1587 405 1627 novo
445 1580 500 1627 et
536 1570 802 1642 spirituali
858 1569 1060 1624 mundo
1106 1569 1369 1637 scriptum
1405 1575 1527 1622 est:
1583 1585 1600 1618 ι
1632 1566 1848 1621 Domini

263 1670 391 1717 sunt
415 1663 667 1717 cardines
698 1669 855 1715 terrae
879 1701 894 1725 ,
927 1669 980 1715 et
1019 1661 1200 1729 posuit
1233 1672 1398 1729 super
1422 1674 1517 1714 eos
1558 1660 1743 1714 orbem
1792 1660 1846 1730 (1

264 1753 394 1824 Reg.
429 1755 514 1822 ιι).
549 1772 568 1806 ι
613 1753 774 1809 Orbis
813 1724 957 1809 enim
999 1724 1164 1824 super
1218 1724 1377 1808 terrae
1403 1753 1658 1808 eardines
1692 1724 1846 1824 poni-
1879 1724 1922 1783 Β

262 1858 379 1916 tur,
422 1866 546 1906 cum
581 1860 769 1906 sancta
803 1847 1044 1905 Ecclesia
1075 1858 1334 1918 tanquam
1366 1862 1530 1918 super
1561 1847 1721 1902 bases
1745 1849 1844 1902 ελον

255 1943 452 2000 ctrinis
478 1942 804 2014 evangelicis
830 1940 1117 1998 solidatur.

877 2039 1104 2096 CAPUT
1139 2037 1225 2094 111.

311 2132 378 2187 1η
415 2134 634 2204 epistola
665 2135 734 2187 ad
764 2132 852 2198 3.,
883 2149 1000 2205 qua:
1028 2141 1100 2188 est
1150 2142 1206 2186 ut
1235 2131 1479 2205 exteriori
1503 2131 1796 2201 prudentia:

571 2205 862 2276 spiritualia
885 2202 1166 2274 prudentia
1188 2202 1527 2273 praeferatur.

333 2315 352 2347 ι
371 2295 524 2352 Fecit
549 2304 730 2350 autem
753 2295 920 2349 David
943 2294 1043 2349 sibi
1069 2307 1288 2356 nomen,
1309 2308 1430 2347 cum
1453 2299 1837 2358 reverteretur,

255 2397 414 2458 capta
442 2385 625 2458 Syria,
654 2385 708 2439 in
729 2385 867 2440 valle
889 2382 1199 2439 Salinarum
1223 2383 1378 2437 caesis
1400 2381 1686 2437 duodecim
1715 2382 1839 2436 mil-

254 2480 396 2536 libus
439 2479 526 2549 (II
568 2479 691 2548 Reg.
721 2478 860 2549 vin).
895 2498 913 2531 ι
945 2477 1146 2533 Verum
1182 2476 1326 2530 enim
1358 2476 1526 2530 David
1555 2475 1836 2538 Christus,

254 2569 412 2626 fortis
454 2569 663 2624 scilicet
697 2568 904 2623 viribus
946 2576 1001 2622 et
1049 2566 1276 2637 pulcher
1318 2573 1540 2635 aspectu
1567 2605 1582 2629 ,
1619 2565 1672 2617 in
1700 2564 1839 2618 valle

253 2660 563 2715 Salinarum
605 2658 891 2714 duodecim
939 2657 1106 2712 millia
1136 2656 1414 2712 hominum
1445 2655 1639 2710 stravit
1667 2695 1682 2720 ,
1711 2654 1837 2724 quia

249 2765 350 2820 per
382 2751 656 2820 apostolos
683 2766 811 2805 suos
839 2751 905 2805 de
935 2749 1075 2804 salsa
1101 2791 1115 2810 ,
1150 2750 1257 2803 imo
1288 2748 1424 2802 falsa
1454 2745 1615 2814 hujus
1648 2745 1834 2800 mundi

250 2841 514 2912 sapientia
541 2842 907 2912 triumphavit.
927 2839 1028 2908 Qui
1052 2841 1194 2895 enim
1221 2839 1504 2894 duodecim
1537 2837 1835 2909 spiritualis

248 2933 418 3002 prtelii
467 2933 758 2988 bellatores
813 2933 1043 2996 habuit,
1090 2932 1245 3001 quasi
1301 2932 1524 2986 totidem
1578 2947 1678 3002 per
1740 2945 1834 2986 eos

246 3024 529 3078 hominum
567 3025 730 3079 millia
773 3025 1093 3089 trucidavit,
1127 3024 1254 3078 dum
1284 3024 1446 3078 stulte
1481 3023 1753 3093 sapientes
1798 3038 1828 3077 a

1967 464 2093 534 quia
2120 462 2320 518 nullam
2344 479 2466 519 cum
2501 462 2625 518 filiis
2652 464 2831 519 Aaron
2859 465 3408 533 consanguinitatem,
3437 465 3542 521 nisi

1967 556 2110 610 sicut
2137 564 2349 610 caetera:
2387 555 2558 609 tribus
2591 553 2846 611 habuisse
2873 555 3211 611 noscuntur?
3240 553 3345 608 Sed
3370 554 3549 610 scien-

1963 645 2089 701 dum
2137 647 2262 716 quia
2310 646 2438 700 dum
2476 649 2788 704 sacerdotes
2822 648 3164 704 venerabiles
3199 663 3261 704 ac
3300 649 3548 719 magistri

1963 739 2372 794 constituuntur
2394 739 2445 793 in
2488 740 2706 808 populo,
2733 740 3021 810 aliquando
3048 741 3263 797 nomine
3296 744 3549 797 sacerdo-

1961 840 2076 886 tum
2108 832 2462 901 designantur
2487 831 2784 901 principes,
2818 833 2900 886 vel
2929 833 3180 889 doctores
3205 819 3398 898 ,hsicut
3419 834 3547 889 alibi

1959 923 2267 992 reperitur:
2304 942 2321 973 ι
2356 924 2436 977 lra
2469 922 2668 979 Jarites
2711 923 2762 994 [l
2771 942 2828 978 ra
2866 923 3108 996 Jairiles]
3141 934 3258 980 erat
3289 926 3547 981 sacerdos

1960 1015 2124 1069 David
2141 1013 2228 1085 (ΙΙ
2250 1014 2375 1083 Reg.
2400 1016 2517 1081 xx),
2539 1035 2555 1066 ι
2581 1015 2632 1070 id
2655 1025 2758 1080 est,
2783 1017 3060 1088 magister.
3086 1018 3162 1072 lta
3186 1033 3404 1089 quoque
3417 1033 3544 1074 cum

1957 1107 2158 1162 dicitur
2190 1125 2202 1160 :
2244 1127 2261 1157 ‹
2284 1107 2404 1161 Filii
2437 1119 2616 1162 autem
2651 1109 2815 1162 David
2859 1118 3014 1164 ciant
3041 1111 3384 1174 sacerdotes,
3418 1131 3434 1162 ι
3465 1112 3546 1166 sic

1964 1201 2372 1270 intelligendum
2405 1211 2489 1256 est
2529 1216 2593 1256 ac
2625 1203 2669 1255 si
2708 1201 2889 1256 dicat:
2921 1202 3054 1268 Quia
3103 1203 3347 1273 magistri
3389 1213 3546 1259 erant

1955 1289 2184 1344 fratrum
2225 1305 2446 1346 suorum
2470 1332 2485 1354 ,
2516 1292 2598 1346 vcl
2629 1302 2776 1348 certe
2799 1293 3073 1362 principes
3101 1295 3243 1370 inter
3271 1304 3500 1351 creteros
3524 1335 3542 1361 ,

1955 1381 2098 1436 sicut
2141 1382 2300 1436 habet
2341 1383 2562 1452 antiqua
2601 1383 2904 1438 translatio.
2938 1383 3072 1438 Nam
3116 1385 3205 1440 tibi
3238 1400 3376 1440 nova
3406 1385 3542 1441 dicit

1953 1473 2121 1528 editio
2164 1473 2338 1526 :Filii
2397 1472 2562 1526 David
2623 1482 2784 1528 erant
2845 1476 3195 1536 sacerdotes;
3263 1475 3316 1529 in
3369 1475 3544 1531 veteri

1955 1562 2152 1633 legitur
2190 1578 2204 1617 :
2237 1563 2358 1617 Filii
2411 1572 2592 1618 autem
2653 1563 2819 1618 David
2875 1565 3148 1635 principes
3197 1574 3358 1620 erant
3407 1565 3542 1620 aulae

1952 1656 2136 1727 regiae.

2557 1730 2784 1788 CAPUT
2828 1732 2912 1787 Vl.

2217 1821 2285 1879 In
2313 1824 2532 1894 epistola
2564 1826 2632 1878 ad
2663 1824 3029 1879 Cluniacenscs
3063 1824 3276 1893 fratres.

2024 1931 2042 1964 ι
2072 1913 2316 1979 Faciam,
2342 1915 2516 1984 inquit
2559 1915 2749 1980 David,
2783 1915 3214 1970 miscricordiam
3253 1928 3377 1970 cum
3422 1912 3535 1967 Ha-

1945 2020 2051 2060 non
2093 2004 2200 2061 tilio
2240 2005 2404 2070 Naas,
2443 2005 2729 2061 sicutfecit
2757 2014 2912 2074 pater
2934 2003 3050 2072 ejus
3075 2019 3285 2059 mecum
3313 2004 3528 2058 miseri-

1945 2093 2207 2148 cordiam.
2238 2093 2382 2149 Misit
2401 2108 2530 2162 ergo
2558 2094 2724 2147 David
2745 2093 3032 2148 consolans
3065 2107 3186 2147 eum
3212 2107 3310 2162 per
3341 2106 3527 2146 servos

1943 2202 2107 2259 super
2151 2189 2321 2258 patris
2371 2189 2676 2252 interitu,»
2729 2196 2898 2258 utque
2941 2187 3226 2240 historiam
3282 2201 3538 2254 compen-

1943 2281 2096 2334 diosa
2157 2279 2421 2335 relatione
2472 2281 2786 2348 succingam
2846 2297 2864 2328 ‹
2907 2277 3028 2332 tulit
3093 2276 3283 2331 llanon
3350 2290 3538 2330 servos

1941 2370 2144 2434 David.
2175 2372 2416 2441 rasitque
2463 2370 2700 2426 mediam
2730 2377 2940 2438 partem
2975 2367 3157 2424 barba:
3201 2382 3433 2430 eorum,
3480 2377 3537 2420 et

1940 2462 2185 2531 praecidit
2216 2471 2394 2518 vestes
2424 2477 2614 2517 eorum
2645 2461 2853 2516 medias
2880 2475 3054 2530 usque
3083 2460 3153 2514 ad
3184 2469 3342 2514 nates
3369 2469 3418 2513 et
3450 2457 3536 2512 di-

1941 2553 2093 2608 misit
2139 2569 2235 2609 eos
2280 2554 2367 2625 (11
2400 2553 2527 2624 Reg.
2574 2561 2651 2624 ιι).
2692 2573 2710 2605 ι
2766 2553 2905 2619 Quid
2964 2553 3111 2608 cnim
3163 2567 3260 2621 per
3301 2553 3492 2608 [lation
3520 2594 3536 2616 ,

1939 2648 2044 2702 nisi
2070 2649 2324 2717 nequitite
2349 2649 2602 2718 spiritus?
2616 2649 2744 2718 quid
2769 2663 2864 2719 per
2884 2648 3135 2712 barbam,
3156 2663 3274 2718 qua:
3297 2649 3534 2705 virorum

1942 2750 2026 2795 est
2049 2741 2288 2810 pr0pria,
2310 2741 2414 2795 nisi
2440 2751 2748 2795 sanctarum
2781 2740 3045 2795 fortitudo
3080 2741 3377 2796 virtutum?
3399 2742 3532 2810 quid

1937 2828 2103 2883 etiam
2145 2844 2244 2898 per
2285 2839 2498 2893 vestes,
2541 2830 2642 2883 nisi
2671 2829 2980 2884 sanctitatis
3031 2829 3529 2898 intelligituriudu-

1939 2918 2225 2973 mentum?
2251 2917 2534 2973 Psalmista
2556 2917 2896 2986 perhibente,
2930 2918 3022 2987 qui
3055 2919 3132 2972 ait
3164 2937 3177 2972 :
3211 2939 3228 2969 ι
3268 2919 3530 2974 Sacerdo-

1940 3019 2022 3064 tes
2063 3011 2137 3064 tui
2193 3012 2485 3065 induantur
2526 3010 2794 3078 justitiam
2846 3010 3020 3082 (Paul.
3054 3013 3261 3083 cxxxt).
3293 3033 3310 3064 ι
3346 3014 3533 3068 llanon

251 3113 455 3168 frivola
495 3114 772 3184 sapientim
800 3115 1041 3168 vanitate
1070 3113 1357 3169 “convenit.
1405 3113 1648 3180 Quorum
1677 3114 1829 3168 vide-
1858 3094 1905 3154 Ω
1934 3117 2065 3172 ergo
2091 3100 2267 3157 laetius
2299 3101 2551 3156 amicitia:
2581 3103 2993 3169 reposcentibus
3020 3142 3034 3166 ,
3070 3103 3301 3157 mediam
3339 3104 3524 3158 1ιιιι·Ιι;ιτ

248 3202 375 3257 licet
403 3201 722 3260 bellatorum
744 3221 883 3259 unus
911 3206 976 3260 ad
1000 3204 1312 3260 Corinthios
1332 3205 1462 3260 dicit
1486 3223 1498 3258 :
1533 3226 1549 3256 ι
1581 3204 1637 3259 lu
1666 3221 1831 3261 carne

246 3294 391 3348 enim
414 3294 772 3360 ambulantes,
803 3312 908 3350 non
934 3298 1227 3352 secundum
1256 3313 1474 3352 carnem
1500 3298 1826 3363 militamus;

245 3399 372 3439 nam
415 3400 564 3440 arma
599 3387 805 3442 militia:
849 3391 1047 3443 nostrm
1094 3404 1200 3443 non
1250 3391 1488 3445 carnalia
1527 3400 1686 3453 sunt,
1735 3391 1829 3445 sed

245 3475 487 3543 potentia
515 3475 648 3542 Deo,
681 3477 747 3531 ad
772 3478 1193 3533 destructionem
1224 3480 1581 3534 munitionum
1605 3479 1830 3535 consilia

245 3567 490 3636 corporis
517 3568 885 3633 destruentes,
935 3579 988 3623 et
1015 3585 1230 3624 omnem
1263 3571 1604 3625 altitudinem
1656 3571 1828 3625 extol-

246 3656 446 3725 lentem
479 3672 537 3712 se
565 3659 822 3714 adversus
854 3660 1136 3714 scientiam
1164 3660 1278 3724 Dei,
1304 3669 1357 3714 ct
1381 3661 1433 3714 in
1458 3661 1828 3730 captivitatem

247 3747 558 3817 redigentes
585 3763 801 3804 omnem
833 3749 1165 3804 intellectum
1196 3750 1249 3804 in
1279 3750 1597 3819 obsequium
1624 3749 1827 3806 Christi

246 3833 330 3906 (ιι
371 3835 489 3890 Cor.
528 3836 607 3902 x).
642 3857 660 3888 ι

759 3947 916 4018 192
955 3946 1182 4003 CAPUT
1219 3946 1307 4002 Iv.

243 4033 312 4088 In
340 4035 558 4102 epistola
597 4035 666 4089 ad
697 4034 1020 4109 Albericum,
1061 4056 1163 4108 qua
1195 4053 1350 4108 super
1377 4038 1551 4092 decem
1579 4041 1826 4109 quwstio-

804 4107 955 4162 nibus
987 4107 1276 4178 respondet.

313 4195 524 4263 Quaeris
549 4197 639 4266 qui
669 4206 827 4252 erant
846 4197 1114 4252 Ceretluci
1141 4209 1196 4253 et
1226 4197 1543 4263 Phelethaei,
1580 4199 1670 4269 qui
1701 4199 1819 4253 bel-

239 4285 439 4342 latores
463 4287 638 4342 dicunt
673 4287 837 4344 fuisse
861 4288 1059 4343 David?
1080 4287 1164 4358 (Il
1183 4288 1305 4357 Reg.
1327 4305 1441 4352 vm,
1463 4290 1579 4359 20.)
1604 4289 1826 4359 Legitur

239 4379 293 4432 in
320 4377 454 4433 libro
471 4377 690 4434 Numeri
721 4379 924 4433 dixisse
949 4379 1229 4433 Dominum
1261 4379 1460 4449 Moysi:
1493 4399 1512 4430 ‹
1545 4381 1822 4450 Congrega

237 4470 372 4523 mihi
401 4470 739 4540 septuaginta
771 4470 916 4523 viros
937 4470 1003 4524 de
1037 4471 1344 4525 senioribus
1373 4471 1534 4525 Israel
1557 4512 1569 4534 ,
1603 4487 1740 4540 quos
1768 4482 1822 4524 tu

237 4561 379 4615 nosti
404 4562 544 4630 quod
569 4576 728 4616 senes
748 4561 927 4632 populi
951 4561 1059 4614 sint
1088 4577 1151 4615 ac
1176 4563 1439 4632 magistri,
1465 4572 1520 4616 et
1544 4563 1709 4617 duces
1731 4578 1824 4617 eos

237 4654 304 4706 ad
335 4653 534 4707 ostium
586 4651 916 4707 tabernaculi
965 4651 1187 4707 fmderis
1234 4651 1516 4722 faciesque
1564 4654 1636 4707 ibi
1675 4664 1823 4708 stare

236 4749 457 4805 tecum;
497 4750 552 4796 et
579 4741 820 4795 auferam
846 4743 913 4797 de
947 4743 1138 4812 spiritu
1173 4752 1262 4797 tuo
1287 4745 1604 4812 tradamque
1626 4745 1725 4805 eis.
1765 4754 1821 4798 ut

235 4843 543 4889 sustentent
574 4843 750 4888 tecum
782 4849 918 4890 onus
945 4834 1123 4904 populi
1150 4844 1206 4887 et
1254 4849 1360 4889 non
1409 4845 1463 4889 tu
1489 4819 1658 4891 [solus
1696 4851 1821 4906 gra-

232 4927 378 4981 veris
401 4924 592 4996 (Num.
617 4926 713 4997 xi).
737 4945 754 4977 ι
782 4925 855 4980 Ex
885 4927 1108 4980 istorum
1137 4928 1321 4996 itaque
1350 4928 1517 4998 stirpe
1549 4929 1668 4982 dum
1691 4943 1818 4998 pro-

232 5025 517 5071 cesserunt
539 5018 912 5087 cognationes,
942 5032 1170 5086 quarum
1197 5033 1302 5071 una
1325 5017 1613 5081 Cerethmi,
1642 5019 1818 5073 altera

231 5108 514 5162 dicebatur
537 5108 850 5164 Phelethaai.
885 5109 946 5162 Et
970 5106 1234 5162 Ceretha‘i
1257 5110 1472 5177 quidem
1503 5111 1638 5162 dans
1657 5110 1814 5178 judi-

230 5197 392 5260 cium,
440 5195 726 5252 Pitelethtri
762 5199 980 5266 puniens
1031 5197 1450 5266 interpretatur;
1501 5207 1558 5250 ut
1578 5215 1715 5267 quos
1740 5198 1812 5252 illi

230 5287 600 5355 adjudicareut
627 5288 785 5342 morti
812 5287 1207 5359 promulgaudo
1246 5288 1570 5341 sententiam
1598 5287 1684 5341 isti
1716 5304 1814 5357 pu-

231 5380 414 5432 nirent
447 5379 739 5450 irrogaudo
770 5379 1083 5433 vindictam.

839 5469 1070 5526 CAPUT
1110 5470 1172 5524 V.

462 5623 466 5638 Γ
755 5561 783 5615 1
789 5579 820 5615 ιι
847 5569 1026 5616 eadem
1055 5563 1294 5632 epistola.

311 5653 480 5709 «Filii
536 5663 715 5710 autem
770 5653 936 5708 David
984 5653 1295 5710 sacerdotes
1344 5662 1501 5709 erant
1553 5651 1638 5727 (11
1688 5651 1814 5724 Reg.

1932 3204 2144 3263 partem
2169 3194 2333 3256 radit,
2362 3193 2488 3261 quia
2517 3193 2691 3247 hostis
2717 3194 2973 3262 antiquus
3001 3193 3292 3262 aliquando
3315 3194 3535 3249 fortiter

1932 3282 2215 3352 cperantis
2249 3281 2413 3336 robur
2465 3281 2774 3344 imminuit,
2833 3280 2925 3336 scd
2975 3291 3258 3352 postquam
3300 3282 3528 3339 barbam

1933 3374 2110 3439 rasit,
2141 3375 2305 3429 etiam
2337 3373 2664 3428 vestimenta
2697 3373 2947 3442 praecidit
2973 3413 2987 3436 ,
3021 3374 3147 3442 quia
3179 3389 3303 3428 mox
3335 3383 3393 3427 ut
3416 3389 3532 3426 ma-

1931 3465 2106 3535 lignus
2132 3465 2353 3535 spiritus
2384 3463 2698 3518 interiorem
2733 3465 2923 3519 adimit
2955 3463 3331 3521 fortitudinem
3353 3504 3368 3527 ,
3392 3481 3523 3520 cou—

1930 3567 2222 3624 sequenter
2243 3556 2408 3610 etiam
2431 3557 2756 3610 exteriorem
2773 3556 3078 3625 conspicuae
3099 3556 3532 3611 conversationis

1929 3650 2078 3705 exuit
2094 3649 2452 3704 honestatem.
2474 3649 2610 3715 Quid
2631 3649 2878 3719 193ml
2894 3649 3037 3704 enim
3059 3658 3236 3704 vestes
3249 3648 3528 3704 hominum

1939 3741 2006 3795 ad
2038 3750 2192 3796 nates
2218 3754 2391 3811 usque
2422 3742 2737 3812 praecidere,
2772 3742 2873 3795 nisi
2898 3755 2992 3795 eos
3014 3757 3042 3794 a
3078 3741 3406 3810 superducto
3434 3755 3529 3796 νει-

1929 3829 2170 3886 lamento
2212 3831 2440 3899 iustitiae
2479 3846 2651 3900 usque
2699 3832 2767 3884 ad
2813 3831 3037 3888 obsceni
3087 3842 3140 3886 et
3177 3832 3524 3890 inverecundi

1930 3924 2114 3992 operis
2142 3923 2530 3992 turpitudinem
2562 3923 2881 3978 demutare?

2539 4011 2769 4068 CAPUT
2809 4012 2919 4066 ΥΠ.

2360 4103 2425 4156 1η
2451 4101 2670 4172 epistola
2698 4103 2767 4154 ml
2797 4101 3086 4155 Marinum.

2000 4199 2135 4254 Cum
2193 4197 2361 4252 David
2412 4195 2706 4266 perpetrati
2770 4204 2953 4250 reatus
2995 4195 3264 4265 arguitur,
3305 4213 3431 4253 mox
3465 4210 3524 4255 ut

1927 4292 1982 4346 iu
2033 4308 2219 4347 vocem
2277 4291 2636 4348 confessionis
2693 4291 2892 4360 erupit,
2951 4290 3184 4345 dicens:
3231 4311 3249 4342 ι
3293 4292 3521 4349 Peccavi

1930 4385 2177 4452 Domino,
2216 4407 2233 4437 ι
2289 4402 2354 4440 ex
2389 4401 2484 4439 ore
2512 4385 2788 4456 prophetae
2810 4385 3057 4454 protinus
3085 4385 3289 4441 audivit
3317 4405 3331 4441 :
3363 4405 3381 4438 ι
3419 4388 3522 4441 Dn-

1853 4449 1903 4509 D
1928 4477 2108 4531 minus
2161 4477 2435 4532 transtulit
2473 4485 2754 4547 peccatum
2803 4485 2976 4538 tuum,
3009 4492 3114 4530 non
3147 4477 3400 4534 morieris
3431 4478 3519 4549 (11

1932 4566 2060 4637 Reg.
2097 4568 2213 4639 xu).
2252 4589 2269 4620 ι
2324 4569 2393 4623 Ει
2442 4571 2568 4640 quia
2599 4585 2656 4625 se
2682 4570 2899 4625 occasio
2923 4571 3174 4640 prazbuit,
3208 4571 3310 4628 hoc
3352 4572 3516 4626 etiam

1929 4667 1980 4712 te
2012 4660 2249 4712 fraudari
2277 4676 2384 4714 non
2407 4661 2607 4728 patiar,
2637 4660 2761 4729 quia
2795 4658 3038 4713 nonnulli
3071 4675 3099 4712 a
3132 4661 3316 4728 pueris
3347 4661 3399 4714 in
3431 4677 3518 4713 re-

1925 4747 2138 4817 ligionis
2167 4749 2355 4803 ordine
2388 4749 2670 4803 constituti
2711 4749 2822 4802 sola
2857 4747 3222 4802 inohedientia
3253 4749 3518 4817 superbia:

1925 4835 2082 4888 mista
2114 4836 2434 4906 depereunt,
2462 4851 2584 4890 cum
2610 4837 2661 4889 in
2688 4836 2884 4890 smculo
2913 4835 3129 4905 plurimi
3179 4847 3298 4906 post
3325 4839 3517 4894 innua-

1925 4925 2070 4977 nium
2097 4926 2384 4979 criminum
2433 4934 2743 4996 perpetrata
2798 4927 3000 4996 ﬂagitia
3051 4943 3146 4995 per
3197 4929 3517 4984 humilitatis

1922 5016 2157 5068 studium
2194 5017 2578 5085 indulgentiam
2624 5027 3024 5088 promerentur.
3061 5019 3201 5074 Ecce
3232 5023 3376 5076 enim
3413 5023 3515 5077 Da-

1921 5104 2010 5158 vid
2037 5105 2385 5168 adulterium,
2430 5106 2890 5175 homicidiumque
2938 5108 3213 5162 commisit
3251 5108 3338 5179 (ll
3379 5111 3509 5182 Reg.

1921 5195 2039 5264 x1);
2075 5194 2202 5248 Saul
2236 5209 2365 5246 vero
2414 5194 2650 5249 Samueli
2690 5195 3006 5250 inobediens
3053 5197 3262 5252 exstitit
3307 5197 3362 5268 (1
3383 5198 3508 5271 Reg.

1917 5299 2036 5351 xm,
2067 5285 2180 5356 xv).
2209 5286 2315 5340 Sed
2339 5287 2488 5354 quid,
2537 5287 2680 5356 quod
2725 5287 2815 5341 ille
2864 5288 3016 5342 nullo
3070 5288 3466 5348 interveniente
3494 5333 3510 5354 ,

1923 5378 2004 5432 vel
2069 5379 2118 5430 in
2182 5385 2383 5445 puncto
2443 5377 2657 5430 veniam
2689 5379 2918 5442 meruit;
2973 5377 3202 5434 alterum
3249 5397 3378 5436 vero
3412 5399 3512 5437 nec

1911 5468 2135 5541 propria
2183 5466 2472 5528 confessio,
2523 5481 2623 5521 nec
2674 5469 2952 5537 propheta:
3007 5478 3113 5523 tam
3156 5470 3399 5538 lugubris
3456 5481 3510 5525 et

1920 5575 2104 5614 amara
2131 5569 2293 5627 atque
2320 5558 2528 5626 prolixa
2553 5558 2876 5626 supplicatio
2905 5561 3303 5615 reconciliavit.
3341 5559 3508 5614 Plane

1919 5651 1965 5706 si
1999 5650 2296 5720 Scriptura:
2327 5649 2498 5706 series
2524 5650 2809 5720 utrobique
2851 5651 3196 5718 discutiatur,
3237 5649 3506 5721 c0piosior
