4052 6312
580 323 718 379 ΗΟἚ

1458 316 1949 376 COLLECTANEA
2013 317 2080 372 IN
2123 317 2348 373 VETUS
2386 316 2925 377 TESTAMENTUM.

3681 331 3821 387 11οι

576 437 708 492 Saul
739 450 897 503 quam
946 433 1117 487 David
1161 433 1213 486 in
1271 433 1448 487 verbis
1479 434 1809 501 poenitentiae
1860 432 2144 502 reperitur.
2178 437 2222 492 Α
2253 431 2491 499 inquam,
2536 447 2570 484 ο
2617 434 2787 486 sancti
2836 433 3137 502 pontiﬁces,
3188 450 3285 489 vos
3336 438 3677 506 potissimum
3730 442 3826 497 bu-

576 525 682 578 lsle
711 523 974 593 siquidem
1023 522 1288 575 duntaxat
1321 520 1372 575 id
1427 521 1569 588 quod
1621 521 1956 587 praemissum
2018 529 2142 575 est:

585 634 602 667 ι
642 616 861 670 Peccavi
896 614 1122 667 Domino
1166 612 1248 681 (ΙΙ
1290 612 1413 680 Reg.
1448 615 1601 681 xm);
1638 632 1656 663 ι
1689 613 1777 666 ille
1807 621 1984 667 autem
2027 614 2144 667 ait:

583 724 604 759 ι
642 704 886 767 Peccavi,
924 704 1114 772 inquit,
1148 704 1271 771 quia
1300 705 1690 773 pnevaricatus
1716 722 1831 758 smn
1872 720 2149 760 sermones

579 795 812 857 Domini,
842 803 895 848 et
918 794 1078 846 verba
1109 802 1219 856 tua,
1261 794 1454 847 timens
1485 795 1762 863 populum,
1803 802 1857 848 et
1893 795 2148 848 obediens

579 885 698 941 voci
725 898 910 938 eorum
934 882 985 950 (I
1019 880 1140 950 Reg.
1162 879 1285 951 xv);
1318 899 1335 932 ι
1353 889 1516 948 atque
1544 882 1776 951 idipsum
1804 881 2145 951 postmodum

573 983 847 1044 repetens,
896 972 1012 1025 ait:
1049 990 1066 1021 ι
1102 970 1345 1024 Peccavi.
1385 990 1402 1021 ι
1438 971 1679 1025 Accessit
1722 981 1899 1025 autem
1929 979 1983 1024 et
2032 970 2149 1024 lor:-

573 1063 805 1132 ganimis
831 1060 987 1114 valde
1010 1059 1279 1114 Samuelis
1304 1060 1499 1123 oratio,
1531 1061 1597 1115 de
1634 1075 1741 1129 quo
1787 1060 2032 1115 videlicet
2067 1060 2142 1114 di-

570 1153 754 1209 citur:
795 1171 813 1202 ι
841 1152 1314 1220 Contristatusqne
1338 1160 1420 1204 est
1449 1151 1667 1205 Samuel
1720 1161 1775 1206 et
1801 1152 2055 1207 clamavit
2078 1154 2146 1208 ad

570 1240 857 1294 Dominum
890 1250 999 1293 tota
1032 1248 1188 1293 nocte
1231 1237 1551 1308 illa'(lbid.).
1591 1259 1608 1290 ι
1650 1239 1756 1294 Sed
1789 1240 1969 1294 divina
2011 1256 2147 1295 voce

571 1345 898 1400 responsum
951 1338 1033 1384 est
1065 1346 1078 1381 :
1113 1348 1129 1378 ι
1164 1328 1481 1398 Usquequo,
1538 1330 1638 1394 ait,
1684 1341 1740 1383 tu
1788 1329 1939 1399 luges
1991 1328 2142 1393 Saul,

568 1433 694 1473 cum
721 1434 820 1488 ego
853 1417 1170 1487 projecerim
1215 1431 1359 1482 eum,
1397 1432 1465 1470 ne
1496 1426 1681 1487 regnet
1709 1433 1870 1486 super
1890 1418 2088 1471 Israel?
2119 1437 2136 1470 ι

569 1508 621 1578 (Ι
650 1508 772 1579 Reg.
796 1510 934 1578 xvi.)
966 1509 1101 1575 Quid
1137 1518 1371 1577 estergo
1407 1509 1549 1577 quod
1576 1508 1801 1580 alterius
1823 1508 2141 1577 paenitentia

564 1601 656 1669 pie
679 1608 952 1667 suscepta,
982 1598 1205 1653 alterius
1230 1607 1409 1651 autem
1434 1597 1533 1652 sub
1557 1597 1817 1651 districta:
1846 1612 1904 1651 se
1940 1596 2140 1651 verita-

566 1689 634 1744 tis
660 1699 743 1743 est
769 1689 1015 1743 examine
1059 1689 1365 1757 reprobata,
1393 1689 1495 1743 nisi
1527 1691 1669 1757 quod
1713 1688 1801 1742 ille
1835 1688 2008 1744 scelus
2061 1688 2141 1742 in-

2242 522 2475 590 jusmodi
2490 523 2698 577 debetis
2709 539 2828 579 esse
2848 526 3148 591 praedones,
3171 527 3262 596 qui
3284 530 3524 598 quotidie
3547 533 3827 591 desudetis

2249 612 2460 665 animas
2488 612 2763 666 homimun
2813 613 2880 666 dc
2930 615 3176 669 manibus
3229 619 3441 684 reprobi
3490 624 3826 687 possessoris

2247 702 2456 767 eripere
2490 710 2545 754 et
2590 702 2940 770 triumphales
2975 703 3100 773 Regi
3133 715 3313 759 vestro
3341 706 3507 762 David
3537 713 3825 768 manubias

2248 796 2546 857 reportare.
2580 789 2688 845 Nec
2735 801 2910 847 tamen
2958 792 3175 856 suﬂicit,
3206 810 3329 850 eum
3356 796 3570 853 diabolo
3608 809 3824 868 raptus,

2248 880 2315 931 ad
2350 877 2514 932 Deum
2560 880 2792 948 quisque
2838 882 2924 948 pia
2978 882 3263 937 dev0tione
3308 887 3668 953 convertitur,
3718 889 3827 943 nisi

2249 983 2374 1023 mox
2395 970 2557 1023 etiam
2588 984 2617 1022 a
2647 980 2825 1025 status
2866 973 2945 1027 sui
2989 974 3185 1028 duritia
3216 976 3368 1043 quasi
3392 977 3588 1032 crebro
3618 989 3827 1034 sancta

2249 1060 2647 1130 prmdicationis
2704 1062 2897 1117 malleo
2943 1073 3274 1119 conteratur.
3324 1067 3477 1122 Unde
3518 1084 3616 1138 per
3666 1069 3825 1126 lere-

2248 1148 2413 1200 iniam
2446 1164 2462 1203 :
2504 1168 2521 1200 ι
2556 1148 2810 1219 Nunquid
2837 1167 2942 1207 non
2980 1156 3141 1208 verha
3183 1171 3301 1210 mea
3327 1167 3453 1211 sunt
3482 1160 3637 1227 quasi
3661 1161 3824 1230 ignis,

2246 1238 2375 1292 dicit
2406 1239 2683 1304 Dominus,
2704 1250 2760 1295 et
2785 1243 2938 1310 quasi
2967 1244 3191 1299 mal'eus
3212 1255 3500 1302 conterens
3522 1252 3775 1318 petram?
3804 1271 3821 1305 ι

2247 1326 2383 1395 (Jer.
2423 1329 2603 1398 nm.)
2633 1330 2802 1384 Verba
2834 1332 3031 1402 quippe
3058 1332 3270 1388 Domini
3297 1338 3448 1405 quasi
3478 1337 3618 1408 ignis
3661 1349 3826 1405 sunt,

2244 1419 2372 1486 quia
2423 1419 2593 1488 frigus
2635 1422 2927 1492 expellunt,
2973 1425 3208 1482 calorem
3233 1430 3501 1484 mentibus
3524 1431 3825 1501 ingemat;

2243 1510 2470 1567 malleus
2499 1523 2679 1569 autem
2703 1527 2849 1580 sunt,
2879 1519 3139 1585 quoniam
3190 1519 3593 1594 obstinationis.
3612 1534 3669 1580 et
3703 1541 3830 1594 per-

2243 1600 2461 1656 vicacia:
2484 1602 2740 1659 duritiam
2770 1606 3038 1662 molliunt.

2314 1691 2560 1763 Congrue
2605 1710 2733 1767 ergo
2783 1713 2937 1753 sacra
2988 1700 3256 1757 subnectit
3280 1703 3506 1759 historia
3541 1723 3556 1760 :
3593 1725 3613 1758 ι
3648 1704 3827 1775 Popu-

565 1778 883 1833 obedientize
904 1780 1094 1846 spiritu
1113 1780 1377 1847 superbiae
1402 1777 2145 1849 parvipendensnequaquam
2177 1774 2222 1833 B
2251 1783 2360 1838 lum
2385 1800 2599 1856 quoque
2625 1786 2742 1855 ejus
2788 1791 3060 1847 adducens
3108 1796 3359 1857 scrravit.
3410 1807 3465 1851 et
3495 1774 3827 1869 circumegit

561 1868 719 1937 pleno
741 1870 903 1923 corde
932 1870 1221 1939 paenituit;
1248 1870 1335 1924 hic
1366 1879 1542 1924 autem
1567 1885 1737 1939 pauca
1769 1870 1985 1938 quidem
2016 1886 2139 1939 pro-

563 1956 698 2018 tulit,
730 1961 824 2012 sed
850 1959 965 2026 ejus
990 1961 1195 2014 viscera
1226 1960 1389 2014 divini
1420 1961 1631 2015 timoris
1659 1960 1840 2030 gladio
1873 1956 2132 2015 transfixa

559 2046 673 2100 veri
701 2046 878 2102 luctus
898 2049 1200 2103 amaritudo
1226 2050 1482 2118 replevit?
1504 2050 1648 2114 llaec,
1667 2065 1867 2120 quzcso,
1883 2052 2136 2106 conside-

560 2150 684 2191 rare
707 2153 811 2193 non
840 2140 1135 2210 negligant,
1164 2142 1255 2211 qui
1284 2157 1405 2195 cum
1449 2142 1829 2196 iuobedientia:
1860 2141 2133 2206 obediant,

561 2225 629 2280 de
664 2228 974 2296 graviorum
1017 2244 1076 2283 se
1121 2230 1456 2284 immanitate
1494 2231 1780 2285 criminum
1835 2230 2136 2298 procaciter

554 2315 780 2386 jactant.
808 2318 1303 2387 Quorumprofceto
1330 2320 1613 2374 nonnullos
1635 2336 1775 2390 s:cpc
1804 2321 2046 2372 videmus
2066 2319 2134 2372 ad

557 2407 780 2474 agenda:
827 2409 1182 2463 confessionis
1221 2410 1481 2478 judicium
1536 2410 1895 2479 frequenbare,
1936 2408 2052 2465 solo
2075 2422 2135 2462 se

558 2497 750 2552 devote
802 2506 1169 2566 prosternere,
1221 2500 1441 2552 tiunulis
1494 2514 1552 2554 se
1575 2508 1629 2552 ct
1658 2499 1927 2553 accuratis
1954 2498 2134 2554 verbis

558 2589 734 2657 magis
761 2589 932 2643 facete
985 2604 1146 2658 quam
1197 2590 1470 2645 humiliter
1512 2604 1789 2655 accusare,
1819 2599 1981 2658 atque
2010 2589 2133 2645 ideo

556 2693 833 2747 nunquam
858 2693 1045 2733 eorum
1078 2694 1254 2734 mores
1282 2680 1347 2733 ad
1375 2680 1579 2735 idonea:
1600 2680 1955 2748 correptionis
1978 2693 2130 2733 emo-

555 2768 797 2824 iumenta
818 2770 1129 2838 procedere,
1164 2770 1289 2839 quia
1323 2770 1567 2825 videlicet
1594 2787 1715 2826 cum
1744 2771 1874 2826 Saul
1899 2786 1993 2827 ore
2019 2785 2131 2839 po:—

553 2857 749 2926 nitent,
780 2860 944 2914 corde
976 2867 1205 2912 tument.

1145 2950 1371 3005 CAPUT
1412 2950 1539 3005 VIII.

805 3040 875 3094 In
905 3041 1120 3111 epistola
1160 3041 1229 3093 ad
1266 3040 1558 3094 cardinales
1596 3042 1878 3110 episcopos.

2239 1888 2401 1942 super
2446 1889 2542 1930 eos
2604 1875 2804 1931 ferrata
2864 1891 3141 1951 carpenta,
3186 1885 3476 1956 divisitque
3520 1888 3718 1943 cultris
3771 1899 3827 1944 et

2239 1969 2544 2023 transduxit
2583 1972 2635 2024 in
2665 1981 2845 2042 typum
2899 1975 3126 2031 laterum
3159 1978 3281 2049 (ΙΙΙ
3314 1980 3441 2050 Reg.
3471 1988 3592 2054 xu).
3628 2003 3648 2036 ι
3679 1984 3823 2050 Quid

2239 2057 2380 2110 enim
2423 2073 2521 2126 per
2570 2059 2767 2115 ferrata
2822 2075 3102 2134 carpenta,
3153 2070 3295 2137 quod
3322 2072 3507 2141 utique
3539 2086 3711 2142 genus
3737 2086 3824 2129 est

2236 2162 2518 2232 curruum,
2550 2151 2649 2207 nisi
2677 2163 2879 2209 sortem
2906 2165 3070 2226 atque
3093 2158 3564 2230 inexpugnabilem
3601 2166 3825 2232 quadri-

2235 2253 2357 2308 gam
2385 2229 2694 2296 sanctorum
2725 2244 3200 2314 evangelistarum,
3232 2229 3415 2319 aciper
3442 2251 3543 2305 hoc
3570 2253 3818 2307 omnium

2235 2326 2538 2382 divinarum
2586 2330 2991 2400 Scripturarum
3044 2335 3342 2405 intelligere
3407 2339 3669 2395 debemus
3706 2342 3818 2397 clo-

2234 2417 2462 2485 quium?
2489 2418 2646 2484 Nam,
2670 2430 2831 2489 prout
2853 2422 2980 2477 alibi
3001 2422 3114 2492 jam
3146 2427 3381 2483 diximus
3404 2446 3418 2482 :
3454 2430 3569 2485 Vile
3595 2418 3819 2500 quidem

2232 2506 2460 2575 ferrum,
2495 2517 2671 2564 tamen
2701 2511 2921 2567 edomat
2960 2528 3123 2569 omne
3160 2517 3454 2572 metallum.
3504 2518 3660 2574 Sicut
3708 2520 3822 2576 fer-

2232 2612 2354 2651 rum
2404 2598 2634 2654 metallis
2684 2602 2938 2657 omnibus
2985 2603 3316 2671 dominatur,
3367 2608 3447 2663 sic
3495 2612 3815 2681 evangelica

2232 2688 2482 2743 doctrina
2530 2689 2694 2745 duras
2740 2703 2954 2748 mentes
3000 2694 3244 2750 emollire
3278 2697 3643 2764 cognoscitur.
3675 2699 3816 2765 Quid

2231 2788 2466 2847 estergo
2507 2795 2669 2849 super
2703 2791 2891 2851 captos
2919 2783 3166 2839 homines
3193 2784 3393 2841 ferrata
3420 2798 3680 2857 carpenta
3710 2791 3818 2844 cir-

2230 2881 2534 2937 cumagere,
2591 2870 2693 2924 nisi
2725 2885 2894 2926 sacra:
2940 2871 3233 2942 Scriptura:
3265 2875 3401 2929 roris
3443 2876 3808 2932 humanarum

2233 2956 2493 3011 mentium
2525 2972 2706 3012 aream
2737 2959 3017 3026 triturare,
3045 2973 3102 3014 ut
3132 2962 3185 3016 in
3211 2963 3292 3016 eis
3313 2978 3494 3018 sermo
3522 2965 3735 3020 divinus
3759 2976 3817 3021 et

2231 3050 2487 3105 vitiorum
2518 3052 2896 3108 reluctantium
2947 3055 3128 3127 glebas
3150 3056 3383 3123 obterat,
3406 3067 3463 3113 et
3486 3072 3581 3114 eas
3605 3060 3675 3113 ad
3695 3074 3818 3115 sus-

622 3126 777 3182 Sicut
801 3128 929 3181 olim
952 3128 1319 3182 Romanorum
1342 3128 1590 3183 consules
1617 3143 1680 3182 ex
1711 3130 1941 3184 diversis
1972 3144 2124 3182 mun-
2153 3114 2199 3175 (ἶ
2230 3140 2503 3209 capiendas
2549 3143 2924 3199 mandatorum
2971 3146 3269 3201 ςωιρειῑυηι
3331 3159 3541 3218 segetes
3575 3151 3818 3219 compta-

548 3217 604 3271 di
634 3218 880 3286 partibus
910 3219 1277 3286 reportabant.
1318 3227 1533 3287 peracta
1576 3220 1811 3273 hostium
1845 3220 2013 3284 εωάθν
2050 3219 2130 3273 Vir
2224 3246 2360 3286 nare
2381 3244 2436 3286 et
2458 3250 2742 3304 exchuare
2777 3238 3100 3292 contendat?
3136 3239 3204 3293 Et
3233 3239 3361 3309 quid
3393 3217 3477 3296 est
3498 3256 3593 3295 eos
3613 3217 3809 3297 cultris

550 3307 769 3370 ctorias,
823 3310 902 3364 sic
953 3309 1041 3364 isti
1089 3324 1231 3363 nunc
1281 3310 1490 3364 animas
1543 3311 1821 3364 hominum
1852 3312 1919 3365 de
1968 3327 2127 3367 manu

549 3396 746 3453 diaboli
807 3398 1001 3453 debent
1056 3399 1286 3454 liberare
1332 3401 1590 3469 captivas.
1642 3402 1721 3456 Ad
1776 3403 1873 3457 hos
1926 3404 2126 3470 quippe

549 3487 900 3544 victoriarum
951 3489 1156 3555 titulos,
1193 3490 1259 3544 ad
1292 3491 1389 3544 hos
1439 3491 1638 3545 debent
1679 3508 1891 3562 semper
1916 3493 2127 3553 inhiare

552 3578 871 3648 triumphos,
900 3580 1149 3635 videlicet
1205 3580 1364 3652 195
1423 3584 1725 3652 utautiquo
1746 3585 2125 3653 praedoniani-

544 3672 760 3722 marum
808 3670 1148 3739 pereuntium
1196 3672 1480 3726 manubias
1530 3688 1740 3740 rapere,
1767 3683 1821 3728 et
1860 3674 1989 3744 Regi
2030 3690 2128 3731 suo

547 3756 768 3812 Christo
799 3760 950 3828 signa
995 3760 1264 3829 gaudeant
1315 3761 1559 3815 victricia
1627 3772 1925 3832 reportare.
1976 3763 2127 3819 Hunc

546 3859 715 3917 porro
765 3846 1072 3902 conﬂictum
1134 3848 1301 3903 David
1347 3851 1629 3919 signavit,
1682 3868 1804 3906 cum
1879 3854 2125 3913 Rahbatb

546 3937 822 3993 civitatem
870 3924 1045 3993 victor
1084 3940 1317 3995 obtinuit
1365 3940 1450 4011 (II
1511 3940 1636 4012 Reg.
1701 3944 1822 4015 xu).
1881 3944 2126 4003 Rabbatb

546 4027 752 4098 quippe
779 4027 1079 4094 multitudo,
1129 4030 1210 4083 vel
1263 4032 1478 4099 grandis
1531 4034 1934 4103 interpretatur,
1982 4038 2125 4105 quod

550 4130 659 4170 non
704 4116 1149 4172 iuconvenienter
1190 4120 1597 4175 universitatem
1646 4122 1806 4192 hujus
1847 4127 2029 4187 mundi
2054 4127 2126 4179 si-

544 4205 806 4275 gnificare
854 4209 1218 4278 cognoscitur.
1260 4211 1428 4265 David
1472 4213 1653 4282 itaque
1698 4214 1946 4269 Rabtiath
1985 4217 2125 4271 obti-

548 4299 669 4351 nuit
702 4299 1002 4363 civitatem,
1034 4316 1154 4356 cum
1200 4303 1314 4358 suis
1358 4302 1566 4375 legibus
1601 4305 1848 4362 Christus
1867 4312 2122 4380 grandem

545 4397 602 4439 et
650 4387 924 4456 cepiosam
973 4387 1130 4457 hujus
1170 4391 1357 4444 mundi
1414 4392 1651 4449 subdidit
1698 4396 2117 4455 multitudinem.

544 4475 815 4528 Coronam
846 4491 975 4531 vero
997 4476 1063 4530 de
1095 4477 1274 4546 capite
1305 4479 1464 4549 Regis
1498 4480 1639 4536 illius
1683 4482 1849 4539 David
1900 4488 2121 4544 abstulit
2152 4459 2198 4517 θ

544 4563 778 4632 sibique,
825 4565 966 4619 sicut
1010 4565 1289 4636 Scriptura
1345 4577 1590 4632 testatur.
1635 4573 2118 4646 imposuit;_quod

546 4663 674 4711 tunc
724 4670 884 4709 verus
937 4654 1106 4709 David
1164 4655 1413 4713 Christus
1465 4660 1725 4730 implevit,
1753 4678 1885 4718 cum
1933 4644 2118 4723 {luridi

540 4743 836 4814 sapientes,
864 4743 1060 4813 quibus
1097 4745 1495 4813 quodammodo
1517 4749 1760 4805 diabolus
1792 4754 2118 4822 ornabatur,

543 4833 742 4904 eripuit
760 4845 814 4890 et
838 4837 892 4891 in
917 4837 999 4891 sui
1027 4836 1243 4891 decoris
1270 4846 1324 4892 et
1351 4840 1539 4909 gloria:
1558 4840 1805 4896 diadema
1830 4847 2118 4900 convertit.

544 4920 826 4978 Multitudo
849 4923 1044 4993 quippe
1081 4923 1314 4978 fidelium
1350 4941 1461 4980 non
1492 4927 1649 4981 modo
1669 4928 1895 5003 Christi,
1927 4935 2020 4987 sed
2063 4943 2116 4988 et

540 5010 781 5068 doctoris
823 5013 1082 5082 cujusque
1124 5030 1321 5068 corona
1352 5016 1687 5085 perhibetur,
1729 5020 1884 5088 cujus
1918 5022 2113 5091 praedi-

541 5104 756 5160 catione
810 5107 1168 5170 convertitur,
1224 5107 1365 5160 sicut
1423 5105 1622 5162 Paulus
1683 5108 2116 5180 Philippensibus

541 5193 671 5247 ait:
709 5211 728 5243 ι
785 5192 993 5266 Itaque,
1043 5194 1242 5251 fratres
1300 5195 1408 5250 mei
1472 5197 1797 5264 charissimi,
1864 5201 2115 5270 gaudium

543 5298 724 5338 meum
751 5294 805 5338 et
829 5300 1028 5340 corona
1054 5301 1195 5351 mea,
1227 5287 1304 5342 sic
1333 5296 1473 5343 sxate
1512 5287 1564 5340 in
1620 5288 1846 5345 Domino
1892 5289 2112 5364 (Philip.

541 5382 641 5449 tv).
678 5398 697 5432 ι
742 5378 850 5435 Sed
900 5392 954 5437 et
981 5385 1241 5449 praedam,
1305 5386 1459 5455 juxta
1489 5386 1846 5457 Scripturam,
1875 5400 2121 5461 asporta-

541 5468 623 5523 vit
650 5468 873 5524 multam
894 5473 1066 5529 valde.
1093 5475 1278 5543 Praeda
1301 5478 1500 5548 quippe
1531 5480 1596 5534 de
1621 5479 1865 5535 Rabbath
1892 5482 2113 5549 tollitur,

544 5575 666 5616 cum
696 5575 763 5616 ex
796 5562 899 5617 hoc
922 5566 1120 5621 mundo
1147 5568 1346 5638 quique
1395 5570 1580 5626 fideles
1632 5580 1795 5641 atque
1832 5572 2008 5629 devoti
2048 5577 2115 5632 ad

544 5650 639 5707 Del
677 5650 1061 5729 omnipotentis
1124 5659 1442 5730 obsequium
1500 5674 1909 5720 convertuntur.
1969 5667 2109 5735 Vos,

2228 3320 2489 3385 dividere,
2530 3324 2631 3376 nisi
2654 3335 3000 3394 peccatorum
3026 3328 3300 3381 hominum
3322 3330 3712 3384 conscientiam
3741 3333 3811 3387 ad

2228 3409 2623 3465 confessionem
2668 3414 2833 3467 divini
2868 3415 3013 3468 verbi
3042 3416 3512 3485 praedicationibus
3554 3419 3811 3487 aperire?

2227 3503 2303 3557 De
2333 3519 2439 3571 quo
2466 3505 2628 3557 verbo
2671 3506 2805 3559 dicit
2837 3507 3161 3577 Apostolus:
3207 3528 3225 3559 ι
3264 3509 3512 3563 Gladium
3560 3511 3804 3579 spiritus,

2226 3593 2369 3660 quod
2400 3602 2483 3646 est
2508 3595 2731 3647 verbum
2765 3595 2859 3649 Dei
2888 3590 3103 3666 (Ep/tes.
3140 3598 3247 3667 vi);
3290 3618 3309 3649 ι
3353 3609 3477 3653 tunc
3507 3599 3659 3653 enim
3685 3609 3807 3654 tau-

2227 3696 2387 3750 quam
2440 3682 2813 3750 spiritttalihus
2852 3685 3041 3740 cultris
3072 3687 3232 3741 homo
3263 3688 3538 3752 dividitur,
3586 3704 3709 3743 cum
3740 3690 3807 3745 ad

2226 3770 2551 3838 detegendas
2578 3772 2772 3826 anima:
2804 3788 2916 3827 suae
2938 3773 3121 3843 plagas
3142 3774 3305 3828 divini
3343 3776 3489 3829 verbi
3514 3775 3690 3846 gladio
3713 3778 3806 3829 de-

2226 3869 2461 3913 secatur.
2491 3859 2600 3913 Cur
2652 3870 2832 3915 autem
2879 3877 2972 3916 eos
3026 3864 3076 3915 in
3134 3872 3315 3933 typum
3361 3864 3583 3923 laterum
3646 3864 3804 3934 195

2226 3950 2595 4004 transduxisse
2642 3962 2919 4014 narratur,
2962 3954 3064 4007 nisi
3103 3954 3227 4022 quia
3270 3954 3469 4008 lateres
3496 3965 3551 4007 et
3598 3956 3802 4009 terreni

2224 4046 2351 4090 sunt
2374 4048 2427 4091 et
2454 4038 2695 4093 decocti?
2725 4039 2875 4095 Tunc
2898 4041 3042 4094 enim
3074 4051 3325 4111 peccator
3355 4043 3406 4096 in
3437 4040 3618 4112 typum
3664 4043 3800 4096 latc-

2226 4125 2301 4181 ris
2359 4130 2604 4190 vertitur,
2668 4142 2790 4181 cum
2839 4130 2905 4182 ad
2945 4132 3339 4198 prmdicationis
3391 4149 3576 4187 vocem
3627 4135 3799 4188 sancti

2225 4217 2459 4286 Spiritus
2518 4218 2767 4273 ardorem
2818 4220 3050 4290 concipit
3073 4230 3126 4275 ct
3172 4221 3436 4275 veraciter
3484 4222 3801 4277 humiliatus

2226 4317 2426 4362 terram
2450 4324 2510 4364 se
2533 4322 2598 4363 ac
2628 4308 2796 4363 lutum
2824 4325 2943 4364 esse
2968 4312 3268 4380 perpendit.
3315 4313 3404 4367 Sic
3436 4314 3619 4382 itaque
3654 4313 3803 4383 quis~

2224 4412 2329 4466 que
2359 4414 2650 4453 conversus
2680 4414 2745 4454 ac
2775 4408 3042 4467 ptemteus
3078 4401 3129 4455 in
3159 4402 3343 4456 lateris
3379 4401 3646 4456 formatur
3665 4404 3799 4458 ima-

2223 4492 2421 4559 ginem,
2454 4507 2578 4546 cum
2615 4502 2669 4548 et
2699 4494 3016 4548 humiliatur
3061 4512 3128 4550 cx
3175 4512 3284 4550 sure
3319 4496 3630 4567 fragilitatis
3663 4501 3793 4565 luto,

2223 4593 2279 4638 et
2303 4585 2454 4653 quasi
2489 4585 2747 4651 rubescit,
2797 4587 2911 4641 sive
2952 4586 3269 4665 llatnmcscit
3298 4590 3351 4643 in
3375 4606 3561 4644 amore
3590 4593 3792 4657 divino,

2224 4682 2280 4725 ut
2303 4672 2429 4727 dum
2450 4689 2510 4729 se
2556 4683 2829 4729 terrenum
2873 4676 3149 4745 pulverem
3183 4688 3393 4748 pensat,
3428 4694 3527 4735 cor
3545 4698 3701 4736 suum
3728 4684 3794 4738 ad

2221 4766 2534 4823 referendas
2566 4768 2674 4823 Deo
2704 4769 2928 4839 gratias,
2957 4770 3055 4838 qui
3086 4783 3145 4824 se
3177 4774 3479 4837 revocavit,
3510 4776 3792 4830 accendat.

2227 4856 2379 4911 Unde
2399 4868 2454 4911 et
2474 4857 2643 4911 Adam
2668 4860 3055 4928 interpretatur
3080 4872 3219 4917 terra
3245 4865 3424 4928 rubra,
3460 4875 3518 4919 ut
3542 4882 3609 4920 ex
3635 4869 3793 4937 primi

2220 4947 2461 5013 parentis
2505 4948 2722 5001 nomine
2750 4948 2977 5018 quisque
3023 4951 3319 5016 condiscat,
3356 4954 3441 5009 vel
3471 4957 3601 5025 quid
3627 4959 3795 5027 0ιίθί-

2222 5032 2416 5086 naliter
2443 5033 2531 5096 sit,
2565 5035 2648 5087 vel
2674 5034 2800 5106 quid
2830 5052 2953 5096 eum
2993 5039 3277 5094 actualiter
3318 5056 3439 5098 esse
3484 5047 3775 5100 conveniat

2220 5127 2304 5180 Ad
2349 5124 2447 5180 hos
2505 5128 2686 5198 itaque
2739 5111 3051 5185 sacerdotes
3089 5131 3452 5189 Ecclesiarum
3482 5178 3496 5201 ,
3548 5139 3617 5191 ad
3664 5142 3795 5193 istas

2220 5219 2391 5273 sancti
2436 5222 2719 5289 pontifices
2761 5222 3055 5281 debuerant
3105 5228 3361 5284 anhelare
3404 5232 3667 5289 victorias
3688 5251 3793 5289 non

2221 5313 2548 5379 sumptuosis
2573 5314 2849 5384 epularum
2891 5316 3128 5384 ferculis,
3184 5336 3289 5375 non
3344 5324 3543 5378 resolvi
3570 5325 3794 5397 Lenoci:

2221 5401 2365 5454 nanti
2392 5403 2680 5471 pctuleutia
2726 5404 3034 5475 voluptatis.
3090 5408 3217 5464 Post
3241 5412 3424 5466 mundi
3455 5415 3659 5484 quippe
3702 5433 3794 5469 na.

2217 5494 2418 5548 scentis
2444 5498 2747 5562 exordium,
2797 5514 2893 5567 per
2942 5499 3087 5555 mille
3121 5500 3293 5558 ferme
3329 5514 3490 5574 atque
3509 5518 3793 5562 sexcentos

2217 5599 2388 5636 annos
2434 5586 2725 5641 humanum
2753 5604 2922 5660 genus
2951 5591 3068 5647 sine
3089 5592 3197 5646 vini
3228 5593 3418 5662 poculo
3438 5603 3493 5650 et
3526 5612 3623 5651 esu
3671 5614 3788 5652 car-

2214 5674 2360 5728 nium
2422 5675 2595 5743 vixit;
2664 5694 2765 5733 ncc
2824 5690 3002 5735 tamen
3058 5682 3349 5752 quispiam,
3414 5698 3574 5754 quem
3642 5685 3789 5743 Scri-
