4052 6312
218 404 358 464 “05

1496 413 1559 467 IN
1600 415 1728 471 LIB.
1777 415 1815 468 ll
1859 415 2122 473 REGUM.

3351 425 3485 485 Ηοῧ

215 530 374 590 ptura
405 530 820 588 commemoret,
848 537 1017 592 usque
1048 524 1114 579 ad
1144 524 1348 579 obitum
1383 529 1641 596 languore
1668 542 1794 580 con-
1826 533 1870 588 Α
1901 527 2044 582 inter
2067 537 2358 598 utrumque
2404 530 2630 586 libratus
2676 541 2731 587 et
2781 541 2979 588 terram
3022 537 3270 605 perderet
3324 548 3378 593 et
3417 540 3487 596 ad

215 613 409 670 tabuit.

814 707 1041 766 CAPUT
1078 709 1169 763 IX.

287 801 355 856 In
385 801 602 871 epistola
656 801 725 854 ad
755 801 1069 864 Albericum,
1127 818 1230 871 qua
1277 819 1321 856 et
1375 819 1528 871 super
1550 803 1724 856 decem

654 872 1030 936 qua’stionibus
1058 873 1348 941 respondet.

288 998 306 1030 1
340 979 600 1050 Egressus
645 989 728 1036 est
757 989 938 1035 autem
969 997 1062 1035 rex
1103 981 1270 1037 David
1320 981 1682 1049 Hierusalem,
1716 982 1798 1038 fu-

212 1069 366 1142 giens
408 1070 666 1136 Absalou,
697 1083 752 1126 et
779 1072 1068 1142 dereliquit
1102 1073 1286 1127 decem
1323 1074 1577 1128 mulieres
1598 1087 1796 1127 cont-u-

210 1161 370 1214 binas
393 1160 461 1214 ad
487 1161 893 1216 custodiendam
928 1163 1144 1216 domtnn
1178 1163 1264 1232 (II
1298 1163 1497 1234 Reg.xv
1517 1173 1569 1218 et
1596 1163 1727 1234 xvr).
1771 1183 1788 1213 )

211 1250 380 1304 David
405 1266 434 1304 a
462 1250 601 1306 facie
631 1251 864 1306 Absalou
891 1251 1101 1322 fugiens
1121 1254 1306 1308 decem
1357 1253 1687 1308 concubinas
1717 1253 1791 1318 εἰη

209 1339 369 1395 domo
393 1339 666 1409 relinquit,
697 1356 832 1410 quas
854 1342 1089 1396 Absalou
1120 1357 1214 1411 per
1247 1343 1512 1396 incestum
1553 1342 1787 1411 turpiter

208 1432 394 1488 fmdat.
421 1433 555 1501 Quia
582 1433 907 1504 Redemptor
938 1445 1138 1496 ucster,
1169 1435 1294 1488 dum
1320 1433 1525 1502 eiectus
1549 1435 1614 1488 de
1659 1434 1792 1506 civi-

211 1533 320 1578 tate
345 1522 571 1579 Judaica
624 1526 676 1579 in
709 1526 982 1580 desertum
1012 1527 1253 1596 gentium
1304 1535 1579 1596 properat,
1629 1527 1792 1580 relin-

207 1615 324 1682 quit
366 1616 418 1669 in
453 1616 612 1670 domo
635 1615 769 1686 legis
795 1615 1008 1671 Judwos
1054 1633 1159 1671 non
1199 1617 1427 1671 viriliter
1455 1617 1786 1675 incedentes.

207 1704 301 1758 sed
333 1705 579 1759 muliebri
633 1706 1046 1760 conversatione
1094 1708 1368 1773 viventes;
1418 1707 1508 1776 qui
1536 1708 1787 1760 nimirum

204 1811 304 1864 per
358 1796 543 1851 decem
597 1797 926 1851 concubinas
977 1812 1081 1850 nou
1129 1798 1421 1868 incongrue
1471 1797 1787 1865 ﬁgurantur,

1903 617 2100 672 cmlum
2127 618 2432 674 nullatenus
2462 621 2743 689 aspiraret.
2771 623 2904 677 Nam
2933 633 2985 678 et
3013 626 3355 696 Achitopliel,
3393 629 3484 697 qui

1902 704 2068 758 David
2101 710 2348 778 persequi
2381 726 2484 764 non
2525 712 2858 770 dissimiliter
2901 715 3100 780 voluit,
3146 718 3485 787 exigentibus

1902 797 2129 860 meritis,
2171 799 2398 867 idipsum
2425 817 2591 870 genus
2621 805 2809 858 mortis
2839 805 2998 874 elegit
3029 806 3114 877 (11
3148 807 3272 877 Reg.
3313 814 3479 878 xvu);

1901 887 1990 942 hic
2019 890 2161 942 enim
2195 892 2429 948 Absalou
2461 896 2804 963 persequenti
2841 898 3002 950 David
3029 899 3312 960 consilium
3335 903 3488 956 delit-

1901 986 1960 1031 ut
1983 981 2313 1036 concubinas
2336 987 2521 1052 patris.
2559 1000 2695 1052 quas
2739 985 3020 1040 dimiserat
3058 978 3123 1041 ad
3171 989 3450 1042 Custoditn

1899 1067 2020 1122 dam
2052 1069 2291 1132 domum,
2320 1073 2581 1143 sacrilega
2612 1075 2965 1142 permistione
2995 1077 3275 1148 pollueret,

1899 1159 1964 1212 ad
1990 1159 2297 1215 ftrdaudum
2340 1173 2546 1234 patrem
2592 1181 2853 1220 novercas
2895 1183 3022 1221 snas
3065 1169 3292 1236 turpiter
3332 1168 3492 1230 int'e-,

1899 1258 2062 1303 staret
2093 1249 2140 1318 (I
2174 1250 2297 1320 Reg.
2330 1255 2460 1322 xvi).
2488 1255 2624 1319 Quid
2655 1264 2831 1307 autem
2869 1272 2964 1324 per
3006 1259 3191 1310 decem
3227 1258 3486 1312 concubio

1897 1353 1995 1393 uas
2028 1339 2217 1403 David,
2253 1343 2353 1396 nisi
2392 1359 2518 1412 pars
2571 1344 2656 1398 illa
2685 1344 2922 1399 Judaicze
2953 1346 3125 1416 plebis
3163 1349 3484 1416 exprimitur

1897 1444 2016 1498 qum
2066 1429 2335 1484 Christum
2385 1449 2569 1488 verum
2622 1436 2807 1504 utique
2855 1437 3022 1490 David
3079 1438 3369 1508 fugientem
3430 1438 3483 1492 in

1897 1521 2215 1588 gentilitatis
2250 1525 2463 1583 deserta
2495 1540 2597 1578 non
2625 1527 2893 1594 sequitur,
2928 1529 3052 1596 quia
3102 1528 3234 1598 legis
3281 1543 3339 1582 se
3381 1528 3482 1582 ha-

1897 1607 2023 1663 bere
2068 1611 2390 1680 DeCalogum
2434 1614 2728 1683 gloriatur?
2789 1615 2890 1670 Per
2953 1631 3235 1670 numerum
3291 1631 3484 1686 nempe

1897 1700 2358 1768 concubinartnn,
2407 1719 2664 1759 numerus
2701 1705 3027 1774 exprimitur
3071 1707 3480 1771 mandatorum;

1895 1793 2210 1846 concubina:
2241 1809 2388 1864 ergo,
2419 1811 2538 1865 quae
2573 1812 2674 1849 non
2707 1807 2996 1865 sequentes
3031 1798 3192 1852 David
3219 1839 3233 1863 ,
3261 1798 3481 1852 domum

205 1887 358 1957 quia,
383 1887 508 1940 dum
537 1887 810 1941 encrviter
854 1887 986 1955 legis
1011 1897 1275 1958 praecepta
1309 1889 1640 1949 custodiunt,
1683 1901 1788 1940 uoa
1825 1909 1866 1966 Β
1898 1892 2136 1945 servant,
2163 1883 2216 1935 hi
2247 1893 2370 1937 sunt
2398 1885 2488 1954 qui
2521 1886 2572 1938 in
2598 1887 2798 1940 veteris
2841 1887 2973 1956 legis
3012 1888 3256 1941 custodia
3305 1901 3484 1957 persc-

205 1984 416 2032 castum
460 1977 789 2030 matrimonii
821 1987 1096 2031 merentur
1141 1979 1436 2032 ascendere
1469 1977 1786 2042 thalamum,

205 2066 301 2120 sed
349 2065 552 2134 absque
593 2066 717 2119 ﬁdei
749 2067 1084 2121 cohazrentes
1112 2066 1312 2121 annulo
1343 2067 1646 2123 sortiuntur
1693 2083 1790 2136 pro

205 2154 458 2227 conjugio
514 2156 846 2226 pellicatum.
871 2157 1046 2224 Quam
1074 2158 1309 2212 Absalou
1359 2159 1646 2213 lasciviens
1675 2158 1788 2227 pol-

203 2247 326 2308 luit,
353 2247 478 2316 quia
508 2249 773 2318 malignus
799 2251 1019 2319 spiritus
1059 2253 1317 2321 reprobas
1349 2252 1634 2320 impiorum
1669 2250 1788 2304 aui-

206 2353 323 2392 mas
352 2340 503 2406 quasi
541 2341 910 2408 prostitnendo
957 2327 1275 2410 corrumpit,
1330 2343 1454 2411 quia
1487 2358 1584 2412 per
1603 2356 1789 2396 exces-

206 2444 301 2483 sus
327 2430 663 2485 diversorum
696 2433 960 2487 scelerum
989 2449 1110 2488 cum
1139 2435 1334 2490 talibus
1365 2435 1694 2498 fornicatur,
1734 2445 1790 2490 et

206 2531 463 2591 tauquam
491 2524 764 2578 substrata
792 2527 893 2581 sibi
931 2527 1233 2595 prostibula
1281 2527 1518 2580 incestus
1566 2525 1791 2580 violator

203 2611 567 2679 amplectitur,
602 2613 728 2668 dum
755 2614 1072 2672 adulterinis
1116 2631 1304 2670 eorum
1347 2615 1602 2686 operibus
1649 2615 1790 2671 dele-

203 2709 401 2756 ctatur.

831 2795 1058 2875 carm
1091 2797 1154 2850 χ.

203 2901 275 2956 In
300 2903 540 2976 __epistola
589 2905 660 2957 ad
703 2905 1026 2960 Desiderium
1053 2908 1290 2959 abbatem
1327 2908 1466 2975 quod
1497 2909 1689 2976 majori
1723 2910 1790 2961 sit

274 2973 462 3041 dignus
483 2973 683 3053 honore
711 2977 801 3044 qui
839 2976 1144 3046 dignitatem
1189 2973 1400 3046 projicit
1436 2973 1591 3046 quani
1617 2979 1706 3048 qui
1735 2979 1786 3031 in

274 3059 336 3096 ea
358 3052 605 3096 persistit.

357 3054 605 3110 persistit.

269 3151 504 3208 Absalou
528 3154 792 3223 siquidem
821 3156 1211 3224 interpretatur
1231 3159 1396 3228 patris
1420 3174 1524 3227 pax
1561 3158 1612 3228 (1
1620 3157 1645 3210 1
1663 3157 1786 3226 Reg.

1896 1984 2108 2027 verant.
2147 1973 2381 2029 Absalou
2407 1991 2534 2046 ergo
2567 1977 2632 2030 ad
2677 1978 2774 2030 has
2824 1977 2991 2031 David
3033 1977 3362 2032 concubinas
3404 1977 3483 2030 in-

1895 2065 2140 2134 greditur
2169 2066 2295 2134 quia
2353 2067 2629 2131 diabolus,
2684 2068 2772 2135 qui
2827 2067 2878 2120 iu
2933 2067 3165 2121 Absalou
3217 2077 3353 2130 erat,
3388 2081 3484 2136 per

1893 2167 2149 2207 excessus
2179 2154 2517 2210 diversorum
2568 2156 2832 2209 scelerum
2864 2171 2984 2209 cum
3021 2157 3214 2210 talibus
3247 2155 3483 2209 fornica-

1894 2249 2002 2294 tur.
2030 2241 2096 2295 Et
2122 2243 2258 2296 bene
2287 2243 2521 2297 dicitur:
2563 2245 2696 2311 Quia
2747 2244 2917 2298 David
2961 2260 3054 2298 eas
3101 2245 3380 2299 dimiserat
3415 2245 3483 2298 ad

1893 2332 2297 2386 custodiendam
2330 2333 2577 2398 domum;
2614 2335 2833 2402 provida
2863 2334 3061 2405 quippe
3098 2333 3479 2402 Redemptoris

1893 2422 2063 2475 nostri
2097 2423 2501 2492 dispensatione
2553 2425 2814 2477 divinitus
2870 2427 3050 2495 agitur
3097 2436 3154 2478 ut
3205 2425 3364 2495 quasi
3414 2426 3482 2478 ad

1892 2509 2215 2565 servandam
2251 2512 2470 2567 domum
2504 2513 2636 2582 legis
2663 2512 2971 2568 .luda'orum
3024 2514 3264 2583 reliquie:
3310 2529 3485 2568 reser-

1891 2612 2110 2669 ventur;
2144 2614 2203 2658 ut
2234 2606 2334 2674 ipsi
2384 2607 2476 2675 qui
2531 2607 2691 2659 modo
2742 2607 2914 2658 nostri
2941 2619 3065 2660 sunt
3114 2607 3380 2669 scriniari,
3430 2615 3486 2659 et

1892 2695 2059 2750 libros
2084 2696 2325 2750 crelestis
2349 2697 2544 2766 eloquii
2577 2698 2628 2750 in
2657 2699 2844 2751 eadem
2879 2698 2931 2750 iu
2961 2713 3066 2766 qua
3111 2697 3312 2751 conditi
3357 2704 3486 2750 sunt

1892 2786 2073 2857 lingua
2099 2787 2299 2857 ubique
2354 2797 2620 2842 terrarum
2673 2788 2870 2852 ferant,
2925 2788 3347 2863 quatenusipsi
3389 2785 3482 2856 qui

1892 2876 2050 2928 nobis
2083 2875 2284 2928 illill'llCl
2319 2885 2473 2939 sunt,
2521 2880 2564 2929 si
2609 2877 2826 2944 quando
2867 2877 3150 2944 scrupulus
3193 2875 3485 2930 dubietatis

1891 2966 2196 3029 emerserit,
2225 2981 2385 3020 omne
2411 2967 2565 3021 nobis
2593 2967 2906 3037 ambiguum
2935 2967 3142 3021 tollant.
3190 2965 3344 3022 Unde
3384 2981 3482 3036 per

1890 3055 2228 3110 Psalmistam
2281 3057 2521 3111 dicitur:
2573 3076 2591 3108 ¢
2644 3057 2784 3111 Deus
2839 3072 3022 3120 meus,
3070 3058 3295 3111 ostende
3347 3057 3483 3109 mihi

1893 3146 2032 3200 bona
2059 3149 2200 3200 inter
2224 3147 2472 3201 inimicos
2502 3164 2670 3211 meos,
2702 3165 2766 3201 ne
2789 3149 3005 3202 occidas
3031 3164 3144 3214 eos,
3174 3163 3242 3202 ne
3267 3148 3483 3217 quando

200 3243 344 3314 xm),
370 3259 464 3313 per
503 3261 660 3313 quem
707 3248 1025 3316 designatur
1069 3249 1296 3319 populus
1334 3251 1665 3315 Judreorum,
1695 3250 1784 3319 qui

1893 3237 2242 3291 obliviscatur
2291 3237 2423 3308 legis
2479 3247 2581 3292 tme
2636 3236 2833 3309 (Psal.
2890 3238 3086 3309 Lvnt).
3141 3257 3159 3290 1
3220 3239 3484 3292 Hebraica

199 3347 372 3402 usque
391 3334 457 3388 ad
471 3343 697 3390 mortem
722 3346 1038 3405 persecutus
1053 3339 1447 3395 estChristum.
1474 3339 1548 3394 De
1571 3355 1678 3409 quo
1692 3356 1787 3408 po-

198 3423 327 3491 pulo
348 3423 645 3493 perlsaiam
665 3425 862 3479 dicitur
880 3444 892 3479 :
917 3446 933 3478 1
955 3427 1118 3482 Filios
1136 3429 1296 3499 genui
1319 3440 1372 3485 et
1392 3429 1649 3492 exaltrivi,
1674 3430 1774 3499 ipsi

201 3526 381 3569 autem
413 3525 730 3584 spreverunt
765 3533 851 3570 me
879 3516 1012 3586 (Isa.
1048 3520 1121 3588 1);
1159 3539 1177 3571 ι
1211 3504 1314 3589 111ιῖ
1352 3521 1522 3589 patris
1544 3536 1642 3589 pax
1664 3521 1786 3590 jure

202 3604 422 3670 dicitur,
447 3607 703 3675 quoniam
731 3608 783 3662 in
815 3609 903 3662 illo
934 3611 1244 3679 specialiter
1269 3611 1466 3681 pepulo
1495 3627 1590 3680 per
1615 3611 1785 3681 legem

203 3696 404 3764 datam,
432 3713 529 3768 per
549 3700 892 3753 victimarum
934 3702 1225 3766 sacriﬁcia,
1251 3718 1347 3772 per
1377 3702 1785 3757 tabernaculum

204 3787 457 3857 denique,
525 3789 638 3844 sive
685 3790 938 3860 templum
989 3791 1131 3847 Deus
1207 3794 1478 3861 quitvisse
1548 3795 1774 3849 videtur.

204 3877 355 3933 Sicut
388 3879 547 3952 196
579 3881 747 3935 David
779 3900 790 3935 :
831 3902 848 3932 1
878 3882 1063 3946 Notus,
1093 3883 1285 3952 inquit,
1316 3885 1368 3936 in
1397 3880 1579 3937 JUtliEﬂ
1623 3884 1780 3947 Deus,

205 3967 256 4022 in
296 3968 457 4022 Israel
483 3985 734 4040 magnum
769 3986 962 4026 nomen
995 3973 1109 4042 ejus
1131 3972 1300 4043 (Psal.
1334 3975 1517 4043 Lxxv).
1555 3995 1572 4023 ι
1609 3974 1784 4043 Atque

202 4068 258 4113 ut
293 4060 394 4115 iste
423 4063 646 4131 pepnlus
669 4065 838 4131 patris
876 4078 980 4132 pax
1007 4079 1126 4118 esse
1154 4064 1424 4129 videatur,
1456 4065 1579 4118 audi
1629 4063 1771 4133 quod

203 4151 485 4219 sequitur:
520 4171 536 4202 ‹
572 4152 635 4205 Et
666 4152 838 4208 factus
860 4154 1017 4208 estin
1049 4169 1180 4222 pace
1212 4153 1361 4208 locus
1387 4153 1502 4220 ejus
1527 4153 1736 4223 (lbid.).
1762 4173 1778 4203 1

204 4241 330 4296 Sive
359 4257 456 4310 per
482 4242 713 4297 Absalou
740 4243 906 4299 Judas
958 4247 1192 4300 traditor
1222 4246 1560 4315 designatur,
1609 4245 1701 4314 qui
1731 4255 1784 4298 et

204 4333 318 4405 ipse
339 4333 512 4402 patris
542 4351 641 4404 pax
677 4350 782 4388 non
823 4335 1097 4390 immerito
1126 4336 1341 4400 dicitur,
1381 4336 1519 4390 sicut
1563 4336 1675 4406 ipse
1718 4337 1784 4389 de

204 4422 296 4477 illo
318 4423 566 4479 Christus
621 4425 671 4478 in
703 4425 911 4496 psalmo
948 4427 1318 4495 conqueritur,
1343 4427 1567 4481 dicens:
1607 4445 1624 4476 1
1657 4426 1782 4481 Ete-

202 4513 314 4567 nim
349 4514 507 4568 homo
542 4515 690 4584 pacis
722 4531 874 4580 mere,
900 4516 950 4570 in
981 4532 1088 4586 quo
1123 4519 1429 4586 sperabam,
1464 4517 1554 4586 qui
1587 4516 1782 4572 edebat.

1891 3330 2088 3398 quippe
2118 3329 2316 3400 lingua,
2353 3345 2474 3399 quae
2523 3339 2634 3385 toto
2673 3333 2804 3385 orbe
2853 3332 3204 3403 dispergitur,
3254 3331 3481 3385 multum

1891 3421 2213 3475 Christianae
2242 3421 2360 3476 fidei
2401 3423 2698 3476 auctoritas
2744 3423 3049 3492 adjuvatur.
3106 3423 3344 3478 Uudect
3375 3422 3482 3476 illic

1891 3525 2076 3584 aperte
2109 3515 2449 3584 subjuugitur
2479 3533 2492 3570 :
2527 3535 2543 3567 1
2585 3515 2842 3587 Disperge
2874 3516 2994 3571 illos
3026 3518 3076 3570 in
3117 3517 3318 3570 virtute
3361 3524 3476 3579 tua,

1891 3616 1946 3662 et
1971 3607 2206 3676 depones
2235 3623 2349 3672 eos,
2376 3618 2649 3677 protector
2675 3619 2878 3674 noster,
2905 3608 3131 3664 Domine
3161 3607 3373 3679 (ΗΜΛ).
3420 3627 3439 3660 1

2498 3696 2727 3752 CAPUT
2769 3699 2858 3753 XI.

2411 3787 2477 3841 In
2508 3789 2687 3842 eadem
2717 3789 2958 3858 epistola.

1966 3895 1982 3927 1
2039 3875 2280 3944 Cumque
2341 3878 2579 3932 venisset
2636 3879 2804 3932 David
2867 3881 2918 3932 in
2977 3888 3154 3933 castra
3217 3879 3476 3943 Madian.

1890 3965 2016 4020 Sobi
2058 3967 2196 4020 ﬁlius
2242 3967 2404 4029 Naas,
2460 3976 2515 4021 et
2573 3968 2780 4022 Machir
2832 3969 2973 4023 ﬁlius
3004 3971 3273 4034 Amichel,
3319 3971 3477 4041 197

1887 4067 1940 4109 et
1991 4056 2245 4110 Berzellai
2297 4057 2604 4112 Galaadites
2655 4060 2966 4114 obtulerunt
3008 4061 3058 4114 ei
3101 4063 3387 4125 stratoria,
3422 4070 3476 4115 et

1887 4149 2112 4216 tapetia,
2163 4163 2225 4202 ac
2265 4163 2393 4202 vasa
2439 4148 2645 4215 ﬁctilia,
2677 4159 2780 4205 etc.
2837 4171 2854 4203 1
2894 4150 2976 4222 (II
3011 4151 3134 4222 Reg.
3166 4158 3320 4223 xvu).
3358 4153 3474 4208 Ma-

1884 4236 2101 4291 diauita:
2154 4252 2306 4301 vero,
2357 4237 2447 4307 qui
2501 4240 2779 4309 przebuere
2813 4242 2922 4311 regi
2963 4241 3128 4296 David
3183 4245 3472 4308 stractoria

1887 4336 1942 4381 et
1999 4329 2204 4397 ‘tapetia
2235 4370 2250 4394 ,
2302 4329 2431 4397 quid
2485 4330 2627 4386 aliud
2682 4332 2986 4402 signiﬁcant
3033 4349 3194 4403 quam
3247 4336 3474 4406 gentiles

1888 4433 2176 4474 conversos
2223 4420 2288 4473 ad
2319 4419 2510 4474 ﬁdem?
2562 4422 2651 4490 qui
2703 4423 2830 4476 dum
2875 4424 2979 4493 piis
3031 4426 3240 4479 actibus
3296 4427 3472 4480 inces-

1888 4521 2070 4566 santer
2123 4511 2399 4576 insistunt,
2459 4514 2612 4581 quasi
2673 4515 2888 4568 textrini
2944 4517 3121 4586 operis
3163 4516 3474 4572 linteamina
3555 4567 3558 4572 .

203 4619 373 4674 panes
403 4620 572 4668 meos,
623 4607 989 4676 magniﬁcavit
1026 4609 1310 4662 adversum
1343 4624 1427 4663 me
1468 4608 1788 4678 supplanta-
1818 4599 1866 4658 D
1893 4612 2213 4670 praeparant,
2264 4603 2316 4656 in
2356 4602 2553 4672 quibus
2583 4605 2769 4674 utique
2814 4605 3072 4662 Dominus
3107 4608 3344 4661 suaviter
3386 4623 3473 4662 re-

205 4693 405 4747 tiouem
437 4693 608 4766 (Psal.
641 4698 749 4765 XL).
790 4717 808 4746 1
845 4697 976 4750 Nam
1011 4707 1064 4752 et
1088 4698 1334 4753 Christus
1357 4713 1460 4752 non
1490 4699 1786 4768 incongrue

202 4793 362 4854 pater
390 4787 673 4851 asseritur,
723 4790 866 4845 sicut
895 4789 1162 4859 PrOpheta
1197 4798 1425 4843 testatur
1459 4806 1472 4842 :
1507 4808 1526 4842 1
1561 4788 1788 4844 Vocabi-

209 4883 314 4939 tur,
342 4877 534 4944 inquit,
574 4878 712 4932 Deus
770 4879 948 4944 fort's,
994 4890 1149 4949 pater
1189 4881 1353 4933 futuri
1401 4881 1605 4943 smculi,
1645 4881 1788 4950 prin-

207 4979 337 5034 ceps
395 4969 542 5037 pacis
589 4968 724 5038 Usa.
780 4972 880 5026 Ix).
918 4989 935 5021 1
972 4970 1076 5023 Iste
1109 4986 1237 5040 ergo
1290 4971 1485 5024 dicitur
1541 4971 1790 5040 princeps

203 5057 357 5125 pacis
383 5067 438 5111 et
467 5058 553 5111 ille
588 5075 688 5128 pax
726 5061 915 5129 patris.
954 5060 1049 5114 Cui
1092 5063 1279 5126 etiam,
1316 5061 1464 5116 Iuda:
1499 5063 1784 5125 videlicet,

205 5145 260 5199 in
323 5147 438 5215 ipso
488 5151 876 5216 persecutionis
923 5151 1152 5205 articulo
1195 5153 1343 5221 pacis
1393 5153 1634 5206 osculum
1683 5169 1789 5207 non

205 5237 426 5305 negavit
454 5238 668 5308 (1³11111111.
700 5240 874 5311 xxvi).
904 5240 1011 5295 Nec
1041 5241 1233 5295 mirum
1268 5244 1309 5296 si
1344 5240 1492 5298 Judze
1517 5244 1792 5300 traditoris

207 5328 445 5396 speciem
472 5329 706 5384 Absalou
739 5331 936 5397 ternuit,
966 5348 1124 5400 quem
1154 5348 1258 5386 non
1290 5333 1460 5386 solum
1511 5334 1562 5388 in
1613 5349 1793 5403 perse~

205 5421 424 5474 cutioue
457 5422 641 5486 David,
685 5424 778 5477 sed
809 5425 925 5493 ipso
966 5441 1177 5494 quoque
1215 5441 1411 5495 genere
1455 5443 1564 5481 sua:
1602 5428 1791 5482 mortis

205 5512 476 5579 expressit
505 5512 588 5579 (11
619 5514 745 5582 Reg.
781 5517 956 5582 xvm).
989 5515 1077 5569 Ille
1100 5517 1364 5584 siquidem
1395 5519 1640 5587 quercui,
1662 5519 1786 5572 dum

207 5601 443 5670 transire
470 5603 658 5668 vellet,
700 5606 948 5669 inluesit;
984 5606 1084 5660 iste
1129 5622 1186 5661 se
1235 5608 1458 5676 laqueo,
1512 5607 1791 5678 Scriptura

211 5699 464 5756 testante,
494 5695 792 5764 suspendit.
825 5695 892 5750 Ut
922 5698 1173 5765 quoniam
1216 5708 1442 5767 uterque
1486 5699 1792 5758 redundans

208 5781 441 5851 viperea:
473 5783 592 5839 felle
620 5789 871 5856 nequitia:
900 5797 951 5846 ct
979 5799 1118 5845 terra
1141 5792 1388 5862 indignus
1415 5801 1532 5847 erat
1556 5802 1608 5849 et
1629 5795 1786 5863 coelo,

1888 4692 2150 4760 quiescat.
2179 4691 2301 4747 [hac
2327 4694 2468 4747 enim
2499 4703 2625 4748 sunt
2651 4697 2959 4766 evangelica
2989 4697 3075 4749 illa
3112 4697 3432 4751 vestimenta
3453 4737 3468 4760 ,

1889 4797 2007 4851 qua:
2043 4783 2268 4851 apostoli
2295 4800 2457 4853 super
2495 4786 2701 4840 asinam
2755 4797 2959 4854 ponunt
2983 4797 3036 4840 et
3065 4786 3248 4841 Jcsu-m
3281 4787 3473 4841 sedere

1889 4871 2118 4941 desuper
2149 4871 2352 4926 faciunt
2381 4871 2594 4942 (Matth.
2644 4872 2778 4942 xxi).
2810 4873 2963 4940 Quod
3007 4884 3186 4928 autem
3230 4874 3478 4943 sequitur

1897 4980 1914 5012 1
1944 4964 2068 5031 quia
2099 4963 2365 5018 dederunt
2406 4962 2572 5017 David
2600 4965 2763 5018 etiam
2813 4980 2941 5018 vasa
2989 4965 3192 5028 ﬁctilia,
3237 4963 3478 5019 frumen-

1894 5060 2004 5106 tum
2033 5062 2086 5107 et
2108 5055 2390 5120 hordeum,
2439 5054 2691 5119 farinam,
2725 5065 2780 5110 et
2822 5056 3016 5121 fabam,
3069 5066 3123 5109 et
3169 5056 3391 5120 lentem,
3421 5065 3477 5109 et

1895 5143 2091 5199 frixum
2119 5146 2287 5210 cicer,
2333 5157 2386 5200 et
2439 5147 2560 5210 mel,
2609 5156 2662 5201 et
2715 5149 2989 5219 butyrum,
3039 5161 3166 5201 oves
3221 5148 3384 5201 etiam
3423 5154 3478 5201 et

1893 5235 2119 5305 pingues
2164 5235 2358 5289 vitulos
2404 5235 2487 5308 (ll
2517 5235 2641 5306 Reg.
2689 5239 2852 5307 xvn);
2889 5258 2906 5289 1
2958 5237 3199 5306 plurimm
3234 5237 3479 5291 ciborum

1897 5327 2105 5395 species
2163 5328 2360 5382 diversi
2412 5338 2534 5383 sunt
2590 5338 2900 5384 sanctorum
2958 5329 3233 5383 hominum
3280 5341 3476 5388 mores,

1897 5416 2091 5485 quibus
2147 5417 2402 5469 nimirum
2454 5419 2619 5472 David
2675 5435 2795 5472 cum
2847 5421 2959 5474 suis
3019 5418 3481 5474 commilitonibus

1899 5507 2166 5577 pascitur;
2201 5508 2325 5576 quia
2361 5509 2686 5580 Redemptor
2715 5524 2900 5567 uoswr
2953 5529 3074 5566 cum
3127 5511 3329 5566 sanctis
3371 5508 3484 5564 suis

1899 5598 2346 5668 rcctisjnstorum
2375 5602 2626 5669 operibus
2656 5601 2802 5656 velut
2829 5604 3073 5658 esuriens
3102 5603 3368 5672 epulatur.
