4078 5382
544 423 683 480 H07

1139 492 1367 594 CAi’UT
1407 538 1520 593 XII.

663 631 730 687 In
758 629 976 702 epistola
997 630 1068 684 at
1097 631 1413 702 Alben’eum,
1441 632 1495 683 in
1522 646 1624 702 quo
1654 645 1809 699 super
1833 628 2008 684 decem

981 701 1360 772 quwstiouibus
1391 700 1684 771 respondet.

615 836 633 870 ι
674 816 800 874 Fuit
830 826 1010 874 autem
1042 818 1114 873 ibi
1148 814 1391 889 praelium
1420 814 1719 888 dispersum
1742 831 1905 887 super
1930 810 2123 871 faciem

538 916 720 977 terrai,
769 919 826 968 et
867 908 1038 967 multo
1089 911 1270 983 plures
1312 920 1492 978 erant,
1534 927 1670 983 quos
1715 915 2126 983 consumpserat

538 1002 709 1059 saltus
741 1002 809 1058 de
834 993 1050 1074 populo,
1084 1018 1245 1073 quam
1304 1004 1358 1058 hi
1408 1018 1544 1074 quos
1593 1011 1875 1056 voraverat
1918 1002 2125 1073 gladius

535 1095 626 1167 (II
652 1095 778 1165 Reg.
810 1095 983 1165 xvm).
1023 1115 1041 1147 ι
1071 1094 1146 1148 De
1188 1111 1294 1165 qua
1337 1095 1602 1150 sententia
1643 1095 1697 1149 in
1730 1093 1866 1148 libro
1899 1092 2123 1149 Hebrai-

537 1200 730 1239 carum
769 1185 1129 1255 qumstionum
1170 1185 1284 1239 haec
1325 1182 1384 1238 Β.
1420 1182 1732 1255 Hieronymi
1761 1183 1924 1237 verba
1955 1190 2122 1237 sunt:

535 1277 747 1332 Saltem
780 1277 955 1343 hunc,
987 1278 1184 1347 inquit,
1211 1278 1302 1347 qui
1330 1278 1509 1349 plures
1530 1277 1930 1347 consumpsisse
1964 1291 2124 1346 quam

535 1368 748 1438 gladius
770 1384 988 1423 vorasse
1015 1369 1228 1439 legitur,
1269 1370 1470 1425 bestias
1515 1368 1898 1431 ferocissimas,
1930 1383 2049 1438 quae
2071 1366 2125 1421 in

535 1460 677 1516 saltu
707 1470 883 1522 erant,
923 1460 1133 1516 llcbrmi
1176 1471 1481 1528 autumant,
1504 1478 1533 1517 a
1558 1462 1753 1533 quibus
1783 1462 1966 1532 plures
1997 1477 2127 1517 con-

535 1553 735 1623 sumpti
785 1567 947 1623 quam
987 1568 1015 1606 a
1044 1552 1221 1623 gladio
1264 1555 1434 1608 vorati
1481 1552 1701 1609 fuerint.
1761 1555 1958 1609 Verum
1996 1553 2082 1607 hic
2109 1595 2123 1616 ,

536 1653 596 1697 ut
626 1645 842 1708 dicitur,
872 1644 1219 1700 llebrmorum
1253 1646 1354 1699 fuit
1393 1645 1719 1702 intellectus.
1752 1645 1917 1701 Nobis
1944 1656 2123 1700 autem

533 1735 747 1791 \idetur
778 1737 903 1807 quia
936 1737 1121 1793 vesani
1175 1739 1399 1810 quique,
1450 1750 1504 1795 et
1549 1739 1818 1804 infruniti,
1871 1740 1961 1811 qui
1999 1755 2124 1795 cum

532 1824 768 1883 Absalon
799 1826 1193 1896 perduelliones
1218 1830 1560 1893 etstiterant,
1582 1829 1693 1884 Deo
1716 1830 1999 1886 deserente
2022 1847 2126 1885 ca:-

1429 423 1929 482 COLLECTANEA
1958 423 2023 478 IN
2065 423 2294 481 VETUS
2334 420 2878 480 TESTAMENTUM.

2151 542 2201 599 Α
2233 535 2450 591 Dicebat
2479 534 2624 590 enim
2652 531 2913 588 Berzellai
2964 533 3077 601 regi
3124 550 3137 585 :
3180 531 3294 587 Cur
3333 545 3523 587 servus
3567 540 3693 588 tuus
3740 534 3821 590 sit

3669 422 3815 478 H08

2227 625 2381 683 oneri
2418 626 2637 680 domino
2664 636 2787 677 meo
2807 622 2963 694 regi?
2991 622 3266 693 paululum
3299 625 3587 691 procedam
3639 623 3821 678 famu-

2228 717 2313 774 lus
2342 726 2464 773 tuus
2491 716 2560 771 ab
2583 713 2818 770 Jordane
2848 722 3046 781 tecum,
3087 728 3190 771 nec
3208 713 3425 784 indigeo
3470 714 3571 769 hac
3596 714 3816 772 vicissi-

2231 810 2507 892 iUdit'et‘r
2710 888 2717 893 ἢ
2762 883 2771 889 -
2818 886 2855 892 Μ
3105 834 3198 854 κιο·
3514 838 3563 856 -κ

2299 902 2463 984 Cujus
2517 903 2744 982 figuram
2794 918 2981 968 tenent
3031 904 3120 982 qui
3152 902 3420 983 spirituali
3450 906 3702 979 cuiquam
3735 903 3818 964 vi-

2229 1021 2291 1062 ro
2344 1021 2572 1076 seseque
2604 1008 2670 1063 ad
2704 1007 2893 1061 altiora
2933 1005 3286 1076 provocanti,
3326 1004 3482 1073 quasi
3537 1002 3821 1057 humiliter

2228 1097 2523 1153 decantant
2550 1098 2907 1154 :Peccatores
2930 1097 3146 1166 quidem
3176 1110 3363 1151 sumus
3385 1093 3609 1160 tibique,
3634 1102 3818 1162 pater,

2228 1188 2688 1259 obtemperamus,
2745 1189 2838 1244 sed
2882 1186 3230 1242 districtioris
3281 1184 3512 1239 instituti
3569 1181 3816 1263 regulam

2229 1295 2449 1336 servare
2477 1295 2580 1334 non
2606 1292 2924 1349 possumus;
2960 1276 3162 1331 infirmi
3214 1289 3401 1330 sumus
3459 1281 3514 1328 et
3569 1272 3814 1342 fragiles,

2227 1382 2390 1441 atque
2415 1373 2536 1427 ideo
2567 1370 2760 1425 melius
2792 1369 3098 1438 judicamus
3148 1367 3247 1423 sub
3270 1366 3373 1422 levi
3410 1380 3507 1422 nos
3538 1365 3685 1419 fasce
3729 1365 3818 1417 in-

2228 1466 2429 1537 glorios
2467 1474 2742 1533 utcunque
2789 1464 2973 1518 vivere
3011 1476 3172 1530 quam
3224 1460 3325 1515 sub
3374 1459 3554 1530 gravis
3586 1458 3822 1513 sarciute

2227 1558 2467 1626 pondere
2498 1554 2648 1624 quasi
2697 1554 2864 1609 fortes
2907 1553 3151 1608 interire.
3195 1549 3330 1604 Nam
3373 1557 3429 1604 et
3475 1547 3616 1619 quod
3669 1544 3819 1600 idem

2229 1648 2491 1703 Berzellai
2524 1646 2773 1714 superius
2794 1646 3023 1709 dixerat,
3060 1645 3127 1699 ab
3155 1643 3380 1697 istorum
3403 1640 3678 1696 interioris
3711 1639 3815 1695 ho-

2228 1738 2389 1792 minis
2411 1736 2563 1791 seniu
2592 1752 2701 1790 non
2731 1735 3046 1790 discordat:
3083 1753 3102 1785 ‹
3124 1734 3267 1802 Quot
3300 1742 3446 1800 sunt,
3475 1735 3672 1805 inquit,
3697 1733 3819 1788 dies

2228 1841 2494 1883 annorum
2548 1826 2673 1879 vita:
2712 1840 2876 1889 meae,
2931 1832 2989 1877 ut
3037 1823 3328 1878 ascendam
3381 1838 3506 1878 eum
3572 1837 3698 1893 rege
3760 1823 3821 1876 in

530 1918 658 1980 cati,
686 1917 924 1974 arbustis
953 1921 1369 1975 occurrentibus
1402 1921 1790 1993 impingebant,
1815 1931 1975 1991 atque
2002 1923 2123 1978 ideo
2157 1905 2196 1961 Β
2228 1918 2611 1975 Hierusalem?
2644 1938 2662 1970 ι
2693 1928 2746 1972 et
2786 1915 3021 1985 adjecit:
3065 1934 3084 1966 ι
3127 1913 3380 1983 Nunquid
3420 1914 3602 1984 vigent
3620 1926 3822 1967 sensus

541 2007 760 2063 dicatur
777 2010 902 2081 quia
934 2008 1117 2082 plures
1141 2011 1436 2066 ceciderint
1464 2011 1605 2066 saltu
1630 2013 1979 2067 consumente
2005 2028 2128 2081 pcr-

529 2100 695 2169 etnpti
735 2114 898 2170 quam
940 2102 990 2156 hi
1024 2103 1117 2175 qui
1169 2103 1373 2159 fuerint
1412 2103 1590 2174 gladio
1626 2104 1931 2159 trucidanle
1968 2121 2128 2158 vora-

531 2189 592 2244 ti.
619 2192 771 2259 Quod
809 2193 885 2247 ita
928 2194 1126 2256 debere
1168 2195 1391 2267 intelligi
1423 2211 1527 2251 non
1589 2197 1910 2269 ambigitur,
1939 2194 1983 2251 si
2013 2182 2126 2266 ipsa

531 2284 655 2357 styli
705 2287 1091 2359 consequentia
1157 2288 1238 2342 vel
1284 2288 1731 2359 superficietenus
1782 2291 2125 2347 attendatur.

530 2370 667 2430 Nam
724 2388 1007 2445 poStquam
1057 2379 1336 2446 prazmitlit
1386 2397 1397 2434 :
1446 2398 1463 2431 ι
1526 2379 1689 2434 Multo
1744 2379 1924 2449 plures
1972 2392 2128 2436 erant

533 2479 670 2533 quos
710 2465 879 2520 saltus
907 2478 1317 2537 consumpserat
1339 2468 1404 2523 de
1445 2470 1640 2540 populo
1681 2486 1844 2542 quam
1892 2472 1946 2527 hi
1994 2488 2128 2542 quos

533 2560 823 2612 voravcral
873 2559 1080 2628 gladius
1130 2561 1180 2617 in
1226 2559 1313 2614 die
1361 2560 1480 2627 illa;
1524 2582 1542 2612 ι
1582 2574 1780 2634 praesto
1811 2562 2123 2635 subjungit:

540 2666 559 2698 ι
592 2648 804 2703 Accidit
838 2662 1018 2705 autem
1056 2662 1116 2706 ut
1176 2662 1492 2708 occurreret
1536 2654 1773 2711 Absalon
1821 2658 1993 2712 servis
2026 2657 2131 2711 Da-

536 2740 629 2795 vid
659 2741 856 2797 sedens
880 2742 933 2803 in
967 2744 1142 2809 mulo;
1167 2759 1400 2819 cumque
1429 2747 1705 2817 ingressus
1734 2746 1922 2804 fuisset
1951 2748 2129 2806 mulus

532 2832 727 2887 subter
765 2833 1094 2890 condensam
1147 2849 1410 2905 quercum
1442 2846 1497 2892 et
1550 2853 1841 2909 magnam,
1902 2840 2129 2895 adhaesit

488 2928 489 2931 “
532 2932 698 2994 caput
723 2923 838 2994 ejus
867 2927 1116 2996 quercui,
1155 2939 1231 2994 et,
1265 2928 1355 2983 illo
1384 2944 1652 3000 suspenso
1679 2931 1821 2985 inter
1848 2931 2047 2988 coelum
2075 2940 2131 2988 et

531 3027 761 3084 terram,
792 3016 969 3075 mulus
1005 3020 1090 3074 cui
1121 3018 1394 3075 insederat
1422 3021 1745 3090 pertransiit
1771 3021 1988 3093 (Ibid).
2027 3042 2046 3075 ι

1139 3109 1370 3169 CAPUT
1409 3111 1543 3169 Xlll.

660 3198 729 3259 In
752 3202 973 3273 epistqu
1005 3203 1075 3257 ad
1105 3201 1175 3257 D.
1199 3203 1459 3273 abbatem,
1480 3222 1598 3276 qua:
1623 3206 1783 3277 paulo
1812 3224 1993 3280 supra.

612 3312 631 3346 ι
664 3293 926 3351 Bcrzcllai
951 3293 1262 3352 Galaaditcs
1299 3311 1465 3353 senex
1491 3298 1666 3367 valde,
1695 3300 1747 3354 id
1775 3309 1877 3366 est,
1909 3309 2127 3370 octoge-

534 3386 746 3452 uarius,
768 3396 829 3443 ut
854 3401 1010 3443 sacra
1039 3396 1271 3445 testatur
1302 3390 1901 3456 historia,descendens
1926 3395 1990 3448 de
2017 3392 2125 3448 Βο-

535 3479 719 3549 gelim,
744 3481 1054 3536 transduxit
1086 3494 1267 3550 regem
1301 3480 1469 3537 David
1511 3481 1835 3547 Iordanem;
1865 3485 1951 3539 cui
1985 3500 2079 3538 rex
2109 3502 2121 3538 :

535 3568 695 3634 Veni,
734 3568 929 3638 inquit,
974 3579 1034 3624 ut
1078 3570 1391 3640 requiescas
1424 3587 1634 3627 mecum
1674 3573 1725 3627 in
1766 3573 2122 3629 Hierusalem.

533 3658 630 3713 Ille
654 3669 835 3714 autem
861 3674 1118 3725 renuens,
1155 3662 1562 3716 excusationem
1609 3663 1908 3718 senectutis
1932 3663 2125 3717 obten—

536 3750 638 3815 dit,
671 3758 755 3814 et,
786 3750 977 3806 relicto
1006 3766 1153 3822 rege,
1187 3766 1312 3807 mox
1358 3754 1424 3806 ad
1471 3753 1688 3822 propria
1724 3755 1999 3823 repedavit
2031 3752 2126 3822 (ll

536 3837 669 3911 Reg.
707 3844 843 3912 xxx).
884 3859 903 3894 ι
941 3839 1081 3897 Sunt
1106 3857 1342 3912 namque
1372 3843 1616 3898 nonnulli
1668 3845 1759 3913 qui
1794 3860 1973 3916 regem
2022 3846 2126 3899 Da-

539 3935 653 3999 vid,
685 3935 790 3990 hoc
812 3945 894 3990 est
926 3933 1270 3992 Salvatorem
1302 3947 1548 3992 nostrum
1592 3947 1901 4008 sequentes,
1931 3937 2126 3993 Jorda-

536 4027 625 4082 nis
656 4026 858 4084 lluetita
886 4032 1292 4094 transmittunt;
1324 4030 1430 4084 hoc
1463 4038 1568 4094 est,
1601 4030 1683 4083 vel
1715 4029 1966 4100 baptismi
2004 4046 2128 4084 sus-

536 4117 743 4185 cipiunt
774 4116 935 4188 198
957 4128 1379 4184 sacramentum,
1410 4119 1516 4181 vel,
1542 4119 1687 4189 quod
1729 4120 2023 4175 secundum
2045 4129 2129 4175 est

534 4204 831 4270 lavacrum,
865 4209 1133 4278 arripiunt
1160 4208 1440 4278 spirituale
1464 4208 1967 4278 propositum.Nam
2001 4209 2127 4279 quia

540 4300 596 4354 in
628 4299 863 4356 Iordane
901 4310 1093 4355 auctor
1134 4302 1385 4371 baptismi
1415 4301 1663 4356 Christus
1688 4312 1774 4357 est
1820 4302 2129 4372 baptizatus

540 4390 759 4461 (Matth.
809 4393 915 4462 ut),
946 4403 1094 4447 recte
1142 4410 1237 4463 per
1289 4410 1411 4450 eum
1453 4394 1770 4464 intelligitur
1809 4394 2128 4465 baptismus.

541 4483 653 4539 Sed
674 4484 731 4540 hi
755 4494 903 4538 veste
936 4486 1169 4547 variata,
1200 4502 1306 4539 non
1338 4493 1543 4549 mente,
1567 4485 1813 4539 habitum
1846 4486 2126 4548 mutando,

544 4588 655 4629 non
692 4573 962 4635 animum,
992 4574 1059 4627 ad
1088 4574 1345 4642 pristinos
1376 4573 1602 4627 redeunt
1626 4589 1806 4627 mores
1826 4582 1880 4627 et
1907 4573 2130 4627 sa'eula-

541 4679 634 4718 res
667 4672 920 4735 repetunt
949 4665 1222 4729 actiones;
1261 4671 1316 4718 et
1353 4663 1480 4732 quia
1511 4674 1784 4732 nequeunt
1820 4680 1850 4718 a
1884 4664 2128 4734 negotio-

539 4771 663 4809 rum
693 4755 1034 4811 saacularium
1061 4755 1465 4825 perturbatione
1503 4755 1806 4824 quiescere,
1843 4755 2030 4809 nolunt
2072 4756 2133 4812 in,

540 4847 904 4911 Hierusalem,
947 4848 1047 4902 hoc
1092 4858 1175 4901 est
1217 4847 1269 4900 in
1294 4847 1499 4901 visione
1531 4848 1681 4916 pacis
1724 4848 1969 4903 habitare
2003 4863 2127 4903 cum

541 4954 698 5009 rege;
730 4954 891 4993 senes
918 4939 1060 4994 enim
1092 4949 1239 5003 sunt,
1263 4949 1317 4994 et
1340 4940 1649 5005 inveterati,
1678 4948 1840 5009 atque
1885 4939 2003 4993 ideo
2033 4955 2130 4995 ne-

2229 2010 2332 2066 mei
2364 2009 2430 2065 ad
2458 2007 2872 2062 discernendum
2914 2021 3081 2061 suave
3109 2014 3164 2059 ct
3212 2005 3493 2058 amarum?
3536 2015 3631 2058 aut
3672 2002 3822 2057 dele-

2228 2114 2376 2157 cmre
2405 2108 2581 2171 potest
2604 2114 2819 2153 servum
2852 2107 2998 2151 tuum
3021 2096 3194 2155 cibus.
3220 2104 3273 2149 et
3295 2094 3485 2165 potus?
3512 2093 3597 2147 vel
3619 2092 3816 2147 audire

2226 2208 2445 2265 possum
2481 2206 2666 2247 vocem
2691 2198 2971 2245 cantorum
3003 2199 3058 2243 et
3095 2186 3452 2243 eantatricnm
3474 2186 3536 2239 ‘h
3572 2183 3662 2256 (ΙΙ
3688 2182 3816 2253 Reg.

2228 2286 2366 2359 xu.)
2410 2284 2691 2341 Veraciter
2738 2283 2884 2338 enim
2934 2281 3119 2336 talium
3174 2279 3450 2335 hominum
3499 2290 3692 2332 sensus
3730 2276 3820 2328 in-

2230 2379 2500 2431 trinsecus
2524 2375 2701 2431 obtusi
2732 2383 2875 2432 sunt,
2909 2372 3033 2442 quia
3083 2369 3384 2441 spiritualia
3434 2368 3630 2423 mentis
3677 2370 3820 2421 edn-

2229 2471 2320 2534 lia,
2345 2468 2427 2522 vel
2468 2468 2675 2522 intinue
2703 2465 3048 2534 jubilationis
3079 2477 3282 2532 organa
3325 2477 3431 2516 non
3466 2460 3821 2522 discernunt;

2228 2576 2335 2615 non
2364 2558 2507 2613 enim
2536 2558 2616 2612 eis
2639 2556 2780 2624 sapit
2813 2556 2964 2610 cibus
2988 2554 3075 2609 ille
3101 2554 3365 2617 cwlestis,
3391 2553 3457 2607 ad
3486 2566 3647 2620 quem
3680 2550 3818 2606 Pro-

2228 2650 2386 2721 pheta
2409 2647 2718 2719 spirituales
2739 2647 2997 2702 convivas
3027 2646 3219 2700 invitat
3249 2662 3262 2698 :
3295 2663 3315 2694 σ
3342 2643 3591 2705 Gustate.
3616 2641 3818 2711 inquit,

2228 2754 2284 2799 et
2313 2743 2489 2797 videte
2510 2741 2764 2812 quoniam
2790 2740 2973 2793 suavis
2989 2746 3071 2792 est
3086 2738 3348 2793 Dominus
3371 2734 3550 2805 (Paul.
3566 2733 3778 2802 sum).
3794 2751 3817 2783 ι

2228 2831 2337 2887 Nec
2367 2831 2456 2886 illa
2505 2831 2687 2886 fauces
2722 2844 2909 2885 eorum
2943 2827 3100 2882 mella
3131 2827 3487 2890 discernunt,
3527 2825 3594 2879 de
3621 2822 3825 2893 quibus

2229 2923 2451 2977 aiebat:
2484 2940 2502 2973 ι
2539 2920 2712 2988 Quam
2762 2919 2938 2975 dulcia
2990 2917 3238 2972 faucibus
3263 2917 3402 2971 meis
3444 2914 3657 2984 eloquia
3700 2921 3823 2976 tua,

2227 3013 2476 3076 Domine,
2504 3025 2666 3082 super
2695 3009 2799 3065 mel
2821 3019 2875 3064 et
2901 3007 3080 3063 favum
3096 3008 3179 3063 ori
3197 3005 3347 3060 meo!
3374 3024 3391 3056 ι
3413 3001 3819 3075 (Putem-ru.)

2228 3102 2467 3158 Necdum
2490 3102 2558 3157 ad
2583 3101 2710 3156 illud
2738 3099 3027 3170 Sapientiae
3050 3096 3377 3153 discubuere
3395 3094 3728 3155 convivium,
3752 3092 3822 3145 de

2228 3211 2336 3267 qtto
2368 3196 2420 3249 in
2443 3194 2582 3250 libro
2610 3191 3032 3248 Proverbiorum
3073 3189 3317 3247 dicitur:
3356 3207 3374 3239 ι
3412 3186 3547 3254 Quia
3603 3184 3821 3253 sapien-

2232 3289 2302 3340 tia
2326 3283 3057 3345 immolavitvictimassuas,
3091 3279 3309 3334 miscuit
3345 3277 3533 3331 vimnu
3582 3283 3638 3331 et
3693 3286 3821 3343 pro-

2229 3379 2414 3452 posuit
2466 3391 2711 3433 mensam
2757 3389 2933 3431 suam.
2969 3391 2988 3425 ι
3038 3371 3139 3428 Ubi
3184 3379 3241 3425 et
3291 3369 3583 3439 sequitur:
3621 3383 3641 3416 ι
3675 3362 3826 3420 Misit

2228 3472 2452 3529 ancillas
2475 3487 2603 3528 suas
2630 3478 2689 3525 ut
2714 3475 2976 3524 vocarent
3028 3467 3095 3521 ad
3145 3478 3346 3529 arcem,
3403 3471 3459 3517 et
3498 3461 3565 3515 ad
3614 3456 3825 3513 mmnia

2227 3560 2738 3624 eivitatisﬂ’enite,
2768 3559 3037 3616 comedite
3083 3571 3277 3628 panem
3331 3568 3535 3618 meum,
3563 3559 3619 3605 et
3645 3550 3821 3605 bibite

2228 3653 2436 3715 vinum,
2480 3650 2626 3720 quod
2672 3649 2861 3704 miscui
2911 3648 3064 3703 vobis
3119 3644 3304 3716 (Prov.
3354 3644 3456 3707 Ix).
3491 3663 3509 3695 ι
3548 3641 3612 3695 1Ιί
3653 3654 3819 3694 voces

2227 3747 2390 3802 etiam
2442 3751 2728 3800 cantorum
2759 3753 2814 3798 et
2860 3740 3221 3797 cantatricum
3264 3752 3370 3809 non
3419 3734 3665 3797 audiunt,
3689 3732 3812 3801 quia

2227 3850 2346 3905 qua:
2373 3843 2684 3890 sanctorum
2714 3842 3035 3902 martyrum,
3062 3843 3180 3898 qua:
3208 3834 3517 3882 sanctarum
3545 3821 3813 3892 virginum

2228 3936 2353 3981 ante
2380 3926 2546 3980 Deum
2569 3923 2762 3994 jubilet
2784 3921 3079 3977 modulatio
3112 3917 3421 3973 nullatenus
3458 3912 3814 3982 comprehenc

2229 4021 2382 4073 dunt.
2408 4017 2543 4071 Nam
2589 4017 2714 4086 quia
2758 4012 3051 4069 carnaliter
3090 4016 3474 4065 conversantes
3519 4003 3586 4058 ad
3636 4000 3816 4057 Domi-

2229 4129 2359 4166 num
2387 4107 2857 4180 contemplationis
2905 4106 3070 4159 corda
3120 4117 3229 4157 non
3286 4099 3523 4162 elevant,
3578 4092 3817 4149 caelestis

2230 4202 2528 4257 harmoniae
2580 4197 2827 4253 modulos
2859 4203 2914 4251 et
2944 4191 3223 4249 mellilluas
3254 4187 3484 4261 angelici
3519 4190 3818 4241 concentus

2231 4293 2525 4349 suavitates
2555 4291 2824 4361 ignorant.

2304 4383 2457 4439 Unde
2496 4398 2602 4435 non
2657 4379 2931 4435 immerito
2980 4391 3144 4432 senex
3194 4372 3283 4428 ille
3335 4367 3598 4426 Berzcllai
3648 4364 3821 4420 fuisse

2232 4476 2429 4532 dicitur
2456 4476 2521 4529 de
2546 4473 2806 4542 Regelim,
2837 4470 2979 4542 quod
3032 4464 3379 4535 interpretari
3410 4461 3613 4516 dicitur
3636 4456 3819 4528 pedes.

2233 4566 2520 4620 Pedestres
2550 4564 2696 4617 enim
2732 4561 2866 4616 tales
2900 4557 3200 4619 ambulant,
3242 4563 3297 4608 et
3339 4551 3595 4623 quoniam
3632 4563 3663 4601 a
3705 4556 3816 4600 ter-

2237 4656 2398 4728 199
2425 4670 2565 4710 rente
2590 4651 3020 4709 conversationis
3047 4648 3242 4702 itinere
3272 4660 3332 4700 se
3360 4639 3693 4713 suspendere
3718 4652 3821 4692 ne-

2231 4748 2428 4810 sciunt,
2467 4746 2532 4801 ad
2559 4740 3060 4815 comprehendenda
3092 4738 3329 4794 coalestis
3351 4729 3815 4789 meloditecantica

2230 4854 2337 4894 non
2351 4846 2659 4908 assurgunt,
2678 4834 3017 4891 uoluntenim
3035 4829 3355 4900 nisipeditcs
3372 4819 3822 4893 semperincedeo

2232 4946 2291 4984 re
2308 4939 2469 4998 atque
2497 4929 2617 4982 ideo
2632 4933 2906 4996 nequeunt
2922 4923 3028 4976 alta
3045 4919 3389 4990 jubilationis
3402 4916 3609 4971 intima:
3622 4910 3816 4982 gaudia

2232 5026 2518 5048 nnc\nlnr\.o
2601 5014 2659 5048 ιῗι
2721 5014 2977 5048 ηηηηῖιιηι
3039 5010 3238 5048 και-ν’ρηί
3291 5015 3443 5048 and":
3524 5005 3575 5048 in
3621 5001 3818 5048 auibus
