4052 6312
264 416 400 477 “09

250 623 333 677 Ad
362 637 524 692 quam
547 621 804 676 duritiam
828 623 1064 691 pertinet
1094 622 1239 692 quod
1271 623 1411 677 idem
1455 638 1671 693 quoque
1703 623 1844 694 Ber-

253 710 410 766 zelai
452 710 651 780 ferrum
684 727 854 765 meum
907 711 1254 781 interpretari
1308 713 1525 767 dicitur.
1576 712 1714 778 Quid
1761 721 1845 767 est

255 806 446 860 durius
476 802 657 858 ferro?
689 813 743 859 et
787 806 916 872 quid
958 805 1283 861 obstinatius
1331 806 1494 860 corde
1543 805 1843 875 perverso?

262 914 280 948 ι
313 897 371 951 In
400 894 717 949 malevolam
749 895 894 948 enim
927 896 1165 949 animam
1189 912 1464 966 nunquam
1491 897 1735 951 introibit
1756 911 1842 951 sa-

254 985 460 1057 pientia
497 985 646 1058 (Sap.
675 988 738 1057 ι).
774 1005 792 1037 ι
839 985 906 1040 Et
938 1001 1176 1057 congrue
1207 986 1412 1042 ferrum
1452 1004 1656 1052 meum,
1687 988 1843 1056 quasi

254 1075 326 1130 de
356 1091 417 1130 se
446 1074 675 1144 quilibet
703 1077 864 1131 homo
895 1077 1064 1132 durus
1096 1087 1151 1132 et
1203 1079 1510 1132 obstinatus
1541 1079 1692 1144 dicit,
1716 1078 1842 1147 quia

256 1167 386 1222 dum
416 1168 608 1222 statuit
639 1167 693 1222 in
724 1170 944 1238 propria
973 1183 1322 1239 perseverare
1351 1171 1564 1236 duritia,
1614 1172 1667 1226 in
1707 1187 1838 1227 con-

253 1257 380 1315 silia
405 1273 465 1313 se
487 1274 762 1328 nunquam
799 1260 1018 1330 projieit
1058 1261 1257 1325 aliena,
1301 1271 1358 1316 et
1399 1262 1525 1332 quia
1557 1263 1762 1333 rigidus
1787 1271 1845 1318 et

257 1345 564 1402 inﬂexibilis
595 1349 662 1403 ad
691 1349 964 1406 caelestem
991 1350 1325 1406 Hierusalem
1357 1367 1478 1406 cum
1521 1353 1690 1407 David
1719 1367 1845 1420 rege

256 1456 364 1494 non
397 1441 661 1508 graditur,
686 1442 752 1496 de
773 1443 857 1496 via
887 1457 1048 1512 quam
1094 1453 1331 1513 cmperat
1384 1461 1508 1500 cum
1557 1446 1842 1512 Berzellai,

255 1531 326 1586 ad
357 1538 558 1584 terram
591 1529 823 1598 Madian,
854 1532 954 1589 hoc
983 1542 1088 1600 est,
1123 1533 1189 1588 ad
1221 1533 1342 1589 vita:
1379 1536 1576 1591 veteris
1613 1537 1844 1607 primor-

253 1621 345 1684 dia
375 1631 679 1681 revocatur.

847 1721 1078 1778 CAPUT
1117 1720 1256 1777 XIV.

777 1810 844 1866 1η
872 1815 1052 1868 eadem
1083 1813 1323 1884 epistola.

1539 420 1607 476 IN
1649 422 1777 478 LlB.
1818 423 1858 478 ll
1902 421 2166 480 REGUM.

249 528 514 601 pcr.inaci
542 529 880 584 secularium
929 530 1267 600 negotiorum
1303 531 1488 602 vigore
1521 529 1835 585 durescunt.
1873 543 1918 598 Α
1953 588 1962 600 _

3391 415 3533 474 illo

2527 527 2756 585 CAPUT
2795 525 2932 582 XVI.

2461 618 2528 673 1η
2554 619 2735 673 eadem
2767 618 3006 688 epistola.

2024 731 2041 763 ι
2078 710 2324 765 Tertium
2350 724 2564 780 quoque
2593 709 2695 765 fuit
2718 710 2914 765 bellum
2942 710 2994 764 in
3025 708 3143 765 Cob
3174 716 3360 764 contra
3401 707 3529 765 Phi-

1944 802 2165 868 listzeos,
2198 804 2248 858 in
2274 819 2381 872 quo
2419 802 3023 872 pereussitAdeodatus
3060 802 3203 857 ﬁlius
3233 801 3406 857 saltus
3438 817 3533 872 po-

1945 895 2234 950 limitarius
2277 893 2665 949 Bethleemitcs
2719 892 2936 948 Goliath
2986 893 3253 948 Getbcum
3281 891 3365 963 (II
3399 891 3528 963 Reg.

1943 989 2079 1058 XXI).
2119 1007 2136 1039 ι
2159 986 2310 1054 Quod
2345 987 2598 1040 nimirum
2631 984 2787 1041 facile
2810 985 3220 1056 valctintelligi.
3249 984 3383 1039 Nam
3417 985 3536 1040 Gob

1945 1081 2338 1150 interpretatur
2387 1078 2557 1133 lacus.
2611 1079 2677 1132 Et
2707 1079 2848 1133 sicut
2879 1077 3217 1148 periclitatur
3247 1077 3338 1146 qui
3380 1081 3432 1130 iu
3463 1076 3537 1129 la-

1947 1187 2069 1226 cum
2099 1171 2314 1225 leonum
2351 1170 2616 1236 mittitur,
2656 1170 2735 1224 sic
2760 1169 2926 1225 David
2949 1173 3102 1238 quasi
3130 1169 3300 1224 leonis
3325 1184 3382 1223 se
3405 1168 3540 1222 dena.

1947 1262 2090 1317 tibus
2114 1261 2356 1328 tradidit,
2380 1277 2504 1316 cum
2529 1262 2581 1316 in
2613 1262 2819 1316 rabiem
2861 1261 3077 1315 Goliatb
3106 1276 3164 1316 se
3193 1260 3537 1330 praeliaturus

1945 1356 2235 1413 immersit.
2258 1357 2404 1411 idem
2434 1355 2599 1411 David
2629 1355 2940 1411 Adeodatus
2975 1353 3097 1424 jure
3130 1355 3356 1419 dicitur;
3400 1367 3537 1422 quo-

1947 1448 2096 1502 niam
2130 1463 2157 1500 a
2188 1448 2299 1502 Deo
2325 1456 2407 1501 est
2442 1445 2647 1502 electus
2685 1446 2737 1500 in
2771 1460 3016 1516 regnum.
3049 1444 3150 1511 Qui
3189 1446 3353 1500 etiam
3395 1444 3538 1499 illius

1947 1541 2119 1596 saltus
2143 1549 2390 1604 vocatur,
2427 1538 2556 1608 quia
2595 1539 2662 1592 de
2699 1539 2916 1610 pascuis
2962 1538 3238 1602 saltuum,
3271 1536 3362 1591 ubi
3410 1551 3540 1592 oves

1946 1633 2150 1696 alebat,
2190 1631 2419 1686 eductus
2477 1633 2808 1700 agnoscitur.
2861 1629 2972 1685 Nec
3019 1631 3136 1685 sine
3183 1644 3351 1684 causa
3395 1629 3538 1684 idem

1947 1728 2120 1783 David
2158 1725 2526 1797 polimitarius
2555 1725 2788 1791 dicitur;
2822 1726 2948 1794 quia
2990 1733 3166 1778 mater
3186 1723 3302 1793 ejus
3340 1721 3407 1778 de
3446 1738 3540 1792 ge-

1951 1835 2080 1876 nere
2110 1819 2387 1875 Beselehel
2423 1817 2653 1882 exstitit,
2680 1817 2770 1887 qni
2799 1816 3206 1872 tabernaculum
3237 1813 3460 1868 fmderis
3487 1812 3545 1865 in

332 1923 354 1956 ί
384 1903 629 1975 cumque
657 1902 895 1959 νθιιίδδθῑ
915 1919 1011 1958 rex
1042 1904 1210 1960 θυνῖά
1239 1905 1292 1958 δη
1328 1904 1690 1966 Hierusalem.
1727 1903 1848 1958 lum
1882 1903 1922 1962 Β
1951 1912 2169 1968 deserto
2197 1910 2527 1976 construxit,
2561 1911 2613 1964 in
2644 1926 2750 1980 quo
2783 1909 2946 1964 etiam
2971 1907 3224 1963 nonnulla
3269 1906 3542 1977 polimita-

257 1998 447 2054 decem
486 1997 818 2053 coucnhinas
845 2013 994 2063 suas,
1017 1983 1155 2068 quas
1202 1999 1499 2068 reliquerat
1545 1999 1613 2053 ad
1664 2006 1848 2053 custo-

258 2090 516 2147 diendam
542 2091 760 2146 domum
784 2099 838 2145 et
875 2090 1096 2145 tradidit
1127 2106 1222 2146 eas
1273 2091 1328 2145 in
1379 2093 1712 2156 custodiam;
1749 2105 1847 2145 nec

257 2193 343 2239 est
388 2185 666 2255 ingressus
713 2182 780 2236 ad
829 2199 944 2246 eas,
1009 2184 1294 2238 sederant
1340 2183 1536 2238 clausa:
1567 2196 1737 2251 usque
1780 2182 1848 2236 ad

256 2276 400 2332 diem
425 2277 618 2332 mortis
645 2292 758 2332 suae
782 2277 1117 2344 inviduitate
1141 2277 1382 2331 viventes
1412 2274 1493 2347 (II
1527 2274 1655 2346 Reg.
1694 2274 1841 2345 χή.»

256 2365 582 2424 Concubitus
611 2382 732 2437 quae
773 2384 880 2422 non
918 2377 1208 2439 sequentes
1256 2368 1425 2422 David
1465 2367 1686 2421 domum
1729 2381 1847 2420 ser-

258 2465 412 2524 vant,
443 2459 499 2514 hi
530 2468 657 2514 sunt
684 2460 775 2530 qui
809 2460 862 2514 in
885 2462 1084 2516 veteris
1125 2459 1284 2531 chis
1320 2458 1564 2514 custodia
1601 2471 1846 2528 perseve-

259 2562 402 2607 rant.
431 2551 507 2606 De
537 2551 732 2622 quibus
762 2551 1006 2622 profecto
1047 2551 1371 2607 concubinis
1391 2550 1627 2606 dicitur:
1661 2568 1679 2601 ι
1712 2548 1848 2615 Quia

259 2643 328 2699 de
356 2652 559 2700 caetero
579 2658 686 2698 non
708 2655 790 2699 est
815 2644 982 2699 David
1006 2645 1286 2716 ingressus
1307 2644 1373 2698 ad
1398 2659 1492 2700 eas
1522 2664 1534 2698 :
1561 2641 1667 2698 Sed
1695 2651 1851 2698 erant

258 2735 458 2793 clausae
489 2750 660 2805 usque
691 2735 746 2790 in
785 2735 926 2790 diem
950 2736 1141 2791 mortis
1169 2751 1281 2790 sum
1305 2735 1357 2789 in
1381 2735 1643 2790 viduitate
1667 2733 1852 2788 viven-

260 2838 363 2883 tes.
394 2846 412 2880 ι
445 2825 615 2882 Judaei
643 2826 800 2896 plane
835 2841 978 2882 [tunc
1002 2826 1171 2881 clausi
1211 2835 1341 2882 sunt
1381 2833 1436 2884 et
1481 2826 1534 2881 in
1583 2825 1851 2880 viduitate

259 2917 448 2974 vivunt
472 2916 728 2987 quoniam
745 2917 811 2971 ad
841 2917 1016 2971 virmn
1047 2930 1248 2972 saneta:
1276 2916 1530 2973 Ecclesia:
1553 2934 1660 2973 non
1693 2933 1850 2973 acce-

260 3007 421 3073 dunt,
452 3022 553 3063 nec
589 3009 654 3062 ad
683 3023 776 3063 eos
805 3007 1043 3064 caelestis
1094 3008 1184 3063 ille
1231 3007 1477 3079 Sponsus
1527 3008 1848 3079 ingreditur,

262 3101 387 3172 quia
421 3109 675 3171 tanquam
708 3101 1043 3156 mulierculis
1072 3116 1100 3155 a
1132 3101 1344 3156 diabolo
1365 3100 1671 3172 prostitutis
1692 3117 1851 3156 suum

260 3193 503 3262 praibete
529 3192 944 3248 contubernium
980 3192 1301 3263 dedignatur
1326 3193 1536 3262 eisque,
1567 3192 1690 3261 quia
1737 3191 1852 3261 pol-

261 3260 361 3335 luti
393 3289 521 3336 sunt
550 3296 646 3352 per
679 3281 1024 3346 adulterium,
1077 3260 1287 3350 repudii
1331 3260 1441 3336 dat—
1477 3260 1748 3336 libellum.
1785 3280 1851 3334 Et
1879 3260 1924 3320 (ἶ

262 3373 347 3427 ba:
395 3388 515 3442 quae
551 3389 659 3427 non
708 3382 1011 3443 sequuntur
1047 3372 1222 3427 virum
1262 3373 1455 3428 merito
1500 3373 1848 3436 concubinae,

261 3477 366 3518 nec
392 3472 660 3519 vocantur
696 3478 914 3526 uxores,
941 3463 1090 3534 quia,
1114 3462 1276 3516 dotali
1310 3462 1514 3517 laedere
1539 3480 1602 3518 ac
1624 3462 1852 3532 nuptiali

264 3554 459 3624 capula
491 3569 716 3625 prorsus
745 3555 998 3626 indignze,
1042 3571 1148 3610 non
1183 3554 1325 3608 illam
1364 3555 1581 3624 pariunt
1609 3554 1849 3609 sobolem

263 3661 382 3715 qua:
416 3657 656 3716 paternae
704 3647 1101 3704 benedictionis
1142 3647 1415 3718 possideant
1458 3647 1850 3700 haereditatem.

265 3735 431 3792 Nobis
453 3748 631 3791 autem
692 3738 998 3792 econtrario
1054 3737 1251 3792 dicitur
1286 3755 1298 3791 :
1330 3755 1347 3788 ι
1394 3736 1451 3790 ln
1507 3737 1611 3791 hoc
1675 3735 1849 3792 vocati

262 3830 418 3895 estis,
467 3838 524 3884 ut
570 3830 1002 3884 benedictionem
1056 3829 1369 3884 lueretitate
1420 3828 1746 3899 possideatis
1799 3827 1848 3899 (1

267 3918 412 3977 Patr.
455 3923 558 3992 ιιι).
591 3943 608 3973 ι
644 3921 779 3975 Nam
829 3932 883 3976 et
917 3922 1058 3975 idem
1097 3920 1226 3976 dicit
1274 3919 1564 3989 Apostolus
1594 3936 1606 3972 :
1640 3939 1656 3969 ι
1687 3919 1855 3988 igitur

264 4013 354 4080 qui
385 4029 450 4066 ex
481 4013 582 4068 title
610 4023 757 4078 sunt,
788 4013 1174 4068 benedicentur
1203 4027 1325 4066 cum
1372 4011 1514 4065 ﬁdeli
1554 4011 1849 4065 Abraham.

266 4099 585 4172 Quicunque
613 4112 790 4157 auten
821 4118 884 4158 ex
913 4102 1169 4172 operibus
1198 4101 1332 4172 legis
1371 4108 1517 4166 sunt,
1555 4100 1656 4155 sub
1687 4100 1854 4153 male-

265 4193 411 4248 dicio
437 4203 562 4248 sunt
587 4192 728 4266 (Cal.
766 4197 870 4264 ιιι).
913 4213 933 4246 ι

763 4309 926 4378 200
959 4308 1187 4365 CAPUT
1228 4307 1346 4364 XV.

336 4403 410 4459 In
441 4403 659 4474 epistola
681 4404 748 4456 ad
775 4404 1096 4469 Albericum,
1129 4407 1184 4458 in
1213 4403 1391 4474 (φατινεὶ
1425 4416 1580 4470 super
1607 4399 1783 4453 decem

712 4475 1086 4544 qua’rtionibus
1115 4473 1408 4542 respondet.

344 4582 366 4618 ι
392 4563 559 4620 David
587 4566 924 4635 postmodum
956 4581 1062 4620 non
1093 4574 1178 4619 est
1213 4565 1488 4634 ingressus
1515 4563 1580 4617 ad
1618 4577 1734 4626 eas,
1760 4560 1852 4616 sed

266 4661 420 4707 erant
455 4632 648 4705 clausae.
674 4667 844 4720 usque
867 4652 917 4704 in
950 4652 1091 4704 diem
1127 4632 1315 4704 mortis
1356 4664 1466 4703 sua:
1510 4649 1562 4702 in
1593 4647 1852 4700 viduitate
1881 4632 1930 4690 Ι)

268 4741 514 4796 viventes
541 4739 625 4811 (II
659 4740 790 4811 Reg.
840 4744 952 4810 xx).
992 4761 1008 4791 ι
1051 4739 1411 4795 Perdiderunt
1465 4740 1612 4792 enim
1645 4738 1852 4798 virtun,

267 4835 334 4886 de
359 4848 464 4902 quo
520 4847 618 4900 per
671 4831 864 4885 Isaiam
923 4831 1174 4886 dicitur:
1231 4849 1248 4880 ι
1303 4828 1570 4896 Quoniam
1626 4843 1854 4897 accepe—

267 4932 398 4978 runt
442 4931 647 4994 septem
691 4923 945 4977 mulieres
985 4923 1160 4976 virum
1207 4936 1370 4976 unum
1411 4919 1548 4987 (Isa.
1596 4918 1694 4990 Iv).
1730 4937 1746 4968 ι
1781 4917 1857 4971 De

269 5015 468 5084 quibus
496 5022 551 5069 et
579 5030 676 5085 per
727 5013 1070 5070 Salomouem
1112 5013 1312 5068 dicitur
1350 5031 1361 5066 :
1403 5030 1422 5063 ‹
1457 5011 1593 5077 Quia
1653 5009 1859 5078 septin-

268 5112 448 5179 genta:
487 5115 613 5159 sunt
648 5103 844 5174 reginae
878 5103 995 5175 (111
1026 5103 1150 5174 Reg.
1184 5103 1279 5173 χι).
1324 5123 1343 5156 ι
1385 5104 1725 5172 Acceperunt
1751 5101 1853 5154 ita-

267 5210 376 5268 que
397 5203 624 5264 septem,
657 5212 777 5264 qua:
804 5196 1105 5249 amiserunt
1133 5195 1340 5248 decem.
1373 5193 1661 5249 Coelestem
1694 5192 1854 5263 quip-

269 5303 338 5359 pe
363 5287 635 5358 Sponsum
659 5298 846 5342 sancta
872 5287 974 5343 sibi
1003 5285 1389 5341 confmderavit
1411 5286 1649 5340 Ecclesia
1681 5285 1850 5355 septi-

267 5377 430 5436 formi
463 5381 671 5436 scilicet
703 5380 937 5448 Spiritus
963 5381 1102 5434 dono
1133 5364 1353 5449 repleta.
1379 5380 1550 5444 Quem
1581 5377 1850 5446 Sponsum

271 5467 578 5542 Syungoga,
607 5488 727 5541 qum
753 5470 996 5539 Decalogi
1025 5471 1274 5524 mandata
1307 5477 1646 5537 perceperat,
1677 5469 1854 5538 perdi-

271 5559 353 5618 dit
375 5563 642 5632 viduaque
671 5563 988 5630 permansit,
1031 5561 1155 5630 quia
1187 5559 1311 5614 dum
1344 5560 1396 5612 in
1425 5559 1584 5613 domo
1610 5559 1856 5613 consueti

271 5651 417 5709 ritus
445 5661 499 5708 et
527 5651 777 5723 legalium
816 5651 1256 5708 caeremoniarum
1284 5650 1634 5706 immobilitcr
1661 5651 1856 5720 persti-

276 5740 365 5808 tit,
397 5759 517 5797 cnm
547 5759 671 5814 rege
705 5743 868 5799 David
907 5744 957 5797 in
990 5743 1202 5800 deserta
1237 5741 1516 5814 gentilium
1555 5741 1706 5798 exire
1734 5757 1859 5799 con-

278 5832 518 5902 tcmpsit.

1951 2006 2029 2061 ria
2059 2003 2375 2073 operatione
2412 2003 2709 2058 contexuit.
2752 2002 3136 2057 Bethleemitcs
3170 2015 3388 2071 quoque
3430 2015 3539 2053 non

1951 2096 2248 2165 incongrue
2285 2094 2506 2160 dicitur,
2535 2093 2658 2163 quia
2687 2108 2716 2146 a
2750 2092 2940 2148 Nocmi
2972 2091 3124 2147 duxit
3168 2092 3457 2162 originem,
3484 2098 3542 2143 et

1952 2191 2019 2245 de
2042 2188 2319 2243 Bethleem
2354 2187 2570 2240 fuerant
2595 2195 2844 2256 tempore
2893 2183 3055 2239 {atriis
3101 2197 3334 2255 egressa:
3377 2190 3544 2250 atque

1953 2280 2020 2335 ad
2062 2279 2309 2334 eamdem
2352 2275 2633 2332 Bethleem
2679 2285 2826 2340 sunt,
2858 2274 3242 2330 reﬂorescente
3291 2282 3540 2343 postmo-

1953 2372 2079 2427 dum
2113 2371 2382 2435 ubertate,
2411 2368 2668 2423 reductre.
2699 2367 2854 2434 Quod
2879 2376 3060 2422 autem
3081 2365 3392 2422 Adeodatus
3419 2380 3542 2420 cum

1953 2461 2206 2516 omnibus
2231 2460 2343 2515 suis
2365 2460 2451 2514 his
2473 2458 2775 2527 adjecti‘vis,
2804 2458 2919 2528 ipse
2944 2457 3132 2528 procul
3153 2456 3316 2511 dubio
3340 2455 3412 2512 sit
3434 2455 3545 2509 Da-

1956 2553 2065 2615 vid,
2095 2552 2374 2621 sequenaia
2421 2550 2718 2612 declarant,
2763 2549 2857 2604 ubi
2907 2549 3110 2603 dicitur
3140 2564 3154 2602 :
3192 2567 3209 2598 ι
3241 2547 3280 2601 li
3309 2554 3549 2617 quatuor

1953 2644 2069 2700 nati
2093 2653 2219 2697 sunt
2245 2644 2312 2697 de
2335 2642 2555 2713 Arapha
2585 2641 2638 2695 in
2681 2640 2845 2707 Geth,
2892 2650 2947 2695 et
2995 2639 3308 2695 ceciderunt
3344 2638 3398 2694 in
3429 2651 3548 2692 ma-

1954 2752 2084 2792 num
2128 2734 2298 2790 David
2353 2743 2408 2790 et
2454 2749 2735 2790 servorum
2781 2733 2898 2803 ejus
2946 2731 3157 2802 (lbid.).
3193 2751 3212 2785 ι
3243 2729 3388 2785 Sane
3412 2728 3553 2800 quid

1953 2826 2120 2882 etiam
2145 2841 2245 2896 per
2273 2825 2388 2879 bare
2421 2824 2652 2896 mystice
2683 2823 3019 2894 signiﬁcetur
3052 2833 3407 2892 exponerem,
3436 2817 3544 2872 nisi

1954 2917 2100 2986 quod
2131 2919 2479 2986 perspicuum
2507 2925 2592 2970 est
2621 2913 2933 2984 epistolaris
2977 2913 3110 2968 mihi
3150 2912 3392 2968 brevitas
3419 2925 3549 2983 pro-

1954 3008 2187 3064 hiberet.
2227 3006 2387 3063 Juxta
2421 3006 2707 3078 mysticum
2758 3005 2968 3060 scilicet
3018 3003 3386 3064 intellectum,
3432 3001 3550 3055 haec

1953 3101 2134 3156 omnia
2159 3101 2471 3156 reteruntur
2496 3098 2562 3152 ad
2594 3097 2892 3153 Christum.
2946 3096 3064 3166 Ipse
3102 3095 3248 3150 enim
3273 3091 3549 3147 .Adeoda-

1957 3199 2042 3246 tus
2070 3200 2176 3256 est,
2210 3191 2276 3245 de
2316 3207 2422 3259 quo
2467 3203 2563 3259 per
2606 3187 2799 3242 Isaiam
2851 3187 3049 3241 dicitur
3079 3200 3093 3238 :
3128 3203 3146 3237 ι
3192 3183 3336 3238 Puer
3386 3192 3552 3238 natus

1954 3293 2039 3339 est
2065 3284 2244 3348 nobis,
2277 3291 2331 3337 et
2375 3281 2515 3335 {ilius
2565 3282 2722 3336 datus
2758 3290 2843 3336 est
2882 3280 3040 3336 nobis
3084 3278 3220 3350 (Ira.
3253 3279 3354 3348 is).
3389 3295 3407 3328 ι
3444 3273 3550 3341 Qui

1956 3377 2098 3432 ﬁlius
2127 3376 2297 3431 saltus
2327 3391 2433 3429 non
2467 3376 2765 3444 incongrue
2804 3373 3026 3436 dicitur,
3058 3372 3314 3442 quoniam
3352 3385 3418 3424 ex
3455 3367 3550 3422 Ju-

1955 3468 2086 3524 daeis
2111 3467 2408 3522 secundum
2447 3480 2669 3520 carnem
2695 3465 2841 3519 nasci
2867 3465 3121 3536 dignatus
3151 3472 3259 3527 est,
3289 3459 3383 3532 qui
3413 3459 3548 3516 dum

1957 3557 2161 3612 nullum
2194 3556 2432 3612 fructum
2460 3555 2760 3625 spiritualis
2794 3554 3056 3625 germinis
3083 3551 3408 3615 attulerunt,
3431 3547 3551 3603 vel-

1955 3656 2016 3702 ut
2055 3658 2302 3718 agrestes
2343 3647 2567 3702 arbores
2607 3661 2712 3700 non
2750 3645 2804 3699 in
2834 3646 2992 3700 horto
3019 3643 3296 3714 plantatze,
3345 3640 3444 3697 sed
3494 3640 3558 3694 in

1953 3740 2094 3796 saltu
2121 3751 2263 3796 natae
2298 3739 2516 3796 steriles
2539 3739 2886 3795 exstiterunt.
2920 3737 3073 3794 Unde
3105 3736 3299 3806 legitur
3328 3751 3342 3789 :
3374 3750 3393 3784 ε
3429 3733 3558 3788 Vox.

1956 3834 2243 3889 clamantis
2292 3835 2344 3888 in
2382 3833 2604 3888 deserto
2657 3831 2792 3902 (15a.
2840 3832 2952 3902 xL);
3014 3850 3032 3883 ›
3070 3830 3171 3884 hoc
3214 3836 3332 3893 est,
3380 3825 3553 3881 infru-

1956 3934 2148 3982 ctuose
2175 3923 2481 3978 Judrcorum
2512 3922 2727 3992 populo.
2765 3920 3130 3975 Polimitarius
3177 3932 3393 3987 quoque
3450 3915 3556 3970 Res

1957 4017 2206 4084 demptor
2264 4022 2448 4068 noster
2480 4013 2674 4068 merito
2723 4011 3109 4081 dicitur,quia
3161 4009 3308 4064 velut
3353 4007 3548 4062 textri-

1957 4107 2014 4160 ni
2045 4104 2224 4174 operis
2256 4103 2438 4158 studio
2464 4111 2624 4157 vacat
2649 4143 2663 4168 ,
2692 4103 2818 4157 dum
2848 4112 2896 4156 et
2931 4116 2989 4156 se
3017 4103 3130 4157 suis
3174 4099 3423 4155 ﬁdelibus
3463 4097 3545 4152 in-

1957 4195 2075 4250 duit
2110 4203 2164 4250 et
2197 4209 2260 4246 ex
2288 4192 2638 4262 illisjustitiae
2672 4192 2990 4247 vestimenta
3029 4190 3292 4244 contexit.
3327 4189 3402 4244 De
3431 4188 3548 4244 suis

1959 4287 2116 4356 201
2149 4285 2345 4354 quippe
2385 4283 2624 4338 vestibus
2662 4299 2758 4354 per
2797 4281 3110 4352 Apostolum
3138 4281 3369 4334 dicitur:
3420 4297 3440 4331 ι
3478 4279 3550 4335 Ut

1958 4377 2241 4430 exhiberet
2293 4377 2393 4430 sibi
2433 4374 2722 4446 gloriosam
2759 4373 3078 4437 Ecclesiam,
3109 4387 3214 4426 non
3255 4371 3546 4424 habentem

1960 4467 2230 4524 maculam
2277 4483 2450 4537 neque
2486 4482 2673 4539 rugam
2705 4465 2919 4536 (Ep/tes.
2947 4464 3023 4536 v).
3045 4484 3063 4518 ι
3095 4463 3158 4519 Ει
3185 4479 3281 4534 per
3309 4464 3548 4534 prophe-

1963 4572 2071 4617 tam
2115 4581 2127 4615 :
2173 4580 2191 4612 ε
2232 4559 2495 4616 Omnibus
2563 4560 2647 4616 bis
2703 4560 2850 4614 velut
2899 4566 3222 4613 ornamento
3298 4555 3548 4611 vestieris

1957 4651 2104 4723 (Isti.
2150 4652 2361 4724 xx.tx).n
2399 4652 2472 4706 De
2519 4651 2722 4706 Christi
2774 4665 2904 4705 vero
2955 4649 3202 4705 ﬁdelibus
3251 4646 3542 4700 PsalmisL't

1957 4743 2151 4799 canit:
2202 4763 2219 4794 ‹
2257 4743 2575 4798 Sacerdotes
2617 4742 2691 4795 tui
2746 4742 3038 4795 induantur
3070 4737 3336 4807 justitiam
3367 4733 3544 4806 (Psal.

1960 4834 2169 4904 cxxxt).
2203 4853 2220 4885 ι
2266 4833 2332 4886 Ει
2372 4847 2470 4902 per
2513 4830 2853 4884 Ezechielem
2904 4827 3165 4882 Dominus
3215 4826 3550 4895 improperat

1959 4924 2174 4988 animae,
2208 4939 2372 4994 quam
2406 4920 2777 4991 spiritualibus
2823 4918 3152 4974 indumentis
3177 4917 3430 4972 decenter
3456 4930 3548 4969 or-

1961 5014 2134 5079 navit,
2164 5015 2258 5068 sed
2283 5029 2406 5067 eum
2451 5014 2565 5083 ipsa
2602 5009 2846 5065 niuecltia-
2884 5008 3136 5062 sordibus
3159 5006 3357 5076 polluta
3389 5005 3546 5060 dese-

1962 5105 2098 5159 ruit:
2138 5121 2155 5155 ι
2189 5103 2394 5159 \‘estivi
2423 5113 2498 5164 te,
2527 5100 2724 5170 inquit,
2760 5099 3117 5155 discoloribus
3148 5106 3203 5150 et
3232 5095 3467 5150 calecavi
3497 5104 3550 5149 te

1957 5197 2268 5268 hyacintho,
2299 5204 2353 5250 et
2375 5193 2518 5248 cinxi
2553 5203 2604 5246 te
2631 5193 2814 5263 bysso,
2843 5200 2896 5243 et
2920 5187 3066 5242 indui
3097 5196 3147 5242 te
3175 5187 3465 5242 subtilibus
3491 5193 3549 5240 et

1956 5287 2142 5343 ornavi
2177 5295 2228 5340 te
2273 5294 2654 5343 ornamento.»
2691 5282 2759 5335 Et
2793 5278 2953 5351 paulo
3003 5287 3152 5348 post:
3196 5297 3212 5328 ι
3248 5277 3314 5331 Ει
3345 5275 3548 5331 vestita

1955 5394 2014 5434 cs
2044 5378 2224 5448 bysso,
2277 5384 2331 5430 et
2377 5375 2622 5446 polimito
2662 5381 2716 5428 et
2769 5372 2954 5426 multis
2993 5370 3266 5426 coloribus
3313 5370 3542 5443 (Ezech.

1960 5473 2100 5539 xvi).
2136 5489 2153 5520 ι
2187 5469 2324 5536 Quid
2356 5483 2485 5540 ergo
2515 5468 2734 5536 mirum,
2766 5468 2811 5523 si
2841 5465 3173 5536 Redemptor
3206 5474 3390 5520 noster
3414 5462 3547 5534 poli-

1960 5563 2209 5618 mitarius
2237 5561 2456 5625 dicitur,
2487 5562 2580 5631 qui
2613 5560 2832 5615 virtutis
2867 5559 3065 5615 decore
3090 5558 3335 5628 polimito
3370 5555 3547 5612 induit

1960 5653 2192 5707 animam
2226 5667 2386 5720 quam
2427 5651 2663 5722 sponsali
2684 5650 2808 5722 jure
2835 5651 3099 5707 sortitur?
3125 5649 3242 5720 ipse
3269 5654 3354 5702 est
3398 5645 3553 5700 enim.

1962 5742 2056 5797 Dei
2111 5741 2408 5811 sapientia,
2467 5742 2532 5796 de
2589 5755 2696 5810 qua
2749 5755 2849 5812 per
2907 5739 3250 5797 Salomonem
3309 5735 3540 5792 dicitur:

1971 5849 1988 5883 ι
2023 5830 2159 5898 Quia
2203 5830 2453 5901 quaesivit
2511 5829 2689 5885 lanam
2737 5838 2792 5887 et
2835 5830 3025 5898 linum,
3070 5838 3125 5886 et
3179 5835 3405 5899 operata
3453 5833 3552 5884 est
