4078 5382
508 360 639 416 ΗΜ

1409 354 1902 412 COLLECTANEA
1944 353 2007 407 IN
2050 352 2277 407 VETUS
2315 347 2845 405 TESTAMESTUM.

3622 343 3770 402 Hii

512 473 737 530 consilio
788 470 1043 526 ῐὶιίὶηιιιιίη
1100 486 1317 527 803mm
1375 470 1566 535 (Ρνουο
1622 468 1804 537 ΧΧΧ¹)·
1842 487 1858 518 ³
1922 463 2330 538 Clll'lsAsime
2416 484 2727 538 convenire.
2779 482 2977 537 Beatus
3012 482 3161 536 enim
3216 496 3280 538 ac
3338 480 3627 553 singularis
3673 481 3772 540 ille

513 566 667 636 digiti
694 563 1167 634 apprehenderunt
1193 561 1391 627 fusum,
1415 562 1568 631 cujus
1590 577 1779 616 omnes
1806 560 2084 616 domestici

511 654 691 709 “restiti
712 663 839 708 sunt
857 652 1181 722 duplicibus,
1210 652 1362 721 cujus
1382 652 1543 706 etiam
1567 666 1694 705 caro
1733 650 1968 721 stragula
1998 665 2092 703 vc-

517 746 621 800 stis
666 744 805 799 facta
861 753 944 798 est
1005 744 1055 799 in
1086 743 1352 813 passione.
1415 741 1522 796 Sed
1564 740 1750 796 eadem
1801 740 1993 810 byssus
2035 749 2089 793 et

513 835 710 905 regalis
756 849 995 903 purpura
1055 835 1428 888 indumentum
1472 831 1612 886 illius
1642 829 1803 885 estin
1848 844 2091 884 resurre-

512 923 719 993 ctione;
754 922 845 991 qui
885 922 1048 976 etiam
1092 920 1474 985 Bethleemites
1496 920 1618 993 jure
1668 930 1896 974 vocatur
1919 960 1932 983 ,
1964 916 2090 988 quia

513 1013 566 1066 in
625 1011 898 1066 Bethleem
955 1012 1021 1066 de
1076 1010 1291 1080 Virgine
1339 1019 1500 1065 natus
1548 1012 1879 1080 agnoscitur.
1935 1009 2088 1077 Quod

514 1113 692 1158 autem
719 1104 916 1158 dicitur
942 1122 955 1157 :
997 1123 1015 1155 ‹
1048 1102 1182 1170 Quia
1216 1104 1433 1158 tertium
1457 1104 1656 1158 bellum
1697 1104 1796 1157 fuit
1825 1104 1877 1157 in
1905 1102 2042 1169 Gob,
2066 1123 2085 1158 ι

490 1196 618 1271 (hoc
658 1195 979 1265 intelligitur
1013 1195 1137 1263 quia
1174 1210 1336 1251 verus
1387 1194 1555 1249 David
1607 1193 1857 1250 Salvator
1898 1195 2089 1261 Israel,

513 1298 639 1340 ante
667 1286 839 1356 legem
868 1295 922 1341 et
952 1287 1053 1341 sub
1081 1286 1217 1355 lege,
1240 1301 1303 1341 ac
1328 1286 1672 1355 postmodum
1695 1286 1747 1340 in
1777 1287 2089 1356 evangelica

515 1378 685 1446 gratia
735 1377 917 1432 fideles
961 1392 1175 1446 semper
1224 1376 1513 1432 bellatores
1567 1377 1777 1440 habuit,
1820 1393 1914 1447 per
1958 1393 2093 1447 quos

517 1478 703 1523 contra
735 1468 1056 1530 Philistmos.
1083 1471 1134 1524 id
1167 1479 1268 1535 est,
1297 1472 1555 1525 adversus
1588 1471 1851 1540 malignos
1872 1471 2094 1541 spiritus

519 1561 814 1615 dimicavit.
847 1562 927 1614 Ad
954 1562 1055 1615 hoc
1086 1562 1267 1631 itaque
1289 1563 1504 1617 tertium
1532 1564 1727 1618 bellum
1759 1563 1923 1619 David
1948 1565 2093 1619 venit

518 1651 570 1704 in
623 1651 762 1715 Gul),
813 1652 903 1721 qui
949 1652 1339 1721 interpretatur
1389 1653 1555 1717 lacus,
1592 1655 1730 1723 quia
1769 1655 2095 1724 Redemptor

519 1754 705 1798 uoster
761 1744 886 1798 dum
931 1744 1074 1799 velut
1135 1744 1259 1799 forti
1289 1755 1496 1799 armato
1542 1746 1734 1801 fortior
1784 1747 2095 1817 supervenit

492 1835 666 1910 -(Luc.
705 1836 803 1905 ιι),
830 1837 942 1904 ipse
966 1852 1062 1904 per
1084 1852 1140 1890 se
1163 1837 1323 1891 etiam
1342 1852 1510 1905 usque
1540 1838 1603 1891 ad
1636 1838 1840 1893 inferna
1874 1840 2094 1894 descen-

518 1923 614 1977 d-it.
642 1922 795 1979 Unde
841 1941 939 1994 per
964 1924 1304 1980 Psalmistam
1338 1926 1502 1979 dicit:
1553 1946 1569 1977 ι
1601 1926 1899 1983 Posuerunt
1935 1942 2019 1981 me
2044 1929 2095 1982 in

520 2015 637 2069 lacu
680 2015 944 2083 inferiori,
980 2018 1032 2070 in
1081 2017 1318 2071 tenebris
1365 2027 1419 2069 et
1469 2023 1657 2071 umbra
1697 2016 2093 2087 mortis(Psal.

492 2107 827 2181 tuxvu)»
887 2106 996 2161 Illic
1034 2107 1301 2174 percussit
1348 2108 1565 2175 Goliath
1624 2108 1924 2173 Getheum,
1973 2110 2097 2178 quia

495 2198 646 2276 _dum
669 2200 965 2256 electorum
992 2203 1202 2256 animas
1230 2203 1296 2257 dc
1327 2203 1588 2273 gehenurc
1614 2202 2097 2272 claustriseripuit,

495 2291 802 2363 .antiquum
826 2292 1057 2355 hostem,
1090 2294 1177 2361 qui
1212 2309 1374 2362 super
1406 2309 1499 2346 eos
1524 2294 1861 2363 tyrannidem
1888 2308 2101 2348 exerce-

522 2378 635 2442 bat,
659 2378 840 2434 lethali
874 2382 1093 2436 vulnere
1115 2384 1396 2437 sauciavit.

1092 2469 1320 2525 CAPUT
1363 2470 1519 2524 XVII.

904 2554 971 2607 In
1027 2574 1260 2613 sermone
1300 2560 1363 2613 de
1411 2561 1715 2629 virginibus.

603 2659 622 2692 ι
655 2642 822 2699 David
856 2648 1050 2703 sedens
1095 2648 1147 2703 in
1183 2650 1460 2717 cathedra,
1496 2653 1922 2722 sapientissimus
1958 2656 2105 2725 prin-

525 2748 653 2804 ceps
676 2735 816 2791 inter
848 2749 975 2794 tres.
1008 2740 1123 2809 Ipse
1157 2742 1308 2811 quasi
1340 2744 1659 2798 teuerrimus
1684 2745 1813 2813 ligni
1842 2749 2100 2802 vermicu-

525 2825 631 2891 lus,
661 2830 752 2898 qui
780 2831 1123 2902 octingentos
1151 2834 1427 2889 interfecit
1469 2837 1665 2905 impetu
1699 2853 1804 2891 uno
1847 2838 1941 2909 (ΙΙ
1972 2839 2099 2910 Reg.

526 2919 748 2987 XXIII).)
781 2920 1011 2986 Quidest
1031 2924 1171 2991 quod
1193 2923 1358 2979 David
1390 2933 1496 2979 tam
1527 2940 1695 2987 novre,
1717 2935 1820 2981 tam
1852 2929 2102 2983 inaudita:

530 3011 802 3076 praeconio
823 3012 996 3067 laudis
1019 3014 1318 3069 attollitur?
1342 3016 1472 3084 Quis
1510 3028 1591 3071 est
1626 3019 1722 3072 iste
1750 3030 1856 3073 tam
1886 3021 2102 3076 humilis

535 3109 753 3169 tamque
786 3103 1071 3159 sublimis?
1106 3104 1257 3172 Quis,
1303 3108 1546 3176 inquam,
1573 3118 1657 3162 est
1708 3110 1808 3164 iste
1836 3109 2000 3164 David
2031 3112 2099 3165 ita

533 3188 725 3244 debilis
754 3199 917 3261 atque
947 3194 1232 3262 despectus
1255 3207 1311 3249 ut
1356 3198 1633 3252 vermiculi
1664 3200 1895 3268 speciem
1922 3204 2107 3271 gerat?

533 3279 608 3331 ita
639 3278 795 3336 fortis
818 3290 873 3335 et
900 3283 1131 3349 validus,
1178 3296 1235 3338 ut
1282 3302 1386 3340 uno
1413 3287 1615 3356 impetu
1642 3290 1981 3358 octingentos
2014 3293 2109 3345 bo-

530 3371 706 3426 mines
753 3372 1074 3429 interfieiat?
1124 3377 1177 3430 lu
1221 3377 1373 3446 palea
1426 3394 1620 3449 nempe
1658 3380 1849 3434 litterae
1898 3381 2109 3436 videtur

528 3475 648 3514 esse
693 3463 997 3528 ridiculum,
1053 3467 1098 3520 si
1156 3484 1261 3521 non
1313 3468 1366 3521 in
1416 3469 1644 3523 medulla
1691 3471 1910 3538 spiritus
1948 3471 2107 3525 lateat

535 3566 955 3610 sacramentum.
1010 3557 1140 3623 Quis
1178 3575 1308 3629 ergo
1357 3562 1678 3616 vermiculus
1718 3563 1844 3626 iste,
1889 3564 1989 3617 nisi
2024 3564 2109 3619 ille

534 3644 624 3709 qui
652 3658 749 3710 per
774 3646 1018 3699 eumdem
1048 3648 1375 3703 Davidcanit
1407 3650 1456 3703 in
1490 3650 1730 3719 psalmo:
1766 3653 1908 3721 IEgO
1930 3663 2106 3707 autem

534 3746 654 3785 sum
681 3736 902 3801 vermis,
935 3746 989 3789 et
1027 3753 1131 3791 non
1163 3739 1357 3794 homo?
1387 3740 1601 3811 »(1³δαι.
1636 3744 1771 3811 xxi.)
1795 3744 1943 3798 Sicut
1964 3747 2106 3799 enim

531 3826 735 3880 vermis
756 3841 823 3881 ex
858 3828 968 3883 sola
1009 3828 1135 3900 ligni
1172 3832 1394 3886 materia
1426 3833 1688 3902 gignitur,
1731 3834 1801 3887 ita
1833 3835 2105 3889 Christum

532 3914 737 3983 absque
778 3918 950 3972 virilis
982 3922 1185 3974 semine
1222 3922 1288 3977 de
1328 3923 1442 3978 solo
1492 3924 1733 3993 virginali
1776 3935 1928 3980 utero
1960 3929 2109 3997 geni-

531 4012 647 4059 tum
702 4007 835 4062 fides
891 4011 1156 4066 catholica
1216 4014 1522 4068 confitetur.
1582 4014 1687 4069 Sed
1740 4018 1986 4085 quamvis
2038 4019 2107 4073 sit

532 4096 733 4150 vermis
778 4105 927 4153 tener
954 4109 1008 4154 et
1037 4101 1250 4167 debilis,
1285 4103 1415 4174 ligni
1465 4120 1593 4160 vero
1623 4105 1818 4160 duritia
1860 4107 2016 4163 fortis
2042 4125 2106 4163 ac

533 4185 702 4240 solida
722 4227 738 4252 ,
772 4192 969 4244 vermis
997 4201 1175 4247 tamen
1200 4192 1400 4263 lignum
1437 4196 1597 4249 vertit
1618 4195 1671 4248 iu
1703 4197 1907 4251 cariem
1938 4209 1990 4253 et
2012 4215 2104 4253 ca-

533 4272 820 4334 vernosum
875 4282 1054 4337 reddit
1086 4293 1142 4338 et
1184 4301 1394 4339 cavum.
1436 4285 1513 4339 Ita
1562 4286 1886 4360 Redemptor
1924 4301 2107 4347 noster

533 4382 697 4425 verus
725 4372 885 4443 202
913 4376 1097 4445 utique
1129 4391 1288 4430 manu
1339 4376 1495 4433 fortis
1521 4389 1683 4450 atque
1709 4380 2102 4449 desiderabilis,

2191 572 2372 635 homo,
2429 573 2520 641 qui
2577 571 2800 642 mystice
2847 573 3025 625 dictus
3065 578 3150 625 est
3189 570 3414 635 vermis,
3466 585 3593 624 mox
3641 581 3768 628 uta

2192 661 2369 714 Verio
2400 660 2453 713 in
2483 660 2691 714 unitate
2714 675 2955 729 persona:
2983 659 3302 728 suscipitur,
3340 660 3394 714 in
3421 667 3612 713 sancta
3642 660 3772 719 Tri-

2188 751 2360 806 nitate
2380 765 2485 804 non
2518 749 2852 819 inaequaliter
2874 751 3226 819 principatur.
3244 750 3502 820 Princeps
3526 761 3610 808 est
3636 768 3771 825 ergo

2191 840 2332 894 inter
2376 846 2505 903 tres,
2538 839 2665 908 quia
2696 840 2879 893 unitus
2904 848 2990 893 est
3021 840 3216 903 Verbo,
3241 853 3362 907 qua:
3389 847 3474 892 est
3497 838 3550 891 in
3571 853 3765 899 sancta

2192 930 2454 985 Trinitate
2482 945 2732 999 persona.
2763 929 2859 985 llic
2884 931 3221 1000 octingentos
3250 928 3523 985 interfecit
3561 930 3769 1001 impetu

2193 1036 2317 1076 uno.
2347 1019 2667 1075 Octonarius
2693 1035 2949 1075 numerus
2977 1021 3045 1074 ad
3084 1020 3560 1086 resurrectionem,
3587 1023 3780 1072 cente-

2192 1114 2380 1169 narius
2429 1115 2665 1184 pertinet
2709 1113 2776 1167 ad
2826 1113 3232 1183 perfectionem.
3272 1111 3440 1168 David
3483 1122 3616 1182 ergo
3660 1126 3777 1165 uno

2193 1204 2394 1273 impetu
2446 1204 2783 1273 octingentos
2813 1201 3099 1267 interfecit,
3148 1202 3274 1271 quia
3308 1200 3559 1255 Salvator
3589 1208 3781 1257 noster

2193 1308 2401 1357 omnes,
2430 1296 2521 1363 qui
2546 1293 2630 1345 vel
2680 1291 3065 1361 perfectionem
3094 1292 3215 1346 fidei
3256 1299 3534 1360 appetunt,
3566 1289 3651 1345 vel
3692 1305 3782 1343 re-

2190 1383 2545 1455 surrectionis
2584 1381 2808 1452 gloriam
2851 1382 3260 1452 concupiscunt,
3313 1381 3489 1451 gladio
3526 1381 3611 1434 sui
3667 1380 3782 1448 Spi-

2195 1474 2331 1529 ritus
2358 1472 2649 1535 iuterfecit,
2681 1474 2805 1528 dum
2837 1489 2929 1528 eos
2960 1489 3053 1543 per
3088 1472 3478 1527 incarnationis
3507 1487 3572 1526 ac
3594 1470 3782 1526 crucis

2195 1578 2304 1617 suae
2340 1563 2659 1634 mysterium
2679 1563 2745 1617 ab
2773 1577 2960 1617 amore
2990 1562 3171 1615 mundi
3206 1560 3361 1631 hujus
3392 1570 3636 1615 mortuos
3656 1560 3781 1615 red-

2195 1654 2348 1717 didit,
2392 1655 2576 1708 ethoc
2610 1668 2717 1708 uno
2767 1662 3023 1722 operatus
3049 1662 3129 1706 est
3157 1653 3381 1721 impetu,
3429 1651 3482 1704 id
3524 1659 3629 1715 est,
3668 1662 3783 1704 uno

2195 1761 2293 1800 suo
2320 1747 2708 1801 incarnationis
2733 1745 2984 1799 adventu.
3035 1762 3053 1795 ι
3087 1743 3265 1799 Semel
3292 1743 3434 1797 enim
3465 1758 3563 1812 pro
3588 1755 3784 1810 pecca-

2200 1837 2267 1891 tis
2320 1837 2522 1891 nostris
2575 1846 2820 1892 mortuus
2875 1844 2979 1899 est,
3027 1834 3139 1904 jam
3191 1834 3332 1887 ultra
3388 1849 3495 1889 non
3545 1832 3784 1887 moritur

2198 1925 2375 1997 (Rom.
2404 1926 2501 1997 vt).
2549 1946 2567 1976 ι
2603 1925 2795 1980 Annon
2830 1925 2946 1993 ejus
2973 1927 3236 1980 adventus
3253 1923 3378 1992 jure
3418 1932 3643 1979 vocatur
3679 1923 3784 1976 im-

2198 2026 2368 2087 petus,
2401 2018 2465 2071 de
2491 2032 2596 2087 quo
2626 2017 2881 2072 Salomon
2912 2017 2986 2070 ait
3012 2036 3023 2070 :
3063 2036 3079 2068 t
3108 2018 3247 2072 Ecce
3277 2017 3379 2072 iste
3405 2017 3553 2071 venit
3580 2015 3787 2071 saliens

2200 2106 2253 2159 in
2301 2107 2598 2170 montibus,
2665 2107 2972 2161 transiliens
3027 2106 3235 2161 colles?
3269 2126 3288 2159 ι
3330 2105 3519 2176 (Cant.
3576 2106 3671 2175 ιι.)
3711 2105 3785 2160 Et

2203 2195 2365 2250 David
2398 2214 2410 2247 :
2446 2215 2462 2245 ι
2505 2195 2822 2259 Exsultavit,
2857 2195 3049 2264 inquit,
3077 2204 3130 2249 ιιι
3165 2194 3314 2264 gigas
3349 2194 3416 2248 ad
3453 2193 3783 2248 currendam

2200 2271 2404 2340 vitam?
2428 2305 2446 2337 ι
2475 2283 2647 2353 (ιιεαι.
2680 2286 2855 2357 xvm.)
2887 2285 2986 2351 Qui
3019 2286 3161 2339 enim
3191 2284 3384 2346 currit,
3410 2281 3783 2352 proculdubio

2202 2378 2458 2446 impetum
2487 2378 2633 2432 facit.
2664 2377 2796 2430 Nam
2824 2387 2875 2432 ct
2917 2377 3153 2431 Verbum
3188 2375 3280 2429 Dei
3329 2384 3587 2445 tauquam
3624 2374 3782 2430 rivus

2204 2485 2463 2538 aquarum
2499 2471 2789 2524 viventium
2836 2486 2955 2524 cum
2989 2470 3190 2539 impetu
3220 2467 3388 2532 venit,
3411 2478 3463 2521 et
3496 2469 3640 2522 sicut
3670 2478 3780 2523 tor-

2205 2576 2329 2614 rens
2373 2572 2566 2614 euncta
2598 2562 2964 2615 doctrinarum
3018 2560 3322 2614 ardentium
3373 2558 3784 2627 inquinamenta

2206 2652 2485 2706 subvertit.
2522 2651 2673 2707 Unde
2703 2664 2755 2707 et
2787 2652 2839 2705 in
2879 2651 3116 2706 Cauticis
3155 2651 3491 2705 canticorum
3529 2650 3732 2705 dicitur
3760 2666 3781 2705 :

2212 2762 2229 2794 ‹
2266 2742 2409 2796 Fons
2455 2744 2757 2808 hortorum,
2795 2752 2987 2813 puteus
3016 2757 3273 2812 aquarum
3307 2741 3622 2807 viventium,
3660 2755 3786 2812 qua

2206 2834 2376 2887 tleumt
2430 2835 2628 2903 impetu
2684 2834 2750 2888 de
2780 2835 2984 2888 Libano
3036 2831 3222 2903 (Cant.
3262 2833 3398 2902 μὴ.)
3454 2831 3589 2886 Huic
3648 2846 3783 2902 ergo

2210 2930 2338 3000 Regi
2399 2938 2505 2982 tant
2578 2928 2765 2982 humili
2825 2936 3039 2995 tamque
3091 2924 3328 2990 sublimi,
3391 2932 3499 2977 tam
3544 2922 3781 2989 infirmo,

2208 3021 2301 3074 sed
2358 3020 2427 3073 ita
2474 3019 2787 3084 fortissimo,
2841 3018 3043 3086 gratias
3106 3015 3402 3071 referamus
3440 3016 3530 3084 qui
3583 3014 3785 3069 idcirco

2133 3143 2177 3203 Ο
2211 3112 2323 3165 ﬁeri
2354 3112 2602 3180 dignatus
2629 3121 2710 3165 est
2734 3110 2932 3164 vermis
2957 3110 3008 3163 in
3035 3108 3199 3177 ligno,
3227 3117 3287 3162 ut
3314 3123 3407 3162 nos
3430 3106 3786 3161 constitueret

2211 3202 2356 3256 cives
2388 3202 2439 3254 in
2490 3201 2647 3254 eteio.
2674 3200 2798 3254 Ideo
2838 3207 3106 3254 vetustum
3154 3197 3374 3252 humani
3408 3196 3631 3275 generis
3682 3195 3785 3250 ini-

2212 3292 2407 3346 micum
2440 3293 2490 3345 in
2522 3306 2579 3346 se
2622 3291 2866 3361 permisit
2898 3292 3192 3360 insurgere,
3226 3299 3280 3345 ut
3330 3304 3395 3343 ex
3441 3303 3507 3342 eo
3549 3297 3788 3358 postmo-

2208 3384 2334 3437 dum
2401 3398 2504 3435 non
2535 3399 2621 3438 mo
2644 3386 2689 3437 ῗο
2725 3399 2822 3452 per
2854 3383 3027 3448 viros,
3075 3383 3168 3437 sed
3210 3382 3371 3437 etiam
3421 3396 3517 3451 per
3553 3380 3784 3435 feminas

2210 3472 2585 3541 triumpharet.

2761 3560 2987 3615 CAPUT
3028 3559 3209 3615 XVIII.

2279 3671 2345 3726 In
2389 3670 2606 3740 epistola
2640 3672 2709 3724 ad
2739 3671 3033 3726 Albcricnm
3065 3672 3116 3733 in
3145 3689 3249 3742 qua
3281 3672 3330 3724 ei
3353 3686 3509 3739 super
3537 3670 3711 3724 decem

2649 3743 3024 3812 qumstiouibus
3042 3741 3345 3812 respondet.

2238 3817 2242 3820 ’
2281 3831 2488 3899 Quaeris
2510 3834 2672 3888 curin
2691 3833 2989 3901 Scripturis
3005 3832 3176 3886 sacris
3190 3833 3259 3886 sit
3276 3831 3375 3885 ista
3394 3829 3700 3892 diversitas,
3722 3838 3782 3882 ut

2210 3924 2260 3976 in
2286 3923 2420 3977 libro
2441 3923 2641 3991 Regum
2658 3921 2744 3990 (II
2767 3921 2887 3990 Reg.
2919 3921 3066 3992 xxiv)
3083 3919 3471 3990 lcgaturDavid
3488 3918 3781 3972 redemisse

2209 4029 2389 4066 aream
2429 4012 2607 4067 Ornan
2636 4011 2885 4076 Jebuszei,
2920 4011 3079 4066 simul
3107 4022 3160 4066 et
3204 4012 3368 4066 boves
3397 4010 3486 4079 qui
3521 4008 3778 4064 efferendi

2207 4113 2361 4158 erant
2413 4105 2465 4158 in
2526 4104 2921 4166 holocaustum,
2951 4103 3099 4157 siclis
3149 4103 3355 4172 argenti
3409 4098 3778 4154 tantummodo

2207 4196 2622 4265 quinquaginta;
2666 4210 2788 4250 cum
2821 4196 2872 4249 in
2900 4194 3343 4263 Paralipomenon
3381 4186 3621 4262 pro‘sola
3651 4205 3778 4244 area

2207 4287 2419 4339 dedisse
2446 4294 2695 4339 narretur
2716 4285 2829 4338 auri
2853 4293 3135 4339 sexcentos
3161 4283 3357 4337 sielos?
3377 4282 3427 4352 (Ι
3460 4280 3645 4334 Parui.
3672 4278 3777 4347 ιιι.)

2210 4376 2313 4431 Sed
2341 4376 2618 4431 sciendum
2647 4384 2728 4429 est
2753 4374 2938 4443 procul
2963 4374 3124 4429 dubio
3151 4373 3276 4443 quia
3313 4373 3364 4427 in
3403 4371 3538 4425 libro
3569 4370 3772 4440 Regum

535 4464 625 4531 qui
657 4469 1001 4536 semetipsum
1026 4470 1340 4536 cxinanivit,
1369 4473 1457 4541 qui
1478 4488 1582 4527 non
1614 4476 1814 4530 habens
1840 4477 2094 4546 speciem,
2134 4479 2176 4538 ι)
2204 4470 2369 4525 boves
2395 4469 2765 4523 tantummodo
2792 4468 3176 4537 quinquaginta
3206 4465 3352 4520 siclis
3387 4467 3598 4535 argenti
3630 4480 3780 4519 com-

535 4570 714 4624 neque
762 4558 1032 4622 decorem,
1092 4561 1356 4618 invalidus
1401 4579 1465 4619 ac
1507 4566 1792 4635 despectus
1835 4568 2102 4637 apparuit,

2199 4575 2420 4631 parasse
2441 4557 2600 4628 203
2626 4558 2787 4611 David
2820 4558 3032 4626 legitur,
3051 4556 3232 4624 quanti
3265 4570 3393 4608 vero
3423 4570 3604 4608 arcam
3630 4568 3775 4608 com-

535 4646 833 4702 humanum
864 4664 1054 4718 genus,
1099 4653 1242 4706 unde
1292 4664 1445 4708 ortus
1493 4663 1594 4721 est,
1640 4655 1893 4723 paulatim
1932 4671 1962 4710 ει
2012 4672 2109 4711 suo
2203 4649 2493 4717 paraverit,
2522 4648 2629 4701 illic
2660 4648 2882 4700 omnino
2918 4647 3126 4700 siletur.
3168 4644 3611 4713 Paralipomenon
3640 4659 3768 4699 vero

536 4739 717 4808 rigore
748 4738 993 4802 mollivit,
1040 4756 1398 4813 magnumque
1434 4745 1651 4800 sibimet
1690 4746 1741 4798 in
1779 4746 1965 4802 electis
2000 4748 2099 4803 suis

2204 4741 2339 4795 liber
2382 4740 2448 4794 de
2495 4739 2667 4794 bobus
2716 4754 2747 4793 (ι
2811 4739 3084 4794 contrario
3148 4747 3314 4801 tacet,
3373 4738 3465 4791 sed
3531 4744 3766 4807 emptam

537 4828 886 4917 habitationis
940 4832 1173 4900 spatium
1212 4835 1541 4901 procuravit.
1580 4836 1677 4891 llic
1719 4837 1899 4905 itaque
1946 4837 2113 4892 David

537 4921 689 4975 sedet
722 4922 773 4974 in
799 4922 1078 4985 cathedra,
1111 4924 1237 4992 quia
1270 4924 1320 4979 in
1343 4936 1581 4995 paterna:
1611 4928 1906 4997 majestatis
1935 4928 2104 4999 gloria

537 5012 860 5066 constitutus
888 5015 1068 5066 omnia
1089 5014 1317 5081 judicat.
1349 5016 1444 5071 Cui
1490 5016 1651 5071 Pater
1673 5019 1747 5071 ait
1779 5031 1792 5070 :
1838 5036 1856 5068 ι
1892 5018 2030 5072 Sede
2074 5033 2102 5072 a

542 5100 746 5153 dextris
776 5103 877 5156 mei
924 5102 1106 5173 (Psal.
1137 5105 1268 5175 etx).
1304 5126 1323 5158 ι
1362 5105 1803 5176 Sapientissimus
1835 5119 1937 5172 est,
1980 5110 2104 5177 quia

542 5190 654 5257 ipsa
677 5190 853 5245 Patris
880 5194 1138 5261 sapientia
1161 5203 1262 5249 est.
1304 5195 1407 5250 Sed
1430 5198 1694 5264 quomodo
1721 5197 1883 5250 David
1912 5198 2107 5251 dicitur

541 5276 942 5345 princepsinter
965 5290 1092 5343 tres,
1120 5297 1241 5336 cum
1266 5283 1352 5337 ille
1367 5299 1472 5338 non
1491 5285 1632 5339 inte?
1653 5286 1786 5339 alios
1815 5282 2109 5353 quemlibet

2207 4832 2478 4885 sexcentis
2525 4830 2641 4882 auri
2692 4829 2842 4883 siclis
2892 4843 3070 4881 aream
3111 4826 3375 4897 perhibet.
3409 4825 3561 4892 Quud
3621 4825 3772 4879 facile

2213 4921 2538 4988 pervidetur,
2578 4920 2621 4973 si
2651 4920 2701 4972 in
2732 4929 2956 4988 utroque
2984 4918 3124 4971 libro
3154 4917 3264 4986 ipsa
3293 4918 3581 4972 verborum
3611 4916 3773 4971 series

2213 5010 2496 5079 diligenter
2524 5009 2833 5061 attenditur.
2882 5006 3013 5060 Nam
3044 5008 3096 5060 in
3142 5006 3278 5060 libro
3323 5006 3530 5075 Regum
3582 5007 3666 5059 hic
3692 5012 3772 5060 est

2214 5099 2344 5153 ordo
2375 5099 2661 5151 verborum
2687 5115 2699 5149 :
2732 5114 2749 5146 ι
2788 5096 2929 5149 Emit
2953 5110 3080 5164 ergo
3105 5096 3270 5150 David
3298 5109 3502 5158 aream,
3530 5104 3585 5148 et
3614 5096 3772 5148 boves

2215 5185 2421 5254 argenti
2451 5186 2598 5239 siclis
2627 5184 3033 5256 quinquaginta.
3062 5203 3078 5234 ι
3111 5181 3212 5237 Ubi
3236 5184 3312 5237 sic
3337 5182 3768 5252 distinguendum

2213 5282 2314 5338 est,
2349 5283 2406 5327 ιιι
2429 5274 2577 5342 prius
2600 5273 2875 5343 Scriptura
2905 5274 3079 5327 dicat:
3110 5293 3127 5324 ι
3160 5273 3300 5327 Emit
3324 5272 3493 5325 David
3523 5286 3726 5333 aream,
3746 5289 3764 5322 ι

2294 5380 2299 5382 .
2362 5363 2500 5382 _____e
2564 5358 2612 5382 ζ.
2660 5363 2866 5382 ___._._.9_
2908 5360 3054 5382 ΛΑ,
3116 5361 3222 5382 J-!_
3252 5362 3295 5382 ι,
3337 5369 3629 5382 ---..-ι--...
3672 5358 3768 5382 ,ιη
