4078 5382
495 210 634 267 HIS

496 442 666 496 ﬁlium
689 438 851 503 Gera,
888 436 979 491 lil.i
1026 435 1242 493 Gemini
1271 437 1339 491 de
1382 436 1621 501 Baurim,
1676 436 1769 506 qui
1803 435 2082 491 maledixit

495 531 629 587 mihi
655 528 1032 584 maledictione
1044 528 1297 598 pessima,
1328 526 1544 598 quando
1566 527 1709 582 ibam
1734 527 1801 583 ad
1822 535 2020 582 castra.
2059 545 2077 578 ι

1378 207 1883 269 COLLECTANEA
1949 208 2017 264 IN
2056 208 2285 267 VETUS
2321 208 2873 269 TESTAMENTUM.

420 404 434 416 ,
495 348 573 405 De
591 345 774 404 Semei
800 358 1016 416 quoque
1038 343 1118 399 sic
1140 342 1248 398 ait:
1287 362 1305 396 ι
1339 341 1521 400 Habes
1546 354 1600 401 et
1624 342 1806 401 Semei
1832 343 1971 416 apud
2001 353 2073 409 te,
2102 336 2147 390 Α

3638 212 3779 269 1116

2779 346 3008 405 CAPUT
3047 348 3134 406 Ill.

2491 435 2557 490 In
2590 437 2807 508 epistola
2830 440 2900 495 ad
2923 440 3168 513 Agnetem
3196 444 3448 514 reginam.

2262 542 2280 576 ι
2303 524 2370 580 Et
2397 525 2633 582 habebat
2659 526 2914 584 Salomon
2942 530 3297 603 quadraginta
3323 533 3488 586 millia
3508 534 3779 603 prmsepia

497 622 760 693 Denique,
786 618 2085 690 quibusdaminterpositis,addidit:cDucesque
2183 631 2447 687 equorum
2486 618 2769 674 currilium
2818 630 2873 675 et
2922 623 3209 678 duodecim
3259 627 3596 695 equestrium
3641 623 3780 695 (III

496 728 666 769 canos
687 711 805 782 ejus
825 726 947 767 cum
964 711 1227 781 sanguine
1255 710 1309 764 in
1328 710 1597 765 infernum
1627 708 1759 781 (Ill
1783 710 1910 780 Reg.
1937 726 1977 764 ιι
1996 711 2036 781 ).
2060 728 2080 762 ι

496 804 638 871 Quid
660 814 739 859 est
775 804 919 857 enim
948 802 1091 871 quod
1117 815 1212 855 eos
1243 801 1407 855 David
1452 800 1690 856 moliens
1717 802 1939 855 damnat
1968 799 2090 869 qui-

499 895 601 950 bus
622 894 857 949 vivendo
886 899 1226 964 pepercerat,
1253 906 1374 945 cum
1403 891 1646 960 profecto
1678 891 1904 946 rationis
1953 890 2088 945 ordo

496 983 756 1055 deposcat
782 992 841 1038 ut
863 984 915 1037 in
950 981 1372 1052 perduelliones,
1400 981 1488 1037 vel
1517 981 1791 1052 quoslibet
1839 981 2090 1036 inimicos

498 1073 687 1131 vivens
713 1072 1040 1129 sententiam
1062 1071 1286 1127 ultionis
1314 1081 1583 1137 cxereret,
1625 1073 1864 1128 moriens
1906 1082 2090 1127 autem

497 1167 580 1224 eis
609 1165 1032 1223 misericorditer
1059 1164 1395 1237 indulgeret?
1419 1165 1524 1220 Sed
1550 1165 1825 1219 sciendum
1847 1174 1929 1219 est
1965 1163 2090 1234 quia

499 1274 601 1331 per
635 1272 858 1332 regnum
882 1257 1070 1325 David,
1101 1256 1192 1328 qui
1226 1266 1303 1313 tot
1316 1258 1784 1327 perseeutionibus
1809 1267 1863 1312 et
1891 1271 2089 1310 mrum-

502 1351 595 1407 nis
625 1349 873 1416 attritus,
907 1357 988 1404 tot
1040 1349 1462 1404 adversitatibus
1504 1357 1561 1412 et
1593 1348 1787 1418 iuopiis
1831 1362 1953 1402 cum
1981 1346 2094 1402 suis

502 1441 963 1499 commilitonibus
992 1449 1076 1496 est
1098 1438 1353 1505 amictus,
1394 1440 1496 1495 hoc
1550 1454 1791 1508 praesens
1836 1430 2094 1493 saeculum

501 1531 834 1602 designatur,
865 1531 919 1586 in
942 1545 1053 1601 quo
1074 1545 1196 1586 cum
1227 1531 1341 1586 suis
1389 1530 1649 1585 membris
1681 1530 1932 1585 Christus
1957 1529 2090 1584 allii-

500 1624 648 1693 gitur
703 1621 996 1692 multisque
1027 1621 1464 1678 tribulationibus
1509 1620 1751 1676 Ecclesia
1801 1620 2091 1676 laceratur.

2186 707 2317 779 Reg.
2346 710 2452 779 Iv).
2489 729 2507 762 ι
2542 710 2680 776 Quid
2706 726 2802 781 per
2840 716 3251 783 quaternarium
3300 732 3612 780 numerum.
3673 716 3781 772 nisi

2186 800 2449 870 quadriga
2477 803 2821 871 praestruitur
2847 806 3348 876 evangelistarum?
3401 807 3468 862 Et
3519 809 3651 879 quid
3681 821 3786 878 per

2189 888 2608 957 duodenarium,
2643 890 2758 948 nisi
2775 904 2996 952 senatus
3019 897 3344 967 exprimitur
3371 896 3785 969 apostolorum?

2188 980 2295 1036 Per
2306 983 2607 1040 doctrinam
2622 986 2821 1058 quippe
2835 988 3207 1059 evangelicam
3231 997 3286 1043 et
3315 988 3674 1060 apostolicam
3691 1002 3788 1042 ve-

2144 1144 2147 1145 ν
2191 1083 2371 1130 ctatur
2399 1078 2660 1133 Dominus
2689 1094 2787 1150 per
2811 1092 3025 1134 omnem
3054 1078 3393 1135 latitudinem
3426 1078 3578 1135 orbis
3609 1087 3790 1132 terra-

2194 1180 2335 1219 rum.
2372 1184 2391 1216 (
2450 1166 2660 1223 Currus
2713 1169 2859 1223 enim
2885 1168 2976 1225 Dei
3008 1168 3193 1223 decem
3211 1169 3446 1224 millibus
3477 1166 3787 1237 multiplex,

2193 1256 2362 1312 millia
2395 1257 2725 1326 hetantium;
2758 1258 3017 1316 Dominus
3041 1260 3094 1314 in
3124 1260 3249 1326 illis,
3276 1261 3328 1315 in
3356 1259 3486 1314 Sina
3512 1259 3566 1313 in
3590 1268 3791 1311 sancto

2194 1346 2383 1419 (Psal.
2413 1351 2617 1421 van).
2656 1370 2675 1402 ι
2709 1350 2844 1406 Nam
2871 1352 2995 1423 quia
3027 1350 3157 1408 Sina
3187 1350 3789 1406 mandatuminternre—

2194 1451 2362 1500 tatur.
2395 1450 2610 1496 constat
2636 1442 2687 1497 in
2714 1444 2793 1499 eis
2825 1444 3200 1499 tantununodo
3221 1441 3425 1498 vectari
3466 1440 3791 1501 Dominum,

2196 1533 2283 1588 ubi
2318 1535 2374 1587 [it
2397 1534 2696 1590 caelestium
2721 1536 3028 1591 observatio
3049 1536 3450 1591 mandatorum.
3480 1531 3796 1586 Notandum

2197 1634 2378 1679 autem
2410 1627 2535 1694 quia
2561 1626 2702 1681 sicut
2731 1626 2898 1682 David
2930 1640 3176 1697 regnum,
3202 1625 3293 1696 qui
3328 1633 3405 1678 tot
3436 1631 3521 1679 est
3570 1635 3798 1693 pressu-

502 1707 748 1785 Regnum
782 1702 908 1770 vero
931 1715 1259 1781 Salomonis,
1292 1714 1385 1785 qni
1413 1713 1621 1769 divitiis
1664 1721 1719 1767 et
1754 1712 1927 1783 gloria
1961 1728 2094 1767 cun-
2126 1687 2170 1747 Β
2200 1715 2276 1769 ris
2301 1716 2544 1781 attritus,
2583 1717 2869 1772 Dominum
2921 1687 3173 1788 designat
3218 1687 3272 1769 in
3326 1687 3587 1769 mortalis
3613 1711 3797 1768 adhuc

503 1814 593 1861 cta
646 1805 906 1877 regalium
956 1804 1278 1877 dignitatum
1326 1804 1451 1877 jura
1502 1804 1858 1870 transcendit,
1908 1804 2093 1858 omnia

505 1897 825 1970 principalis
858 1898 1075 1970 imperii
1107 1897 1325 1970 fastigia
1376 1897 1677 1968 superavit,
1730 1895 1930 1952 futurae
1968 1897 2095 1952 vitae

506 1989 790 2049 denuntiat
838 1990 1086 2060 gloriam,
1134 1988 1189 2044 in
1217 2004 1324 2059 qua
1368 1987 1621 2045 Christus
1675 2003 1804 2043 vere
1830 1989 2095 2059 pacificus

506 2089 713 2136 aeterna
738 2097 860 2136 cum
889 2080 1003 2138 suis
1029 2081 1213 2152 quiete
1254 2079 1555 2152 perfruitur
1578 2097 1643 2137 ac
1681 2080 1920 2138 cmlestis
1967 2096 2097 2137 con-

508 2171 638 2226 vivii
660 2171 893 2243 dapibus
918 2170 1235 2228 solemniter
1268 2171 1538 2244 epulatur.

581 2263 734 2320 Unus
756 2254 920 2333 igitur
961 2263 1214 2334 idemque
1263 2263 1595 2336 Redemptor
1635 2273 1824 2322 noster
1851 2276 1908 2321 et
1956 2254 2100 2321 nunc

510 2356 681 2413 David
707 2364 814 2421 est,
838 2365 894 2410 et
926 2364 1053 2411 tunc
1077 2354 1331 2411 Salomon
1361 2356 1498 2424 erit;
1529 2357 1654 2429 quia
1687 2367 1744 2413 et
1779 2360 1938 2413 modo
1981 2368 2103 2416 tan-

509 2458 673 2518 quam
698 2460 857 2502 mauu
894 2444 1052 2501 fortis
1077 2461 1177 2517 per
1204 2446 1449 2502 membra
1472 2463 1568 2502 sua
1594 2456 1784 2503 contra
1824 2446 2100 2502 diabolum

509 2554 753 2611 pugnare
779 2554 887 2594 non
914 2537 1132 2604 desinit,
1173 2548 1228 2596 et
1284 2547 1411 2596 tunc
1459 2538 1636 2611 sopita
1667 2539 1831 2611 206
1875 2554 2106 2610 prorsus

514 2631 663 2689 omni
694 2629 877 2686 carnis
898 2638 955 2685 et
978 2629 1204 2702 spiritus
1264 2629 1660 2696 controversia,
1714 2646 1840 2685 cum
1876 2646 2106 2701 corpore

514 2736 634 2790 suo,
663 2722 911 2793 quodest
954 2721 1216 2791 Ecclesia,
1263 2732 1323 2778 ut
1362 2738 1552 2779 revera
1591 2722 1852 2794 pacificus
1900 2733 2105 2778 aeterna

520 2813 915 2884 tranquillitate
944 2815 1213 2885 regnabit.
1267 2813 1424 2881 Nune
1464 2814 1521 2869 iu
1566 2814 1757 2871 electis
1804 2815 1919 2871 suis
1949 2816 2106 2886 quasi

514 2907 682 2964 David
710 2906 1082 2963 calamitatum
1108 2905 1350 2964 fascibus
1366 2906 1655 2979 premitur,
1672 2907 2107 2980 persecutionum

515 3006 581 3055 ac
613 2999 842 3054 diversis
878 2998 1266 3055 adversitatum
1292 2998 1566 3070 pressaris
1593 3009 1836 3072 urgetur,
1883 3000 2110 3055 tribular-

518 3090 755 3147 tionibus
775 3100 831 3146 et
859 3091 1118 3146 aerumnis
1145 3090 1421 3157 atteritur,
1449 3092 1794 3163 postmodum
1847 3102 2105 3163 tanquam

520 3180 776 3238 Salomon
806 3182 1124 3240 exuberanti
1175 3180 1485 3238 divitiarum
1544 3182 1929 3238 immortalium
1952 3184 2107 3254 copia

519 3274 774 3345 potietur.
802 3272 969 3329 David
995 3288 1126 3345 ergo
1154 3272 1343 3329 vivens
1366 3272 1583 3339 tolerat,
1606 3273 1814 3343 quosiu
1845 3273 1951 3327 line
1980 3289 2112 3330 con-

524 3365 762 3431 denmat,
792 3364 914 3435 quia
936 3364 1103 3434 judex
1146 3363 1365 3417 humani
1393 3362 1609 3433 generis
1651 3360 1919 3425 Christus,
1949 3379 2110 3434 quem

525 3454 615 3510 ille
644 3454 913 3525 signabat,
948 3453 1054 3508 illis
1078 3469 1222 3509 nunc
1264 3452 1692 3508 misericorditer
1718 3454 1896 3524 parcit
1917 3455 2113 3522 quibus

527 3546 582 3600 in
610 3545 715 3599 line
740 3546 919 3600 saeculi
950 3547 1275 3601 sententiam
1306 3543 1453 3614 juste
1485 3544 1850 3600 damnationis
1902 3545 2113 3615 iniiigit.

526 3638 699 3694 David
731 3639 912 3709 itaque
958 3638 1386 3694 misericordiam
1424 3649 1701 3711 prorogat,
1730 3638 1983 3694 Salomon
2029 3639 2116 3709 ju-

525 3730 731 3785 stitiam
753 3729 982 3801 judicat,
1009 3729 1133 3799 quia
1164 3745 1303 3798 unus
1347 3729 1597 3800 idemque
1653 3728 1981 3799 Redemptor
2023 3746 2118 3784 no-

528 3830 643 3876 ster
670 3830 726 3876 et
766 3837 908 3877 nunc
955 3821 1112 3894 quasi
1168 3821 1336 3877 David
1386 3821 1743 3893 reproborum
1802 3821 2120 3892 iniquitates

531 3911 907 3981 :equanimiter
931 3913 1149 3980 tolerat,
1177 3922 1233 3968 et
1274 3914 1615 3983 postmodum
1654 3922 1911 3983 tanquam
1965 3912 2119 3968 Salo-

533 4020 686 4072 mon,
718 4004 775 4061 in
801 4005 972 4077 gloria
998 4020 1095 4060 sua
1121 4005 1366 4071 veniens,
1388 4020 1484 4061 eos
1508 4006 1660 4076 quasi
1687 4005 1900 4060 vibrato
1932 4003 2120 4073 ,ἰυάίάί

529 4095 611 4150 ειιί
637 4111 895 4153 mucrone
921 4096 1175 4151 trucidat.
1207 4095 1336 4151 Hzec
1363 4095 1647 4150 alternitas
1660 4094 1827 4149 divini
1855 4093 2123 4148 examinis

535 4183 847 4255 frequenter
894 4187 945 4241 in
995 4186 1585 4244 eisdemsermonibus
1633 4186 1930 4251 invenitur,
1977 4182 2121 4238 sicut

534 4275 675 4332 illic:
714 4294 732 4327 ι
762 4276 1214 4343 Misericordiam,
1250 4276 1445 4347 inquit,
1498 4286 1555 4331 et
1593 4275 1857 4345 judicimn
1887 4276 2120 4330 cantabo

2198 1804 2324 1859 vita:
2353 1807 2527 1861 stadio
2558 1806 2911 1871 laborantem,
2938 1807 3019 1862 sic
3045 1805 3353 1861 Salomonis
3376 1804 3534 1860 istius
3584 1802 3795 1856 incom-

2200 1897 2457 1965 parabilis
2480 1897 2649 1966 gloria
2674 1894 3338 1968 praefiguratur,eumdem
3356 1892 3645 1948 Dominum
3674 1896 3797 1958 post

2202 1989 2386 2044 mundi
2416 1987 2575 2043 linem
2604 1989 2656 2043 in
2686 1987 2897 2057 paterni
2947 1986 3197 2041 culminis
3230 1982 3520 2052 majestate
3561 1993 3799 2050 regnan~

2203 2090 2333 2135 tem.
2364 2079 2429 2133 Et
2450 2079 2789 2149 praecedebat
2811 2077 3073 2147 sapientia
3106 2073 3419 2131 Salomonis
3465 2070 3794 2142 sapientiam

2202 2173 2440 2228 omnium
2474 2171 2828 2227 Orientalium
2858 2179 2912 2225 et
2937 2168 3339 2241 Egyptiorum,
3371 2164 3497 2234 quia
3537 2161 3798 2218 nimirum

2206 2264 2539 2337 Redemptor
2569 2273 2754 2321 noster
2781 2271 3001 2335 superat
3032 2261 3363 2318 intellectum
3392 2270 3447 2316 et
3472 2255 3797 2328 angelorum

2205 2365 2260 2411 et
2295 2355 2594 2411 hominum.

2737 2449 2897 2521 207
2936 2446 3161 2506 CAPUT
3200 2445 3288 2502 ιν.

2746 2541 2813 2596 In
2841 2546 3022 2596 eailem
3047 2539 3293 2610 epistola.

2282 2633 2358 2691 De
2407 2633 2501 2690 illo
2532 2648 2748 2704 quoque
2779 2632 3012 2688 dicitur:
3056 2650 3075 2682 ι
3127 2630 3264 2698 Quia
3314 2629 3527 2684 locutus
3573 2633 3660 2683 est
3695 2622 3803 2680 tria

2210 2727 2377 2784 millia
2398 2726 2707 2799 parabolas,
2756 2737 2809 2780 et
2836 2724 3054 2779 fuerunt
3103 2726 3344 2778 carmina
3379 2720 3498 2789 ejus
3555 2719 3802 2789 quinque

2211 2819 2413 2885 millia;
2443 2837 2463 2870 ι
2496 2817 2583 2874 ubi
2610 2825 2807 2887 prmsto
2860 2813 3229 2885 subjungitur:
3266 2830 3285 2863 ι
3323 2810 3458 2879 Quia
3508 2806 3806 2879 disputavit

2211 2912 2376 2967 etiam
2405 2926 2569 2981 super
2604 2908 2763 2980 lignis
2789 2923 2818 2961 a
2844 2908 3006 2962 cedro
3034 2921 3154 2977 qua:
3173 2914 3258 2960 est
3280 2904 3334 2958 in
3377 2901 3588 2957 Libano
3632 2912 3806 2969 usque

2213 3004 2279 3059 ad
2309 3004 2602 3074 hyssopum
2651 3016 2773 3071 qua:
2797 2999 3072 3069 egreditur
3101 2999 3167 3053 de
3197 2996 3426 3067 pariete,
3452 3003 3507 3049 et
3547 2988 3806 3047 disseruit

2209 3096 2576 3169 dejumentis,
2598 3102 2654 3148 et
2676 3091 3005 3155 volucribus,
3033 3098 3087 3146 et
3118 3089 3421 3160 reptilibus,
3466 3095 3522 3141 et
3564 3083 3805 3154 piscibus

2214 3186 2342 3259 (Ill
2380 3186 2506 3258 Reg.
2538 3199 2646 3255 ιν).
2682 3203 2700 3234 ι
2737 3182 2869 3250 Qua:
2921 3180 3176 3236 videlicet
3220 3177 3568 3247 Redemptori
3613 3184 3805 3230 nostro

2215 3295 2318 3333 non
2344 3275 2636 3346 ambigitur
2662 3285 2855 3329 cuncta
2884 3285 3209 3341 congruere,
3234 3269 3319 3325 cui
3351 3277 3513 3324 vacat
3545 3267 3662 3322 haec
3712 3264 3798 3318 di-

2212 3367 2400 3440 ligcnti
2423 3366 2857 3423 consideratione
2900 3373 3153 3419 tractare.
3212 3361 3331 3430 lpse
3390 3358 3666 3414 mimirum
3699 3356 3803 3410 tria

2218 3461 2383 3514 millia
2415 3456 2701 3528 parabolas
2729 3466 2811 3513 est
2833 3457 3061 3518 locutus,
3087 3454 3255 3523 quiet
3286 3467 3384 3523 per
3405 3451 3637 3522 mystica
3661 3462 3803 3518 pra-

2217 3551 2525 3607 cedentium
2562 3549 2701 3604 facta
2724 3558 2777 3604 et
2800 3564 2896 3620 per
2916 3547 3205 3619 allegorica
3241 3546 3631 3616 prophetarum
3682 3556 3807 3597 ora-

2217 3644 2358 3706 cula,
2390 3641 2471 3698 vel
2497 3642 2662 3697 etiam
2684 3657 2781 3711 per
2802 3640 3139 3695 coruscantis
3158 3637 3432 3709 Evangelii
3455 3636 3804 3699 documenta,

2219 3735 2345 3791 dum
2376 3734 2475 3790 sub
2506 3735 2796 3805 figurarum
2830 3731 3098 3786 velamine
3126 3744 3264 3799 pene
3298 3737 3495 3783 cuncta
3525 3726 3805 3791 disseruit,

2216 3827 2373 3898 quasi
2402 3825 2506 3879 tria
2531 3825 2694 3879 millia
2725 3824 2777 3878 in
2811 3823 2990 3877 verbis
3012 3822 3125 3875 suis
3161 3819 3447 3890 parabolas
3479 3816 3805 3872 numeravit.

2223 3917 2375 3974 Unde
2400 3917 2534 3973 etin
2586 3914 2879 3985 Evangelia
2931 3913 3355 3969 Mattbmusait:
3392 3931 3409 3962 ι
3458 3909 3587 3965 Hmc
3627 3908 3808 3963 omnia

2222 4012 2438 4067 locutus
2466 4017 2552 4066 est
2571 4007 2730 4063 Jesus
2758 4008 2809 4061 in
2852 4004 3124 4076 parabolis
3149 4003 3213 4058 ad
3244 4004 3449 4066 turbas,
3482 4010 3539 4055 et
3565 4001 3684 4055 sine
3710 4012 3808 4067 pa-

2225 4104 2427 4160 rabolis
2473 4116 2582 4157 non
2623 4098 2944 4171 loquebatur
2965 4097 3047 4152 eis
3093 4095 3322 4166 (Matth.
3366 4096 3522 4163 xm).
3569 4111 3588 4144 ι
3647 4089 3813 4157 Cujus

2222 4195 2388 4251 etiam
2435 4194 2679 4250 carmina
2725 4190 2965 4263 quinque
3013 4187 3181 4243 millia
3225 4195 3385 4251 sunt,
3434 4184 3562 4254 quia
3612 4181 3812 4235 chorus

2223 4286 2514 4358 virginum,
2537 4298 2659 4353 quae
2709 4282 2809 4337 sub
2859 4279 3110 4351 quinario
3158 4290 3387 4332 numero
3431 4273 3815 4329 describuntur

537 4369 658 4432 tibi,
712 4369 936 4424 Domine
989 4367 1178 4440 (Psal.
1203 4368 1295 4436 c):
1331 4387 1349 4419 ι
1392 4367 1489 4421 Et:
1538 4385 1556 4418 ι
1607 4364 2032 4421 Misericordiam
2065 4375 2118 4420 et
2151 4406 2197 4466 Β
2225 4385 2354 4431 ante
2384 4375 2637 4430 thronum
2668 4370 2806 4440 eius,
2835 4370 2979 4426 δίουι
2999 4367 3237 4424 Joannes
3272 4366 3326 4421 in
3355 4362 3681 4435 Apocalypsi
3733 4359 3815 4415 di-

534 4464 817 4516 veritatem
839 4460 1013 4533 diligit
1049 4460 1192 4516 Deus
1218 4457 1396 4539 (ρειαί.
1420 4460 1692 4531 mum):
1743 4458 2118 4514 Misericordia

535 4565 583 4610 et
611 4555 815 4608 veritas
843 4553 1196 4608 obviaverunt
1217 4552 1318 4606 sibi
1345 4548 1526 4623 (P521.
1552 4552 1808 4619 Lxxxw).
1853 4570 1871 4602 ι
1903 4548 1993 4604 Sic
2019 4550 2121 4604 ita-

444 4701 449 4705 .
535 4661 641 4718 que
669 4645 793 4701 dum
818 4644 1190 4700 misericordia
1221 4644 1457 4706 veritati,
1485 4642 1643 4712 quasi
1690 4640 1858 4696 David
1909 4656 2120 4712 ιιι-τερο-

536 4737 687 4793 nitur
715 4736 1024 4797 Salomoni;
1052 4747 1108 4789 ut
1127 4750 1264 4805 quos
1289 4734 1375 4806 pie
1391 4733 1557 4788 David
1582 4748 1680 4804 per
1692 4732 2122 4788 misericordiam

542 4827 794 4893 sustinet,
847 4826 1102 4881 Salomon
1151 4840 1247 4897 per
1279 4823 1545 4894 judicium
1591 4822 1739 4891 juste
1777 4823 2121 4877 condemnet.

546 4918 610 4971 Et
644 4920 934 4974 notandum
967 4917 1111 4989 quod
1157 4933 1253 4988 per
1295 4915 1453 4984 Joab,
1483 4918 1576 4988 qui
1616 4916 1730 4972 suis
1778 4915 2130 4971 homicidium

547 5008 795 5063 manibus
830 5009 1187 5079 perpetravit,
1223 5008 1299 5062 illi
1330 5010 1685 5078 designantur
1713 5005 1805 5075 qui
1850 5004 1992 5060 mala
2043 5004 2126 5057 fa-

548 5098 730 5162 ciunt;
764 5116 857 5169 per
893 5100 1073 5156 Semei
1102 5116 1250 5167 vero,
1279 5102 1370 5172 qui
1400 5101 1509 5171 regi
1562 5099 1939 5155 tantummodo
1965 5095 2132 5151 male-

548 5187 781 5250 dixerat,
808 5188 881 5243 illi
905 5190 1119 5259 figurati
1159 5201 1286 5246 sunt
1308 5192 1398 5262 qui
1442 5206 1605 5260 prava
1650 5191 1962 5263 loquuntur.
1994 5186 2129 5242 Nam

548 5290 607 5333 et
630 5276 683 5332 bi
711 5279 803 5347 qui
824 5282 1072 5348 nequiter
1097 5291 1285 5352 agunt,
1320 5292 1373 5336 et
1404 5280 1479 5336 illi
1532 5283 1626 5352 qui
1656 5282 1996 5338 sermonibus
2051 5295 2134 5334 re-

2229 4469 2337 4523 cit:
2371 4485 2391 4520 ι
2429 4465 2713 4522 Canticum
2768 4478 2966 4519 novum
3013 4462 3216 4533 jugiter
3268 4457 3578 4515 modulatur
3619 4454 3812 4527 (Apoc.

2230 4557 2376 4631 xw).
2415 4577 2436 4613 ι
2491 4556 2588 4613 Vel
2630 4556 2755 4627 quia
2786 4555 3026 4625 quinque
3084 4559 3213 4608 sunt
3274 4549 3501 4605 vulnera
3550 4544 3814 4602 Dominici

2230 4650 2491 4719 corporis,
2522 4648 2719 4718 quibus
2746 4660 2843 4717 per
2875 4645 3187 4700 universum
3223 4642 3411 4698 orbem
3470 4635 3815 4707 triumphalis

2230 4738 2349 4810 ejus
2368 4739 2538 4811 gloria
2559 4738 2911 4808 przedicatur,
2941 4735 3041 4792 sub
3070 4735 3261 4790 eodem
3299 4743 3531 4787 numero
3573 4726 3818 4783 carmina

2231 4840 2617 4903 supputantur,
2641 4832 2742 4886 sub
2770 4844 2878 4900 quo
2911 4836 3164 4884 tenentur
3187 4836 3243 4882 et
3270 4826 3516 4890 vulnera,
3548 4839 3648 4895 per
3701 4835 3818 4892 quae

2228 4922 2458 4978 victoria
2481 4921 2773 4992 singularis
2785 4920 2965 4977 laudis
2976 4928 3192 4975 mternze
3204 4917 3432 4989 gloriam
3450 4923 3816 4988 promeretur.

2234 5011 2389 5068 Unde
2412 5027 2535 5068 cum
2567 5012 2618 5066 in
2642 5010 2882 5067 Cauticis
2905 5009 3136 5063 dicitur:
3166 5025 3184 5057 ι
3221 5006 3417 5076 Surge,
3465 5005 3643 5060 amica
3676 5016 3816 5063 mea,

2229 5116 2426 5171 sponsa
2454 5115 2597 5167 uinea,
2623 5110 2679 5155 et
2724 5100 2870 5164 veni,
2905 5098 3151 5153 columba
3187 5110 3330 5158 mea,
3360 5095 3412 5150 in
3462 5093 3820 5150 foraminibus

2231 5202 2399 5262 petrae
2423 5193 2558 5247 etin
2607 5205 2840 5249 caverna
2896 5189 3176 5252 macerize;
3215 5206 3235 5239 ι
3291 5186 3542 5255 protinus
3570 5184 3815 5240 additur:

2245 5302 2264 5338 ι
2294 5283 2532 5345 Ostende
2555 5285 2684 5340 mihi
2712 5285 2900 5339 faciem
2935 5291 3114 5345 tuam;
3147 5291 3302 5333 sonet
3334 5293 3434 5333 vox
3473 5289 3564 5332 tua
3594 5277 3651 5333 in
3678 5275 3821 5330 auri-

3191 5370 3223 5382 η
