4052 6312
243 379 397 470 1117-

242 593 404 663 hujus
429 601 596 662 petrae
625 591 910 656 foramina,
943 591 1118 647 dulcis
1151 608 1250 647 vox
1279 607 1490 662 sponsa:
1537 595 1592 647 in
1642 595 1826 664 sponsi

245 686 470 741 auribus
505 699 702 740 sonare
724 685 1055 754 praecipitur.
1083 684 1210 753 quid
1234 683 1377 738 aliud
1404 699 1564 753 quam
1591 685 1832 754 quinque

242 777 558 832 vulneribus
603 775 704 830 sub
756 777 946 830 eodem
1001 775 1252 845 quinario
1310 791 1536 830 munero
1588 777 1830 830 carmina

243 867 462 923 laudum
497 867 721 920 reddere
749 866 833 935 pia
859 866 1109 935 quaelibet
1140 867 1340 930 anima,
1376 867 1457 920 vel
1505 875 1693 921 sancta
1718 866 1834 919 uni-

242 958 472 1013 versalis
496 957 758 1020 Ecclesia,
792 967 1188 1016 connnonetur.
1216 966 1272 1010 ut
1297 956 1418 1026 ejus
1440 959 1543 1010 lem
1575 957 1835 1026 quodam-

243 1047 407 1104 modo
434 1048 643 1103 numeri
675 1049 916 1102 carmina
946 1046 1142 1101 referat
1179 1058 1308 1115 quot
1332 1063 1430 1118 per
1477 1062 1537 1101 se
1584 1055 1836 1116 suscepta

243 1139 468 1193 vulnera
502 1153 605 1192 non
637 1139 873 1208 ignorat,
931 1138 1114 1208 illique
1167 1150 1393 1193 cunctos
1445 1139 1526 1193 sui
1587 1139 1836 1208 corporis

245 1245 438 1284 sensus
465 1229 699 1290 dedicet,
727 1245 885 1299 quem
911 1231 1135 1284 totidem
1171 1246 1269 1298 pro
1299 1245 1357 1284 se
1387 1231 1690 1284 sauciatqu
1723 1229 1838 1284 vul-

246 1319 469 1374 neribus
494 1319 673 1374 videt?
699 1319 948 1388 Quinque
980 1321 1234 1374 nimirum
1254 1329 1560 1374 n0strorum
1579 1336 1835 1375 sensuum

247 1411 492 1473 vulnera,
525 1409 631 1464 illis
658 1412 897 1478 quinque
923 1410 1188 1464 Duminici
1221 1410 1464 1479 corporis
1487 1411 1838 1464 cicatricibus

248 1507 374 1554 sunt
406 1509 615 1552 sanata.
649 1498 1001 1566 Quodamem
1059 1499 1313 1555 Salomon
1373 1516 1537 1571 Super
1591 1501 1750 1572 lignis
1808 1518 1837 1556 a

249 1591 434 1656 cedro,
471 1605 592 1659 quae
613 1600 697 1646 est
723 1592 776 1645 in
800 1591 1026 1656 Libano,
1067 1609 1237 1663 usque
1261 1594 1328 1646 ad
1361 1596 1676 1665 hyssopum,
1721 1609 1841 1664 quae

248 1682 522 1752 egreditur
543 1686 608 1738 i'e
631 1680 1192 1756 pariete,'disputasse
1211 1688 1437 1750 dicitur;
1473 1689 1559 1742 hic
1586 1703 1840 1744 necessa-

250 1775 332 1827 rio
370 1774 436 1828 al
469 1775 802 1846 spiritualem
833 1779 1126 1832 remittitur
1167 1780 1525 1845 intellectum,
1559 1796 1681 1834 cum
1725 1779 1842 1833 nul-

252 1867 465 1922 latenus
483 1875 632 1924 stare
659 1869 832 1925 valeat
858 1871 1173 1941 superﬁcies
1204 1872 1527 1927 litterarum.
1565 1874 1842 1945 llyssopns

251 1960 394 2014 enim
428 1976 766 2031 nequaquam
799 1963 863 2016 de
887 1964 1186 2032 parietibus
1216 1965 1421 2034 egredi,
1453 1965 1546 2020 sed
1577 1966 1642 2019 de
1679 1980 1844 2020 saxo-

252 2052 327 2106 sis
355 2053 893 2108 cemiturmoutibus
923 2055 1238 2124 germinari.
1275 2054 1461 2110 Parius
1518 2057 1699 2126 itaque
1742 2074 1840 2112 no-

251 2150 364 2194 ster
399 2142 515 2211 ipsa
550 2142 900 2198 mortalitatis
931 2152 1132 2198 nostra:
1152 2145 1391 2199 conditio
1418 2154 1519 2211 est,
1554 2163 1674 2216 quae
1699 2162 1843 2202 uosa

253 2233 716 2300 contemplatione
739 2232 1052 2290 Conditoris
1075 2235 1221 2290 velut
1244 2236 1440 2292 abditae
1454 2237 1643 2292 domus
1669 2238 1848 2293 obsta-

252 2323 434 2378 eulmn
464 2324 676 2389 dividit,
706 2327 834 2381 etin
861 2327 964 2381 ima
986 2327 1298 2398 proclivius,
1322 2329 1592 2385 declinare
1613 2330 1848 2399 compcl-

265 2411 336 2465 ait.
365 2432 383 2462 ‹
414 2411 620 2482 Corpus
641 2414 784 2467 enim
813 2415 956 2482 quod
1009 2416 1396 2485 corrumpitur,
1422 2448 1426 2452 -
1454 2428 1712 2488 aggravat
1736 2417 1848 2470 ani-

257 2515 436 2565 mam;
461 2510 517 2555 et
541 2502 794 2570 deprimit
827 2509 1040 2558 terrena
1066 2504 1384 2559 inhabitatio
1413 2519 1629 2560 sensum
1681 2507 1848 2560 multa

258 2589 584 2660 cogitantem
610 2591 628 2662 (
651 2590 774 2660 Sap.
809 2593 920 2664 ιι).
959 2612 975 2643 ι
1009 2594 1083 2647 Ex
1115 2597 1216 2650 hoc
1243 2609 1374 2666 ergo
1423 2597 1633 2666 pariete
1683 2597 1850 2668 208

258 2681 527 2750 byssOpus
552 2681 848 2750 egreditur,
873 2683 998 2752 quia
1041 2685 1107 2738 de
1137 2684 1428 2756 fragilitate
1455 2697 1656 2742 nostra:
1708 2704 1853 2742 mor-

261 2770 486 2826 talitatis
514 2772 770 2841 erumpit,
804 2774 946 2841 quod
967 2789 1183 2843 semper
1213 2791 1438 2831 necesse
1466 2786 1550 2831 est
1571 2775 1719 2832 ferro
1743 2793 1854 2848 po:-

260 2861 506 2916 nitentize
546 2864 801 2918 resecari.
862 2865 1108 2936 Hyssopo
1169 2867 1424 2921 nimirum
1487 2869 1848 2938 puriﬁcantur

260 2953 452 3008 intima
479 2955 704 3018 viscera,
735 2973 832 3025 per
859 2974 978 3028 qua:
1037 2975 1142 3016 nou
1198 2961 1494 3031 incongrue
1537 2963 1856 3035 designatur

261 3044 532 3100 confessio
561 3059 930 3116 peccatorum.
957 3050 1262 3120 Disputavit
1291 3052 1454 3122 igitur
1483 3064 1670 3108 uoster
1702 3055 1860 3109 Salo-

263 3151 388 3190 mon
410 3152 573 3206 super
597 3138 773 3208 lignis,
809 3140 1117 3196 hominibus
1164 3142 1416 3198 videlicet
1467 3144 1608 3197 intra
1657 3145 1854 3213 germi~

1537 385 1608 444 IN
1644 386 1771 443 LIB.
1811 385 1876 442 111
1919 386 2181 443 REGUM.

243 493 659 588 suntpominici
717 499 962 569 corporis
1019 497 1325 556 cicatrices.
1376 498 1483 555 Sed
1535 516 1658 554 cum
1703 509 1821 570 post
1853 507 1899 563 Α
1930 499 2179 569 praesenti
2208 497 2471 567 Ecclesia,
2508 514 2627 569 quae
2652 498 2888 555 caelestis
2919 499 3059 554 illius
3080 501 3335 556 Ecclesiae
3355 504 3516 556 vesti-

1933 594 2116 648 bulum
2138 602 2244 657 est,
2283 593 2566 648 Dominum
2615 593 2742 648 totis
2780 594 2988 649 viribus
3039 594 3268 648 ﬁrmiter
3297 604 3351 649 et
3377 609 3514 648 con-

1932 695 2143 740 stanter
2165 700 2430 738 amamus.
2471 685 2586 753 Ipsa
2608 685 2806 754 quippe
2829 684 3065 747 dilectio,
3110 684 3250 738 sicut
3281 683 3520 740 Joannes

1932 775 2261 844 evangelista
2296 776 2564 846 perhibet,
2601 775 2847 830 Deusest
2886 775 2951 845 (1
2981 775 3143 830 Joan.
3189 776 3297 844 tv).
3341 775 3408 828 Et
3443 775 3521 832 de

1936 869 2045 922 Deo
2067 865 2335 934 Propheta
2362 865 2572 933 psallit:
2607 884 2624 916 ι
2669 865 2810 919 Deus
2839 880 3013 929 meus,
3037 875 3091 918 et
3117 864 3378 920 fortitudo
3399 877 3521 920 mea

1935 960 1955 1026 (
1979 954 2126 1008 Psal.
2159 970 2266 1008 xui
2287 959 2321 1022 ).
2369 976 2388 1007 ι
2416 954 2734 1008 Columnam
2765 968 2917 1019 vero,
2943 969 3064 1022 qute
3093 963 3318 1008 vocatur
3346 953 3398 1006 in
3432 967 3522 1009 ro-

1936 1046 2067 1100 bore
2095 1045 2146 1098 in
2182 1045 2398 1099 sinistra
2427 1043 2668 1111 ejusdem
2709 1046 2959 1098 vestibuli
3007 1054 3157 1114 parte
3205 1045 3527 1111 statuimus,

1936 1151 2059 1192 cum
2090 1137 2396 1206 proximum
2433 1145 2677 1191 nostrum
2726 1137 2780 1190 in
2825 1137 2933 1192 Deo
2979 1138 3117 1191 sicut
3169 1136 3527 1206 nosmetipsos

1939 1243 2207 1282 amamus.
2237 1226 2333 1282 Ubi
2359 1227 2653 1282 notandum
2668 1229 2810 1297 quod
2833 1227 3113 1296 Scriptura
3138 1229 3484 1297 prosequitur
3507 1243 3523 1280 :

1945 1345 1962 1377 ι
1994 1323 2104 1379 Nec
2133 1340 2238 1378 non
2281 1333 2333 1376 et
2357 1323 2510 1393 quasi
2540 1322 2819 1378 cateuulas
2849 1322 2902 1376 in
2925 1321 3168 1386 oraculo,
3194 1330 3246 1376 et
3274 1335 3534 1391 superpo-

1940 1419 2047 1472 suit
2074 1433 2169 1471 eas
2216 1416 2485 1484 capitibus
2535 1412 3030 1482 columnarum”!
3094 1412 3218 1466 Par.
3254 1412 3366 1482 ιιι).
3401 1434 3417 1462 ο
3477 1409 3533 1464 ιιι

1942 1518 2144 1564 nosti-:e
2171 1508 2368 1577 quippe
2393 1505 2592 1560 mentis
2621 1504 2841 1560 oraculo
2871 1505 3139 1575 capitibus
3159 1504 3533 1558 columnarum

1943 1600 2223 1656 catenulas
2256 1597 2692 1669 superponimus,
2745 1596 2941 1665 quibus
2997 1593 3206 1648 scilicet
3242 1603 3534 1661 utramque

1943 1693 2249 1747 columnam
2280 1690 2498 1744 sibimet
2540 1687 2771 1742 invicem
2817 1693 3227 1747 conncctamus,
3274 1682 3402 1753 quia
3430 1693 3534 1737 nec

1947 1781 2116 1836 Deum
2149 1781 2265 1835 siue
2293 1780 2564 1850 proximo,
2610 1794 2711 1833 nec
2736 1777 3043 1846 proximum
3100 1788 3226 1830 vere
3267 1772 3541 1845 diligimus

1873 1856 1916 1913 Β
1944 1872 2063 1927 sine
2101 1873 2228 1926 Deo.

2549 1961 2778 2018 CAPUT
2817 1961 2904 2016 Vl.

1947 2050 2013 2106 In
2037 2053 2253 2122 epistola
2285 2053 2372 2106 ad.
2401 2055 2466 2106 Α.
2499 2051 2558 2105 ι).
2591 2052 2652 2105 1³.
2686 2051 2772 2122 ubi
2800 2049 3137 2122 conqueritur
3165 2047 3229 2102 de
3250 2045 3537 2103 insolentia

2440 2137 2725 2194 pravorth
2749 2121 3043 2173 hominum.

2022 2211 2097 2267 De
2129 2211 2295 2277 vasis,
2319 2227 2440 2282 qua:
2470 2211 2634 2264 lliran
2659 2211 2816 2280 jussu
2871 2208 3178 2265 Salomonis
3226 2207 3370 2278 regis
3417 2206 3548 2262 fecit

1953 2303 2004 2356 in
2033 2303 2193 2356 domo
2223 2301 2433 2355 Domini
2469 2302 2730 2369 scriptum
2759 2309 2846 2353 est
2884 2314 2897 2353 :
2934 2318 2951 2350 ι
2993 2299 3128 2366 Quia
3169 2299 3222 2352 iu
3255 2298 3548 2368 campestri

1952 2392 2174 2462 regione
2218 2391 2472 2446 Jordauis
2536 2391 2670 2444 fudit
2739 2406 2802 2445 ea
2856 2406 2947 2444 rex
3003 2391 3057 2444 in
3103 2390 3356 2461 argillosa
3403 2399 3550 2442 terra

1953 2482 2098 2538 inter
2167 2482 2369 2536 Sochot
2425 2491 2480 2534 et
2553 2482 2754 2535 Sartau
2816 2478 2945 2549 (ΙΙΙ
2984 2479 3112 2551 Reg.
3171 2480 3298 2550 vti).
3335 2497 3353 2531 ι
3387 2477 3554 2549 209

1955 2575 2158 2630 Sochot
2213 2575 2264 2628 in
2315 2573 2653 2628 tabernacula
2721 2572 2978 2638 vertitur,
3038 2572 3232 2627 Sartan
3284 2587 3412 2627 vero
3474 2573 3555 2625 iu-

1952 2679 2280 2740 terpretatur
2325 2669 2595 2722 tribulatio
2633 2684 2834 2732 eorum,
2891 2667 3002 2722 sive
3039 2667 3405 2721 demolitorem
3452 2672 3548 2718 aut

1957 2762 2437 2831 coangustantium.
2461 2759 2601 2826 Quid
2632 2760 2796 2830 igitur
2819 2774 2913 2828 per
2943 2759 3164 2824 Sochot,
3205 2759 3347 2827 quod
3385 2759 3554 2811 inter-

1959 2851 2160 2920 pretari
2194 2849 2539 2906 tabernacula
2571 2849 2827 2914 diximus,
2860 2849 2961 2903 nisi
2990 2861 3208 2903 sanctos
3238 2848 3383 2903 viros
3417 2848 3558 2902 acci-

1958 2944 2161 3013 pimus,
2211 2943 2301 3012 qui
2351 2941 2604 2996 videlicet
2658 2940 2889 2995 dicunt:
2931 2959 2949 2992 ι
2993 2939 3107 2994 Νοη
3158 2940 3420 2995 habemus
3469 2939 3559 2994 hic

1961 3042 2268 3089 manentem
2296 3033 2591 3095 civitatem,
2620 3033 2713 3087 sed
2730 3031 2966 3086 futuram
2993 3031 3558 3102 inquirimus?(ilebr.

1963 3131 2106 3201 xm.)
2137 3150 2154 3181 ι
2187 3131 2253 3184 Ει
2282 3130 2476 3183 Petrus
2507 3143 2522 3181 :
2557 3147 2575 3178 ι
2619 3128 2811 3184 Certus
2839 3144 2980 3194 stum,
3015 3128 3205 3198 inquit,
3233 3127 3375 3198 quod
3407 3126 3556 3181 velox

262 3230 447 3284 nantis
477 3230 731 3286 Ecclesiae
761 3233 1002 3286 membra
1029 3233 1308 3299 radicatis,
1341 3249 1369 3287 a
1406 3235 1570 3289 cedro
1600 3251 1719 3305 quae
1770 3245 1854 3291 est

1965 3230 2046 3276 est
2095 3220 2364 3291 depositio
2415 3219 2747 3273 tabernaculi
2803 3219 2906 3272 mei
2966 3216 3048 3288 (11
3083 3215 3228 3271 Petr.
3266 3216 3328 3288 ι).
3366 3237 3386 3270 ι
3421 3216 3561 3284 Quid

265 3324 320 3378 in
348 3323 579 3391 Libano,
609 3339 780 3394 usque
837 3325 904 3379 ad
955 3325 1422 3397 hyssopum,‘quze
1471 3329 1748 3397 egreditur
1794 3329 1859 3384 de

264 3414 497 3481 pariete,
521 3414 574 3468 id
605 3424 709 3480 est,
735 3416 803 3470 ab
828 3417 958 3486 ipsis
1000 3417 1368 3474 eminentibus
1422 3420 1626 3474 sanctis
1682 3421 1860 3474 nitore

263 3503 489 3576 justitizr.
525 3505 829 3560 candidatis
886 3521 1056 3576 usque
1110 3507 1177 3561 ad
1229 3517 1543 3576 peccatores
1589 3519 1644 3563 et
1683 3510 1863 3579 lapsos

273 3603 436 3663 atque
487 3595 553 3648 ad
601 3597 936 3665 pmnitentiae
986 3597 1204 3652 demum
1257 3599 1490 3654 lamenta
1544 3616 1858 3658 conversos.

269 3682 408 3738 Hinc
434 3695 518 3738 est
545 3686 686 3755 quod
715 3687 992 3755 sequitur:
1027 3705 1046 3738 ι
1084 3689 1349 3744 Disseruit
1373 3700 1425 3745 et
1449 3689 1812 3759 dejnmeutis,
1841 3712 1858 3744 ι

271 3790 581 3833 sanctorum
634 3779 841 3833 scilicet
903 3780 1274 3849 adjutoribus,
1347 3785 1633 3840 catholicis
1699 3786 1863 3852 viris;

277 3889 296 3920 ι
329 3881 384 3923 et
412 3869 478 3924 de
501 3869 830 3933 volucribus,
863 3888 879 3920 ι
921 3868 1230 3924 hominibus
1255 3871 1646 3941 nimirum,per
1673 3883 1863 3928 sancta

271 3961 538 4016 desideria
567 3963 632 4017 ad
661 3976 894 4030 superna
920 3962 1224 4030 suspensis;
1260 3980 1278 4011 ι
1304 3972 1353 4016 et
1378 3963 1442 4018 de
1472 3965 1755 4032 reptilibus
1811 3974 1866 4019 et

271 4053 532 4122 piscibus,
570 4074 588 4106 ›
617 4055 718 4109 hoc
747 4063 849 4118 est,
880 4056 943 4108 de
983 4054 1067 4108 his
1095 4055 1392 4124 quipectus
1414 4057 1868 4126 concupiscentite

275 4162 372 4216 per
403 4155 603 4203 terram
637 4148 857 4202 trahunt
884 4157 938 4202 et
962 4146 1052 4218 qui
1090 4162 1186 4218 per
1241 4148 1578 4204 smcularium
1632 4149 1870 4221 negotio-

275 4255 396 4295 rum
429 4238 627 4297 ﬂuenta
660 4250 944 4312 vagantur.

803 4349 811 4360 '
903 4333 1131 4389 CAPUT
1173 4334 1234 4388 V.

275 4426 345 4482 1η
371 4427 589 4498 epistola
613 4430 681 4482 ad
708 4428 1139 4554 Alberilcrtnt,!ttbi
1161 4431 1358 4484 dicitur
1382 4429 1445 4482 de
1500 4428 1863 4482 mansionibus

909 4518 1025 4554 δινσε
1050 4512 1266 4554 Harum.

909 4512 1266 4555 sraetttarum.

356 4609 375 4641 ι
405 4589 608 4645 Statuit
635 4591 892 4646 Salomon
917 4592 1051 4646 duas
1080 4595 1134 4646 in
1161 4592 1426 4648 vestilmlo
1449 4592 1630 4663 templi
1656 4592 1872 4646 Domini

281 4679 586 4746 columnas,
615 4697 780 4735 unum
826 4697 854 4736 a
884 4683 1112 4747 dextris,
1143 4691 1197 4736 et
1242 4683 1469 4738 alteram
1502 4698 1531 4736 a
1580 4683 1822 4737 sinistris
1855 4699 1868 4734 :

281 4787 423 4838 eam,
453 4789 626 4843 quma
653 4776 859 4831 dextris
893 4786 1034 4839 erat,
1084 4778 1300 4832 vocavit
1352 4776 1589 4841 Jachim,
1645 4778 1748 4832 hoc
1793 4787 1876 4831 est

285 4864 545 4918 ﬁrmitas:
574 4875 628 4919 et
661 4880 779 4934 qua:
800 4868 865 4920 ad
899 4868 1096 4933 levam,
1127 4867 1290 4931 Booz,
1318 4868 1420 4923 hoc
1447 4877 1550 4931 est,
1582 4867 1633 4921 in
1686 4867 1879 4923 robore

285 4952 414 5024 (111
446 4953 569 5024 Reg.
596 4971 702 5020 vn;
739 4955 802 5009 II
829 4954 958 5012 Par.
985 4959 1100 5027 ιιι).
1140 4977 1157 5008 ι
1194 4958 1331 5024 Quid
1361 4959 1505 5013 enim
1553 4973 1648 5028 per
1674 4959 1882 5013 colum-

284 5058 434 5108 nam,
465 5059 585 5112 qua:
607 5061 635 5098 a
661 5047 866 5101 dextris
892 5056 974 5101 est
1001 5059 1056 5102 et
1083 5058 1311 5104 vocatur
1365 5048 1618 5113 ﬁrmitas,
1657 5049 1759 5103 nisi
1793 5048 1878 5101 di-

287 5129 451 5185 lectio
483 5133 609 5194 Dei;
646 5144 700 5188 ct
729 5151 849 5204 quae
876 5153 903 5189 a
938 5138 1176 5192 sinistris
1199 5148 1304 5204 est,
1334 5148 1389 5193 et
1419 5149 1641 5193 vocatur
1691 5139 1742 5192 in
1796 5153 1880 5191 ro-

287 5223 444 5287 bore,
483 5225 584 5278 nisi
608 5225 826 5281 dilectio
853 5229 1124 5298 proximi?
1161 5229 1318 5282 Aliud
1343 5238 1427 5283 est
1455 5230 1600 5283 enim
1629 5229 1878 5293 ﬁrmitas,

288 5315 392 5370 hoc
417 5325 521 5381 est,
554 5318 728 5387 ipsum
755 5321 940 5385 robur,
965 5321 1108 5375 aliud
1141 5321 1192 5376 in
1214 5321 1432 5385 robore,
1462 5321 1718 5390 quoniam
1735 5320 1880 5375 aliud

289 5416 373 5461 est
398 5409 621 5480 diligere
648 5413 818 5482 ipsum
875 5415 1181 5480 Dominum,
1237 5415 1383 5468 aliud
1426 5415 1652 5486 diligere
1699 5417 1881 5486 proxi-

289 5515 438 5554 mmn
471 5502 523 5556 in
549 5504 682 5558 Deo.
719 5504 774 5558 In
808 5504 1096 5560 dilectione
1117 5506 1313 5575 quippe
1343 5505 1578 5575 proximi
1623 5520 1878 5560 mensura

288 5595 544 5662 ponitur;
573 5597 854 5652 Dominum
880 5613 1004 5652 vero
1063 5598 1287 5668 diligere
1335 5599 1452 5654 sine
1497 5597 1603 5653 ulla
1655 5612 1879 5668 prorsus

293 5702 546 5744 mensura
571 5691 842 5758 iubemur.
874 5690 930 5744 lu
962 5691 1229 5746 vestibulo
1257 5707 1387 5762 ergo
1439 5690 1623 5759 templi
1677 5688 1881 5744 colum-

292 5792 441 5848 nam,
470 5797 588 5851 qua:
622 5782 849 5838 ﬁrmitas
888 5790 1140 5850 vocatur,
1197 5782 1478 5853 erigimus,
1530 5797 1648 5835 eum
1679 5781 1732 5834 in
1774 5779 1876 5834 hac

1906 4557 1955 4614 D

1965 3328 2095 3368 vero
2125 3328 2223 3384 per
2251 3312 2470 3389 Sartan,
2499 3326 2619 3380 qum
2639 3309 2926 3364 tribulatio
2964 3323 3151 3363 eorum
3193 3308 3414 3373 dicitur,
3456 3307 3561 3362 nisi

1963 3406 2316 3477 reproborum
2349 3404 2719 3461 tribulantimn
2752 3418 2848 3457 nos
2875 3403 3186 3473 persecutio
3208 3400 3561 3473 designatur?

1967 3500 2032 3554 lli
2079 3500 2334 3553 nimirum
2375 3505 2428 3552 et
2465 3495 2810 3552 demolitores
2855 3504 2910 3549 ct
2947 3501 3372 3564 coangustantcs
3411 3502 3558 3558 sunt,

1966 3592 2091 3661 quia
2124 3590 2249 3644 dum
2285 3589 2529 3643 demoliri
2561 3595 2723 3656 atque
2777 3586 3058 3640 destruere
3097 3585 3216 3640 ﬁdei
3245 3593 3444 3639 nostras
3483 3583 3568 3639 vel

1967 3681 2092 3736 boui
2125 3681 2305 3749 operis
2351 3677 2637 3733 tediﬁcium
2681 3683 2911 3738 tentant,
2955 3676 3106 3730 duris
3157 3673 3473 3743 iniuriarum
3504 3688 3571 3728 ac

1969 3786 2350 3843 pressurarmn
2399 3784 2498 3822 nos
2546 3766 2946 3824 calamitatibus
2997 3773 3372 3836 coangustant.
3426 3764 3571 3821 Vasa

1970 3879 2101 3932 ergo
2133 3863 2337 3931 templi,
2373 3861 2424 3914 id
2454 3869 2536 3914 est
2565 3875 2756 3913 omnes
2794 3859 2952 3912 electi
2989 3857 3285 3910 funduntur
3327 3857 3380 3909 in
3417 3869 3571 3910 cam-

1971 3959 2139 4028 pestri
2193 3957 2414 4026 regione
2469 3955 2743 4014 Jordanis,
2793 3953 2845 4006 id
2903 3961 2988 4005 est
3034 3953 3086 4004 in
3133 3949 3438 4004 humilitate
3474 3947 3572 4002 ba-

1973 4047 2153 4118 ptismi
2172 4064 2186 4111 ;
2203 4047 2346 4101 inter
2365 4047 2565 4099 Sochot
2586 4053 2639 4099 et
2657 4044 2878 4105 Sartan,
2898 4042 2945 4095 id
2969 4051 3051 4096 est
3070 4039 3394 4108 interjustos
3409 4048 3572 4111 atque

1974 4152 2280 4208 perversos,
2310 4145 2368 4189 ut
2407 4144 2461 4190 et
2489 4136 2754 4188 bonorum
2800 4133 2971 4185 forma
3001 4137 3334 4201 proponatur
3368 4128 3476 4184 illis
3501 4129 3570 4183 ad

1977 4229 2298 4285 imitandum
2341 4236 2497 4283 rectae
2529 4224 2960 4281 conversationis
2996 4222 3323 4290 exemplum,
3355 4230 3410 4276 et
3444 4236 3571 4291 pra-

1977 4337 2167 4376 vorum
2199 4320 2502 4390 persecutio
2529 4319 2594 4372 ad
2629 4317 2903 4372 cumulum
2934 4316 3038 4370 illis
3076 4313 3323 4386 proﬁciat
3351 4314 3577 4368 merito-

1981 4430 2122 4468 rum.
2156 4433 2174 4465 ‹
2213 4413 2352 4468 Vasa
2384 4410 2601 4480 quidem
2648 4408 2794 4480 ﬁguli
2829 4408 3020 4478 probat
3071 4405 3285 4470 foruax,
3316 4413 3370 4458 et
3404 4402 3580 4460 homi-

1989 4523 2084 4564 nes
2103 4506 2280 4577 justos
2309 4503 2534 4560 tentatio
2573 4501 2938 4558 tribulationis
2967 4498 3159 4572 (Eccli.
3194 4499 3386 4571 xxvii).
3429 4517 3448 4551 ι

2053 4597 2108 4652 ln
2154 4595 2302 4650 arida
2354 4609 2484 4663 ergo
2515 4602 2658 4648 terra
2689 4591 2869 4661 templi
2920 4607 3049 4647 vasa
3100 4592 3418 4656 funduntur,
3445 4587 3576 4659 quia

1987 4704 2138 4744 mens
2170 4685 2406 4742 hominis
2436 4685 2503 4739 ad
2531 4683 2935 4752 suscipiendum
2963 4697 3212 4751 supernae
3237 4679 3424 4752 gratiae
3461 4696 3582 4734 mu-

1987 4795 2088 4832 nus
2125 4793 2228 4831 non
2282 4784 2365 4830 est
2412 4790 2672 4843 congrua,
2718 4775 2818 4827 nisi
2871 4773 3020 4842 prius
3055 4773 3123 4826 ab
3160 4771 3304 4826 omni
3343 4771 3581 4825 carnalis

1987 4867 2254 4922 illecebrae
2282 4865 2444 4920 fuerit
2471 4865 2697 4918 lmmore
2740 4864 2961 4917 siccata.
3010 4861 3165 4916 Sicca
3190 4861 3386 4930 quippe
3416 4863 3579 4916 corda

1989 4961 2194 5016 clarum
2242 4956 2541 5014 harmonia:
2589 4955 2848 5017 sonitum,
2893 4953 3110 5007 hmnida
3155 4951 3385 5006 reddunt
3424 4950 3585 5005 obtu-

1982 5067 2123 5106 sum.
2153 5049 2490 5121 Tympanum
2523 5061 2742 5116 quoque
2787 5045 3010 5098 surdum
3054 5049 3234 5106 sonat,
3273 5042 3315 5096 si
3357 5042 3584 5110 quilibet

1983 5160 2107 5200 eum
2140 5143 2320 5213 liquor
2346 5141 2645 5194 humectat.
2673 5136 2762 5190 Sic
2793 5150 3014 5190 necesse
3043 5143 3125 5189 est
3147 5141 3206 5188 ut
3236 5147 3389 5187 mens
3415 5132 3586 5187 homi-

1985 5234 2068 5287 nis
2121 5248 2149 5285 a
2187 5229 2366 5284 carnis
2411 5227 2689 5297 Voluptate
2746 5229 2817 5279 sit
2851 5224 3019 5288 arida,
3073 5231 3344 5293 quatenus
3390 5222 3440 5275 in
3491 5222 3583 5278 Dci

1984 5320 2374 5390 omnipotentis
2407 5317 2630 5371 auribus
2679 5316 2797 5385 ejus
2845 5314 3021 5368 oratio
3052 5313 3121 5367 sit
3155 5323 3366 5384 arguta.
3403 5311 3586 5364 Enim-

1983 5427 2116 5466 vero
2145 5413 2286 5466 sicut
2314 5411 2529 5474 oculus,
2563 5410 2688 5464 dum
2718 5409 2845 5462 solis
2874 5423 2932 5462 se
2965 5407 3130 5461 radiis
3162 5406 3366 5476 objicit.
3402 5407 3584 5460 videre

1985 5504 2187 5558 frustra
2231 5503 2530 5567 contendit,
2574 5511 2628 5556 et
2658 5515 2821 5555 cavos
2846 5499 3061 5569 quidem
3101 5499 3258 5553 orbes
3298 5514 3360 5551 ac
3388 5511 3584 5549 vacuas

1987 5595 2204 5666 pupillis
2251 5594 2536 5666 palpebras
2574 5592 2815 5662 pamlcre
2859 5591 3072 5657 nititur,
3113 5591 3210 5646 sed
3243 5588 3583 5658 Splendorem

1986 5702 2094 5756 quo
2118 5686 2460 5756 perfunditur
2507 5683 2815 5738 nullatenus
2868 5684 3130 5747 intuetur,
3162 5682 3238 5735 sic
3279 5679 3343 5732 ad
3378 5693 3581 5733 concu-

1986 5777 2299 5848 piscendam
2331 5773 2810 5845 contemplationis
2847 5773 3021 5830 lucem
3064 5787 3181 5826 sese
3212 5769 3446 5824 inaniter
3469 5766 3583 5824 eri-
