4078 5382
512 369 652 425 1119

508 482 606 554 git,
634 480 725 552 qui
771 496 867 550 per
911 481 1186 536 siccularis
1236 479 1359 539 vita:
1406 482 1657 536 meritum
1697 482 1869 536 aciem
1909 480 2091 537 cordis
2116 483 2173 546 Α

509 574 710 629 amisit.
755 573 884 627 Nam
911 574 956 628 si
983 573 1209 642 quilibet
1241 573 1453 644 ignotus
1485 573 1790 628 cubiculum
1835 573 1976 643 regis
2025 572 2095 628 ir-

506 672 723 735 rumpat
750 664 907 735 eique
935 678 1173 733 pra-scus
1216 672 1469 734 tanquam
1521 662 1805 719 familiaris
1853 663 2091 728 assistat,

507 754 652 824 regis
681 763 858 809 tamen
900 754 1136 823 alloquio
1165 768 1269 809 non
1302 753 1616 824 perfruitur,
1658 752 1783 823 quia
1815 753 2012 807 eharus
2040 753 2093 809 ei

505 858 601 913 per
628 844 914 899 anterioris
949 844 1152 899 notitiae
1182 845 1407 913 gratiam
1454 860 1558 899 non
1604 844 1851 908 habetur,
1891 843 1964 901 ita
1992 858 2091 898 nos

504 932 747 989 infelices
793 943 847 990 et
890 934 1096 1000 miseri,
1137 935 1278 1004 quod
1303 935 1516 1004 quidem
1556 936 1620 990 de
1664 934 1799 990 meis
1827 934 2092 989 similibus

502 1022 717 1093 loquor,
745 1039 884 1095 saepe
910 1024 1007 1080 soli
1036 1025 1088 1079 in
1120 1034 1344 1094 angusta
1383 1024 1584 1079 cellulae
1625 1024 1923 1083 remotione
1957 1039 2090 1079 cun-

503 1113 766 1180 sistimus,
795 1114 922 1168 solis
949 1115 1140 1168 divinae
1171 1113 1465 1182 majestatis
1493 1115 1770 1170 obtutibus
1797 1122 2092 1170 trementes

504 1211 783 1271 astamus,
837 1204 1071 1274 peccatis
1124 1212 1299 1258 tamen
1344 1204 1719 1269 obstantibus,
1774 1204 1859 1259 vel
1915 1203 2089 1259 intimi

503 1294 807 1365 splendoris
828 1295 1143 1364 igniculum,
1169 1295 1249 1347 vel
1279 1294 1704 1365 compunctionis
1725 1294 1954 1366 gratiam
1984 1309 2088 1351 non

506 1378 802 1442 meremur.
833 1386 924 1441 Sic
949 1386 1128 1456 itaque
1156 1385 1303 1441 velut
1323 1395 1446 1441 ante
1476 1385 1618 1457 regis
1642 1386 1885 1441 videmur
1912 1396 2091 1440 astare

502 1477 865 1548 praesentiam,
894 1477 986 1533 sed
1016 1476 1140 1546 quia
1167 1492 1262 1546 per
1288 1478 1411 1532 vita:
1439 1475 1814 1531 rectitudinem
1848 1474 1948 1529 sibi
1977 1475 2090 1530 noti

505 1582 614 1622 non
657 1582 863 1631 sumus,
911 1565 1282 1627 collocutionis
1330 1566 1557 1622 internae
1605 1566 1942 1621 dulcedinem
1979 1581 2086 1620 non

502 1664 797 1729 gustamus.
848 1655 975 1723 Sed,
1019 1671 1052 1711 0
1095 1656 1319 1711 dulcedo
1361 1657 1632 1722 melliﬂua,
1663 1671 1787 1712 cum
1830 1655 2088 1712 Dominus

502 1747 557 1801 in
602 1763 781 1815 servo,
833 1756 887 1804 et
937 1764 1125 1805 servus
1176 1748 1475 1804 delectatur
1524 1749 1576 1802 in
1622 1748 1883 1803 Domino!
1918 1747 2087 1802 'Unde

1411 368 1905 427 COLLECTANEA
1943 328 2012 426 in
2048 370 2277 428 verus
2333 360 2897 428 rasranus'ruu.‘

3634 362 3784 425 {120

2788 479 3017 537 CAPUT
3054 479 3187 538 Vill.

2506 570 2574 626 In
2594 571 2813 642 epistola
2838 572 2907 626 ad
2937 572 3182 643 Agnetem
3215 573 3466 643 reginam.

2272 681 2292 716 ι
2324 662 2440 719 Νοη
2475 671 2593 719 erat
2620 671 2923 735 argentum,
2956 678 3056 719 nec
3095 663 3255 718 ullius
3294 664 3449 733 pretii
3482 667 3780 735 putabatur

2193 754 2249 811 in
2292 754 2482 811 diebus
2523 754 2827 810 Salomonis
2863 754 2982 826 (III
3014 753 3143 824 Reg.
3177 754 3252 824 χ).
3288 773 3306 805 ι
3331 754 3483 821 Quod
3514 756 3776 809 nimirum

2193 845 2464 916 quomodo
2487 843 2640 915 juxta
2672 845 2902 900 litteram
2939 843 3120 907 stabit,
3153 853 3211 898 ut
3249 845 3393 899 credi
3423 845 3600 899 valeat
3631 854 3775 900 tem-

2193 951 2325 1007 pore
2346 936 2650 992 Salomonis
2671 943 2951 1007 argentum
2979 935 3059 988 vel
3086 935 3298 1004 penitus
3347 950 3450 988 non
3494 933 3686 998 fuisse,
3708 947 3779 989 ac
3814 932 3821 935 ⁷

2192 1036 2413 1097 propter
2432 1028 2536 1082 hoc
2558 1026 2779 1097 omnino
2799 1027 2864 1080 de
2892 1036 3029 1080 terra
3048 1025 3304 1091 deletum,
3336 1024 3420 1080 vel
3447 1024 3667 1089 nullius,
3686 1020 3780 1078 vel

2192 1118 2348 1173 exilis
2375 1117 2564 1173 saltem
2592 1116 2749 1187 pretii
2776 1116 3097 1171 constitisse.
3132 1112 3265 1168 Nam
3313 1115 3359 1168 si
3405 1113 3604 1168 nullius
3647 1119 3781 1169 erat

2191 1211 2371 1282 pretii,
2401 1210 2541 1266 sicut
2564 1208 2785 1275 dicitur,
2821 1223 2947 1275 ergo
2993 1206 3140 1261 mille
3187 1206 3381 1261 talenta
3431 1204 3654 1282 argenti.
3703 1219 3775 1258 ne

2193 1280 2355 1357 unius
2408 1300 2623 1370 quidem
2677 1299 2763 1355 ovi
2826 1305 3078 1369 poterant
3127 1295 3392 1367 appendio
3448 1280 3769 1364 supputari;

2191 1392 2334 1461 quod
2382 1406 2513 1447 sane
2565 1390 2734 1453 credi,
2783 1405 2943 1459 quam
2991 1385 3263 1460 frivolum,
3310 1399 3472 1454 quam
3519 1384 3773 1437 videatur

2192 1483 2431 1553 ineptum
2463 1482 2577 1552 ipse
2607 1480 2837 1536 revinxit
2875 1486 3050 1534 textus
3084 1484 3139 1531 et
3166 1476 3299 1530 ordo
3327 1474 3637 1538 verborum,
3671 1473 3767 1542 qui

2190 1583 2472 1643 postquam
2529 1573 2804 1643 praemittit
2840 1590 2854 1626 :
2893 1592 2911 1624 ί
2944 1570 3059 1625 Non
3117 1576 3238 1623 erat
3291 1575 3610 1637 argentum,
3667 1580 3772 1621 nec

2192 1665 2349 1720 ullius
2386 1665 2543 1734 pretii
2576 1665 2862 1733 putabatur
2890 1661 2943 1716 in
2969 1659 3154 1715 diebus
3186 1655 3509 1720 Salomonis,
3561 1673 3579 1707 ι
3623 1668 3768 1723 prae-

2190 1762 2273 1808 sto
2307 1752 2579 1824 subjungit
2617 1769 2628 1804 :
2670 1769 2688 1803 ‹
2722 1750 2855 1817 Quia
2896 1749 3083 1803 classis
3129 1746 3273 1816 regis
3313 1760 3411 1815 per
3450 1758 3599 1798 mare
3643 1757 3770 1797 cum

500 1835 784 1892 Psalmista
814 1857 824 1890 :
860 1857 879 1890 ι
916 1837 1109 1892 Suavis
1150 1839 1250 1904 sit,
1302 1838 1507 1906 inquit,
1560 1838 1609 1891 ei
1659 1836 1892 1893 laudatio
1925 1852 2074 1902 mea;
2110 1854 2154 1913 Β
2187 1845 2359 1900 classe
2384 1844 2569 1898 Hiram
2595 1842 2759 1899 semel
2788 1857 2884 1912 per
2913 1849 3022 1894 tres
3049 1853 3218 1892 annos
3254 1836 3366 1891 ibat
3392 1835 3647 1899 Tharsis,
3673 1836 3774 1889 de-

498 1941 596 1997 ega
622 1943 748 1983 vero
774 1928 1083 1984 delectabor
1109 1929 1163 1983 in
1187 1930 1411 1985 Domino
1440 1928 1611 2001 (Psal.
1638 1930 1774 2000 cm).
1819 1949 1838 1980 ›

1096 2019 1322 2076 CAPUT
1363 2020 1470 2075 Vll.

779 2108 843 2164 In
867 2126 1100 2165 sermone
1120 2110 1183 2164 de
1205 2112 1469 2165 nativitate
1492 2109 1550 2166 S.
1588 2110 1773 2164 Maria:

500 2248 505 2253 .
574 2216 595 2250 ι
632 2199 857 2254 Factum
890 2210 994 2267 est,
1041 2217 1163 2256 cum
1211 2202 1449 2257 exissent
1491 2203 1799 2257 sacerdotes
1852 2203 1918 2255 de
1948 2216 2078 2255 san—

497 2292 733 2356 ctuario,
764 2291 955 2346 nebula
982 2291 1224 2361 implebit
1257 2292 1472 2346 domum
1501 2291 1732 2354 Domini,
1762 2299 1815 2345 et
1851 2305 1954 2344 non
1981 2304 2075 2360 po-

496 2389 679 2440 terant
702 2384 1011 2440 sacerdotes
1035 2393 1180 2439 stare
1218 2398 1384 2454 prope
1411 2392 1631 2454 propter
1666 2381 1945 2447 nebulam;
1977 2381 2081 2435 im~

496 2474 740 2544 pleverat
780 2476 922 2529 enim
975 2475 1143 2545 gloria
1194 2475 1401 2528 Domini
1442 2474 1657 2527 domum
1707 2472 1916 2527 Domini
1961 2470 2081 2541 (III

492 2563 779 2635 .Reg.vnt).
800 2585 818 2617 ι
845 2584 863 2616 ς
892 2565 1022 2632 Qua:
1049 2565 1251 2629 omnia,
1275 2585 1293 2617 ι
1314 2566 1453 2620 sicut
1472 2565 1720 2635 egregius
1751 2563 2077 2634 praedicator

500 2655 666 2729 210
690 2654 843 2721 dicit,
872 2675 889 2708 ι
918 2657 971 2710 in
997 2656 1162 2726 figura
1185 2656 1568 2727 contingebant
1588 2656 1694 2711 illis
1717 2655 1767 2726 (I
1799 2654 1923 2710 Cor.
1948 2655 2026 2725 x).
2057 2674 2075 2707 ι

500 2746 680 2803 Gloria
704 2748 901 2818 quippe
929 2747 1137 2803 Domini
1165 2749 1478 2818 intelligitur
1502 2748 1779 2813 Christus,
1809 2746 1960 2815 cujus
1982 2747 2083 2801 [ide

492 2841 739 2911 repletus
769 2849 851 2897 est
872 2841 1140 2903 mundus;
1166 2842 1231 2897 de
1255 2856 1362 2911 qua
1391 2841 1563 2912 gloria
1588 2855 1710 2895 cum
1737 2854 1835 2908 pro
1862 2839 2084 2893 adorato

499 2932 670 2987 vitulo
723 2932 1107 3001 deprecaretur
1151 2932 1436 2987 Dominum
1488 2930 1698 3002 Moyses
1749 2939 1807 2983 ut
1840 2936 2086 2999 parceret

490 3026 703 3098 .populo
720 3027 1014 3097 peccatori,
1039 3025 1319 3097 respondit
1343 3024 1600 3080 Dominus
1623 3039 1636 3077 :
1661 3042 1678 3074 ‹
1699 3022 1967 3092 Propitius
1989 3035 2085 3077 ero

499 3118 611 3184 illi;
635 3125 1007 3174 verumtamen
1050 3119 1173 3175 vivo
1209 3133 1344 3189 ego,
1380 3126 1435 3171 et
1469 3116 1602 3170 vivit
1642 3129 1836 3170 nomen
1884 3128 2082 3177 meum,

2180 1932 2359 1988 ferens
2386 1932 2509 1987 inde
2544 1946 2733 1985 aurum
2766 1939 2820 1985 et
2848 1937 3150 1999 argentum.
3195 1945 3214 1978 ι
3246 1925 3357 1980 Cur
3384 1925 3527 2003 enim
3559 1938 3657 1992 per
3687 1928 3774 1979 tot

2177 2022 2385 2076 marina
2410 2020 2720 2076 discrimina
2749 2020 3022 2074 metallum
3044 2019 3146 2073 hoc
3172 2018 3359 2084 classis
3387 2018 3475 2072 illa
3502 2016 3766 2081 deferret,

2178 2111 2320 2182 quod
2350 2110 2580 2179 pretium
2627 2111 2839 2180 penitus
2885 2127 2988 2165 non
3040 2112 3306 2167 haberet?
3343 2111 3410 2165 Et
3452 2109 3615 2180 paulo
3641 2110 3772 2178 post

2177 2201 2378 2256 dicitur
2406 2215 2421 2254 :
2455 2219 2473 2251 ι
2511 2199 2647 2268 Quia
2673 2198 3037 2254 offerebantur
3056 2201 3103 2254 ei
3135 2215 3259 2253 vasa
3298 2213 3460 2253 aurea
3487 2206 3537 2251 et
3565 2212 3769 2265 argen-

2180 2300 2304 2359 tea;
2344 2310 2363 2344 ›
2393 2292 2583 2347 deinde
2603 2291 2975 2347 subinfertur:
3010 2310 3030 2344 ‹
3066 2292 3452 2361 Egrediebatur
3500 2288 3762 2356 quadriga

2180 2399 2243 2439 ex
2292 2382 2528 2454 [Egypto
2570 2384 2837 2438 sexcentis
2880 2381 3027 2438 siclis
3076 2382 3287 2454 argenti
3334 2390 3390 2436 et
3430 2380 3584 2449 equis
3634 2392 3766 2433 cen-

2184 2484 2293 2529 tum
2323 2474 2712 2544 quinquaginta
2747 2471 2956 2543 (lbid.).
2981 2491 2999 2524 ι
3026 2470 3141 2528 Non
3163 2486 3294 2542 ergo
3326 2470 3500 2541 pretio
3536 2469 3763 2524 carebat

2183 2573 2482 2635 argentum,
2511 2580 2618 2633 quo
2652 2563 2894 2617 vehicula
2925 2563 3328 2617 redimebantnr
3352 2574 3635 2631 equorum,
3667 2556 3764 2612 sed

2184 2664 2404 2725 argento
2428 2654 2737 2724 designatur
2760 2653 2981 2707 claritas
3017 2651 3396 2706 ecclesiasticae
3424 2647 3766 2718 praedicatio-

2184 2747 2287 2811 nis,
2355 2746 2419 2801 de
2472 2761 2577 2815 qua
2636 2745 2889 2800 dicitur:
2938 2762 2957 2796 ι
2992 2744 3219 2813 Eloqnia
3283 2741 3494 2797 Domini
3546 2738 3765 2810 eloquia

2187 2843 2353 2899 casta,
2395 2846 2673 2904 argentum
2706 2832 2878 2905 (Paul.
2913 2833 3013 2903 x1).
3049 2852 3067 2885 ι
3102 2832 3330 2895 Nullius,
3361 2840 3420 2884 ut
3444 2829 3519 2883 ita
3548 2828 3763 2897 loquar.

2187 2924 2341 2993 pretii
2376 2924 2533 2993 211
2581 2923 2967 2993 reputabimus,
3031 2938 3129 2977 nec
3174 2922 3510 2991 aliquatenus
3560 2919 3766 2974 erimus

2188 3014 2304 3084 ejus
2334 3013 2519 3084 indigi,
2544 3021 2826 3083 postquam
2870 3014 2936 3067 ad
2964 3013 3075 3067 veri
3112 3011 3413 3066 Salomonis
3444 3024 3665 3078 regnum
3694 3023 3763 3062 rx

2190 3106 2291 3161 hac
2337 3105 2598 3160 fuerimus
2645 3104 2952 3160 calamitate
2994 3104 3269 3168 translati;
3311 3118 3414 3156 non
3450 3101 3596 3156 enim
3635 3108 3764 3153 tunc

499 3209 627 3278 quia
644 3207 1131 3279 implebiturgloria
1155 3223 1272 3263 mea
1296 3208 1472 3263 omnis
1496 3213 1638 3261 terra
1656 3203 1844 3275 (Num.
1866 3203 2036 3273 xxiv).
2060 3222 2079 3255 ι
2114 3192 2158 3254 C
2192 3197 2589 3268 praedicationis
2611 3196 2909 3267 indigemus
2931 3195 3161 3264 eloquio,
3189 3194 3278 3247 ubi
3306 3193 3464 3248 datur
3487 3192 3539 3247 in
3562 3191 3764 3247 decore

501 3299 653 3366 Quod
677 3308 859 3354 autem
883 3297 1074 3356 nebula
1098 3298 1338 3369 implevit
1356 3298 1571 3352 domum
1596 3296 1711 3359 Dei,
1735 3303 1791 3350 et
1811 3309 1915 3348 non
1937 3304 2083 3363 pote-

499 3395 627 3443 rant
665 3389 973 3444 sacerdotes
1017 3388 1324 3443 ministrare
1374 3395 1595 3457 propter
1649 3385 1919 3449 nebulam,
1968 3384 2081 3439 haec

502 3479 771 3534 sententia
803 3478 1064 3548 superbos
1094 3476 1399 3532 Judzeorum
1426 3476 1707 3547 pontifices
1735 3490 1800 3530 ac
1833 3476 2083 3531 doctores

502 3568 761 3634 insinuat,
789 3570 879 3639 qui
924 3570 1050 3623 dum
1081 3568 1467 3624 incarnationis
1505 3567 1703 3622 Christi
1745 3575 2082 3622 sacramenta

501 3658 829 3730 investigare
848 3658 1167 3728 despiciunt,
1186 3658 1422 3712 debitum
1446 3656 1567 3712 ﬁdei
1588 3672 1698 3712 sure
1724 3656 2081 3712 ministerium

484 3764 603 3820 ,per
626 3749 828 3812 erroris
853 3748 1101 3803 nebulam
1132 3748 1362 3817 perdunt
1396 3766 1410 3801 :
1436 3748 1508 3805 ita
1545 3748 1687 3803 enim
1722 3762 1908 3802 eorum
1935 3763 2087 3803 men-

506 3851 591 3898 tes
618 3840 950 3897 infidelitatis
993 3840 1165 3911 caligo
1191 3841 1433 3911 replevit,
1462 3849 1522 3896 ut
1561 3841 1792 3911 propriis
1818 3840 2081 3910 exigenti-

483 3933 609 3989 .hns
640 3932 847 3988 meritis
894 3947 999 3988 non
1038 3941 1331 4002 agnoscant
1370 3933 1572 3988 cultum
1610 3931 1958 3988 credulitatis.
2003 3931 2081 3985 Ad

503 4023 631 4079 illud
660 4039 790 4094 ergo
819 4023 1073 4095 templum
1097 4023 1357 4079 Dominus
1388 4023 1441 4076 in
1475 4022 1665 4077 nebula
1695 4022 1992 4095 descendit,
2026 4028 2085 4076 ut

503 4128 699 4169 caecam
726 4112 961 4169 Judaicre
992 4113 1324 4169 infidelitatis
1358 4112 1643 4183 caliginem
1669 4112 1992 4183 designaret.
2025 4111 2080 4165 ln

503 4203 608 4259 hoc
632 4202 710 4258 sic
734 4203 991 4272 scriptum
1016 4212 1136 4259 est:
1173 4221 1192 4255 ς
1220 4203 1277 4258 ln
1308 4203 1419 4259 sole
1460 4202 1639 4272 posuit
1680 4202 2080 4258 tabernaculum

480 4308 659 4351 .suum
696 4292 867 4365 (Psal.
896 4293 1069 4365 xvut),
1097 4304 1156 4349 ut
1180 4294 1457 4349 sedentem
1479 4292 1532 4347 in
1558 4294 1792 4349 tenebris
1815 4300 1870 4348 et
1892 4294 2081 4348 umbra

505 4385 697 4440 mortis
749 4383 1075 4439 illuminaret
1102 4388 1107 4395 '
1139 4384 1291 4456 (Luc.
1330 4389 1391 4451 ι).
1431 4402 1449 4434 ι
1483 4382 1560 4436 llli
1605 4382 1833 4453 denique
1883 4381 2083 4452 templo

508 4474 651 4531 Deus
676 4474 1015 4542 omnipotens
1042 4472 1266 4544 gloriam
1306 4472 1387 4528 sui
1423 4473 1684 4527 adventus
1709 4471 1954 4550 contulit,
1984 4472 2077 4527 sed

2183 3302 2279 3342 suo
2304 3300 2480 3356 regem
2507 3285 2688 3354 gloriae
2712 3284 2848 3340 facie
2868 3285 2934 3340 ad
2958 3284 3147 3339 faciem
3172 3297 3421 3347 cernere,
3453 3297 3613 3350 quem
3644 3280 3761 3333 ubi-

2184 3395 2287 3451 que
2335 3378 2712 3433 consuevimus
2759 3392 2826 3432 ex
2870 3392 2964 3431 ore
3015 3373 3382 3444 praedicatoris
3428 3372 3637 3426 audire.
3670 3370 3761 3424 Sic

2184 3486 2281 3541 per
2305 3470 2622 3542 prophetam
2650 3465 2933 3538 pollicetur
2962 3466 3239 3528 Dominus,
3285 3463 3468 3518 dicens
3494 3480 3506 3514 :
3542 3479 3560 3511 ‹
3591 3460 3759 3514 Nemo

2184 3563 2327 3618 dicet
2358 3579 2372 3615 :
2406 3562 2654 3630 Agnosco
2691 3560 3009 3623 Dominum;
3039 3572 3227 3611 omnes
3255 3555 3399 3610 enim
3434 3558 3760 3623 cognoscent

2183 3632 2271 3707 me
2305 3666 2336 3705 a
2367 3652 2598 3705 maximo
2645 3664 2814 3720 usque
2857 3649 2921 3703 ad
2967 3647 3269 3706 minimum,
3313 3644 3443 3698 dicit
3500 3642 3757 3695 Dominus

2185 3740 2317 3813 (Jer.
2334 3758 2418 3805 tn,
2438 3742 2607 3812 xxxx).
2621 3760 2640 3794 ι
2662 3740 2766 3796 Sed
2783 3740 2921 3795 forte
2940 3738 3061 3808 quis
3072 3736 3583 3805 asseratScriptura:
3594 3730 3759 3786 verba

2182 3848 2282 3888 nos
2327 3832 2393 3886 ad
2440 3840 2682 3887 nostrum
2732 3829 3060 3886 intellectum
3089 3827 3352 3881 violenter
3376 3823 3673 3885 inﬂectere,
3704 3828 3760 3874 et

2183 3924 2327 3996 quod
2354 3923 2606 3979 Salomon
2634 3922 2698 3978 de
2729 3937 2787 3977 se
2814 3922 3020 3976 videtur
3049 3931 3291 3973 asserere
3325 3915 3391 3970 ad
3423 3913 3758 3969 Salvatorem

2182 4017 2467 4087 perhibeat
2498 4014 2802 4085 specialiter
2829 4029 2924 4083 per
2951 4011 3131 4065 omnia
3165 4008 3452 4079 pertinere.
3484 4005 3633 4059 Dicat
3659 4003 3761 4057 ita-

2183 4120 2291 4175 que
2318 4103 2638 4175 objectionis
2675 4113 2917 4156 assertor
2937 4116 3040 4170 qua
3073 4099 3325 4154 Salomon
3350 4095 3524 4150 valeat
3552 4094 3759 4146 ratione

2181 4203 2487 4263 competere
2508 4192 2650 4261 quod
2679 4190 2833 4260 quasi
2859 4190 2925 4243 de
2953 4204 3010 4243 se
3044 4187 3213 4241 dicit:
3253 4204 3269 4236 ι
3312 4184 3566 4239 Dominus
3611 4182 3754 4235 enim

2182 4284 2328 4339 dedit
2378 4282 2506 4336 mihi
2556 4282 2747 4337 horum
2787 4296 2907 4350 quae
2952 4288 3076 4333 sunt
3127 4276 3402 4333 scientiam
3450 4288 3654 4340 veram,
3701 4279 3759 4325 ut

2183 4375 2350 4429 sciam
2383 4373 2788 4443 dispositionem
2823 4371 2971 4426 orbis
3009 4381 3272 4425 terrarum
3301 4376 3356 4422 et
3384 4367 3610 4420 virtutes
3643 4365 3755 4420 ele-

2185 4475 2506 4526 mentorum,
2536 4464 2745 4519 initium
2772 4470 2825 4517 et
2857 4459 3373 4518 consummationem
3405 4465 3459 4512 et
3495 4456 3754 4510 medieta-

506 4564 639 4619 nibil
669 4579 732 4618 ex
764 4579 829 4618 eo
856 4564 908 4618 in
937 4577 1032 4618 sua
1055 4570 1247 4617 natura
1273 4563 1527 4632 suscepit.
1555 4564 1612 4617 In
1639 4541 1962 4632 beatissima:
1986 4578 2084 4617 au-
2110 4530 2160 4588 Β
2187 4562 2290 4608 lem
2318 4563 2639 4633 temporum,
2667 4551 3111 4616 vicissitudinem,
3135 4547 3558 4618 permutationes
3584 4544 3757 4600 homi-

506 4667 617 4712 tcm
665 4654 901 4728 Virginis
948 4663 1183 4719 uterum,
1235 4670 1338 4709 non
1384 4655 1557 4710 solum
1600 4662 1686 4709 est
1714 4655 1962 4724 dignatus
1992 4654 2085 4709 de-

482 4749 785 4819 scendere,
816 4748 913 4805 sed
949 4763 1015 4804 ex
1053 4762 1117 4802 eo
1156 4746 1316 4803 etiam
1347 4745 1640 4817 perfectam
1688 4745 1788 4801 sibi
1834 4744 2085 4801 substan-

484 4842 639 4897 .tiam
666 4848 861 4895 nostra:
892 4839 1232 4894 mortalitatis
1277 4839 1447 4892 unire.
1480 4836 1694 4904 Quanto
1724 4836 1885 4906 igitur
1913 4836 2083 4891 nostri

505 4923 687 5001 templi
720 4930 896 5001 major
918 4938 1001 4986 est
1034 4930 1289 5000 dignitas,
1343 4937 1489 4982 tanto
1523 4926 1806 4998 gloriosior
1848 4924 1964 4992 ejus
1992 4926 2083 4980 de-

2184 4659 2335 4710 num,
2367 4652 2421 4698 et
2442 4658 2773 4713 quaecunque
2812 4651 2949 4715 sunt
2973 4641 3232 4695 absconsa
3261 4645 3314 4692 et
3352 4636 3642 4705 improvisa
3675 4633 3756 4688 di-

2185 4735 2316 4790 dicit
2361 4732 2542 4805 (Prov.
2597 4732 2715 4804 vtt).
2755 4750 2775 4784 ι
2808 4732 2963 4796 Nam,
2993 4738 3054 4784 ut
3083 4730 3149 4784 de
3177 4728 3386 4783 caeteris
3422 4726 3634 4780 interim
3682 4724 3756 4778 si-

2185 4825 2412 4891 leamus,
2457 4826 2726 4896 quomodo
2767 4837 2927 4878 nosse
2966 4821 3142 4892 potuit
3181 4819 3430 4874 Salomon
3478 4816 3752 4870 hominum

2184 4920 2562 4991 cogitationes,
2593 4933 2715 4972 cum
2758 4917 2872 4986 ipse
2918 4916 3029 4969 Deo
3066 4912 3192 4967 alibi
3222 4911 3404 4965 dicat:
3448 4928 3465 4960 ε
3502 4907 3581 4961 Tu
3611 4906 3751 4961 solus

2705 5019 2773 5024 η--
2805 5002 3026 5024 ηιξ-..--...
3054 4997 3366 5024 ι.η...ξ..η.νιθ
3387 4995 3499 5024 ,ΙΙΪ
3521 4993 3625 5024 υ)...
3657 5009 3701 5024 ιη
3732 4994 3749 5024 ὶ
