4052 6312
299 356 429 411 1121

1580 357 1646 412 IN
1693 343 1926 411 LHLlﬂ
1969 354 2226 409 REGUM.

3399 355 3538 412 11ἓῖ

295 469 493 538 regina:
522 472 868 541 septingenta:
892 482 947 527 et
977 473 1286 528 concubinae
1311 481 1563 527 trecenta:
1595 470 1714 542 (III
1738 469 1860 539 Reg.
1893 479 1938 534 Α
1970 465 2135 519 Iulum
2169 465 2356 519 farina:
2388 474 2550 536 atque
2588 466 2688 522 olei
2723 466 2864 536 quod
2893 466 3082 530 habeo,
3116 475 3176 521 ut
3205 469 3550 526 comedamus

292 560 390 623 χι).
437 579 454 611 ι
508 561 643 626 Quid
688 573 865 617 autem
897 565 1027 617 mihi
1073 580 1192 617 cum
1247 579 1495 634 gynteceo
1529 562 1868 618 Salomonis?

293 645 426 711 Sed,
455 662 679 702 excussa
711 650 858 718 palea
888 653 1201 715 verborum,
1237 652 1508 706 invenitur
1544 653 1595 706 in
1633 651 1864 706 medulla

291 739 626 807 mysterium.
655 741 791 805 Quid
823 741 964 795 enim
995 757 1089 811 per
1113 743 1498 812 septingentas,
1528 759 1646 812 qua:
1673 759 1868 798 uxores

289 826 447 879 simul
476 835 530 880 et
555 829 752 896 regina:
779 840 1166 895 memorantur,
1211 833 1312 885 nisi
1345 832 1446 885 illa:
1499 831 1868 901 intelliguntur

289 912 504 978 animae,
546 931 665 983 qua:
701 925 755 970 et
783 919 1111 986 septiformis
1153 920 1352 972 habent
1397 921 1580 989 gratim
1607 919 1864 989 Spiritum

287 1011 342 1054 et
367 1016 528 1071 Super
551 1005 924 1060 resultantiqu
957 1009 1206 1062 vitiorum
1239 1019 1416 1063 motus
1439 1013 1590 1079 quasi
1633 1013 1864 1081 regalem

286 1090 534 1146 obtinent
591 1095 992 1164 principatum?
1045 1097 1182 1164 Quid
1235 1109 1412 1153 autem
1463 1117 1557 1168 per
1602 1112 1867 1159 trecentas

286 1179 611 1249 easdemque
639 1186 990 1248 concubinas,
1041 1187 1142 1241 nisi
1180 1188 1280 1242 illze
1321 1190 1513 1242 anima:
1545 1191 1863 1259 ﬁgurantur,

285 1285 406 1338 qua:
432 1287 527 1340 per
555 1273 720 1327 solam
749 1273 805 1329 S.
839 1276 1118 1332 Trinitatis
1147 1279 1302 1333 ﬁdem
1329 1280 1620 1334 thalamum
1647 1284 1862 1351 quidem

287 1361 429 1431 regis
474 1361 730 1432 ingresste
777 1375 935 1431 sunt,
981 1369 1076 1422 sed
1132 1379 1293 1424 castae
1343 1375 1765 1428 conversationis
1813 1386 1866 1430 et

287 1451 685 1518 quodammodo
729 1457 1045 1512 matronalis
1085 1460 1356 1528 pudicitiae
1396 1463 1714 1516 munditiam
1756 1481 1861 1518 non

286 1541 569 1606 habentes,
619 1545 824 1601 dotales
871 1563 1099 1603 uxorum
1150 1551 1358 1605 tabulas
1404 1568 1507 1606 non
1548 1553 1864 1608 merentur?

282 1630 376 1686 Ha:
403 1633 656 1688 nimirum
695 1644 750 1690 et
797 1636 1068 1693 Salomoni
1103 1656 1198 1710 per
1242 1645 1626 1698 commercium
1664 1646 1863 1715 juncta:

282 1733 427 1788 sunt,
453 1725 579 1793 quia
607 1724 905 1784 Salvatoris
935 1731 1102 1785 nostri
1133 1733 1243 1784 veri
1277 1732 1482 1800 pacilici
1522 1749 1861 1792 sacramenta

1970 564 2025 612 et
2055 557 2347 609 moriamur
2375 556 2492 624 (Ill
2520 557 2642 628 Reg.
2671 560 2822 626 xvn).
2859 579 2876 609 ι
2911 559 3034 613 liae
3061 560 3255 614 mulier
3277 561 3382 616 duo
3408 561 3547 632 ligna

1970 648 2270 715 colligebat,
2305 647 2498 716 quibus
2531 658 2713 716 posset
2739 649 2950 717 inopem
2982 649 3084 704 sibi
3130 650 3311 706 cibum
3357 660 3411 706 et
3441 651 3550 708 ﬁlio

1969 739 2284 809 providere;
2319 738 2410 792 sed
2441 737 2596 805 hujus
2625 740 2796 793 viduae
2832 739 3004 793 farina
3031 751 3085 794 et
3118 740 3294 794 oleum
3322 743 3387 795 ad
3423 759 3551 812 pro-

1969 839 2165 884 ventus
2213 830 2600 883 abundantiam
2634 830 2986 894 benedicitur,
3038 827 3098 883 ut
3130 831 3410 888 charitatis
3442 833 3552 886 l'ru-

1968 929 2088 974 ctus
2115 931 2170 974 et
2199 919 2488 974 hilaritatis
2522 917 2632 986 jam
2681 928 2804 972 tunc
2841 920 2892 973 in
2930 929 3267 975 sacramento
3294 921 3550 977 Ecclesiae

1967 1010 2373 1062 commendetur
2401 1024 2413 1059 :
2449 1027 2466 1058 ι
2508 1007 2742 1060 llilarctn
2769 1007 2912 1060 enim
2942 1009 3184 1062 datorem
3213 1009 3385 1078 diligit
3409 1011 3549 1067 Deus
3605 1053 3618 1068 ,

1969 1100 2052 1171 (Il
2083 1100 2201 1154 Cor.
2239 1101 2340 1170 tu).
2392 1120 2410 1152 ι
2447 1101 2615 1154 Vidua
2665 1101 2777 1154 hare
2818 1109 3000 1155 sant-ta
3040 1111 3154 1156 erat
3193 1102 3453 1165 Ecclesia,
3483 1104 3548 1157 de

1966 1206 2074 1258 qua
2105 1191 2341 1244 dicitur:
2383 1211 2400 1241 ‹
2440 1190 2664 1244 Viduam
2702 1190 2817 1258 ejus
2865 1189 3183 1246 benedicens
3224 1192 3541 1248 benedicam

1968 1278 2140 1350 (Paul.
2171 1283 2374 1350 cum).
2416 1300 2432 1332 ι
2469 1282 2564 1336 Cui
2595 1281 2786 1335 licebat
2813 1283 3114 1350 cuicunque
3141 1283 3298 1336 vellet
3329 1298 3538 1339 mortuo

1966 1370 2084 1424 viro
2125 1369 2396 1440 conjungi.
2445 1371 2592 1440 quia,
2642 1371 2919 1426 desinente
2964 1372 3099 1442 lege,
3155 1386 3275 1426 mox
3306 1372 3541 1438 Christo,

1965 1461 2056 1528 qui
2087 1460 2207 1515 linis
2238 1463 2368 1531 legis
2398 1470 2502 1524 est,
2534 1462 2598 1514 ad
2620 1459 2885 1528 justitiam
2922 1462 3065 1514 omni
3097 1462 3336 1515 credenti
3371 1459 3541 1527 (Rom.

1967 1549 2044 1619 Χ),
2079 1552 2275 1604 meruit
2315 1551 2550 1604 Ecclesia
2601 1549 2860 1619 c0pulari.
2893 1549 2985 1602 llla
3024 1551 3202 1604 cibum
3235 1550 3541 1616 anhelabat,

1965 1639 2054 1706 qui
2080 1639 2286 1694 duobus
2315 1651 2460 1693 esset
2491 1639 2648 1709 lignis
2679 1649 2958 1702 excoctus,
2996 1647 3051 1692 et
3086 1647 3271 1693 sancta
3302 1637 3541 1698 Ecclesia

1965 1744 2156 1798 panem
2182 1730 2250 1784 de
2273 1730 2411 1785 coelo
2433 1730 2700 1783 viventem
2731 1731 2920 1794 esurit,
2948 1729 3038 1798 qui
3061 1728 3114 1781 in
3135 1745 3228 1782 ara
3257 1728 3436 1783 crucis
3462 1739 3544 1781 cst

281 1815 604 1886 percipiunt.
654 1827 710 1870 et
764 1828 942 1874 tamen
997 1837 1094 1890 per
1141 1823 1459 1891 degenerem
1509 1825 1862 1880 lenocinantis
1893 1835 1936 1894 Β
1967 1823 2220 1876 torridus.

278 1906 404 1959 vita:
445 1916 734 1975 torporem,
776 1925 876 1963 nec
921 1912 1180 1965 habentes
1213 1913 1302 1966 uni
1333 1914 1448 1966 viro
1478 1915 1698 1982 pudoris
1725 1915 1855 1969 alle-

277 2005 446 2060 ctum,
501 1997 567 2050 ad
614 1997 868 2067 nuptialis
923 1997 1139 2055 {uideris
1179 2002 1484 2056 dotalitium
1526 2020 1632 2058 non
1675 2021 1857 2059 assur—

275 2097 427 2158 gunt.
461 2089 749 2146 Enimvero
783 2092 883 2146 illae
910 2094 1103 2148 anima:
1131 2096 1320 2151 uxorio
1349 2113 1411 2151 ac
1445 2099 1608 2166 regali
1641 2100 1856 2154 nomine

275 2177 449 2248 digna:
500 2189 649 2244 sunt,
699 2197 817 2250 qum
856 2184 908 2236 in
935 2184 1048 2239 solo
1080 2187 1313 2241 cmleslis
1362 2189 1541 2257 sponsi
1587 2189 1855 2245 desiderio

275 2269 638 2337 requiescunt,
663 2288 782 2340 quae
813 2275 1257 2333 inltederabiliter
1281 2291 1467 2334 contra
1497 2282 1851 2353 malignorum

273 2359 434 2430 212
457 2365 734 2430 spirituum
765 2375 1093 2422 tentantenta
1119 2371 1432 2441 conﬂigunt.
1459 2371 1546 2426 Sic
1572 2373 1638 2427 de
1663 2376 1851 2428 eodem

273 2451 558 2508 Salomone
604 2453 881 2526 Scriptura
947 2468 1211 2526 testatur,
1264 2466 1386 2532 quia
1443 2483 1460 2515 ι
1525 2466 1852 2537 alienigenas

270 2556 486 2611 quoque
554 2545 870 2601 tributarios
921 2549 1077 2614 fecit;
1141 2553 1206 2607 de
1270 2553 1391 2608 [iliis
1451 2565 1631 2610 autem
1689 2558 1852 2612 Israel

268 2647 378 2688 non
431 2636 713 2689 constituit
765 2654 857 2692 rex
909 2642 1114 2696 servire
1157 2659 1516 2713 quemquam;
1560 2647 1651 2700 sed
1697 2657 1852 2701 erant

269 2720 372 2776 viri
405 2719 716 2785 bellatores.
744 2735 798 2779 et
823 2727 1052 2782 ministri
1083 2729 1216 2797 ejus,
1240 2742 1294 2786 et
1319 2734 1610 2801 principes,
1657 2743 1711 2787 et
1755 2736 1849 2786 du-

267 2824 381 2874 eos,
405 2822 458 2866 et
479 2813 715 2882 praefecti
746 2831 1001 2870 curruum
1027 2830 1079 2872 et
1106 2836 1365 2888 equorum
1397 2822 1515 2891 (Ill
1547 2823 1668 2892 Reg.
1699 2825 1794 2891 ts),
1827 2845 1843 2874 ι

270 2903 360 2955 ubi
409 2913 656 2972 patenter
709 2908 1012 2962 ostenditur
1055 2926 1173 2979 quae
1225 2914 1366 2967 inter
1413 2916 1741 2968 concubinas
1772 2918 1851 2968 di-

269 2998 465 3050 stantia
517 2999 585 3052 sit
631 3009 683 3053 et
739 3002 990 3071 reginas;
1038 3004 1164 3072 quid
1209 3005 1419 3058 dill'etat
1463 3007 1603 3058 inter
1640 3008 1846 3074 ensqni

270 3085 412 3138 servi
447 3091 650 3155 peccati
685 3090 830 3144 durze
861 3094 1161 3146 exactionis
1209 3094 1407 3146 tributa
1439 3095 1767 3162 persolvunt,
1795 3105 1848 3147 et

2569 1911 2796 1965 CAPUT
2839 1912 2924 1965 Kl.

2226 2003 2293 2057 In
2321 2020 2552 2057 sermone
2578 2004 2641 2056 de
2666 2005 2958 2056 inventione
2983 2002 3044 2056 S.
3081 2002 3273 2055 crucia.

2031 2114 2050 2146 ‹
2089 2094 2228 2148 Ecce
2275 2095 2536 2149 nubecula
2586 2109 2749 2162 parva
2788 2093 2938 2160 quasi
2987 2091 3273 2160 vestigium
3304 2090 3539 2145 hominis

1957 2185 2279 2239 ascendebat
2325 2187 2389 2239 de
2436 2185 2567 2237 mari
2621 2184 2739 2253 (Ill
2786 2183 2908 2252 Reg.
2962 2187 3136 2251 xviii).
3177 2203 3196 2234 ι
3231 2182 3363 2249 Quia
3391 2184 3536 2236 enim

1956 2293 2061 2331 non
2101 2277 2254 2345 quasi
2299 2279 2480 2340 homo,
2518 2279 2610 2330 sed
2644 2279 2794 2346 quasi
2829 2276 3110 2344 vestigium
3143 2275 3375 2329 hominis
3405 2275 3539 2329 dici-

1958 2378 2065 2429 tur,
2093 2377 2237 2421 recte
2261 2383 2352 2436 per
2383 2369 2483 2420 hoc
2519 2383 2671 2430 crux,
2708 2383 2826 2434 quae
2869 2365 3124 2419 membris
3161 2373 3246 2418 cst
3274 2373 3394 2433 apta
3433 2365 3536 2417 D0-

1953 2458 2192 2524 minicis,
2219 2458 2550 2524 designatur.
2577 2457 2640 2509 lit
2669 2456 2803 2509 bene
2837 2471 2970 2508 crux
2996 2455 3277 2522 vestigium
3303 2453 3536 2510 hominis

1953 2552 2170 2614 dicitur,
2209 2549 2331 2619 quia
2373 2563 2468 2615 per
2507 2565 2624 2601 eam
2677 2547 2814 2600 Deus
2857 2548 3020 2600 homo
3067 2546 3350 2598 transitum
3385 2545 3533 2608 fecit,

1952 2657 2072 2697 cum
2106 2643 2170 2694 ad
2200 2640 2413 2694 Patrem
2462 2639 2633 2692 rediit.
2682 2637 2833 2693 Sicut
2881 2651 2975 2706 per
3003 2635 3262 2690 Joannem
3296 2635 3530 2689 dicitur:

1958 2757 1974 2788 ι
2012 2737 2201 2792 Sciens
2235 2737 2391 2792 Jesus
2427 2737 2549 2804 quia
2585 2734 2728 2788 venit
2764 2731 2878 2798 ejus
2914 2733 3044 2784 hora
3099 2741 3155 2783 ut
3197 2735 3436 2783 transeat
3466 2741 3530 2782 es

1952 2829 2053 2882 hoc
2082 2829 2279 2882 mundo
2304 2829 2368 2879 ad
2398 2826 2610 2879 Patrem
2643 2825 2824 2893 (.loan.
2860 2824 3001 2889 xui).
3035 2840 3049 2870 ι
3084 2819 3287 2872 Pascha
3313 2818 3529 2885 quidem

1950 2921 2202 2972 lruttsiln’s
2231 2919 2444 2971 dicitur.
2483 2916 2544 2967 Et
2582 2915 2668 2966 hic
2698 2912 2956 2965 transitus
2985 2924 3079 2977 per
3110 2922 3324 2960 crucem
3356 2904 3531 2958 factus

1951 3021 2052 3074 est,
2082 3011 2219 3062 sicut
2251 3009 2380 3060 dicit
2409 3004 2695 3074 Apostolus
2722 3022 2733 3055 :
2770 3021 2786 3052 ε
2823 3000 3031 3054 Pascha
3063 3008 3303 3052 nostrum
3339 2996 3531 3050 imnzo-

1953 3100 2091 3152 latus
2119 3109 2197 3151 est
2239 3096 2486 3151 Christus
2518 3093 2565 3162 (I
2606 3094 2724 3147 Cor.
2768 3089 2842 3160 v).
2883 3108 2899 3140 ι
2936 3088 3088 3142 Sicut
3126 3100 3255 3155 ergo
3284 3099 3379 3152 per
3408 3082 3531 3136 Vir-

273 3189 368 3229 eos
397 3177 485 3244 qui
513 3192 608 3244 per
637 3181 820 3233 sedata
871 3181 1006 3236 bella
1057 3185 1412 3238 certaminum
1455 3186 1847 3254 principatuum
1878 3175 1920 3233 Ω
1951 3194 2130 3262 ginem
2168 3189 2441 3244 descendit
2479 3186 2543 3239 ad
2591 3195 2798 3246 nostra,
2832 3183 2908 3235 sic
2941 3196 3035 3249 per
3080 3191 3294 3232 crucem
3323 3185 3403 3228 est
3447 3190 3532 3228 re-

269 3263 468 3322 inl'ulas
497 3271 818 3324 sortiuntur.

889 3364 1114 3420 CAPUT
1152 3364 1218 3419 Χ.

535 3448 602 3502 1η
630 3467 866 3504 sermone
891 3454 954 3506 de
987 3455 1275 3508 inventione
1308 3454 1364 3508 S.
1393 3458 1581 3509 crucis.

345 3556 364 3588 ι
396 3537 486 3590 Ait
531 3538 829 3608 Sareptana
882 3545 1073 3600 mulier
1102 3547 1168 3600 ad
1205 3547 1394 3608 Etiam,
1445 3547 1510 3600 ad
1558 3564 1716 3616 quam
1764 3547 1850 3602 ille

268 3629 571 3695 pascendus
603 3629 777 3686 fuerat
823 3636 1018 3690 missus
1066 3653 1094 3690 a
1128 3639 1352 3691 Domino
1379 3657 1391 3690 :
1421 3639 1494 3692 En
1527 3639 1720 3707 colligo
1745 3641 1850 3692 duo

272 3714 438 3786 ligna,
473 3731 528 3774 ut
559 3721 831 3790 ingrediar
861 3737 914 3781 et
961 3729 1152 3783 faciant
1185 3732 1315 3784 mihi
1343 3743 1396 3785 et
1429 3732 1538 3786 lilio
1566 3748 1684 3786 meo
1721 3748 1851 3801 pau-

1948 3297 2138 3335 versus
2199 3281 2264 3333 ad
2322 3277 2556 3346 prOpria.
2629 3274 2780 3341 Quod
2851 3277 3206 3339 congruenter
3262 3266 3532 3333 expressit

1951 3374 2078 3427 illud
2122 3376 2317 3426 factum
2363 3371 2461 3424 sub
2490 3368 2666 3422 Eliseo
2692 3363 3030 3420 miraculum.
3063 3360 3194 3414 Nam
3232 3373 3352 3413 cum
3376 3357 3528 3426 juxta

1947 3462 2235 3516 .lordanem
2265 3461 2404 3528 ligna
2437 3458 2790 3520 mederentur,
2840 3462 3056 3522 repente
3104 3447 3312 3503 securis
3350 3446 3530 3516 cujus-

1948 3552 2072 3605 dam
2125 3551 2406 3604 materiam
2456 3545 2786 3614 succidentis
2839 3544 2890 3598 in
2943 3555 3134 3611 aquam
3190 3535 3383 3592 cecidit
3421 3531 3525 3606 (IV

1951 3641 2079 3711 Reg.
2109 3641 2205 3710 vr).

1303 3862 1606 3930 Expliciunt
1639 3863 1932 3916 testimonia
1964 3862 2084 3914 libri
2112 3863 2252 3915 tertii
2281 3861 2499 3930 Regum.

911 3998 1071 4070 213
1102 3996 1264 4068 214
1301 3997 1634 4052 ΙΝΟΗῚυέξῖ
1695 3997 1855 4050 C.\l’l'

1952 3997 2037 4050 LA
2095 3995 2276 4048 Lnnu
2319 3987 2882 4060 QUARTIREGUM.

362 4124 514 4196 Quod
550 4126 753 4180 Eliseus
785 4145 946 4196 oqnas
977 4130 1184 4182 Jerirlio
1209 4130 1333 4182 salis
1362 4131 1671 4183 admixtione
1704 4131 1924 4182 sanavit.

264 4192 323 4266 ἓ.
368 4195 441 4266 l_)e
463 4212 520 4249 eo
551 4198 689 4258 quod
717 4190 888 4266 Elis-eo
929 4200 1224 4251 asrendenti
1251 4201 1318 4252 nd
1347 4199 1525 4252 Bel/rel
1554 4203 1699 4266 pueri
1736 4199 2020 4254 illudebnnt
2075 4199 2298 4252 dicentes
2328 4214 2345 4250 :
2378 4198 2628 4258 Ascende,
2661 4196 2825 4266 calce,
2852 4193 3096 4266 oscettde._
3123 4190 3286 4244 σαιυεο

266 4261 323 4342 ξ.
365 4264 614 4342 Qbsecro,
645 4270 807 4334 inquit
835 4265 1079 4342 Nonium:
1105 4268 1534 4330 la'lrseo,concede
1555 4260 1683 4322 milii
1715 4287 1859 4324 servo
1886 4280 1994 4334 tuo,
2026 4281 2078 4322 nt
2109 4270 2286 4322 tollunt
2319 4285 2448 4342 onus
2484 4268 2706 4342 duorum
2747 4264 3036 4342 burdonum
3063 4260 3124 4311 de
3144 4269 3306 4342 terra.

263 4331 322 4412 ξ.
366 4332 440 4412 ρε
464 4353 522 4389 eo
556 4331 840 4412 quodnam
869 4337 1071 4391 Eliseus
1107 4340 1302 4412 lignum
1344 4346 1395 4390 in
1427 4357 1615 4409 nqnnm
1644 4343 1886 4412 misisset,
1919 4331 2132 4412 securis,
2157 4354 2272 4412 qua:
2298 4338 2576 4412 ceciderat,
2597 4335 2665 4386 ad
2700 4332 2956 4412 manubrii
2981 4346 3028 4412 nt
3067 4331 3285 4412 rediit.“

265 4400 320 4456 5.
355 4401 433 4456 De
470 4423 529 4458 eo
568 4397 712 4476 ’φιοά
745 4408 1006 4479 νΙέιεοΙιίιιδ
1040 4397 1212 4462 decem
1242 4409 1389 4462 lineis
1433 4397 1520 4474 per
1545 4411 1738 4479 gradus
1782 4397 2037 4478 horologii
2086 4397 2319 4460 auferant
2371 4397 2566 4459 reverti
2602 4403 2903 4474 postulavit,
2938 4411 2989 4452 ut
3035 4410 3162 4453 esset
3187 4397 3285 4451 sibi
3314 4410 3517 4468 tignum

434 4478 800 4544 recuperandw
823 4478 1025 4530 salutis.

1592 4548 1897 4618 Expliciunt
1937 4546 2189 4620 capitula.

458 4743 1092 4833 INCIPIUNT
1147 4708 1892 4836 TESTIMONIA
1948 4745 2276 4831 LIBRI
2355 4742 2798 4850 QUARTI
2880 4738 3326 4827 REGUM.

755 4911 982 4967 CAPUT
1047 4912 1334 4968 PRIMUM.

477 4999 545 5053 In
583 5016 817 5054 sermone
861 5001 926 5054 de
966 5002 1281 5056 exultatione
1326 5002 1384 5056 S.
1415 5003 1620 5058 Crucis.

405 5087 540 5145 Cum
565 5090 666 5144 viri
712 5088 930 5144 Jericho
974 5090 1152 5145 Eliseo
1200 5103 1663 5160 conquererentur
1692 5093 1834 5162 quod

259 5195 414 5248 aqua:
428 5188 609 5235 essent
622 5179 958 5248 pessinne,et
973 5188 1114 5234 terra
1139 5181 1339 5234 sterilis
1359 5200 1371 5234 ;
1395 5181 1618 5246 Allerte,
1635 5183 1830 5250 inquit,

260 5271 390 5324 mihi
416 5286 508 5345 vas
537 5285 756 5335 novum,
785 5279 840 5326 et
869 5271 1064 5324 mittite
1093 5270 1145 5323 in
1177 5271 1302 5323 illud
1325 5271 1433 5338 sal;
1452 5273 1641 5326 deinde
1663 5287 1830 5340 aqua-

261 5377 379 5416 rum
411 5361 545 5418 fonti
575 5362 651 5416 sal
685 5363 812 5417 illud
851 5363 1114 5422 immersit
1154 5364 1339 5431 sicque
1383 5378 1552 5431 aquas
1583 5364 1649 5417 ab
1685 5363 1833 5419 omni

262 5459 436 5506 morte
478 5461 535 5507 et
581 5452 868 5507 sterilitate
921 5453 1132 5508 sanavit
1179 5451 1284 5523 (ιγ
1321 5452 1448 5523 Reg.
1510 5453 1591 5524 tt).
1633 5474 1650 5505 ι
1685 5455 1837 5521 Quod

262 5537 540 5606 nimirum,
565 5553 623 5595 ut
655 5551 823 5596 totum
857 5543 1006 5596 brevi
1033 5558 1282 5597 sermone
1315 5541 1666 5608 concludam,
1706 5545 1838 5599 nihil

263 5628 408 5682 aliud
452 5631 713 5697 insinuat,
748 5633 847 5686 nisi
872 5634 1011 5702 quod
1047 5633 1278 5688 Verbum
1309 5647 1439 5686 caro
1477 5633 1631 5687 ﬁeret
1661 5643 1714 5689 et
1739 5636 1838 5688 ha-

265 5721 464 5778 bitaret
513 5725 565 5779 iu
606 5725 759 5782 nobis
803 5725 979 5806 (lo-an.
1027 5726 1088 5797 ι).
1147 5726 1286 5796 Quid
1329 5725 1474 5781 enim
1529 5739 1684 5796 aqum
1737 5729 1839 5783 nisi

1859 4915 1911 4974 D
1939 4913 2190 4967 mundani
2237 4921 2359 4964 sunt
2391 4910 2605 4980 pepuli?
2631 4909 2759 4978 quid
2796 4922 2893 4961 vas
2929 4919 3126 4960 novum
3175 4902 3276 4956 nisi
3319 4915 3515 4970 corpus

1944 5003 2304 5071 Dominicum,
2341 5002 2482 5056 nulla
2533 5001 2740 5056 scilicet
2803 4995 3262 5069 prati-aricationis
3315 4995 3513 5061 iniqua:

1940 5092 2064 5147 labe
2094 5094 2388 5161 nigratum.
2428 5090 2570 5145 nulla
2610 5091 2810 5146 veteris
2853 5087 3086 5144 hominis
3130 5084 3388 5138 abusione
3418 5085 3513 5136 dc-

1940 5186 2167 5240 tritum?
2193 5184 2331 5252 Quid
2384 5199 2544 5252 porro
2570 5183 2668 5247 sal,
2699 5183 2802 5237 nisi
2840 5181 3077 5236 cmlcstis
3102 5186 3185 5233 est
3215 5171 3516 5245 sapientia?

1942 5278 2217 5348 Sapientia
2253 5278 2414 5346 igitur
2443 5275 2620 5330 Patris
2665 5276 2717 5328 in
2746 5288 2944 5343 corpus
2987 5269 3267 5326 descendit
3324 5266 3516 5321 burna-

1940 5385 2092 5432 nmn,
2125 5378 2180 5423 et
2219 5369 2296 5421 sic
2346 5369 2413 5421 ad
2467 5367 2803 5421 fertilitatem
2835 5373 2889 5418 et
2921 5361 3098 5416 vitalis
3148 5357 3297 5414 intell
3321 5356 3516 5426 gentia:

1937 5459 2274 5515 dulcedinem
2296 5461 2538 5513 omnium
2569 5457 2833 5514 cenvertit
2856 5455 3092 5509 ﬁdelium
3125 5461 3352 5506 mentes.
3386 5449 3516 5514 Qum

1935 5551 2191 5605 nimirum
2243 5551 2470 5606 dulcedo
2500 5552 2682 5604 tandiu
2718 5550 2872 5603 latuit
2901 5562 3070 5616 usque
3101 5546 3226 5599 dum
3253 5542 3332 5597 sal
3373 5556 3517 5594 mer-

1938 5649 2155 5710 geretur
2196 5643 2248 5695 iu
2295 5657 2514 5709 aquam,
2548 5641 2598 5693 id
2640 5651 2745 5703 est,
2773 5655 2941 5711 usque
2968 5639 3094 5694 dum
3127 5637 3216 5691 ille
3256 5634 3515 5704 penderet

1937 5731 1992 5784 in
2033 5745 2216 5796 cruce,
2245 5731 2336 5802 qtti
2383 5732 2514 5789 dicit
2544 5747 2559 5786 :
2594 5750 2613 5785 t
2654 5731 2874 5788 Salvum
2916 5746 3000 5786 me
3048 5730 3154 5794 fac,
3187 5730 3348 5792 Deus,
3382 5739 3515 5794 quo-
