4078 5382
534 313 675 370 “23

1421 314 1922 373 COLLECTANEA
1981 316 2053 375 ΙΝ
2091 316 2322 376 VETUS
2364 318 2909 380 TESTAMENTUM.

3668 331 3814 387 “il

528 430 677 483 niam
725 426 1063 482 intraverunt
1095 440 1250 497 aqua:
1292 441 1464 497 usque
1519 426 1586 489 ad
1648 428 1886 483 animam
1937 445 2114 485 meam
2146 437 2192 495 Α
2224 432 2538 502 mysterium
2562 432 2649 488 illa
2680 436 3116 507 repromissionis
3145 446 3311 503 terra,
3339 453 3460 509 qua
3490 439 3577 496 lac
3619 450 3677 497 et
3708 442 3823 498 mel

529 519 706 593 (l’sal.
737 520 950 589 uvm).
993 538 1013 572 ι
1048 520 1125 574 Ex
1151 530 1281 576 tunc
1305 520 1454 576 enim
1483 520 1648 575 homo
1675 521 1864 579 didicit
1887 522 2016 592 quid
2038 523 2126 579 de-

527 612 683 668 beret
719 619 1008 682 appetere,
1037 610 1167 682 quid
1216 612 1411 666 vitare.

1170 702 1401 760 CAPUT
1421 704 1487 761 ll.

917 791 986 847 In
1016 808 1255 848 sermone
1284 793 1349 848 de
1373 792 1435 849 S.
1460 792 1739 851 Cassiano.

596 884 731 943 Cum
769 884 982 941 Eliseus
1028 884 1351 940 ascenderet
1384 886 1528 941 viam
1559 902 1680 957 qua:
1731 885 1883 944 ducit
1913 886 2122 955 Bethel,

450 1022 460 1035 ,
525 976 681 1047 pueri
728 973 939 1046 parvuli
992 974 1198 1045 egressi
1247 973 1315 1029 de
1361 974 1584 1032 civitate
1610 975 1907 1032 illudebant
1944 977 2014 1043 ei,
2044 977 2127 1034 di-

524 1075 715 1121 centes
746 1082 760 1120 :
807 1083 827 1117 ι
857 1065 1127 1131 Ascende,
1160 1064 1335 1131 calve,
1363 1066 1616 1128 ascende.
1649 1066 1819 1123 calve.
1852 1068 1953 1136 Qui
2000 1083 2123 1123 eum

525 1158 877 1230 respexisset,
901 1157 1040 1212 vidit
1079 1171 1195 1222 eos,
1222 1168 1279 1212 et
1331 1156 1615 1214 maledixit
1673 1159 1754 1214 eis
1806 1159 1860 1215 in
1906 1160 2124 1215 nomine

524 1248 761 1305 Domini.
811 1268 832 1301 ι
888 1247 1122 1317 Moxque
1179 1247 1463 1319 Scriptura
1527 1248 1811 1319 subjunxit
1853 1267 1865 1304 :
1918 1270 1936 1303 ι
1985 1252 2122 1318 Quia

524 1338 733 1410 egressi
762 1347 894 1393 sunt
917 1337 1026 1393 duo
1052 1336 1165 1392 ursi
1193 1336 1262 1392 de
1293 1337 1435 1392 saltu
1462 1349 1519 1396 et
1548 1338 1928 1396 laceravemnt
1953 1355 2021 1397 ex
2042 1341 2124 1396 eis

523 1430 889 1502 quadraginta
918 1430 1055 1484 duos
1080 1444 1282 1500 pueros
1331 1428 1435 1499 (IV
1467 1430 1595 1501 Reg.
1632 1439 1716 1505 ιι).
1757 1452 1775 1485 ι
1809 1431 1954 1488 Sane
1991 1433 2122 1504 quid

525 1536 626 1593 per
655 1521 918 1585 Eliseum,
951 1521 1055 1576 nisi
1100 1520 1365 1577 Mediator
1397 1521 1494 1577 Dei
1530 1533 1588 1579 et
1630 1524 1912 1580 hominum
1961 1527 2124 1582 debet

528 1613 801 1685 intelligi?
836 1613 978 1680 Quid
1018 1628 1149 1667 vero
1176 1628 1273 1683 per
1313 1613 1531 1680 Bethel,
1556 1630 1679 1684 qua
1701 1616 1888 1671 donius
1918 1616 2016 1674 Dei
2046 1616 2123 1671 in-

526 1715 890 1778 terpretatur,
942 1705 1046 1759 nisi
1106 1706 1389 1762 beatitudo
1453 1706 1694 1764 cmlestis
1758 1708 2122 1779 exprimitur?

2230 522 2400 580 tluere
2422 525 2639 581 dicitur.
2667 527 2780 584 Lac
2809 527 2951 585 enim
2976 527 3137 602 215
3158 530 3224 587 de
3258 545 3425 588 carne
3450 531 3588 600 fluit,
3620 536 3729 591 mel
3751 538 3827 594 de

2229 615 2603 684 superioribus
2632 618 2800 672 venit.
2823 617 2960 686 Quia
2992 620 3160 691 igitur
3183 621 3237 676 in
3264 637 3371 678 uno
3394 622 3692 684 Mediatore
3722 627 3823 684 Dei

2228 715 2286 760 et
2337 705 2615 762 hominum
2657 717 2711 763 et
2757 708 3113 769 humanitatis
3156 712 3247 785 lac.
3277 723 3335 771 et
3367 717 3473 772 mel
3517 718 3826 778 divinitatis

2229 798 2409 857 inesse
2464 804 2849 874 cognoscitur,
2902 817 3051 864 recte
3101 822 3200 879 per
3245 818 3449 865 terram
3488 811 3574 868 lae
3622 824 3681 870 et
3709 819 3826 871 mel

2227 904 2571 951 emanantem
2606 898 2997 955 incarnationis
3022 901 3138 971 ejus
3166 903 3484 973 mysterium
3529 906 3823 976 ﬁguratur.

2228 977 2381 1053 Qu'od
2413 998 2595 1043 autem
2638 1005 2704 1045 ex
2757 990 2859 1046 hac
2889 1000 3034 1047 terra
3063 1006 3200 1047 onus
3240 993 3471 1049 duorum
3506 996 3823 1052 burdonum

2227 1077 2397 1147 petit,
2427 1079 2555 1148 quid
2586 1080 2732 1134 aliud
2773 1095 2936 1151 quam
2971 1082 3203 1137 duorum
3244 1083 3823 1152 Apostolorum,Petri

2225 1166 2437 1223 scilicet
2463 1177 2517 1223 et
2547 1167 2720 1231 Pauli,
2749 1170 3073 1225 documenta
3103 1171 3383 1240 deposcit?
3414 1172 3568 1229 Unde
3596 1184 3652 1230 et
3673 1190 3824 1230 unus

2224 1272 2414 1313 eorum
2446 1258 2579 1314 dicit
2608 1277 2620 1313 :
2655 1278 2673 1312 ι
2707 1259 2808 1327 Qui
2840 1268 3095 1330 operatus
3134 1269 3221 1315 est
3260 1262 3421 1318 Petro
3455 1264 3507 1318 in
3547 1265 3826 1333 apostola-

2228 1357 2338 1404 tum
2395 1348 2871 1416 circumcisionis,
2913 1360 3174 1420 operatus
3234 1360 3319 1406 est
3379 1360 3434 1407 et
3491 1353 3627 1407 mihi
3672 1354 3826 1409 inter

2224 1450 2411 1513 gentes
2438 1441 2582 1511 (Gal.
2614 1442 2696 1513 ιι).
2738 1460 2757 1494 ι
2793 1443 2859 1497 Ει
2885 1444 3011 1513 quia
3051 1457 3158 1498 non
3188 1444 3351 1499 modo
3390 1445 3685 1513 apostolos,
3721 1446 3821 1501 sed

2222 1548 2416 1589 omnes
2427 1535 2810 1605 praedicatores
2847 1536 3129 1592 scientiam
3145 1544 3201 1591 et
3219 1537 3588 1607 operationem
3613 1538 3821 1595 habere

2224 1642 2450 1683 necesse
2471 1638 2575 1693 est,
2604 1628 2742 1684 duos
2763 1629 2818 1683 in
2844 1628 3152 1693 castellum,
3168 1629 3327 1705 .quod
3352 1638 3543 1685 contra
3581 1645 3643 1685 se
3667 1640 3817 1694 erat,

2225 1717 2489 1774 Dominus
2517 1719 2811 1790 discipulos
2841 1719 3022 1786 misit;
3053 1733 3239 1789 atque,
3268 1720 3410 1775 sicut
3436 1718 3611 1775 Lucas
3639 1727 3818 1775 testa-

521 1797 628 1852 Per
653 1798 794 1852 viam
827 1810 956 1867 ergo
982 1809 1104 1865 qure
1133 1795 1285 1851 ducit
1317 1795 1522 1861 licthel,
1565 1796 1895 1867 Redemptor
1928 1806 2118 1853 noster
2151 1814 2193 1873 Β
2224 1816 2331 1869 ων,
2359 1807 2411 1861 in
2436 1821 2652 1863 omnem
2675 1808 2954 1864 civitatem
2983 1817 3040 1864 ει
3064 1808 3244 1865 locum
3272 1824 3381 1879 quo
3407 1820 3528 1865 εηι
3553 1809 3819 1879 ipse“..-

523 1886 880 1952 ascendebat,
912 1886 1131 1955 quando
1164 1885 1404 1954 passioui
1441 1886 1941 1957 apprOpinquahat;
1978 1888 2121 1943 sicut

516 1978 633 2050 jam
660 1981 714 2036 in
740 1980 854 2052 ipsa
881 1990 1234 2036 sacrosancta
1262 1990 1319 2035 et
1347 1980 1577 2051 mystica
1606 1995 1764 2036 cmna
1794 1982 1927 2037 dicit
1958 1981 2122 2037 disci-

519 2073 708 2143 pulis:
745 2092 765 2125 ε
806 2072 957 2129 Vado
986 2073 1055 2128 ad
1102 2086 1227 2127 eum
1259 2072 1352 2143 qui
1401 2072 1547 2128 misit
1593 2087 1680 2128 mc
1710 2072 1895 2143 (Joan.
1922 2074 2057 2143 xvi).
2096 2091 2115 2125 ι

521 2164 631 2221 Sed
653 2165 783 2221 dum
826 2165 1074 2221 ascendit
1102 2165 1310 2233 Βιιιιιοι,
1339 2164 1391 2220 id
1415 2174 1519 2231 est,
1552 2165 1680 2220 dum
1713 2181 1814 2237 per
1841 2165 2121 2222 sanctissi-

517 2271 624 2312 mae
666 2255 945 2327 passionis
983 2271 1096 2311 sua:
1142 2256 1467 2327 mysterium
1516 2254 1694 2311 redire
1741 2256 2023 2311 contendit
2053 2256 2119 2311 ad

518 2352 764 2416 Patrem,
795 2351 948 2422 pueri
983 2351 1133 2422 parvi
1162 2351 1369 2421 egressi
1398 2350 1466 2405 de
1494 2351 1717 2405 civitate
1766 2349 1999 2404 illuduut
2042 2350 2117 2411 ei.

519 2444 769 2500 dicentes
801 2462 815 2499 :
862 2460 881 2493 ι
916 2442 1187 2505 Ascendc.
1213 2441 1389 2508 calve,
1420 2442 1684 2507 ascende,
1715 2441 1889 2507 calve,
1934 2460 1955 2495 ι
1986 2442 2117 2511 quia

517 2532 691 2593 Judaei
737 2536 886 2591 omni
926 2534 1214 2607 gravitatis
1249 2542 1304 2589 et
1350 2534 1630 2605 sapientiae
1669 2534 1913 2605 pondere
1937 2539 2116 2601 vacui,

519 2627 723 2702 illaque
771 2631 1005 2702 pueritia
1052 2629 1282 2702 parvuli,
1315 2627 1383 2686 de
1426 2642 1532 2698 qua
1565 2627 1802 2683 dicitur:
1832 2646 1852 2681 ι
1900 2626 2122 2701 Μιιῑειιις-

520 2732 646 2780 ctus
702 2737 840 2796 puer
876 2732 1097 2780 centum
1151 2737 1419 2778 annorum
1474 2719 1612 2792 (Isa.
1660 2720 1809 2792 uv),
1845 2739 1864 2772 ι
1895 2734 2018 2775 eum
2051 2718 2117 2774 ad

521 2811 725 2881 locum,
757 2814 851 2884 qui
883 2813 1085 2868 dicitur
1114 2812 1406 2877 Calvarize,
1432 2808 1774 2882 pertrahunt,
1812 2819 1975 2879 atque
2016 2810 2115 2864 ad-

515 2917 708 2957 versus
763 2916 887 2957 eum
937 2902 1197 2973 viperinis
1241 2902 1560 2957 irrisionum
1609 2910 1663 2956 et
1698 2902 2116 2971 opprobriorum

514 2991 676 3048 furiis
701 2993 1070 3049 inardescunt.
1102 2992 1370 3048 Calvaria:
1391 3000 1572 3046 autem
1608 2990 1757 3046 locus
1784 2990 1872 3044 ille
1898 2992 2116 3045 diccba-

515 3094 606 3138 tur
633 3101 661 3137 a
693 3083 928 3139 calvitiis
970 3082 1287 3154 amputatis,
1311 3082 1438 3152 quia
1467 3081 1576 3137 illic
1600 3080 1905 3135 danmatitii
1933 3080 2116 3135 decot-s

513 3177 616 3231 lari
636 3186 1053 3233 consueverant.
1072 3175 1139 3230 Et
1162 3175 1458 3231 notandum
1487 3174 1614 3245 quia
1638 3174 1791 3244 pueri
1816 3173 2017 3245 egressi
2046 3173 2114 3227 de
2140 3170 2186 3233 C

513 3269 759 3342 civitate,
784 3270 1063 3336 dicuntur,
1117 3269 1400 3339 quoniam,
1450 3268 1593 3324 sicut
1648 3268 1940 3338 Apostolus
1985 3267 2105 3321 ait:

520 3379 539 3412 ι
590 3358 662 3416 Ut
698 3360 1069 3416 sanctificaret
1105 3374 1201 3430 per
1250 3374 1408 3415 suum
1459 3359 1777 3427 sanguinem
1827 3360 2108 3430 populum,

514 3462 670 3508 extra
723 3462 937 3524 portam
986 3466 1182 3523 passus
1227 3460 1312 3507 est
1364 3450 1625 3505 Dominus
1683 3449 1872 3518 (Ilebr.
1904 3450 2047 3519 xm).
2085 3469 2104 3501 ι

510 3543 684 3600 Porro
710 3545 853 3613 quod
895 3543 1186 3608 sequitur:
1224 3562 1242 3594 ι
1291 3541 1559 3608 Quoniam
1597 3542 1801 3611 egressi
1849 3552 1977 3596 sunt
2003 3542 2110 3596 duo

511 3635 625 3690 ursi
664 3634 732 3689 de
760 3634 900 3689 saltu
935 3642 992 3688 et
1038 3634 1472 3688 dilaceraverunt
1512 3645 1580 3686 ex
1620 3636 1700 3686 eis
1749 3632 2108 3702 quadraginta

513 3724 649 3778 dttos
688 3738 913 3793 pllCl‘US,
962 3740 980 3773 ι
1016 3737 1114 3791 per
1159 3736 1446 3776 numerum
1488 3735 1802 3790 puerorum,
1847 3736 2108 3777 numerus

510 3812 759 3885 signatur
801 3826 1102 3878 annorum;
1152 3810 1574 3881 quadragesimo
1631 3811 1870 3895 segnudo
1909 3812 2109 3882 quippe

508 3919 656 3961 anno
687 3914 811 3976 post
843 3904 1053 3960 Domini
1081 3904 1412 3975 passionem,
1433 3904 1576 3958 sicut
1596 3903 1840 3958 historice
1868 3906 2103 3971 tradunt,

510 3994 667 4052 Titus
702 4007 758 4053 et
800 3996 1186 4068 Vespasianus,
1227 3997 1331 4051 duo
1366 4010 1542 4066 reges,
1587 3995 1653 4051 de
1684 3996 1836 4051 silvis
1863 3999 2104 4067 gentium

510 4098 773 4160 tanquam
801 4090 909 4145 duo
935 4088 1146 4146 feroces
1172 4089 1282 4144 ursi
1318 4088 1386 4144 de
1434 4088 1576 4142 saltu
1614 4087 1876 4153 ferarum,
1906 4089 2107 4144 dilace-

510 4190 773 4236 raverunt
799 4195 1015 4252 pueros,
1046 4181 1171 4251 quia
1208 4180 1492 4235 venientes
1515 4179 1582 4233 ad
1608 4179 1882 4236 excidium
1915 4179 2108 4236 llicru-

507 4271 680 4329 salem
706 4271 1116 4347 debellaverunt
1144 4272 1198 4326 in
1236 4271 1420 4324 furore
1453 4269 1691 4325 Iudaeos.

1126 4384 1355 4443 CAPUT
1394 4385 1483 4440 lli.

506 4496 842 4570 ll_episto!a
897 4496 968 4550 ad
1027 4493 1453 4570 Hiideliraudum
1492 4502 1555 4570 _et
1605 4491 1965 4570 Stephanum,
2013 4496 2101 4549 ubi

577 4564 777 4624 dicitur
809 4567 1069 4637 quomodo
1104 4564 1376 4618 rationalis
1415 4565 1593 4618 anima
1623 4565 1692 4617 ad
1728 4565 2097 4633 perfertioncm

576 4640 770 4698 veniat.

583 4747 604 4782 ι
638 4726 906 4793 Obsecro,
950 4724 1128 4796 inquit
1172 4723 1434 4788 Naamau,
1465 4724 1701 4780 concede
1758 4726 1883 4779 tnihi
1937 4741 2097 4783 servo

505 4828 620 4885 tuo,
649 4828 711 4874 ut
766 4817 953 4873 tollant
1006 4831 1144 4871 onus
1204 4815 1433 4870 duorum
1493 4816 1796 4871 burdonum
1849 4817 1913 4872 de
1953 4828 2095 4873 terra

505 4909 613 4983 (IV
638 4908 766 4980 Reg.
794 4909 869 4979 v).
908 4927 928 4961 ι
960 4905 1098 4974 Quid
1133 4915 1311 4961 autem
1352 4919 1449 4975 per
1496 4906 1811 4979 allegoriam
1850 4909 2093 4966 Naaman

505 5000 703 5073 Syrus,
731 4999 836 5055 nisi
876 5011 1048 5068 genus
1093 4996 1342 5068 designat
1385 4997 1718 5052 humanum?
1758 5000 1912 5055 Sicut
1953 5004 2098 5059 enim

2226 1906 2401 1962 turus,
2430 1897 2675 1967 geminos
2717 1896 3012 1953 destinavit
3041 1897 3193 1968 (Lac.
3230 1898 3308 1968 χ).
3341 1897 3495 1964 Quod
3520 1913 3655 1969 ergo
3677 1897 3821 1952 Nan-

2223 2006 2348 2045 man
2376 1991 2428 2045 iu
2457 1999 2604 2046 terra
2633 1998 2822 2047 sancta
2852 1992 3085 2047 duorum
3108 1990 3414 2047 burdonum
3443 1991 3654 2062 expetit
3692 2007 3818 2045 sar-

2221 2081 2401 2135 cinam
2449 2095 2617 2150 super
2654 2080 3081 2136 incarnationem
3129 2079 3468 2137 Dominicam
3511 2095 3684 2151 genus
3716 2083 3819 2135 hu-

2223 2184 2446 2225 mamuu
2498 2169 2851 2240 apostolicam
2888 2169 3103 2225 videtur
3144 2169 3445 2240 efﬂagitare
3482 2170 3815 2237 doctrinam,

2223 2274 2282 2318 ut
2304 2264 2356 2318 hi
2389 2263 2648 2333 sagmarii
2679 2262 2881 2318 mundo
2933 2271 3135 2318 terram
3189 2262 3478 2328 invehant,
3506 2277 3573 2317 ex
3602 2278 3712 2333 qua
3746 2263 3816 2316 ad

2221 2353 2500 2408 otl'crcnda
2534 2352 2804 2408 sacriﬁcia
2833 2352 3008 2408 altare
3053 2353 3106 2407 in
3156 2360 3451 2423 conspectu
3498 2352 3815 2408 Conditoris

2223 2445 2337 2499 liat.
2366 2442 2523 2501 Unde
2551 2443 2674 2499 ﬁliis
2701 2442 2867 2498 Israel
2903 2442 3172 2513 praecipit,
3201 2442 3391 2498 dicens
3423 2460 3438 2496 :
3474 2460 3494 2494 ι
3526 2442 3718 2497 Altare
3744 2443 3813 2497 de

2220 2548 2365 2594 terra
2410 2537 2624 2593 facietis
2662 2537 2794 2592 mihi
2844 2536 3043 2607 (Exod.
3068 2535 3183 2605 xx).
3217 2555 3237 2588 ι
3267 2533 3422 2602 Quod
3461 2542 3643 2591 autem
3669 2533 3814 2587 Naa-

2219 2624 2345 2684 inau
2380 2643 2486 2683 non
2513 2629 2583 2683 ob
2610 2627 2755 2683 aliud
2785 2637 2984 2683 terram
3015 2628 3288 2697 propheta:
3315 2626 3675 2698 poposcisset,
3704 2627 3813 2680 nisi

2219 2731 2278 2776 ut
2306 2736 2373 2775 ex
2402 2735 2467 2775 ea
2499 2719 2728 2775 Domino
2750 2719 2922 2775 altare
2946 2727 3311 2783 construeret.
3343 2719 3397 2774 in
3421 2719 3536 2775 suis
3555 2719 3673 2789 ipse
3691 2732 3814 2771 ver-

2216 2810 2301 2865 bis
2319 2809 2580 2873 osteudit,
2609 2824 2731 2864 cum
2760 2808 2868 2864 illic
2894 2818 3096 2878 praesto
3124 2806 3405 2879 subjungit
3433 2825 3446 2860 :
3479 2826 3500 2860 ι
3531 2806 3809 2863 Nonenim

2216 2902 2359 2958 ultra
2399 2901 2562 2958 faciet
2601 2918 2792 2958 servus
2847 2914 2970 2959 tuus
3013 2901 3409 2967 holocaustum,
3441 2910 3499 2957 et
3529 2902 3808 2957 victimam

2216 2995 2321 3051 diis
2349 2996 2565 3061 alienis,
2595 2995 2699 3053 nisi
2723 2995 2952 3050 Domino
2977 2994 3029 3066 (Ι
3045 2993 3085 3048 ν
3112 2993 3235 3064 Reg.
3265 2996 3344 3064 v).
3382 3014 3402 3047 ι

2829 3086 3058 3143 CAPUT
3095 3087 3185 3142 IV.

2465 3179 2532 3235 In
2560 3197 2797 3236 sermone
2818 3180 2883 3235 de
2906 3179 3199 3234 inventione
3234 3177 3293 3235 S.
3328 3178 3535 3235 Cracis.

2197 3264 2202 3283 ³
2288 3289 2307 3323 ι
2334 3271 2468 3325 Cum
2502 3270 2596 3325 lilii
2625 3270 3007 3341 prophetarum
3036 3270 3191 3339 juxta
3220 3269 3512 3325 Jordanem
3531 3268 3676 3340 ligna
3698 3283 3805 3323 ca:-

2211 3364 2421 3426 dereut,
2474 3374 2693 3433 repente
2717 3361 2926 3417 securis
2967 3359 3250 3429 cujusdam
3297 3362 3581 3414 materiam
3625 3359 3809 3414 succi-

2209 3455 2390 3510 dentis
2418 3455 2471 3508 in
2500 3467 2700 3524 aquam
2751 3452 2982 3517 cecidit;
3017 3460 3146 3507 tunc
3192 3450 3457 3522 propheta
3502 3448 3709 3520 lignum
3749 3450 3804 3502 in

2210 3561 2405 3617 aquam
2438 3545 2605 3610 misit,
2638 3553 2694 3599 et
2719 3559 2843 3600 mox
2875 3543 3080 3600 ferrum
3126 3544 3335 3598 ttatavit
3385 3551 3551 3612 atque
3588 3542 3656 3596 ad
3684 3555 3801 3596 ma-

2211 3638 2466 3693 nubrium
2515 3636 2675 3692 rediit
2716 3634 2823 3705 (IV
2859 3634 2988 3707 Reg.
3019 3635 3120 3707 vn).
3153 3654 3171 3687 ι
3206 3634 3345 3701 Quid
3385 3642 3471 3690 est
3506 3643 3690 3688 autem
3721 3646 3804 3686 se-

2208 3728 2381 3792 curis.
2415 3727 2518 3783 nisi
2566 3727 2833 3798 sapientia
2881 3726 2975 3781 Dei
3010 3735 3234 3795 operata
3265 3739 3363 3796 per
3389 3724 3630 3795 corpus?
3671 3722 3801 3793 quid

2211 3821 2441 3886 ferrum,
2472 3819 2572 3875 nisi
2604 3818 2894 3875 divinitas?
2919 3818 3050 3889 quid
3078 3817 3304 3888 lignum,
3331 3817 3435 3872 nisi
3465 3815 3802 3871 humanitas?

2208 3914 2277 3970 Et
2330 3923 2477 3969 recte
2519 3926 2719 3982 corpus
2775 3909 2977 3966 Christi
3027 3909 3228 3980 lignum
3275 3908 3508 3974 dicitur,
3540 3907 3687 3977 quod
3746 3905 3799 3959 in

2208 4004 2355 4077 ligno
2366 4003 2638 4075 pependit.
2657 4001 2879 4059 Securis
2892 4001 3055 4071 igitur
3084 3999 3238 4069 juxta
3260 3998 3554 4056 Iordanem
3576 3999 3801 4055 arbores

2207 4094 2542 4157 succidebat,
2570 4092 2695 4162 quia
2735 4091 2829 4146 Dei
2860 4089 3127 4162 sapientia
3160 4088 3316 4159 juxta
3342 4086 3564 4143 ﬂuidum
3592 4097 3798 4144 morta-

2207 4185 2377 4240 litatis
2406 4193 2606 4245 nostra;
2633 4184 2941 4244 decursum,
2974 4180 3192 4250 dignata
3237 4193 3320 4236 est
3365 4179 3561 4249 impios
3584 4177 3800 4234 .ludseos

2206 4290 2317 4328 sua:
2360 4272 2763 4345 praedicationis
2791 4270 3118 4326 austeritate
3141 4270 3414 4341 corripere
3446 4280 3501 4326 et
3531 4270 3681 4326 velut
3708 4273 3792 4324 in-

2207 4364 2511 4419 fructuosas
2532 4361 2758 4418 arbores
2779 4375 2810 4414 a
2840 4370 2983 4415 statu
3014 4361 3198 4433 rigida:
3227 4360 3491 4431 superbiae
3514 4359 3793 4415 desecare.

2209 4456 2362 4512 Unde
2381 4466 2436 4511 et
2462 4455 2701 4510 Joannes
2723 4454 2855 4509 dicit
2879 4470 2892 4506 :
2921 4470 2940 4505 ι
2969 4451 3091 4507 Jam
3112 4452 3321 4508 securis
3351 4452 3417 4507 ad
3449 4451 3688 4507 radicem
3709 4467 3797 4505 ar-

2128 4518 2179 4578 Ῑ)
2206 4550 2397 4603 borum
2432 4545 2609 4615 posita
2642 4553 2745 4599 est.
2777 4543 2968 4599 Oumis
3007 4547 3175 4599 arbor
3207 4558 3329 4613 qua:
3359 4558 3465 4596 non
3515 4540 3643 4596 facit
3684 4541 3799 4595 fru-

2206 4648 2354 4692 ctum
2435 4637 2635 4691 bontun
2718 4635 3002 4691 excidetur
3066 4643 3123 4689 et
3190 4634 3243 4688 in
3311 4633 3488 4703 ignem
3548 4634 3797 4689 mittetur

2206 4728 2421 4800 (Matth.
2450 4742 2541 4794 nt;
2568 4727 2698 4782 Lac.
2738 4728 2845 4798 ιιι).
2874 4747 2895 4778 ι
2930 4726 3117 4796 Itaque
3151 4726 3278 4782 dum
3318 4725 3461 4797 ligna
3489 4726 3792 4789 caeduntur.

2205 4821 2409 4876 ferrum
2438 4820 2491 4874 in
2520 4834 2689 4889 aquas
2720 4819 2787 4875 de
2814 4818 3100 4873 manttbrio
3131 4817 3350 4882 cecidit,
3380 4818 3506 4886 quia
3535 4817 3663 4872 dttm
3695 4817 3792 4873 sil-
3838 4814 3839 4817 “

2204 4920 2415 4966 vestres
2440 4909 2752 4965 Judmorum
2783 4921 2991 4965 mentes
3022 4905 3236 4963 Veritas
3259 4908 3506 4978 Corripit,
3535 4908 3792 4962 divinitas

2202 5016 2422 5057 carnem
2464 5010 2644 5054 tamen
2698 5015 2803 5053 non
2857 4999 3117 5054 deserens
3157 5000 3225 5052 ad
3277 4996 3473 5053 inferni
3525 4997 3789 5068 profunda

504 5092 748 5150 Naaman
782 5103 910 5147 ante
937 5091 1204 5160 leprosus,
1230 5105 1355 5144 mox
1386 5098 1444 5143 ut
1465 5091 1819 5161 septiesaqua
1846 5092 2100 5151 Jurdanis
2195 5110 2321 5151 cum
2374 5094 2568 5164 spiritu
2615 5094 2910 5147 comitante
2958 5091 3258 5147 descendit.
3318 5089 3425 5146 Sed
3479 5092 3682 5163 lignum
3732 5091 3787 5146 in

503 5184 766 5247 abluitur,
817 5183 887 5237 ab
942 5181 1090 5236 omni
1147 5181 1313 5252 lepra:
1368 5180 1621 5251 squalore
1668 5193 1963 5254 purgatur;
2025 5187 2099 5241 ita
2195 5200 2392 5257 aquam
2446 5184 2679 5239 mittitur
2708 5193 2763 5238 et
2812 5183 3015 5238 ferrum
3063 5184 3223 5248 redit,
3250 5182 3378 5252 quia
3423 5197 3625 5253 corpus
3678 5182 3788 5237 Do—

506 5272 812 5300 --..-..ιΙΑ-..-
851 5272 1078 5302 -Annn'lon
1107 5282 1315 5304 ,Λυκίη-ιω
1347 5274 1677 5306 ηιιηοῖεωαοσι
1712 5275 1856 5308 NH...
1890 5277 2095 5310 nAIn-n,

2195 5278 2326 5310 ιιιίοιῖ
2384 5280 2528 5310 ...ηυι
2554 5279 2606 5310 ἔοι
2625 5277 2771 5310 “una
2801 5276 3124 5310 nona-ariam»!

3175 5277 3231 5310 δη
3265 5275 3518 5310 cans-lam
3546 5276 3672 5310 nan:
3681 5286 3765 5310 In.
