4052 6312
230 327 372 382 “25

1504 320 1574 380 IN
1624 320 1890 378 LIBRUM
1947 317 2224 376 ESDBM.

3380 323 3515 378 1126

228 447 290 491 ιιι
327 437 469 494 unde
493 444 656 506 caput
679 437 1024 508 praecessisse
1049 435 1411 508 cognoscitur.
1443 449 1540 506 per
1565 435 1812 491 eamdem
1842 439 1893 498 Α
1922 433 2128 505 rologio
2153 433 2439 488 linearum.
2468 432 2578 489 Soli
2607 449 2840 504 namque
2865 434 3113 504 iustitiae,
3139 434 3510 505 Cbristo,pri-

229 531 372 583 viam
401 539 455 584 et
483 529 723 584 membra
745 531 1130 599 subsequentia
1166 529 1506 598 gradiantur.

766 622 930 692 213
957 619 1186 676 CAPUT
1218 619 1280 674 v.

585 709 652 764 In
697 727 934 765 temone
977 713 1042 764 de
1075 710 1132 764 S.
1164 710 1461 778 Boni/“ario.

307 822 324 855 r
361 803 560 858 Petivit
607 819 700 858 rex
731 804 994 858 Ezechias
1033 813 1092 856 ut
1119 803 1308 858 umbra
1337 805 1522 858 decem
1554 804 1819 860 linearum

227 897 484 968 gradibus
527 907 916 961 reverteretur,
947 897 1143 964 quibus
1178 895 1289 963 jam
1332 897 1383 951 in
1425 896 1700 966 horologia
1729 897 1822 952 de-

225 990 515 1045 scenderat
565 987 670 1058 (IV
701 988 827 1059 Reg.
867 990 985 1059 xx).
1020 1009 1038 1040 ι
1076 989 1214 1056 Quid
1266 990 1354 1045 isti
1414 991 1614 1060 gradus
1677 991 1821 1047 illius

225 1077 516 1147 horologii,
549 1079 603 1133 in
635 1094 743 1148 quo
776 1095 868 1135 rex
903 1081 1164 1135 Ezechias
1195 1083 1443 1137 umbram
1491 1084 1685 1138 reverti
1723 1086 1820 1140 de-

222 1182 344 1222 cem
373 1167 530 1222 lineis
560 1168 746 1236 petiit,
775 1170 1002 1241 mystice
1023 1171 1278 1235 innuunt,
1314 1172 1416 1225 nisi
1442 1173 1568 1241 quia
1593 1174 1816 1228 totidem

225 1258 481 1314 Salvator
509 1269 695 1316 noster
715 1262 977 1330 gradibus
997 1264 1064 1316 ad
1096 1272 1296 1318 nostra:
1323 1264 1672 1319 mortalitatis
1712 1265 1818 1319 ima

224 1349 531 1414 descendit,
555 1364 679 1404 cum
708 1351 775 1404 ad
805 1350 1181 1406 redimendum
1203 1369 1374 1422 genus
1405 1353 1698 1408 humanum
1722 1370 1818 1410 ve-

223 1424 344 1492 nit?
387 1438 556 1505 Quasi
585 1443 850 1508 quosdam
881 1441 1024 1494 enim
1056 1443 1258 1510 gradus
1299 1443 1562 1505 exhibuit,
1594 1459 1716 1498 cum
1752 1444 1820 1498 de

223 1530 365 1585 coelo
396 1531 546 1586 venit
584 1532 638 1586 in
689 1542 905 1587 uterum
951 1533 1211 1602 Virginis,
1259 1535 1329 1588 de
1363 1543 1518 1589 utero
1566 1537 1715 1590 venit
1764 1537 1816 1591 in

223 1636 498 1692 praesepe,
537 1622 604 1678 de
649 1638 889 1693 praesepe
931 1624 1152 1678 transiit
1204 1624 1272 1678 ad
1325 1626 1815 1690 circumcisionem,

220 1712 289 1766 de
325 1712 741 1768 circumcisione
787 1714 853 1768 ad
904 1714 1182 1784 templum,
1210 1715 1274 1769 de
1305 1715 1503 1784 templo
1545 1717 1610 1769 ad
1641 1717 1817 1786 bapti-

1923 540 2045 579 mus
2072 526 2138 580 ad
2161 539 2260 579 nos
2285 524 2657 580 descensionis
2683 527 2880 596 gradus
2900 525 3001 582 fuit
3023 528 3088 582 de
3118 527 3230 583 Deo
3253 529 3306 582 in
3333 530 3513 596 Auge-

1923 613 2054 668 lum.
2090 614 2242 669 Unde
2291 623 2375 670 est
2422 615 2565 684 quod
2607 631 2705 686 per
2757 617 2951 671 lsaiam
3010 618 3249 673 dicitur:
3280 637 3299 669 ι
3333 618 3516 689 Magni

1923 705 2135 760 consilii
2185 705 2424 776 Angelus
2455 705 2591 776 (Ira.
2625 708 2724 776 ix).
2769 727 2786 760 ι
2833 707 2898 762 Ει
2931 709 3021 778 qui
3065 725 3186 763 cum
3227 709 3398 765 Jacob
3436 711 3516 767 lo-

1922 797 2193 867 quebatur
2222 797 2364 853 Deus
2402 798 2624 867 angelus
2666 810 3032 869 nuncupatur.
3079 800 3216 854 Hinc
3255 812 3336 855 est
3369 802 3514 870 quod

1922 904 2019 958 per
2047 890 2297 944 eumdem
2323 889 2493 947 Jacob
2533 892 2768 947 dicitur:
2806 911 2823 943 ι
2862 895 3004 947 Dixit
3039 893 3261 964 angelus
3299 894 3514 950 Domini

1923 980 1989 1032 ad
2038 995 2125 1035 me
2168 981 2221 1034 in
2267 982 2516 1036 somnis:
2549 983 2659 1053 Ego
2694 999 2810 1037 smn
2859 983 3116 1039 Dominus
3154 985 3372 1051 Bctltel,
3419 985 3514 1042 ubi

1923 1072 2124 1126 unxisti
2161 1071 2392 1141 lapidem
2425 1081 2480 1127 et
2513 1082 2691 1126 vutmn
2731 1074 2925 1128 vovisti
2961 1076 3089 1129 mihi
3130 1074 3284 1145 (Gen.
3321 1077 3435 1148 In);
3483 1096 3502 1129 ι

1923 1163 2180 1216 nimirum
2209 1174 2267 1217 ut
2292 1165 2432 1219 idem
2468 1165 2580 1234 ipse
2612 1166 2704 1233 qui
2746 1157 2986 1234 loquitur
3023 1175 3076 1220 et
3103 1168 3243 1221 Deus
3267 1167 3428 1221 simul
3455 1176 3512 1222 et

1923 1257 2147 1326 angelus
2189 1259 2528 1312 ostendatur.
2583 1258 2868 1313 Secundus
2909 1258 3280 1313 descensionis
3309 1261 3510 1330 gradus

1923 1346 2107 1400 fuitin
2136 1349 2487 1416 patriarchis,
2525 1365 2622 1418 per
2664 1363 2803 1417 quos
2846 1349 3059 1404 scilicet
3106 1349 3222 1420 ipse
3255 1351 3515 1406 Dominus

1922 1439 2082 1493 unius
2109 1439 2200 1493 Dei
2226 1441 2428 1495 cultum
2453 1457 2516 1495 ac
2538 1456 2681 1495 vera:
2704 1442 2826 1496 lidei
2846 1442 3194 1497 fundamenta
3211 1445 3511 1499 constituit.

1923 1526 2140 1583 Tertius
2171 1529 2223 1582 in
2271 1530 2706 1599 promulgatione
2755 1531 2915 1600 legis,
2946 1547 3107 1601 quam
3136 1543 3192 1587 et
3222 1533 3336 1603 ipse
3363 1535 3519 1604 prius

1922 1617 2175 1671 audiente
2205 1617 2402 1686 populo
2450 1619 2694 1688 protulit,
2723 1632 2772 1672 et
2802 1621 3144 1689 postmodum
3195 1622 3248 1675 in
3290 1623 3516 1692 lapideis

1925 1706 2122 1760 tabulis
2148 1708 2367 1776 proprio
2397 1709 2568 1778 digito
2619 1718 2880 1764 exarante
2924 1710 3232 1778 descripsit.
3267 1711 3504 1777 Quartus

227 1815 432 1865 smum,
465 1802 528 1856 de
554 1801 826 1872 baptismo
864 1802 932 1857 ad
982 1819 1225 1869 crucem,
1263 1805 1330 1861 de
1359 1822 1521 1861 cruce
1550 1808 1617 1861 ad
1671 1823 1819 1863 mor-
1847 1807 1892 1866 Β
1923 1799 1975 1852 in
2006 1798 2135 1853 385"
2163 1800 2334 1864 Nave.
2371 1801 2423 1854 in
2451 1817 2577 1870 (Ιιιο,
2605 1803 2748 1855 SiCIIl
2777 1801 3015 1869 nomine.
3040 1803 3118 1857 sic
3146 1814 3201 1856 et
3225 1819 3390 1874 opere
3419 1807 3512 1860 de-

223 1901 358 1956 tem,
385 1892 452 1948 de
473 1901 648 1947 morte
685 1892 752 1946 ad
782 1894 1122 1962 sepulcrum;
1149 1907 1424 1964 postremo
1451 1899 1814 1955 descenditad

221 1981 514 2049 infernum,
547 1991 606 2037 ut
636 1983 764 2039 inde
789 1994 1007 2040 sanctos
1030 1995 1264 2053 erueret,
1290 2002 1424 2056 quos
1448 1989 1514 2043 ad
1537 1989 1814 2046 caelestem

221 2072 448 2142 gloriam
477 2073 691 2130 calcato
718 2075 912 2131 mortis
944 2077 1175 2146 imperio
1221 2089 1524 2134 revocaret.
1555 2079 1721 2137 Plane
1757 2090 1816 2136 ut

221 2177 326 2217 nos
347 2172 467 2231 post
498 2179 558 2219 se
593 2178 815 2220 currere
853 2165 1053 2220 faceret
1073 2207 1088 2230 ,
1117 2167 1250 2223 istos
1281 2183 1379 2238 pro
1419 2170 1574 2225 nobis
1612 2172 1814 2241 gradus

219 2253 570 2310 manifestata
607 2273 703 2327 per
731 2273 951 2313 carnem
985 2257 1196 2315 Veritas
1220 2262 1288 2316 ad
1315 2278 1414 2317 nos
1435 2264 1814 2320 descendendo

220 2345 518 2414 disposuit;
547 2357 604 2402 et
641 2348 1042 2417 quodammodo
1069 2351 1350 2420 cujusdam
1395 2356 1606 2426 mystici
1647 2357 1812 2412 horo-

219 2436 348 2506 logii
382 2439 460 2494 sol
486 2437 736 2506 iustitiae,
767 2441 1022 2497 Christus
1043 2443 1157 2497 haec
1187 2443 1253 2498 ad
1283 2460 1380 2500 nos
1405 2461 1464 2500 se
1498 2447 1812 2503 inclinanda

219 2541 494 2586 momenta
521 2532 790 2586 distinxit.
828 2550 846 2584 ι
892 2532 993 2600 Qui
1026 2535 1280 2590 nimirum
1314 2537 1605 2592 exsultavit
1633 2551 1690 2593 ut
1727 2539 1810 2610 gi-

219 2637 317 2690 gas
353 2625 420 2678 ad
465 2623 793 2678 currendam
826 2625 967 2680 viam
992 2626 1164 2695 (Pral.
1196 2629 1382 2696 xvln);
1409 2648 1428 2680 ι
1462 2639 1518 2683 ιιι
1541 2644 1638 2685 nos
1666 2630 1714 2684 ei
1744 2646 1812 2685 ex

219 2714 386 2769 corde
415 2712 766 2771 diceremus:
807 2734 826 2767 ι
867 2715 1049 2770 Trahe
1074 2732 1160 2771 me
1188 2727 1308 2787 post
1343 2728 1415 2783 te,
1443 2734 1726 2775 curremus
1757 2720 1810 2774 in

218 2802 444 2858 odorem
483 2815 886 2873 unguentorum
921 2815 1136 2860 tuorum
1161 2807 1336 2876 (Cant.
1371 2810 1430 2877 I).
1462 2829 1480 2861 ι
1514 2810 1812 2865 Descende-

219 2902 307 2948 rat
345 2895 526 2963 itaque
566 2897 646 2950 sol
685 2898 921 2952 emensis
943 2897 1056 2968 jam
1085 2899 1270 2954 decem
1308 2901 1566 2970 gradibus
1598 2901 1811 2956 horolo-

217 2985 312 3052 gii,
353 2985 445 3038 sed
487 3001 582 3053 per
609 2986 828 3040 eosdem
871 2989 1069 3056 gradus
1103 2988 1298 3042 iterum
1331 2989 1517 3056 rediit;
1550 2991 1697 3059 quod
1733 2991 1812 3044 vi-

219 3075 413 3129 delicet
455 3077 666 3147 signum
713 3087 876 3143 esset,
907 3093 1004 3148 per
1033 3079 1177 3148 quod
1211 3095 1269 3133 se
1302 3095 1392 3132 rex
1437 3080 1704 3135 Ezechias
1725 3096 1812 3136 sa-

1919 1905 2070 1959 gens,
2100 1890 2150 1942 in
2185 1899 2384 1944 terram
2413 1892 2853 1960 repromissionis
2896 1892 3150 1962 populum
3188 1893 3512 1949 introduxit.

1919 1980 2155 2046 Quintus
2196 1981 2294 2035 fuit
2325 1981 2525 2050 gradus
2560 1983 2611 2035 in
2636 1982 2933 2050 judicibus,
2967 1998 3064 2052 per
3091 1999 3230 2053 quos
3259 1985 3516 2040 nimirum

1918 2071 2268 2127 lsraeliticam
2293 2073 2502 2142 plebem
2535 2081 2589 2126 et
2617 2073 2731 2142 ipse
2767 2074 3006 2144 regebat.
3041 2074 3240 2128 Sextus
3281 2076 3332 2128 in
3369 2077 3514 2146 regi-

1916 2163 2503 2233 busJudaaorum,quia
2526 2165 2581 2218 in
2603 2164 2682 2218 eis
2698 2165 3072 2235 principaliter
3095 2166 3207 2236 ipse
3231 2168 3512 2237 regnabat.

1918 2254 2195 2325 Septimus
2240 2256 2294 2310 in
2340 2256 2642 2325 prophetis,
2675 2256 2801 2324 quia
2831 2272 2931 2326 per
2957 2271 3053 2310 eos
3085 2258 3200 2326 ipse
3223 2266 3278 2312 et
3307 2274 3516 2313 annun-

1919 2346 2082 2400 tiatus
2107 2355 2272 2400 estet
2317 2345 2549 2400 locutus.
2581 2345 2819 2402 Octavus
2851 2347 2902 2400 in
2947 2349 3316 2416 pontiﬁcibus,
3347 2350 3509 2420 217

1917 2437 2195 2506 inquibus
2247 2437 2396 2506 ipse,
2433 2437 2524 2506 qui
2567 2452 2814 2491 summus
2861 2447 2946 2492 est
2991 2438 3260 2501 Pontifex,
3292 2442 3406 2493 veri
3458 2448 3516 2494 et

1913 2527 2100 2582 aeterni
2131 2527 2211 2581 sui
2241 2527 2530 2582 sacerdotii
2562 2528 2881 2598 mysterium
2909 2527 3178 2600 figuravit.
3203 2528 3388 2585 Nonus
3417 2546 3514 2584 au-

1913 2629 2024 2674 tem
2071 2619 2272 2688 gradus
2317 2619 2631 2688 designatus
2681 2629 2764 2674 est
2811 2620 2865 2674 iu
2902 2620 3138 2676 homine.
3175 2621 3510 2678 Dccimusiu

1914 2711 2190 2780 passione.
2241 2710 2346 2764 Per
2392 2711 2490 2764 hos
2539 2711 2721 2779 itaque
2758 2711 2944 2766 decem
2987 2715 3206 2783 gradus,
3234 2715 3387 2784 quasi
3417 2728 3516 2784 per

1914 2803 2162 2855 umbram
2197 2803 2396 2856 veteris
2446 2803 2791 2866 testamenti,
2833 2802 2925 2858 Sol
2964 2805 3209 2874 justitim,
3237 2805 3511 2871 Christus,

1915 2893 1967 2946 in
2002 2905 2200 2948 nostra;
2231 2893 2582 2948 mortalitatis
2626 2893 2909 2948 descendit
2964 2910 3250 2958 occasum;
3303 2907 3357 2952 et
3413 2912 3512 2966 per

1913 2999 2007 3038 eos
2039 2985 2142 3038 iter
2166 2992 2287 3054 post
2317 2983 2769 3038 resurrectionem
2819 2999 2973 3039 suam
3012 2985 3066 3039 in
3106 2985 3304 3040 coelum
3334 2986 3512 3040 victor

1914 3076 2160 3130 ascendit
2187 3089 2514 3144 omnemque
2545 3074 2689 3129 illam
2717 3081 2942 3130 vetustae
2973 3073 3110 3146 legis
3137 3076 3382 3129 umbram
3411 3090 3505 3130 ve-

217 3168 314 3221 luti
345 3169 586 3236 pristinae
618 3169 1009 3225 restituendum
1035 3187 1154 3226 esse
1177 3171 1496 3226 confideret.
1522 3172 1812 3227 Enimvero
1841 3178 1884 3238 ο
1919 3170 2098 3224 ritatis
2125 3185 2235 3224 sua:
2260 3183 2322 3222 ac
2345 3183 2496 3222 novae
2520 3169 2708 3239 gratiae
2735 3167 2900 3223 radiis
2940 3167 3250 3232 illustravit,
3277 3169 3510 3224 obscura

215 3279 320 3320 nec
344 3279 512 3333 genus
534 3265 828 3319 humanum
853 3266 918 3320 ad
951 3266 1398 3331 incolumitatem,
1425 3282 1584 3334 quam
1613 3269 1814 3322 amise-

218 3363 324 3417 rat,
351 3355 418 3410 de
447 3355 530 3409 sui
569 3355 846 3426 languoris
877 3357 1191 3427 crogatiouc
1225 3358 1520 3423 convaluit,
1552 3375 1674 3414 cum
1702 3359 1808 3413 diei

215 3444 310 3498 lux
338 3459 464 3500 vera
511 3447 761 3502 Christus
805 3449 990 3503 decem
1023 3465 1138 3516 eos,
1169 3465 1306 3519 quos
1344 3451 1806 3517 enumeravimus,

218 3535 432 3605 mystici
464 3535 726 3606 horologii
776 3539 974 3607 gradus
1018 3541 1084 3593 ad
1137 3556 1390 3596 occasum
1442 3553 1687 3597 nostrum
1749 3557 1809 3597 se

217 3625 551 3681 bumiliando
579 3630 882 3698 percurrit,
917 3645 1226 3700 quanquam
1286 3649 1382 3702 per
1420 3633 1665 3686 umbram
1713 3633 1805 3687 dc-

217 3732 334 3772 cem
367 3719 633 3787 graduum
669 3730 726 3774 et
767 3721 928 3775 aliter
953 3737 1201 3792 supernae
1227 3724 1647 3794 dispensationis
1683 3739 1806 3795 pos-

215 3823 402 3864 sumus
435 3810 733 3881 intelligere
771 3827 1190 3866 sacramentum.
1227 3815 1577 3870 Diversitates
1612 3817 1804 3885 quippe

215 3905 518 3970 temporum
553 3901 707 3969 quasi
741 3900 986 3968 quaedam
1037 3903 1415 3958 distinctiones
1457 3913 1583 3958 sunt
1616 3906 1666 3958 in
1701 3907 1801 3959 ho-

1921 3262 2187 3326 revelans,
2213 3261 2396 3316 clausa
2430 3261 2674 3315 refer-aus
2702 3271 2756 3314 et
2799 3261 2982 3315 omnia
3013 3262 3112 3316 sub
3135 3261 3231 3317 vel.
3257 3262 3403 3317 mine
3420 3259 3511 3316 lit-

1921 3365 2050 3408 term
2075 3361 2222 3406 recta
2253 3351 2551 3406 denudans.
2581 3351 2645 3404 Et
2675 3351 2814 3405 sicut
2841 3359 2969 3406 tunc
3001 3351 3079 3406 sol
3111 3351 3353 3406 lineatim
3381 3353 3508 3422 qui-

1918 3445 2038 3499 dem
2070 3459 2132 3498 ac
2169 3457 2383 3497 morose
2407 3450 2773 3512 processerat,
2803 3450 3024 3512 repente
3049 3451 3230 3498 autem
3258 3445 3326 3498 ad
3353 3452 3509 3497 ortus

1917 3538 1998 3590 sui
2023 3545 2110 3590 est
2140 3549 2388 3589 reversus
2404 3533 2702 3602 originem;
2735 3532 2813 3586 sic
2837 3533 3116 3597 nimirum,
3147 3533 3226 3587 sic
3261 3533 3510 3602 signave-

1917 3635 2002 3680 rat
2047 3625 2376 3694 Redemptor
2421 3633 2608 3677 noster
2635 3638 2698 3677 ea
2727 3637 2848 3692 qua:
2874 3623 2939 3677 de
2967 3619 3376 3676 incarnationis
3396 3637 3510 3676 suze

1908 3717 2168 3787 mysterio
2181 3716 2442 3786 perlonga
2463 3723 2768 3784 temporum
2798 3714 3076 3768 intervalla
3101 3715 3154 3768 in
3188 3713 3302 3769 sola
3328 3727 3509 3768 resur-

1910 3809 2166 3864 rectionis
2214 3818 2378 3877 atque
2435 3807 2772 3861 ascensionis
2825 3821 2937 3860 suae
2969 3806 3138 3876 gloria
3199 3806 3380 3862 subito
3410 3818 3507 3876 pa-

1910 3901 2112 3956 tcfecit.

1237 4035 1538 4107 Expliciunt
1575 4037 1872 4092 testimonia
1903 4035 1966 4089 de
1995 4035 2127 4088 libro
2157 4031 2240 4086 IV
2278 4032 2494 4103 Regum.

1329 4181 1903 4274 DE'LIBRO
1975 4181 2434 4270 ESDRIE.

213 4346 281 4404 In
320 4351 539 4419 epistola
576 4353 645 4405 ad
675 4352 1033 4423 Cunibertum,
1067 4373 1359 4428 episcopum
1400 4355 1794 4411 Taurinensem.
1829 4357 1875 4418 Ι)
1902 4351 2158 4407 cerdotali
2189 4365 2247 4405 se
2287 4350 2502 4420 prodire
2550 4364 2801 4421 prosapia
2839 4351 3085 4423 religiose
3139 4351 3369 4410 vivendo
3413 4362 3497 4412 te-

290 4457 310 4491 r
349 4439 501 4508 Quod
523 4444 742 4511 quidam
772 4446 1082 4502 sacerdotes
1109 4449 1442 4517 quarsierunt
1469 4448 1798 4518 scripturam

210 4534 538 4605 genealogis:
566 4552 697 4591 suae.
753 4536 930 4604 Unde,
961 4555 1082 4593 cum
1115 4557 1222 4596 non
1274 4541 1600 4606 invenirent,
1641 4539 1796 4609 ejecti

209 4633 343 4680 sunt
387 4627 453 4681 de
490 4629 814 4683 sacerdotio.
851 4649 868 4681 ι

284 4714 437 4770 Pium
483 4717 626 4770 enim
666 4727 749 4772 est
796 4720 1015 4776 credere
1051 4721 1176 4791 quia
1207 4723 1473 4792 quisquis,
1503 4737 1644 4776 nunc
1673 4737 1798 4792 pec-

208 4814 331 4861 cata
362 4807 576 4878 propria
610 4823 1087 4879 recognoscensac
1117 4814 1388 4876 deserens,
1419 4829 1449 4867 a
1477 4830 1576 4869 suo
1608 4830 1666 4869 se
1695 4816 1796 4869 mi-

207 4895 437 4948 nisterio
468 4895 744 4950 humiliter
772 4900 1040 4968 reprimit,
1077 4901 1128 4954 in
1175 4903 1260 4956 die
1300 4900 1488 4971 judicii
1520 4903 1794 4969 eumdem,

206 4999 318 5056 quo
346 5001 404 5041 se
429 4995 618 5057 sponte
657 4988 985 5057 privaverat,
1031 4992 1274 5046 ordinem
1317 4993 1600 5049 obtinebit.
1641 4994 1794 5063 Quod

207 5081 264 5136 in
315 5081 453 5136 libro
495 5083 679 5138 Esdra:
722 5084 1015 5154 signiﬁcari
1048 5087 1277 5151 videtur,
1328 5089 1416 5142 ubi
1447 5091 1792 5145 sacerdotum

204 5172 520 5244 genealogia
561 5175 911 5230 describitur.
962 5176 1037 5232 lbi
1069 5178 1265 5247 quippe
1293 5194 1446 5232 sacra
1481 5188 1664 5232 narrat
1713 5179 1795 5233 hi-

205 5265 378 5319 storia
403 5265 528 5334 quia
566 5283 584 5316 r
621 5267 838 5334 quidam
887 5269 1226 5322 sacerdotum
1280 5267 1609 5336 quaesierunt
1652 5269 1792 5323 seri»

206 5365 422 5426 pturam
461 5357 787 5426 genealogiae
834 5372 966 5424 suae,
1013 5368 1067 5411 et
1107 5359 1358 5427 quoniam
1421 5359 1655 5428 reperire
1686 5376 1789 5414 non

204 5457 526 5517 potuerunt,
544 5445 702 5515 cjecti
734 5456 859 5502 sunt
881 5448 946 5502 de
969 5449 1270 5503 sacerdotio
1294 5447 1375 5519 (Il
1400 5448 1552 5502 Esdr.
1572 5449 1652 5517 ιι).
1679 5470 1694 5500 ι
1715 5451 1790 5504 llh

105 5580 114 5590 .
204 5539 368 5610 plane
423 5540 691 5594 veraciter
734 5539 1045 5595 sacerdotes
1085 5549 1209 5594 sunt
1248 5541 1337 5610 qui
1388 5541 1792 5596 sarerdotaliter

203 5630 416 5683 vivunt.
472 5629 533 5683 Hi
575 5629 924 5685 sacerdotalis
964 5632 1178 5698 generis
1212 5629 1405 5683 lineam
1443 5640 1657 5685 servant
1696 5633 1789 5701 qui

203 5722 374 5777 vitam
404 5735 554 5776 suam
609 5720 834 5776 Domino
869 5720 1194 5776 sacrificium
1237 5719 1468 5777 oli‘crunt
1508 5736 1567 5776 ac
1598 5722 1662 5776 dc
1705 5737 1793 5778 sa-

1907 4453 2162 4506 stantur,
2245 4441 2370 4496 dum
2434 4453 2746 4498 sanctorum
2813 4443 3152 4500 sacerdotum
3220 4445 3500 4502 imitantur

1901 4535 2179 4604 exempla,
2228 4549 2348 4603 qua:
2384 4533 2590 4603 legunt,
2649 4544 2780 4590 tunc
2810 4536 2861 4590 in
2915 4535 3089 4589 sacris
3130 4535 3360 4606 eloquiis
3407 4552 3498 4590 sa-

1903 4627 2181 4682 cerdotum
2222 4642 2280 4681 se
2310 4627 2448 4682 ﬁlios
2481 4637 2892 4698 recognoscunt.
2932 4627 3003 4681 At
3050 4627 3104 4682 hi
3134 4629 3224 4697 qui
3257 4629 3496 4683 carnali-

1901 4727 1986 4774 ter
2010 4719 2222 4782 vivunt,
2257 4728 2312 4774 et
2340 4734 2631 4789 pravorum
2669 4719 2946 4789 sequendo
2991 4719 3214 4789 vestigia
3243 4719 3397 4787 quasi
3423 4719 3492 4772 de

1900 4808 2238 4862 stecularium
2287 4810 2634 4880 generatione
2670 4808 3036 4873 descendunt,
3070 4809 3262 4863 merito
3289 4811 3356 4864 de
3405 4823 3493 4864 sa-

1898 4899 2177 4953 cerdotum
2209 4899 2568 4968 projiciuntur
2595 4900 2806 4965 ordine,
2833 4913 3064 4968 quorum
3095 4915 3154 4955 se
3193 4915 3291 4970 per
3319 4901 3482 4955 vitam

1900 4989 2183 5056 rcprobam
2234 4997 2508 5058 nequeunt
2565 4989 2704 5043 ﬁlios
2755 4989 3018 5042 invenire.
3075 4989 3142 5042 Et
3188 4989 3487 5047 notandum

1897 5083 2041 5148 quod
2083 5081 2192 5135 illic
2232 5069 2517 5151 sequitur:
2549 5100 2566 5132 ι
2611 5080 2756 5134 Dixit
2802 5080 3126 5136 Athersatha
3172 5082 3251 5136 eis
3279 5091 3337 5135 ut
3380 5097 3486 5138 non

1897 5176 2245 5228 comederent
2286 5176 2351 5229 de
2402 5173 2608 5228 sanctis
2649 5182 2985 5238 sanctorum,
3022 5174 3191 5227 donec
3237 5183 3486 5244 surgeret

1895 5267 2150 5320 sacerdos
2171 5265 2266 5320 Dei
2295 5266 2484 5320 doctus
2512 5275 2675 5334 atque
2705 5263 2973 5335 perfectus
3003 5263 3208 5336 (Ibid.).
3244 5284 3261 5317 ι
3290 5265 3349 5320 ln
3375 5280 3483 5338 qua

1891 5361 2153 5414 nimirum
2186 5359 2548 5431 prohibitione
2585 5361 2712 5431 quid
2741 5360 2884 5414 aliud
2930 5376 3024 5431 per
3053 5361 3322 5432 allegorias
3371 5380 3484 5437 my-

1894 5453 2117 5505 sterium
2152 5452 2310 5506 debet
2339 5451 2588 5521 intelligi,
2629 5451 2730 5505 nisi
2767 5462 2824 5505 ut
2862 5453 2906 5507 is
2931 5453 3020 5523 qui
3049 5454 3244 5524 dignus
3267 5461 3480 5513 est‘sa-

1894 5543 2158 5607 cerdotio,
2190 5543 2552 5611 percipiendis
2574 5559 2632 5598 se
2657 5547 3014 5600 sacramentis
3045 5555 3098 5600 et
3122 5550 3476 5604 sacerdotalis

1893 5632 2100 5686 ordinis
2141 5633 2611 5689 administratione
2642 5646 2972 5706 compescat,
3019 5639 3188 5694 donec
3228 5639 3476 5694 Christus

1901 5727 1954 5781 in
1979 5724 2200 5797 judicio,
2230 5727 2321 5797 qui
2354 5743 2476 5784 vere
2509 5728 2778 5788 Sacerdos
2807 5740 2889 5789 est
2929 5733 3120 5790 doetus
3147 5743 3310 5806 atque
3345 5747 3473 5804 per-
