4052 6312
577 320 712 378 1137

1459 318 1955 377 COLLECTANEA
1999 319 2065 374 IN
2108 316 2334 375 VETUS
2369 314 2917 375 TESTAMENTUM.

3696 320 3836 375 “‘28

577 440 749 490 tectus
788 426 1092 502 exsurgat?
1150 433 1306 487 Sicut
1360 447 1453 503 per
1513 431 1857 487 Psalmistam
1911 431 2146 485 dicitur:
2181 437 2223 492 Α
2255 429 2966 502 gustaveruutnihilominus
2995 429 3192 484 bonum
3222 431 3313 486 Dei
3339 430 3555 484 verbum
3583 430 3840 485 virtutes-

584 542 602 574 ι
645 521 811 576 Terra
855 522 1077 576 tremuit
1106 530 1160 575 et
1186 522 1409 591 quievit,
1454 523 1580 577 dum
1621 529 1937 591 exsurgeret
1966 522 2020 574 in
2060 518 2150 587 ju-

580 611 723 666 dicio
747 611 888 665 Deus
913 610 1084 680 (Paul.
1111 613 1327 683 ικιν),ι
1357 621 1414 667 ιιι
1440 614 1505 679 is,
1530 612 1683 680 cujus
1715 611 1937 667 terroris
1962 613 2154 665 instin-

576 711 668 757 etu
694 701 919 770 quilibet
961 702 1143 772 lapsus
1188 703 1277 757 hic
1318 719 1414 758 sua
1444 719 1502 759 se
1530 695 1794 774 dignitate
1828 710 2018 771 sponte
2051 701 2157 770 pri-

577 804 819 857 vaverat,
855 807 979 847 eum
1014 794 1067 848 iu
1112 795 1277 865 213
1314 795 1516 864 judicio
1543 803 1692 863 grata
1721 794 1838 847 vice
1868 793 2155 847 restituens

578 884 648 939 ad
683 884 868 939 amissi
894 885 1102 939 ordinis
1127 884 1338 941 culmen
1377 885 1608 951 attollat,
1632 885 1816 940 dicens
1842 900 1856 936 ε
1887 902 1906 934 ι
1939 883 2153 947 Amice,

578 976 809 1031 ascende
832 976 1100 1045 superius,
1130 985 1188 1032 et
1217 986 1343 1032 tunc
1367 978 1437 1033 sit
1469 978 1562 1032 tibi
1590 977 1757 1046 gloria
1781 991 1965 1032 coram
1993 975 2155 1030 simul

578 1065 1036 1122 discumbentibus
1051 1066 1201 1135 (Luc.
1228 1068 1359 1137 xw).
1392 1086 1412 1120 ι
1452 1066 1556 1122 Sed
1578 1074 1705 1121 sunt
1724 1064 1988 1130 nonnulli,
2013 1065 2155 1133 quod

576 1156 1008 1225 praetereundum
1038 1171 1143 1210 non
1180 1163 1283 1221 est,
1322 1155 1433 1225 qui,
1459 1157 1612 1224 juxta
1640 1155 1979 1225 Apostolum,
2010 1172 2028 1205 ι
2057 1153 2153 1208 de-

586 1253 871 1312 sperantes
899 1244 1216 1313 semetipsos
1270 1244 1628 1300 immunditia:
1668 1244 2007 1299 tradiderunt
2054 1240 2153 1312 (E-

578 1333 723 1401 plus.
743 1332 838 1403 tv);
864 1352 882 1386 ι
913 1348 1037 1388 nam
1068 1333 1456 1389 continentiam
1483 1332 1726 1389 funditus
1754 1335 2154 1402 desperantesa

581 1422 814 1492 suscepti
855 1422 1060 1483 ordinis
1089 1423 1560 1479 administratione
1588 1438 1649 1479 se
1688 1423 2018 1493 reprimunt;
2045 1423 2152 1478 sic-

579 1526 688 1581 que
714 1526 773 1569 se
798 1511 1110 1582 delinquere
1140 1512 1284 1568 velut
1319 1514 1537 1583 impune
1571 1513 1866 1578 conﬁdunt,
1891 1527 1955 1567 ac
1976 1514 2020 1567 si
2041 1527 2155 1568 ser-

544 1645 557 1655 ..
579 1615 684 1657 vus
715 1601 934 1659 domino
963 1616 1060 1657 suo
1091 1602 1270 1659 dicat:
1316 1603 1453 1670 Quia
1483 1604 1625 1673 quod
1658 1604 1906 1677 praecipis
1931 1602 2156 1672 implere

550 1706 689 1746 ..non
720 1691 897 1756 valeo,
923 1695 993 1747 ad
1025 1693 1260 1749 hostium
1302 1704 1516 1750 tuorum
1556 1703 1735 1749 castra
1767 1694 2067 1763 transfugio
2093 1692 2154 1746 il-

2252 539 2358 592 que
2392 521 2570 576 saeculi
2602 522 2808 576 venturi
2845 532 2899 576 et
2928 522 3165 591 prolapsi
3195 532 3340 587 sunt,
3368 538 3555 579 rursus
3577 526 3837 577 renovari

2253 614 2321 669 ad
2360 615 2755 685 paenitentiam,
2796 629 3007 668 rursum
3059 614 3438 685 crucitigentes
3489 616 3542 668 in
3583 615 3834 670 sibimet-

2250 708 2383 778 ipsis
2407 706 2603 760 Filinm
2652 706 2747 760 Dei
2775 714 2832 761 et
2867 707 3100 761 ostentui
3153 706 3413 761 habentes
3434 705 3622 776 (Hebr.
3673 707 3773 775 vi}.
3813 726 3833 757 ι

2251 800 2327 853 lta
2352 799 2509 868 plane
2536 797 2788 851 videntur
2809 812 2969 866 agere
2997 812 3062 851 ac
3088 798 3132 852 si
3156 796 3512 853 lsraelitarum
3540 795 3838 865 ψίέρίδιιι,

2252 889 2439 943 volens
2493 876 2745 941 fornicari
2801 902 2924 942 cum
2974 886 3161 951 idolis,
3214 886 3359 940 dicat
3399 885 3571 954 :quia
3626 899 3841 953 nequeo

2253 981 2545 1037 observare
2600 981 2786 1034 duram
2817 994 2881 1033 ac
2913 979 3138 1047 rigidam
3183 977 3277 1032 Dei
3316 977 3506 1046 legem,
3558 976 3627 1030 ad
3672 978 3841 1030 ritum

2256 1069 2501 1125 transibo
2530 1069 2781 1138 gentilem
2814 1077 3067 1137 tanquam
3100 1069 3360 1123 recedens
3382 1083 3410 1120 a
3443 1066 3578 1137 lege,
3620 1079 3729 1120 non
3766 1067 3844 1120 sit

2254 1164 2465 1220 debitor
2490 1163 2591 1233 legi
2625 1171 2679 1216 et
2717 1163 2821 1215 hoc
2870 1162 3030 1216 modo
3058 1175 3362 1229 quanquam
3390 1159 3456 1213 de
3482 1167 3696 1215 servata
3720 1158 3844 1226 lege

2255 1271 2360 1310 non
2384 1255 2454 1310 sit
2484 1254 2706 1324 praemio
2750 1253 2964 1322 dignus,
3015 1250 3200 1306 ultioni
3231 1259 3409 1303 tamen
3438 1249 3504 1304 de
3527 1255 3846 1316 cuminum:

2262 1363 2366 1403 non
2396 1357 2643 1401 teneatur
2678 1346 2962 1403 obnoxius.
3013 1343 3116 1397 Sed
3148 1342 3433 1395 audiamus
3472 1337 3605 1409 quid
3634 1336 3846 1391 talibus

2256 1439 2437 1491 divina
2468 1436 2731 1491 severitas
2760 1436 2813 1488 in
2863 1432 3277 1489 Deutcrouomio
3316 1430 3463 1491 dicat
3489 1445 3505 1482 :
3536 1446 3558 1480 ι
3587 1428 3845 1498 Suntque

2256 1527 2486 1581 audierit
2509 1527 2795 1596 quisquam
2829 1518 2992 1579 verba
3033 1522 3324 1591 jurameuti
3352 1519 3533 1588 hujus,
3555 1519 3847 1575 benedicat

2244 1618 2361 1672 .sibi
2406 1618 2459 1670 in
2492 1616 2653 1671 corde
2690 1630 2790 1669 suo
2837 1615 3017 1669 dicens
3052 1631 3065 1666 :
3108 1612 3218 1666 Pax
3251 1612 3355 1667 erit
3401 1610 3533 1665 mihi
3560 1618 3619 1665 et
3652 1611 3849 1687 amba?-

2257 1709 2379 1763 labo
2410 1711 2463 1764 in
2506 1709 2770 1777 pravitate
2812 1709 2989 1763 cordis
3035 1708 3163 1773 mei,
3202 1715 3253 1760 et
3287 1712 3528 1761 assumat
3552 1704 3744 1761 ebrius
3770 1704 3847 1759 si-

580 1779 756 1852 lisque
784 1797 871 1837 me
894 1783 962 1836 ad
984 1784 1329 1854 pugnandum
1357 1793 1546 1839 contra
1569 1792 1620 1839 te
1640 1783 1942 1838 dedititium
1970 1783 2153 1848 trado;
2189 1785 2232 1843 B
2264 1802 2484 1855 “amem
2531 1809 2585 1853 ει
2640 1800 2899 1855 Dominus
2943 1799 3189 1869 ignoscat
3242 1798 3292 1851 οί
3316 1814 3332 1861 ;
3358 1796 3454 1851 sed
3498 1806 3633 1853 ωηο
3678 1810 3844 1867 ,μαι

586 1887 845 1947 tauquam
882 1879 1050 1947 possit
1075 1878 1353 1935 dominum
1376 1895 1531 1934 suum
1561 1879 1796 1948 placare,
1829 1872 1971 1948 quod
1996 1878 2151 1948 fugit,

580 1974 639 2021 et
670 1981 775 2022 non
805 1968 976 2036 possit
1006 1968 1244 2035 irritare,
1282 1969 1425 2038 quod
1454 1970 1713 2023 adversus
1740 1983 1865 2023 eum
1904 1969 1957 2022 iu
1999 1984 2152 2022 arma

582 2058 884 2124 consurgit.
915 2054 1120 2122 Quibus
1148 2071 1248 2125 ego
1280 2064 1594 2111 constanter
1632 2066 1686 2111 et
1723 2057 1841 2112 sine
1879 2057 1982 2111 ulla
2005 2072 2159 2127 pror-

590 2159 684 2199 sus
714 2146 1061 2216 ambiguitate
1097 2148 1360 2202 denuntio
1404 2148 1660 2218 quoniam
1707 2163 1861 2203 cassa
1887 2161 1947 2201 se
1969 2163 2034 2203 ac
2062 2147 2161 2202 fri-

587 2234 707 2289 vola
768 2235 1151 2303 pollicitatione
1208 2237 1513 2306 decipiunt,
1563 2239 1607 2292 si
1663 2254 1769 2292 non
1806 2248 2161 2307 exsequentes

584 2325 820 2382 oﬁicium
849 2326 1023 2383 oﬁicio
1048 2344 1106 2383 se
1127 2338 1317 2383 exutos
1343 2345 1460 2385 esse
1491 2329 1785 2384 conﬁdunt.
1825 2329 1977 2385 Licet
2012 2331 2157 2385 enim

594 2430 625 2468 a
656 2415 1109 2486 frequentatione,
1150 2419 1231 2472 vel
1257 2420 1599 2474 exsecutione
1628 2428 1799 2474 cesset
1824 2420 1956 2474 ordo
1983 2419 2159 2489 cujus-

582 2503 738 2572 libet,
765 2505 847 2561 vel
871 2505 1103 2561 oﬂicium
1129 2508 1182 2561 in
1206 2509 1453 2563 ordinato
1477 2519 1652 2563 tamen
1681 2509 2030 2565 nihilominus
2042 2525 2161 2582 per-

587 2603 775 2649 manet
794 2596 1000 2652 ordinis
1034 2608 1458 2657 sacramentum.
1509 2599 1577 2655 Et
1611 2600 1753 2655 sicut
1782 2599 1867 2655 vir
1892 2602 2158 2671 quispiam

587 2683 693 2739 etsi
720 2694 898 2741 cesset
925 2685 994 2741 ab
1042 2703 1206 2757 opere
1253 2688 1540 2758 conjugali,
1595 2689 1742 2745 nullo
1773 2691 1930 2745 modo
1983 2700 2159 2745 tamen

586 2773 888 2829 absolvitur
910 2776 1246 2847 copulatione
1274 2778 1538 2849 conjugii;
1568 2780 1642 2833 ita
1673 2779 1921 2844 clericus,
1949 2779 2050 2834 etsi
2076 2779 2158 2834 sui

584 2862 791 2919 ordinis
812 2880 919 2919 non
947 2866 1202 2936 fungatur
1233 2868 1432 2933 ofﬁcio,
1476 2870 1718 2939 ejusdem
1753 2879 1932 2924 tamen
1957 2871 2162 2924 ordinis

585 2970 694 3009 non
722 2956 941 3011 exuitur
964 2970 1329 3013 sacramento.
1360 2960 1668 3014 Cavendum
1700 2972 1782 3015 est
1805 2977 1934 3031 ergo
1961 2962 2067 3016 illis
2095 2977 2163 3016 ue

586 3058 749 3114 super
776 3060 871 3100 eos
904 3048 1084 3102 veniat
1113 3048 1456 3105 formidolosa
1483 3049 1567 3102 illa
1593 3051 1881 3114 sententia,
1936 3065 2041 3121 qua
2066 3066 2165 3120 per

2244 1891 2492 1946 maxime
2516 1891 2695 1945 fumus
2718 1889 2834 1957 ejus
2861 1889 3027 1944 fumet
3054 1898 3110 1943 et
3136 1887 3285 1943 zelus
3326 1894 3517 1942 contra
3560 1886 3842 1943 hominem

2261 1986 2430 2049 illum,
2475 1994 2530 2039 et
2566 1975 2785 2038 sedeant
2822 1997 2981 2051 supra
3007 1996 3129 2036 eum
3165 1980 3344 2036 omnia
3377 1976 3692 2047 maledicta,
3719 1992 3841 2050 quae

2259 2077 2459 2145 scripta
2490 2082 2617 2127 sunt
2646 2073 2699 2126 in
2726 2072 2830 2125 hoc
2868 2070 3161 2136 volumine,
3208 2077 3264 2124 et
3290 2068 3471 2124 deleat
3493 2062 3694 2124 lmen
3720 2065 3845 2137 ejus

2246 2167 2361 2220 sub
2386 2165 2544 2226 caelo,
2576 2174 2631 2218 et
2658 2172 2936 2218 consumat
2960 2177 3083 2216 eum
3108 2161 3161 2214 iu
3185 2160 3540 2231 perditionem
3567 2157 3845 2217 exomni-

2260 2257 2360 2310 bus
2388 2255 2632 2308 tribubus
2654 2252 2816 2307 lsrael
2841 2253 2993 2322 juxta
3025 2250 3445 2311 male-dictiones,
3470 2263 3595 2319 qua
3620 2248 3679 2303 in
3700 2247 3847 2303 Maro

2261 2349 2394 2417 legis
2434 2346 2589 2414 hujus
2621 2361 2684 2400 ac
2725 2344 2944 2400 foederis
2985 2343 3330 2398 continentur
3370 2339 3553 2417 (Deut.
3603 2338 3781 2410 xxix).
3818 2357 3841 2391 ι

2262 2414 2366 2492 seu
2394 2445 2448 2490 et
2494 2436 2775 2490 Psalmista
2804 2428 2955 2499 dicit,
2988 2453 3007 2485 ι
3038 2432 3333 2496 Maledicti,
3380 2414 3472 2501 qui
3498 2429 3779 2487 declinant
3811 2428 3847 2482 ι

2264 2529 2529 2583 mandatis
2557 2528 2661 2582 tuis
2685 2524 2855 2597 (Paul.
2880 2525 3089 2591 cxvm).
3121 2543 3139 2577 ι
3166 2524 3228 2577 Et
3256 2537 3351 2593 per
3373 2520 3850 2595 Ezechielembo-

2260 2622 2438 2674 minus
2464 2619 2541 2672 ait
2568 2635 2581 2670 :
2613 2638 2632 2668 ι
2668 2617 2852 2687 Neque
2878 2616 3132 2685 cogitatio
3181 2615 3378 2669 metuis
3403 2609 3602 2669 vestra
3630 2604 3839 2673 letiﬁ-

2261 2709 2495 2764 ccutium
2524 2727 2538 2761 :
2563 2707 2779 2761 Erimus
2820 2707 2961 2761 sicut
2988 2715 3172 2775 gentes
3219 2712 3273 2758 et
3306 2704 3449 2758 sicut
3489 2702 3848 2773 cognationes
3886 2720 3889 2727 λ

2266 2810 2447 2865 terr-.c,
2490 2809 2547 2853 ut
2573 2798 2813 2854 colamus
2846 2797 2987 2866 ligna
3027 2805 3079 2851 ct
3114 2795 3343 2864 lapides.
3377 2793 3514 2849 Vivo
3554 2804 3681 2864 ego,
3714 2788 3849 2853 ﬁcit

2264 2891 2522 2945 Dominus
2581 2889 2743 2952 Deus,
2779 2888 3033 2956 quoniam
3062 2886 3115 2939 iu
3168 2900 3331 2937 manu
3360 2880 3483 2937 forti
3516 2890 3573 2938 et
3620 2880 3849 2938 brachio

2263 2989 2482 3037 extento
2504 2989 2558 3036 et
2586 2980 2638 3034 in
2668 2979 2849 3033 furore
2869 2976 3035 3031 effuso
3066 2975 3303 3046 regnabo
3328 2989 3492 3043 super
3520 2988 3615 3026 vos
3634 2980 3691 3027 et
3719 2973 3852 3029 edas

2250 3086 2385 3128 vcatu
2412 3086 2508 3126 vos
2543 3072 2608 3124 dc
2633 3070 2861 3140 populis,
2895 3078 2949 3123 et
2987 3069 3324 3138 congregabo
3352 3080 3449 3121 vos
3476 3066 3542 3118 de
3577 3064 3745 3118 terris
3794 3065 3851 3117 in

585 3134 903 3205 Apostolum
958 3139 1158 3192 dicitur
1184 3157 1197 3193 :
1226 3158 1245 3191 ι
1301 3140 1638 3210 lmpossibile
1673 3150 1778 3205 est,
1816 3142 2008 3210 inquit,
2043 3154 2159 3204 eos,

2267 3164 2468 3232 quibus
2520 3160 2750 3230 dispersi
2801 3160 2955 3225 estis,
2997 3168 3053 3213 et
3106 3157 3386 3227 subjiciam
3426 3169 3521 3210 vos
3547 3154 3603 3208 in
3630 3163 3851 3223 sceptro

586 3227 680 3295 qui
709 3229 875 3283 semel
902 3239 1028 3285 sunt
1065 3231 1374 3297 illuminati,
1397 3240 1748 3303 gustaverunt
1774 3233 1937 3286 etiam
1963 3233 2160 3285 donum

588 3314 863 3386 ctelestes,
914 3327 969 3374 et
1003 3321 1295 3393 participes
1338 3330 1464 3378 sunt
1517 3319 1644 3377 facti
1689 3321 1920 3392 Spiritus
1966 3322 2162 3386 sancti,

2266 3269 2386 3308 meo
2415 3251 2629 3323 (Ezech.
2656 3252 2769 3320 xx).
2807 3268 2827 3300 ι

1565 3500 1730 3571 219
1788 3518 1933 3604 DE
1996 3513 2356 3605 LIBRO
2415 3512 2857 3604 TOBI/E.

552 3734 561 3739 .
658 3679 793 3736 Illud
823 3680 891 3736 ad
921 3681 1237 3736 memoriam
1288 3696 1500 3746 revoca,
1546 3684 1690 3752 quod
1732 3684 1798 3738 de
1842 3682 2009 3737 Tobia
2042 3682 2160 3737 viro

585 3767 733 3839 justo
763 3767 1042 3838 Scriptura
1086 3779 1313 3824 testatur
1347 3789 1358 3822 :
1398 3789 1416 3821 ι
1451 3770 1706 3842 Contigit,
1739 3772 2005 3841 inquiens,
2038 3786 2161 3826 cum

594 3872 700 3913 una
727 3857 814 3911 die
862 3856 1117 3927 fatigatus
1154 3874 1182 3911 a
1212 3858 1508 3928 sepultura,
1545 3861 1764 3913 veniens
1794 3861 2032 3937 domum,
2078 3861 2164 3931 ja-

590 3957 797 4004 ctasset
826 3963 886 4002 se
930 3946 1082 4016 juxta
1114 3949 1372 4017 parietem
1403 3957 1457 4002 et
1497 3949 1875 4014 obdormisset,
1909 3960 2068 4019 atque
2096 3968 2165 4005 ex

591 4036 720 4092 nido
751 4037 1097 4092 hirundinum
1149 4037 1433 4092 dormienti
1471 4038 1546 4093 illi
1582 4039 1758 4093 calida
1816 4050 2053 4093 stercora
2086 4041 2165 4093 iu-

596 4127 840 4183 siderent
874 4141 1038 4198 super
1095 4128 1281 4184 oculos
1333 4130 1451 4200 ejus
1505 4129 1769 4198 ﬁeretque
1812 4146 1985 4185 caecus
2012 4128 2163 4201 (Tob.

546 4276 549 4279 Α
593 4217 682 4289 ιι).
713 4237 733 4271 ι
776 4218 1058 4290 Fatigatus
1088 4235 1117 4274 a
1154 4220 1452 4289 sepultura,
1499 4220 1625 4275 dum
1657 4235 1714 4275 se
1755 4221 1901 4275 velut
1930 4219 2166 4277 cﬁ‘ractis

591 4297 800 4365 viribus
830 4309 1066 4380 proiicit,
1097 4310 1278 4366 lumen
1308 4312 1526 4366 amittit.
1567 4312 1794 4367 lllazsnm
1827 4313 2023 4383 quippe
2045 4327 2168 4367 cor-

2265 3687 2564 3749 pcrunguut
2582 3693 2610 3731 τι
2628 3677 2820 3746 quibus
2847 3674 3051 3730 scilicet
3076 3675 3189 3730 haec
3212 3689 3351 3744 saepe
3374 3673 3663 3729 dicuntur:
3693 3674 3850 3739 Vive,

2266 3768 2390 3822 dum
2422 3766 2581 3829 vivis,
2612 3777 2792 3818 recrea
2822 3780 3018 3832 corpus
3047 3765 3261 3828 eduliis,
3294 3779 3361 3818 ne
3389 3763 3432 3817 si
3465 3778 3521 3816 se
3544 3762 3853 3817 districtius

2265 3868 2486 3921 atterat,
2531 3866 2608 3910 tot
2665 3870 2921 3925 oppressa
2970 3854 3243 3929 laboribus
3285 3868 3412 3908 caro
3463 3852 3671 3923 fragilis
3722 3869 3851 3908 tuo:

2268 3946 2582 4004 succumbat
2611 3963 2625 4011 ;
2656 3952 2887 4015 persona
2945 3953 3035 3998 tua
3068 3941 3539 3999 excellentioribus
3569 3941 3854 3996 excolatur

2272 4037 2523 4098 induviis,
2554 4045 2613 4088 ut
2655 4036 2788 4104 ejus,
2839 4049 2997 4104 quam
3032 4043 3199 4095 tenes,
3248 4042 3493 4086 servetur
3525 4032 3739 4100 genium
3768 4032 3853 4085 di-

2272 4130 2523 4200 gnitatis;
2551 4127 2945 4197 agglomeretur
2967 4126 3225 4179 lateribus
3250 4123 3353 4177 tuis
3382 4123 3851 4187 turbaclientium,

2271 4229 2330 4271 ut
2362 4219 2486 4271 dum
2521 4224 3018 4271 tecommcantlum
3052 4213 3337 4267 multitudo
3367 4213 3713 4272 condecorat,
3746 4214 3849 4267 ho-

2274 4309 2421 4363 noris
2448 4306 2628 4362 ofﬁcio
2649 4315 2776 4361 tunc
2799 4306 3038 4359 vilescat.
3068 4304 3172 4358 Sed
3189 4304 3233 4357 si
3258 4304 3410 4356 nobis
3432 4304 3548 4357 tunc
3570 4303 3853 4358 diabolica

552 4396 555 4397 ⁷
593 4405 680 4461 dis
721 4405 938 4460 oculum
972 4414 1179 4469 servat,
1224 4407 1465 4475 quisquis
1495 4405 1547 4459 in
1600 4406 1755 4461 bonis
1784 4405 2039 4475 operibus
2085 4405 2244 4469 in-D
2273 4396 2622 4466 malignitatis
2671 4394 2974 4448 amaritudo
3042 4394 3337 4464 detegitur,
3397 4392 3713 4447 tentationis
3766 4394 3854 4446 in-

595 4493 888 4565 fatigabilis
913 4502 1244 4563 perseverat,
1276 4509 1400 4548 cum
1432 4509 1559 4549 vero
1587 4495 1999 4564 pusillanimiter
2022 4491 2169 4551 fran-

595 4587 763 4656 gitur,
792 4599 896 4639 nou
937 4584 1209 4639 immerito
1243 4583 1362 4638 luce
1412 4586 1673 4654 privatur.
1713 4585 1847 4642 Hinc
1871 4585 2010 4640 enim
2038 4585 2171 4640 scri-

597 4685 749 4746 ptum
782 4684 865 4730 est
894 4690 908 4728 :
942 4692 960 4725 ‹
1002 4672 1111 4730 Va.k
1131 4660 1217 4730 bis
1246 4674 1335 4744 qui
1386 4675 1736 4744 perdideth
1796 4676 2169 4731 sustinentium

596 4768 789 4841 (Eccli.
835 4768 920 4838 ιι).
960 4788 979 4820 ι
1012 4768 1148 4823 llinc
1197 4767 1394 4822 Paulus
1426 4767 1541 4822 ait:
1573 4785 1591 4818 ι
1629 4752 1871 4838 Vigilate,
1929 4777 2069 4822 state
2114 4768 2169 4821 in

578 4859 726 4929 tilde,
762 4858 991 4914 viriliter
1023 4859 1167 4930 agite
1190 4857 1242 4930 (I
1275 4857 1400 4913 Cor.
1445 4856 1580 4930 xvi).
1616 4876 1633 4907 ι
1662 4858 1801 4926 Quid
1822 4874 1950 4912 vero
1983 4858 2173 4914 leviter

596 4949 842 5005 volantes
879 4949 1217 5013 hirundines,
1244 4949 1347 5004 nisi
1374 4948 1518 5004 leves
1543 4947 1876 5003 adulantium
1902 4957 1956 5004 et
1977 4947 2168 5004 blanda

598 5038 931 5110 loquentium
961 5024 1272 5109 significant
1302 5040 1529 5095 mores?
1561 5040 1651 5109 qui
1685 5040 1811 5094 dum
1843 5039 2169 5109 blandiloqni

599 5145 695 5185 sua
722 5130 990 5185 suavitate
1018 5130 1341 5194 demulceut,
1367 5131 1492 5185 dum
1524 5130 1841 5187 adulationis
1869 5130 1988 5185 oleo
2016 5140 2175 5200 caput

601 5218 868 5274 audientis
914 5218 1270 5291 impinguant,
1318 5218 1604 5274 interiores
1648 5219 1853 5285 oculos,
1903 5235 1970 5274 ne
2018 5221 2172 5275 solita

580 5298 722 5361 'luce
756 5298 1041 5371 fruantur,
1094 5318 1387 5365 excaecant.
1424 5326 1444 5360 ι
1489 5308 1755 5378 Corripiet
1802 5321 1910 5374 me,
1962 5308 2171 5378 inquit,

594 5396 776 5467 justus
804 5398 855 5452 in
879 5399 1248 5455 misericordia
1283 5409 1340 5454 et
1383 5399 1680 5470 increpabit
1719 5414 1837 5463 me;
1861 5398 2036 5453 oleum
2074 5413 2171 5453 au-

607 5496 713 5543 tem
760 5490 1064 5557 peccatoris
1104 5504 1211 5544 non
1262 5488 1556 5561 impinguet
1601 5496 1760 5559 caput
1801 5484 2170 5558 meum(Psul.

601 5577 750 5651 CXL).
789 5597 805 5629 ι
836 5576 903 5631 Et
954 5588 1208 5648 tanquam
1260 5588 1470 5633 stercus
1519 5580 1688 5634 oculis
1741 5579 2019 5648 ingeritur,
2048 5578 2173 5632 dum

584 5669 970 5748 lenocinantis
1021 5672 1229 5743 eloquia
1282 5671 1572 5743 quemlibet
1620 5671 1816 5726 blanda
1851 5671 2174 5726 vet'busitale

2270 4496 2435 4557 gesta:
2463 4485 2727 4554 caligines
2777 4482 3021 4537 funditus
3066 4490 3415 4535 evanescunt.
3474 4478 3628 4534 Unde
3657 4474 3708 4534 et
3738 4480 3852 4535 illic

2268 4574 2467 4628 dicitur
2495 4592 2508 4626 :
2546 4592 2563 4624 ι
2597 4571 2749 4628 Tunc
2773 4588 2986 4627 sumens
3016 4570 3212 4627 Tobias
3242 4572 3308 4625 de
3336 4568 3460 4625 felle
3482 4571 3648 4640 piscis
3674 4569 3851 4625 liuivit

2272 4662 2460 4716 oculos
2507 4663 2649 4731 patri
2686 4677 2803 4726 suo,
2856 4675 3087 4730 moxque
3138 4662 3301 4731 cmpit
3350 4660 3544 4731 albugo
3574 4676 3638 4716 ex
3677 4662 3850 4716 oculis

2269 4752 2384 4822 ejus
2408 4754 2560 4822 quasi
2593 4754 2902 4807 membrana
2950 4753 3035 4807 ovi
3084 4752 3284 4822 egredi,
3332 4751 3622 4821 statimque
3671 4753 3848 4807 visum

2269 4846 2471 4914 recepit
2501 4844 2651 4918 (Tob.
2685 4842 2781 4916 xu).
2811 4863 2828 4895 ι
2865 4843 2957 4897 Fel
2984 4845 3182 4898 etenim
3214 4844 3376 4913 piscis
3403 4852 3487 4897 est
3520 4843 3722 4898 malitia
3747 4843 3850 4898 Bc-

2270 4935 2471 4997 ltemot,
2504 4935 2596 5003 qui
2645 4944 2811 5003 caput
2837 4943 2920 4988 est
2959 4944 3012 4989 et
3063 4935 3272 4988 initium
3326 4935 3489 4988 totius
3522 4935 3846 5003 iniquitatis.

2270 5021 2456 5077 Ctecus
2485 5023 2663 5092 itaque
2697 5023 2819 5077 felle
2854 5022 3017 5090 piscis
3053 5023 3309 5077 obliuitur
3337 5032 3389 5077 et
3425 5026 3673 5094 protinus
3694 5026 3853 5079 caeci-

2272 5117 2356 5165 tas
2376 5108 2661 5181 eﬂugatttr,
2678 5113 2803 5181 quia
2825 5126 2946 5166 cum
2971 5113 3270 5165 amaritudo
3294 5113 3574 5167 diabolica:
3597 5116 3848 5167 versutia:

2272 5202 2473 5257 nostris
2502 5204 2674 5257 oculis
2699 5212 2918 5257 ostensa
2966 5203 3308 5272 proponitur,
3342 5203 3690 5257 tenebrarum
3719 5219 3843 5256 tuo:

2272 5293 2445 5363 caligo
2474 5292 2638 5362 220
2661 5292 2998 5361 propellitur,
3030 5299 3085 5344 et
3134 5292 3221 5345 lux
3269 5293 3516 5359 interior,
3550 5308 3671 5360 quae
3700 5292 3848 5345 velut

2273 5382 2521 5452 eclipsim
2561 5397 2716 5451 passa
2766 5369 2976 5446 fuerat,
3013 5382 3361 5437 reformatur.
3422 5384 3489 5438 Et
3542 5386 3844 5439 notandum

2273 5475 2415 5543 quod
2445 5474 2648 5529 dicitur
2688 5474 2813 5542 quia
2846 5473 2996 5543 prius
3027 5473 3222 5544 albugo
3267 5475 3332 5531 de
3376 5476 3550 5530 oculis
3577 5486 3662 5531 est
3706 5474 3846 5529 illius

2271 5582 2485 5637 egressa
2510 5576 2564 5620 et
2585 5565 2663 5619 sic
2687 5566 2774 5620 lux
2800 5565 2943 5619 illico
2970 5576 3237 5635 reparata.
3270 5564 3361 5619 llle
3384 5567 3584 5636 quippe
3607 5568 3661 5621 in
3681 5566 3845 5620 oculis

2273 5662 2411 5734 gerit
2441 5659 2744 5729 albugiuem
2776 5659 2867 5727 qui
2898 5659 2961 5713 dc
2987 5675 3044 5714 se
3089 5658 3394 5715 sanctitatis
3436 5661 3598 5715 habet
3640 5659 3844 5728 opinio-
