4078 5382
255 288 391 346 H29

1529 319 1595 377 IN
1635 320 1898 379 LIBRUM
1929 322 2180 381 PSALM.

3361 324 3495 380 HS?)

267 453 410 497 nem.
446 436 703 508 Quisquis
731 449 858 507 ergo
887 446 1212 504 recuperare
1240 430 1356 487 vult
1380 429 1554 488 lucem
1583 441 1826 502 amputet
1853 441 1904 500 Α
1932 435 2101 491 Deum
2131 435 2390 493 videbunt
2412 435 2627 508 (Matth.
2659 439 2735 509 v).
2766 455 2784 489 ι
2829 434 2920 492 lsti
2956 445 3082 492 sunt
3109 437 3274 504 oculi,
3305 438 3371 494 de.
3394 440 3515 510 qui-

261 545 291 587 a
327 541 384 587 se
430 531 580 600 prius
614 528 875 584 all’ectatae
927 525 1302 581 mstimationis
1329 523 1654 594 albuginem,
1686 534 1746 578 ut
1775 539 1833 580 se

261 633 368 673 non
411 621 642 690 abneget
672 627 1033 681 neceatorem,
1071 613 1162 687 qui
1208 616 1414 686 peccati
1446 616 1559 669 vult
1602 616 1834 670 evadere

261 711 581 782 cmcitalem.
623 732 644 768 ι
710 707 857 765 Beati
920 707 1122 763 mundo
1168 709 1362 772 corde,
1419 707 1673 776 quoniam
1730 704 1837 776 ipsi

1933 526 2038 582 bus
2069 529 2121 583 in
2170 527 2409 584 Canticis
2444 530 2687 584 dicitur:
2733 548 2750 580 ι
2786 527 2937 584 Oculi
2993 529 3066 583 tui
3119 530 3516 597 columbarum,

1938 620 2142 688 absque
2167 635 2232 676 eo
2261 622 2403 692 quod
2431 621 2758 677 intrinsecus
2789 621 2917 676 latet
2949 621 3128 691 (Cant.
3149 624 3244 692 tv).

1552 900 1700 992 DE
1771 901 2136 994 LIBRO
2205 901 2460 995 JOB.

621 1073 703 1134 Ea;
750 1095 983 1134 sermone
1030 1081 1094 1131 de
1129 1075 1190 1132 S.
1232 1067 1474 1146 Georgio.

337 1193 358 1229 ι
389 1174 518 1244 Quis
543 1173 810 1229 conclusit
845 1173 1000 1227 ostiis
1051 1188 1222 1233 mare,
1265 1172 1481 1240 quando
1518 1169 1837 1240 erumpebat

262 1267 417 1336 quasi
452 1267 516 1320 dc
546 1265 702 1318 vulva
756 1263 1098 1334 procedens?
1135 1282 1154 1314 ι
1192 1262 1260 1316 Et
1295 1261 1452 1332 paulo
1480 1271 1637 1331 post:
1668 1281 1686 1313 ι
1723 1262 1842 1316 Cir-

261 1355 512 1412 cmndedi
571 1355 700 1408 illud
756 1353 1000 1408 terminis
1052 1352 1204 1416 meis.
1253 1361 1307 1406 et
1330 1352 1482 1422 posui
1532 1361 1741 1406 vectem
1788 1361 1842 1406 et

261 1449 425 1508 ostia,
467 1457 522 1500 et
546 1447 655 1501 dixi
685 1466 697 1499 :
733 1446 914 1516 Usque
956 1446 1060 1500 lme
1109 1445 1292 1500 venies
1347 1453 1536 1499 etnon
1582 1445 1844 1514 procedes

263 1539 517 1607 amplius.
562 1549 616 1592 et
669 1539 758 1593 hic
806 1537 1113 1607 conlringes
1169 1545 1436 1591 tumentes
1485 1531 1679 1590 fluctus
1724 1547 1847 1591 tuos

265 1631 393 1700 (Job
453 1632 706 1700 xxxviii).
757 1649 774 1681 ι
832 1630 1125 1684 Enimvero
1191 1637 1337 1683 recte
1403 1643 1499 1697 per
1553 1643 1701 1682 mare
1751 1641 1850 1681 cor

260 1721 412 1789 pravi
448 1720 682 1774 hominis
708 1719 1043 1787 designatur,
1089 1717 1232 1788 quod
1272 1716 1520 1770 videlicet
1556 1714 1847 1782 l‘nrm'eest

1942 1077 2059 1131 suis
2090 1075 2441 1146 reproborum
2489 1073 2732 1131 turbines
2784 1077 3224 1146 persequentium
3273 1086 3328 1132 et
3366 1081 3522 1149 quasi

1943 1165 2191 1220 furentes
2243 1172 2458 1219 coercet
2508 1165 2736 1235 impetus
2780 1176 3189 1235 tempestatum;
3232 1169 3374 1237 quod
3415 1171 3519 1225 etsi

1943 1253 2122 1310 furere
2176 1271 2343 1324 usque
2407 1254 2475 1309 ad
2548 1254 2816 1324 inﬁgenda
2883 1258 3202 1326 corporibus
3260 1269 3522 1314 tormenta

1946 1346 2214 1410 concedit,
2243 1362 2308 1400 ne
2332 1357 2508 1400 tamen
2544 1348 2772 1410 animas,
2800 1347 2996 1402 laedant
3027 1349 3220 1403 invicta
3245 1365 3340 1405 eos
3358 1361 3524 1421 atque

1947 1438 2187 1508 pervigili
2220 1438 2423 1492 brachii
2471 1439 2552 1492 sui
2597 1441 2935 1508 prateetionc
2984 1443 3220 1496 custodit
3267 1446 3525 1512 quodam-

1947 1532 2106 1585 tnodo
2135 1531 2316 1584 dicens
2346 1533 2482 1584 mari
2510 1549 2522 1585 :
2556 1551 2573 1583 ι
2609 1531 2897 1602 [lucusque
2938 1535 3142 1600 venies,
3175 1545 3230 1588 ct
3271 1552 3375 1588 non
3402 1552 3528 1604 pro-

1945 1621 2106 1675 ccdcs
2150 1622 2402 1690 amplius,
2438 1629 2492 1676 et
2527 1622 2613 1676 hic
2665 1622 2972 1694 confrittges
3020 1633 3287 1680 tumentes
3336 1626 3528 1683 iiut-tus

1947 1719 2088 1765 tuos.
2124 1732 2142 1764 ι
2191 1711 2266 1766 Ac
2302 1713 2345 1766 si
2392 1722 2642 1780 patenter
2688 1713 2870 1767 dicat:
2905 1715 3085 1784 Usque
3129 1719 3195 1770 ad
3247 1719 3527 1775 inlerenda

263 1810 561 1871 turbidum.
603 1810 733 1864 rixis
778 1825 1046 1874 amarum,
1095 1809 1329 1862 elatione
1366 1808 1630 1877 superbire
1677 1809 1841 1862 tumi-
1872 1829 1916 1888 Β
1945 1807 2261 1886 corporibus
2310 1817 2360 1860 te
2392 1815 2658 1862 tormenta
2695 1807 2910 1872 relaxo;
2943 1824 3009 1863 ne
3041 1819 3222 1863 autem
3252 1826 3423 1882 usque
3454 1813 3523 1867 ad

260 1901 415 1968 dum,
445 1902 671 1973 caligine
702 1902 981 1956 malitiosa:
1009 1900 1211 1954 fraudis
1237 1900 1552 1954 obscurum.
1608 1897 1843 1969 Separa-

264 1993 342 2047 vit
379 2008 508 2062 ergo
551 2002 676 2048 tunc
712 1993 854 2047 Deus
894 2007 1041 2046 mare
1065 1998 1116 2045 et
1162 1991 1400 2045 minaces
1443 1989 1633 2045 (lactus
1657 1991 1724 2044 ab
1757 1989 1841 2044 in-

263 2083 559 2138 undatione
590 2093 750 2138 terra:
795 2082 1151 2153 compescuit.
1183 2091 1242 2134 ut
1281 2090 1424 2134 terra
1458 2081 1692 2134 virentes
1720 2080 1842 2134 ber-

263 2174 367 2232 bas
416 2184 472 2232 et
511 2176 656 2246 ligna
711 2176 974 2246 pomifera
1023 2175 1353 2246 germinaret
1379 2189 1443 2227 ac
1469 2173 1660 2228 deinde
1688 2187 1841 2242 sege-

265 2275 380 2323 tum
406 2266 616 2324 lructus
643 2266 882 2323 aﬂerret.
937 2265 1161 2338 Separat
1205 2266 1367 2321 etiam
1399 2280 1540 2319 nunc
1564 2265 1632 2318 ab
1655 2264 1844 2318 electis

1949 1902 2184 1955 animam
2242 1899 2475 1954 cumulis
2535 1900 3020 1956 intumescentibus
3078 1901 3349 1970 proﬂuas,
3398 1905 3528 1974 legis

1949 2006 2083 2045 mea:
2126 1989 2222 2043 tibi
2267 1990 2418 2043 littus
2480 2004 2712 2058 oppono,
2773 1999 2830 2042 ut
2888 1991 3013 2044 dum
3062 1991 3228 2046 furori
3271 1992 3527 2050 ﬂuctuum

1951 2092 2162 2138 tuorum
2189 2083 2344 2137 littus
2381 2081 2655 2150 obiicitur,
2705 2092 2848 2138 terra
2903 2085 3081 2141 cordis
3111 2087 3178 2141 ad
3207 2087 3527 2157 proferenda

1949 2173 2218 2228 fructuum
2248 2173 2490 2243 germina
2527 2173 2694 2229 libera
2742 2174 3097 2245 relinquatur.

1106 2395 1450 2451 INCIPIUNT
1489 2392 1828 2450 CAPITULA
1869 2392 1956 2446 DE
1992 2387 2196 2444 LIBRO
2231 2384 2681 2443 ‘PSA'LMORUM.

301 2496 358 2550 1.
397 2493 473 2548 De
503 2493 662 2561 impio
688 2489 916 2545 exaltato
942 2498 988 2543 et
1019 2489 1279 2561 depresso.

301 2564 356 2619 2.
401 2563 474 2616 De
501 2555 672 2629 impiis
703 2561 882 2627 posit-is
909 2561 1040 2612 sicut
1075 2555 1190 2629 oves
1213 2558 1266 2609 in
1295 2555 1523 2624 inferno.

297 2618 351 2688 3.
389 2632 530 2686 Dcus
576 2618 739 2690 meus.
781 2630 989 2683 ostende
1022 2629 1145 2681 mihi
1173 2627 1306 2680 bona
1336 2618 1491 2695 super
1521 2625 1756 2680 inimicos
1786 2639 1964 2687 meos;
1994 2638 2056 2678 ne
2084 2621 2292 2677 occidas
2315 2637 2428 2682 eos,
2461 2637 2523 2674 ne
2552 2618 2923 2674 obliviscantur
2947 2620 3073 2686 legis
3097 2628 3218 2679 tua.

298 2703 352 2758 ι.
397 2701 472 2755 De
498 2701 815 2753 holocaustis
853 2698 1172 2751 medullatis.

295 2770 347 2828 Β.
395 2771 518 2826 Νοιι
543 2786 623 2823 me
652 2771 912 2838 demerget
942 2779 1216 2836 tempestas
1242 2781 1412 2837 aqute,
1441 2773 1546 2820 etc.

305 2842 360 2898 6.
403 2841 478 2894 De
507 2839 842 2907 reproborum
873 2838 1210 2907 exultatione.

304 2912 358 2967 7.
401 2909 530 2964 Filii
565 2906 794 2976 Ephrem
820 2906 1142 2960 intendentes
1170 2922 1369 2976 arcum.

301 2983 356 3038 8.
400 2980 602 3032 Montes
620 2975 816 3030 excelsi
858 2978 1041 3037 cerris.
1073 2987 1218 3043 petra
1254 2975 1511 3044 refugium
1551 2976 1855 3031 Iteriuaciis.

303 3054 356 3107 9.
401 3049 475 3103 De
501 3065 559 3101 eo
591 3049 728 3117 quod
755 3047 949 3099 dicitur
974 3059 992 3096 :
1160 3047 1270 3098 dixi
1300 3041 1351 3097 in
1375 3061 1587 3099 excessu
1613 3047 1801 3099 mentis
1825 3060 1984 3117 metu;
2023 3042 2206 3117 an’s
2230 3042 2384 3094 homo
2417 3041 2660 3094 mendax.

265 3122 356 3176 4‘0.
400 3119 474 3173 De
498 3134 558 3170 eo
583 3113 721 3188 quod
745 3117 979 3188 dicitur:
1011 3113 1135 3188 Fiat
1165 3131 1349 3188 manus
1378 3123 1491 3188 tua.
1520 3117 1800 3188 utrsalrum
1835 3131 1915 3167 me
1943 3113 2123 3182 facint.

269 3194 358 3247 ΙΙ.
400 3188 544 3243 Sicut
574 3185 889 3256 unguentum
921 3186 976 3238 in
1000 3185 1168 3256 capite
1187 3186 1332 3256 quod
1367 3187 1652 3256 descendit,
1679 3196 1786 3240 etc.

268 3262 339 3316 12
399 3258 523 3314 Non
556 3254 780 3309 declines
808 3271 900 3307 cor
933 3270 1104 3307 meum
1146 3255 1198 3307 in
1230 3254 1436 3310 verbum
1470 3255 1692 3308 malum.

1611 3323 1916 3395 Expliciunt
1967 3322 2216 3391 capitula.

329 3442 681 3513 221m
747 3451 1386 3545 INCIPIUNT
1454 3450 2200 3545 TESTIMONEA
2281 3399 2608 3544 LIBRI
2688 3456 3452 3555 PSALMORUM.

777 3608 1008 3664 CAPUT
1047 3609 1334 3666 PRIMUM.

268 3718 337 3773 In
377 3699 595 3790 epistola
636 3722 705 3774 ad
755 3720 1082 3795 Desiderinm
1130 3724 1386 3795 abbatem,
1425 3725 1510 3779 ubi
1548 3741 1706 3795 super
1750 3715 1847 3778 Dei

659 3793 1081 3860 omnipotentiam
1110 3793 1422 3863 disputatur.

347 3900 368 3934 ι
400 3880 519 3936 Vidi
550 3882 772 3953 impium
811 3885 1290 3952 superexaltatum,
1318 3896 1374 3941 et
1399 3887 1665 3942 elevatum
1688 3903 1848 3957 super

267 3970 460 4030 cedros
511 3975 740 4039 Libani;
794 3976 1042 4040 transivi,
1092 3984 1145 4030 et
1189 3991 1316 4032 ecce
1361 3993 1466 4031 non
1500 3986 1620 4031 erat
1671 3976 1842 4049 (Psal.

266 4065 476 4132 xxxvr).
511 4082 531 4116 ι
565 4063 753 4118 Adhuc
783 4061 1032 4119 fortassis
1054 4064 1372 4133 epulabatur
1410 4066 1497 4121 ille
1543 4065 1844 4134 splendide,

271 4155 592 4210 fulciebatur
640 4155 828 4210 cuneis
873 4157 1307 4227 obsequentium,
1360 4157 1702 4212 ambiebatur
1747 4173 1844 4224 ag-

268 4244 504 4302 minibus
527 4245 868 4310 bellatorum,
893 4259 1051 4316 quem
1071 4247 1343 4318 Propheta
1381 4250 1842 4319 superemltatum

265 4343 320 4388 et
383 4334 650 4390 elevatum
703 4336 836 4391 vidit
889 4353 904 4402 ;
957 4353 1190 4408 moxque
1241 4339 1308 4393 ad
1371 4339 1842 4408 contemplandum

263 4442 474 4481 summa
521 4429 910 4496 pertransiens,
963 4446 1122 4502 quem
1166 4447 1415 4503 magnum
1455 4431 1656 4502 aliquid
1703 4434 1843 4489 forte

266 4517 602 4581 crediderat,
658 4518 789 4572 nihil
820 4535 939 4574 esse
978 4521 1229 4590 cognovit
1278 4532 1402 4576 tunc
1430 4533 1662 4592 gestum.
1693 4521 1846 4578 Tunc

261 4607 406 4662 enim
443 4616 502 4662 et
550 4624 672 4662 cum
723 4610 929 4665 divitiis
963 4612 1348 4677 intumescunt,
1397 4627 1519 4667 cum
1572 4629 1630 4669 se
1683 4629 1843 4682 super

259 4693 399 4751 alios
431 4707 752 4765 arroganter
803 4699 1089 4764 extollunt,
1120 4715 1244 4756 cum
1275 4701 1506 4769 denique
1554 4703 1842 4760 inferiores

256 4800 356 4856 per
386 4787 690 4858 tyrannidis
725 4787 1035 4844 violentiam
1056 4790 1386 4858 opprimunt,
1420 4799 1566 4855 tunc,
1594 4792 1839 4863 inquam,

255 4889 324 4929 co
360 4874 544 4929 verius
595 4874 725 4929 niitil
772 4885 918 4941 sunt,
946 4890 1052 4946 quo
1082 4882 1236 4932 abeo
1278 4875 1366 4948 qui
1401 4895 1523 4934 vere
1548 4894 1599 4934 ιτ
1629 4896 1838 4940 summe

253 4971 338 5019 est
363 4962 552 5034 procul
579 4972 722 5017 sunt.

889 5054 1117 5114 CAPUT
1154 5053 1218 5110 ll.

613 5139 680 5195 In
707 5135 923 5213 epistula
956 5147 1025 5200 ad
1053 5139 1452 5200 Hermisindim.

332 5251 356 5284 ι
392 5231 548 5284 Sicut
582 5246 710 5284 oves
738 5236 790 5284 in
821 5235 1028 5284 ianrtm
1083 5235 1247 5284 nnsiti
1303 5245 1450 5284 sum-
1486 5248 1536 5284 9.:
1565 5256 1711 5284 ωσι-ε
1744 5245 1841 5284 σεο-

1873 3614 1918 3675 C
1952 3607 2224 3660 interitum
2261 3606 2553 3661 crudeliter
2581 3606 2836 3663 eli‘eratur
2865 3628 2878 3664 :
2910 3611 3050 3666 unde
3080 3611 3320 3670 Joannes
3354 3632 3370 3669 :
3418 3639 3436 3668 ι
3465 3616 3533 3672 Et

1950 3713 2077 3755 ecce
2117 3715 2289 3770 equus
2314 3701 2566 3772 pallidus,
2599 3714 2653 3757 et
2680 3703 2769 3772 qui
2801 3704 3022 3760 sedebat
3071 3723 3232 3778 super
3259 3724 3406 3778 cuin,
3435 3727 3533 3767 no-

1950 3809 2070 3850 men
2101 3795 2173 3850 illi
2202 3795 2345 3852 blors
2380 3795 2562 3867 (Apoc.
2595 3797 2696 3867 vt).
2727 3817 2744 3849 ι

2568 3907 2646 3962 (ῖὲ
2659 3907 2794 3964 PUT
2835 3910 2920 3965 ill.

1950 4015 2014 4070 In
2042 4015 2258 4096 cpistola
2289 4018 2400 4096 ἀτί⁵
2425 4012 2751 4096 Desiderium
2799 4021 3059 4096 abbatem,
3092 4025 3180 4077 ubi
3220 4029 3348 4081 dicit
3387 4032 3528 4096 quod

2021 4088 2211 4155 περίονὶ
2254 4089 2326 4168 δξι⁸
2365 4088 2554 4157 dignus
2599 4090 2794 4168 honore
2835 4091 2927 4161 qui
2982 4093 3286 4164 dignitatem
3321 4088 3530 4168 nréjicit

2016 4174 2172 4225 quant
2200 4167 2288 4225 qu—t
2312 4174 2366 4210 tn
2387 4173 2446 4210 ea
2474 4167 2667 4211 manet.

2024 4265 2043 4296 ‹
2079 4244 2240 4309 Deus,
2295 4246 2438 4301 Deus
2475 4262 2650 4312 tuens,
2704 4251 2930 4307 ostende
2991 4253 3121 4310 mibi
3173 4257 3315 4314 bona
3366 4278 3531 4334 super

1948 4338 2196 4392 inimicos
2226 4350 2374 4392 meos
2415 4355 2431 4402 ;
2489 4354 2556 4392 ne
2587 4340 2804 4396 occidas
2859 4358 2969 4407 eos,
3024 4362 3092 4401 ne
3141 4349 3529 4412 obliviscamur

1945 4427 2080 4498 legis
2124 4435 2228 4482 tute
2280 4425 2449 4498 (Psal.
2491 4429 2664 4499 Lvttr).
2702 4448 2722 4482 ι
2774 4430 3000 4488 Provida
3045 4437 3242 4507 quippe
3289 4440 3525 4499 Redem-

1945 4520 2116 4590 ptoris
2141 4519 2311 4574 nostri
2345 4522 2750 4591 diSpensatione
2774 4527 3028 4584 divinitus
3057 4532 3254 4606 agitur,
3283 4545 3343 4590 ut
3370 4542 3525 4609 quasi

1947 4612 2013 4666 ad
2059 4613 2379 4667 servandam
2420 4611 2554 4684 legis
2581 4615 2797 4671 domum
2829 4617 3136 4677 Judtcorum
3169 4626 3411 4697 reliquia:
3434 4649 3520 4690 re-

1945 4713 2228 4759 serventur
2252 4719 2269 4770 ;
2297 4713 2357 4758 ut
2384 4703 2484 4774 ipsi
2506 4707 2904 4774 quodammodo
2932 4713 3100 4767 nostri
3126 4714 3233 4768 sint
3254 4731 3300 4770 st
3316 4720 3525 4778 riniarii

1943 4805 1998 4850 et
2048 4795 2216 4850 libras
2245 4795 2488 4851 celestis
2521 4797 2717 4868 eloquii
2754 4799 2806 4852 in
2853 4803 3063 4868 eadem,
3098 4805 3150 4859 in
3188 4822 3291 4876 qua
3324 4815 3530 4870 condiri

1944 4895 2071 4942 sunt
2105 4887 2307 4952 lineae."
2343 4889 2542 4960 ubique
2571 4898 2842 4946 terrarum
2889 4894 3090 4959 ferant,
3120 4903 3532 4973 quatenusipsi,

1871 4971 1921 5028 D
1949 4976 2039 5046 qui
2082 4977 2238 5030 nobis
2260 4977 2466 5034 inimici
2507 4988 2656 5046 sunt,
2689 4981 2736 5036 si
2769 4983 2986 5049 quando
3007 4985 3293 5054 serUpulus
3339 4971 3536 5051 dubie;

1941 5065 2070 5119 tatis
2091 5064 2398 5129 enterserit,
2429 5083 2588 5123 omne
2613 5068 2772 5124 nobis
2800 5073 3113 5142 ambiguum
3145 5072 3355 5130 tollant.
3382 5079 3546 5141 Unde

1937 5170 2038 5225 per
2061 5153 2406 5209 Psalmistam
2436 5159 2636 5214 dicitur
2662 5178 2677 5215 :
2710 5178 2729 5209 ‹
2766 5158 2913 5221 Deus
2933 5177 3111 5224 meus,
3151 5168 3382 5224 ostende
3409 5174 3551 5233 mihi

1937 5249 2081 5284 I\‘\n’s
2133 5246 2271 5284 inﬂor
2318 5246 2572 5284 ἷηῖηιῖηηο
2627 5265 2778 5284 “hanc
2848 5269 2920 5284 πυ.
2962 5252 3362 5284 Λίιιεινςιίηηῇθιιυι
3413 5262 3515 5284 Ι---

2627 5268 2676 5284 In
2684 5265 2778 5284 nnc
