4078 5382
585 356 721 417 1151

574 452 685 527 lico
709 446 953 527 dub’ietas
983 434 1204 524 tollitur.
1245 466 1399 526 Unde
1418 476 1473 523 et
1496 468 1603 525 illic
1630 436 1769 540 apte
1785 435 2155 539 subjungitur:
2187 467 2241 527 Α

576 566 603 616 ἰ
627 557 883 635 Disperge
910 561 1028 618 illos
1068 561 1243 632 (Paul.
1271 558 1447 633 Lvm);
1484 581 1501 614 ι
1542 562 1830 618 dissemina
1859 576 1956 632 per
1998 567 2166 615 totum

581 654 835 709 mundum
848 648 957 708 'eos
968 651 1061 722 qui
1082 649 1449 722 superfuerint
1463 651 1528 707 de
1543 651 1741 722 popqu
1759 651 2087 714 Iudaeorum,
2108 642 2167 702 ut

577 747 678 816 ipsi
709 745 776 803 de
805 746 1077 803 veteribus
1101 745 1256 802 libris
1286 745 1654 801 testimonium
1670 745 1987 817 perhibeant
2015 756 2165 799 novae

575 835 698 892 ﬂdei
723 835 957 892 veritati.
1022 862 1032 903 ε
1196 903 1427 961 CAPUT
1462 905 1530 962 Iv

950 993 1017 1048 In
1042 993 1172 1048 libro
1202 993 1267 1046 de
1288 1004 1583 1066 contemptu
1606 993 1806 1048 strculi.

652 1102 670 1135 ι
696 1078 1025 1140 Holocausta
1056 1081 1347 1139 medullata
1394 1081 1619 1141 oﬂ‘eram
1649 1082 1746 1138 tibi
1772 1096 1894 1137 cum
1940 1074 2162 1137 incenso

587 1185 638 1229 et
668 1173 933 1230 arietibus
967 1172 1144 1242 (Paul.
1176 1177 1324 1246 va).
1348 1192 1367 1227 ι
1421 1174 1591 1230 David
1635 1182 1816 1230 autem
1845 1187 1944 1243 pro
1969 1187 2163 1242 magno

574 1281 797 1321 munere
834 1266 1123 1328 medullata
1154 1283 1217 1326 se
1256 1267 1370 1323 Deo
1398 1265 1666 1323 sacriﬁcia
1708 1263 2014 1320 oblaturum
2044 1276 2165 1320 esse

581 1356 891 1428 pollicetur,
920 1362 1103 1417 dicens
1131 1378 1144 1415 :
1192 1378 1210 1410 ι
1243 1358 1570 1414 Holocausta
1616 1353 1907 1411 medullata
1935 1353 2159 1409 oﬂ‘eram

579 1448 681 1510 t't'bi
738 1470 860 1509 cum
920 1454 1141 1508 incenso
1186 1458 1241 1505 et
1275 1449 1556 1504 arietibus.
1602 1466 1621 1501 ›
1666 1444 1937 1516 Imprimis
1978 1436 2162 1513 itaque

587 1546 864 1601 sciendum
913 1543 1037 1614 quia
1067 1554 1408 1612 nequaquam
1456 1537 1599 1594 Deus
1628 1536 1928 1593 hostiarum
1970 1533 2158 1606 pelles,

580 1637 679 1691 sed
702 1634 961 1690 interiora
987 1633 1167 1704 potius
1190 1630 1458 1686 viscerum
1487 1642 1609 1684 cum
1644 1627 1775 1698 ipsis
1807 1640 2019 1696 quoque
2047 1641 2161 1681 me-

583 1724 744 1780 dullis
780 1723 839 1779 in
863 1721 1133 1779 sacrificio
1158 1719 1375 1775 sibimet
1415 1716 1638 1772 mandat
1680 1714 1884 1771 olTerri.
1918 1713 2073 1770 Unde
2103 1714 2157 1768 in

574 1812 914 1869 ostendendo
943 1811 1060 1881 ipso
1104 1808 1497 1865 sacriﬁciorum
1548 1805 1678 1870 ritu,
1712 1803 1925 1875 Moyses
1971 1801 2161 1872 praeci-
2189 1808 2235 1868 Β

581 1904 677 1972 pit,
710 1903 895 1958 dicens
927 1914 941 1954 :
971 1919 989 1953 α
1021 1899 1309 1955 Subtracta
1330 1894 1470 1967 pelle
1496 1893 1693 1950 hostiae
1728 1900 1880 1947 artus
1906 1892 1960 1946 in
1991 1890 2162 1946 frusta

582 1994 831 2052 concidat
882 1992 1067 2064 (Leuit.
1094 1991 1158 2061 ι).
1190 2009 1209 2043 ι
1251 1987 1508 2059 Quisquis
1557 2000 1690 2042 sane
1732 1996 1951 2054 semper
1995 1990 2161 2055 nego-

564 2087 782 2141 tiorum
811 2083 1151 2140 saecularium
1204 2079 1467 2137 exercitia
1521 2076 1914 2134 delectabiliter
1962 2074 2159 2142 fundit,

591 2174 892 2232 holocausti
920 2175 1002 2230 sui
1043 2172 1308 2229 medullas
1333 2186 1466 2228 cum
1488 2169 1787 2226 visceribus
1811 2167 2086 2224 subtrahit
2108 2176 2163 2223 et

584 2268 757 2324 solam
806 2267 1037 2323 victima:
1066 2264 1258 2336 pellem
1305 2265 1438 2331 Deo,
1471 2264 1558 2318 cui
1586 2260 1766 2318 offerri
1821 2261 2159 2332 prohibetur,

585 2357 805 2413 adolere
839 2354 1135 2411 contendit.
1160 2352 1262 2419 Qui
1289 2367 1423 2419 vero
1469 2364 1637 2407 suave
1670 2349 1783 2406 Deo
1833 2347 2163 2419 sacriﬁcium

584 2448 779 2503 oll‘erre
805 2446 1097 2511 desiderat,
1129 2458 1377 2499 recessus
1401 2450 1569 2512 petat,
1602 2441 1861 2496 interiora
1894 2448 2156 2506 sectetur,

585 2541 826 2595 animam
848 2553 1001 2595 suam
1032 2538 1297 2607 integram
1324 2533 1695 2604 illibatamque
1729 2533 1782 2587 in
1816 2531 2032 2603 propria
2058 2531 2163 2586 vir-

582 2629 810 2699 ginitate
856 2626 1157 2691 custodiat,
1202 2640 1272 2681 ne
1327 2624 1683 2680 discurrendo
1740 2624 1838 2694 per
1885 2623 2163 2693 lupanaria

587 2717 770 2773 saeculi
820 2716 1114 2773 immundis
1161 2713 1601 2783 corruptoribus,
1647 2712 1932 2782 prostibuli
1987 2727 2160 2778 more,

581 2809 915 2864 substernat.
948 2805 1015 2860 Ut
1044 2819 1175 2875 ergo
1200 2803 1399 2858 interni
1450 2800 1648 2873 Sponsi
1700 2800 2015 2869 conspectui
2044 2800 2164 2871 pla-

585 2906 726 2961 ceat,
765 2910 872 2951 non
919 2910 978 2950 se
1009 2892 1146 2948 fucis
1193 2905 1405 2964 pompae
1457 2890 1731 2945 sucularis
1780 2890 2032 2956 obducat,
2069 2890 2163 2945 sed

584 3001 774 3043 omnes
831 2985 1027 3040 mentis
1080 2998 1194 3039 suae
1218 2996 1412 3038 sensus
1461 2981 1781 3037 immortalis
1810 2981 2048 3052 unguine
2074 2994 2164 3038 ca-
2262 2976 2265 2977 ⁷

590 3076 794 3131 stitatis
849 3073 1115 3139 obliniat,
1170 3087 1241 3127 ne
1291 3071 1344 3125 in
1399 3079 1629 3125 mortem
1687 3083 1782 3139 per
1826 3068 2163 3139 incontinen-

1384 422 1387 429 ,
1468 309 1970 440 contionaria
2002 352 2091 413 1N
2133 342 2366 429 verus
2388 306 2946 437 insinuantia.

3059 432 3193 441 γῆ
3418 361 3851 441 ρῖ“ᾷ1ῗ›2

2853 462 3079 522 CAPUT
3119 458 3228 521 VII.
3342 464 3343 467 “
3626 474 3629 475 ⁷
3684 456 3693 467 ’

2649 557 2717 613 1η
2738 573 2976 613 sermone
2997 557 3060 611 de
3084 544 3155 613 S.
3176 556 3479 613 Anastasio.

2254 728 2261 735 ρ
2337 647 2423 735 De
2456 648 2778 735 quibusdam
2834 662 3029 718 magna
3073 647 3515 735 praedicantibus,
3550 650 3650 708 sed
3696 650 3853 706 desio

2267 732 2423 793 diose
2460 734 2773 793 viventibus
2820 752 2917 808 per
2965 735 3289 807 Prophetam
3340 734 3542 795 dicitur
3586 759 3602 794 :
3651 760 3670 792 ι
3714 732 3853 797 Filii

2266 829 2527 900 Ephrem,
2567 827 2910 885 intendentes
2950 843 3134 884 arcum
3185 838 3242 884 et
3287 830 3566 886 mittentes
3611 831 3854 903 sagittas

2254 934 2414 985 suas,
2443 919 2693 975 conversi
2718 926 2844 974 sunt
2870 918 2925 974 in
2970 918 3058 974 die
3084 917 3206 974 belli
3236 915 3407 988 (Prol.
3432 920 3664 991 uxvn).
3687 938 3710 973 ι
3737 919 3851 988 Qui

2264 1010 2408 1066 enim
2452 1010 2715 1065 adversus
2760 1008 3015 1065 vitiorum
3072 1008 3400 1064 tentationes
3424 1009 3492 1067 ad
3526 1009 3853 1065 conﬂictum

2264 1100 2399 1157 alios
2424 1096 2736 1172 provocant,
2769 1098 2864 1155 sed
2903 1098 3191 1170 conﬂigere
3232 1099 3332 1170 ipsi
3378 1099 3478 1154 Sub
3508 1099 3732 1171 ignobili
3754 1100 3853 1156 de—

2254 1191 2414 1247 ‘sidiie
2438 1191 2694 1261 languore
2722 1190 3046 1254 detrectant,
3079 1188 3135 1243 hi
3188 1187 3446 1243 nimirum
3475 1190 3704 1258 sagittas
3726 1178 3850 1259 qni-

2254 1281 2383 1353 Idem
2414 1281 2670 1353 dirigunt,
2701 1280 2795 1337 sed
2844 1264 2964 1350 post
2992 1287 3140 1351 terga
3167 1278 3411 1335 conversi
3451 1289 3852 1334 consummatae

2262 1370 2501 1427 victoriae
2526 1370 2712 1426 titulos
2738 1385 2841 1424 non
2873 1378 3168 1436 merenmr,
3212 1383 3312 1424 nec
3337 1369 3417 1424 eis
3442 1369 3664 1439 prodest
3695 1364 3850 1439 quod

2261 1461 2397 1518 bene
2421 1469 2721 1532 coeperant,
2758 1460 2882 1530 quia
2936 1474 3041 1515 non
3090 1474 3260 1529 usque
3315 1458 3379 1512 ad
3409 1459 3575 1513 linem
3616 1471 3851 1526 magna-

2263 1552 2485 1607 nimiter
2512 1557 2883 1623 perseverant.
2937 1549 3089 1606 Unde
3120 1548 3271 1604 etde
3314 1548 3421 1603 illis
3466 1548 3718 1617 protinus
3761 1560 3851 1623 se-

2262 1644 2447 1714 quitur
2478 1662 2490 1697 :
2518 1620 2544 1694 ἰ
2581 1642 2698 1697 Non
2744 1642 3114 1697 custodierunt
3141 1630 3522 1695 testamentum
3560 1638 3680 1704 Dei,
3702 1646 3759 1692 et
3788 1620 3845 1692 in

2265 1733 2383 1806 lege
2427 1735 2543 1805 ejus
2573 1733 2861 1788 noluerant
2886 1723 3162 1785 ambulare
3212 1729 3421 1802 (Ibid.).
3451 1746 3469 1781 ι
3504 1727 3582 1784 Ac
3610 1730 3656 1783 si
3698 1728 3851 1783 dica-

2267 1836 2350 1882 ret
2387 1843 2398 1879 :
2448 1827 2812 1896 Susceperunt
2858 1809 3073 1893 quidem
3127 1830 3529 1885 testamentum,
3590 1820 3687 1875 sed
3732 1832 3848 1875 non

2265 1915 2639 1971 custodierunt
2669 1930 2682 1980 ;
2735 1919 3032 1982 posuerunt
3058 1911 3109 1965 in
3140 1910 3256 1981 lege
3283 1909 3475 1980 pedem
3505 1924 3603 1978 per
3626 1906 3845 1962 initium

2264 2007 2356 2061 sed
2379 2020 2483 2060 non
2515 2011 2800 2059 tenuerunt
2823 2003 3238 2072 perseverantiae
3260 2012 3556 2069 egressum.
3580 1996 3847 2067 Quisquis

2248 2091 2393 2168 ergo
2418 2096 2486 2151 ad
2517 2095 2795 2167 Spirituale
2818 2104 3090 2150 certamen
3121 2092 3256 2146 alios
3285 2099 3571 2162 provocat,
3595 2090 3846 2159 quisquis

2248 2186 2330 2243 ~ad
2376 2186 2593 2242 fortiter
2626 2186 2905 2256 agendum
2938 2184 3311 2253 proximorum
3358 2176 3568 2235 mentes
3594 2181 3840 2250 instigat,

2265 2278 2421 2335 debet
2451 2280 2635 2348 utique
2663 2278 2770 2331 vita
2801 2274 3145 2331 concordare
3172 2285 3294 2328 cum
3320 2272 3522 2342 lingua,
3570 2287 3666 2337 ne,
3712 2264 3842 2325 dum

2189 2419 2193 2422 .
2262 2372 2383 2429 aliis
2409 2371 2661 2441 proponit
2688 2367 2923 2433 excelsa,
2954 2367 3066 2436 ipse
3107 2373 3393 2420 contentus
3418 2363 3538 2418 imis
3561 2371 3846 2432 prematur

2265 2466 2476 2521 inertia.
2514 2464 2651 2519 llinc
2676 2472 2753 2517 est
2809 2461 2950 2530 quod
2999 2460 3055 2514 in
3098 2457 3216 2528 lege
3268 2456 3625 2526 praecipitur:
3662 2472 3689 2505 ι
3722 2453 3843 2508 Non

2264 2555 2490 2611 habebis
2517 2555 2571 2608 in
2594 2552 2809 2609 sacculo
2830 2551 3040 2605 diversa
3069 2547 3328 2618 pondera,
3352 2544 3528 2615 majus
3542 2553 3603 2599 et
3626 2544 3840 2610 minus;

2266 2662 2366 2702 nec
2396 2645 2500 2703 erit
2530 2645 2583 2699 in
2612 2644 2770 2698 domo
2796 2651 2882 2697 tua
2916 2637 3125 2699 modius
3154 2636 3330 2708 major
3373 2646 3429 2692 et
3457 2637 3636 2691 minor
3661 2652 3678 2701 ;
3707 2650 3844 2706 pon-

2267 2740 2365 2795 dus
2386 2736 2607 2794 habebis
2622 2734 2850 2805 justum,
2878 2742 2936 2789 et
2981 2733 3192 2788 modius
3219 2728 3442 2800 aequalis
3462 2736 3519 2783 et
3546 2742 3709 2783 verus
3737 2727 3845 2783 erit

2268 2830 2363 2884 tibi
2395 2827 2572 2901 (Deut.
2602 2826 2751 2897 xxv).
2798 2844 2817 2877 ι

2864 2916 3090 2974 CAPUT
3122 2912 3254 2971 vni.
3654 2984 3657 2987 _

2535 3013 2600 3068 In
2630 3010 2849 3083 epistola
2877 3011 2945 3065 ad
2969 3009 3224 3063 Blancam
3247 3004 3583 3061 comitiswm.

2343 3129 2361 3161 ι
2397 3106 2608 3164 Montes
2637 3102 2841 3159 excelsi
2889 3100 3087 3165 cervis,
3133 3107 3283 3169 petra
3324 3093 3591 3164 refugium
3622 3089 3841 3152 herina—

785 3159 2162 3273 ‘i°".‘"f?P§__'2ff”:;‘.‘i§}l{"?{_,ff?_"‘£’f":‘?i?:f:
2192 3154 2238 3216 ο
2268 3202 2369 3258 ςείε
2405 3198 2579 3273 (pm.
2794 3214 2812 3246 ι
2847 3192 2984 3260 Qui.
3021 3154 3160 3245 ρηεά.
3193 3189 3296 3243 iw.
3323 3187 3440 3242 ιοςο
3478 3199 3576 3255 ρετ

584 3259 640 3310 lu
668 3256 910 3312 conclavi
938 3256 1101 3325 igitur
1123 3260 1326 3308 sanctae
1359 3250 1613 3306 Ecclesiae
1640 3248 1818 3303 anima
1864 3262 1923 3301 se
1970 3246 2180 3322 pudica.

584 3345 870 3423 concludat
913 3345 1099 3415 sicque
1137 3343 1190 3396 in
1237 3340 1426 3397 interni
1474 3339 1638 3410 Regis
1682 3337 1919 3392 thalamo
1960 3334 2167 3407 jugiter

574 3439 908 3509 requiescat.
1221 3501 1449 3559 CAPUT
1490 3500 1534 3557 γ

826 3595 909 3649 Ad
938 3594 1298 3648 Alexandrum
1323 3604 1537 3661 papam,
1561 3587 1624 3641 de
1647 3586 1935 3641 canonicis.

558 3723 571 3731 ς
668 3707 684 3739 ι
713 3686 834 3742 Non
858 3700 954 3741 .mc
983 3684 1265 3752 demergat
1311 3686 1602 3748 tempestas
1650 3690 1828 3745 aqum,
1867 3688 2044 3744 neque
2069 3672 2166 3729 ab-

600 3778 818 3834 sorbeat
842 3790 927 3830 me
958 3781 1172 3844 puteus,
1212 3784 1386 3839 neque
1440 3773 1628 3837 urgeat
1653 3778 1818 3834 super
1842 3778 1929 3818 me
1973 3770 2168 3832 puteus

586 3885 651 3925 os
673 3882 829 3925 suum
861 3863 1035 3937 (Paul.
1062 3862 1270 3939 LXVlﬂ).
1294 3880 1314 3914 ι
1345 3860 1479 3916 Cum
1507 3865 1696 3931 peccat
1727 3856 1908 3921 homo,
1932 3854 2085 3925 quasi
2113 3854 2169 3908 in

580 3970 812 4032 puteum
865 3958 1108 4023 labitur;
1161 3969 1282 4009 cum
1335 3966 1466 4007 vero
1517 3958 1740 4032 peccata
1795 3947 2054 4007 defendit.
2106 3962 2169 4003 os

586 4028 737 4123 putei
762 4064 924 4120 super
950 4046 1096 4112 eum,
1143 4059 1210 4098 ne
1238 4051 1420 4113 pateat
1449 4028 1720 4110 egressus,
1767 4048 2009 4106 urgetur.
2039 4034 2170 4091 Cor-

593 4141 702 4197 ruit
742 4154 871 4211 ergo
898 4139 952 4193 in
1004 4146 1225 4206 puteum
1273 4134 1456 4197 homo,
1505 4144 1624 4184 cum
1675 4137 1918 4198 peccat;
1968 4125 2169 4180 claudit

556 4265 565 4273 -
592 4254 722 4295 vero
743 4236 959 4293 sibimet
1002 4247 1067 4288 os
1094 4229 1268 4301 putei,
1298 4229 1424 4283 dum
1475 4230 1717 4280 excusat.
1769 4222 1853 4287 Eii
1879 4222 1982 4275 hac
2006 4232 2169 4291 porro

592 4327 926 4392 defensione,
943 4321 1023 4378 vel
1051 4318 1402 4378 excusatione
1432 4314 1636 4371 crimen
1659 4312 1831 4380 haeres
1840 4309 1886 4365 is
1904 4309 2165 4371 nascitur.

594 4420 830 4478 ll-mesis
879 4418 1025 4485 enim
1081 4414 1472 4482 interpretatur
1503 4406 1701 4465 eiectio.
1753 4412 1807 4459 et
1863 4402 1989 4459 dum
2022 4397 2167 4470 quod

565 4523 571 4532 '
591 4512 755 4583 elegit
780 4508 904 4579 quis
924 4504 1214 4562 defendere
1236 4501 1427 4556 nititur
1445 4496 1633 4554 relicto
1656 4493 1903 4551 veritatis
1931 4490 2165 4554 tramite,
2195 4494 2248 4554 1)

593 4581 720 4670 quia
754 4611 853 4669 per
887 4596 1114 4665 abrupta
1146 4589 1386 4662 perversi
1413 4587 1679 4658 dogmatis
1714 4585 1939 4654 rapitur,
1973 4582 2026 4643 in
2051 4581 2165 4637 lue-

594 4693 761 4753 resitn
784 4701 1011 4749 necesse
1055 4693 1139 4741 est
1162 4681 1500 4753 prolabatur.
1532 4675 1649 4731 Hoc
1671 4685 1852 4735 autem
1878 4673 2020 4728 inter
2042 4684 2170 4740 peo-

591 4792 833 4839 catorem
854 4785 909 4834 et
940 4774 1253 4835 haereticum
1297 4768 1483 4834 distat,
1535 4765 1665 4835 quia
1695 4769 2058 4833 peccatorest
2076 4759 2169 4827 qui

592 4871 878 4942 delinquit,
929 4865 1219 4923 haereticus
1248 4869 1430 4916 autem
1465 4857 1556 4927 qui
1602 4862 1887 4925 peccatum
1927 4864 2029 4919 per
2047 4864 2173 4920 pra-

594 4978 722 5020 vum
748 4962 944 5031 dogma
972 4953 1235 5013 defendit.
1794 4974 1799 4979 -

1122 5070 1127 5075 -
1206 5040 1435 5099 CAPUT
1478 5038 1567 5094 Vl.

594 5145 676 5199 ,Διί
728 5139 1058 5198 Desideria»:
1104 5129 1522 5230 octingena-mei,
1549 5127 1613 5181 de
1655 5124 1752 5179 Dei
1798 5118 2168 5190 omnipotentia

2268 3294 2370 3350 nisi
2395 3272 2516 3348 alia:
2563 3290 2967 3358 Scripturarum
2996 3278 3354 3351 intelligenda:
3397 3282 3524 3333 sunt
3559 3272 3842 3345 profundi-

2270 3380 2545 3439 tatcs?lli
2600 3378 2859 3434 nimirum
2906 3375 2997 3445 qui
3040 3371 3152 3442 jam
3194 3370 3325 3425 dare
3372 3361 3840 3434 contemplationis

2267 3478 2436 3535 saltus
2476 3479 2768 3537 noverunt,
2801 3469 2939 3525 altos
2961 3463 3348 3524 scntenti:.rum
3374 3458 3679 3515 divinarum
3722 3468 3842 3507 ver-

2269 3568 2405 3624 tices
2432 3565 2584 3636 quasi
2614 3560 2896 3619 cacumina
2928 3565 3182 3613 montana
3211 3547 3605 3614 conscendunt,
3631 3544 3700 3599 ad
3721 3555 3839 3612 qua

2265 3656 2510 3728 profecto
2536 3640 2817 3709 cacumina
2838 3640 2964 3718 quia
2988 3640 3186 3699 inﬁrmi
3221 3639 3838 3717 pertingere‘nequeuut,

2270 3720 2413 3802 recte
2444 3744 2552 3798 illic.
2584 3728 2870 3797 subditur:
2908 3756 2924 3787 ι
2960 3735 3125 3789 Petra
3162 3720 3832 3800 refugium‘herinaoi‘is‘n

2266 3838 2395 3910 quia
2431 3833 2689 3892 videlicet
2732 3828 2996 3885 invalidos
3049 3835 3291 3895 quosque
3343 3816 3451 3874 non
3488 3813 3837 3893 intelligentia

2266 3903 2513 3989 sublimis
2542 3932 2779 3988 exercet,
2803 3921 2898 3978 sed
2925 3917 3037 3975 sola
3062 3913 3114 3971 in
3143 3913 3358 3979 Christo
3407 3909 3542 3965 lides
3569 3903 3839 3962 humiliter

2269 4024 2529 4083 continet.
3290 4093 3295 4097 θ

2893 4101 3118 4162 CAPUT
3150 4100 3239 4154 IX.

2341 4208 2421 4260 Ad
2472 4202 2796 4269 Desiderium
2851 4198 3109 4259 abbatem,
3163 4192 3249 4246 ubi
3298 4202 3564 4251 excessum
3615 4199 3769 4239 suum

2854 4280 2857 4283 ’
2943 4273 3175 4319 εασςυεαι.

2344 4385 2361 4418 ι
2395 4366 2509 4437 Ego
2538 4361 2648 4418 dixi
2676 4362 2728 4414 in
2768 4364 2993 4413 excessu
3025 4352 3230 4407 mentis
3259 4360 3392 4404 mere
3423 4367 3436 4402 :
3467 4343 3655 4402 Omnis
3679 4336 3836 4399 homo

2271 4428 2500 4512 mmide
2528 4447 2879 4525 (natm).
2907 4466 2925 4498 ι
2959 4443 3058 4500 Cui
3089 4441 3343 4497 nimirum
3388 4432 3702 4506 responderi
3743 4428 3835 4525 p6-

2276 4552 2377 4605 test
2413 4550 2435 4600 :‘
2465 4544 2525 4600 Si
2546 4523 2753 4604 omnis,
2785 4549 2841 4593 et
2860 4544 2949 4600 tu;
3005 4533 3243 4601 falsaque
3264 4530 3377 4599 jam
3414 4523 3836 4592 eritsententia,

2274 4612 2687 4709 quamnier‘idax
2720 4630 2832 4698 ipse
2864 4622 3157 4706 protulisti.
3188 4619 3247 4675 Si
3276 4633 3402 4673 vero
3428 4616 3545 4686 ipse
3562 4608 3839 4699 non'men-

2275 4707 2400 4795 dax,
2428 4740 2555 4781 vera
2593 4721 2704 4793 jam
2724 4715 3001 4791 sententia
3045 4726 3152 4768 non
3198 4709 3323 4777 erit,
3369 4708 3518 4777 quia,
3545 4707 3672 4789 dum
3699 4712 3755 4758 tu
3782 4713 3839 4760 εξ

2274 4789 2463 4885 verax,
2489 4789 2608 4870 non
2627 4789 2804 4868 omnis
2851 4807 3015 4861 homo
3045 4800 3391 4879 cognoscitur
3417 4808 3542 4852 esse
3594 4789 3841 4879 mendas.

2284 4906 2479 4963 Verum
2503 4918 2572 4958 ne
2601 4900 2674 4954 ad
2712 4898 2883 4952 instar
2921 4891 3198 4964 gentilium
3227 4889 3641 4958 scripturarum,
3691 4892 3841 4964 Sacra

2518 4991 2798 5060 Scriptura
2825 4958 3108 5051 calumnia:
3137 4987 3341 5049 pateat,
3362 4964 3463 5031 sed
3488 4958 3842 5069 ipsa“se.prd:

2274 5055 2599 5161 pria-potius
2620 5055 2941 5157 auctoritate
2968 5071 3243 5151 defendat,
3273 5065 3573 5161 notandum
3596 5071 3682 5119 est
3701 5055 3838 5131 quod

2273 5156 2623 5230 praemittitur
2655 5190 2669 5226 :
2708 5188 2727 5220 ι
2765 5168 2877 5230 Ego
2931 5163 3041 5221 dixi
3068 5162 3124 5216 in
3152 5164 3376 5217 excessu
3404 5156 3608 5230 mentis
3633 5165 3784 5220 mea.
3811 5165 3830 5202 ι
