4052 6312
617 354 758 411 H35

1516 357 2016 416 COLLECTANEA
2075 359 2142 416 ΙΝ
2186 360 2411 418 VETUS
2451 357 2989 418 TESTAMENTUM.

3750 360 3889 415 ηδε

614 485 753 524 mus.
796 467 852 523 In
885 467 985 524 bac
1021 454 1186 539 igitur
1215 468 1441 528 muliere
1468 470 1724 528 delectari
1753 474 2118 545 prmcipimur,
2145 487 2201 530 ut
2231 488 2276 544 Α
2307 477 2476 546 plena:
2500 475 2636 531 lana:
2662 460 2982 529 reversurus
3001 482 3083 529 est
3106 472 3315 544 (Ibid.).
3349 492 3368 526 ι
3388 472 3726 544 Redemptor
3744 476 3892 528 enim

612 562 949 634 eloquiorum
971 563 1275 618 cmlestinm
1298 565 1623 636 pinguedine
1644 567 1974 637 saginemur.
2005 566 2201 638 Sequi-

614 665 702 706 tur
729 671 781 708 :t
814 652 993 720 Quare
1021 655 1322 720 seduceris,
1352 655 1423 710 liii
1451 656 1542 722 mi,
1561 657 1630 712 ab
1651 658 1825 714 aliena
1843 669 1895 714 et
1920 660 2118 714 foveris
2147 659 2198 712 in

613 744 733 797 sinu
757 742 1014 799 alterius?
1034 764 1052 797 ι
1077 745 1354 815 (Proverb.
1371 749 1449 819 v.)
1472 749 1552 803 Ab
1572 749 1745 804 aliena
1768 751 1964 820 quippe
1979 750 2200 805 muliere

612 835 910 900 seducitur,
957 836 1045 905 qui
1090 837 1498 894 carnalisvita:
1556 840 1828 896 illecebris
1875 843 2194 898 delectatur.

586 925 723 1001 Nec
751 926 1022 983 immerito
1060 927 1261 984 dicitur
1289 929 1487 994 aliena,
1529 931 1655 999 quia
1687 931 1843 986 nobis
1889 948 1955 986 ex
2001 933 2198 987 divina:

610 1020 744 1093 legis
771 1028 855 1076 est
885 1020 1165 1076 sanctione
1203 1022 1492 1090 prohibita.
1524 1022 1734 1077 Rursus
1772 1037 1935 1092 super
1970 1031 2198 1092 utraque

610 1112 838 1168 muliere
869 1111 1125 1181 loquitur,
1167 1112 1352 1167 dicens
1394 1130 1406 1165 :
1457 1130 1476 1163 t
1523 1111 1621 1166 Die
1657 1113 1935 1180 sapientia:
1975 1130 1989 1165 :
2031 1111 2199 1167 Soror

610 1218 728 1259 mea
753 1217 834 1267 es,
861 1212 916 1258 et
944 1203 1285 1273 prudentiam
1308 1218 1438 1258 voca
1460 1204 1690 1258 amicam
1717 1213 1887 1266 tuam,
1907 1214 1962 1258 et
1985 1203 2193 1259 custodi

607 1307 663 1354 te
703 1314 733 1352 a
778 1297 1005 1352 muliere
1027 1307 1286 1353 extranea
1327 1307 1380 1353 et
1419 1299 1486 1353 ab
1522 1298 1718 1363 aliena,
1759 1313 1878 1368 quae
1905 1299 2066 1350 verba
2096 1313 2193 1352 sua

610 1387 786 1442 dulcia
835 1385 982 1441 fecit.
1037 1406 1056 1439 ι
1109 1387 1338 1458 Moxque
1381 1387 1704 1465 subjungit:
1759 1407 1779 1438 ς
1837 1389 1910 1442 De
1956 1387 2192 1442 fenestra
2231 1429 2234 1436 .

606 1479 800 1536 domus
830 1495 962 1536 mea:
991 1495 1088 1548 per
1123 1481 1393 1537 cancellos
1417 1482 1690 1552 prospexi.
1719 1491 1775 1537 et
1802 1481 1959 1537 video
1989 1498 2188 1552 parvu-

609 1574 721 1640 los;
766 1573 1049 1628 considero
1083 1576 1370 1630 vecordem
1411 1575 1691 1646 juvenem,
1731 1575 1822 1644 qui
1861 1575 2055 1629 transit
2099 1589 2196 1642 per

607 1663 814 1732 plateas
845 1663 999 1734 juxta
1037 1664 1315 1735 angulum,
1349 1673 1403 1719 et
1446 1680 1613 1735 prope
1641 1664 1784 1718 viam
1815 1665 2009 1719 domus
2052 1664 2193 1718 illius

604 1754 856 1828 graditur
878 1753 1064 1826 (Prov.
1093 1766 1210 1825 vn).
1249 1775 1266 1807 ι
1313 1755 1415 1810 Ubi
1458 1756 1755 1811 notandum
1780 1756 1904 1825 quia
1935 1757 2043 1809 vita
2074 1770 2193 1808 car-

2303 575 2487 623 noster
2515 567 2756 636 pecuniae
2798 581 2981 621 secum
3025 564 3299 619 saccnlmn
3343 565 3484 629 tulit,
3528 567 3651 619 cuiu
3699 581 3894 619 ascen-

2301 658 2434 711 dens
2467 658 2522 710 in
2567 655 2786 720 corium,
2822 655 2943 711 lidei
2981 663 3182 710 nostra:
3217 669 3399 708 secum
3446 655 3594 708 lucra
3632 657 3894 724 portavit.

2301 747 2400 814 Qui
2434 763 2750 802 reversurus
2777 758 2860 801 est
2893 747 2945 799 in
2971 745 3060 799 die
3087 745 3257 814 plena!
3297 745 3458 807 iuuat,
3495 745 3544 797 id
3573 757 3656 798 est
3682 745 3738 798 in
3765 760 3898 798 cono

2300 838 2664 894 suuunatioue
2695 837 3019 891 universalis
3063 835 3346 900 Ecclesiae;
3391 836 3570 888 veniet
3601 835 3754 890 enim
3795 835 3899 889 Do-

2300 931 2480 985 minus
2525 931 2591 985 ad
2631 929 2917 997 judicium.
2967 943 3089 983 cum
3133 927 3378 995 expletus
3424 927 3589 979 fuerit
3635 943 3897 981 numerus

2298 1020 2618 1094 ciecrormn.
2652 1021 2758 1074 Sed
2791 1035 2914 1073 cum
2953 1019 3119 1070 inulta
3159 1019 3300 1071 dicat
3343 1018 3409 1072 de
3439 1017 3898 1086 pestileuzissinia

2298 1111 2458 1179 hujus
2487 1111 2728 1165 mulieris
2753 1111 2973 1173 astutia,
2999 1111 3195 1178 quibus
3221 1120 3451 1163 venatur
3473 1112 3687 1163 animos
3721 1112 3899 1163 homi-

2299 1218 2426 1255 num
2456 1203 2813 1271 perditorum,
2840 1216 2960 1270 qme
2987 1217 3084 1254 nos
3106 1202 3174 1253 oh
3203 1201 3568 1269 prolixitatem
3599 1201 3898 1255 insetanda

2296 1309 2404 1348 non
2430 1293 2695 1355 ducimus,
2731 1291 2833 1346 hoc
2865 1294 2916 1344 in
2942 1294 3048 1346 line
3082 1290 3312 1358 subjecit
3341 1309 3355 1343 :
3395 1310 3412 1341 ι
3447 1290 3666 1350 Multos.
3696 1292 3790 1359 inq
3819 1292 3898 1350 .it,

2293 1385 2604 1439 vulneratus
2626 1382 2822 1452 dejeeit
2848 1393 2902 1438 et
2929 1382 3207 1436 fortissimi
3233 1381 3432 1450 quique
3462 1380 3740 1434 interfecti
3771 1396 3799 1434 s
3824 1389 3900 1433 int

2293 1477 2361 1531 ab
2399 1491 2460 1530 ea
2509 1476 2608 1530 viae
2650 1473 2808 1529 inferi
2849 1476 3042 1530 domus
3080 1473 3198 1544 ejus
3237 1481 3595 1543 penetrantes
3628 1471 3900 1526 inferiora

2300 1566 2494 1622 mortis
2524 1564 2735 1638 (Ibid).
2766 1583 2786 1618 ι

2909 1659 3140 1716 CAPUT
3177 1659 3262 1715 111.

2597 1755 2666 1810 1η
2689 1771 2927 1810 sermone
2955 1757 3021 1809 de
3056 1755 3117 1811 8.
3152 1753 3569 1808 Bartho!omrra.

603 1845 764 1913 nalis,
801 1861 921 1918 qua“:
953 1848 1209 1902 meretrix
1237 1847 1456 1912 dicitur,
1497 1863 1605 1902 non
1635 1846 1770 1902 alios
1797 1847 1897 1901 nisi
1939 1847 2189 1916 parvulos
2222 1845 2265 1905 Β
2360 1846 2664 1904 Audiamus
2716 1848 2899 1917 itaque
2941 1861 3041 1918 per
3082 1863 3145 1900 os
3190 1847 3499 1900 Salomonis
3549 1844 3897 1916 Sapientiam

602 1947 659 1994 et
677 1938 935 1994 vecordes
956 1938 1204 2009 decipere
1236 1953 1393 2008 posse
1416 1939 1755 2008 perhibetur.
1791 1937 1942 1993 Unde
1973 1946 2028 1992 et
2059 1937 2184 1991 alibi

601 2025 748 2085 idem
775 2027 1032 2084 Salomon
1065 2031 1176 2083 ait:
1213 2045 1232 2080 t
1271 2027 1462 2082 Mulier
1496 2028 1659 2082 stulta
1707 2036 1762 2084 et
1788 2027 2049 2087 clamosa.
2075 2027 2189 2095 ple-

603 2131 783 2188 naque
804 2117 1074 2173 illecebris
1098 2125 1154 2171 et
1183 2117 1320 2172 nihil
1342 2117 1562 2172 omnino
1580 2117 1776 2180 sciens,
1802 2117 1942 2170 sedit
1969 2115 2021 2169 in
2055 2115 2188 2171 lori-

586 2205 708 2263 'bus
736 2207 928 2263 domus
957 2222 1068 2262 suae
1103 2221 1268 2278 super
1295 2206 1480 2262 sellam
1516 2207 1568 2260 in
1609 2205 1826 2261 excelso
1856 2205 2006 2259 urbis
2047 2206 2188 2269 loco,

599 2308 657 2356 et
698 2309 860 2358 vocat
908 2310 1252 2356 transeuntes
1285 2299 1429 2354 viam
1473 2308 1524 2354 et
1560 2307 1850 2369 pergentes
1897 2297 1948 2350 in
1996 2297 2188 2350 itlecre

602 2407 704 2448 suo
735 2410 751 2448 :
789 2391 924 2460 Quis
944 2402 1029 2448 est
1064 2391 1340 2462 parvulus,
1386 2391 1620 2446 declinet
1654 2391 1720 2444 ad
1747 2405 1854 2454 me,
1893 2399 1948 2443 et
1970 2389 2188 2444 vecordi

600 2483 780 2540 locuta
807 2495 890 2540 est
923 2484 1107 2552 (Prov.
1133 2483 1234 2555 Ix).
1275 2502 1293 2536 ι
1329 2481 1463 2536 Nam
1496 2484 1586 2552 qui
1617 2481 1892 2552 perfectus
1921 2493 2000 2536 est
2029 2483 2112 2535 vir
2137 2492 2190 2535 et

601 2574 802 2628 mentis
846 2588 991 2628 sanat
1034 2588 1378 2643 nequaquam
1419 2573 1619 2642 poterit
1658 2571 1892 2628 carnalis
1923 2572 2190 2630 illrcebra:

579 2664 872 2721 "leuocinio
913 2664 1109 2735 decipi,
1148 2665 1233 2721 vel
1264 2665 1664 2735 quantumlibet
1706 2665 1974 2734 ingruenti
2010 2675 2189 2719 scatu~

581 2756 853 2810 ‘rientium
902 2756 1215 2826 passionum
1257 2755 1559 2810 certamine
1587 2756 1858 2825 superari.
1892 2754 2016 2809 illos
2043 2755 2185 2808 enim

599 2847 863 2900 duntaxat
885 2848 998 2900 hate
1028 2845 1222 2900 mulier
1248 2855 1488 2914 superat,
1513 2845 1579 2900 de
1611 2844 1718 2899 illis
1742 2845 1849 2898 vita
1875 2844 2113 2898 carnalis
2134 2851 2191 2898 et

598 2949 815 2994 terrena
851 2939 1150 3007 triumphat
1181 2953 1317 3007 quos
1349 2951 1527 3007 pravae
1551 2937 1846 2992 voluntatis
1875 2937 2105 2990 intentio
2136 2947 2192 2990 et

598 3039 830 3086 terrena:
861 3030 1316 3100 concupiscentia:
1346 3037 1486 3084 teter
1525 3028 1706 3082 l'unms
1746 3027 2003 3083 obcaecat.
2037 3025 2191 3082 Unde

599 3119 710 3175 illic
763 3128 887 3192 apte
935 3119 1277 3190 subjungitur
1322 3135 1337 3174 :
1400 3139 1418 3171 ι
1481 3119 1537 3174 In
1586 3119 1845 3184 obscuro,
1897 3120 2190 3188 advesper-

2294 1953 2396 1995 nos
2430 1939 2497 1993 ad
2541 1955 2784 1995 mensam
2827 1939 3126 2010 spiritualis
3154 1939 3424 1992 alimonia:
3455 1939 3626 1992 claris
3668 1941 3900 1992 vocibus

2292 2031 2656 2090 invitantem:
2697 2049 2713 2081 ι
2749 2032 3053 2099 Sapientia,
3080 2031 3278 2100 inquit,
3304 2031 3606 2086 iminolavit
3640 2032 3900 2085 victimas

2291 2135 2438 2184 Situs,
2490 2119 2711 2174 iniseuit
2755 2121 2936 2174 viuum
2975 2129 3030 2175 et
3074 2120 3355 2190 proposuit
3396 2135 3646 2174 mensam
3698 2135 3895 2185 suam;

2291 2213 2444 2267 misit
2490 2212 2716 2267 ancillas
2764 2227 2910 2275 suas,
2961 2221 3020 2266 ut
3070 2222 3329 2267 vocarent
3372 2214 3438 2266 ad
3487 2227 3680 2267 arcem
3725 2223 3780 2266 et
3830 2213 3898 2266 ad

2293 2303 2493 2358 taminia
2525 2303 2762 2357 civitatis
2813 2321 2828 2357 :
2878 2302 2935 2357 Si
2985 2302 3108 2373 quis
3138 2313 3222 2358 est
3269 2302 3540 2371 parvulus,
3583 2304 3779 2356 veniat
3829 2299 3898 2354 ad

2291 2409 2398 2448 me.
2436 2392 2648 2457 Venite,
2675 2393 2944 2448 comedite
2973 2407 3168 2462 panem
3202 2407 3380 2446 memn
3413 2402 3470 2445 et
3496 2391 3670 2447 bibite
3704 2393 3896 2445 viuum

2291 2489 2434 2556 quod
2472 2487 2662 2541 miscui
2695 2487 2848 2540 vobis
2885 2484 3065 2555 (Prov.
3099 2485 3196 2555 Ix).
3239 2505 3256 2535 ι
3299 2485 3550 2539 Christus
3589 2485 3763 2548 enim,
3797 2483 3895 2552 qui

2292 2577 2566 2646 Sapientia
2611 2575 2792 2630 Patris
2829 2585 2931 2640 est,
2986 2576 3233 2629 victimas
3281 2574 3606 2636 immolavit,
3654 2588 3780 2626 cum
3826 2573 3898 2626 ad

2291 2675 2490 2722 nostra:
2535 2665 2855 2720 imitationis
2895 2664 3200 2734 exetnplmn
3238 2665 3427 2719 beatos
3467 2675 3744 2733 mar;yres
3772 2676 3897 2730 per-

2291 2759 2440 2814 misit
2461 2758 2665 2822 oceidi;
2695 2757 2912 2810 miscuit
2937 2757 3142 2820 viuum,
3171 2757 3297 2826 quia
3325 2755 3640 2825 prapinavit
3663 2755 3896 2808 creden-

2293 2850 2435 2904 tibus
2467 2849 2730 2919 Spiritum
2770 2860 3058 2911 sanctnm;
3113 2848 3392 2916 proposuit
3439 2861 3713 2908 mensam,
3757 2847 3894 2914 quia

2293 2943 2572 2998 cmlestem
2603 2945 2815 3012 paravit
2849 2943 3161 2996 hominibus
3187 2941 3446 3007 gloriam;
3483 2942 3630 2995 misit
3658 2941 3895 2994 ancillas

2293 3049 2448 3098 suas,
2481 3035 2531 3087 id
2558 3043 2642 3089 est
2673 3042 2892 3087 sanctos
2924 3033 3072 3087 verbi
3103 3032 3403 3096 ministros,
3434 3031 3525 3101 qui
3554 3046 3616 3084 se
3640 3030 3894 3085 inlirnzos

2294 3137 2345 3181 et
2378 3127 2596 3197 fragiles
2631 3135 2965 3180 asseverant.
2996 3124 3132 3191 Quid
3164 3137 3293 3191 ergo
3325 3123 3437 3190 jam
3471 3132 3659 3183 restat,
3689 3123 3801 3175 nisi
3836 3131 3896 3176 ut

599 3223 819 3268 ascente
848 3213 952 3276 die.
998 3215 1050 3268 in
1083 3213 1257 3268 noctis
1292 3213 1530 3268 tenebris
1557 3222 1611 3267 et
1640 3213 1869 3284 caligine
1899 3225 2025 3266 CCCC
2068 3227 2185 3264 mll-
2214 3203 2258 3264 Ο
2291 3219 2474 3273 relicta
2501 3218 2642 3272 hunc
2664 3216 2843 3271 surculi
2877 3230 3228 3285 properemus
3256 3215 3322 3268 ad
3347 3230 3589 3268 mensam
3617 3214 3748 3267 Dei?
3780 3213 3894 3268 Sed

598 3304 701 3360 lier
726 3305 965 3360 occurrit
1000 3304 1071 3360 illi
1110 3305 1161 3359 in
1191 3315 1382 3360 ornatu
1417 3305 1745 3370 meretricio,
1787 3312 2088 3374 praeparata
2118 3303 2182 3356 ad

599 3395 890 3465 capiendas
923 3395 1133 3450 animas
1160 3395 1342 3467 (Prov.
1373 3395 1492 3468 vn).
1532 3415 1552 3448 ι
1598 3397 1835 3451 lnebriat
1875 3396 2018 3451 enim
2062 3410 2184 3449 car-

600 3489 739 3544 nalis
765 3489 876 3543 vita
903 3503 999 3543 cor
1026 3489 1253 3544 luxuriae
1283 3491 1522 3545 deditum
1546 3500 1600 3545 et
1629 3503 1883 3560 tanquam
1918 3501 2184 3546 nocturna

601 3578 833 3649 caligine
860 3580 1036 3634 reddit
1057 3579 1370 3646 obscurum,
1401 3581 1526 3634 dum
1555 3582 1843 3636 interiores
1868 3581 2052 3636 oculos
2077 3595 2183 3634 non

601 3670 656 3722 in
701 3668 897 3722 ctelum
940 3669 1119 3736 erigit,
1151 3670 1243 3723 sed
1273 3670 1323 3722 in
1360 3678 1507 3723 terra
1544 3670 1750 3739 deligit.
1787 3671 1988 3725 Deinde
2019 3669 2187 3740 subji-

578 3763 678 3813 ~cit
710 3779 721 3813 :
753 3780 770 3810 ι
798 3759 1049 3826 Garrula,
1081 3776 1213 3830 vaga
1242 3768 1296 3814 et
1320 3761 1519 3829 quietis
1558 3761 1718 3830 227
1749 3761 2058 3832 impatiens,
2086 3775 2188 3815 nec

592 3855 791 3911 valens
823 3857 876 3911 in
902 3855 1063 3910 domo
1094 3855 1395 3910 consistere
1425 3854 1654 3925 pedibus
1674 3855 1818 3920 suis;
1851 3871 1992 3908 nunc
2029 3853 2185 3918 l‘oris,

601 3964 749 4004 nunc
807 3949 859 4002 in
919 3947 1158 4018 plateis,
1227 3961 1372 4001 nunc
1419 3944 1577 4014 juxta
1631 3947 1855 4016 angulos
1924 3946 2186 4002 insidians

606 4039 822 4113 (Ibid.).
860 4059 879 4091 ι
928 4039 1026 4094 llic
1066 4053 1227 4109 porro
1270 4037 1572 4092 carnalium
1607 4037 1888 4092 hominum
1932 4037 2189 4107 exprimit

604 4129 1027 4186 inconstantiam
1082 4128 1321 4183 levitatis
1373 4127 1504 4183 vitio
1558 4127 1856 4190 subditam,
1909 4127 2189 4198 gravitatis

608 4222 840 4292 turpiter
855 4221 1108 4276 alienam.
1132 4218 1286 4287 Quod
1310 4229 1488 4273 autem
1515 4217 1856 4289 subjungitur
1883 4236 1896 4272 :
1927 4237 1944 4268 ι
1977 4218 2184 4272 lntexui

605 4307 849 4375 lintribus,
904 4309 1101 4365 lectum
1149 4325 1330 4363 meum
1378 4309 1545 4364 stravi
1598 4309 1866 4377 tapetibus
1915 4309 2074 4377 pictis
2119 4323 2185 4362 ex

606 4399 842 4474 {Egypto
873 4398 1104 4470 (lbid.)..
1133 4419 1153 4453 ›
1186 4399 1328 4466 Quid
1366 4414 1462 4469 per
1489 4401 1591 4456 hoc
1621 4399 1767 4456 aliud
1796 4401 2058 4464 inanitur,
2086 4400 2189 4455 nisi

580 4491 734 4562 quia
768 4489 1055 4544 delectatio
1089 4489 1292 4552 carnis,
1327 4489 1379 4542 in
1423 4505 1586 4559 quam
1626 4490 1933 4544 luxuriosus
1960 4489 2189 4558 quisque

2289 3311 2355 3363 ad
2384 3312 2523 3362 hanc
2555 3307 2892 3378 ingrediendi
2921 3307 3128 3361 aditum
3161 3307 3399 3374 reperire
3428 3321 3534 3358 non
3572 3320 3891 3376 possumus.

2288 3402 2390 3456 nisi
2423 3415 2517 3470 per
2551 3410 2767 3454 sanctos
2800 3399 3095 3469 apostolus,
3140 3399 3338 3466 quibus
3361 3397 3544 3452 claves
3573 3398 3890 3452 commissae

2290 3490 2578 3559 suntrcgui
2602 3497 2862 3544 cm‘orum
2894 3488 3108 3546 (Matth.
3140 3487 3270 3558 xvi).
3300 3487 3452 3544 Unde
3475 3489 3743 3556 scriptum
3767 3499 3885 3541 est:

2295 3597 2313 3630 t
2369 3581 2647 3650 Sapientia
2696 3579 2829 3633 foris
2879 3580 3156 3648 pra-dicat,
3208 3579 3259 3632 in
3309 3578 3503 3647 plateis
3551 3580 3644 3630 dat
3695 3592 3885 3632 vocem

2289 3686 2463 3729 suam,
2501 3671 2552 3722 in
2585 3669 2762 3739 capite
2796 3669 3103 3730 turbarum,
3137 3667 3382 3720 clamitat
3422 3668 3472 3720 in
3517 3667 3728 3721 foribus
3761 3681 3891 3734 por-

2293 3769 2467 3814 tat‘ttm
2495 3758 2676 3830 (Prov.
2709 3763 2768 3830 t).
2809 3778 2826 3809 ι
2863 3759 2964 3829 Ipsi
2995 3775 3206 3829 quoque
3421 3769 3546 3813 sunt
3575 3769 3739 3826 caput
3774 3769 3888 3811 ωτι

2290 3855 2482 3908 barum
2515 3853 2769 3921 foresque
2799 3863 3101 3923 portarum,
3125 3853 3249 3920 quia
3280 3853 3379 3922 ipsi
3402 3862 3528 3906 sunt
3559 3851 3886 3920 populorum

2294 3944 2567 4014 principes
2614 3959 2678 3997 ac
2720 3958 2988 4012 supr-eane
3027 3941 3366 3996 Hierusalem
3413 3954 3513 4010 per
3550 3940 3888 3995 sublimioris

2296 4032 2630 4088 excellentia:
2667 4033 3007 4102 privilegium
3033 4031 3318 4099 janitores.

2907 4142 3134 4198 CAPUT
3175 4142 3262 4196 ιν.

2295 4230 2360 4285 In
2386 4228 2601 4302 cpistola
2629 4231 2698 4285 ad
2713 4230 2951 4353 Caici-3;:
2976 4233 3304 4314 pra‘fet'lztttt,
3333 4250 3491 4304 super
3515 4233 3886 4288 cohortatione

2872 4323 2920 4353 (Α
3000 4314 3312 4353 (larualem.

2872 4314 2938 4353 ιιι
3000 4314 3312 4356 (autument.

2362 4393 2498 4446 Audi
2529 4408 2718 4446 rursus
2745 4393 2844 4446 sub
2874 4393 3156 4448 tzzulierum
3180 4395 3378 4462 specie,
3406 4395 3532 4464 qui-.l
3560 4395 3699 4450 inter
3721 4397 3893 4466 spiri-

2295 4481 2490 4536 tualcm
2530 4481 2694 4535 vitam
2725 4481 2887 4536 distet
2927 4493 3090 4550 atque
3122 4483 3392 4538 carnalem
3426 4498 3440 4537 :
3491 4505 3509 4536 ι
3560 4485 3773 4551 Mulier,
3809 4488 3888 4541 in-

607 4581 752 4637 ultro
782 4589 1035 4649 tanquam
1064 4579 1114 4633 in
1142 4579 1319 4634 cubile
1349 4581 1736 4649 prosternitur,
1765 4580 2038 4651 perplexis
2065 4596 2188 4649 pcc-
2223 4561 2270 4619 D
2297 4573 2435 4640 quit,
2485 4573 2712 4642 diligens
2750 4589 2950 4628 corona
2997 4585 3079 4629 est
3125 4577 3242 4629 viro
3282 4591 3404 4642 suo,
3455 4585 3508 4630 et
3547 4579 3785 4645 putredo
3834 4578 3886 4630 in

605 4682 854 4729 catorum
897 4671 1128 4725 vinculis
1156 4667 1459 4741 obligatur?
1486 4672 1639 4738 Quod
1670 4683 1851 4726 autem
1889 4671 2062 4726 lectus
2105 4673 2194 4727 ille

605 4779 675 4820 ex
721 4763 881 4833 pictis
909 4778 975 4818 ex
1019 4761 1256 4832 JEgypto
1291 4761 1561 4832 tapetibus
1606 4763 1886 4826 sternitur,
1935 4762 2063 4832 quid
2109 4771 2193 4817 est

578 4925 582 4928 ἱ
607 4853 774 4917 aliud,
797 4851 900 4908 nisi
924 4853 1050 4922 quia
1075 4853 1180 4906 vita
1216 4853 1607 4908 lnxuriantium
1631 4869 1972 4926 nequaquam
1999 4854 2190 4909 funda—

607 4953 790 4999 mento
823 4944 1005 4999 solida:
1043 4943 1291 4999 veritatis
1326 4945 1598 5011 innititur,
1641 4947 1735 5002 sed
1766 4947 2030 5002 mendacii
2056 4947 2193 5003 [ιιςῆ

604 5041 665 5092 et
707 5035 1042 5092 adumbratis
1085 5035 1415 5105 imaginibus
1461 5035 1770 5091 celeratur?
1814 5036 1968 5103 Quod
2010 5047 2192 5094 autem

605 5125 864 5180 meretrix
892 5125 992 5178 ista
1019 5123 1146 5179 dicit
1176 5142 1190 5178 :
1226 5143 1244 5175 ι
1287 5122 1441 5189 Veni,
1476 5125 1812 5181 inebrietnur
1836 5127 2120 5192 uberibus,
2140 5136 2196 5182 et

611 5214 814 5267 mutuis
847 5212 1092 5266 fruamur
1137 5212 1500 5282 amplexibus,
1537 5213 1709 5269 donec
1739 5213 2021 5270 illucescat
2045 5215 2190 5282 dies;

610 5325 718 5362 non
745 5318 823 5362 est
845 5310 990 5362 enim
1019 5310 1100 5363 vir
1132 5323 1283 5366 meus
1314 5309 1365 5364 in
1395 5310 1556 5365 domo
1578 5325 1697 5378 sua,
1724 5311 1860 5368 abiit
1879 5312 1967 5368 via
1993 5309 2197 5384 longis-

612 5397 746 5453 sima
774 5399 975 5468 (ibi.l.);
1021 5420 1038 5450 ι
1077 5399 1182 5453 tale
1222 5409 1306 5455 est
1333 5417 1346 5453 :
1389 5396 1484 5454 Vir
1506 5401 1702 5456 aninne
1729 5400 1994 5472 cujusque
2023 5401 2197 5458 ﬁdelis

613 5485 860 5542 Christus
889 5496 990 5552 est,
1032 5489 1120 5557 qui
1154 5503 1261 5543 non
1293 5499 1374 5542 est
1407 5489 1458 5543 in
1492 5491 1652 5545 domo
1679 5505 1795 5557 sua,
1825 5493 1920 5546 sed
1946 5489 2082 5546 abiit
2109 5492 2193 5546 via

611 5577 944 5647 longissima,
971 5578 1187 5646 quando
1209 5579 1467 5648 pollutam
1490 5581 1783 5651 cujuslibet
1805 5582 2195 5640 conscientiam

612 5668 809 5733 cernit,
837 5677 997 5736 atque
1029 5667 1146 5722 ideo
1176 5686 1300 5723 mox
1326 5672 1392 5726 ab
1417 5671 1972 5742 coproculabscedit;
1998 5672 2197 5728 deinde

611 5757 791 5814 subdit
839 5777 852 5814 :
909 5777 926 5812 t
986 5755 1269 5816 Saeculum
1317 5763 1560 5834 pecuniae
1603 5777 1787 5822 secum
1832 5763 1974 5829 telit,
2027 5763 2200 5824 indie

2294 4667 2508 4720 ossibus
2534 4666 2651 4732 ejus
2674 4683 2794 4736 qua:
2820 4668 3139 4724 confusione
3172 4685 3258 4724 res
3301 4671 3494 4740 dignes
3520 4672 3659 4742 gerit
3695 4669 3884 4741 (Prov.

2300 4756 2420 4825 xu).
2460 4775 2476 4805 ι
2513 4753 2570 4807 lu
2597 4755 2758 4822 hujus
2785 4756 2966 4824 itaque
2997 4758 3243 4813 mulieris
3270 4758 3485 4814 ossibus
3519 4770 3600 4817 est
3631 4771 3778 4829 putn
3796 4760 3883 4820 do.

2299 4846 2423 4913 quia
2455 4846 2581 4899 dum
2608 4847 2834 4915 quilibet
2863 4848 3069 4902 carnali
3100 4849 3222 4904 vita:
3263 4850 3587 4919 COnjunctus
3620 4866 3884 4920 superare

2299 4939 2434 4992 alios
2473 4938 2682 5000 nititur.
2713 4938 2840 4992 dum
2878 4939 3017 4996 forte
3049 4942 3197 5011 quid,
3231 4945 3375 5013 quod
3401 4960 3523 4999 ossa
3553 4945 3884 5010 signiﬁcant.

2298 5043 2458 5098 agere
2489 5029 2772 5100 gloriatur,
2807 5029 2950 5085 fmda
2977 5048 3072 5102 per
3111 5034 3367 5103 populum
3394 5033 3538 5087 fatua
3568 5035 3887 5089 ditl‘an-Jitur

2297 5133 2349 5178 ct
2373 5125 2528 5194 quasi
2563 5123 2700 5180 fetor
2721 5125 2879 5181 olidae
2917 5127 3221 5196 putredinis
3245 5127 3552 5184 exhalatur.
3585 5127 3662 5184 De
3691 5126 3886 5196 quibus

2299 5218 2487 5288 utique
2511 5215 2828 5276 mulieribus
2853 5229 2906 5274 et
2929 5220 3067 5275 alias
3095 5219 3323 5291 Sapiens
3353 5221 3490 5276 dicit
3521 5241 3532 5274 :
3567 5239 3586 5272 ι
3627 5221 3822 5275 Mulier
3843 5221 3884 5272 si

2300 5317 2382 5362 est
2406 5308 2500 5363 tibi
2539 5310 2833 5363 secundum
2870 5308 3106 5364 animam
3137 5318 3305 5375 tuam,
3335 5325 3402 5364 ne
3432 5310 3692 5382 projicias
3721 5308 3883 5369 illam,

2303 5405 2359 5451 et
2387 5396 2570 5452 odibili
2607 5413 2712 5462 non
2740 5400 2933 5454 credas
2955 5407 3007 5454 te
3045 5399 3098 5454 in
3129 5409 3243 5456 toto
3281 5399 3446 5456 corde
3476 5399 3671 5470 (la'ccfi.
3707 5405 3830 5466 vn).
3863 5419 3879 5448 ι

2303 5487 2497 5544 Mulier
2522 5491 2718 5561 quippe
2741 5492 3040 5547 secundum
3068 5491 3328 5554 animam.
3357 5501 3441 5546 est
3466 5491 3579 5547 vita
3603 5491 3880 5550 virtutum,

2303 5583 2644 5638 conversatio
2677 5593 2907 5648 sancta;
2951 5583 3147 5638 mulier
3187 5598 3317 5648 vero
3358 5582 3604 5648 odibilis,
3652 5582 3881 5637 carnalis

2301 5685 2390 5732 est
2414 5676 2523 5731 vita
2547 5716 2564 5739 ,
2597 5690 2716 5744 qua:
2756 5683 2904 5730 certe
2944 5675 3068 5731 odio
3097 5686 3180 5731 est
3219 5675 3491 5740 habenda,
3528 5674 3620 5730 cui
3650 5673 3883 5743 profecto

2302 5765 2352 5822 si
2379 5764 2436 5824 in
2467 5772 2580 5823 toto
2622 5763 2784 5822 corde
2810 5779 2909 5822 nos
2944 5766 3238 5835 credimus,
3275 5781 3503 5824 necesse
3533 5764 3651 5838 iant
3687 5766 3795 5822 crit
3833 5770 3883 5819 ut

2909 5941 2974 5964 κ
