4052 6312
136 375 270 437 i157

1424 369 1497 428 1N
1535 373 1662 429 LIB.
1703 373 2044 430 PilOVERB.

3266 369 3415 432 U33

134 498 274 549 sicut
308 489 539 547 Samson
572 502 666 558 per
699 485 924 555 Dalilam
950 483 1104 555 (Ind.
1136 487 1273 548 xvii,
1307 485 1378 539 ita
1405 494 1462 540 ct
1487 502 1583 542 nos
1617 503 1712 555 per
1743 492 1786 549 Α
1817 487 2072 542 nimirum
2118 483 2298 541 verbis
2329 484 2458 556 quid
2490 482 2634 539 aliud
2668 482 2880 538 videtur
2926 497 3266 554 expressum,
3299 485 3406 541 nisi

133 589 296 640 istam
321 581 373 636 in
405 594 598 633 manus
624 577 860 632 hostium
893 576 1213 631 incidamus.
1240 577 1313 630 De
1334 591 1439 645 qua
1467 576 1720 631 videlicet

132 691 168 730 ο
191 671 323 725 ἓίΙήΙί
355 667 578 724 muliere
610 668 662 722 in
694 668 1114 724 Deuteronoznio
1149 667 1410 736 scriptum
1441 675 1560 722 est:
1601 683 1619 716 ι
1661 664 1716 722 Si

134 761 408 832 acceperit
437 760 598 814 homo
630 772 878 821 uxorem,
908 767 961 812 ct
997 757 1245 811 habuerit
1272 770 1391 809 eam
1419 764 1475 810 ct
1511 771 1616 810 non
1642 755 1720 810 in-

133 856 348 912 venerit
394 855 626 926 gratiam
677 863 804 908 ante
848 852 1032 906 oculos
1078 853 1194 921 ejus
1237 862 1456 921 propter
1485 852 1722 920 aliquam

135 945 458 1007 fwdltatem,
513 944 717 998 scribat
770 942 1007 998 libellum
1057 945 1288 1012 repudii,
1351 953 1408 998 et
1463 943 1610 998 dabit
1670 944 1724 997 itt

138 1050 304 1090 manu
351 1033 468 1103 cjus
513 1044 567 1089 ct
613 1033 851 1089 dimittat
893 1049 1013 1089 cazn
1067 1035 1135 1088 de
1186 1033 1346 1089 domo
1396 1049 1494 1089 sua
1545 1032 1724 1103 (Deut.

139 1127 313 1199 XXIV).
375 1145 396 1179 ι

768 1238 996 1300 CAPUT
1035 1242 1101 1298 γ.

144 1327 213 1392 In
241 1336 457 1409 epis-Sola
488 1332 556 1388 ad
579 1335 768 1402 fratres
790 1333 1089 1404 Canmgttii.
1120 1333 1206 1387 ubi
1228 1335 1291 1409 de
1313 1333 1729 1404 transgressione

555 1422 768 1462 suorum
793 1411 1163 1459 maritimorum
1188 1407 1314 1475 agit.

212 1500 315 1570 Qui
358 1500 617 1554 virtutum
664 1497 933 1568 lapidibus
977 1498 1202 1551 festinat
1247 1497 1446 1550 atrium
1491 1496 1728 1552 sublime

143 1601 478 1652 construere,
531 1589 681 1657 prius
733 1604 854 1642 eum
903 1602 1125 1644 necesse
1177 1596 1260 1641 cst
1299 1586 1735 1641 inborn-ostenti!

136 1681 440 1738 carnalium
506 1678 925 1734 delectationum
982 1680 1199 1734 dumeta
1263 1695 1515 1749 purgare.
1576 1677 1726 1733 Unde

146 1785 294 1829 recte
325 1787 421 1841 per
452 1770 798 1826 Salomoqu
832 1771 1030 1826 dicitur
1075 1789 1087 1823 :
1145 1790 1161 1821 ι
1208 1771 1506 1840 Diligenter
1536 1782 1728 1822 exerce

1822 590 1882 632 ut
1912 576 2203 632 carnaliter
2234 575 2463 644 sapienti
2497 589 2561 629 ac
2588 589 2682 644 per
2709 573 2811 628 hoc
2839 573 3007 629 stulto
3036 573 3264 629 cuilibet
3294 591 3403 631 non

1822 668 2194 724 committatur
2213 666 2614 736 praedicationis
2642 663 2916 720 cilicium?
2939 664 3011 720 De
3034 665 3236 720 sanctis
3263 665 3408 721 enim

1823 759 2268 830 pranlicatorihus
2291 757 2490 811 dicitur
2514 774 2527 809 :
2564 775 2580 807 ι
2605 755 2775 823 Quam
2807 742 3037 825 speciosi
3058 755 3222 826 pedes
3243 771 3410 812 evan-

1824 850 2168 923 gelizautium
2222 863 2432 918 pacem,
2469 847 2954 917 cvangelizantium
2985 842 3174 914 bonal'
3200 867 3218 899 ι
3268 845 3405 915 (Isa.

1827 961 1932 1008 ut;
1963 945 2112 998 Rom.
2146 941 2226 1010 χ.)
2268 941 2455 1010 Itaque
2483 941 2709 1010 quilibet
2745 941 3025 995 ordinator
3050 940 3327 1004 Ecclesiae,
3365 938 3423 998 εἰ

1826 1038 2018 1106 dignos
2063 1046 2118 1091 et
2147 1036 2367 1090 idoneos
2404 1035 2458 1089 in
2495 1033 2756 1104 dignitate
2783 1033 3094 1099 constituit,
3120 1033 3272 1103 quasi
3313 1047 3424 1104 pett

1829 1129 1986 1184 dibus
2035 1128 2196 1182 rectis
2239 1124 2456 1180 incedit.
2505 1124 2610 1179 Per
2644 1140 2738 1179 eos
2786 1123 2929 1178 enim
2983 1126 3206 1179 verbum
3252 1139 3411 1196 spar-

1833 1220 2006 1290 gendo
2035 1219 2460 1288 circumquaque
2499 1216 2776 1282 discurrit,
2807 1226 2860 1271 et
2909 1217 3051 1285 quod
3084 1230 3179 1287 per
3209 1225 3410 1273 semet-

1831 1312 2006 1380 ipsum
2039 1325 2146 1362 non
2180 1293 2322 1362 valet
2369 1323 2551 1377 agerc,
2579 1323 2678 1377 per
2717 1307 2839 1362 illos
2885 1308 3083 1378 satagit
3126 1306 3423 1368 clllcaciter.

1831 1401 2150 1473 adimplere.
2207 1401 2302 1454 Sin
2345 1409 2526 1455 autem
2573 1399 2819 1454 carnales
2848 1414 3092 1471 quosque
3124 1415 3188 1456 ac
3231 1414 3420 1472 repro-

1829 1493 1929 1549 bos
1959 1492 2214 1548 ordinare
2246 1499 2569 1560 prmsumat,
2601 1491 2690 1546 hic
2717 1489 2941 1565 claudus
2970 1490 3196 1560 pedibus
3228 1491 3420 1545 ambu-

1831 1580 1924 1636 lat.
1957 1581 2058 1648 Qui
2091 1581 2254 1636 etiam
2281 1581 2618 1650 iniquitatem
2644 1579 2831 1634 bibere
2855 1579 3076 1643 dicitur,
3107 1580 3257 1650 quia,
3285 1579 3414 1636 dum

1832 1672 1994 1727 verba
2037 1681 2239 1728 sancta:
2296 1671 2701 1743 przedicationis
2754 1684 2851 1740 per
2893 1669 3116 1724 stultum
3166 1670 3418 1725 nuntium

1833 1764 2000 1818 mittit
2047 1772 2124 1829 ct,
2173 1771 2362 1818 contra
2398 1760 2752 1833 Apostolum,
2798 1761 2910 1816 cito
2939 1775 3136 1816 manus
3191 1760 3422 1829 imponit

146 1877 332 1934 agrum
360 1871 532 1926 tmun,
562 1871 620 1914 ut
651 1871 834 1930 postea
863 1862 1096 1914 aediﬁces
1119 1862 1335 1916 donnnn
1361 1871 1507 1914 tuam
1541 1856 1724 1928 (Prov.
1760 1856 1803 1916 Β
1833 1841 1881 1927 (1
1918 1853 2056 1909 Tim.
2095 1857 2148 1924 v)
2215 1854 2456 1925 peccatis
2489 1851 2854 1908 communicat
2888 1851 3100 1907 alienis.
3137 1849 3274 1906 Nam
3315 1850 3425 1912 etsi

147 1952 316 2023 utv).
355 1972 374 2004 ιι
422 1952 513 2006 Ille
554 1952 752 2021 quippe
804 1952 940 2005 bene
977 1951 1192 2004 domum
1243 1950 1440 2005 tuentis
1475 1949 1730 2013 aediﬁcat,

149 2048 238 2118 qui
280 2047 430 2118 prius
469 2061 661 2115 agrum
702 2046 949 2113 corporis
997 2044 1170 2113 spinis
1205 2043 1462 2097 viderunt
1499 2051 1728 2116 purgat;

150 2138 394 2210 alioquin.
429 2137 474 2192 si
499 2135 912 2209 (desideriorum
959 2134 1384 2204 passionnmquc
1425 2132 1733 2188 carnalium

149 2241 328 2286 sentes
354 2230 404 2284 in
431 2229 609 2284 carius
644 2243 775 2298 agro
805 2227 1068 2297 pullulare
1103 2227 1380 2290 sinuntur,
1416 2226 1558 2281 fame
1599 2225 1734 2280 boni

150 2332 426 2378 crescente
467 2330 575 2375 tota
621 2320 767 2374 intus
817 2321 1074 2372 viminum
1117 2328 1390 2372 structura
1423 2317 1731 2373 collabitur.

151 2413 288 2467 Hinc
316 2427 504 2466 rursus
537 2411 612 2464 ait
641 2430 653 2463 :
684 2430 702 2460 ι
732 2410 836 2464 l‘cr
859 2426 1043 2481 agrum
1074 2410 1310 2464 hominis
1337 2409 1472 2479 pigri
1507 2407 1732 2462 transivi

153 2512 210 2556 ct
237 2517 332 2572 per
357 2501 567 2555 vincam
597 2500 697 2554 viri
730 2499 903 2561 stul.i,
938 2511 993 2554 et
1022 2501 1150 2553 ccc.)
1191 2509 1362 2554 totum
1396 2498 1735 2568 repleverant

157 2596 357 2659 urticaa,
399 2601 734 2664 Oper-uerunt
760 2593 1101 2661 superﬁciem
1131 2590 1245 2658 ejus
1273 2592 1441 2662 spime
1470 2600 1524 2646 et
1553 2606 1736 2647 macc-

155 2687 232 2740 ria
263 2686 497 2756 lapidum
525 2687 801 2740 destructa
828 2695 945 2740 crat
969 2685 1179 2757 (Ibid).
1205 2706 1220 2736 ι
1249 2685 1386 2752 Quid
1409 2685 1553 2750 civim
1583 2699 1732 2754 ager,

154 2777 236 2833 vel
265 2778 416 2833 vinea
447 2779 584 2851 pigri
627 2778 883 2839 hominis.
921 2778 1020 2831 nisi
1066 2792 1196 2833 Caro
1231 2777 1519 2846 cujuslibet
1573 2777 1736 2831 otiosi

157 2870 210 2924 in
239 2870 532 2939 spirit-dalis
557 2870 898 2940 agricultura:
940 2871 1216 2926 laboribus
1244 2871 1509 2926 desudare
1539 2869 1732 2926 nolen-

157 2961 259 3016 tis?
283 2960 418 3027 Q'lid
451 2969 631 3014 autem
663 2961 872 3024 urticm,
900 2961 1003 3014 nisi
1034 2960 1171 3031 gnlm
1194 2961 1500 3030 prurigine;
1529 2972 1582 3015 c:
1616 2976 1737 3015 car-

157 3051 304 3106 nales
339 3050 642 3106 illecebrae?
665 3050 810 3118 Quid
827 3050 1062 3120 denique
1093 3053 1262 3120 spina:
1292 3061 1442 3109 sunt.
1481 3052 1584 3106 nisi
1616 3068 1738 3122 pas-

157 3147 363 3198 sionum
393 3140 688 3197 carnalium
731 3143 1085 3212 punctiones?
1115 3143 1252 3210 Quid
1295 3152 1573 3212 postremo
1615 3158 1736 3196 ma-

1835 1945 2132 2016 prudcnter
2156 1945 2386 2015 quisque
2416 1943 2694 2014 loquatur,
2721 1944 2766 1998 si
2800 1953 2979 1998 tamen
3025 1958 3131 1998 non
3164 1941 3276 2013 agit
3304 1941 3420 2011 ipse

1836 2038 1976 2107 quod
2007 2037 2270 2106 loquitur,
2300 2036 2352 2091 in
2390 2035 2658 2105 spirituali
2687 2036 2914 2091 claudus
2940 2035 3138 2091 itinere
3174 2050 3282 2090 non
3316 2034 3425 2089 imo

1835 2128 2032 2182 merito
2069 2128 2367 2198 jndicatur.
2407 2127 2560 2182 Unde
2604 2135 2660 2182 ct
2707 2127 2814 2183 illic
2862 2137 2988 2198 apte
3035 2127 3419 2198 subiungitur:

1841 2238 1861 2271 ι
1891 2219 2171 2286 Quomodo
2193 2219 2450 2290 pulchras
2479 2219 2677 2274 frustra
2707 2219 2866 2275 habet
2889 2219 3112 2276 claudus
3138 2220 3320 2288 tibias,
3339 2220 3428 2278 sio
3457 2252 3467 2260 ι

1837 2311 2096 2366 indecens
2123 2320 2207 2366 est
2234 2311 2288 2365 in
2313 2325 2408 2366 ore
2432 2312 2723 2367 stultorum
2752 2311 3007 2382 parabola
3038 2299 3222 2382 (Prov.
3255 2312 3416 2382 πυ.»

1840 2401 2087 2474 Pulchris
2111 2402 2272 2471 plane
2300 2401 2552 2457 innititur
2576 2402 2722 2457 tibiis
2746 2402 2836 2471 qui
2863 2401 3118 2457 luculenti
3147 2402 3283 2458 nitet
3311 2402 3424 2458 cla-

1839 2493 2001 2547 ritate
2033 2493 2322 2548 sermonis.
2363 2492 2493 2558 Sed,
2539 2493 2666 2546 dum
2708 2494 2826 2548 sine
2855 2492 3012 2548 bonis
3041 2493 3298 2565 operibus
3333 2509 3421 2562 ac:

1837 2591 2084 2638 curatum
2113 2583 2383 2654 depromit
2413 2585 2709 2654 eloquium,
2757 2583 2905 2640 velut
2933 2583 3053 2640 sine
3078 2599 3429 2656 gressupt‘eé
3461 2631 3475 2634 -

1837 2684 2016 2728 movet
2047 2685 2191 2728 recta
2234 2691 2394 2731 crura
2447 2677 2754 2732 verborum.
2793 2677 2957 2744 Quasi
3003 2677 3259 2748 pulchras
3295 2693 3427 2751 ergo

1837 2765 2002 2821 habet
2048 2766 2207 2820 tibias
2254 2766 2321 2820 ad
2365 2766 2678 2831 videndum,
2713 2768 2808 2823 sed
2857 2783 2963 2822 non
3007 2768 3167 2823 utiles
3201 2769 3268 2823 ad
3304 2785 3428 2839 gra-

1837 2860 2115 2925 diendmn,
2161 2862 2278 2930 qui,
2327 2863 2636 2932 podagricis
2681 2863 2934 2917 vitiorum
2966 2863 3174 2934 laqueis
3201 2862 3431 2920 innoda-

1841 2961 1947 3014 tus,
1980 2952 2094 3021 ipse
2139 2952 2358 3022 quidem
2403 2953 2633 3023 turpiter
2677 2952 2970 3021 claudicat,
3017 2957 3143 3010 dum
3181 2955 3317 3011 alios
3368 2963 3428 3009 ut

1792 3106 1806 3120 .
1837 3046 2054 3115 agiliter
2109 3047 2430 3116 gradiantur
2473 3047 2684 3102 invitat.
2733 3049 2790 3103 In
2821 3050 3210 3122 istorumcrgo
3237 3049 3432 3104 stulto-

1839 3150 1957 3188 rum
1991 3151 2086 3190 ore
2118 3135 2370 3191 indecens
2395 3145 2481 3190 est
2505 3136 2793 3207 parabola,
2825 3141 2974 3210 quia,
3005 3141 3132 3194 dum
3176 3139 3431 3211 spiritua-

156 3233 299 3288 ccria
350 3232 610 3301 lapidum,
654 3233 755 3287 nisi
805 3232 1071 3287 cliaritate
1103 3233 1278 3286 media
1325 3249 1446 3287 cum
1478 3233 1734 3301 pcrt‘nista
1763 3221 1808 3284 C
1842 3225 1970 3280 iiICI‘
1999 3234 2193 3282 $003M
2224 3235 2278 3282 el
2308 3227 2606 3307 Ciil‘liiiliiel‘
2637 3229 2915 3296 viminum.
2950 3245 3138 3286 COI'IJIIi
3166 3231 3274 3286 Vlla
3305 3245 3439 3292 cum

155 3323 536 3378 coluereutium
561 3333 833 3377 structura
865 3323 1159 3378 virtutuai?
1184 3326 1330 3394 Ager
1356 3339 1484 3396 ergo
1512 3324 1650 3394 pigri
1681 3333 1736 3378 et

156 3412 302 3468 stulti
348 3413 584 3466 hominis
615 3414 804 3468 urticis
840 3413 1122 3482 spinisque
1159 3413 1416 3492 repletur,
1452 3429 1574 3467 cum
1609 3429 1739 3468 caro

156 3501 453 3570 cujuspiam
480 3502 652 3556 oti-asc
683 3501 914 3557 viventis
946 3519 1051 3557 non
1083 3519 1176 3572 per
1207 3503 1546 3572 disciplinam
1577 3502 1742 3574 229

157 3593 394 3648 continui
432 3592 634 3646 laboris
683 3593 952 3648 excolitur
999 3594 1096 3648 sed
1143 3594 1196 3647 in
1247 3594 1540 3661 voluptatis
1576 3604 1740 3663 atque

157 3682 388 3738 lascivia:
427 3683 665 3738 mollitur
710 3684 980 3738 desiderio
1028 3691 1082 3738 et
1129 3684 1424 3740 enutritur.
1476 3683 1740 3754 Lapidum

158 3788 371 3843 quoque
408 3774 633 3827 materia
658 3773 982 3830 labefactata
1014 3777 1268 3839 diruitnr,
1291 3777 1416 3844 quia
1443 3785 1553 3831 tota
1578 3777 1743 3830 virtu-

159 3871 268 3916 tum
311 3860 538 3927 l'abriea,
577 3862 722 3918 velut
754 3863 1005 3932 impaclis
1043 3865 1448 3920 incontinentix
1479 3865 1742 3920 arietibus

159 3953 473 4022 dissipatur.
533 3973 552 4006 1
607 3954 866 4024 Princeps
923 3956 1068 4009 enim
1122 3971 1419 4024 coquorum
1473 3955 1743 4009 destruxit

159 4059 342 4100 muros
387 4043 725 4101 Hierusalem
784 4045 885 4112 (ιγ
957 4045 1083 4116 Reg.
1141 4046 1290 4117 xxv).
1353 4064 1372 4099 ι
1427 4045 1740 4116 Coquorum

159 4144 336 4191 autem
363 4138 616 4208 princeps
632 4136 756 4206 jure
775 4138 1036 4193 asseritur
1059 4147 1266 4203 venter,
1297 4140 1382 4194 cui
1411 4139 1677 4195 nimirum
1708 4157 1740 4196 a

156 4231 350 4301 coqnis
373 4230 646 4286 laborioso
672 4248 834 4302 opere
862 4234 1117 4287 servitur.
1153 4233 1408 4302 Qtisquis
1434 4249 1568 4305 ergo
1599 4236 1744 4291 desi-

159 4323 313 4382 dent
343 4323 708 4392 Spiritualium
753 4333 997 4394 segetum
1041 4325 1288 4381 ubertate
1328 4325 1615 4392 ditescere,
1645 4327 1742 4381 de-

159 4416 315 4470 sudet
341 4429 484 4471 nunc
514 4432 702 4485 agrum
740 4419 820 4471 sui
855 4417 1098 4486 corporis
1132 4417 1432 4489 disciplina:
1472 4435 1534 4474 ac
1564 4418 1743 4474 conti-

157 4508 357 4568 nentia:
380 4524 595 4565 vomere
622 4511 877 4571 continuo
901 4512 1083 4567 latore
1112 4514 1342 4576 sulcare,
1370 4523 1443 4580 et,
1485 4525 1738 4586 tamquam

1841 3315 2004 3371 labiis
2051 3332 2159 3371 non
2207 3320 2537 3385 concordat;
2586 3335 2722 3390 quos
2771 3323 3026 3377 nimirum
3076 3323 3304 3378 honesta
3334 3321 3419 3378 lo-

1842 3420 2092 3479 quentes,
2144 3413 2239 3466 scd
2274 3412 2556 3468 inhoneste
2601 3415 2864 3482 viventes,
2915 3416 3228 3486 priedicatio
3266 3423 3425 3476 reeta

1841 3518 1948 3557 non
1996 3503 2188 3558 liberat
2245 3503 2338 3559 sed
2411 3505 2638 3560 mordax
2688 3507 3022 3562 conscientia
3077 3506 3426 3564 vehementer

1842 3607 2080 3652 accusat.
2132 3597 2287 3653 Unde
2318 3598 2426 3656 illic
2474 3613 2579 3660 non
2616 3599 2910 3671 incongrue
2956 3599 3180 3664 subdit:
3238 3618 3257 3651 ι
3287 3598 3432 3669 Quo-

1842 3689 2004 3743 modo
2034 3688 2080 3743 si
2112 3689 2267 3759 spina
2319 3699 2578 3746 nascatur
2624 3690 2677 3749 in
2729 3707 2891 3745 nnmu
2924 3689 3233 3755 temulenti,
3270 3688 3436 3765 230

1843 3781 1920 3835 ie
1949 3781 2203 3850 paralmla
2235 3783 2290 3837 in
2323 3799 2418 3843 ore
2447 3783 2733 3842 stultorum
2761 3783 2948 3855 (Ibid).
2981 3803 2998 3836 ι
3034 3783 3201 3854 Spina
3231 3783 3434 3854 quippe

1843 3873 1898 3928 in
1931 3889 2094 3928 manu
2125 3875 2411 3930 temulenti
2440 3876 2701 3937 nascitur,
2729 3891 2853 3930 cum
2900 3877 2981 3932 illi
2999 3875 3090 3944 qui
3124 3874 3280 3943 hujus
3309 3875 3434 3938 vita:

1844 3978 2029 4016 amore
2060 3974 2144 4018 est
2173 3963 2359 4019 ebrius
2398 3966 2840 4036 reprehensionis
2886 3967 2937 4020 in
2987 3977 3170 4022 mente
3210 3967 3434 4026 aculeus

1844 4053 2248 4122 generatur,ln
2286 4068 2380 4107 ore
2429 4056 2610 4124 itaque
2655 4055 2942 4110 stultorum
2974 4055 3230 4126 parabola
3277 4056 3432 4127 quasi

1844 4143 1996 4213 spina
2036 4153 2140 4210 est,
2164 4145 2294 4214 quia
2330 4146 2456 4200 dum
2503 4147 2648 4203 aliud
2696 4147 3013 4218 loquuntur,
3057 4149 3202 4214 aliud
3241 4159 3431 4221 agunt,

1845 4249 1999 4290 mens
2026 4250 2211 4290 eorum
2245 4237 2298 4290 in
2337 4239 2632 4308 semetipsa
2679 4239 2968 4310 aliquando
3013 4241 3356 4310 redarguitur
3379 4249 3436 4298 et

1845 4323 2076 4393 quodam
2128 4326 2281 4395 quasi
2321 4327 2489 4397 spinae
2534 4330 2820 4398 pungentis
2871 4329 3057 4385 aculeo
3086 4329 3428 4401 perforatur;

1845 4415 1994 4470 velut
2043 4417 2198 4487 spina
2248 4428 2398 4474 certe
2448 4420 2590 4476 male
2638 4421 2871 4478 viventis
2921 4431 2976 4478 et
3019 4421 3160 4479 bene
3205 4422 3437 4479 dicentis

1847 4511 2178 4566 conscientia
2216 4513 2603 4582 pungit,_dum
2630 4514 2779 4580 ineo
2810 4515 2953 4585 quod
2981 4518 3323 4571 extrinsecus
3349 4512 3432 4570 ιο.

159 4600 431 4660 novalium
444 4617 662 4657 suorum
682 4603 889 4674 glebas,
914 4605 1126 4659 sarculo
1145 4607 1387 4676 sapiente
1410 4607 1740 4676 confringat,
1771 4577 1823 4637 D
1847 4603 2033 4670 quitur
2060 4604 2294 4673 «inodum
2326 4607 2560 4674 pudoris.
2581 4617 2742 4677 atque
2771 4607 3077 4665 formidinis
3106 4609 3323 4664 stimulo
3351 4609 3436 4679 in:

158 4689 288 4745 dum
317 4691 578 4761 quidquid
606 4692 821 4759 durum,
861 4695 986 4748 dum
1010 4696 1274 4767 quidquid
1307 4697 1652 4755 infecundum
1689 4701 1742 4756 in

153 4796 222 4836 se
273 4784 698 4852 reprehenderit,
743 4784 890 4855 jugis
949 4788 1280 4854 pmriitentim
1331 4791 1744 4848 contmionibus

160 4881 331 4936 terat;
366 4888 465 4928 nec
499 4872 709 4927 desinat
735 4874 870 4942 gula:
899 4876 1193 4944 prurieutis
1226 4878 1430 4933 ttt'ticas
1453 4890 1617 4949 atque
1661 4880 1744 4934 in-

158 4961 539 5019 horrescentes
566 4965 866 5020 carnalium
897 4964 1294 5021 desideriorum
1328 4970 1743 5040 vcpres,radici—

158 5061 250 5110 tus
292 5055 616 5123 exstirpare.
661 5070 767 5124 quo
811 5057 1004 5111 uberes
1035 5072 1328 5127 proventus
1375 5061 1740 5130 spiritualium

151 5151 406 5211 segetum
455 5145 666 5199 valeant
699 5146 779 5200 sui
821 5148 1002 5201 cordis
1032 5163 1155 5201 rara
1202 5149 1468 5217 proferre.
1506 5150 1663 5206 Unde
1690 5159 1746 5206 ct

155 5233 306 5287 idem
331 5232 591 5296 Salomon
620 5238 690 5291 ait
722 5256 734 5291 :
768 5259 785 5289 ι
827 5239 929 5306 Qui
956 5250 1213 5308 operatur
1243 5250 1442 5294 terram
1472 5257 1624 5296 suam
1655 5258 1742 5300 sa-

158 5321 438 5404 turabitur
483 5326 744 5391 panibus;
798 5328 891 5396 qui
940 5339 1178 5384 sectatur
1221 5331 1394 5385 otium
1449 5331 1747 5401 replebitur

155 5421 406 5483 egestate
438 5413 620 5482 (Prov.
648 5418 765 5486 χιι).
807 5438 824 5468 ι
1039 5455 1045 5470 .-

779 5508 1002 5564 (ΣᾹΡῘΞΤ
1043 5512 1126 5566 Π.

232 5595 303 5650 In
331 5596 547 5666 epis‘ola
577 5599 644 5652 ad
686 5599 1043 5656 Alexamﬁram
1075 5622 1262 5674 pupum
1292 5605 1355 5658 (ie
1386 5606 1672 5659 canonicis.

237 5699 264 5737 τ
289 5687 526 5744 Claudus
550 5692 774 5761 pedibus
795 5703 848 5747 et
877 5695 1215 5765 iniquitatem
1241 5698 1427 5753 bibens
1459 5699 1546 5768 qui
1582 5699 1749 5752 mittit

172 5775 342 5832 verba
361 5789 459 5844 per
487 5778 738 5833 nuntium
785 5778 1010 5842 stultum
1061 5779 1245 5852 (Prov.
1277 5785 1448 5856 XIVI).
1482 5804 1500 5836 ι
1538 5783 1747 5852 Quibus

1849 4697 2117 4756 trinsccus
2137 4697 2438 4756 sauciatur.

2445 4810 2676 4867 CAPUT
2718 4811 2824 4868 γη.

2369 4923 2435 4978 1η
2466 4926 2646 4979 eadem
2672 4925 2914 4995 epistola.

1929 5073 1946 5106 ι
1977 5054 2130 5110 Sicut
2157 5056 2246 5124 qui
2280 5055 2446 5110 mittit
2470 5055 2702 5126 lapidem
2751 5055 2805 5110 in
2855 5069 3106 5117 acervum
3148 5055 3431 5118 Mercurii.

1853 5147 1926 5201 ita
1975 5147 2067 5216 qui
2108 5148 2300 5201 tribuit
2341 5148 2616 5216 insipienti
2673 5149 2941 5220 honorem
2989 5146 3173 5218 (Prov.
3208 5146 3380 5216 xxvi).
3410 5164 3431 5201 ι

1853 5234 1987 5289 Nam
2016 5238 2104 5304 qui
2144 5238 2282 5306 apud
2314 5237 2542 5306 gentiles
2586 5237 2886 5302 Mercurius
2931 5238 3065 5292 deus
3094 5235 3290 5292 Sacelli
3341 5234 3435 5309 υ..

1853 5326 2076 5399 Lucelii]
2102 5368 2114 5392 ,
2142 5330 2253 5384 sive
2280 5330 2522 5400 pecuniie
2553 5330 2857 5394 dicebatur,
2898 5345 3130 5390 acervus
3156 5329 3433 5398 Mercurii,

1855 5419 2104 5474 cumulus
2153 5429 2315 5488 atque
2363 5420 2650 5489 congeries
2700 5429 2782 5474 est
2822 5435 3186 5484 nutnmortm.
3215 5419 3278 5473 Et
3309 5419 3438 5488 quia

1854 5529 2077 5579 lllllllith
2104 5515 2292 5580 regula
2317 5513 2605 5582 monetalis
2637 5515 2983 5584 imprimitur,
3008 5513 3134 5581 quid
3161 5528 3254 5582 per
3281 5526 3435 5566 num.-

1853 5590 2060 5656 morum
2085 5605 2398 5675 designatur
2425 5620 2697 5665 acervum,
2727 5606 2827 5657 nisi
2854 5605 3031 5674 regula
3044 5605 3178 5659 rium
3207 5619 3268 5657 ac
3291 5592 3436 5672 vero:

1851 5696 2160 5750 Sanetitatis
2206 5697 2496 5768 imaginem
2542 5696 2946 5766 priefercntium
2983 5696 3173 5751 concio
3205 5693 3434 5748 clerico-

1856 5789 2012 5843 rum?
2048 5788 2185 5856 Quid
2212 5803 2342 5847 vero
2369 5805 2466 5860 per
2499 5791 2752 5860 lapidem,
2786 5790 2890 5846 nisi
2923 5790 3110 5845 duram
3133 5829 3146 5854 ,
3182 5785 3448 5847 stolidam.
