  <div class='ocr_page' id='page_1' title='image "/cluster/home/n/w/nwhite01/storage/ocr_20150623/145/hvd.32044015471824/577.png"; bbox 0 0 4052 6312; ppageno 0'>
   <div class='ocr_carea' id='block_1_1' title="bbox 605 365 762 445">
    <p class='ocr_par' dir='ltr' id='par_1_1' title="bbox 605 365 762 445">
     <span class='ocr_line' id='line_1_1' title="bbox 605 365 762 445; baseline 0.019 -3"><span class='ocrx_word' id='word_1_1' title='bbox 605 365 762 445; x_wconf 58' lang='lat' dir='ltr'><strong>iraa&quot;</strong></span> 
     </span>
    </p>
   </div>
   <div class='ocr_carea' id='block_1_2' title="bbox 603 496 2262 573">
    <p class='ocr_par' dir='ltr' id='par_1_2' title="bbox 603 496 2262 573">
     <span class='ocr_line' id='line_1_2' title="bbox 603 496 2262 573; baseline 0 -16"><span class='ocrx_word' id='word_1_2' title='bbox 603 514 660 558; x_wconf 85' lang='lat' dir='ltr'><strong>ct</strong></span> <span class='ocrx_word' id='word_1_3' title='bbox 686 504 1056 560; x_wconf 85' lang='lat' dir='ltr'><strong>insensibilem.</strong></span> <span class='ocrx_word' id='word_1_4' title='bbox 1098 503 1240 559; x_wconf 90' lang='lat' dir='ltr'><strong>illius</strong></span> <span class='ocrx_word' id='word_1_5' title='bbox 1270 515 1505 558; x_wconf 90' lang='lat' dir='ltr'><strong>mentem</strong></span> <span class='ocrx_word' id='word_1_6' title='bbox 1539 496 1867 573; x_wconf 86' lang='lat' dir='ltr'><strong>accepimus,</strong></span> <span class='ocrx_word' id='word_1_7' title='bbox 1915 504 2005 573; x_wconf 90' lang='lat' dir='ltr'><strong>qui</strong></span> <span class='ocrx_word' id='word_1_8' title='bbox 2057 504 2183 557; x_wconf 89' lang='lat' dir='ltr'><strong>dum</strong></span> <span class='ocrx_word' id='word_1_9' title='bbox 2214 505 2262 563; x_wconf 78' lang='grc' dir='ltr'><strong>Α</strong></span> 
     </span>
    </p>
   </div>
   <div class='ocr_carea' id='block_1_3' title="bbox 602 593 2179 662">
    <p class='ocr_par' dir='ltr' id='par_1_3' title="bbox 602 593 2179 662">
     <span class='ocr_line' id='line_1_3' title="bbox 602 593 2179 662; baseline -0.003 -13"><span class='ocrx_word' id='word_1_10' title='bbox 602 594 773 650; x_wconf 85' lang='lat' dir='ltr'><strong>Deum</strong></span> <span class='ocrx_word' id='word_1_11' title='bbox 801 607 922 649; x_wconf 86' lang='lat' dir='ltr'><strong>csse</strong></span> <span class='ocrx_word' id='word_1_12' title='bbox 948 593 1252 649; x_wconf 89' lang='lat' dir='ltr'><strong>indubitata</strong></span> <span class='ocrx_word' id='word_1_13' title='bbox 1297 593 1401 650; x_wconf 85' lang='lat' dir='ltr'><strong>lide</strong></span> <span class='ocrx_word' id='word_1_14' title='bbox 1432 609 1539 648; x_wconf 90' lang='lat' dir='ltr'><strong>non</strong></span> <span class='ocrx_word' id='word_1_15' title='bbox 1571 593 1784 659; x_wconf 90' lang='lat' dir='ltr'><strong>credit,</strong></span> <span class='ocrx_word' id='word_1_16' title='bbox 1828 607 1978 662; x_wconf 84' lang='lat' dir='ltr'><strong>spem</strong></span> <span class='ocrx_word' id='word_1_17' title='bbox 2027 607 2179 646; x_wconf 89' lang='lat' dir='ltr'><strong>suam</strong></span> 
     </span>
    </p>
   </div>
   <div class='ocr_carea' id='block_1_4' title="bbox 603 684 2187 756">
    <p class='ocr_par' dir='ltr' id='par_1_4' title="bbox 603 684 2187 756">
     <span class='ocr_line' id='line_1_4' title="bbox 603 684 2187 756; baseline -0.001 -16"><span class='ocrx_word' id='word_1_18' title='bbox 603 686 658 740; x_wconf 88' lang='lat' dir='ltr'><strong>in</strong></span> <span class='ocrx_word' id='word_1_19' title='bbox 702 694 915 740; x_wconf 86' lang='lat' dir='ltr'><strong>terrena</strong></span> <span class='ocrx_word' id='word_1_20' title='bbox 945 685 1186 754; x_wconf 81' lang='lat' dir='ltr'><strong>qualibet</strong></span> <span class='ocrx_word' id='word_1_21' title='bbox 1233 684 1578 756; x_wconf 84' lang='lat' dir='ltr'><strong>possessione</strong></span> <span class='ocrx_word' id='word_1_22' title='bbox 1620 684 1928 740; x_wconf 88' lang='lat' dir='ltr'><strong>constituit.</strong></span> <span class='ocrx_word' id='word_1_23' title='bbox 1971 685 2045 739; x_wconf 89' lang='lat' dir='ltr'><strong>De</strong></span> <span class='ocrx_word' id='word_1_24' title='bbox 2074 699 2187 754; x_wconf 87' lang='lat' dir='ltr'><strong>quo</strong></span> 
     </span>
    </p>
   </div>
   <div class='ocr_carea' id='block_1_5' title="bbox 598 772 2184 844">
    <p class='ocr_par' dir='ltr' id='par_1_5' title="bbox 598 772 2184 844">
     <span class='ocr_line' id='line_1_5' title="bbox 598 772 2184 844; baseline 0.001 -16"><span class='ocrx_word' id='word_1_25' title='bbox 598 787 701 844; x_wconf 88' lang='lat' dir='ltr'><strong>per</strong></span> <span class='ocrx_word' id='word_1_26' title='bbox 739 772 1065 842; x_wconf 84' lang='lat' dir='ltr'><strong>Prophetam</strong></span> <span class='ocrx_word' id='word_1_27' title='bbox 1103 775 1336 832; x_wconf 85' lang='lat' dir='ltr'><strong>dicitur:</strong></span> <span class='ocrx_word' id='word_1_28' title='bbox 1381 795 1410 828; x_wconf 86' lang='grc'><strong>‹-</strong></span> <span class='ocrx_word' id='word_1_29' title='bbox 1433 775 1581 830; x_wconf 79' lang='lat' dir='ltr'><strong>Dixit</strong></span> <span class='ocrx_word' id='word_1_30' title='bbox 1617 775 1879 844; x_wconf 85' lang='lat' dir='ltr'><strong>insipiens</strong></span> <span class='ocrx_word' id='word_1_31' title='bbox 1916 775 1970 829; x_wconf 91' lang='lat' dir='ltr'><strong>in</strong></span> <span class='ocrx_word' id='word_1_32' title='bbox 2020 775 2184 830; x_wconf 87' lang='lat' dir='ltr'><strong>corde</strong></span> 
     </span>
    </p>
   </div>
   <div class='ocr_carea' id='block_1_6' title="bbox 600 865 2183 939">
    <p class='ocr_par' dir='ltr' id='par_1_6' title="bbox 600 865 2183 939">
     <span class='ocr_line' id='line_1_6' title="bbox 600 865 2183 939; baseline 0.001 -19"><span class='ocrx_word' id='word_1_33' title='bbox 600 882 702 920; x_wconf 91' lang='lat' dir='ltr'><strong>suo</strong></span> <span class='ocrx_word' id='word_1_34' title='bbox 727 883 745 920; x_wconf 85' lang='lat'><strong>:</strong></span> <span class='ocrx_word' id='word_1_35' title='bbox 783 865 900 922; x_wconf 85' lang='lat' dir='ltr'><strong>Non</strong></span> <span class='ocrx_word' id='word_1_36' title='bbox 933 877 1018 923; x_wconf 89' lang='lat' dir='ltr'><strong>est</strong></span> <span class='ocrx_word' id='word_1_37' title='bbox 1043 869 1185 924; x_wconf 90' lang='lat' dir='ltr'><strong>Deus</strong></span> <span class='ocrx_word' id='word_1_38' title='bbox 1209 869 1383 939; x_wconf 66' lang='lat' dir='ltr'><strong>(Prol.</strong></span> <span class='ocrx_word' id='word_1_39' title='bbox 1413 868 1556 939; x_wconf 77' lang='lat' dir='ltr'><strong>xui).</strong></span> <span class='ocrx_word' id='word_1_40' title='bbox 1588 888 1608 921; x_wconf 73' lang='grc' dir='ltr'><strong>ι</strong></span> <span class='ocrx_word' id='word_1_41' title='bbox 1641 868 1778 924; x_wconf 83' lang='lat' dir='ltr'><strong>Huic</strong></span> <span class='ocrx_word' id='word_1_42' title='bbox 1819 878 2000 923; x_wconf 88' lang='lat' dir='ltr'><strong>autem</strong></span> <span class='ocrx_word' id='word_1_43' title='bbox 2045 868 2183 924; x_wconf 90' lang='lat' dir='ltr'><strong>insi-</strong></span> 
     </span>
    </p>
   </div>
   <div class='ocr_carea' id='block_1_7' title="bbox 600 956 2183 1027">
    <p class='ocr_par' dir='ltr' id='par_1_7' title="bbox 600 956 2183 1027">
     <span class='ocr_line' id='line_1_7' title="bbox 600 956 2183 1027; baseline 0.003 -16"><span class='ocrx_word' id='word_1_44' title='bbox 600 956 771 1025; x_wconf 84' lang='lat' dir='ltr'><strong>pienti</strong></span> <span class='ocrx_word' id='word_1_45' title='bbox 800 967 930 1014; x_wconf 88' lang='lat' dir='ltr'><strong>tunc</strong></span> <span class='ocrx_word' id='word_1_46' title='bbox 980 960 1156 1015; x_wconf 81' lang='lat' dir='ltr'><strong>honor</strong></span> <span class='ocrx_word' id='word_1_47' title='bbox 1205 961 1488 1027; x_wconf 70' lang='lat' dir='ltr'><strong>tribuitur,</strong></span> <span class='ocrx_word' id='word_1_48' title='bbox 1535 977 1657 1016; x_wconf 90' lang='lat' dir='ltr'><strong>cum</strong></span> <span class='ocrx_word' id='word_1_49' title='bbox 1708 961 1777 1016; x_wconf 91' lang='lat' dir='ltr'><strong>ad</strong></span> <span class='ocrx_word' id='word_1_50' title='bbox 1824 961 2183 1017; x_wconf 72' lang='lat' dir='ltr'><strong>ecclesiastici</strong></span> 
     </span>
    </p>
   </div>
   <div class='ocr_carea' id='block_1_8' title="bbox 600 1051 2176 1124">
    <p class='ocr_par' dir='ltr' id='par_1_8' title="bbox 600 1051 2176 1124">
     <span class='ocr_line' id='line_1_8' title="bbox 600 1051 2176 1124; baseline 0.004 -22"><span class='ocrx_word' id='word_1_51' title='bbox 600 1051 803 1118; x_wconf 79' lang='lat' dir='ltr'><strong>gradus</strong></span> <span class='ocrx_word' id='word_1_52' title='bbox 829 1051 1039 1122; x_wconf 85' lang='lat' dir='ltr'><strong>apicem</strong></span> <span class='ocrx_word' id='word_1_53' title='bbox 1085 1053 1355 1124; x_wconf 84' lang='lat' dir='ltr'><strong>quispiam</strong></span> <span class='ocrx_word' id='word_1_54' title='bbox 1389 1069 1494 1108; x_wconf 82' lang='lat' dir='ltr'><strong>non</strong></span> <span class='ocrx_word' id='word_1_55' title='bbox 1533 1054 1666 1119; x_wconf 91' lang='lat' dir='ltr'><strong>Deo,</strong></span> <span class='ocrx_word' id='word_1_56' title='bbox 1699 1053 1790 1109; x_wconf 81' lang='lat' dir='ltr'><strong>sed</strong></span> <span class='ocrx_word' id='word_1_57' title='bbox 1823 1055 2064 1123; x_wconf 73' lang='lat' dir='ltr'><strong>pecunia:</strong></span> <span class='ocrx_word' id='word_1_58' title='bbox 2091 1055 2176 1109; x_wconf 81' lang='lat' dir='ltr'><strong>de-</strong></span> 
     </span>
    </p>
   </div>
   <div class='ocr_carea' id='block_1_9' title="bbox 603 1141 2186 1214">
    <p class='ocr_par' dir='ltr' id='par_1_9' title="bbox 603 1141 2186 1214">
     <span class='ocr_line' id='line_1_9' title="bbox 603 1141 2186 1214; baseline 0.003 -21"><span class='ocrx_word' id='word_1_59' title='bbox 603 1141 747 1194; x_wconf 87' lang='lat' dir='ltr'><strong>ditus</strong></span> <span class='ocrx_word' id='word_1_60' title='bbox 777 1151 1150 1210; x_wconf 75' lang='lat' dir='ltr'><strong>promovetur.</strong></span> <span class='ocrx_word' id='word_1_61' title='bbox 1185 1141 1290 1196; x_wconf 88' lang='lat' dir='ltr'><strong>Sed</strong></span> <span class='ocrx_word' id='word_1_62' title='bbox 1332 1143 1475 1198; x_wconf 87' lang='lat' dir='ltr'><strong>sicut</strong></span> <span class='ocrx_word' id='word_1_63' title='bbox 1515 1159 1858 1197; x_wconf 83' lang='lat' dir='ltr'><strong>nurmnorum</strong></span> <span class='ocrx_word' id='word_1_64' title='bbox 1891 1143 2186 1214; x_wconf 75' lang='lat' dir='ltr'><strong>dissipatur</strong></span> 
     </span>
    </p>
   </div>
   <div class='ocr_carea' id='block_1_10' title="bbox 603 1234 2186 1304">
    <p class='ocr_par' dir='ltr' id='par_1_10' title="bbox 603 1234 2186 1304">
     <span class='ocr_line' id='line_1_10' title="bbox 603 1234 2186 1304; baseline 0.003 -21"><span class='ocrx_word' id='word_1_65' title='bbox 603 1246 865 1296; x_wconf 81' lang='lat' dir='ltr'><strong>acervus,</strong></span> <span class='ocrx_word' id='word_1_66' title='bbox 918 1234 963 1287; x_wconf 91' lang='lat' dir='ltr'><strong>si</strong></span> <span class='ocrx_word' id='word_1_67' title='bbox 1017 1234 1247 1304; x_wconf 89' lang='lat' dir='ltr'><strong>desuper</strong></span> <span class='ocrx_word' id='word_1_68' title='bbox 1295 1234 1431 1304; x_wconf 84' lang='lat' dir='ltr'><strong>lapis</strong></span> <span class='ocrx_word' id='word_1_69' title='bbox 1485 1234 1814 1299; x_wconf 89' lang='lat' dir='ltr'><strong>immittitur,</strong></span> <span class='ocrx_word' id='word_1_70' title='bbox 1848 1235 1922 1289; x_wconf 80' lang='lat' dir='ltr'><strong>ita</strong></span> <span class='ocrx_word' id='word_1_71' title='bbox 1967 1250 2063 1304; x_wconf 90' lang='lat' dir='ltr'><strong>per</strong></span> <span class='ocrx_word' id='word_1_72' title='bbox 2102 1235 2186 1288; x_wconf 91' lang='lat' dir='ltr'><strong>in-</strong></span> 
     </span>
    </p>
   </div>
   <div class='ocr_carea' id='block_1_11' title="bbox 602 1319 2185 1394">
    <p class='ocr_par' dir='ltr' id='par_1_11' title="bbox 602 1319 2185 1394">
     <span class='ocr_line' id='line_1_11' title="bbox 602 1319 2185 1394; baseline 0.002 -20"><span class='ocrx_word' id='word_1_73' title='bbox 602 1319 776 1391; x_wconf 81' lang='lat' dir='ltr'><strong>digni,</strong></span> <span class='ocrx_word' id='word_1_74' title='bbox 803 1323 917 1377; x_wconf 88' lang='lat' dir='ltr'><strong>sive</strong></span> <span class='ocrx_word' id='word_1_75' title='bbox 944 1323 1140 1392; x_wconf 84' lang='lat' dir='ltr'><strong>lapidei</strong></span> <span class='ocrx_word' id='word_1_76' title='bbox 1168 1325 1401 1394; x_wconf 77' lang='lat' dir='ltr'><strong>pastoris</strong></span> <span class='ocrx_word' id='word_1_77' title='bbox 1433 1339 1711 1379; x_wconf 84' lang='lat' dir='ltr'><strong>accessum</strong></span> <span class='ocrx_word' id='word_1_78' title='bbox 1736 1326 1890 1394; x_wconf 88' lang='lat' dir='ltr'><strong>quasi</strong></span> <span class='ocrx_word' id='word_1_79' title='bbox 1916 1324 2185 1394; x_wconf 86' lang='lat' dir='ltr'><strong>constipa-</strong></span> 
     </span>
    </p>
   </div>
   <div class='ocr_carea' id='block_1_12' title="bbox 605 1413 2182 1485">
    <p class='ocr_par' dir='ltr' id='par_1_12' title="bbox 605 1413 2182 1485">
     <span class='ocr_line' id='line_1_12' title="bbox 605 1413 2182 1485; baseline 0.001 -20"><span class='ocrx_word' id='word_1_80' title='bbox 605 1421 692 1466; x_wconf 88' lang='lat' dir='ltr'><strong>tus</strong></span> <span class='ocrx_word' id='word_1_81' title='bbox 742 1413 877 1468; x_wconf 87' lang='lat' dir='ltr'><strong>ordo</strong></span> <span class='ocrx_word' id='word_1_82' title='bbox 923 1413 1225 1470; x_wconf 89' lang='lat' dir='ltr'><strong>destruitur</strong></span> <span class='ocrx_word' id='word_1_83' title='bbox 1272 1415 1601 1485; x_wconf 73' lang='lat' dir='ltr'><strong>regulari-ter</strong></span> <span class='ocrx_word' id='word_1_84' title='bbox 1644 1415 2007 1484; x_wconf 79' lang='lat' dir='ltr'><strong>gradientium</strong></span> <span class='ocrx_word' id='word_1_85' title='bbox 2045 1428 2104 1468; x_wconf 83' lang='lat' dir='ltr'><strong>et</strong></span> <span class='ocrx_word' id='word_1_86' title='bbox 2131 1414 2182 1468; x_wconf 88' lang='lat' dir='ltr'><strong>in</strong></span> 
     </span>
    </p>
   </div>
   <div class='ocr_carea' id='block_1_13' title="bbox 602 1501 2183 1578">
    <p class='ocr_par' dir='ltr' id='par_1_13' title="bbox 602 1501 2183 1578">
     <span class='ocr_line' id='line_1_13' title="bbox 602 1501 2183 1578; baseline 0.003 -24"><span class='ocrx_word' id='word_1_87' title='bbox 602 1501 872 1557; x_wconf 88' lang='lat' dir='ltr'><strong>charitate</strong></span> <span class='ocrx_word' id='word_1_88' title='bbox 914 1504 1286 1559; x_wconf 88' lang='lat' dir='ltr'><strong>obedientium</strong></span> <span class='ocrx_word' id='word_1_89' title='bbox 1329 1504 1688 1570; x_wconf 73' lang='lat' dir='ltr'><strong>clericorum;</strong></span> <span class='ocrx_word' id='word_1_90' title='bbox 1733 1514 1992 1578; x_wconf 76' lang='lat' dir='ltr'><strong>gravatur</strong></span> <span class='ocrx_word' id='word_1_91' title='bbox 2037 1504 2183 1559; x_wconf 89' lang='lat' dir='ltr'><strong>enim</strong></span> 
     </span>
    </p>
   </div>
   <div class='ocr_carea' id='block_1_14' title="bbox 602 1589 2183 1665">
    <p class='ocr_par' dir='ltr' id='par_1_14' title="bbox 602 1589 2183 1665">
     <span class='ocr_line' id='line_1_14' title="bbox 602 1589 2183 1665; baseline 0.002 -22"><span class='ocrx_word' id='word_1_92' title='bbox 602 1589 730 1644; x_wconf 87' lang='lat' dir='ltr'><strong>mali</strong></span> <span class='ocrx_word' id='word_1_93' title='bbox 775 1593 1014 1662; x_wconf 89' lang='lat' dir='ltr'><strong>pastoris</strong></span> <span class='ocrx_word' id='word_1_94' title='bbox 1047 1595 1364 1650; x_wconf 88' lang='lat' dir='ltr'><strong>umbraculo</strong></span> <span class='ocrx_word' id='word_1_95' title='bbox 1410 1605 1486 1658; x_wconf 89' lang='lat' dir='ltr'><strong>et,</strong></span> <span class='ocrx_word' id='word_1_96' title='bbox 1531 1604 1790 1665; x_wconf 82' lang='lat' dir='ltr'><strong>tauquam</strong></span> <span class='ocrx_word' id='word_1_97' title='bbox 1835 1610 2183 1650; x_wconf 83' lang='lat' dir='ltr'><strong>nummorum</strong></span> 
     </span>
    </p>
   </div>
   <div class='ocr_carea' id='block_1_15' title="bbox 603 1680 2182 1756">
    <p class='ocr_par' dir='ltr' id='par_1_15' title="bbox 603 1680 2182 1756">
     <span class='ocr_line' id='line_1_15' title="bbox 603 1680 2182 1756; baseline 0.004 -23"><span class='ocrx_word' id='word_1_98' title='bbox 603 1680 910 1737; x_wconf 68' lang='lat' dir='ltr'><strong>cmlestium</strong></span> <span class='ocrx_word' id='word_1_99' title='bbox 940 1685 1218 1749; x_wconf 82' lang='lat' dir='ltr'><strong>cumulus,</strong></span> <span class='ocrx_word' id='word_1_100' title='bbox 1247 1686 1472 1741; x_wconf 85' lang='lat' dir='ltr'><strong>tartarei</strong></span> <span class='ocrx_word' id='word_1_101' title='bbox 1503 1687 1697 1756; x_wconf 75' lang='lat' dir='ltr'><strong>lapidis</strong></span> <span class='ocrx_word' id='word_1_102' title='bbox 1736 1684 1877 1741; x_wconf 89' lang='lat' dir='ltr'><strong>mole</strong></span> <span class='ocrx_word' id='word_1_103' title='bbox 1929 1686 2182 1741; x_wconf 90' lang='lat' dir='ltr'><strong>diruitur.</strong></span> 
     </span>
    </p>
   </div>
   <div class='ocr_carea' id='block_1_16' title="bbox 603 1768 2190 1849">
    <p class='ocr_par' dir='ltr' id='par_1_16' title="bbox 603 1768 2190 1849">
     <span class='ocr_line' id='line_1_16' title="bbox 603 1768 2190 1849; baseline 0.003 -24"><span class='ocrx_word' id='word_1_104' title='bbox 603 1768 784 1826; x_wconf 85' lang='lat' dir='ltr'><strong>Stulto</strong></span> <span class='ocrx_word' id='word_1_105' title='bbox 831 1773 997 1844; x_wconf 75' lang='lat' dir='ltr'><strong>igitur</strong></span> <span class='ocrx_word' id='word_1_106' title='bbox 1052 1786 1105 1832; x_wconf 91' lang='lat' dir='ltr'><strong>et</strong></span> <span class='ocrx_word' id='word_1_107' title='bbox 1153 1777 1427 1849; x_wconf 89' lang='lat' dir='ltr'><strong>insipienti</strong></span> <span class='ocrx_word' id='word_1_108' title='bbox 1485 1777 1836 1847; x_wconf 84' lang='lat' dir='ltr'><strong>denegandus</strong></span> <span class='ocrx_word' id='word_1_109' title='bbox 1883 1787 1967 1831; x_wconf 88' lang='lat' dir='ltr'><strong>est</strong></span> <span class='ocrx_word' id='word_1_110' title='bbox 2015 1777 2190 1830; x_wconf 85' lang='lat' dir='ltr'><strong>honor</strong></span> 
     </span>
    </p>
   </div>
   <div class='ocr_carea' id='block_1_17' title="bbox 1482 368 2953 442">
    <p class='ocr_par' dir='ltr' id='par_1_17' title="bbox 1482 368 2953 442">
     <span class='ocr_line' id='line_1_17' title="bbox 1482 368 2953 442; baseline -0.001 -1"><span class='ocrx_word' id='word_1_111' title='bbox 1482 383 1980 442; x_wconf 73' lang='lat' dir='ltr'><strong>COLLECTAMJA</strong></span> <span class='ocrx_word' id='word_1_112' title='bbox 2013 371 2089 440; x_wconf 78' lang='lat' dir='ltr'><strong>&#39;rN</strong></span> <span class='ocrx_word' id='word_1_113' title='bbox 2139 370 2370 440; x_wconf 74' lang='lat' dir='ltr'><strong>vEru‘s</strong></span> <span class='ocrx_word' id='word_1_114' title='bbox 2409 368 2953 440; x_wconf 74' lang='lat' dir='ltr'><strong>TES‘I‘AMENTUM.</strong></span> 
     </span>
    </p>
   </div>
   <div class='ocr_carea' id='block_1_18' title="bbox 3735 379 3868 444">
    <p class='ocr_par' dir='ltr' id='par_1_18' title="bbox 3735 379 3868 444">
     <span class='ocr_line' id='line_1_18' title="bbox 3735 379 3868 444; baseline 0.023 -3"><span class='ocrx_word' id='word_1_115' title='bbox 3735 379 3868 444; x_wconf 71' lang='lat' dir='ltr'><strong>tito</strong></span> 
     </span>
    </p>
   </div>
   <div class='ocr_carea' id='block_1_19' title="bbox 2877 499 3276 556">
    <p class='ocr_par' dir='ltr' id='par_1_19' title="bbox 2877 499 3276 556">
     <span class='ocr_line' id='line_1_19' title="bbox 2877 499 3276 556; baseline -0.003 0"><span class='ocrx_word' id='word_1_116' title='bbox 2877 499 3106 556; x_wconf 78' lang='lat' dir='ltr'><strong>CAPUT</strong></span> <span class='ocrx_word' id='word_1_117' title='bbox 3147 500 3276 555; x_wconf 80' lang='lat' dir='ltr'><strong>Vill.</strong></span> 
     </span>
    </p>
   </div>
   <div class='ocr_carea' id='block_1_20' title="bbox 2287 593 3870 665">
    <p class='ocr_par' dir='ltr' id='par_1_20' title="bbox 2287 593 3870 665">
     <span class='ocr_line' id='line_1_20' title="bbox 2287 593 3870 665; baseline 0.004 -17"><span class='ocrx_word' id='word_1_118' title='bbox 2287 593 2355 648; x_wconf 91' lang='lat' dir='ltr'><strong>In</strong></span> <span class='ocrx_word' id='word_1_119' title='bbox 2391 593 2606 665; x_wconf 76' lang='lat' dir='ltr'><strong>epistola</strong></span> <span class='ocrx_word' id='word_1_120' title='bbox 2635 595 2705 647; x_wconf 86' lang='lat' dir='ltr'><strong>ad</strong></span> <span class='ocrx_word' id='word_1_121' title='bbox 2746 594 3106 665; x_wconf 77' lang='lat' dir='ltr'><strong>Alexandrum</strong></span> <span class='ocrx_word' id='word_1_122' title='bbox 3150 610 3363 663; x_wconf 84' lang='lat' dir='ltr'><strong>papam,</strong></span> <span class='ocrx_word' id='word_1_123' title='bbox 3393 612 3551 665; x_wconf 78' lang='lat' dir='ltr'><strong>super</strong></span> <span class='ocrx_word' id='word_1_124' title='bbox 3585 597 3870 655; x_wconf 72' lang='lat' dir='ltr'><strong>insolentia</strong></span> 
     </span>
    </p>
   </div>
   <div class='ocr_carea' id='block_1_21' title="bbox 2473 664 3370 719">
    <p class='ocr_par' dir='ltr' id='par_1_21' title="bbox 2473 664 3370 719">
     <span class='ocr_line' id='line_1_21' title="bbox 2473 664 3370 719; baseline 0.001 -1"><span class='ocrx_word' id='word_1_125' title='bbox 2473 704 2476 706; x_wconf 58' lang='grc' dir='ltr'><em>η</em></span> <span class='ocrx_word' id='word_1_126' title='bbox 2782 664 3043 719; x_wconf 76' lang='lat' dir='ltr'><strong>malorum</strong></span> <span class='ocrx_word' id='word_1_127' title='bbox 3078 664 3370 719; x_wconf 78' lang='lat' dir='ltr'><strong>hominum.</strong></span> 
     </span>
    </p>
   </div>
   <div class='ocr_carea' id='block_1_22' title="bbox 2362 771 3874 844">
    <p class='ocr_par' dir='ltr' id='par_1_22' title="bbox 2362 771 3874 844">
     <span class='ocr_line' id='line_1_22' title="bbox 2362 771 3874 844; baseline 0.005 -19"><span class='ocrx_word' id='word_1_128' title='bbox 2362 791 2383 825; x_wconf 70' lang='grc' dir='ltr'><strong>ι</strong></span> <span class='ocrx_word' id='word_1_129' title='bbox 2412 771 2763 844; x_wconf 74' lang='lat' dir='ltr'><strong>Sanguisugze</strong></span> <span class='ocrx_word' id='word_1_130' title='bbox 2791 772 2911 828; x_wconf 70' lang='lat' dir='ltr'><strong>dua:</strong></span> <span class='ocrx_word' id='word_1_131' title='bbox 2935 783 3064 827; x_wconf 90' lang='lat' dir='ltr'><strong>sunt</strong></span> <span class='ocrx_word' id='word_1_132' title='bbox 3092 771 3236 838; x_wconf 71' lang='lat' dir='ltr'><strong>lilite,</strong></span> <span class='ocrx_word' id='word_1_133' title='bbox 3261 773 3504 829; x_wconf 88' lang='lat' dir='ltr'><strong>dicentes</strong></span> <span class='ocrx_word' id='word_1_134' title='bbox 3529 793 3544 830; x_wconf 87' lang='lat'><strong>:</strong></span> <span class='ocrx_word' id='word_1_135' title='bbox 3571 774 3743 842; x_wconf 82' lang='lat' dir='ltr'><strong>Aﬂ’er,</strong></span> <span class='ocrx_word' id='word_1_136' title='bbox 3795 778 3874 832; x_wconf 78' lang='lat' dir='ltr'><strong>af-</strong></span> 
     </span>
    </p>
   </div>
   <div class='ocr_carea' id='block_1_23' title="bbox 2287 865 3871 936">
    <p class='ocr_par' dir='ltr' id='par_1_23' title="bbox 2287 865 3871 936">
     <span class='ocr_line' id='line_1_23' title="bbox 2287 865 3871 936; baseline 0.003 -16"><span class='ocrx_word' id='word_1_137' title='bbox 2287 865 2370 920; x_wconf 77' lang='lat' dir='ltr'><strong>fer</strong></span> <span class='ocrx_word' id='word_1_138' title='bbox 2394 865 2576 936; x_wconf 80' lang='lat' dir='ltr'><strong>(Prov.</strong></span> <span class='ocrx_word' id='word_1_139' title='bbox 2606 867 2762 936; x_wconf 68' lang='lat' dir='ltr'><strong>xxx).</strong></span> <span class='ocrx_word' id='word_1_140' title='bbox 2789 885 2807 918; x_wconf 77' lang='grc' dir='ltr'><strong>ι</strong></span> <span class='ocrx_word' id='word_1_141' title='bbox 2857 865 2991 920; x_wconf 86' lang='lat' dir='ltr'><strong>Nam</strong></span> <span class='ocrx_word' id='word_1_142' title='bbox 3024 879 3136 936; x_wconf 84' lang='lat' dir='ltr'><strong>quo</strong></span> <span class='ocrx_word' id='word_1_143' title='bbox 3179 865 3412 936; x_wconf 87' lang='lat' dir='ltr'><strong>quisque</strong></span> <span class='ocrx_word' id='word_1_144' title='bbox 3456 867 3871 926; x_wconf 83' lang='lat' dir='ltr'><strong>immoderatius</strong></span> 
     </span>
    </p>
   </div>
   <div class='ocr_carea' id='block_1_24' title="bbox 2287 946 3882 1026">
    <p class='ocr_par' dir='ltr' id='par_1_24' title="bbox 2287 946 3882 1026">
     <span class='ocr_line' id='line_1_24' title="bbox 2287 946 3882 1026; baseline 0.004 -15"><span class='ocrx_word' id='word_1_145' title='bbox 2287 957 2547 1021; x_wconf 82' lang='lat' dir='ltr'><strong>vescitur,</strong></span> <span class='ocrx_word' id='word_1_146' title='bbox 2594 973 2661 1011; x_wconf 90' lang='lat' dir='ltr'><strong>eo</strong></span> <span class='ocrx_word' id='word_1_147' title='bbox 2707 971 2930 1012; x_wconf 88' lang='lat' dir='ltr'><strong>necesse</strong></span> <span class='ocrx_word' id='word_1_148' title='bbox 2975 963 3060 1012; x_wconf 89' lang='lat' dir='ltr'><strong>est</strong></span> <span class='ocrx_word' id='word_1_149' title='bbox 3108 966 3168 1012; x_wconf 91' lang='lat' dir='ltr'><strong>ut</strong></span> <span class='ocrx_word' id='word_1_150' title='bbox 3209 957 3275 1010; x_wconf 83' lang='lat' dir='ltr'><strong>ad</strong></span> <span class='ocrx_word' id='word_1_151' title='bbox 3318 965 3506 1026; x_wconf 86' lang='lat' dir='ltr'><strong>potum</strong></span> <span class='ocrx_word' id='word_1_152' title='bbox 3552 946 3882 1017; x_wconf 66' lang='lat' dir='ltr'><strong>aestuantius</strong></span> 
     </span>
    </p>
   </div>
   <div class='ocr_carea' id='block_1_25' title="bbox 2288 1047 3874 1116">
    <p class='ocr_par' dir='ltr' id='par_1_25' title="bbox 2288 1047 3874 1116">
     <span class='ocr_line' id='line_1_25' title="bbox 2288 1047 3874 1116; baseline 0.004 -13"><span class='ocrx_word' id='word_1_153' title='bbox 2288 1049 2634 1104; x_wconf 57' lang='lat' dir='ltr'><strong>accendatur».</strong></span> <span class='ocrx_word' id='word_1_154' title='bbox 2661 1049 2726 1102; x_wconf 84' lang='lat' dir='ltr'><strong>Et</strong></span> <span class='ocrx_word' id='word_1_155' title='bbox 2756 1049 2881 1102; x_wconf 89' lang='lat' dir='ltr'><strong>dum</strong></span> <span class='ocrx_word' id='word_1_156' title='bbox 2915 1056 3173 1116; x_wconf 82' lang='lat' dir='ltr'><strong>congesta</strong></span> <span class='ocrx_word' id='word_1_157' title='bbox 3203 1047 3304 1103; x_wconf 83' lang='lat' dir='ltr'><strong>sibi</strong></span> <span class='ocrx_word' id='word_1_158' title='bbox 3333 1049 3501 1104; x_wconf 82' lang='lat' dir='ltr'><strong>moles</strong></span> <span class='ocrx_word' id='word_1_159' title='bbox 3530 1049 3874 1110; x_wconf 79' lang='lat' dir='ltr'><strong>fervesceute</strong></span> 
     </span>
    </p>
   </div>
   <div class='ocr_carea' id='block_1_26' title="bbox 2287 1140 3876 1209">
    <p class='ocr_par' dir='ltr' id='par_1_26' title="bbox 2287 1140 3876 1209">
     <span class='ocr_line' id='line_1_26' title="bbox 2287 1140 3876 1209; baseline 0.003 -13"><span class='ocrx_word' id='word_1_160' title='bbox 2287 1140 2553 1196; x_wconf 65' lang='lat' dir='ltr'><strong>stoznarhi</strong></span> <span class='ocrx_word' id='word_1_161' title='bbox 2596 1141 2772 1195; x_wconf 87' lang='lat' dir='ltr'><strong>lebete</strong></span> <span class='ocrx_word' id='word_1_162' title='bbox 2822 1141 3171 1209; x_wconf 88' lang='lat' dir='ltr'><strong>decoquitur,</strong></span> <span class='ocrx_word' id='word_1_163' title='bbox 3222 1142 3436 1197; x_wconf 90' lang='lat' dir='ltr'><strong>crebris</strong></span> <span class='ocrx_word' id='word_1_164' title='bbox 3497 1149 3730 1199; x_wconf 73' lang='lat' dir='ltr'><strong>neceSse</strong></span> <span class='ocrx_word' id='word_1_165' title='bbox 3794 1155 3876 1201; x_wconf 73' lang='lat' dir='ltr'><strong>est</strong></span> 
     </span>
    </p>
   </div>
   <div class='ocr_carea' id='block_1_27' title="bbox 2288 1228 3879 1302">
    <p class='ocr_par' dir='ltr' id='par_1_27' title="bbox 2288 1228 3879 1302">
     <span class='ocr_line' id='line_1_27' title="bbox 2288 1228 3879 1302; baseline 0.001 -17"><span class='ocrx_word' id='word_1_166' title='bbox 2288 1231 2574 1285; x_wconf 72' lang='lat' dir='ltr'><strong>haustibus</strong></span> <span class='ocrx_word' id='word_1_167' title='bbox 2615 1230 2892 1300; x_wconf 79' lang='lat' dir='ltr'><strong>irrigetur.</strong></span> <span class='ocrx_word' id='word_1_168' title='bbox 2921 1228 3028 1284; x_wconf 87' lang='lat' dir='ltr'><strong>Sed</strong></span> <span class='ocrx_word' id='word_1_169' title='bbox 3070 1245 3194 1284; x_wconf 91' lang='lat' dir='ltr'><strong>cum</strong></span> <span class='ocrx_word' id='word_1_170' title='bbox 3237 1230 3376 1285; x_wconf 82' lang='lat' dir='ltr'><strong>cibis</strong></span> <span class='ocrx_word' id='word_1_171' title='bbox 3399 1240 3590 1286; x_wconf 79' lang='lat' dir='ltr'><strong>venter</strong></span> <span class='ocrx_word' id='word_1_172' title='bbox 3619 1247 3685 1286; x_wconf 88' lang='lat' dir='ltr'><strong>ac</strong></span> <span class='ocrx_word' id='word_1_173' title='bbox 3724 1235 3879 1302; x_wconf 84' lang='lat' dir='ltr'><strong>poti-</strong></span> 
     </span>
    </p>
   </div>
   <div class='ocr_carea' id='block_1_28' title="bbox 2287 1321 3880 1388">
    <p class='ocr_par' dir='ltr' id='par_1_28' title="bbox 2287 1321 3880 1388">
     <span class='ocr_line' id='line_1_28' title="bbox 2287 1321 3880 1388; baseline 0.002 -12"><span class='ocrx_word' id='word_1_174' title='bbox 2287 1322 2387 1376; x_wconf 83' lang='lat' dir='ltr'><strong>bus</strong></span> <span class='ocrx_word' id='word_1_175' title='bbox 2417 1321 2762 1383; x_wconf 76' lang='lat' dir='ltr'><strong>intumescat,</strong></span> <span class='ocrx_word' id='word_1_176' title='bbox 2789 1333 3134 1388; x_wconf 85' lang='lat' dir='ltr'><strong>consequens</strong></span> <span class='ocrx_word' id='word_1_177' title='bbox 3175 1327 3264 1375; x_wconf 91' lang='lat' dir='ltr'><strong>est</strong></span> <span class='ocrx_word' id='word_1_178' title='bbox 3301 1331 3382 1384; x_wconf 88' lang='lat' dir='ltr'><strong>ut,</strong></span> <span class='ocrx_word' id='word_1_179' title='bbox 3439 1321 3666 1378; x_wconf 78' lang='lat' dir='ltr'><strong>alterius</strong></span> <span class='ocrx_word' id='word_1_180' title='bbox 3697 1325 3880 1379; x_wconf 55' lang='lat' dir='ltr'><strong>utrm;</strong></span> 
     </span>
    </p>
   </div>
   <div class='ocr_carea' id='block_1_29' title="bbox 2288 1410 3880 1482">
    <p class='ocr_par' dir='ltr' id='par_1_29' title="bbox 2288 1410 3880 1482">
     <span class='ocr_line' id='line_1_29' title="bbox 2288 1410 3880 1482; baseline 0.001 -13"><span class='ocrx_word' id='word_1_181' title='bbox 2288 1426 2392 1482; x_wconf 75' lang='lat' dir='ltr'><strong>quc</strong></span> <span class='ocrx_word' id='word_1_182' title='bbox 2425 1411 2714 1474; x_wconf 89' lang='lat' dir='ltr'><strong>meatibus,</strong></span> <span class='ocrx_word' id='word_1_183' title='bbox 2762 1420 2817 1466; x_wconf 90' lang='lat' dir='ltr'><strong>et</strong></span> <span class='ocrx_word' id='word_1_184' title='bbox 2861 1410 3022 1466; x_wconf 78' lang='lat' dir='ltr'><strong>faeces</strong></span> <span class='ocrx_word' id='word_1_185' title='bbox 3069 1425 3168 1482; x_wconf 90' lang='lat' dir='ltr'><strong>per</strong></span> <span class='ocrx_word' id='word_1_186' title='bbox 3205 1412 3453 1482; x_wconf 85' lang='lat' dir='ltr'><strong>podicem</strong></span> <span class='ocrx_word' id='word_1_187' title='bbox 3506 1414 3561 1468; x_wconf 89' lang='lat' dir='ltr'><strong>in</strong></span> <span class='ocrx_word' id='word_1_188' title='bbox 3591 1414 3880 1472; x_wconf 82' lang='lat' dir='ltr'><strong>cuniculos</strong></span> 
     </span>
    </p>
   </div>
   <div class='ocr_carea' id='block_1_30' title="bbox 2288 1503 3880 1578">
    <p class='ocr_par' dir='ltr' id='par_1_30' title="bbox 2288 1503 3880 1578">
     <span class='ocr_line' id='line_1_30' title="bbox 2288 1503 3880 1578; baseline 0.002 -18"><span class='ocrx_word' id='word_1_189' title='bbox 2288 1513 2474 1572; x_wconf 70' lang='lat' dir='ltr'><strong>egerat</strong></span> <span class='ocrx_word' id='word_1_190' title='bbox 2521 1513 2574 1559; x_wconf 90' lang='lat' dir='ltr'><strong>et</strong></span> <span class='ocrx_word' id='word_1_191' title='bbox 2623 1504 2908 1558; x_wconf 88' lang='lat' dir='ltr'><strong>humorem</strong></span> <span class='ocrx_word' id='word_1_192' title='bbox 2952 1503 3020 1558; x_wconf 92' lang='lat' dir='ltr'><strong>de</strong></span> <span class='ocrx_word' id='word_1_193' title='bbox 3067 1503 3288 1574; x_wconf 82' lang='lat' dir='ltr'><strong>genitali</strong></span> <span class='ocrx_word' id='word_1_194' title='bbox 3336 1507 3733 1576; x_wconf 85' lang='lat' dir='ltr'><strong>conceptaculo</strong></span> <span class='ocrx_word' id='word_1_195' title='bbox 3777 1521 3880 1578; x_wconf 75' lang='lat' dir='ltr'><strong>per</strong></span> 
     </span>
    </p>
   </div>
   <div class='ocr_carea' id='block_1_31' title="bbox 2288 1592 3882 1665">
    <p class='ocr_par' dir='ltr' id='par_1_31' title="bbox 2288 1592 3882 1665">
     <span class='ocr_line' id='line_1_31' title="bbox 2288 1592 3882 1665; baseline 0.002 -17"><span class='ocrx_word' id='word_1_196' title='bbox 2288 1595 2535 1664; x_wconf 87' lang='lat' dir='ltr'><strong>pudenda</strong></span> <span class='ocrx_word' id='word_1_197' title='bbox 2567 1594 2880 1665; x_wconf 83' lang='lat' dir='ltr'><strong>profundat.</strong></span> <span class='ocrx_word' id='word_1_198' title='bbox 2925 1592 3081 1648; x_wconf 90' lang='lat' dir='ltr'><strong>Sicut</strong></span> <span class='ocrx_word' id='word_1_199' title='bbox 3123 1594 3268 1649; x_wconf 88' lang='lat' dir='ltr'><strong>enim</strong></span> <span class='ocrx_word' id='word_1_200' title='bbox 3301 1595 3354 1649; x_wconf 90' lang='lat' dir='ltr'><strong>in</strong></span> <span class='ocrx_word' id='word_1_201' title='bbox 3387 1595 3754 1650; x_wconf 85' lang='lat' dir='ltr'><strong>torcularibus</strong></span> <span class='ocrx_word' id='word_1_202' title='bbox 3793 1596 3882 1651; x_wconf 41' lang='lat' dir='ltr'><strong>vi;</strong></span> 
     </span>
    </p>
   </div>
   <div class='ocr_carea' id='block_1_32' title="bbox 2290 1683 3884 1755">
    <p class='ocr_par' dir='ltr' id='par_1_32' title="bbox 2290 1683 3884 1755">
     <span class='ocr_line' id='line_1_32' title="bbox 2290 1683 3884 1755; baseline 0.001 -15"><span class='ocrx_word' id='word_1_203' title='bbox 2290 1686 2502 1740; x_wconf 88' lang='lat' dir='ltr'><strong>narium</strong></span> <span class='ocrx_word' id='word_1_204' title='bbox 2547 1701 2580 1738; x_wconf 86' lang='lat' dir='ltr'><strong>a</strong></span> <span class='ocrx_word' id='word_1_205' title='bbox 2619 1685 2774 1750; x_wconf 88' lang='lat' dir='ltr'><strong>vino,</strong></span> <span class='ocrx_word' id='word_1_206' title='bbox 2825 1685 2905 1740; x_wconf 90' lang='lat' dir='ltr'><strong>sic</strong></span> <span class='ocrx_word' id='word_1_207' title='bbox 2951 1685 3008 1739; x_wconf 90' lang='lat' dir='ltr'><strong>in</strong></span> <span class='ocrx_word' id='word_1_208' title='bbox 3043 1683 3204 1740; x_wconf 86' lang='lat' dir='ltr'><strong>ilibus</strong></span> <span class='ocrx_word' id='word_1_209' title='bbox 3252 1693 3463 1740; x_wconf 89' lang='lat' dir='ltr'><strong>stercus</strong></span> <span class='ocrx_word' id='word_1_210' title='bbox 3509 1694 3800 1755; x_wconf 82' lang='lat' dir='ltr'><strong>separatur</strong></span> <span class='ocrx_word' id='word_1_211' title='bbox 3848 1701 3884 1741; x_wconf 80' lang='lat' dir='ltr'><strong>a</strong></span> 
     </span>
    </p>
   </div>
   <div class='ocr_carea' id='block_1_33' title="bbox 2289 1775 3886 1847">
    <p class='ocr_par' dir='ltr' id='par_1_33' title="bbox 2289 1775 3886 1847">
     <span class='ocr_line' id='line_1_33' title="bbox 2289 1775 3886 1847; baseline 0 -17"><span class='ocrx_word' id='word_1_212' title='bbox 2289 1778 2429 1832; x_wconf 84' lang='lat' dir='ltr'><strong>virn.</strong></span> <span class='ocrx_word' id='word_1_213' title='bbox 2464 1775 2816 1847; x_wconf 75' lang='lat' dir='ltr'><strong>Sanguisugae</strong></span> <span class='ocrx_word' id='word_1_214' title='bbox 2842 1789 2992 1846; x_wconf 91' lang='lat' dir='ltr'><strong>ergo,</strong></span> <span class='ocrx_word' id='word_1_215' title='bbox 3025 1789 3144 1844; x_wconf 68' lang='lat' dir='ltr'><strong>quae</strong></span> <span class='ocrx_word' id='word_1_216' title='bbox 3169 1775 3413 1830; x_wconf 85' lang='lat' dir='ltr'><strong>edacitas</strong></span> <span class='ocrx_word' id='word_1_217' title='bbox 3455 1785 3560 1838; x_wconf 88' lang='lat' dir='ltr'><strong>est,</strong></span> <span class='ocrx_word' id='word_1_218' title='bbox 3604 1779 3727 1830; x_wconf 66' lang='lat' dir='ltr'><strong>dua:</strong></span> <span class='ocrx_word' id='word_1_219' title='bbox 3755 1784 3886 1830; x_wconf 68' lang='lat' dir='ltr'><strong>sunt</strong></span> 
     </span>
    </p>
   </div>
   <div class='ocr_carea' id='block_1_34' title="bbox 602 1852 3885 1937">
    <p class='ocr_par' dir='ltr' id='par_1_34' title="bbox 602 1852 3885 1937">
     <span class='ocr_line' id='line_1_34' title="bbox 602 1852 3885 1937; baseline 0.001 -21"><span class='ocrx_word' id='word_1_220' title='bbox 602 1862 1037 1931; x_wconf 82' lang='lat' dir='ltr'><strong>ecclesiasticus,</strong></span> <span class='ocrx_word' id='word_1_221' title='bbox 1086 1882 1154 1922; x_wconf 89' lang='lat' dir='ltr'><strong>ne</strong></span> <span class='ocrx_word' id='word_1_222' title='bbox 1199 1877 1514 1923; x_wconf 85' lang='lat' dir='ltr'><strong>sanctorum</strong></span> <span class='ocrx_word' id='word_1_223' title='bbox 1566 1867 1886 1923; x_wconf 90' lang='lat' dir='ltr'><strong>clericorum</strong></span> <span class='ocrx_word' id='word_1_224' title='bbox 1928 1876 2186 1937; x_wconf 86' lang='lat' dir='ltr'><strong>tanquam</strong></span> <span class='ocrx_word' id='word_1_225' title='bbox 2221 1852 2263 1910; x_wconf 81' lang='grc' dir='ltr'><strong>Β</strong></span> <span class='ocrx_word' id='word_1_226' title='bbox 2291 1868 2435 1932; x_wconf 82' lang='lat' dir='ltr'><strong>ﬁliae,</strong></span> <span class='ocrx_word' id='word_1_227' title='bbox 2461 1867 2700 1922; x_wconf 89' lang='lat' dir='ltr'><strong>ebrietas</strong></span> <span class='ocrx_word' id='word_1_228' title='bbox 2720 1877 2775 1920; x_wconf 90' lang='lat' dir='ltr'><strong>et</strong></span> <span class='ocrx_word' id='word_1_229' title='bbox 2801 1865 2982 1929; x_wconf 87' lang='lat' dir='ltr'><strong>libido,</strong></span> <span class='ocrx_word' id='word_1_230' title='bbox 3004 1866 3130 1936; x_wconf 90' lang='lat' dir='ltr'><strong>quia</strong></span> <span class='ocrx_word' id='word_1_231' title='bbox 3158 1866 3284 1920; x_wconf 91' lang='lat' dir='ltr'><strong>dum</strong></span> <span class='ocrx_word' id='word_1_232' title='bbox 3313 1881 3417 1920; x_wconf 90' lang='lat' dir='ltr'><strong>una</strong></span> <span class='ocrx_word' id='word_1_233' title='bbox 3448 1867 3618 1936; x_wconf 88' lang='lat' dir='ltr'><strong>pestis</strong></span> <span class='ocrx_word' id='word_1_234' title='bbox 3640 1865 3885 1920; x_wconf 84' lang='lat' dir='ltr'><strong>delecta-</strong></span> 
     </span>
    </p>
   </div>
   <div class='ocr_carea' id='block_1_35' title="bbox 602 1961 2189 2035">
    <p class='ocr_par' dir='ltr' id='par_1_35' title="bbox 602 1961 2189 2035">
     <span class='ocr_line' id='line_1_35' title="bbox 602 1961 2189 2035; baseline 0.005 -26"><span class='ocrx_word' id='word_1_235' title='bbox 602 1972 950 2016; x_wconf 83' lang='lat' dir='ltr'><strong>nummorum</strong></span> <span class='ocrx_word' id='word_1_236' title='bbox 978 1963 1344 2034; x_wconf 83' lang='lat' dir='ltr'><strong>spiritualium</strong></span> <span class='ocrx_word' id='word_1_237' title='bbox 1376 1974 1657 2035; x_wconf 79' lang='lat' dir='ltr'><strong>mergatur</strong></span> <span class='ocrx_word' id='word_1_238' title='bbox 1686 1978 1935 2018; x_wconf 86' lang='lat' dir='ltr'><strong>acervus.</strong></span> <span class='ocrx_word' id='word_1_239' title='bbox 1967 1961 2043 2016; x_wconf 89' lang='lat' dir='ltr'><strong>De</strong></span> <span class='ocrx_word' id='word_1_240' title='bbox 2077 1977 2189 2032; x_wconf 85' lang='lat' dir='ltr'><strong>quo</strong></span> 
     </span>
    </p>
   </div>
   <div class='ocr_carea' id='block_1_36' title="bbox 600 2044 2184 2125">
    <p class='ocr_par' dir='ltr' id='par_1_36' title="bbox 600 2044 2184 2125">
     <span class='ocr_line' id='line_1_36' title="bbox 600 2044 2184 2125; baseline 0.006 -28"><span class='ocrx_word' id='word_1_241' title='bbox 600 2044 856 2104; x_wconf 78' lang='lat' dir='ltr'><strong>videlicet</strong></span> <span class='ocrx_word' id='word_1_242' title='bbox 888 2053 1062 2108; x_wconf 79' lang='lat' dir='ltr'><strong>stulto</strong></span> <span class='ocrx_word' id='word_1_243' title='bbox 1081 2053 1243 2124; x_wconf 88' lang='lat' dir='ltr'><strong>paulo</strong></span> <span class='ocrx_word' id='word_1_244' title='bbox 1291 2057 1542 2125; x_wconf 84' lang='lat' dir='ltr'><strong>superius</strong></span> <span class='ocrx_word' id='word_1_245' title='bbox 1584 2055 1728 2109; x_wconf 90' lang='lat' dir='ltr'><strong>idem</strong></span> <span class='ocrx_word' id='word_1_246' title='bbox 1773 2053 2030 2110; x_wconf 91' lang='lat' dir='ltr'><strong>Salomon</strong></span> <span class='ocrx_word' id='word_1_247' title='bbox 2067 2054 2184 2107; x_wconf 87' lang='lat' dir='ltr'><strong>ait:</strong></span> 
     </span>
    </p>
   </div>
   <div class='ocr_carea' id='block_1_37' title="bbox 608 2134 2190 2216">
    <p class='ocr_par' dir='ltr' id='par_1_37' title="bbox 608 2134 2190 2216">
     <span class='ocr_line' id='line_1_37' title="bbox 608 2134 2190 2216; baseline 0.006 -28"><span class='ocrx_word' id='word_1_248' title='bbox 608 2153 626 2184; x_wconf 75' lang='grc' dir='ltr'><strong>ι</strong></span> <span class='ocrx_word' id='word_1_249' title='bbox 658 2134 895 2194; x_wconf 87' lang='lat' dir='ltr'><strong>Claudus</strong></span> <span class='ocrx_word' id='word_1_250' title='bbox 930 2143 1159 2211; x_wconf 85' lang='lat' dir='ltr'><strong>pedibus</strong></span> <span class='ocrx_word' id='word_1_251' title='bbox 1189 2153 1244 2199; x_wconf 91' lang='lat' dir='ltr'><strong>et</strong></span> <span class='ocrx_word' id='word_1_252' title='bbox 1286 2145 1626 2216; x_wconf 86' lang='lat' dir='ltr'><strong>iniquitatem</strong></span> <span class='ocrx_word' id='word_1_253' title='bbox 1654 2144 1867 2210; x_wconf 90' lang='lat' dir='ltr'><strong>bibens,</strong></span> <span class='ocrx_word' id='word_1_254' title='bbox 1897 2144 1990 2214; x_wconf 89' lang='lat' dir='ltr'><strong>qui</strong></span> <span class='ocrx_word' id='word_1_255' title='bbox 2021 2143 2190 2198; x_wconf 88' lang='lat' dir='ltr'><strong>mittit</strong></span> 
     </span>
    </p>
   </div>
   <div class='ocr_carea' id='block_1_38' title="bbox 600 2228 2180 2306">
    <p class='ocr_par' dir='ltr' id='par_1_38' title="bbox 600 2228 2180 2306">
     <span class='ocr_line' id='line_1_38' title="bbox 600 2228 2180 2306; baseline 0.005 -27"><span class='ocrx_word' id='word_1_256' title='bbox 600 2228 766 2284; x_wconf 84' lang='lat' dir='ltr'><strong>verba</strong></span> <span class='ocrx_word' id='word_1_257' title='bbox 800 2246 899 2301; x_wconf 87' lang='lat' dir='ltr'><strong>per</strong></span> <span class='ocrx_word' id='word_1_258' title='bbox 927 2235 1171 2290; x_wconf 87' lang='lat' dir='ltr'><strong>nuntium</strong></span> <span class='ocrx_word' id='word_1_259' title='bbox 1205 2236 1426 2292; x_wconf 88' lang='lat' dir='ltr'><strong>stultum</strong></span> <span class='ocrx_word' id='word_1_260' title='bbox 1455 2235 1638 2306; x_wconf 83' lang='lat' dir='ltr'><strong>(Prov.</strong></span> <span class='ocrx_word' id='word_1_261' title='bbox 1674 2234 1845 2304; x_wconf 77' lang='lat' dir='ltr'><strong>xxvi).</strong></span> <span class='ocrx_word' id='word_1_262' title='bbox 1877 2253 1897 2286; x_wconf 78' lang='grc' dir='ltr'><strong>ι</strong></span> <span class='ocrx_word' id='word_1_263' title='bbox 2175 2234 2180 2238; x_wconf 60' lang='grc'><strong>“</strong></span> 
     </span>
    </p>
   </div>
   <div class='ocr_carea' id='block_1_39' title="bbox 2291 1954 3889 2026">
    <p class='ocr_par' dir='ltr' id='par_1_39' title="bbox 2291 1954 3889 2026">
     <span class='ocr_line' id='line_1_39' title="bbox 2291 1954 3889 2026; baseline -0.002 -13"><span class='ocrx_word' id='word_1_264' title='bbox 2291 1958 2472 2014; x_wconf 91' lang='lat' dir='ltr'><strong>biliter</strong></span> <span class='ocrx_word' id='word_1_265' title='bbox 2497 1956 2654 2026; x_wconf 72' lang='lat'><strong>231</strong></span> <span class='ocrx_word' id='word_1_266' title='bbox 2697 1955 2959 2026; x_wconf 89' lang='lat' dir='ltr'><strong>concipit,</strong></span> <span class='ocrx_word' id='word_1_267' title='bbox 2984 1955 3255 2026; x_wconf 84' lang='lat' dir='ltr'><strong>geminam</strong></span> <span class='ocrx_word' id='word_1_268' title='bbox 3299 1955 3612 2010; x_wconf 86' lang='lat' dir='ltr'><strong>necessario</strong></span> <span class='ocrx_word' id='word_1_269' title='bbox 3637 1954 3889 2012; x_wconf 75' lang='lat' dir='ltr'><strong>sobolem</strong></span> 
     </span>
    </p>
   </div>
   <div class='ocr_carea' id='block_1_40' title="bbox 2289 2043 3885 2118">
    <p class='ocr_par' dir='ltr' id='par_1_40' title="bbox 2289 2043 3885 2118">
     <span class='ocr_line' id='line_1_40' title="bbox 2289 2043 3885 2118; baseline -0.002 -17"><span class='ocrx_word' id='word_1_270' title='bbox 2289 2047 2466 2118; x_wconf 84' lang='lat' dir='ltr'><strong>parit;</strong></span> <span class='ocrx_word' id='word_1_271' title='bbox 2502 2062 2624 2116; x_wconf 68' lang='lat' dir='ltr'><strong>quae</strong></span> <span class='ocrx_word' id='word_1_272' title='bbox 2659 2045 2918 2102; x_wconf 83' lang='lat' dir='ltr'><strong>nimirum</strong></span> <span class='ocrx_word' id='word_1_273' title='bbox 2957 2046 3148 2100; x_wconf 89' lang='lat' dir='ltr'><strong>dicunt</strong></span> <span class='ocrx_word' id='word_1_274' title='bbox 3178 2063 3193 2100; x_wconf 90' lang='lat'><strong>:</strong></span> <span class='ocrx_word' id='word_1_275' title='bbox 3231 2062 3252 2096; x_wconf 72' lang='grc' dir='ltr'><strong>ι</strong></span> <span class='ocrx_word' id='word_1_276' title='bbox 3280 2044 3449 2111; x_wconf 78' lang='lat' dir='ltr'><strong>Aﬂer,</strong></span> <span class='ocrx_word' id='word_1_277' title='bbox 3483 2045 3642 2109; x_wconf 85' lang='lat' dir='ltr'><strong>aﬂ&#39;er,</strong></span> <span class='ocrx_word' id='word_1_278' title='bbox 3672 2064 3692 2096; x_wconf 73' lang='grc' dir='ltr'><strong>ι</strong></span> <span class='ocrx_word' id='word_1_279' title='bbox 3727 2043 3885 2115; x_wconf 80' lang='lat' dir='ltr'><strong>quia,</strong></span> 
     </span>
    </p>
   </div>
   <div class='ocr_carea' id='block_1_41' title="bbox 2291 2135 3890 2210">
    <p class='ocr_par' dir='ltr' id='par_1_41' title="bbox 2291 2135 3890 2210">
     <span class='ocr_line' id='line_1_41' title="bbox 2291 2135 3890 2210; baseline -0.001 -18"><span class='ocrx_word' id='word_1_280' title='bbox 2291 2138 2452 2210; x_wconf 75' lang='lat'><strong>232</strong></span> <span class='ocrx_word' id='word_1_281' title='bbox 2495 2153 2617 2192; x_wconf 89' lang='lat' dir='ltr'><strong>cum</strong></span> <span class='ocrx_word' id='word_1_282' title='bbox 2653 2137 2763 2192; x_wconf 89' lang='lat' dir='ltr'><strong>sint</strong></span> <span class='ocrx_word' id='word_1_283' title='bbox 2793 2136 3169 2203; x_wconf 70' lang='lat' dir='ltr'><strong>insatiabiles,</strong></span> <span class='ocrx_word' id='word_1_284' title='bbox 3205 2135 3457 2192; x_wconf 66' lang='lat' dir='ltr'><strong>violentae</strong></span> <span class='ocrx_word' id='word_1_285' title='bbox 3501 2151 3726 2207; x_wconf 88' lang='lat' dir='ltr'><strong>quoque</strong></span> <span class='ocrx_word' id='word_1_286' title='bbox 3757 2143 3890 2191; x_wconf 77' lang='lat' dir='ltr'><strong>sunt</strong></span> 
     </span>
    </p>
   </div>
   <div class='ocr_carea' id='block_1_42' title="bbox 2291 2231 2614 2286">
    <p class='ocr_par' dir='ltr' id='par_1_42' title="bbox 2291 2231 2614 2286">
     <span class='ocr_line' id='line_1_42' title="bbox 2291 2231 2614 2286; baseline -0.015 0"><span class='ocrx_word' id='word_1_287' title='bbox 2291 2231 2614 2286; x_wconf 81' lang='lat' dir='ltr'><strong>exactrices.</strong></span> 
     </span>
    </p>
   </div>
   <div class='ocr_carea' id='block_1_43' title="bbox 1559 2318 2956 2401">
    <p class='ocr_par' dir='ltr' id='par_1_43' title="bbox 1559 2318 2956 2401">
     <span class='ocr_line' id='line_1_43' title="bbox 1559 2318 2956 2401; baseline -0.008 -19"><span class='ocrx_word' id='word_1_288' title='bbox 1559 2325 1863 2397; x_wconf 68' lang='lat' dir='ltr'><strong>Expliciunt</strong></span> <span class='ocrx_word' id='word_1_289' title='bbox 1902 2323 2198 2380; x_wconf 80' lang='lat' dir='ltr'><strong>testimonia</strong></span> <span class='ocrx_word' id='word_1_290' title='bbox 2231 2323 2297 2376; x_wconf 83' lang='lat' dir='ltr'><strong>de</strong></span> <span class='ocrx_word' id='word_1_291' title='bbox 2334 2321 2466 2375; x_wconf 87' lang='lat' dir='ltr'><strong>libro</strong></span> <span class='ocrx_word' id='word_1_292' title='bbox 2492 2318 2916 2373; x_wconf 80' lang='lat' dir='ltr'><strong>Proverbiorum.</strong></span> <span class='ocrx_word' id='word_1_293' title='bbox 2951 2392 2956 2401; x_wconf 32' lang='grc'><strong>1</strong></span> 
     </span>
    </p>
   </div>
   <div class='ocr_carea' id='block_1_44' title="bbox 1550 2407 2982 2514">
    <p class='ocr_par' dir='ltr' id='par_1_44' title="bbox 1550 2407 2982 2514">
     <span class='ocr_line' id='line_1_44' title="bbox 1550 2407 2982 2514; baseline -0.008 0"><span class='ocrx_word' id='word_1_294' title='bbox 1550 2457 1895 2514; x_wconf 76' lang='lat' dir='ltr'><strong>lNClPlUNT</strong></span> <span class='ocrx_word' id='word_1_295' title='bbox 1938 2453 2282 2512; x_wconf 47' lang='lat' dir='ltr'><strong>uernum</strong></span> <span class='ocrx_word' id='word_1_296' title='bbox 2327 2451 2414 2506; x_wconf 73' lang='lat' dir='ltr'><strong>ne</strong></span> <span class='ocrx_word' id='word_1_297' title='bbox 2447 2407 2982 2505; x_wconf 62' lang='lat' dir='ltr'><strong>ECCLESIAsrn.&quot;</strong></span> 
     </span>
    </p>
   </div>
   <div class='ocr_carea' id='block_1_45' title="bbox 603 2561 2485 2640">
    <p class='ocr_par' dir='ltr' id='par_1_45' title="bbox 603 2561 2485 2640">
     <span class='ocr_line' id='line_1_45' title="bbox 603 2561 2485 2640; baseline -0.004 -20"><span class='ocrx_word' id='word_1_298' title='bbox 603 2567 655 2640; x_wconf 59' lang='grc' dir='ltr'><strong>ξ.</strong></span> <span class='ocrx_word' id='word_1_299' title='bbox 685 2569 842 2640; x_wconf 75' lang='lat' dir='ltr'><strong>Quod</strong></span> <span class='ocrx_word' id='word_1_300' title='bbox 873 2572 1049 2624; x_wconf 83' lang='lat' dir='ltr'><strong>omnia</strong></span> <span class='ocrx_word' id='word_1_301' title='bbox 1078 2573 1301 2640; x_wconf 75' lang='lat' dir='ltr'><strong>[Iuntina</strong></span> <span class='ocrx_word' id='word_1_302' title='bbox 1333 2573 1534 2626; x_wconf 85' lang='lat' dir='ltr'><strong>intrant</strong></span> <span class='ocrx_word' id='word_1_303' title='bbox 1571 2571 1626 2624; x_wconf 82' lang='lat' dir='ltr'><strong>in</strong></span> <span class='ocrx_word' id='word_1_304' title='bbox 1649 2585 1794 2623; x_wconf 78' lang='lat' dir='ltr'><strong>mare</strong></span> <span class='ocrx_word' id='word_1_305' title='bbox 1823 2577 1871 2621; x_wconf 87' lang='lat' dir='ltr'><strong>et</strong></span> <span class='ocrx_word' id='word_1_306' title='bbox 1901 2583 2046 2620; x_wconf 83' lang='lat' dir='ltr'><strong>mare</strong></span> <span class='ocrx_word' id='word_1_307' title='bbox 2062 2581 2173 2640; x_wconf 74' lang='lat' dir='ltr'><strong>non</strong></span> <span class='ocrx_word' id='word_1_308' title='bbox 2205 2561 2485 2619; x_wconf 79' lang='lat' dir='ltr'><strong>redundat.</strong></span> 
     </span>
    </p>
   </div>
   <div class='ocr_carea' id='block_1_46' title="bbox 601 2636 2100 2711">
    <p class='ocr_par' dir='ltr' id='par_1_46' title="bbox 601 2636 2100 2711">
     <span class='ocr_line' id='line_1_46' title="bbox 601 2636 2100 2711; baseline -0.001 -21"><span class='ocrx_word' id='word_1_309' title='bbox 601 2636 658 2711; x_wconf 55' lang='grc' dir='ltr'><strong>ξ.</strong></span> <span class='ocrx_word' id='word_1_310' title='bbox 690 2637 888 2711; x_wconf 54' lang='lat' dir='ltr'><strong>gnara:</strong></span> <span class='ocrx_word' id='word_1_311' title='bbox 919 2636 1199 2696; x_wconf 74' lang='lat' dir='ltr'><strong>morientes</strong></span> <span class='ocrx_word' id='word_1_312' title='bbox 1223 2643 1449 2711; x_wconf 84' lang='lat' dir='ltr'><strong>perdunt</strong></span> <span class='ocrx_word' id='word_1_313' title='bbox 1487 2643 1796 2694; x_wconf 77' lang='lat' dir='ltr'><strong>suavitatem</strong></span> <span class='ocrx_word' id='word_1_314' title='bbox 1825 2637 2100 2708; x_wconf 79' lang='lat' dir='ltr'><strong>unguenti.</strong></span> 
     </span>
    </p>
   </div>
   <div class='ocr_carea' id='block_1_47' title="bbox 602 2705 1591 2780">
    <p class='ocr_par' dir='ltr' id='par_1_47' title="bbox 602 2705 1591 2780">
     <span class='ocr_line' id='line_1_47' title="bbox 602 2705 1591 2780; baseline 0.004 -20"><span class='ocrx_word' id='word_1_315' title='bbox 602 2705 656 2780; x_wconf 58' lang='lat'><strong>1’3.</strong></span> <span class='ocrx_word' id='word_1_316' title='bbox 691 2707 766 2780; x_wconf 68' lang='lat' dir='ltr'><strong>De</strong></span> <span class='ocrx_word' id='word_1_317' title='bbox 792 2709 992 2780; x_wconf 78' lang='lat' dir='ltr'><strong>Spiritu</strong></span> <span class='ocrx_word' id='word_1_318' title='bbox 1014 2705 1322 2780; x_wconf 74' lang='lat' dir='ltr'><strong>potestatem</strong></span> <span class='ocrx_word' id='word_1_319' title='bbox 1352 2711 1591 2764; x_wconf 80' lang='lat' dir='ltr'><strong>habente.</strong></span> 
     </span>
    </p>
   </div>
   <div class='ocr_carea' id='block_1_48' title="bbox 601 2777 2361 2851">
    <p class='ocr_par' dir='ltr' id='par_1_48' title="bbox 601 2777 2361 2851">
     <span class='ocr_line' id='line_1_48' title="bbox 601 2777 2361 2851; baseline 0.001 -23"><span class='ocrx_word' id='word_1_320' title='bbox 690 2778 768 2851; x_wconf 61' lang='lat' dir='ltr'><strong>De</strong></span> <span class='ocrx_word' id='word_1_321' title='bbox 791 2777 850 2834; x_wconf 85' lang='lat' dir='ltr'><strong>eo</strong></span> <span class='ocrx_word' id='word_1_322' title='bbox 875 2777 1023 2851; x_wconf 73' lang='lat' dir='ltr'><strong>quod</strong></span> <span class='ocrx_word' id='word_1_323' title='bbox 1037 2782 1234 2835; x_wconf 83' lang='lat' dir='ltr'><strong>dicitur</strong></span> <span class='ocrx_word' id='word_1_324' title='bbox 1257 2798 1284 2835; x_wconf 53' lang='grc' dir='ltr'><strong>ελ</strong></span> <span class='ocrx_word' id='word_1_325' title='bbox 1305 2782 1386 2834; x_wconf 87' lang='lat' dir='ltr'><strong>Du</strong></span> <span class='ocrx_word' id='word_1_326' title='bbox 1411 2791 1613 2851; x_wconf 86' lang='lat' dir='ltr'><strong>partem</strong></span> <span class='ocrx_word' id='word_1_327' title='bbox 1639 2789 1853 2851; x_wconf 74' lang='lat' dir='ltr'><strong>septem,</strong></span> <span class='ocrx_word' id='word_1_328' title='bbox 1887 2794 1978 2831; x_wconf 83' lang='lat' dir='ltr'><strong>nec</strong></span> <span class='ocrx_word' id='word_1_329' title='bbox 2007 2794 2112 2831; x_wconf 88' lang='lat' dir='ltr'><strong>non</strong></span> <span class='ocrx_word' id='word_1_330' title='bbox 2145 2785 2193 2831; x_wconf 83' lang='lat' dir='ltr'><strong>et</strong></span> <span class='ocrx_word' id='word_1_331' title='bbox 2223 2786 2361 2832; x_wconf 88' lang='lat' dir='ltr'><strong>octo.</strong></span> 
     </span>
    </p>
   </div>
   <div class='ocr_carea' id='block_1_49' title="bbox 599 2847 1902 2922">
    <p class='ocr_par' dir='ltr' id='par_1_49' title="bbox 599 2847 1902 2922">
     <span class='ocr_line' id='line_1_49' title="bbox 599 2847 1902 2922; baseline 0 -21"><span class='ocrx_word' id='word_1_332' title='bbox 599 2847 658 2902; x_wconf 80' lang='lat'><strong>5.</strong></span> <span class='ocrx_word' id='word_1_333' title='bbox 688 2847 1152 2922; x_wconf 52' lang='lat' dir='ltr'><strong>Finem&#39;loque&#39;ndi</strong></span> <span class='ocrx_word' id='word_1_334' title='bbox 1177 2867 1354 2906; x_wconf 83' lang='lat' dir='ltr'><strong>omnes</strong></span> <span class='ocrx_word' id='word_1_335' title='bbox 1383 2847 1583 2922; x_wconf 78' lang='lat' dir='ltr'><strong>pariter</strong></span> <span class='ocrx_word' id='word_1_336' title='bbox 1604 2850 1902 2905; x_wconf 74' lang='lat' dir='ltr'><strong>audiamus.</strong></span> 
     </span>
    </p>
   </div>
   <div class='ocr_carea' id='block_1_50' title="bbox 1925 2895 2533 3008">
    <p class='ocr_par' dir='ltr' id='par_1_50' title="bbox 1925 2895 2533 3008">
     <span class='ocr_line' id='line_1_50' title="bbox 1925 2895 2533 3008; baseline -0.01 -15"><span class='ocrx_word' id='word_1_337' title='bbox 1925 2937 2063 3008; x_wconf 67' lang='lat' dir='ltr'><strong>15pr</strong></span> <span class='ocrx_word' id='word_1_338' title='bbox 2069 2938 2232 2994; x_wconf 81' lang='lat' dir='ltr'><strong>icium</strong></span> <span class='ocrx_word' id='word_1_339' title='bbox 2279 2895 2415 3005; x_wconf 80' lang='lat' dir='ltr'><strong>capit</strong></span> <span class='ocrx_word' id='word_1_340' title='bbox 2424 2935 2533 2989; x_wconf 71' lang='grc' dir='ltr'><strong>μία.</strong></span> 
     </span>
    </p>
   </div>
   <div class='ocr_carea' id='block_1_51' title="bbox 952 3062 3520 3173">
    <p class='ocr_par' dir='ltr' id='par_1_51' title="bbox 952 3062 3520 3173">
     <span class='ocr_line' id='line_1_51' title="bbox 952 3062 3520 3173; baseline -0.004 -8"><span class='ocrx_word' id='word_1_341' title='bbox 952 3077 1595 3168; x_wconf 82' lang='lat' dir='ltr'><strong>INCIPIUNT</strong></span> <span class='ocrx_word' id='word_1_342' title='bbox 1652 3065 2400 3173; x_wconf 79' lang='lat' dir='ltr'><strong>TESTIMONIA</strong></span> <span class='ocrx_word' id='word_1_343' title='bbox 2484 3068 2630 3156; x_wconf 85' lang='lat' dir='ltr'><strong>DE</strong></span> <span class='ocrx_word' id='word_1_344' title='bbox 2705 3062 3520 3158; x_wconf 84' lang='lat' dir='ltr'><strong>ECCLESIASTE.</strong></span> 
     </span>
    </p>
   </div>
   <div class='ocr_carea' id='block_1_52' title="bbox 1110 3250 1678 3307">
    <p class='ocr_par' dir='ltr' id='par_1_52' title="bbox 1110 3250 1678 3307">
     <span class='ocr_line' id='line_1_52' title="bbox 1110 3250 1678 3307; baseline -0.004 -1"><span class='ocrx_word' id='word_1_345' title='bbox 1110 3250 1338 3307; x_wconf 77' lang='lat' dir='ltr'><strong>CAPUT</strong></span> <span class='ocrx_word' id='word_1_346' title='bbox 1391 3251 1678 3306; x_wconf 77' lang='lat' dir='ltr'><strong>PRIMUM.</strong></span> 
     </span>
    </p>
   </div>
   <div class='ocr_carea' id='block_1_53' title="bbox 1059 3342 1698 3410">
    <p class='ocr_par' dir='ltr' id='par_1_53' title="bbox 1059 3342 1698 3410">
     <span class='ocr_line' id='line_1_53' title="bbox 1059 3342 1698 3410; baseline -0.003 -14"><span class='ocrx_word' id='word_1_347' title='bbox 1059 3342 1147 3410; x_wconf 67' lang='lat' dir='ltr'><strong>{In</strong></span> <span class='ocrx_word' id='word_1_348' title='bbox 1180 3343 1312 3398; x_wconf 82' lang='lat' dir='ltr'><strong>libro</strong></span> <span class='ocrx_word' id='word_1_349' title='bbox 1345 3343 1698 3398; x_wconf 73' lang='lat' dir='ltr'><strong>GRATISSHIO.</strong></span> 
     </span>
    </p>
   </div>
   <div class='ocr_carea' id='block_1_54' title="bbox 613 3427 2184 3491">
    <p class='ocr_par' dir='ltr' id='par_1_54' title="bbox 613 3427 2184 3491">
     <span class='ocr_line' id='line_1_54' title="bbox 613 3427 2184 3491; baseline -0.001 -5"><span class='ocrx_word' id='word_1_350' title='bbox 613 3427 616 3430; x_wconf 67' lang='grc'><strong>’</strong></span> <span class='ocrx_word' id='word_1_351' title='bbox 679 3453 696 3486; x_wconf 73' lang='grc' dir='ltr'><strong>ι</strong></span> <span class='ocrx_word' id='word_1_352' title='bbox 724 3431 915 3491; x_wconf 84' lang='lat' dir='ltr'><strong>Omnia</strong></span> <span class='ocrx_word' id='word_1_353' title='bbox 953 3431 1174 3487; x_wconf 77' lang='lat' dir='ltr'><strong>ﬂuuiina</strong></span> <span class='ocrx_word' id='word_1_354' title='bbox 1204 3433 1406 3487; x_wconf 88' lang='lat' dir='ltr'><strong>intrant</strong></span> <span class='ocrx_word' id='word_1_355' title='bbox 1430 3434 1483 3487; x_wconf 88' lang='lat' dir='ltr'><strong>in</strong></span> <span class='ocrx_word' id='word_1_356' title='bbox 1511 3448 1661 3487; x_wconf 88' lang='lat' dir='ltr'><strong>mare</strong></span> <span class='ocrx_word' id='word_1_357' title='bbox 1696 3441 1749 3486; x_wconf 87' lang='lat' dir='ltr'><strong>et</strong></span> <span class='ocrx_word' id='word_1_358' title='bbox 1775 3447 1927 3485; x_wconf 90' lang='lat' dir='ltr'><strong>mare</strong></span> <span class='ocrx_word' id='word_1_359' title='bbox 1959 3443 2066 3485; x_wconf 91' lang='lat' dir='ltr'><strong>non</strong></span> <span class='ocrx_word' id='word_1_360' title='bbox 2099 3443 2184 3484; x_wconf 86' lang='lat' dir='ltr'><strong>re-</strong></span> 
     </span>
    </p>
   </div>
   <div class='ocr_carea' id='block_1_55' title="bbox 605 3521 2180 3588">
    <p class='ocr_par' dir='ltr' id='par_1_55' title="bbox 605 3521 2180 3588">
     <span class='ocr_line' id='line_1_55' title="bbox 605 3521 2180 3588; baseline -0.003 -11"><span class='ocrx_word' id='word_1_361' title='bbox 605 3521 832 3588; x_wconf 89' lang='lat' dir='ltr'><strong>dundat;</strong></span> <span class='ocrx_word' id='word_1_362' title='bbox 861 3525 928 3577; x_wconf 90' lang='lat' dir='ltr'><strong>ad</strong></span> <span class='ocrx_word' id='word_1_363' title='bbox 957 3524 1136 3578; x_wconf 91' lang='lat' dir='ltr'><strong>locum</strong></span> <span class='ocrx_word' id='word_1_364' title='bbox 1163 3525 1305 3579; x_wconf 87' lang='lat' dir='ltr'><strong>unde</strong></span> <span class='ocrx_word' id='word_1_365' title='bbox 1332 3531 1533 3578; x_wconf 80' lang='lat' dir='ltr'><strong>exeunt</strong></span> <span class='ocrx_word' id='word_1_366' title='bbox 1561 3522 1781 3578; x_wconf 90' lang='lat' dir='ltr'><strong>ﬂumina</strong></span> <span class='ocrx_word' id='word_1_367' title='bbox 1812 3532 2180 3581; x_wconf 80' lang='lat' dir='ltr'><strong>revertuntur,</strong></span> 
     </span>
    </p>
   </div>
   <div class='ocr_carea' id='block_1_56' title="bbox 600 3600 2186 3685">
    <p class='ocr_par' dir='ltr' id='par_1_56' title="bbox 600 3600 2186 3685">
     <span class='ocr_line' id='line_1_56' title="bbox 600 3600 2186 3685; baseline -0.003 -16"><span class='ocrx_word' id='word_1_368' title='bbox 600 3623 663 3669; x_wconf 87' lang='lat' dir='ltr'><strong>ut</strong></span> <span class='ocrx_word' id='word_1_369' title='bbox 709 3616 904 3670; x_wconf 90' lang='lat' dir='ltr'><strong>iterum</strong></span> <span class='ocrx_word' id='word_1_370' title='bbox 935 3610 1104 3669; x_wconf 75' lang='lat' dir='ltr'><strong>ﬂuant</strong></span> <span class='ocrx_word' id='word_1_371' title='bbox 1135 3614 1331 3685; x_wconf 79' lang='lat' dir='ltr'><strong>(Eccle.</strong></span> <span class='ocrx_word' id='word_1_372' title='bbox 1371 3615 1434 3682; x_wconf 87' lang='grc' dir='ltr'><strong>ι).</strong></span> <span class='ocrx_word' id='word_1_373' title='bbox 1457 3635 1477 3666; x_wconf 75' lang='grc' dir='ltr'><strong>ι</strong></span> <span class='ocrx_word' id='word_1_374' title='bbox 1523 3600 1995 3670; x_wconf 58' lang='grc' dir='ltr'>Ηυιιοόχοιιιδειιιιι</span> <span class='ocrx_word' id='word_1_375' title='bbox 2025 3620 2186 3680; x_wconf 88' lang='lat' dir='ltr'><strong>atque</strong></span> 
     </span>
    </p>
   </div>
   <div class='ocr_carea' id='block_1_57' title="bbox 603 3701 2186 3773">
    <p class='ocr_par' dir='ltr' id='par_1_57' title="bbox 603 3701 2186 3773">
     <span class='ocr_line' id='line_1_57' title="bbox 603 3701 2186 3773; baseline -0.003 -16"><span class='ocrx_word' id='word_1_376' title='bbox 603 3720 885 3759; x_wconf 83' lang='lat' dir='ltr'><strong>recursum</strong></span> <span class='ocrx_word' id='word_1_377' title='bbox 946 3705 1310 3773; x_wconf 83' lang='lat' dir='ltr'><strong>spiritualium</strong></span> <span class='ocrx_word' id='word_1_378' title='bbox 1370 3704 1650 3758; x_wconf 90' lang='lat' dir='ltr'><strong>ﬂuminum</strong></span> <span class='ocrx_word' id='word_1_379' title='bbox 1723 3703 1951 3773; x_wconf 76' lang='lat' dir='ltr'><strong>mystice</strong></span> <span class='ocrx_word' id='word_1_380' title='bbox 2011 3701 2186 3754; x_wconf 90' lang='lat' dir='ltr'><strong>Lucas</strong></span> 
     </span>
    </p>
   </div>
   <div class='ocr_carea' id='block_1_58' title="bbox 605 3793 2186 3864">
    <p class='ocr_par' dir='ltr' id='par_1_58' title="bbox 605 3793 2186 3864">
     <span class='ocr_line' id='line_1_58' title="bbox 605 3793 2186 3864; baseline -0.003 -16"><span class='ocrx_word' id='word_1_381' title='bbox 605 3794 939 3864; x_wconf 76' lang='lat' dir='ltr'><strong>evangelista</strong></span> <span class='ocrx_word' id='word_1_382' title='bbox 982 3795 1264 3859; x_wconf 82' lang='lat' dir='ltr'><strong>describit,</strong></span> <span class='ocrx_word' id='word_1_383' title='bbox 1307 3811 1429 3850; x_wconf 87' lang='lat' dir='ltr'><strong>cum</strong></span> <span class='ocrx_word' id='word_1_384' title='bbox 1469 3795 1582 3849; x_wconf 91' lang='lat' dir='ltr'><strong>ait:</strong></span> <span class='ocrx_word' id='word_1_385' title='bbox 1637 3812 1656 3845; x_wconf 71' lang='grc' dir='ltr'><strong>ο</strong></span> <span class='ocrx_word' id='word_1_386' title='bbox 1686 3793 1823 3861; x_wconf 84' lang='lat' dir='ltr'><strong>Quia</strong></span> <span class='ocrx_word' id='word_1_387' title='bbox 1856 3799 2186 3847; x_wconf 84' lang='lat' dir='ltr'><strong>convocatus</strong></span> 
     </span>
    </p>
   </div>
   <div class='ocr_carea' id='block_1_59' title="bbox 610 3883 2185 3957">
    <p class='ocr_par' dir='ltr' id='par_1_59' title="bbox 610 3883 2185 3957">
     <span class='ocr_line' id='line_1_59' title="bbox 610 3883 2185 3957; baseline -0.002 -19"><span class='ocrx_word' id='word_1_388' title='bbox 610 3883 769 3942; x_wconf 81' lang='lat' dir='ltr'><strong>Jesus</strong></span> <span class='ocrx_word' id='word_1_389' title='bbox 794 3885 1076 3942; x_wconf 87' lang='lat' dir='ltr'><strong>duodecim</strong></span> <span class='ocrx_word' id='word_1_390' title='bbox 1103 3887 1379 3957; x_wconf 87' lang='lat' dir='ltr'><strong>apostolis,</strong></span> <span class='ocrx_word' id='word_1_391' title='bbox 1412 3886 1559 3941; x_wconf 88' lang='lat' dir='ltr'><strong>dedit</strong></span> <span class='ocrx_word' id='word_1_392' title='bbox 1582 3885 1688 3940; x_wconf 91' lang='lat' dir='ltr'><strong>illis</strong></span> <span class='ocrx_word' id='word_1_393' title='bbox 1720 3884 1976 3939; x_wconf 84' lang='lat' dir='ltr'><strong>virtutem</strong></span> <span class='ocrx_word' id='word_1_394' title='bbox 2003 3889 2056 3936; x_wconf 91' lang='lat' dir='ltr'><strong>et</strong></span> <span class='ocrx_word' id='word_1_395' title='bbox 2085 3897 2185 3952; x_wconf 83' lang='lat' dir='ltr'><strong>po-</strong></span> 
     </span>
    </p>
   </div>
   <div class='ocr_carea' id='block_1_60' title="bbox 603 3975 2188 4048">
    <p class='ocr_par' dir='ltr' id='par_1_60' title="bbox 603 3975 2188 4048">
     <span class='ocr_line' id='line_1_60' title="bbox 603 3975 2188 4048; baseline -0.001 -18"><span class='ocrx_word' id='word_1_396' title='bbox 603 3985 858 4034; x_wconf 85' lang='lat' dir='ltr'><strong>testatem</strong></span> <span class='ocrx_word' id='word_1_397' title='bbox 893 3993 1060 4048; x_wconf 88' lang='lat' dir='ltr'><strong>super</strong></span> <span class='ocrx_word' id='word_1_398' title='bbox 1107 3978 1290 4033; x_wconf 86' lang='lat' dir='ltr'><strong>omnia</strong></span> <span class='ocrx_word' id='word_1_399' title='bbox 1346 3977 1634 4041; x_wconf 78' lang='lat' dir='ltr'><strong>dannonia,</strong></span> <span class='ocrx_word' id='word_1_400' title='bbox 1685 3985 1740 4031; x_wconf 82' lang='lat' dir='ltr'><strong>et</strong></span> <span class='ocrx_word' id='word_1_401' title='bbox 1791 3985 1850 4030; x_wconf 91' lang='lat' dir='ltr'><strong>ut</strong></span> <span class='ocrx_word' id='word_1_402' title='bbox 1898 3975 2188 4044; x_wconf 79' lang='lat' dir='ltr'><strong>languores</strong></span> 
     </span>
    </p>
   </div>
   <div class='ocr_carea' id='block_1_61' title="bbox 605 4063 2184 4141">
    <p class='ocr_par' dir='ltr' id='par_1_61' title="bbox 605 4063 2184 4141">
     <span class='ocr_line' id='line_1_61' title="bbox 605 4063 2184 4141; baseline -0.005 -17"><span class='ocrx_word' id='word_1_403' title='bbox 605 4079 894 4136; x_wconf 87' lang='lat' dir='ltr'><strong>curarent;</strong></span> <span class='ocrx_word' id='word_1_404' title='bbox 926 4081 981 4126; x_wconf 92' lang='lat' dir='ltr'><strong>et</strong></span> <span class='ocrx_word' id='word_1_405' title='bbox 1006 4070 1153 4125; x_wconf 85' lang='lat' dir='ltr'><strong>misit</strong></span> <span class='ocrx_word' id='word_1_406' title='bbox 1179 4070 1298 4124; x_wconf 87' lang='lat' dir='ltr'><strong>illos</strong></span> <span class='ocrx_word' id='word_1_407' title='bbox 1322 4068 1620 4141; x_wconf 69' lang='lat' dir='ltr'><strong>praedicare</strong></span> <span class='ocrx_word' id='word_1_408' title='bbox 1649 4081 1874 4137; x_wconf 79' lang='lat' dir='ltr'><strong>regnum</strong></span> <span class='ocrx_word' id='word_1_409' title='bbox 1907 4065 2001 4120; x_wconf 90' lang='lat' dir='ltr'><strong>Dei</strong></span> <span class='ocrx_word' id='word_1_410' title='bbox 2027 4063 2184 4136; x_wconf 86' lang='lat' dir='ltr'><strong>(Luc.</strong></span> 
     </span>
    </p>
   </div>
   <div class='ocr_carea' id='block_1_62' title="bbox 603 4155 2189 4232">
    <p class='ocr_par' dir='ltr' id='par_1_62' title="bbox 603 4155 2189 4232">
     <span class='ocr_line' id='line_1_62' title="bbox 603 4155 2189 4232; baseline -0.004 -17"><span class='ocrx_word' id='word_1_411' title='bbox 603 4163 711 4232; x_wconf 58' lang='grc' dir='ltr'><strong>ιδ).</strong></span> <span class='ocrx_word' id='word_1_412' title='bbox 743 4181 761 4214; x_wconf 76' lang='grc' dir='ltr'><strong>ι</strong></span> <span class='ocrx_word' id='word_1_413' title='bbox 797 4162 936 4216; x_wconf 84' lang='lat' dir='ltr'><strong>Ecce</strong></span> <span class='ocrx_word' id='word_1_414' title='bbox 959 4176 1211 4232; x_wconf 83' lang='lat' dir='ltr'><strong>egressus</strong></span> <span class='ocrx_word' id='word_1_415' title='bbox 1241 4160 1558 4225; x_wconf 91' lang='lat' dir='ltr'><strong>ﬂuminum;</strong></span> <span class='ocrx_word' id='word_1_416' title='bbox 1590 4173 1654 4213; x_wconf 90' lang='lat' dir='ltr'><strong>ac</strong></span> <span class='ocrx_word' id='word_1_417' title='bbox 1688 4157 2034 4228; x_wconf 88' lang='lat' dir='ltr'><strong>postmodum</strong></span> <span class='ocrx_word' id='word_1_418' title='bbox 2062 4155 2189 4210; x_wconf 50' lang='lat' dir='ltr'><strong>sub.</strong></span> 
     </span>
    </p>
   </div>
   <div class='ocr_carea' id='block_1_63' title="bbox 604 4247 2189 4322">
    <p class='ocr_par' dir='ltr' id='par_1_63' title="bbox 604 4247 2189 4322">
     <span class='ocr_line' id='line_1_63' title="bbox 604 4247 2189 4322; baseline -0.005 -16"><span class='ocrx_word' id='word_1_419' title='bbox 604 4253 682 4306; x_wconf 89' lang='lat' dir='ltr'><strong>dit</strong></span> <span class='ocrx_word' id='word_1_420' title='bbox 707 4269 721 4308; x_wconf 93' lang='lat'>:</span> <span class='ocrx_word' id='word_1_421' title='bbox 757 4272 775 4304; x_wconf 82' lang='grc'><strong>‹</strong></span> <span class='ocrx_word' id='word_1_422' title='bbox 800 4253 863 4307; x_wconf 82' lang='lat' dir='ltr'><strong>Et</strong></span> <span class='ocrx_word' id='word_1_423' title='bbox 889 4252 1091 4308; x_wconf 85' lang='lat' dir='ltr'><strong>reversi</strong></span> <span class='ocrx_word' id='word_1_424' title='bbox 1117 4251 1345 4322; x_wconf 88' lang='lat' dir='ltr'><strong>apostoli</strong></span> <span class='ocrx_word' id='word_1_425' title='bbox 1373 4257 1737 4304; x_wconf 88' lang='lat' dir='ltr'><strong>narraverunt</strong></span> <span class='ocrx_word' id='word_1_426' title='bbox 1757 4247 1831 4301; x_wconf 89' lang='lat' dir='ltr'><strong>illi</strong></span> <span class='ocrx_word' id='word_1_427' title='bbox 1852 4259 2189 4317; x_wconf 75' lang='lat' dir='ltr'><strong>quaecunque</strong></span> 
     </span>
    </p>
   </div>
   <div class='ocr_carea' id='block_1_64' title="bbox 606 4334 2188 4414">
    <p class='ocr_par' dir='ltr' id='par_1_64' title="bbox 606 4334 2188 4414">
     <span class='ocr_line' id='line_1_64' title="bbox 606 4334 2188 4414; baseline -0.006 -18"><span class='ocrx_word' id='word_1_428' title='bbox 606 4343 852 4398; x_wconf 78' lang='lat' dir='ltr'><strong>fecerunt</strong></span> <span class='ocrx_word' id='word_1_429' title='bbox 875 4340 1085 4414; x_wconf 62' lang='lat' dir='ltr'><strong>(Ibid).</strong></span> <span class='ocrx_word' id='word_1_430' title='bbox 1121 4361 1140 4393; x_wconf 76' lang='grc' dir='ltr'><strong>ι</strong></span> <span class='ocrx_word' id='word_1_431' title='bbox 1211 4341 1350 4396; x_wconf 82' lang='lat' dir='ltr'><strong>Ecce</strong></span> <span class='ocrx_word' id='word_1_432' title='bbox 1387 4340 1616 4395; x_wconf 83' lang='lat' dir='ltr'><strong>reditum</strong></span> <span class='ocrx_word' id='word_1_433' title='bbox 1647 4337 1950 4392; x_wconf 90' lang='lat' dir='ltr'><strong>ﬂuminum.</strong></span> <span class='ocrx_word' id='word_1_434' title='bbox 1990 4335 2075 4388; x_wconf 72' lang='lat' dir='ltr'><strong>Ad</strong></span> <span class='ocrx_word' id='word_1_435' title='bbox 2110 4334 2188 4388; x_wconf 80' lang='lat' dir='ltr'><strong>lo-</strong></span> 
     </span>
    </p>
   </div>
   <div class='ocr_carea' id='block_1_65' title="bbox 605 4427 2186 4503">
    <p class='ocr_par' dir='ltr' id='par_1_65' title="bbox 605 4427 2186 4503">
     <span class='ocr_line' id='line_1_65' title="bbox 605 4427 2186 4503; baseline -0.003 -16"><span class='ocrx_word' id='word_1_436' title='bbox 605 4448 730 4487; x_wconf 90' lang='lat' dir='ltr'><strong>cum</strong></span> <span class='ocrx_word' id='word_1_437' title='bbox 782 4449 912 4503; x_wconf 85' lang='lat' dir='ltr'><strong>ergo</strong></span> <span class='ocrx_word' id='word_1_438' title='bbox 953 4434 1097 4488; x_wconf 88' lang='lat' dir='ltr'><strong>unde</strong></span> <span class='ocrx_word' id='word_1_439' title='bbox 1139 4443 1339 4488; x_wconf 81' lang='lat' dir='ltr'><strong>exeunt</strong></span> <span class='ocrx_word' id='word_1_440' title='bbox 1379 4430 1600 4500; x_wconf 89' lang='lat' dir='ltr'><strong>ﬂumina</strong></span> <span class='ocrx_word' id='word_1_441' title='bbox 1647 4439 2014 4492; x_wconf 75' lang='lat' dir='ltr'><strong>revertuntur,</strong></span> <span class='ocrx_word' id='word_1_442' title='bbox 2060 4427 2186 4496; x_wconf 85' lang='lat' dir='ltr'><strong>quia</strong></span> 
     </span>
    </p>
   </div>
   <div class='ocr_carea' id='block_1_66' title="bbox 608 4522 2184 4594">
    <p class='ocr_par' dir='ltr' id='par_1_66' title="bbox 608 4522 2184 4594">
     <span class='ocr_line' id='line_1_66' title="bbox 608 4522 2184 4594; baseline -0.002 -16"><span class='ocrx_word' id='word_1_443' title='bbox 608 4525 768 4580; x_wconf 89' lang='lat' dir='ltr'><strong>electi</strong></span> <span class='ocrx_word' id='word_1_444' title='bbox 797 4527 998 4594; x_wconf 83' lang='lat' dir='ltr'><strong>quique</strong></span> <span class='ocrx_word' id='word_1_445' title='bbox 1035 4525 1112 4580; x_wconf 86' lang='lat' dir='ltr'><strong>illi</strong></span> <span class='ocrx_word' id='word_1_446' title='bbox 1151 4541 1210 4580; x_wconf 85' lang='lat' dir='ltr'><strong>se</strong></span> <span class='ocrx_word' id='word_1_447' title='bbox 1235 4525 1508 4580; x_wconf 88' lang='lat' dir='ltr'><strong>debitores</strong></span> <span class='ocrx_word' id='word_1_448' title='bbox 1531 4539 1652 4578; x_wconf 90' lang='lat' dir='ltr'><strong>esse</strong></span> <span class='ocrx_word' id='word_1_449' title='bbox 1685 4539 1792 4577; x_wconf 92' lang='lat' dir='ltr'><strong>non</strong></span> <span class='ocrx_word' id='word_1_450' title='bbox 1821 4522 2124 4592; x_wconf 77' lang='lat' dir='ltr'><strong>ambigunt,</strong></span> <span class='ocrx_word' id='word_1_451' title='bbox 2155 4537 2184 4574; x_wconf 87' lang='lat' dir='ltr'><strong>a</strong></span> 
     </span>
    </p>
   </div>
   <div class='ocr_carea' id='block_1_67' title="bbox 2915 3235 3242 3293">
    <p class='ocr_par' dir='ltr' id='par_1_67' title="bbox 2915 3235 3242 3293">
     <span class='ocr_line' id='line_1_67' title="bbox 2915 3235 3242 3293; baseline 0 -2"><span class='ocrx_word' id='word_1_452' title='bbox 2915 3235 3146 3293; x_wconf 75' lang='lat' dir='ltr'><strong>CAPUT</strong></span> <span class='ocrx_word' id='word_1_453' title='bbox 3183 3237 3242 3291; x_wconf 93' lang='lat' dir='ltr'><strong>ll.</strong></span> 
     </span>
    </p>
   </div>
   <div class='ocr_carea' id='block_1_68' title="bbox 3012 3326 3189 3380">
    <p class='ocr_par' dir='ltr' id='par_1_68' title="bbox 3012 3326 3189 3380">
     <span class='ocr_line' id='line_1_68' title="bbox 3012 3326 3189 3380; baseline 0 0"><span class='ocrx_word' id='word_1_454' title='bbox 3012 3326 3081 3380; x_wconf 73' lang='grc' dir='ltr'><strong>(ἱ.</strong></span> <span class='ocrx_word' id='word_1_455' title='bbox 3123 3327 3189 3380; x_wconf 80' lang='lat' dir='ltr'><strong>G.</strong></span> 
     </span>
    </p>
   </div>
   <div class='ocr_carea' id='block_1_69' title="bbox 2365 3419 3881 3495">
    <p class='ocr_par' dir='ltr' id='par_1_69' title="bbox 2365 3419 3881 3495">
     <span class='ocr_line' id='line_1_69' title="bbox 2365 3419 3881 3495; baseline 0.007 -24"><span class='ocrx_word' id='word_1_456' title='bbox 2365 3439 2382 3471; x_wconf 79' lang='grc' dir='ltr'><strong>ι</strong></span> <span class='ocrx_word' id='word_1_457' title='bbox 2415 3419 2609 3474; x_wconf 75' lang='lat' dir='ltr'><strong>Musca:</strong></span> <span class='ocrx_word' id='word_1_458' title='bbox 2639 3419 2933 3473; x_wconf 87' lang='lat' dir='ltr'><strong>morientes</strong></span> <span class='ocrx_word' id='word_1_459' title='bbox 2967 3420 3197 3488; x_wconf 91' lang='lat' dir='ltr'><strong>perdunt</strong></span> <span class='ocrx_word' id='word_1_460' title='bbox 3243 3421 3570 3475; x_wconf 87' lang='lat' dir='ltr'><strong>suavitatem</strong></span> <span class='ocrx_word' id='word_1_461' title='bbox 3610 3425 3881 3495; x_wconf 75' lang='lat' dir='ltr'><strong>unguenti</strong></span> 
     </span>
    </p>
   </div>
   <div class='ocr_carea' id='block_1_70' title="bbox 2285 3502 3880 3582">
    <p class='ocr_par' dir='ltr' id='par_1_70' title="bbox 2285 3502 3880 3582">
     <span class='ocr_line' id='line_1_70' title="bbox 2285 3502 3880 3582; baseline 0.003 -21"><span class='ocrx_word' id='word_1_462' title='bbox 2285 3502 2481 3578; x_wconf 65' lang='lat' dir='ltr'><strong>(Hrcle.</strong></span> <span class='ocrx_word' id='word_1_463' title='bbox 2510 3509 2596 3578; x_wconf 80' lang='lat' dir='ltr'><strong>x);</strong></span> <span class='ocrx_word' id='word_1_464' title='bbox 2632 3525 2650 3558; x_wconf 85' lang='grc'><strong>›</strong></span> <span class='ocrx_word' id='word_1_465' title='bbox 2682 3508 2808 3577; x_wconf 89' lang='lat' dir='ltr'><strong>quia</strong></span> <span class='ocrx_word' id='word_1_466' title='bbox 2839 3508 3195 3578; x_wconf 82' lang='lat' dir='ltr'><strong>cogitationes</strong></span> <span class='ocrx_word' id='word_1_467' title='bbox 3241 3508 3549 3578; x_wconf 74' lang='lat' dir='ltr'><strong>superﬂuze,</strong></span> <span class='ocrx_word' id='word_1_468' title='bbox 3591 3527 3716 3582; x_wconf 70' lang='lat' dir='ltr'><strong>quae</strong></span> <span class='ocrx_word' id='word_1_469' title='bbox 3736 3514 3880 3570; x_wconf 74' lang='lat' dir='ltr'><strong>assi—</strong></span> 
     </span>
    </p>
   </div>
   <div class='ocr_carea' id='block_1_71' title="bbox 2289 3598 3874 3674">
    <p class='ocr_par' dir='ltr' id='par_1_71' title="bbox 2289 3598 3874 3674">
     <span class='ocr_line' id='line_1_71' title="bbox 2289 3598 3874 3674; baseline 0.006 -23"><span class='ocrx_word' id='word_1_470' title='bbox 2289 3601 2392 3652; x_wconf 84' lang='lat' dir='ltr'><strong>due</strong></span> <span class='ocrx_word' id='word_1_471' title='bbox 2439 3600 2492 3652; x_wconf 89' lang='lat' dir='ltr'><strong>in</strong></span> <span class='ocrx_word' id='word_1_472' title='bbox 2523 3599 2708 3653; x_wconf 88' lang='lat' dir='ltr'><strong>animo</strong></span> <span class='ocrx_word' id='word_1_473' title='bbox 2750 3598 2990 3652; x_wconf 86' lang='lat' dir='ltr'><strong>carnalia</strong></span> <span class='ocrx_word' id='word_1_474' title='bbox 3038 3599 3313 3670; x_wconf 81' lang='lat' dir='ltr'><strong>cogitante</strong></span> <span class='ocrx_word' id='word_1_475' title='bbox 3363 3612 3669 3656; x_wconf 89' lang='lat' dir='ltr'><strong>nascuntur</strong></span> <span class='ocrx_word' id='word_1_476' title='bbox 3707 3614 3874 3674; x_wconf 79' lang='lat' dir='ltr'><strong>atque</strong></span> 
     </span>
    </p>
   </div>
   <div class='ocr_carea' id='block_1_72' title="bbox 2291 3681 3881 3762">
    <p class='ocr_par' dir='ltr' id='par_1_72' title="bbox 2291 3681 3881 3762">
     <span class='ocr_line' id='line_1_72' title="bbox 2291 3681 3881 3762; baseline 0.005 -20"><span class='ocrx_word' id='word_1_477' title='bbox 2291 3687 2570 3754; x_wconf 81' lang='lat' dir='ltr'><strong>deﬁciunt,</strong></span> <span class='ocrx_word' id='word_1_478' title='bbox 2603 3704 2722 3743; x_wconf 87' lang='lat' dir='ltr'><strong>eam</strong></span> <span class='ocrx_word' id='word_1_479' title='bbox 2760 3681 3105 3754; x_wconf 78' lang='lat' dir='ltr'><strong>suavitatem,</strong></span> <span class='ocrx_word' id='word_1_480' title='bbox 3136 3706 3240 3760; x_wconf 87' lang='lat' dir='ltr'><strong>qua</strong></span> <span class='ocrx_word' id='word_1_481' title='bbox 3279 3692 3653 3762; x_wconf 80' lang='lat' dir='ltr'><strong>unusquisque</strong></span> <span class='ocrx_word' id='word_1_482' title='bbox 3685 3695 3881 3749; x_wconf 79' lang='lat' dir='ltr'><strong>intrin-</strong></span> 
     </span>
    </p>
   </div>
   <div class='ocr_carea' id='block_1_73' title="bbox 2288 3780 3880 3851">
    <p class='ocr_par' dir='ltr' id='par_1_73' title="bbox 2288 3780 3880 3851">
     <span class='ocr_line' id='line_1_73' title="bbox 2288 3780 3880 3851; baseline 0.005 -17"><span class='ocrx_word' id='word_1_483' title='bbox 2288 3794 2445 3835; x_wconf 84' lang='lat' dir='ltr'><strong>secus</strong></span> <span class='ocrx_word' id='word_1_484' title='bbox 2474 3794 2571 3849; x_wconf 86' lang='lat' dir='ltr'><strong>per</strong></span> <span class='ocrx_word' id='word_1_485' title='bbox 2599 3780 2862 3850; x_wconf 87' lang='lat' dir='ltr'><strong>Spiritum</strong></span> <span class='ocrx_word' id='word_1_486' title='bbox 2912 3791 3107 3836; x_wconf 89' lang='lat' dir='ltr'><strong>unctus</strong></span> <span class='ocrx_word' id='word_1_487' title='bbox 3139 3790 3244 3845; x_wconf 88' lang='lat' dir='ltr'><strong>est,</strong></span> <span class='ocrx_word' id='word_1_488' title='bbox 3285 3783 3536 3851; x_wconf 87' lang='lat' dir='ltr'><strong>perdunt.</strong></span> <span class='ocrx_word' id='word_1_489' title='bbox 3572 3784 3726 3841; x_wconf 88' lang='lat' dir='ltr'><strong>Unde</strong></span> <span class='ocrx_word' id='word_1_490' title='bbox 3753 3802 3880 3842; x_wconf 84' lang='lat' dir='ltr'><strong>cum</strong></span> 
     </span>
    </p>
   </div>
   <div class='ocr_carea' id='block_1_74' title="bbox 2290 3871 3877 3944">
    <p class='ocr_par' dir='ltr' id='par_1_74' title="bbox 2290 3871 3877 3944">
     <span class='ocr_line' id='line_1_74' title="bbox 2290 3871 3877 3944; baseline 0.003 -19"><span class='ocrx_word' id='word_1_491' title='bbox 2290 3871 2430 3927; x_wconf 91' lang='lat' dir='ltr'><strong>miro</strong></span> <span class='ocrx_word' id='word_1_492' title='bbox 2459 3871 2679 3940; x_wconf 87' lang='lat' dir='ltr'><strong>pietatis</strong></span> <span class='ocrx_word' id='word_1_493' title='bbox 2705 3886 2871 3942; x_wconf 87' lang='lat' dir='ltr'><strong>opere</strong></span> <span class='ocrx_word' id='word_1_494' title='bbox 2891 3873 2959 3927; x_wconf 90' lang='lat' dir='ltr'><strong>ad</strong></span> <span class='ocrx_word' id='word_1_495' title='bbox 2987 3887 3084 3927; x_wconf 91' lang='lat' dir='ltr'><strong>cor</strong></span> <span class='ocrx_word' id='word_1_496' title='bbox 3110 3872 3324 3928; x_wconf 86' lang='lat' dir='ltr'><strong>Veritas</strong></span> <span class='ocrx_word' id='word_1_497' title='bbox 3348 3874 3516 3943; x_wconf 75' lang='lat' dir='ltr'><strong>venit,</strong></span> <span class='ocrx_word' id='word_1_498' title='bbox 3539 3875 3692 3944; x_wconf 64' lang='lat' dir='ltr'><strong>prius</strong></span> <span class='ocrx_word' id='word_1_499' title='bbox 3715 3875 3786 3929; x_wconf 79' lang='lat' dir='ltr'><strong>ab</strong></span> <span class='ocrx_word' id='word_1_500' title='bbox 3810 3891 3877 3930; x_wconf 84' lang='lat' dir='ltr'><strong>eo</strong></span> 
     </span>
    </p>
   </div>
   <div class='ocr_carea' id='block_1_75' title="bbox 2288 3962 3879 4036">
    <p class='ocr_par' dir='ltr' id='par_1_75' title="bbox 2288 3962 3879 4036">
     <span class='ocr_line' id='line_1_75' title="bbox 2288 3962 3879 4036; baseline 0.002 -18"><span class='ocrx_word' id='word_1_501' title='bbox 2288 3962 2677 4031; x_wconf 77' lang='lat' dir='ltr'><strong>cogitationum</strong></span> <span class='ocrx_word' id='word_1_502' title='bbox 2699 3963 2999 4018; x_wconf 78' lang='lat' dir='ltr'><strong>carnalium</strong></span> <span class='ocrx_word' id='word_1_503' title='bbox 3039 3974 3203 4018; x_wconf 71' lang='lat' dir='ltr'><strong>aestus</strong></span> <span class='ocrx_word' id='word_1_504' title='bbox 3245 3964 3417 4034; x_wconf 81' lang='lat' dir='ltr'><strong>ejicit,</strong></span> <span class='ocrx_word' id='word_1_505' title='bbox 3459 3974 3512 4020; x_wconf 89' lang='lat' dir='ltr'><strong>et</strong></span> <span class='ocrx_word' id='word_1_506' title='bbox 3555 3975 3676 4036; x_wconf 88' lang='lat' dir='ltr'><strong>post</strong></span> <span class='ocrx_word' id='word_1_507' title='bbox 3724 3968 3879 4021; x_wconf 73' lang='lat' dir='ltr'><strong>ineo</strong></span> 
     </span>
    </p>
   </div>
   <div class='ocr_carea' id='block_1_76' title="bbox 2291 4053 3884 4122">
    <p class='ocr_par' dir='ltr' id='par_1_76' title="bbox 2291 4053 3884 4122">
     <span class='ocr_line' id='line_1_76' title="bbox 2291 4053 3884 4122; baseline 0.003 -15"><span class='ocrx_word' id='word_1_508' title='bbox 2291 4054 2552 4107; x_wconf 84' lang='lat' dir='ltr'><strong>virtutum</strong></span> <span class='ocrx_word' id='word_1_509' title='bbox 2582 4053 2724 4107; x_wconf 88' lang='lat' dir='ltr'><strong>dona</strong></span> <span class='ocrx_word' id='word_1_510' title='bbox 2769 4053 3026 4122; x_wconf 80' lang='lat' dir='ltr'><strong>disponit.</strong></span> <span class='ocrx_word' id='word_1_511' title='bbox 3063 4055 3217 4121; x_wconf 86' lang='lat' dir='ltr'><strong>Quod</strong></span> <span class='ocrx_word' id='word_1_512' title='bbox 3247 4056 3383 4109; x_wconf 89' lang='lat' dir='ltr'><strong>bene</strong></span> <span class='ocrx_word' id='word_1_513' title='bbox 3423 4056 3578 4110; x_wconf 90' lang='lat' dir='ltr'><strong>nobis</strong></span> <span class='ocrx_word' id='word_1_514' title='bbox 3607 4056 3884 4122; x_wconf 85' lang='lat' dir='ltr'><strong>innuitur,</strong></span> 
     </span>
    </p>
   </div>
   <div class='ocr_carea' id='block_1_77' title="bbox 2289 4145 3876 4218">
    <p class='ocr_par' dir='ltr' id='par_1_77' title="bbox 2289 4145 3876 4218">
     <span class='ocr_line' id='line_1_77' title="bbox 2289 4145 3876 4218; baseline 0.003 -19"><span class='ocrx_word' id='word_1_515' title='bbox 2289 4146 2380 4201; x_wconf 88' lang='lat' dir='ltr'><strong>ubi</strong></span> <span class='ocrx_word' id='word_1_516' title='bbox 2419 4148 2486 4202; x_wconf 87' lang='lat' dir='ltr'><strong>de</strong></span> <span class='ocrx_word' id='word_1_517' title='bbox 2530 4145 2759 4201; x_wconf 88' lang='lat' dir='ltr'><strong>Domino</strong></span> <span class='ocrx_word' id='word_1_518' title='bbox 2801 4147 2868 4201; x_wconf 87' lang='lat' dir='ltr'><strong>ad</strong></span> <span class='ocrx_word' id='word_1_519' title='bbox 2917 4146 3078 4201; x_wconf 78' lang='lat' dir='ltr'><strong>tiliam</strong></span> <span class='ocrx_word' id='word_1_520' title='bbox 3125 4147 3390 4218; x_wconf 86' lang='lat' dir='ltr'><strong>principis</strong></span> <span class='ocrx_word' id='word_1_521' title='bbox 3439 4149 3876 4204; x_wconf 82' lang='lat' dir='ltr'><strong>resuscitandam</strong></span> 
     </span>
    </p>
   </div>
   <div class='ocr_carea' id='block_1_78' title="bbox 2291 4238 3878 4309">
    <p class='ocr_par' dir='ltr' id='par_1_78' title="bbox 2291 4238 3878 4309">
     <span class='ocr_line' id='line_1_78' title="bbox 2291 4238 3878 4309; baseline 0.001 -17"><span class='ocrx_word' id='word_1_522' title='bbox 2291 4239 2522 4293; x_wconf 89' lang='lat' dir='ltr'><strong>deducto</strong></span> <span class='ocrx_word' id='word_1_523' title='bbox 2548 4239 2602 4292; x_wconf 90' lang='lat' dir='ltr'><strong>in</strong></span> <span class='ocrx_word' id='word_1_524' title='bbox 2635 4238 2929 4309; x_wconf 80' lang='lat' dir='ltr'><strong>Evangelia</strong></span> <span class='ocrx_word' id='word_1_525' title='bbox 2957 4239 3158 4294; x_wconf 90' lang='lat' dir='ltr'><strong>dicitur</strong></span> <span class='ocrx_word' id='word_1_526' title='bbox 3183 4257 3195 4292; x_wconf 89' lang='lat'><em>:</em></span> <span class='ocrx_word' id='word_1_527' title='bbox 3232 4256 3252 4288; x_wconf 73' lang='grc' dir='ltr'>ί</span> <span class='ocrx_word' id='word_1_528' title='bbox 3281 4238 3348 4293; x_wconf 87' lang='lat' dir='ltr'><strong>Et</strong></span> <span class='ocrx_word' id='word_1_529' title='bbox 3377 4253 3500 4292; x_wconf 90' lang='lat' dir='ltr'><strong>cum</strong></span> <span class='ocrx_word' id='word_1_530' title='bbox 3527 4239 3701 4309; x_wconf 84' lang='lat' dir='ltr'><strong>ejecta</strong></span> <span class='ocrx_word' id='word_1_531' title='bbox 3728 4249 3878 4295; x_wconf 84' lang='lat' dir='ltr'><strong>esset</strong></span> 
     </span>
    </p>
   </div>
   <div class='ocr_carea' id='block_1_79' title="bbox 2287 4326 3880 4396">
    <p class='ocr_par' dir='ltr' id='par_1_79' title="bbox 2287 4326 3880 4396">
     <span class='ocr_line' id='line_1_79' title="bbox 2287 4326 3880 4396; baseline 0.001 -15"><span class='ocrx_word' id='word_1_532' title='bbox 2287 4331 2475 4394; x_wconf 78' lang='lat' dir='ltr'><strong>turba,</strong></span> <span class='ocrx_word' id='word_1_533' title='bbox 2507 4329 2760 4393; x_wconf 85' lang='lat' dir='ltr'><strong>intravit,</strong></span> <span class='ocrx_word' id='word_1_534' title='bbox 2808 4337 2863 4383; x_wconf 88' lang='lat' dir='ltr'><strong>et</strong></span> <span class='ocrx_word' id='word_1_535' title='bbox 2909 4328 3083 4382; x_wconf 87' lang='lat' dir='ltr'><strong>tenuit</strong></span> <span class='ocrx_word' id='word_1_536' title='bbox 3111 4342 3327 4383; x_wconf 90' lang='lat' dir='ltr'><strong>manum</strong></span> <span class='ocrx_word' id='word_1_537' title='bbox 3367 4326 3487 4396; x_wconf 82' lang='lat' dir='ltr'><strong>ejus</strong></span> <span class='ocrx_word' id='word_1_538' title='bbox 3531 4338 3586 4382; x_wconf 89' lang='lat' dir='ltr'><strong>et</strong></span> <span class='ocrx_word' id='word_1_539' title='bbox 3635 4337 3880 4385; x_wconf 66' lang='lat' dir='ltr'><strong>sur-rent</strong></span> 
     </span>
    </p>
   </div>
   <div class='ocr_carea' id='block_1_80' title="bbox 2286 4421 3881 4498">
    <p class='ocr_par' dir='ltr' id='par_1_80' title="bbox 2286 4421 3881 4498">
     <span class='ocr_line' id='line_1_80' title="bbox 2286 4421 3881 4498; baseline -0.001 -20"><span class='ocrx_word' id='word_1_540' title='bbox 2286 4427 2469 4497; x_wconf 81' lang='lat' dir='ltr'><strong>pltclla</strong></span> <span class='ocrx_word' id='word_1_541' title='bbox 2513 4426 2733 4498; x_wconf 83' lang='lat' dir='ltr'><strong>(Matth.</strong></span> <span class='ocrx_word' id='word_1_542' title='bbox 2780 4425 2879 4496; x_wconf 78' lang='grc' dir='ltr'>ιχ).</span> <span class='ocrx_word' id='word_1_543' title='bbox 2913 4445 2930 4477; x_wconf 75' lang='grc' dir='ltr'><strong>ι</strong></span> <span class='ocrx_word' id='word_1_544' title='bbox 2982 4425 3154 4480; x_wconf 85' lang='lat' dir='ltr'><strong>Foras</strong></span> <span class='ocrx_word' id='word_1_545' title='bbox 3180 4439 3310 4495; x_wconf 89' lang='lat' dir='ltr'><strong>ergo</strong></span> <span class='ocrx_word' id='word_1_546' title='bbox 3348 4425 3504 4478; x_wconf 89' lang='lat' dir='ltr'><strong>turba</strong></span> <span class='ocrx_word' id='word_1_547' title='bbox 3549 4421 3788 4490; x_wconf 87' lang='lat' dir='ltr'><strong>ejicitur,</strong></span> <span class='ocrx_word' id='word_1_548' title='bbox 3819 4431 3881 4477; x_wconf 88' lang='lat' dir='ltr'><strong>ut</strong></span> 
     </span>
    </p>
   </div>
   <div class='ocr_carea' id='block_1_81' title="bbox 2291 4515 3878 4590">
    <p class='ocr_par' dir='ltr' id='par_1_81' title="bbox 2291 4515 3878 4590">
     <span class='ocr_line' id='line_1_81' title="bbox 2291 4515 3878 4590; baseline -0.003 -17"><span class='ocrx_word' id='word_1_549' title='bbox 2291 4520 2470 4590; x_wconf 71' lang='lat' dir='ltr'><strong>pu.-lla</strong></span> <span class='ocrx_word' id='word_1_550' title='bbox 2513 4519 2828 4584; x_wconf 88' lang='lat' dir='ltr'><strong>suscitetur,</strong></span> <span class='ocrx_word' id='word_1_551' title='bbox 2873 4518 3000 4588; x_wconf 88' lang='lat' dir='ltr'><strong>quia</strong></span> <span class='ocrx_word' id='word_1_552' title='bbox 3050 4517 3153 4573; x_wconf 85' lang='lat' dir='ltr'><strong>nisi</strong></span> <span class='ocrx_word' id='word_1_553' title='bbox 3200 4517 3350 4587; x_wconf 91' lang='lat' dir='ltr'><strong>prius</strong></span> <span class='ocrx_word' id='word_1_554' title='bbox 3397 4533 3426 4570; x_wconf 90' lang='lat' dir='ltr'><strong>a</strong></span> <span class='ocrx_word' id='word_1_555' title='bbox 3486 4515 3878 4570; x_wconf 85' lang='lat' dir='ltr'><strong>secretioribus</strong></span> 
     </span>
    </p>
   </div>
   <div class='ocr_carea' id='block_1_82' title="bbox 605 4596 3878 4690">
    <p class='ocr_par' dir='ltr' id='par_1_82' title="bbox 605 4596 3878 4690">
     <span class='ocr_line' id='line_1_82' title="bbox 605 4596 3878 4690; baseline -0.004 -18"><span class='ocrx_word' id='word_1_556' title='bbox 605 4635 714 4690; x_wconf 81' lang='lat' dir='ltr'><strong>quo</strong></span> <span class='ocrx_word' id='word_1_557' title='bbox 775 4618 1032 4674; x_wconf 79' lang='lat' dir='ltr'><strong>videlicet</strong></span> <span class='ocrx_word' id='word_1_558' title='bbox 1074 4619 1372 4673; x_wconf 85' lang='lat' dir='ltr'><strong>hauserant</strong></span> <span class='ocrx_word' id='word_1_559' title='bbox 1421 4631 1584 4672; x_wconf 90' lang='lat' dir='ltr'><strong>omne</strong></span> <span class='ocrx_word' id='word_1_560' title='bbox 1635 4615 1778 4683; x_wconf 87' lang='lat' dir='ltr'><strong>quod</strong></span> <span class='ocrx_word' id='word_1_561' title='bbox 1827 4614 2186 4683; x_wconf 88' lang='lat' dir='ltr'><strong>spiritualiter</strong></span> <span class='ocrx_word' id='word_1_562' title='bbox 2217 4596 2266 4656; x_wconf 81' lang='grc' dir='ltr'>Ῑ)</span> <span class='ocrx_word' id='word_1_563' title='bbox 2293 4611 2473 4664; x_wconf 89' lang='lat' dir='ltr'><strong>cordis</strong></span> <span class='ocrx_word' id='word_1_564' title='bbox 2515 4608 2814 4678; x_wconf 78' lang='lat' dir='ltr'><strong>expellatur</strong></span> <span class='ocrx_word' id='word_1_565' title='bbox 2859 4609 3167 4678; x_wconf 87' lang='lat' dir='ltr'><strong>importuna</strong></span> <span class='ocrx_word' id='word_1_566' title='bbox 3203 4606 3545 4662; x_wconf 61' lang='lat' dir='ltr'><strong>sacularium</strong></span> <span class='ocrx_word' id='word_1_567' title='bbox 3586 4605 3878 4661; x_wconf 82' lang='lat' dir='ltr'><strong>multitudo</strong></span> 
     </span>
    </p>
   </div>
   <div class='ocr_carea' id='block_1_83' title="bbox 603 4706 2185 4775">
    <p class='ocr_par' dir='ltr' id='par_1_83' title="bbox 603 4706 2185 4775">
     <span class='ocr_line' id='line_1_83' title="bbox 603 4706 2185 4775; baseline -0.003 -12"><span class='ocrx_word' id='word_1_568' title='bbox 603 4710 740 4766; x_wconf 83' lang='lat' dir='ltr'><strong>ﬂuit.</strong></span> <span class='ocrx_word' id='word_1_569' title='bbox 793 4709 946 4768; x_wconf 84' lang='lat' dir='ltr'><strong>Unde</strong></span> <span class='ocrx_word' id='word_1_570' title='bbox 991 4720 1047 4766; x_wconf 92' lang='lat' dir='ltr'><strong>ct</strong></span> <span class='ocrx_word' id='word_1_571' title='bbox 1091 4710 1289 4765; x_wconf 88' lang='lat' dir='ltr'><strong>Paulus</strong></span> <span class='ocrx_word' id='word_1_572' title='bbox 1330 4710 1442 4763; x_wconf 87' lang='lat' dir='ltr'><strong>ait:</strong></span> <span class='ocrx_word' id='word_1_573' title='bbox 1483 4727 1501 4760; x_wconf 74' lang='grc' dir='ltr'><strong>ι</strong></span> <span class='ocrx_word' id='word_1_574' title='bbox 1535 4707 1836 4761; x_wconf 86' lang='lat' dir='ltr'><strong>Divisioues</strong></span> <span class='ocrx_word' id='word_1_575' title='bbox 1889 4706 2185 4775; x_wconf 86' lang='lat' dir='ltr'><strong>gratiarum</strong></span> 
     </span>
    </p>
   </div>
   <div class='ocr_carea' id='block_1_84' title="bbox 603 4798 2181 4867">
    <p class='ocr_par' dir='ltr' id='par_1_84' title="bbox 603 4798 2181 4867">
     <span class='ocr_line' id='line_1_84' title="bbox 603 4798 2181 4867; baseline -0.003 -12"><span class='ocrx_word' id='word_1_576' title='bbox 603 4810 750 4867; x_wconf 85' lang='lat' dir='ltr'><strong>sunt,</strong></span> <span class='ocrx_word' id='word_1_577' title='bbox 781 4802 924 4857; x_wconf 86' lang='lat' dir='ltr'><strong>idem</strong></span> <span class='ocrx_word' id='word_1_578' title='bbox 957 4811 1136 4856; x_wconf 83' lang='lat' dir='ltr'><strong>autem</strong></span> <span class='ocrx_word' id='word_1_579' title='bbox 1178 4800 1470 4866; x_wconf 88' lang='lat' dir='ltr'><strong>Dominus;</strong></span> <span class='ocrx_word' id='word_1_580' title='bbox 1505 4807 1560 4854; x_wconf 91' lang='lat' dir='ltr'><strong>et</strong></span> <span class='ocrx_word' id='word_1_581' title='bbox 1585 4799 1880 4854; x_wconf 89' lang='lat' dir='ltr'><strong>divisiones</strong></span> <span class='ocrx_word' id='word_1_582' title='bbox 1908 4798 2181 4852; x_wconf 84' lang='lat' dir='ltr'><strong>ministra—</strong></span> 
     </span>
    </p>
   </div>
   <div class='ocr_carea' id='block_1_85' title="bbox 606 4890 2188 4964">
    <p class='ocr_par' dir='ltr' id='par_1_85' title="bbox 606 4890 2188 4964">
     <span class='ocr_line' id='line_1_85' title="bbox 606 4890 2188 4964; baseline -0.003 -17"><span class='ocrx_word' id='word_1_583' title='bbox 606 4895 812 4950; x_wconf 89' lang='lat' dir='ltr'><strong>tionum</strong></span> <span class='ocrx_word' id='word_1_584' title='bbox 865 4903 1011 4961; x_wconf 86' lang='lat' dir='ltr'><strong>sunt,</strong></span> <span class='ocrx_word' id='word_1_585' title='bbox 1063 4895 1204 4964; x_wconf 87' lang='lat' dir='ltr'><strong>idem</strong></span> <span class='ocrx_word' id='word_1_586' title='bbox 1247 4903 1425 4949; x_wconf 90' lang='lat' dir='ltr'><strong>autem</strong></span> <span class='ocrx_word' id='word_1_587' title='bbox 1462 4892 1748 4956; x_wconf 89' lang='lat' dir='ltr'><strong>Dominus;</strong></span> <span class='ocrx_word' id='word_1_588' title='bbox 1800 4902 1855 4945; x_wconf 90' lang='lat' dir='ltr'><strong>et</strong></span> <span class='ocrx_word' id='word_1_589' title='bbox 1897 4890 2188 4945; x_wconf 87' lang='lat' dir='ltr'><strong>divisiones</strong></span> 
     </span>
    </p>
   </div>
   <div class='ocr_carea' id='block_1_86' title="bbox 603 4981 2186 5054">
    <p class='ocr_par' dir='ltr' id='par_1_86' title="bbox 603 4981 2186 5054">
     <span class='ocr_line' id='line_1_86' title="bbox 603 4981 2186 5054; baseline -0.002 -20"><span class='ocrx_word' id='word_1_590' title='bbox 603 4984 976 5054; x_wconf 85' lang='lat' dir='ltr'><strong>operationum</strong></span> <span class='ocrx_word' id='word_1_591' title='bbox 998 4993 1145 5047; x_wconf 90' lang='lat' dir='ltr'><strong>sunt,</strong></span> <span class='ocrx_word' id='word_1_592' title='bbox 1166 4985 1306 5038; x_wconf 90' lang='lat' dir='ltr'><strong>idem</strong></span> <span class='ocrx_word' id='word_1_593' title='bbox 1329 4998 1458 5038; x_wconf 86' lang='lat' dir='ltr'><strong>vero</strong></span> <span class='ocrx_word' id='word_1_594' title='bbox 1483 4983 1642 5045; x_wconf 90' lang='lat' dir='ltr'><strong>Deus,</strong></span> <span class='ocrx_word' id='word_1_595' title='bbox 1672 4981 1763 5050; x_wconf 90' lang='lat' dir='ltr'><strong>qui</strong></span> <span class='ocrx_word' id='word_1_596' title='bbox 1791 4989 2048 5049; x_wconf 89' lang='lat' dir='ltr'><strong>operatur</strong></span> <span class='ocrx_word' id='word_1_597' title='bbox 2066 4993 2186 5032; x_wconf 56' lang='lat' dir='ltr'><strong>om-</strong></span> 
     </span>
    </p>
   </div>
   <div class='ocr_carea' id='block_1_87' title="bbox 601 5069 2183 5146">
    <p class='ocr_par' dir='ltr' id='par_1_87' title="bbox 601 5069 2183 5146">
     <span class='ocr_line' id='line_1_87' title="bbox 601 5069 2183 5146; baseline -0.004 -16"><span class='ocrx_word' id='word_1_598' title='bbox 601 5077 694 5131; x_wconf 87' lang='lat' dir='ltr'><strong>nia</strong></span> <span class='ocrx_word' id='word_1_599' title='bbox 725 5077 778 5131; x_wconf 91' lang='lat' dir='ltr'><strong>in</strong></span> <span class='ocrx_word' id='word_1_600' title='bbox 819 5077 1071 5132; x_wconf 88' lang='lat' dir='ltr'><strong>omnibus</strong></span> <span class='ocrx_word' id='word_1_601' title='bbox 1101 5075 1151 5146; x_wconf 87' lang='grc' dir='ltr'><strong>(Ι</strong></span> <span class='ocrx_word' id='word_1_602' title='bbox 1185 5075 1307 5130; x_wconf 87' lang='lat' dir='ltr'><strong>Cor.</strong></span> <span class='ocrx_word' id='word_1_603' title='bbox 1343 5075 1460 5146; x_wconf 72' lang='grc' dir='ltr'>ιιι).</span> <span class='ocrx_word' id='word_1_604' title='bbox 1495 5093 1514 5126; x_wconf 71' lang='grc' dir='ltr'><strong>ι</strong></span> <span class='ocrx_word' id='word_1_605' title='bbox 1551 5073 1752 5142; x_wconf 83' lang='lat' dir='ltr'><strong>Nempe</strong></span> <span class='ocrx_word' id='word_1_606' title='bbox 1797 5086 1920 5127; x_wconf 90' lang='lat' dir='ltr'><strong>cum</strong></span> <span class='ocrx_word' id='word_1_607' title='bbox 1950 5069 2183 5141; x_wconf 90' lang='lat' dir='ltr'><strong>primum</strong></span> 
     </span>
    </p>
   </div>
   <div class='ocr_carea' id='block_1_88' title="bbox 599 5160 2185 5236">
    <p class='ocr_par' dir='ltr' id='par_1_88' title="bbox 599 5160 2185 5236">
     <span class='ocr_line' id='line_1_88' title="bbox 599 5160 2185 5236; baseline -0.004 -16"><span class='ocrx_word' id='word_1_608' title='bbox 599 5175 766 5234; x_wconf 90' lang='lat' dir='ltr'><strong>ponat</strong></span> <span class='ocrx_word' id='word_1_609' title='bbox 814 5163 1098 5236; x_wconf 91' lang='lat' dir='ltr'><strong>Spiritum,</strong></span> <span class='ocrx_word' id='word_1_610' title='bbox 1146 5163 1338 5219; x_wconf 90' lang='lat' dir='ltr'><strong>deinde</strong></span> <span class='ocrx_word' id='word_1_611' title='bbox 1379 5163 1665 5234; x_wconf 75' lang='lat' dir='ltr'><strong>subiungat</strong></span> <span class='ocrx_word' id='word_1_612' title='bbox 1706 5160 2015 5223; x_wconf 91' lang='lat' dir='ltr'><strong>Dominum,</strong></span> <span class='ocrx_word' id='word_1_613' title='bbox 2061 5173 2185 5228; x_wconf 86' lang='lat' dir='ltr'><strong>pos-</strong></span> 
     </span>
    </p>
   </div>
   <div class='ocr_carea' id='block_1_89' title="bbox 603 5252 2184 5322">
    <p class='ocr_par' dir='ltr' id='par_1_89' title="bbox 603 5252 2184 5322">
     <span class='ocr_line' id='line_1_89' title="bbox 603 5252 2184 5322; baseline -0.003 -15"><span class='ocrx_word' id='word_1_614' title='bbox 603 5265 778 5311; x_wconf 87' lang='lat' dir='ltr'><strong>tremo</strong></span> <span class='ocrx_word' id='word_1_615' title='bbox 824 5256 1017 5322; x_wconf 88' lang='lat' dir='ltr'><strong>Deum,</strong></span> <span class='ocrx_word' id='word_1_616' title='bbox 1061 5255 1297 5311; x_wconf 76' lang='lat' dir='ltr'><strong>ostendit</strong></span> <span class='ocrx_word' id='word_1_617' title='bbox 1344 5263 1586 5310; x_wconf 91' lang='lat' dir='ltr'><strong>sanctam</strong></span> <span class='ocrx_word' id='word_1_618' title='bbox 1630 5252 1974 5315; x_wconf 75' lang='lat' dir='ltr'><strong>Trinitatem,</strong></span> <span class='ocrx_word' id='word_1_619' title='bbox 2021 5264 2184 5304; x_wconf 89' lang='lat' dir='ltr'><strong>unum</strong></span> 
     </span>
    </p>
   </div>
   <div class='ocr_carea' id='block_1_90' title="bbox 603 5341 2186 5418">
    <p class='ocr_par' dir='ltr' id='par_1_90' title="bbox 603 5341 2186 5418">
     <span class='ocr_line' id='line_1_90' title="bbox 603 5341 2186 5418; baseline -0.003 -19"><span class='ocrx_word' id='word_1_620' title='bbox 603 5346 810 5402; x_wconf 85' lang='lat' dir='ltr'><strong>scilicet</strong></span> <span class='ocrx_word' id='word_1_621' title='bbox 852 5349 1020 5403; x_wconf 89' lang='lat' dir='ltr'><strong>Deum</strong></span> <span class='ocrx_word' id='word_1_622' title='bbox 1062 5347 1303 5402; x_wconf 90' lang='lat' dir='ltr'><strong>omnium</strong></span> <span class='ocrx_word' id='word_1_623' title='bbox 1342 5345 1636 5418; x_wconf 82' lang='lat' dir='ltr'><strong>gratiarum</strong></span> <span class='ocrx_word' id='word_1_624' title='bbox 1665 5359 1787 5400; x_wconf 90' lang='lat' dir='ltr'><strong>esse</strong></span> <span class='ocrx_word' id='word_1_625' title='bbox 1817 5341 2186 5398; x_wconf 84' lang='lat' dir='ltr'><strong>indubitanter</strong></span> 
     </span>
    </p>
   </div>
   <div class='ocr_carea' id='block_1_91' title="bbox 605 5432 2184 5504">
    <p class='ocr_par' dir='ltr' id='par_1_91' title="bbox 605 5432 2184 5504">
     <span class='ocr_line' id='line_1_91' title="bbox 605 5432 2184 5504; baseline -0.001 -16"><span class='ocrx_word' id='word_1_626' title='bbox 605 5445 903 5490; x_wconf 88' lang='lat' dir='ltr'><strong>auctorem.</strong></span> <span class='ocrx_word' id='word_1_627' title='bbox 951 5438 1067 5504; x_wconf 87' lang='lat' dir='ltr'><strong>Ipse</strong></span> <span class='ocrx_word' id='word_1_628' title='bbox 1107 5438 1250 5494; x_wconf 91' lang='lat' dir='ltr'><strong>enim</strong></span> <span class='ocrx_word' id='word_1_629' title='bbox 1289 5452 1386 5492; x_wconf 86' lang='lat' dir='ltr'><strong>sua</strong></span> <span class='ocrx_word' id='word_1_630' title='bbox 1423 5437 1561 5491; x_wconf 91' lang='lat' dir='ltr'><strong>dona</strong></span> <span class='ocrx_word' id='word_1_631' title='bbox 1593 5434 1885 5499; x_wconf 90' lang='lat' dir='ltr'><strong>distribuit,</strong></span> <span class='ocrx_word' id='word_1_632' title='bbox 1932 5433 2023 5503; x_wconf 89' lang='lat' dir='ltr'><strong>qui</strong></span> <span class='ocrx_word' id='word_1_633' title='bbox 2072 5432 2184 5486; x_wconf 88' lang='lat' dir='ltr'><strong>sin-</strong></span> 
     </span>
    </p>
   </div>
   <div class='ocr_carea' id='block_1_92' title="bbox 604 5525 2184 5600">
    <p class='ocr_par' dir='ltr' id='par_1_92' title="bbox 604 5525 2184 5600">
     <span class='ocr_line' id='line_1_92' title="bbox 604 5525 2184 5600; baseline -0.001 -20"><span class='ocrx_word' id='word_1_634' title='bbox 604 5525 850 5599; x_wconf 84' lang='lat' dir='ltr'><strong>gulorum</strong></span> <span class='ocrx_word' id='word_1_635' title='bbox 888 5530 1074 5584; x_wconf 88' lang='lat' dir='ltr'><strong>merita</strong></span> <span class='ocrx_word' id='word_1_636' title='bbox 1107 5539 1159 5584; x_wconf 89' lang='lat' dir='ltr'><strong>ct</strong></span> <span class='ocrx_word' id='word_1_637' title='bbox 1189 5543 1413 5600; x_wconf 86' lang='lat' dir='ltr'><strong>operum</strong></span> <span class='ocrx_word' id='word_1_638' title='bbox 1446 5528 1784 5585; x_wconf 84' lang='lat' dir='ltr'><strong>diversitates</strong></span> <span class='ocrx_word' id='word_1_639' title='bbox 1815 5525 2026 5582; x_wconf 85' lang='lat' dir='ltr'><strong>occulta</strong></span> <span class='ocrx_word' id='word_1_640' title='bbox 2065 5539 2184 5595; x_wconf 89' lang='lat' dir='ltr'><strong>pro-</strong></span> 
     </span>
    </p>
   </div>
   <div class='ocr_carea' id='block_1_93' title="bbox 605 5619 1124 5676">
    <p class='ocr_par' dir='ltr' id='par_1_93' title="bbox 605 5619 1124 5676">
     <span class='ocr_line' id='line_1_93' title="bbox 605 5619 1124 5676; baseline 0.004 -4"><span class='ocrx_word' id='word_1_641' title='bbox 605 5619 810 5675; x_wconf 75' lang='lat' dir='ltr'><strong>\isioue</strong></span> <span class='ocrx_word' id='word_1_642' title='bbox 851 5619 1124 5676; x_wconf 82' lang='lat' dir='ltr'><strong>discernit.</strong></span> 
     </span>
    </p>
   </div>
   <div class='ocr_carea' id='block_1_94' title="bbox 2267 4696 3874 4770">
    <p class='ocr_par' dir='ltr' id='par_1_94' title="bbox 2267 4696 3874 4770">
     <span class='ocr_line' id='line_1_94' title="bbox 2267 4696 3874 4770; baseline -0.003 -17"><span class='ocrx_word' id='word_1_643' title='bbox 2267 4715 2570 4770; x_wconf 22' lang='lat' dir='ltr'><strong>xcurarum,</strong></span> <span class='ocrx_word' id='word_1_644' title='bbox 2603 4701 2807 4764; x_wconf 87' lang='lat' dir='ltr'><strong>anima,</strong></span> <span class='ocrx_word' id='word_1_645' title='bbox 2835 4714 2956 4768; x_wconf 68' lang='lat' dir='ltr'><strong>quae</strong></span> <span class='ocrx_word' id='word_1_646' title='bbox 2985 4698 3311 4752; x_wconf 89' lang='lat' dir='ltr'><strong>intrinsecus</strong></span> <span class='ocrx_word' id='word_1_647' title='bbox 3327 4696 3475 4766; x_wconf 81' lang='lat' dir='ltr'><strong>jacet</strong></span> <span class='ocrx_word' id='word_1_648' title='bbox 3503 4705 3738 4759; x_wconf 84' lang='lat' dir='ltr'><strong>mortua,</strong></span> <span class='ocrx_word' id='word_1_649' title='bbox 3768 4711 3874 4750; x_wconf 81' lang='lat' dir='ltr'><strong>non</strong></span> 
     </span>
    </p>
   </div>
   <div class='ocr_carea' id='block_1_95' title="bbox 2284 4776 3876 4860">
    <p class='ocr_par' dir='ltr' id='par_1_95' title="bbox 2284 4776 3876 4860">
     <span class='ocr_line' id='line_1_95' title="bbox 2284 4776 3876 4860; baseline -0.003 -18"><span class='ocrx_word' id='word_1_650' title='bbox 2284 4790 2544 4860; x_wconf 70' lang='lat' dir='ltr'><strong>resurgit.</strong></span> <span class='ocrx_word' id='word_1_651' title='bbox 2569 4789 2703 4843; x_wconf 85' lang='lat' dir='ltr'><strong>Nam</strong></span> <span class='ocrx_word' id='word_1_652' title='bbox 2729 4790 2854 4843; x_wconf 86' lang='lat' dir='ltr'><strong>dum</strong></span> <span class='ocrx_word' id='word_1_653' title='bbox 2879 4804 2937 4844; x_wconf 90' lang='lat' dir='ltr'><strong>se</strong></span> <span class='ocrx_word' id='word_1_654' title='bbox 2962 4803 3059 4859; x_wconf 87' lang='lat' dir='ltr'><strong>per</strong></span> <span class='ocrx_word' id='word_1_655' title='bbox 3085 4776 3400 4843; x_wconf 75' lang='lat' dir='ltr'><strong>innumeras</strong></span> <span class='ocrx_word' id='word_1_656' title='bbox 3425 4797 3768 4842; x_wconf 79' lang='lat' dir='ltr'><strong>terrenarum</strong></span> <span class='ocrx_word' id='word_1_657' title='bbox 3792 4785 3876 4838; x_wconf 60' lang='lat' dir='ltr'><strong>de.</strong></span> 
     </span>
    </p>
   </div>
   <div class='ocr_carea' id='block_1_96' title="bbox 2287 4878 3874 4951">
    <p class='ocr_par' dir='ltr' id='par_1_96' title="bbox 2287 4878 3874 4951">
     <span class='ocr_line' id='line_1_96' title="bbox 2287 4878 3874 4951; baseline -0.003 -17"><span class='ocrx_word' id='word_1_658' title='bbox 2287 4881 2616 4936; x_wconf 83' lang='lat' dir='ltr'><strong>sideriomm</strong></span> <span class='ocrx_word' id='word_1_659' title='bbox 2645 4881 3003 4951; x_wconf 84' lang='lat' dir='ltr'><strong>cogitationes</strong></span> <span class='ocrx_word' id='word_1_660' title='bbox 3038 4879 3265 4950; x_wconf 90' lang='lat' dir='ltr'><strong>spargit,</strong></span> <span class='ocrx_word' id='word_1_661' title='bbox 3291 4879 3360 4933; x_wconf 92' lang='lat' dir='ltr'><strong>ad</strong></span> <span class='ocrx_word' id='word_1_662' title='bbox 3383 4878 3874 4933; x_wconf 82' lang='lat' dir='ltr'><strong>considerationem</strong></span> 
     </span>
    </p>
   </div>
   <div class='ocr_carea' id='block_1_97' title="bbox 2283 4970 3874 5043">
    <p class='ocr_par' dir='ltr' id='par_1_97' title="bbox 2283 4970 3874 5043">
     <span class='ocr_line' id='line_1_97' title="bbox 2283 4970 3874 5043; baseline -0.003 -16"><span class='ocrx_word' id='word_1_663' title='bbox 2283 4973 2373 5028; x_wconf 82' lang='lat' dir='ltr'><strong>sui</strong></span> <span class='ocrx_word' id='word_1_664' title='bbox 2408 4990 2529 5029; x_wconf 85' lang='lat' dir='ltr'><strong>sese</strong></span> <span class='ocrx_word' id='word_1_665' title='bbox 2567 4972 2873 5028; x_wconf 84' lang='lat' dir='ltr'><strong>nullatenus</strong></span> <span class='ocrx_word' id='word_1_666' title='bbox 2921 4971 3143 5043; x_wconf 87' lang='lat' dir='ltr'><strong>colligit.</strong></span> <span class='ocrx_word' id='word_1_667' title='bbox 3187 4971 3378 5026; x_wconf 87' lang='lat' dir='ltr'><strong>Nullus</strong></span> <span class='ocrx_word' id='word_1_668' title='bbox 3408 4971 3606 5040; x_wconf 92' lang='lat' dir='ltr'><strong>quippe</strong></span> <span class='ocrx_word' id='word_1_669' title='bbox 3652 4970 3874 5038; x_wconf 82' lang='lat' dir='ltr'><strong>sapien-</strong></span> 
     </span>
    </p>
   </div>
   <div class='ocr_carea' id='block_1_98' title="bbox 2290 5061 3876 5134">
    <p class='ocr_par' dir='ltr' id='par_1_98' title="bbox 2290 5061 3876 5134">
     <span class='ocr_line' id='line_1_98' title="bbox 2290 5061 3876 5134; baseline -0.002 -16"><span class='ocrx_word' id='word_1_670' title='bbox 2290 5063 2446 5129; x_wconf 88' lang='lat' dir='ltr'><strong>tiam,</strong></span> <span class='ocrx_word' id='word_1_671' title='bbox 2495 5078 2616 5134; x_wconf 68' lang='lat' dir='ltr'><strong>quaa</strong></span> <span class='ocrx_word' id='word_1_672' title='bbox 2661 5062 2804 5119; x_wconf 91' lang='lat' dir='ltr'><strong>Deus</strong></span> <span class='ocrx_word' id='word_1_673' title='bbox 2855 5070 2959 5129; x_wconf 90' lang='lat' dir='ltr'><strong>est,</strong></span> <span class='ocrx_word' id='word_1_674' title='bbox 3008 5062 3162 5132; x_wconf 91' lang='lat' dir='ltr'><strong>plene</strong></span> <span class='ocrx_word' id='word_1_675' title='bbox 3200 5061 3454 5131; x_wconf 88' lang='lat' dir='ltr'><strong>percipit,</strong></span> <span class='ocrx_word' id='word_1_676' title='bbox 3507 5061 3612 5115; x_wconf 88' lang='lat' dir='ltr'><strong>nisi</strong></span> <span class='ocrx_word' id='word_1_677' title='bbox 3659 5061 3753 5130; x_wconf 89' lang='lat' dir='ltr'><strong>qui</strong></span> <span class='ocrx_word' id='word_1_678' title='bbox 3806 5062 3876 5114; x_wconf 80' lang='lat' dir='ltr'><strong>ab</strong></span> 
     </span>
    </p>
   </div>
   <div class='ocr_carea' id='block_1_99' title="bbox 2287 5151 3875 5208">
    <p class='ocr_par' dir='ltr' id='par_1_99' title="bbox 2287 5151 3875 5208">
     <span class='ocr_line' id='line_1_99' title="bbox 2287 5151 3875 5208; baseline -0.001 -1"><span class='ocrx_word' id='word_1_679' title='bbox 2287 5154 2433 5208; x_wconf 79' lang='lat' dir='ltr'><strong>ornni</strong></span> <span class='ocrx_word' id='word_1_680' title='bbox 2461 5167 2520 5208; x_wconf 89' lang='lat' dir='ltr'><strong>se</strong></span> <span class='ocrx_word' id='word_1_681' title='bbox 2545 5153 2862 5208; x_wconf 78' lang='lat' dir='ltr'><strong>abstrahere</strong></span> <span class='ocrx_word' id='word_1_682' title='bbox 2887 5153 3160 5207; x_wconf 89' lang='lat' dir='ltr'><strong>actionum</strong></span> <span class='ocrx_word' id='word_1_683' title='bbox 3197 5151 3496 5206; x_wconf 88' lang='lat' dir='ltr'><strong>carnalium</strong></span> <span class='ocrx_word' id='word_1_684' title='bbox 3521 5151 3875 5206; x_wconf 82' lang='lat' dir='ltr'><strong>ﬂuctuatione</strong></span> 
     </span>
    </p>
   </div>
   <div class='ocr_carea' id='block_1_100' title="bbox 2287 5243 3872 5312">
    <p class='ocr_par' dir='ltr' id='par_1_100' title="bbox 2287 5243 3872 5312">
     <span class='ocr_line' id='line_1_100' title="bbox 2287 5243 3872 5312; baseline -0.002 -12"><span class='ocrx_word' id='word_1_685' title='bbox 2287 5245 2585 5300; x_wconf 78' lang='lat' dir='ltr'><strong>contendit.</strong></span> <span class='ocrx_word' id='word_1_686' title='bbox 2631 5245 2782 5301; x_wconf 88' lang='lat' dir='ltr'><strong>Unde</strong></span> <span class='ocrx_word' id='word_1_687' title='bbox 2821 5245 2956 5299; x_wconf 88' lang='lat' dir='ltr'><strong>alias</strong></span> <span class='ocrx_word' id='word_1_688' title='bbox 2995 5245 3233 5300; x_wconf 85' lang='lat' dir='ltr'><strong>dicitur:</strong></span> <span class='ocrx_word' id='word_1_689' title='bbox 3275 5262 3293 5294; x_wconf 85' lang='grc'><strong>‹</strong></span> <span class='ocrx_word' id='word_1_690' title='bbox 3325 5243 3663 5312; x_wconf 86' lang='lat' dir='ltr'><strong>Sapientiam</strong></span> <span class='ocrx_word' id='word_1_691' title='bbox 3694 5245 3872 5299; x_wconf 82' lang='lat' dir='ltr'><strong>scriba</strong></span> 
     </span>
    </p>
   </div>
   <div class='ocr_carea' id='block_1_101' title="bbox 2288 5334 3872 5406">
    <p class='ocr_par' dir='ltr' id='par_1_101' title="bbox 2288 5334 3872 5406">
     <span class='ocr_line' id='line_1_101' title="bbox 2288 5334 3872 5406; baseline -0.003 -16"><span class='ocrx_word' id='word_1_692' title='bbox 2288 5337 2342 5390; x_wconf 90' lang='lat' dir='ltr'><strong>in</strong></span> <span class='ocrx_word' id='word_1_693' title='bbox 2371 5348 2610 5406; x_wconf 83' lang='lat' dir='ltr'><strong>tempore</strong></span> <span class='ocrx_word' id='word_1_694' title='bbox 2646 5335 2764 5400; x_wconf 91' lang='lat' dir='ltr'><strong>otii,</strong></span> <span class='ocrx_word' id='word_1_695' title='bbox 2789 5345 2843 5390; x_wconf 90' lang='lat' dir='ltr'><strong>et</strong></span> <span class='ocrx_word' id='word_1_696' title='bbox 2869 5337 2961 5405; x_wconf 91' lang='lat' dir='ltr'><strong>qui</strong></span> <span class='ocrx_word' id='word_1_697' title='bbox 2991 5337 3294 5392; x_wconf 85' lang='lat' dir='ltr'><strong>minoratur</strong></span> <span class='ocrx_word' id='word_1_698' title='bbox 3323 5346 3470 5399; x_wconf 89' lang='lat' dir='ltr'><strong>actu,</strong></span> <span class='ocrx_word' id='word_1_699' title='bbox 3506 5334 3623 5404; x_wconf 87' lang='lat' dir='ltr'><strong>ipse</strong></span> <span class='ocrx_word' id='word_1_700' title='bbox 3650 5334 3872 5405; x_wconf 82' lang='lat' dir='ltr'><strong>percipit</strong></span> 
     </span>
    </p>
   </div>
   <div class='ocr_carea' id='block_1_102' title="bbox 2288 5425 2992 5500">
    <p class='ocr_par' dir='ltr' id='par_1_102' title="bbox 2288 5425 2992 5500">
     <span class='ocr_line' id='line_1_102' title="bbox 2288 5425 2992 5500; baseline -0.003 -19"><span class='ocrx_word' id='word_1_701' title='bbox 2288 5443 2406 5482; x_wconf 86' lang='lat' dir='ltr'><strong>eam</strong></span> <span class='ocrx_word' id='word_1_702' title='bbox 2435 5425 2634 5500; x_wconf 82' lang='lat' dir='ltr'><strong>(Eccle.</strong></span> <span class='ocrx_word' id='word_1_703' title='bbox 2669 5427 2937 5497; x_wconf 78' lang='lat' dir='ltr'><strong>xxxvm).</strong></span> <span class='ocrx_word' id='word_1_704' title='bbox 2973 5445 2992 5479; x_wconf 80' lang='grc' dir='ltr'><strong>ι</strong></span> 
     </span>
    </p>
   </div>
   <div class='ocr_carea' id='block_1_103' title="bbox 2901 5518 3254 5575">
    <p class='ocr_par' dir='ltr' id='par_1_103' title="bbox 2901 5518 3254 5575">
     <span class='ocr_line' id='line_1_103' title="bbox 2901 5518 3254 5575; baseline -0.003 -1"><span class='ocrx_word' id='word_1_705' title='bbox 2901 5518 3128 5575; x_wconf 83' lang='lat' dir='ltr'><strong>CAPUT</strong></span> <span class='ocrx_word' id='word_1_706' title='bbox 3168 5518 3254 5573; x_wconf 88' lang='lat' dir='ltr'><strong>Ill.</strong></span> 
     </span>
    </p>
   </div>
   <div class='ocr_carea' id='block_1_104' title="bbox 2714 5597 3523 5668">
    <p class='ocr_par' dir='ltr' id='par_1_104' title="bbox 2714 5597 3523 5668">
     <span class='ocr_line' id='line_1_104' title="bbox 2714 5597 3523 5668; baseline -0.001 -2"><span class='ocrx_word' id='word_1_707' title='bbox 2714 5613 2795 5667; x_wconf 78' lang='lat' dir='ltr'><strong>Ad</strong></span> <span class='ocrx_word' id='word_1_708' title='bbox 2825 5612 3167 5668; x_wconf 73' lang='lat' dir='ltr'><strong>.lluinurdum</strong></span> <span class='ocrx_word' id='word_1_709' title='bbox 3197 5615 3456 5668; x_wconf 86' lang='lat' dir='ltr'><strong>abbatem.</strong></span> <span class='ocrx_word' id='word_1_710' title='bbox 3518 5597 3523 5602; x_wconf 43' lang='grc'><em>’</em></span> 
     </span>
    </p>
   </div>
   <div class='ocr_carea' id='block_1_105' title="bbox 2366 5703 3864 5772">
    <p class='ocr_par' dir='ltr' id='par_1_105' title="bbox 2366 5703 3864 5772">
     <span class='ocr_line' id='line_1_105' title="bbox 2366 5703 3864 5772; baseline -0.003 -15"><span class='ocrx_word' id='word_1_711' title='bbox 2366 5723 2383 5756; x_wconf 75' lang='lat' dir='ltr'><strong>r</strong></span> <span class='ocrx_word' id='word_1_712' title='bbox 2415 5704 2471 5757; x_wconf 88' lang='lat' dir='ltr'><strong>Si</strong></span> <span class='ocrx_word' id='word_1_713' title='bbox 2505 5705 2726 5772; x_wconf 88' lang='lat' dir='ltr'><strong>spiritus</strong></span> <span class='ocrx_word' id='word_1_714' title='bbox 2772 5712 3098 5772; x_wconf 86' lang='lat' dir='ltr'><strong>potestatem</strong></span> <span class='ocrx_word' id='word_1_715' title='bbox 3144 5704 3394 5759; x_wconf 84' lang='lat' dir='ltr'><strong>habentis</strong></span> <span class='ocrx_word' id='word_1_716' title='bbox 3432 5703 3680 5758; x_wconf 80' lang='lat' dir='ltr'><strong>ascendit</strong></span> <span class='ocrx_word' id='word_1_717' title='bbox 3715 5715 3864 5770; x_wconf 71' lang='lat' dir='ltr'><strong>super</strong></span> 
     </span>
    </p>
   </div>
   <div class='ocr_carea' id='block_1_106' title="bbox 2291 5792 3864 5867">
    <p class='ocr_par' dir='ltr' id='par_1_106' title="bbox 2291 5792 3864 5867">
     <span class='ocr_line' id='line_1_106' title="bbox 2291 5792 3864 5867; baseline -0.004 -19"><span class='ocrx_word' id='word_1_718' title='bbox 2291 5802 2365 5861; x_wconf 74' lang='lat' dir='ltr'><strong>te,</strong></span> <span class='ocrx_word' id='word_1_719' title='bbox 2420 5793 2593 5849; x_wconf 84' lang='lat' dir='ltr'><strong>locum</strong></span> <span class='ocrx_word' id='word_1_720' title='bbox 2647 5802 2797 5850; x_wconf 88' lang='lat' dir='ltr'><strong>tuum</strong></span> <span class='ocrx_word' id='word_1_721' title='bbox 2847 5811 2913 5850; x_wconf 90' lang='lat' dir='ltr'><strong>nc</strong></span> <span class='ocrx_word' id='word_1_722' title='bbox 2963 5794 3234 5853; x_wconf 84' lang='lat' dir='ltr'><strong>dimiseris</strong></span> <span class='ocrx_word' id='word_1_723' title='bbox 3283 5794 3480 5867; x_wconf 79' lang='lat' dir='ltr'><strong>(Ecde.</strong></span> <span class='ocrx_word' id='word_1_724' title='bbox 3520 5795 3596 5865; x_wconf 61' lang='grc' dir='ltr'><strong>κ).</strong></span> <span class='ocrx_word' id='word_1_725' title='bbox 3634 5813 3654 5847; x_wconf 88' lang='grc'>›</span> <span class='ocrx_word' id='word_1_726' title='bbox 3710 5793 3784 5848; x_wconf 75' lang='lat' dir='ltr'><strong>Ac</strong></span> <span class='ocrx_word' id='word_1_727' title='bbox 3828 5792 3864 5843; x_wconf 79' lang='lat' dir='ltr'><strong>si</strong></span> 
     </span>
    </p>
   </div>
  </div>
