4052 6312
325 290 452 344 tttt
499 251 505 256 ’

1578 293 1644 359 IN
1701 294 2000 352 CANTICA
2041 296 2313 364 CANTIC.

3438 294 3577 351 ll-i‘l

320 385 506 476 aperte
534 405 715 462 dicat:
761 407 818 462 Si
849 408 1130 464 teutatoris
1173 391 1418 479 spiritum
1457 410 1508 464 in
1540 409 1719 478 aliquo
1749 404 1888 480 przcé
1918 414 1964 472 Α
1994 404 2302 481 minemqoi
2336 409 2610 467 hominum
2651 408 3328 490 recognoscitAuctorem;
3356 390 3583 479 alioqui,"

318 497 500 553 valere
527 498 858 563 consideras,
890 498 1248 554 humilitatem
1294 499 1628 569 pcenitentize
1663 516 1766 553 non
1807 515 1895 555 re—

318 585 556 656 linquas.
586 585 653 640 Et
681 585 807 639 aliti
844 587 1103 657 scriptum
1133 599 1252 641 est:
1287 607 1304 638 ι
1342 587 1454 642 Noli
1485 587 1650 643 al‘tum
1686 603 1891 658 sapere,

318 674 413 728 sed
446 673 576 726 time
605 682 660 726 et
705 671 952 726 ultimum
1001 674 1052 728 in
1084 675 1452 744 spiritualibus
1493 676 1695 746 nuptiis
1733 691 1894 732 accu-

319 763 490 820 bitum
525 772 648 834 pete
677 757 849 834 (Rom.
879 762 978 833 XI).
1006 783 1023 814 ι
1581 754 1583 756 ’
1645 787 1676 820 α

919 874 1146 931 CAPUT
1200 875 1290 931 ιν.

317 983 385 1038 In
410 983 629 1055 epistola
657 985 728 1038 ad
765 984 1098 1054 Bonifacium
1143 984 1514 1052 Causidicum,
1561 997 1618 1041 ut
1652 989 1900 1043 exteriori

479 1055 779 1130 prudentia
807 1055 1099 1125 spiritualis
1125 1057 1379 1126 sapientia
1408 1057 1741 1127 praeferatur.

395 1167 413 1199 ι
445 1127 520 1202 Da
566 1156 775 1218 partem
833 1157 1059 1218 septem,
1119 1163 1220 1203 nec
1272 1164 1376 1202 non
1429 1157 1484 1203 ct
1530 1157 1652 1205 octo
1699 1127 1909 1220 (Eccle.

319 1238 418 1309 ιιι).
453 1259 472 1290 ι
505 1237 600 1293 Sio
641 1249 966 1308 praesentem
995 1241 1181 1304 vitam,
1225 1256 1345 1310 (tum
1393 1256 1487 1310 per
1533 1243 1902 1312 septenarium

318 1342 607 1384 numerum
637 1329 972 1400 designatur,
1003 1345 1250 1394 excurre,
1283 1342 1339 1384 ut
1368 1331 1472 1401 iam
1512 1332 1564 1387 in
1602 1349 1787 1388 amore
1817 1333 1900 1388 fu-

319 1429 485 1487 turae,
527 1434 648 1489 quae
677 1434 774 1488 per
811 1421 1150 1477 octonarium
1189 1423 1604 1478 resurrectionis
1648 1425 1904 1494 exprimit

318 1502 570 1576 gloriam,
605 1504 732 1560 totis
762 1506 984 1559 studeas
1019 1506 1318 1564 visceribus
1347 1508 1616 1565 habitare.
1663 1509 1742 1564 llli
1780 1526 1904 1581 per-

264 1632 272 1641 ι
318 1593 643 1650 [unctorium
679 1603 842 1664 atque
886 1595 1169 1651 volaticam
1213 1597 1406 1654 exhibe
1443 1615 1661 1666 curam;
1714 1600 1767 1655 in
1798 1601 1902 1657 hac

317 1691 754 1752 perseverantem
785 1693 947 1754 atque
995 1695 1312 1756 perpetuam
1335 1729 1349 1754 ,
1383 1688 1523 1745 sicut
1563 1699 1766 1762 aeterna
1793 1701 1896 1758 est,

318 1772 600 1844 indelicua:
629 1773 917 1832 illectionis
947 1777 1049 1848 ﬁge
1077 1780 1425 1835 sententiam.

837 1887 997 1958 233
1035 1866 1262 1945 CAPUT
1307 1891 1368 1946 ν.

390 1975 460 2032 1η
488 1977 707 2049 epistola
747 1978 817 2033 ad
855 1980 1213 2058 Alexandrum
1251 1999 1460 2053 papam,
1493 1993 1676 2041 contra
1709 2003 1902 2058 papam

928 2067 990 2104 ne
1013 2053 1091 2121 dij
1099 2053 1289 2107 adiret.

399 2155 419 2189 ι
446 2137 634 2193 Finem
659 2139 908 2209 loquendi
933 2143 1140 2210 pariter
1162 2159 1350 2200 omnes
1371 2147 1655 2203 audiamus
1685 2165 1698 2202 :
1732 2148 1898 2204 Deum

317 2225 449 2285 time
477 2236 532 2284 et
567 2229 820 2284 mandata
847 2228 963 2299 ejus
989 2232 1236 2296 observa,
1276 2235 1379 2289 hoc
1422 2245 1503 2290 est
1538 2238 1680 2292 enim
1724 2238 1901 2293 omnis

317 2318 482 2375 homo
533 2319 738 2391 (Eccle.
770 2320 902 2389 xu).
941 2341 959 2373 ι
997 2321 1127 2388 Quis
1159 2333 1240 2379 est
1267 2335 1444 2380 autem
1474 2327 1596 2382 linis
1625 2327 1899 2397 loquendi,

315 2397 424 2488 nisi
455 2407 561 2472 ille,
595 2407 659 2463 de
684 2423 791 2479 quo
819 2408 949 2465 dicit
976 2410 1266 2480 Apostolus
1304 2432 1315 2466 :
1368 2434 1384 2466 ι
1417 2414 1568 2470 Finis
1591 2416 1733 2471 enim
1765 2417 1902 2488 legis

309 2483 384 2577 ῥά
405 2495 1134 2567 justitiam,Cbrist.us,0mni
1161 2505 1466 2560 credenti?»
1496 2505 1669 2577 (nam.
1693 2507 1775 2577 κ.)
1805 2483 1905 2582 ﬁt.

317 2589 403 2646 nis
443 2590 640 2662 quippe
670 2591 803 2662 legis
851 2593 918 2647 ad
965 2594 1252 2664 justitiam,
1312 2595 1559 2652 Christus
1613 2606 1715 2663 est,
1772 2600 1897 2669 quia

315 2677 575 2748 quidquid
629 2681 743 2736 sive
783 2689 976 2746 vetus,
1030 2683 1145 2739 sive
1202 2700 1337 2739 nova
1389 2685 1472 2740 lex
1517 2687 1775 2757 loquitur,
1833 2689 1901 2744 ad

315 2767 463 2824 illum
523 2771 642 2827 sine
689 2772 1024 2828 dubitatione
1054 2775 1308 2849 refertur.
1358 2776 1438 2830 Ad
1470 2775 1737 2845 justitiam
1768 2793 1901 2834 vero

301 2845 422 2936 'non
445 2860 620 2915 otiose
668 2862 865 2916 dicitur
894 2864 1019 2932 quia
1060 2864 1254 2920 divinae
1287 2846 1426 2935 legis
1480 2882 1658 2921 senno
1694 2867 1897 2941 justifi-

316 2960 406 3014 cat
434 2961 489 3006 et
521 2953 761 3008 animam
802 2970 832 3008 a
877 2957 1128 3010 sordibus
1164 2958 1407 3012 mundat.
1441 2957 1593 3014 Sicut
1620 2958 1898 3028 discipulis

315 3040 529 3116 Veritas
573 3043 648 3097 ait
686 3061 698 3096 :
750 3062 767 3095 ι
821 3043 940 3099 Jam
986 3061 1078 3100 vos
1120 3048 1299 3101 mundi
1341 3047 1476 3102 estis
1521 3056 1742 3119 propter
1785 3064 1898 3104 ser-

2001 525 2018 556 i
2051 504 2140 572 qui
2168 504 2396 574 ignOPat,
2425 503 2764 573 ignorabitur
2790 501 2841 573 (ὅ
2855 501 2982 556 Cor.
3015 501 3148 570 inv).
3187 520 3205 554 ι
3233 500 3372 567 Quid
3397 511 3576 556 autem

1995 596 2110 650 sine
2133 595 2216 650 his
2243 595 2314 650 sit
2344 594 2526 658 homo,
2574 594 2858 671 perspicue
2888 592 3078 648 detinit
3120 589 3422 661 Scriptura,
3452 606 3576 646 cum

1995 685 2126 738 dicit
2160 698 2172 738 :
2211 704 2228 735 ‹
2269 682 2446 739 Stellae
2477 700 2583 739 non
2617 693 2743 739 sunt
2786 683 2998 739 munda:
3027 684 3080 737 in
3111 691 3404 752 conSpectu
3436 682 3574 751 ejus,

1997 785 2201 844 quanto
2252 776 2422 845 magis
2454 775 2615 830 homo
2641 774 2870 846 putredo
2900 781 2953 830 et
3005 773 3145 828 [ilius
3194 773 3429 828 hominis
3461 788 3582 828 ver-

1998 866 2132 921 mis?
2171 886 2190 919 ι
2236 866 2356 937 (Job
2388 867 2538 938 xxv.)
2660 868 2673 880 '

2069 955 2222 1011 Unde
2247 965 2304 1011 et
2329 957 2598 1011 Abraham
2637 971 2758 1012 cum
2807 956 2874 1009 ad
2931 971 3158 1011 summa:
3203 955 3579 1012 collocationis

1999 1045 2212 1101 culmen
2241 1046 2523 1111 attollitur,
2572 1061 2696 1100 cum
2749 1045 2944 1100 divinae
2994 1046 3156 1118 235.
3201 1046 3582 1102 familiaritatis

1999 1139 2232 1209 gratiam
2259 1137 2602 1208 peculiariter
2647 1146 3008 1209 promeretur,
3051 1137 3212 1208 hujus
3261 1139 3582 1195 humilitatis

2002 1228 2373 1286 recordatione
2403 1229 2736 1299 deprimitur,
2788 1243 2913 1283 cum
2949 1228 3080 1282 dicit
3116 1245 3129 1282 :
3187 1247 3204 1279 ι
3257 1228 3474 1300 Loquar
3515 1231 3582 1284 ad

2001 1317 2286 1373 Dominum
2342 1334 2520 1374 meum
2574 1334 2696 1375 cum
2747 1319 2848 1373 sim
2906 1318 3078 1388 pulvis
3139 1327 3194 1374 et
3241 1320 3382 1376 cinis
3427 1318 3580 1391 (Gen.

1998 1409 2176 1477 xvm).
2212 1429 2230 1460 ι
2289 1409 2421 1464 Nam
2453 1418 2508 1466 et
2534 1411 2673 1481 apud
2709 1408 2928 1465 Graecos
2969 1410 3083 1464 hmc
3133 1411 3308 1468 teneri
3359 1424 3584 1466 consue~

2001 1500 2129 1554 tudo
2156 1501 2490 1570 perhibetur,
2515 1509 2574 1554 ut
2601 1516 2721 1555 cum
2752 1500 3048 1568 imperator
3085 1501 3206 1569 quis
3239 1501 3293 1555 in
3322 1501 3586 1572 dignitate

2002 1599 2239 1660 creatur,
2271 1607 2394 1646 mox
2426 1601 2486 1646 ut
2534 1590 2902 1661 imperialibus
2934 1590 3097 1646 fuerit
3142 1592 3325 1648 infulis
3360 1594 3582 1648 redimi-

2005 1688 2111 1746 tus,
2135 1695 2348 1736 coronae
2379 1679 2539 1735 simul
2567 1695 2630 1735 ac
2657 1679 2854 1751 sceptri
2897 1681 3067 1750 gloria
3097 1681 3404 1746 decoratur,
3460 1693 3586 1754 cum

1932 1762 1978 1822 B
2005 1769 2236 1839 denique
2257 1785 2541 1839 procerum
2566 1769 2795 1823 vallatur
2821 1770 3118 1839 obsequiis,
3147 1786 3270 1826 cum
3316 1771 3585 1840 excipitur

2000 1861 2404 1918 modulantibus
2432 1860 2775 1931 psallentium
2804 1861 3016 1927 choris;
3067 1862 3286 1932 quidam
3316 1862 3418 1918 sibi
3447 1879 3586 1932 pra:-

1999 1961 2084 2008 sto
2133 1951 2191 2006 [it
2236 1953 2446 2018 obvius,
2486 1954 2578 2026 qui
2626 1955 2875 2010 videlicet
2932 1971 3037 2010 una
3091 1971 3252 2010 manu
3304 1957 3583 2012 vasculum

1999 2043 2220 2114 plenum
2250 2030 2584 2100 mortuorum
2609 2045 2821 2100 ossibus
2849 2061 2911 2100 ac
2934 2046 3243 2116 pulveribus
3265 2045 3488 2113 offerat,
3531 2048 3585 2100 in

2001 2134 2105 2188 alia
2134 2150 2261 2190 vero
2291 2143 2505 2206 stupam
2529 2135 2621 2189 lini
2649 2135 2922 2191 subtiliter
2954 2152 3143 2206 pexam
3173 2151 3238 2191 ac
3277 2136 3400 2208 pilis
3449 2151 3584 2206 peu-

2000 2225 2189 2282 silibus
2218 2227 2452 2282 molliter
2476 2227 2808 2293 demolitam,
2840 2229 2924 2284 cui
2975 2230 3223 2299 protinus
3248 2229 3386 2300 ignis
3431 2227 3585 2282 adhic

1999 2318 2158 2372 betur
2183 2327 2237 2373 et
2265 2327 2484 2390 repente
2515 2319 2566 2373 in
2599 2320 2704 2375 ictu
2738 2320 2882 2375 oculi
2910 2321 3124 2376 ﬂamma
3152 2322 3331 2376 subito
3361 2330 3586 2376 vorante

2001 2411 2378 2465 consumitur:
2425 2419 2484 2465 ut
2527 2410 2580 2464 in
2614 2411 2786 2466 altero
2831 2412 3027 2467 debeat
3069 2412 3419 2467 considerare
3442 2413 3586 2481 quod

2000 2509 2103 2570 est,
2144 2499 2194 2553 in
2223 2499 2392 2555 altero
2417 2500 2592 2555 valeat
2618 2501 2801 2556 videre
2824 2502 2967 2572 quod
3000 2503 3181 2558 habet.
3222 2502 3276 2556 In
3309 2502 3589 2558 cineribus

1999 2588 2266 2656 siquidem
2317 2604 2375 2646 se
2425 2591 2663 2646 cinerem
2725 2593 3092 2665 recognoscit,
3162 2593 3216 2647 in
3268 2601 3422 2664 stupa
3471 2592 3586 2663 jam

2000 2679 2204 2750 Colligit
2231 2681 2286 2735 in
2315 2681 2400 2736 die
2440 2681 2630 2752 judicii
2662 2699 2824 2752 quam
2854 2685 3033 2740 subito
3079 2684 3312 2739 mundus
3348 2683 3584 2749 ardebit,

1999 2781 2265 2840 quatenus
2292 2772 2416 2826 dum
2456 2788 2516 2827 se
2551 2774 2704 2828 simul
2737 2789 2800 2830 ac
2835 2790 2929 2828 sua
2969 2783 3074 2829 tam
3104 2790 3263 2836 vana,
3321 2783 3428 2828 tam
3461 2775 3588 2827 [loc‘

1999 2851 2327 2929 cipendcnd'a
2345 2861 2670 2928 considerat,
2692 2863 2756 2917 de
2776 2863 3066 2934 imperialis
3081 2864 3335 2919 culminis
3351 2877 3580 2920 ascenso

1998 2949 2217 3020 fastigio
2241 2951 2875 3018 tmllatenusiusoleseat;
2901 2963 2953 3008 et
2982 2954 3106 3008 dum
3126 2968 3403 3023 possessor
3421 2962 3586 3022 atque

1998 3042 2270 3110 possessio
2318 3043 2598 3114 subjacere
2653 3046 2926 3099 communi
2978 3045 3222 3100 omnium
3274 3046 3425 3100 casui
3479 3061 3586 3100 non

315 3112 528 3184 nionem
559 3146 716 3200 quem
747 3133 959 3189 locutos
1004 3151 1120 3189 sum
1149 3137 1301 3191 vobis
1328 3137 1509 3208 (Joan.
1539 3139 1690 3215 xv)”
1727 3139 1893 3194 Deum
1924 3112 1968 3174 Ο
2001 3132 2312 3204 οηὶτιῖεῑῑυν,
2352 3135 2463 3205 jam
2493 3135 2644 3204 (ιιιεηί
2689 3136 2755 3191 de
2797 3137 3057 3208 singulari
3090 3137 3368 3208 dignitatis
3412 3139 3581 3206 apice.

317 3238 445 3278 vero
477 3223 687 3290 timere,
743 3235 826 3280 est
864 3237 1055 3282 cuncta
1098 3244 1215 3298 quae
1260 3229 1402 3284 Deus
1443 3231 1693 3300 prohibe:
1738 3247 1895 3288 exse-

315 3315 518 3369 crando
551 3325 606 3368 et
643 3301 1007 3384 abominanth
1045 3304 1412 3375 centemnere.
1453 3319 1701 3376 Mandata
1753 3322 1896 3377 illius

315 3405 624 3474 observare,
661 3417 740 3463 est
771 3411 948 3464 omnia
989 3396 1108 3480 quae
1157 3412 1399 3481 praecipit
1433 3413 1686 3484 operibus
1734 3428 1895 3470 exer-

315 3511 458 3551 cere.
489 3496 582 3554 Ille
603 3515 733 3570 ergo
763 3486 935 3555 Deum
961 3503 1113 3557 timet
1159 3487 1250 3572 qui
1296 3503 1494 3575 satagit
1527 3519 1718 3560 cavere
1750 3493 1898 3576 quod

314 3587 591 3665 prohibet;
632 3589 720 3644 ille
749 3591 999 3646 mandata
1031 3590 1145 3659 ejus
1175 3593 1427 3647 observat
1451 3594 1539 3663 qui
1572 3595 1751 3648 studet
1796 3594 1898 3648 im-

316 3675 462 3752 plere
497 3680 639 3746 quod
677 3679 926 3748 imperat.
968 3702 984 3732 ι
1017 3683 1184 3736 Deum
1215 3698 1341 3752 ergo
1370 3683 1499 3738 time
1537 3691 1591 3737 et
1638 3683 1895 3738 mandata

318 3750 458 3820 illius
487 3767 744 3833 observa;
799 3769 901 3823 hoc
947 3780 1029 3825 est
1069 3773 1212 3824 enim
1243 3750 1419 3825 omnis
1443 3773 1624 3829 homo.
1665 3792 1684 3823 ι
1719 3773 1798 3828 Ac
1849 3767 1902 3830 si.

315 3852 598 3922 perspicue
625 3853 770 3909 dicat
797 3873 808 3907 :
839 3855 940 3923 Qui
969 3872 1072 3911 non
1099 3859 1364 3913 studuerit
1384 3873 1576 3913 cavere
1603 3859 1896 3928 prohibita,

314 3946 406 4016 qui
438 3947 734 4019 neglexerit
772 3949 992 4019 implere
1020 3940 1307 4020 praecepta,
1329 3952 1454 4021 quia
1479 3944 1686 4011 ratione
1724 3948 1902 4019 caret,

316 4035 637 4092 vocabulmn
661 4039 879 4110 quidem
903 4027 1145 4096 ltominis'
1164 4042 1348 4105 habet,
1384 4043 1477 4097 sed
1509 4042 1744 4098 hominis
1775 4057 1896 4098 esse

318 4125 632 4204 non‘habet,
668 4131 793 4198 quia
825 4147 930 4184 non
963 4131 1230 4187 veraciter
1257 4132 1424 4186 utitur
1442 4132 1642 4186 virtute
1663 4132 1897 4188 nominis

292 4229 422 4328 .quo
448 4227 714 4279 censetur.
741 4221 834 4298 Ille
873 4223 1128 4278 nimirum
1168 4238 1226 4280 se
1264 4211 1448 4278 credat
1488 4214 1775 4279 veraciter
1800 4223 1894 4278 ho-

460 4575 478 4594 .
517 4539 593 4623 ρε
620 4540 731 4623 oleo
765 4544 954 4623 effuso.

459 4647 475 4664 .
513 4609 588 4681 De
619 4609 884 4681 nigredine
913 4630 1137 4680 sponsae.

461 4718 473 4731 .
514 4679 592 4733 De
613 4679 870 4799 fasciculo
896 4679 1141 4763 myrrhae.

461 4785 473 4799 .
517 4748 592 4799 De
633 4749 726 4799 alto
747 4751 1077 4799 convallium.

517 4748 592 4802 De
613 4748 726 4803 lilio
747 4748 1077 4804 convallium.

461 4857 474 4870 .
513 4817 591 4872 De
625 4820 867 4873 ordinata
891 4821 1162 4876 charitate.

463 4927 477 4940 .
517 4887 594 4960 De
619 4897 842 4960 utraque
870 4891 990 4944 vita.

461 4997 474 5011 .
513 4957 591 5012 De
609 4957 963 5078 foraminibus
983 4969 1163 5042 petrtv.

462 5067 474 5078 .
515 5028 590 5078 De
630 5027 797 5078 ectrtlo
837 5028 1154 5078 Salornoms-

462 5067 474 5080 .
515 5028 590 5082 De
609 5027 797 5082 lectulo
837 5027 1154 5085 Salomonis.

462 5136 474 5149 .
523 5097 597 5149 De
623 5098 788 5154 oculis
822 5098 1200 5154 columbarum.

517 5164 590 5218 De
615 5167 853 5222 dentibus
879 5168 1144 5222 Ecclesia'.

460 5272 471 5284 .
513 5233 590 5289 De
623 5237 824 5292 duobus
849 5238 1112 5292 uberibus.

462 5345 472 5357 .
513 5303 590 5376 ρε
613 5307 1002 5376 pulchritudine
1031 5310 1234 5362 amicat.

459 5413 474 5428 .
515 5372 591 5428 De
613 5372 814 5430 corona
844 5379 1056 5440 animm,
1087 5380 1162 5432 vel
1199 5393 1394 5435 sancta:
1422 5381 1690 5440 Ecclesia’.

459 5482 474 5498 .
514 5443 592 5513 De
613 5445 856 5513 aquilone
882 5457 930 5500 et
955 5458 1155 5502 austro.

424 4539 473 4594 1.

411 4609 473 4673 A2.

419 4679 473 4734 3.

416 4748 473 4803 4.

421 4819 473 4871 5.

423 4889 473 4940 6.

422 4958 473 5011 7.

421 5028 473 5082 8.

423 5095 473 5149 9.

385 5165 472 5218 10.

388 5234 407 5261 ι
426 5233 444 5261 ,Ι

388 5234 410 5288 1

387 5303 410 5358 1

387 5373 409 5426 1

386 5444 410 5498 1

389 5514 412 5567 1

385 5582 410 5638 1

385 5655 408 5709 1

420 5303 454 5357 2

420 5375 453 5428 5

418 5441 454 5497 4

421 5512 455 5568 5

422 5580 454 5635 6

421 5653 451 5705 7

459 5623 474 5637 .
517 5580 668 5646 Quod
691 5580 903 5638 dilectus
931 5587 1126 5640 dicitur
1148 5580 1402 5645 mnditith
1430 5602 1476 5646 et
1503 5580 1842 5647 rubicundus.

459 5693 472 5704 .
515 5649 592 5706 De
611 5656 802 5706 smmis
832 5657 1145 5710 doctoribus.

390 5723 478 5779 18.
520 5720 593 5778 De
618 5735 789 5778 ventre
805 5724 998 5781 Christi
1023 5727 1264 5783 eburneo.

1996 3227 2090 3296 qui
2116 3228 2181 3280 ad
2211 3244 2418 3282 summa
2446 3236 2733 3296 provectus
2754 3238 2857 3294 est,
2892 3245 2998 3284 non
3025 3229 3258 3285 inﬂetur.
3291 3229 3582 3284 Pulchrum

1997 3331 2125 3386 ergo
2176 3317 2458 3371 mundanae
2510 3317 2839 3374 conditionis
2893 3319 3141 3375 ordinem
3193 3321 3356 3375 homo
3409 3321 3588 3375 consi—

1999 3407 2242 3472 dcret,et
2271 3409 2394 3463 dum
2428 3410 2540 3465 suis
2572 3410 2758 3465 usibus
2783 3412 2963 3466 ontnia
2997 3411 3174 3466 cernit
3205 3412 3450 3479 attribui,
3476 3423 3585 3468 non

2001 3497 2126 3563 sibi,
2159 3499 2252 3553 sed
2279 3513 2376 3552 suo
2393 3498 2592 3554 referat
2613 3501 2814 3569 gratias
2841 3500 3146 3569 Conditori;
3182 3501 3585 3558 lenocinantem

2002 3587 2187 3641 mmidi
2228 3586 2453 3658 gloriam
2485 3589 2585 3643 sub
2627 3587 2816 3657 judicii
2853 3590 2934 3644 sui
2986 3589 3228 3647 calcibus
3274 3590 3581 3660 deprimat;

2000 3680 2235 3735 virorem
2264 3681 2444 3738 carnis
2483 3681 2694 3743 aridum
2719 3681 2830 3752 jam
2877 3682 3154 3752 pulverem
3201 3683 3407 3750 credat,
3441 3683 3584 3736 diem

2000 3786 2112 3828 Sua:
2139 3773 2441 3828 vocationis
2464 3782 2718 3843 tanquam
2744 3774 3016 3846 speculum
3043 3775 3156 3830 suis
3184 3790 3396 3847 semper
3421 3778 3581 3830 obtu-

1999 3861 2143 3915 tibus
2171 3869 2484 3932 anteponat,‘
2514 3864 2816 3918 districtum
2836 3864 3038 3918 ultima:
3061 3863 3414 3920 discussionis
3435 3865 3579 3935 judi-

1998 3952 2140 4005 cium
2193 3953 2596 4016 contremiscat,
2653 3963 2918 4022 quatenus
2960 3955 3087 4008 dum
3129 3970 3272 4010 nunc
3306 3953 3582 4015 Creatoris

1998 4045 2079 4098 Sui
2103 4044 2309 4115 legibus
2345 4045 2594 4100 subditur
2645 4046 2737 4115 qui
2783 4046 2926 4101 inter
2967 4054 3265 4113 creaturas,
3315 4061 3433 4116 qua:
3465 4055 3580 4100 ter-

1999 4149 2140 4188 renre
2163 4143 2306 4200 sunt,
2336 4135 2550 4190 videtur
2576 4135 2824 4207 insignis,
2851 4136 2903 4191 in
2925 4134 3130 4192 cmlesti
3161 4149 3375 4207 quoque
3414 4133 3605 4206 gloria-

2001 4220 2270 4278 veraciter
2296 4225 2366 4279 sit
2394 4224 2657 4280 sublimis.

1402 4312 1706 4384 Expliciunt
1736 4314 2029 4368 testimonia
2068 4314 2131 4367 de
2163 4312 2496 4369 Ecclesiaste.

1085 4471 1428 4528 INCIPIUNT
1467 4469 1808 4527 CAPITULA
1844 4469 1932 4526 DE
1973 4471 2288 4530 CANTiCIS
2323 4471 2798 4530 CANTICORUM.

459 5552 475 5568 .
515 5512 594 5594 Qe
622 5512 682 5594 eo
698 5515 985 5594 (μεσαιμὶεῄ
1017 5516 1289 5594 Ecclesia;
1319 5519 1427 5594 Ege
1455 5521 1678 5594 dormio,
1705 5531 1756 5594 et
1777 5538 1868 5574 cor
1889 5535 2058 5577 meum
2088 5520 2289 5594 vigilat.
