2039 2691
290 183 358 211 illi!

324 240 367 266 19.
387 241 423 267 De
439 247 540 275 gutture
555 241 663 269 Christi.

323 276 367 301 20,
390 276 426 301 Dr
441 277 508 302 unde
520 277 622 307 punico.

421 311 501 346 236
518 312 562 349 2|.
584 312 622 349 De
635 314 770 349 quadrigis
788 315 945 342 Aminadab.

322 346 366 371 :22.
389 346 426 371 De
440 348 560 373 umbilico
577 346 684 375 Christi.

440 384 518 419 tinnis
535 383 626 419 cupitis
643 383 754 419 C/trisli.~

390 416 426 452 ρει
437 416 631 450 pulchritudine
641 416 757 452 sponsae;

319 450 365 477 ‘25.
387 450 425 476 De
436 451 523 485 fructu
543 453 639 479 crucis.

320 485 365 511 2‘3.
387 485 424 511 De
438 486 531 513 arbore
542 487 622 513 nmio.

320 520 364 546 27.
385 520 424 547 De
442 522 577 556 signacqu
592 523 677 550 cordis
690 529 713 551 et
727 524 836 552 brachii.

740 185 988 215 COLLECTANEA
1012 186 1046 215 IN
1063 187 1176 217 VETUS
1199 188 1470 219 TESTAMENTUM.

1863 189 1936 216 HN

782 571 933 606 Explicinut
945 575 1060 607 capitula
1074 573 1105 600 de
1118 572 1233 600 Cumicis
1248 574 1419 601 canticorum.

312 646 629 692 INCIPIUNT
658 647 1032 696 TESTIMONIA
1060 648 1135 696 DE.
1164 647 1433 694 CANTICIS
1464 649 1881 698 CANTICORUM.

544 733 657 761 CAPUT
672 734 816 762 PRIMUM.

442 779 484 806 [ἷξε
501 788 617 806 sermone
631 780 658 806 in
674 779 756 806 natali
772 780 915 815 virginum,

318 835 328 850 ‹
351 825 446 853 Oleum
460 825 573 853 cﬁ‘nsam
586 833 684 853 nomen
700 826 910 862 tunm(Cant.i).
923 836 931 852 ›
946 826 1070 854 Cbrisma

280 871 383 904 Graece,
411 872 505 899 Latine
534 872 633 899 dicitur
661 873 760 900 unctio.
786 873 808 899 A
833 873 980 901 chrismate
1007 881 1071 909 ergo

278 916 411 949 Christus,
424 922 451 944 et
465 925 479 944 τι
495 917 601 945 Christo
612 918 711 946 dicitttr
724 919 904 946 Christianus.
919 919 971 946 Per
981 919 1069 947 oleum

278 967 368 990 autem
390 962 507 997 Spiritus
532 968 643 991 sanctus
667 964 747 992 debet
775 964 898 1000 intelligi,
924 965 994 992 sicut
1022 972 1071 999 per

277 1007 449 1035 Psalmistam
479 1008 610 1037 Salvatori
636 1014 729 1038 nostra
753 1010 852 1038 dicitur
872 1020 877 1037 :
905 1020 914 1036 α
939 1010 1021 1038 Unxit
1044 1015 1069 1038 te

277 1053 349 1081 Deus
365 1058 425 1080 tuus
438 1054 497 1082 oleo
510 1054 610 1084 lietilite
633 1063 688 1090 pne
710 1056 882 1084 consortibus
905 1057 957 1085 tuis
981 1055 1067 1092 (Psel.

276 1099 360 1132 xttv).
383 1109 392 1125 ι
411 1099 504 1127 Oleum
514 1107 577 1135 ergo
590 1101 703 1128 eﬂ'usum
716 1107 757 1129 est
770 1110 867 1130 nomen
879 1102 991 1136 Christi,
1006 1104 1068 1138 quia

275 1143 304 1169 in
327 1147 366 1171 tot
381 1144 499 1179 Spiritus
524 1146 609 1173 sancti
632 1147 717 1181 gratia
743 1153 907 1183 propagatur
921 1153 986 1183 quot
1006 1153 1069 1176 sunt

276 1188 322 1222 qui
338 1188 439 1216 Christi
455 1190 614 1218 vocabulum
628 1192 762 1220 veraciter
773 1192 932 1221 sortiuntur.

589 1235 702 1264 CAPUT
722 1237 754 1263 ll.

314 1289 323 1304 α
346 1279 427 1315 Nigra
439 1288 509 1314 sum,
523 1281 569 1309 sed
586 1281 717 1316 formosa,
729 1283 790 1311 tilia:
804 1283 981 1315 Hierusalem,
997 1286 1067 1313 sicut

275 1326 450 1353 tabernacula
464 1327 561 1358 Cedar,
571 1327 640 1354 sicut
655 1328 731 1362 pellis
741 1328 894 1356 Salomonis
905 1329 1031 1364 (Ceam).
1054 1339 1063 1355 ι

274 1368 362 1396 CeJar
373 1370 566 1405 interpretatur
577 1375 705 1404 teneone;
728 1373 754 1400 hi
774 1378 835 1400 sunt
848 1374 967 1401 inlideles
979 1374 1063 1402 lucem

1084 736 1107 765 Α
1123 738 1196 767 grata
1207 737 1248 760 est
1262 741 1343 768 super
1358 734 1491 762 carbones
1505 735 1589 763 facies
1601 744 1703 770 eorum,
1721 741 1749 764 et
1770 745 1825 765 non
1848 743 1918 766 sum

1122 778 1221 812 cogniti
1236 779 1260 805 in
1275 779 1386 814 plateis;
1397 780 1585 808 adluesitcntis
1596 790 1689 809 eorum
1703 783 1827 810 ossibus:
1840 783 1916 810 aruit

1122 828 1148 850 et
1168 822 1237 850 facta
1250 829 1290 851 est
1311 826 1386 858 quasi
1402 825 1501 860 lignum
1521 826 1624 862 (Ibitl.).
1643 837 1652 853 ι
1670 827 1723 855 Sed
1746 829 1915 862 aspiciamus

1120 868 1282 895 exteriorem
1297 870 1475 904 nigrediuem,
1489 871 1592 906 aperiat
1605 872 1672 905 ipsa,
1691 873 1762 900 unde
1781 874 1818 900 sit
1839 874 1913 902 inte-

1120 912 1177 939 rior
1187 912 1358 947 pulchritudo
1372 922 1379 940 :
1396 924 1405 940 ‹
1421 914 1604 951 Ιιιόίειιιηιίιιί,
1619 917 1714 951 inquit,
1728 925 1808 952 quem
1823 918 1916 954 diligit

1120 957 1209 984 anima
1226 966 1297 991 mea,
1312 959 1356 985 ubi
1368 967 1472 994 pascas,
1490 961 1534 987 ubi
1549 961 1630 988 cubes
1651 962 1677 988 in
1694 963 1806 989 meridie
1819 963 1911 998 (Cant.

1120 1005 1151 1037 ι).
1172 1013 1181 1030 ι
1203 1004 1242 1031 Ac
1259 1005 1281 1031 si
1298 1004 1389 1032 dicat:
1410 1005 1432 1033 0
1454 1014 1552 1040 sponse
1569 1007 1696 1040 ctelestis,
1715 1016 1796 1043 quem
1817 1009 1910 1036 anima

1120 1056 1179 1076 mea
1197 1050 1415 1078 inenarrabiliter
1435 1051 1530 1087 diligit,
1548 1053 1573 1079 in
1598 1061 1652 1088 quo
1675 1061 1722 1087 per
1744 1054 1910 1082 desiderium

1115 1093 1216 1128 iugiter
1241 1096 1399 1130 requiescit,
1424 1104 1504 1131 quem
1532 1096 1604 1124 ulnis
1630 1098 1731 1126 intimae
1756 1099 1911 1128 dilectionis

1119 1138 1299 1173 amplectitur,
1314 1140 1340 1166 in
1355 1148 1409 1175 quo
1433 1141 1496 1169 lotis
1510 1141 1658 1169 visceribus
1672 1143 1837 1175 delectatur;
1864 1145 1911 1172 die

1119 1184 1184 1210 mihi
1201 1184 1243 1211 ubi
1260 1193 1373 1219 pascas;
1392 1186 1441 1213 hoc
1455 1192 1496 1214 est
1510 1195 1516 1213 :
1533 1187 1571 1214 Tu
1591 1188 1636 1222 qui
1652 1194 1745 1222 pastor
1766 1190 1854 1217 bonus
1868 1198 1907 1224 es,

1118 1230 1161 1257 ubi
1174 1238 1238 1258 oves
1250 1236 1309 1259 tuas
1324 1240 1434 1267 pascere
1451 1233 1549 1266 facias;
1573 1234 1630 1269 ipse
1643 1235 1724 1261 etiam
1747 1235 1791 1262 ubi
1812 1236 1909 1270 cubes,

1117 1276 1144 1303 iul
1159 1281 1200 1303 est
1211 1277 1254 1304 ubi
1268 1278 1422 1313 rcquiescas
1435 1279 1460 1306 in
1474 1284 1539 1306 :cstn
1552 1281 1745 1314 persecutionis
1756 1286 1782 1308 et
1799 1282 1908 1310 fervore

1119 1322 1274 1350 tcutationis
1298 1327 1413 1355 nostrm,
1442 1324 1486 1351 ubi
1509 1324 1623 1357 scilicet.
1648 1326 1698 1353 nisi
1723 1327 1749 1353 in
1774 1327 1825 1357 his,
1856 1328 1905 1362 qui

1118 1366 1216 1394 furenti
1232 1368 1347 1395 vesania:
1365 1369 1461 1396 cedere
1486 1370 1619 1402 nesciunt,
1641 1375 1667 1397 et
1681 1372 1831 1406 grassantis
1846 1380 1907 1398 ma-

274 1416 335 1443 ﬁdei
353 1423 404 1443 ηοη
421 1417 562 1445 habentes.
579 1417 660 1453 Nigra
677 1427 746 1451 sum.
764 1420 859 1455 inqu“.
877 1426 986 1455 promer
999 1429 1062 1456 per,
1079 1416 1100 1445 Β
1117 1412 1178 1439 litim.
1206 1413 1347 1441 conatibus
1369 1414 1504 1441 enerviter
1536 1422 1588 1442 non
1617 1416 1818 1443 succumbunt?
1845 1416 1904 1443 Non

273 1461 421 1489 secutionis
445 1466 539 1489 testula
567 1468 677 1499 propter
700 1465 824 1497 adversa,
850 1473 910 1500 qua:
939 1466 1026 1500 patior
1048 1473 1067 1494 a

273 1506 337 1533 ﬁliis
350 1508 521 1540 tenebrarum
534 1517 546 1545 ι
554 1510 599 1536 sed
613 1510 775 1539 intrinsecus
791 1510 908 1538 formosa
920 1519 988 1542 sum,
1001 1512 1062 1546 quia

272 1552 424 1587 concupivit
437 1561 487 1586 rex
498 1554 615 1589 speciem
629 1562 729 1588 meam,
746 1560 772 1583 et
786 1556 874 1583 omnis
894 1556 977 1591 gloria
1004 1564 1062 1584 mea

271 1597 307 1624 ab
323 1597 404 1625 intus.
422 1598 549 1627 Formosa
562 1607 633 1633 sum,
646 1600 742 1635 inquit,
755 1601 824 1628 sicut
839 1601 928 1636 pellis,
942 1602 993 1628 hoc
1009 1606 1060 1634 est,

272 1642 474 1671 tabernaculum
491 1644 652 1672 Salomonis.
676 1645 751 1673 Sicut
773 1647 844 1673 enim
860 1647 1061 1674 tabernaculum

271 1694 303 1714 ex
321 1694 487 1717 mortuorum
510 1690 540 1717 iit
562 1690 674 1724 pellibus
689 1691 855 1723 aaimalimn,
880 1692 914 1719 ila
931 1692 1062 1719 duntaxat

269 1732 309 1760 illi
324 1737 387 1760 sunt
411 1734 592 1763 habitaculum
614 1736 662 1764 Dei
690 1736 798 1771 (Ephes.
823 1737 865 1773 ιι),
892 1738 935 1772 qui
952 1738 1061 1766 Christo

269 1779 442 1811 commortui,
462 1780 537 1807 vitiis
553 1788 660 1815 quoque
675 1782 819 1816 carnisque
834 1783 1060 1818 concupiscentiis

270 1827 334 1850 sunt
346 1825 472 1853 exstincti
487 1824 594 1860 (Ep/ws.
608 1827 649 1861 ιι).
665 1826 806 1861 Sequitur:
825 1837 834 1853 ε
850 1827 949 1859 Nolite,
962 1828 1058 1863 inquit,

271 1876 315 1895 me
325 1870 498 1897 considerare
512 1872 582 1904 quod
595 1871 670 1898 fusca
686 1872 747 1903 sim.
761 1873 825 1907 quia
840 1872 1004 1900 decoloravit
1016 1881 1059 1901 me

271 1914 322 1947 sol,
338 1922 355 1942 ο
369 1915 429 1944 ﬁliae
445 1916 611 1945 Hierusalem
628 1917 714 1952 (Cant.
731 1918 761 1954 l).
782 1929 792 1945 ›
822 1919 895 1946 Idem
913 1923 940 1946 et
968 1919 1059 1947 ﬁdeles

268 1961 375 1994 animm,
389 1963 415 1990 in
436 1963 479 1990 illa
501 1964 557 1997 jam
582 1964 684 1993 caelesti
713 1965 797 2000 gloria
821 1973 869 2001 per
895 1966 1056 1994 desiderium

268 2007 441 2034 constituite:
455 2008 542 2037 Nolite
560 2017 601 2035 me
615 2010 796 2040 considerare.
814 2011 884 2045 quod
902 2011 974 2039 fusca
995 2012 1056 2044 sim,

268 2052 296 2078 id
309 2057 360 2084 est,
377 2054 457 2081 nolite
474 2055 677 2089 (lespet'are,\‘cl
691 2056 771 2083 nimis
781 2064 969 2091 expavescere,
986 2058 1056 2092 quod

1115 1464 1179 1491 ergo
1203 1457 1337 1485 immerito
1365 1457 1510 1486 formosam
1535 1467 1564 1487 se
1588 1468 1684 1495 sponsa
1714 1461 1764 1488 ista
1785 1462 1905 1494 diccbat,

1115 1502 1176 1536 quia
1192 1502 1235 1529 ille
1254 1503 1280 1529 in
1297 1503 1354 1538 ipso
1365 1505 1561 1538 persecutionis
1576 1505 1690 1532 articulo
1703 1505 1730 1532 in
1744 1513 1775 1533 ea
1786 1506 1905 1534 delecta-

1114 1547 1381 1583 bilitertpiieseebar,
1398 1550 1444 1585 qui
1466 1552 1612 1579 serenitate
1628 1551 1718 1580 vultus
1736 1552 1777 1579 sui
1802 1558 1904 1582 cuncta

1114 1593 1254 1622 elariiicat.
1590 1603 1592 1605 '

1420 1642 1535 1672 CAPUT
1551 1644 1593 1672 Ill.

1239 1688 1272 1715 In
1285 1697 1402 1716 sermone
1415 1689 1446 1716 de
1463 1689 1513 1717 SS.
1532 1690 1612 1717 Flora
1622 1696 1647 1718 et
1663 1691 1775 1720 Lucilla.

1150 1744 1158 1760 ε
1179 1734 1335 1763 Fasciculus
1357 1736 1475 1772 myrrha:
1489 1736 1601 1763 dilectus
1625 1745 1701 1764 meus
1727 1737 1792 1765 mihi
1807 1745 1815 1764 :
1830 1738 1901 1765 inter

1111 1779 1193 1806 ubera
1212 1787 1270 1807 mea
1283 1781 1494 1807 commorabitur
1508 1779 1595 1815 (Cant.
1612 1782 1643 1817 l).
1666 1791 1674 1807 ι
1693 1781 1801 1816 Myrrha
1818 1782 1898 1817 plane

1110 1825 1213 1859 species
1236 1829 1278 1852 est
1300 1826 1446 1853 aromatica
1460 1846 1467 1858 ,
1497 1827 1586 1853 nitnite
1610 1827 1820 1859 amaritudinis,
1845 1834 1897 1861 qua

1110 1874 1275 1896 mortuorum
1298 1870 1428 1897 cadavera
1445 1871 1617 1902 condiuntur,
1640 1879 1673 1898 ne
1694 1871 1771 1899 facile
1782 1879 1897 1906 compu-

1110 1919 1237 1942 lrescaut.
1255 1915 1321 1942 Hinc
1335 1920 1376 1943 est
1395 1917 1465 1950 quod
1483 1922 1509 1943 et
1529 1916 1612 1952 ipsius
1635 1916 1731 1951 Sponsi
1759 1924 1857 1951 corpus
1881 1926 1896 1944 a

1108 1960 1255 1988 Nicodeino
1270 1965 1296 1988 ct
1316 1961 1414 1996 Joseph
1434 1962 1468 1989 de
1482 1969 1562 1989 cruce
1579 1963 1729 1997 depositum
1746 1963 1853 1997 myrrha
1869 1966 1896 1989 et

1108 2004 1166 2032 aloe
1177 2005 1310 2038 coaditnr,
1330 2010 1358 2033 et
1376 2005 1464 2032 linteis
1486 2006 1634 2034 involutum
1656 2006 1799 2040 sepultura:
1822 2014 1898 2034 com-

1107 2052 1225 2079 mittitur
1240 2052 1330 2087 (lonn.
1343 2052 1410 2087 XIX).
1424 2051 1492 2088 Quid
1509 2060 1572 2086 ergo
1588 2060 1636 2087 per
1650 2054 1765 2088 myrrhze
1778 2051 1852 2079 fascii
1863 2061 1894 2079 u-

267 2106 311 2125 me
323 2099 508 2127 tribulationes
522 2102 686 2136 opprimunt,
700 2102 769 2136 quod
782 2103 982 2137 persecutiones
996 2091 1056 2131 atii-

1111 2097 1178 2129 lum,
1203 2097 1254 2124 nisi
1278 2097 1415 2132 multiplex
1440 2097 1613 2124 mortiﬁcatio
1637 2097 1811 2132 designatur?
1836 2096 1894 2124 Non

268 2142 353 2174 ciunt,
365 2143 435 2176 quod
457 2143 483 2169 in
499 2144 547 2170 huc
564 2145 730 2179 tempestatis
742 2145 974 2179 procellarumque
987 2153 1055 2171 nau-

266 2187 352 2222 fragio
369 2188 577 2216 iutumcscenlcs
600 2196 642 2216 me
657 2188 753 2217 ﬂuctus
767 2189 886 2223 illidunt;
901 2190 963 2225 quia
978 2191 1056 2217 deco-

267 2232 364 2259 loravit
389 2240 431 2259 ms
454 2233 504 2265 sol,
531 2235 658 2268 quoniam
683 2242 763 2269 super
787 2243 830 2263 me
859 2235 1055 2270 persecutionis

266 2281 349 2304 :cstus
364 2277 502 2304 incanduit
514 2278 692 2313 decoremque
706 2287 771 2306 mea:
784 2282 934 2307 venustatis
947 2288 979 2307 ac
997 2280 1053 2315 pul-

266 2321 428 2349 chritndinis
439 2321 590 2349 oli'uscavit.
606 2322 644 2350 Ac
656 2323 679 2350 si
703 2323 776 2351 dicat
799 2332 805 2350 :
830 2323 917 2352 Nolite
941 2329 993 2351 tam
1010 2332 1052 2358 ea,

265 2367 363 2401 quibus
377 2367 539 2399 intrinsecus
553 2367 666 2403 aiiligor,
682 2369 832 2401 attendere,
847 2377 926 2403 quam
938 2377 1051 2396 vernan-

264 2417 319 2439 tcm
333 2412 469 2440 interioris
481 2414 629 2440 venustatis
643 2414 758 2449 speciem
779 2415 906 2448 cogitare.
924 2414 988 2441 Tale
1010 2419 1053 2441 est.

263 2459 335 2492 quod
355 2458 501 2493 Apostolus
522 2458 587 2486 dicit
603 2468 609 2485 :
628 2469 636 2484 ι
656 2459 743 2486 Nolite
758 2459 874 2487 deﬁcere
892 2460 918 2487 in
943 2459 1053 2487 tribula-

263 2502 381 2524 linnilme
395 2503 461 2524 mnis
476 2510 524 2524 nm
536 2504 610 2524 vnliic
645 2512 705 2524 rmm
718 2510 757 2524 ne!
776 2504 858 2524 nlui-in
874 2509 964 2524 \vnclrn
993 2504 1050 2524 Nnn

1108 2142 1180 2169 enim
1193 2142 1276 2169 dicit:
1294 2142 1424 2169 Surculus
1438 2143 1566 2178 myrrhm.
1586 2143 1644 2175 sed,
1670 2142 1824 2172 fasciculus,
1852 2142 1905 2180 in-i

1106 2186 1176 2221 quit,
1203 2187 1319 2222 myrrha:
1345 2187 1458 2214 dilectus
1484 2195 1560 2214 mens
1584 2187 1663 2217 mibi.
1689 2187 1728 2213 Ac
1752 2187 1775 2214 si
1798 2187 1892 2213 dicat:

1106 2232 1174 2267 Quia
1192 2232 1218 2258 in
1242 2232 1315 2260 omni
1336 2239 1395 2265 mea
1419 2232 1625 2260 conversatione
1648 2240 1691 2260 me
1707 2233 1840 2260 mortilico
1865 2235 1894 2258 et

1104 2277 1184 2303 nullis
1194 2276 1249 2311 jam
1265 2277 1380 2312 propria:
1394 2278 1539 2306 voluntatis
1555 2278 1683 2313 operibus
1698 2278 1769 2311 viro,
1780 2278 1893 2305 dilectus

1104 2330 1181 2350 meus
1196 2331 1248 2350 non
1262 2323 1326 2350 mihi
1341 2324 1452 2358 simplex
1465 2323 1553 2351 factus
1565 2328 1606 2351 est
1623 2331 1730 2355 ramus,
1755 2323 1802 2350 sed
1818 2331 1890 2358 myr-

1104 2368 1159 2396 rha:
1176 2369 1328 2396 fasciculus.
1344 2369 1419 2397 Unde
1432 2374 1459 2397 et
1474 2370 1637 2405 praedicator
1648 2369 1765 2397 eximius
1778 2377 1786 2396 :
1801 2379 1810 2395 ε
1827 2369 1890 2404 Ego.

1103 2414 1200 2448 inquit,
1218 2416 1342 2449 stigmata
1360 2414 1421 2442 Jesu
1449 2416 1481 2450 in.
1499 2423 1613 2450 corpore
1634 2422 1694 2442 meo
1712 2419 1792 2450 porto
1819 2414 1889 2449 (Gal.

1102 2459 1150 2494 γι).
1162 2469 1172 2485 ι
1185 2459 1225 2486 Ad
1238 2468 1317 2494 quam
1331 2460 1456 2488 videlicet
1466 2460 1640 2495 mldtiplicem
1656 2459 1890 2488 mortiﬁcationem

1101 2509 1125 2524 pl
1152 2512 1198 2524 nnc
1215 2512 1305 2524 col-mn
1327 2506 1451 2524 hnu-lnlnr
1488 2505 1581 2524 llic-nn:
1598 2514 1605 2520 -
1625 2515 1634 2524 ι
1651 2505 1765 2524 mennl-
1780 2504 1891 2524 Iuni-liii.
