4052 6312
291 365 426 423 1115

1547 365 1616 421 1N
1653 365 1949 422 CANTICA
1983 363 2253 420 CANTIC.

3400 367 3547 424 1146

289 485 382 553 git.
420 480 517 536 llic
545 482 723 552 itaque
758 482 983 537 dilectus
1013 482 1246 555 myrrhae
1280 480 1567 538 fasciculus
1596 482 1677 546 fit,
1726 481 1851 551 quia
1889 485 1928 542 Α
1958 495 2077 549 qum
2100 480 2342 548 profecto
2374 496 2476 533 non
2508 496 2635 535 casu
2666 483 2903 551 quinque
2933 493 3078 547 sunt,
3108 483 3309 538 lancea:
3339 483 3553 544 scilicet

290 575 343 627 ia
370 574 580 629 cunctis
605 574 717 627 suis
748 574 1051 629 actionibus
1075 590 1133 629 se
1165 574 1308 629 velut
1353 576 1683 629 exstinctum
1736 589 1872 643 prce-

287 664 422 719 b::ns
459 703 473 727 ,
538 663 886 733 multiplicem
952 666 1386 734 quoddammodo
1441 665 1872 720 mortificationis

291 753 494 808 Christi
525 753 851 823 manipulum
876 753 1096 824 colligit.
1129 754 1230 809 Ubi
1260 766 1312 811 et
1342 765 1465 824 apte
1487 756 1829 826 subjuugitur
1855 774 1867 809 :

294 862 313 893 ι
342 841 488 896 inter
515 843 677 897 ubera
708 859 823 896 mea
848 847 1287 899 commorabitur.
1326 868 1343 899 ι
1367 847 1533 903 Nemo
1559 847 1766 903 dubitat
1785 846 1864 900 in-

289 944 374 988 ter
399 934 560 988 ubera
589 938 819 1003 pectoris
845 952 963 992 esse
993 938 1166 997 locum
1204 942 1404 996 cordis.
1458 942 1698 997 Dilectus
1740 956 1871 1012 ergo

290 1024 433 1077 inter
458 1040 667 1092 sponsae
696 1021 859 1080 ubera
892 1030 1317 1085 comuwrabitur
1339 1072 1354 1096 ,
1386 1034 1509 1101 quia
1559 1033 1872 1087 indefieieus

289 1111 409 1180 ejus
439 1128 593 1168 amor
624 1130 685 1169 ac
711 1117 1037 1173 desiderium
1066 1136 1133 1174 ex
1160 1120 1274 1189 ejus
1311 1123 1567 1176 memoria
1600 1140 1703 1177 non
1735 1124 1874 1177 dele-

289 1210 396 1257 tur.
440 1204 581 1258 inter
612 1205 779 1261 ubera
820 1224 933 1261 mea
962 1211 1402 1275 commorabitur,
1437 1224 1692 1284 tanquam
1725 1216 1872 1272 dice-

290 1302 401 1348 ret:
430 1296 529 1361 Qui
565 1297 691 1350 mihi
724 1297 1009 1354 fasciculus
1042 1304 1271 1373 myrrha:
1303 1304 1475 1360 factus
1496 1315 1578 1359 est
1604 1322 1700 1375 per
1721 1323 1872 1364 aina-
1902 1316 1907 1321 '

290 1387 579 1442 ritudincm
618 1390 902 1458 passionis.
952 1393 1094 1447 inter
1138 1395 1302 1449 ubera
1353 1412 1471 1450 mea
1496 1398 1697 1467 jugiter
1725 1416 1873 1455 com-

290 1480 589 1533 morabitur
610 1495 704 1549 per
724 1480 1059 1537 dulcedinem
1085 1484 1264 1539 cordis
1292 1504 1303 1537 :
1338 1496 1389 1540 ct
1415 1488 1503 1557 qui
1535 1489 1872 1545 extrinsecus

293 1584 392 1638 per
418 1571 721 1639 exemplum
747 1582 1010 1643 susceptze
1051 1577 1240 1630 mortis
1265 1588 1571 1645 exasperat,
1601 1595 1697 1649 per
1726 1581 1869 1635 infu-

294 1672 408 1715 sam
438 1662 666 1730 gratiam
691 1678 777 1717 me
808 1663 1010 1719 intinue
1040 1668 1319 1722 suavitatis
1346 1668 1616 1725 obdulcat.

915 1754 1140 1809 CAPUT
1180 1756 1266 1810 IV.

608 1849 695 1904 Ea:
730 1867 965 1906 sermone
994 1855 1047 1906 in
1080 1855 1246 1908 natali
1274 1857 1549 1926 virginum.

364 1957 382 1989 ι
420 1938 530 2009 Ego
556 1956 674 1995 sum
707 1942 873 1996 liliqu
924 1945 1247 1999 convallium
1280 1947 1457 2018 (Cant.
1492 1948 1575 2020 ιι).
1624 1968 1642 2002 ι
1674 1948 1867 2004 Lilium

292 2028 451 2098 plane
478 2045 538 2085 se
572 2048 799 2101 sponsus
824 2035 1063 2088 nominat
1086 2048 1304 2106 propter
1334 2032 1547 2094 niveum
1574 2044 1866 2096 candorem

290 2122 659 2178 mundissima:
698 2127 984 2181 castitatis.
1033 2126 1230 2183 Lilium
1283 2146 1387 2184 non
1440 2135 1721 2199 montium,
1770 2128 1871 2190 Sed

292 2214 638 2277 convallium,
669 2218 792 2284 quia
832 2218 948 2287 pias
989 2218 1139 2288 eligit
1183 2230 1391 2276 mentes
1423 2222 1725 2291 humilium,
1762 2242 1869 2280 non

291 2304 541 2375 scopulus
581 2306 848 2362 inhabitat
883 2312 1260 2379 superborum.

918 2402 1145 2457 CAPUT
1177 2404 1234 2458 V.

367 2508 387 2542 ι
420 2490 723 2545 introduxit
754 2507 837 2546 me
869 2509 959 2547 rex
984 2494 1036 2546 in
1057 2494 1247 2549 cellam
1281 2495 1568 2560 vinariam,
1599 2499 1871 2554 ordinavit

289 2582 343 2639 1η
374 2598 461 2637 me
490 2584 809 2639 charitatcm
841 2584 1017 2655 (Cant.
1054 2592 1137 2655 ιι).
1186 2607 1203 2637 ι
1240 2587 1353 2641 Non
1386 2589 1498 2641 ait:
1531 2589 1684 2643 Dedit
1711 2606 1869 2659 quam

290 2691 395 2733 non
446 2677 642 2747 reperit
665 2717 680 2739 ,
729 2677 820 2731 sed
856 2696 874 2727 ι
907 2678 1214 2744 ordinavit,
1250 2699 1268 2731 ι
1304 2695 1463 2749 quam
1513 2679 1871 2735 inerdinatan

292 2765 515 2821 invenit.
556 2765 806 2821 Nonnulli
845 2784 1075 2837 namque
1126 2770 1176 2823 in
1225 2770 1504 2839 principali
1555 2771 1733 2825 cordis
1785 2772 1871 2825 sui

290 2854 409 2911 loco
442 2856 639 2911 habent
669 2872 889 2921 uxores,
923 2858 1079 2919 filios.
1130 2860 1350 2927 praidia,
1382 2860 1462 2912 vel
1513 2861 1746 2915 honores
1777 2876 1791 2916 :
1818 2862 1870 2915 in

291 2953 529 3004 secundo
563 2958 742 3004 autem
791 2950 1189 3021 quodaminodo
1237 2953 1401 3005 Deum
1451 2963 1694 3022 ponunt,
1747 2954 1872 3007 dum

287 3050 409 3091 eum
446 3038 621 3093 minus
659 3038 906 3109 diligunt.
955 3039 1016 3093 lli
1066 3040 1318 3094 nimirum
1366 3041 1615 3095 videntur
1658 3042 1873 3111 quidem

293 3126 495 3183 habere
521 3129 864 3193 charitatem,
892 3131 983 3183 sed
1011 3131 1369 3185 inordinatam
1395 3148 1410 3197 ;
1445 3149 1541 3186 nec
1579 3133 1729 3187 illum
1760 3149 1873 3188 ser-

289 3226 419 3271 vant
448 3219 691 3273 ordinem
714 3220 995 3274 charitatis
1022 3236 1181 3289 quetn
1210 3221 1418 3275 Veritas
1447 3223 1558 3292 ipsa
1588 3224 1871 3293 disposuit,

287 3320 409 3361 cum
442 3307 613 3364 dicit:
648 3326 667 3360 ι
707 3309 902 3379 Diliges
931 3310 1099 3364 Deum
1140 3326 1205 3363 ex
1243 3320 1355 3365 toto
1394 3313 1575 3376 corde,
1634 3313 1737 3367 hoc
1787 3323 1871 3389 est

288 3398 582 3453 maximum
609 3400 947 3469 primumque
982 3401 1317 3466 mamlatum,
1365 3402 1660 3456 secundmn
1691 3413 1871 3456 autem

288 3481 463 3541 simile
489 3497 573 3542 est
602 3488 747 3552 huic,
778 3496 837 3542 ut
863 3489 1055 3559 diligas
1083 3489 1385 3558 proximum
1414 3490 1628 3560 (Matth.
1654 3494 1811 3563 xx").
1848 3510 1866 3543 ι

288 3575 407 3633 Non
434 3590 563 3649 ergo
593 3594 649 3632 sc
684 3578 857 3647 jactet
883 3581 1004 3649 quis
1032 3580 1231 3636 habere
1269 3582 1610 3645 charitatem,
1645 3584 1689 3638 si
1721 3586 1841 3640 ordi

286 3678 413 3725 nata
437 3684 541 3724 non
560 3679 641 3724 est
667 3687 680 3735 ;
707 3671 845 3725 sicut
870 3687 967 3727 nec
992 3677 1153 3728 etiam
1178 3672 1357 3741 fidem,
1386 3675 1431 3729 si
1456 3674 1573 3731 sine
1593 3676 1869 3745 operibus,

290 3774 354 3817 ac
382 3774 480 3831 per
505 3760 608 3815 hoc
637 3762 810 3815 otiosa
841 3773 946 3816 est.

274 3860 275 3863 ‘
891 3850 1121 3907 CAPUT
1174 3853 1261 3907 Vl.

364 3958 382 3989 ι
412 3938 566 3993 Laeva
592 3937 705 4008 ejus
733 3941 833 3995 sub
856 3943 1032 4011 capite
1079 3960 1201 3997 meo
1248 3953 1301 3997 et
1328 3945 1548 4000 dextera
1573 3947 1713 4002 illius
1757 3965 1874 4004 am-

285 4027 591 4098 plexabitur
620 4042 704 4083 tne
746 4030 898 4101 (Con.
929 4030 1014 4098 ιι).
1054 4049 1072 4082 ι
1126 4031 1265 4085 Leva
1302 4034 1497 4102 quippe
1532 4036 1752 4090 subesse
1784 4052 1874 4092 ca-

287 4119 387 4190 piti
418 4120 637 4187 dicitur,
666 4136 786 4175 cum
818 4136 1054 4190 priesens
1086 4121 1192 4174 vita
1224 4139 1253 4175 a
1295 4134 1494 4188 mente,
1528 4140 1647 4193 qua:
1671 4127 1875 4196 cogita-

286 4209 494 4267 tionum
548 4222 706 4281 caput
734 4222 838 4274 est.
882 4213 1133 4283 despecta
1183 4212 1445 4267 calcatur.
1502 4215 1714 4270 Dextra:
1747 4230 1873 4271 vero

289 4300 623 4368 amplexibus
653 4303 955 4373 stringitur,
984 4305 1105 4375 quia
1138 4305 1303 4361 solius
1328 4316 1543 4361 acterna:
1575 4308 1694 4361 vita:
1723 4306 1868 4362 desi-

288 4394 453 4451 deriis
482 4398 718 4467 undique
747 4399 1057 4455 delectatur.

880 4487 1108 4544 CAPUT
1158 4488 1263 4544 VI].

361 4595 381 4632 ι
402 4576 595 4649 Surge,
622 4579 791 4633 amica
810 4593 949 4643 mea,
980 4595 1173 4647 sponsa
1202 4594 1317 4635 mea
1336 4620 1352 4646 ,
1378 4587 1433 4636 et
1459 4580 1604 4647 veni,
1623 4580 1869 4636 columba
1899 4558 1948 4618 D

292 4685 433 4735 mea,
466 4672 519 4725 in
552 4671 910 4725 foraminiLus
934 4680 1117 4739 petrai,
1156 4680 1209 4725 et
1240 4672 1290 4725 in
1317 4688 1543 4727 caverna
1576 4674 1823 4727 maceria:
1852 4689 1867 4737 ;

285 4761 511 4815 ostende
544 4759 672 4812 mihi
696 4759 885 4813 faciem
928 4772 1097 4824 tuam,
1142 4770 1296 4815 sonet
1327 4777 1425 4817 vox
1449 4772 1536 4815 tua
1561 4763 1612 4816 in
1655 4766 1875 4823 auribus

286 4852 438 4907 meis.
460 4850 569 4905 Vox
595 4850 737 4906 enim
768 4860 855 4903 tua
889 4850 1077 4915 dulcis,
1099 4861 1151 4905 et
1177 4854 1344 4906 facies
1374 4866 1458 4907 tua
1483 4854 1672 4908 decora
1699 4853 1875 4924 (Cant.

286 4940 369 5011 ιι).
386 4954 412 4993 ἰ
431 4942 621 4996 Anima
644 4940 839 5010 quippe
853 4954 1035 4995 sancta
1056 4942 1180 5011 jure
1201 4945 1400 4998 Christi
1418 4946 1591 4998 antica
1603 4955 1655 4999 et
1678 4961 1875 5014 sponsa

284 5042 549 5101 vocatur;
579 5035 703 5106 quia
739 5034 811 5087 illi
843 5049 939 5104 per
978 5025 1617 5107 lidem'dilectiouemque
1650 5036 1874 5105 conjun-

284 5126 447 5197 gitur.
478 5125 582 5180 Sed
625 5130 739 5184 hcce
782 5143 977 5196 sponsa
1023 5129 1175 5196 quasi
1215 5129 1391 5182 adhuc
1428 5128 1593 5195 jacet,
1645 5129 1769 5182 dum
1818 5130 1869 5181 in

286 5215 570 5270 mundanis
598 5218 902 5272 actionibus
950 5217 1291 5286 implicatur;
1344 5228 1469 5272 tunc
1501 5221 1693 5287 surgit,
1744 5234 1869 5272 cum

282 5303 448 5375 238
468 5306 532 5359 ad
560 5307 896 5373 procinctum
924 5308 1116 5361 divina:
1143 5308 1420 5361 servitutis
1444 5308 1687 5375 erigitur.
1720 5308 1796 5360 Ac
1822 5308 1867 5361 si

285 5396 472 5449 dicat:
528 5397 657 5461 Qum
690 5398 741 5450 in
791 5397 1068 5452 saecularis
1114 5399 1233 5451 vita:
1280 5398 1503 5452 mollitie
1542 5396 1710 5465 jaccs,
1755 5398 1868 5467 jam

285 5500 465 5557 surge,
496 5496 655 5555 atquc
690 5488 753 5539 ad
790 5487 1055 5541 familiare
1102 5490 1515 5543 contubernium
1566 5507 1698 5543 mea:
1737 5506 1868 5544 eon-

287 5578 649 5647 templatiouis
700 5580 866 5648 erige.
897 5600 913 5629 ι
938 5581 1195 5635 Coltttnba
1231 5598 1372 5645 mea,
1403 5582 1452 5634 in
1504 5582 1863 5639 foraminibus

286 5679 469 5738 petrae.
501 5689 518 5722 ι
563 5670 641 5732 Si.
686 5670 837 5739 juxta
868 5673 1204 5740 Apostolum,
1227 5692 1242 5723 ι
1267 5684 1414 5742 petra
1430 5673 1679 5729 Christus
1704 5686 1783 5730 est
1814 5676 1867 5747 (I

287 5759 408 5825 Cor.
435 5762 511 5834 χ),
544 5783 561 5817 ι
597 5761 857 5822 foramina
878 5774 1045 5835 petrae
1062 5754 1283 5826 vulnera
1314 5777 1437 5825 sunt
1461 5765 1865 5841 Redemptoris;

1975 581 2028 626 et
2057 571 2328 626 clavorum
2355 572 2501 637 ;-sed
2537 574 2661 643 quia
2693 590 2790 629 nos
2826 574 3101 631 fueramus
3146 577 3384 647 quinque
3427 590 3554 632 sen-

1976 680 2131 719 suum
2164 664 2497 743 vulneribus.
2516 666 2768 731 sauciati,
2808 682 2907 736 per
2953 669 3051 723 bas
3095 669 3330 739 quinque
3371 668 3555 740 plagas

1976 755 2137 809 saluti
2159 770 2346 810 sumus
2371 765 2640 826 perpetuae
2668 758 2923 813 restituti.
2955 760 3075 813 Ista:
3098 760 3359 829 siquidem
3386 770 3556 830 porta:

1971 858 2155 911 erant,
2188 862 2285 916 per
2320 862 2456 915 quas
2484 848 2568 901 die
2584 848 2803 903 Sabbati
2840 850 3097 918 propheta
3128 866 3198 905 ne
3227 850 3557 905 inferrentur

1971 952 2135 992 onera
2183 938 2366 1007 gravia
2414 937 2754 1007 prohibebat.
2794 938 2849 992 lu
2899 938 2982 994 his
3028 956 3158 1011 ergo
3205 940 3559 996 foraminibus

1977 1027 2069 1080 Dei
2103 1026 2347 1081 columba
2381 1028 2661 1090 consistit,
2696 1028 2826 1097 quia
2863 1038 3048 1083 sancta
3085 1029 3334 1098 quaelibet
3376 1030 3557 1085 anima

1976 1125 2142 1170 totam
2171 1118 2403 1186 proprize
2430 1116 2619 1171 salutis
2648 1133 2796 1187 spem
2830 1119 2882 1172 in
2915 1120 2995 1173 sui
3028 1119 3401 1188 Redemptoris
3428 1136 3557 1190 pas-

1971 1208 2122 1262 sione
2150 1208 2449 1262 constituit.
2480 1208 2551 1262 lbi
2583 1209 2723 1262 velut
2747 1209 2812 1263 ab
2835 1211 3106 1279 accipitris
3130 1211 3343 1265 incursu
3366 1211 3555 1266 defen-

1971 1296 2137 1361 ditur,
2168 1296 2295 1364 quia
2331 1312 2361 1350 a
2388 1298 2598 1351 cunctis
2629 1298 2981 1368 malignorum
3018 1300 3301 1370 spirituum
3343 1302 3552 1356 insidiis

1970 1387 2293 1440 custoditur.
2329 1387 2404 1441 lbi
2432 1386 2587 1457 plane
2614 1388 2874 1453 nidificat,
2922 1390 3045 1459 quia
3076 1390 3183 1445 illic
3211 1391 3351 1445 fetus
3386 1392 3555 1446 bono-

1970 1496 2088 1533 rum
2111 1495 2331 1549 operum
2358 1488 2658 1534 coacervat.
2688 1481 2762 1535 De
2790 1481 2891 1535 hac
2914 1492 3063 1552 petra
3089 1498 3184 1552 per
3206 1482 3547 1538 Psalmistam

1971 1571 2204 1624 dicitur:
2240 1590 2257 1621 ι
2312 1569 2519 1625 Montes
2566 1571 2765 1626 excelsi
2815 1574 3033 1637 cervis,
3081 1585 3232 1644 petra
3283 1576 3553 1646 refugium

1972 1659 2261 1714 herinaciis
2307 1658 2478 1728 (i’sal.
2507 1662 2646 1730 cur).
2685 1681 2703 1713 υ
2736 1660 2888 1727 Quod
2925 1671 3101 1716 autem
3134 1662 3348 1718 additur
3387 1682 3399 1718 :
3432 1683 3451 1715 ‹
3495 1664 3555 1719 lu

1972 1764 2205 1803 caverna
2234 1750 2503 1812 macerize,
2532 1770 2550 1803 ι
2580 1751 2756 1805 solent
2780 1767 2843 1805 ex
2870 1752 3137 1821 lapidibus
3160 1755 3411 1809 maceriae
3438 1754 3559 1810 ﬂeri

1898 1851 1944 1909 Β
1973 1842 2038 1895 ad
2064 1843 2369 1897 custodiam
2401 1843 2720 1907 vinearum;
2759 1844 2895 1898 sicut
2940 1860 3038 1913 per
3080 1844 3273 1898 Isaiam
3322 1845 3557 1900 dicitur:

1977 1950 1995 1983 ι
2034 1930 2198 1985 Vinea
2239 1930 2381 1985 facta
2412 1941 2496 1989 est
2527 1933 2721 1986 dilecto
2755 1933 2808 1987 in
2836 1950 3005 1987 cornu
3047 1934 3098 1987 in
3129 1934 3248 1989 loco
3290 1936 3463 1999 uberi,
3504 1944 3563 1992 et

1972 2024 2205 2077 maceria
2235 2023 2591 2078 circumdedit
2638 2032 2692 2078 et
2721 2024 3063 2079 circumfodit
3107 2040 3226 2079 eam
3257 2024 3393 2093 (Ira.
3424 2026 3499 2096 v).
3532 2044 3552 2077 ι

1972 2115 2109 2182 Quid
2139 2132 2271 2188 ergo
2298 2133 2395 2186 per
2413 2117 2701 2172 maceriam
2728 2117 2984 2187 lapidum,
3030 2118 3131 2173 nisi
3166 2118 3470 2187 prresidium
3498 2124 3557 2173 et

1970 2210 2229 2264 excubias
2281 2210 2626 2280 intelligimus
2668 2210 3012 2282 angelorum,
3048 2210 3263 2281 quibus
3310 2209 3561 2265 videlicet

1973 2298 2151 2353 anima
2183 2301 2235 2353 iu
2264 2302 2563 2356 certamine
2598 2302 2789 2370 posita,
2823 2302 2948 2355 dum
2980 2301 3207 2356 vallatur
3248 2311 3408 2371 atque
3447 2302 3558 2355 eir-

1972 2391 2258 2445 cumdatur
2285 2433 2299 2454 ,
2342 2408 2370 2445 a
2401 2393 2611 2447 cunctis
2638 2394 3038 2447 adversantium
3069 2393 3353 2462 spirituum
3387 2401 3562 2447 tenta-

1973 2483 2212 2537 tiouibus
2235 2483 2581 2538 custoditur?
2608 2482 2775 2537 Porro
2801 2482 2942 2552 quod
2968 2484 3209 2553 sequitur
3234 2502 3245 2536 :
3280 2500 3299 2534 ι
3323 2482 3560 2538 Ostende

1974 2571 2106 2625 mihi
2136 2572 2329 2626 faciem
2375 2584 2545 2634 luam,
2581 2590 2600 2623 ι
2632 2581 2759 2627 tunc
2796 2573 2975 2627 anima
3008 2572 3215 2626 cmlesti
3255 2587 3455 2642 sponso
3482 2570 3562 2625 fa-

1975 2663 2114 2716 ciem
2174 2678 2327 2717 suam
2370 2664 2656 2717 ostemlcre
2701 2663 2933 2726 dicitur,
2984 2678 3104 2717 cum
3158 2663 3276 2733 ejus
3326 2663 3561 2733 speciem

1975 2750 2203 2805 internis
2226 2753 2503 2806 obtutibus
2524 2753 2676 2820 quasi
2705 2753 2938 2807 revelata
2960 2753 3098 2807 facie
3118 2754 3516 2823 contemplatur
3542 2765 3560 2806 :

1982 2861 2000 2894 ι
2035 2843 2221 2905 Sonet,
2254 2843 2446 2911 inquit,
2477 2858 2583 2896 vox
2613 2854 2702 2896 tua
2734 2844 2787 2896 iu
2818 2843 3042 2897 auribus
3067 2844 3237 2898 meis:
3271 2857 3370 2896 vox
3417 2841 3561 2896 enim

1976 2942 2069 2985 tua
2108 2933 2281 2987 dulcis
2328 2943 2383 2986 et
2427 2932 2593 2987 facies
2640 2941 2730 2986 tua
2782 2932 2996 2987 decora.
3048 2951 3067 2984 ι
3102 2931 3147 2987 Ο
3187 2946 3349 3002 quam
3397 2945 3564 2985 suave

1977 3023 2386 3076 commercium!
2415 3024 2523 3075 imo
2544 3037 2703 3091 quam
2731 3020 3107 3076 inenarrabilis
3132 3020 3355 3075 dulcedo
3384 3020 3436 3073 in
3461 3019 3564 3075 hu-

1978 3113 2153 3167 manis
2178 3113 2474 3168 visceribus
2502 3114 2699 3178 oritur,
2736 3129 2856 3169 cum
2882 3112 3106 3168 Creator
3128 3121 3182 3166 et
3209 3122 3459 3167 creatura
3483 3111 3565 3166 al-

1901 3211 1946 3274 c
1981 3207 2148 3259 ternis
2170 3206 2224 3259 in
2253 3221 2311 3260 se
2341 3206 2568 3261 invicem
2595 3204 2879 3261 all‘ectibus
2905 3205 3263 3270 delectantur,
3293 3205 3434 3259 sicut
3461 3218 3559 3273 per

1975 3296 2302 3367 Prophetam
2331 3299 2527 3353 dicitur
2552 3316 2565 3352 :
2597 3319 2613 3349 ι
2650 3298 2843 3353 Suavis
2867 3298 2939 3352 sit
2959 3299 3006 3352 ci
3026 3296 3262 3350 laudatio
3284 3310 3428 3360 mea,
3450 3294 3564 3367 Ego

1975 3404 2104 3445 vero
2138 3389 2447 3445 delectabor
2480 3392 2534 3445 in
2564 3390 2822 3445 Domino!
2860 3409 2878 3443 ι
2914 3388 3085 3460 (Prol.
3116 3389 3256 3458 Clll.)

2189 3479 2212 3492 ’
2579 3482 2806 3537 CAPUT
2835 3482 2961 3537 Vill.

2052 3593 2070 3626 ι
2107 3575 2185 3629 Ειι
2218 3574 2474 3631 lectulum
2520 3574 2843 3637 Salomonis,
2888 3571 3168 3643 sexaginta
3218 3570 3385 3626 fortes
3432 3582 3557 3626 am-

1974 3664 2129 3721 biunt
2156 3682 2221 3721 ex
2251 3665 2561 3720 fortissimis
2588 3665 2749 3721 Israel
2776 3663 2951 3735 (Cant.
2983 3666 3087 3733 ιιι).
3127 3682 3146 3715 ι
3182 3662 3371 3718 Fortes
3413 3660 3560 3718 enim

1978 3756 2235 3811 lectulqu
2265 3756 2569 3811 Salomonis
2610 3757 2871 3820 ambiunt,
2902 3756 3027 3809 dum
3062 3755 3304 3807 intimam
3339 3751 3563 3823 pacifica

1976 3846 2357 3915 Redemptoris
2386 3846 2559 3900 nostri
2592 3847 2834 3915 requiem
2868 3845 3041 3899 sancti
3070 3845 3270 3913 quique
3293 3844 3562 3898 indefessa

1975 3936 2226 3991 desiderii
2257 3937 2543 3991 sedulitate
2572 3936 2907 3989 custodiunt.

2582 4032 2810 4088 CAPUT
2868 4030 2961 4087 lX.

2053 4143 2072 4176 ι
2108 4123 2261 4179 Oculi
2289 4125 2363 4179 tui
2390 4124 2788 4188 columbarum,
2818 4122 3023 4193 absque
3046 4137 3110 4177 eo
3132 4120 3274 4191 quod
3302 4120 3559 4176 intrinse-

1974 4232 2071 4271 cus
2100 4217 2229 4269 latet
2260 4216 2436 4287 (Cant.
2467 4215 2562 4282 tv).
2600 4233 2619 4267 ι
2666 4214 2755 4267 Isti
2786 4222 2913 4267 sunt
2945 4212 3085 4267 oculi
3114 4212 3180 4267 de
3221 4213 3415 4281 quibus
3451 4212 3562 4268 Do-

1974 4308 2152 4362 minus
2185 4308 2237 4361 in
2277 4308 2569 4377 Evangelia
2599 4324 2612 4360 :
2639 4325 2656 4358 ι
2696 4307 2865 4372 Beati,
2903 4306 3095 4375 inquit,
3125 4307 3321 4359 mumlo
3369 4304 3555 4369 corde.

1973 4400 2227 4469 quoniam
2279 4399 2376 4466 ipsi
2410 4399 2575 4452 Deum
2629 4397 2882 4452 videbunt
2922 4396 3135 4467 (Matth.
3166 4396 3239 4465 v).
3278 4414 3299 4447 ›
3331 4396 3552 4466 Absque

1973 4504 2039 4544 eo
2067 4489 2209 4558 quod
2240 4488 2564 4543 intrinsecus
2596 4487 2743 4541 latet.
2777 4486 2911 4552 Quia
2942 4486 3067 4540 licet
3088 4486 3261 4540 sancti
3306 4485 3556 4540 doctores

1981 4597 2122 4637 nunc
2149 4581 2463 4636 Creatorem
2514 4596 2668 4636 suum
2702 4595 2798 4651 per
2825 4578 3290 4649 contemplationis
3333 4578 3562 4649 gratiam

1981 4674 2282 4744 aspiciunt,
2314 4674 2445 4727 latet
2476 4683 2655 4727 tamen
2705 4673 2881 4726 adhuc
2923 4688 3175 4742 magnum
3225 4671 3444 4739 aliquid,
3494 4669 3564 4723 ad

1982 4768 2122 4836 quod
2154 4768 2204 4820 in
2236 4768 2335 4821 hac
2364 4764 2700 4833 corruptibili
2731 4780 2893 4817 carne
2914 4763 3161 4815 humanze
3184 4763 3379 4815 mentis
3407 4760 3557 4816 acies

1984 4873 2088 4909 non
2127 4857 2348 4925 aspirat.
2400 4854 2497 4909 Ubi
2551 4868 2675 4909 mox
2720 4854 3003 4922 sequitur:
3034 4870 3052 4901 ι
3087 4852 3275 4921 Capilli
3308 4852 3382 4905 tui
3425 4851 3567 4905 sicut

1982 4964 2168 5019 greges
2199 4962 2503 5016 caprarum,
2526 4961 2645 5015 qure
2666 4945 3027 4998 ascenderunt
3052 4944 3117 4998 de
3139 4943 3343 4998 Galaad
3378 4942 3560 5013 (Cant.

1981 5040 2076 5107 tv).
2119 5056 2136 5087 ι
2172 5036 2326 5091 Sicut
2353 5039 2497 5090 enim
2527 5052 2622 5106 per
2668 5034 2873 5099 oculos,
2920 5033 3177 5088 Eeclesim
3208 5035 3455 5089 doctores
3482 5035 3564 5089 in-

1988 5129 2318 5197 telliguntur,
2359 5129 2448 5197 qui
2492 5130 2557 5179 ad
2601 5127 2827 5180 videnda
2856 5127 2909 5180 in
2941 5126 3283 5180 inferioribus
3306 5126 3566 5182 membris

1976 5232 2205 5280 summa,
2240 5234 2302 5271 ac
2330 5217 2585 5284 specialia
2615 5225 2740 5269 sunt
2767 5215 2990 5284 prtclati,
3023 5216 3101 5269 sic
3144 5217 3306 5269 etiam
3338 5230 3435 5284 per
3466 5230 3561 5267 ca-

1977 5307 2131 5376 pillos
2157 5320 2451 5375 gregesque
2481 5310 2766 5372 caprarum
2814 5304 3165 5373 designantur
3207 5294 3479 5370 simplices
3510 5310 3566 5357 et

1976 5396 2199 5464 subjecti
2229 5411 2243 5459 ;
2273 5393 2436 5463 239
2475 5395 2564 5461 qui
2597 5394 2871 5456 nimirum,
2920 5393 3019 5445 etsi
3066 5408 3175 5461 pra:
3224 5392 3568 5460 simplicitate

1976 5489 2201 5557 mystica
2232 5500 2460 5555 qua-que
2490 5502 2554 5539 ae
2589 5499 2797 5538 summa
2829 5499 2935 5537 non
2974 5492 3279 5552 penetrant,
3318 5484 3565 5536 multitu-

1979 5582 2103 5637 dine
2134 5589 2313 5633 tamcn
2342 5588 2395 5633 et
2422 5578 2823 5647 comparatione
2854 5592 2948 5630 sua
2996 5586 3237 5630 sanctam
3268 5574 3563 5629 Ecclesium

1974 5671 2123 5725 velut
2162 5671 2338 5740 capilii
2384 5677 2544 5739 caput
2577 5676 2883 5731 exornant,
2933 5667 3058 5736 quia
3109 5668 3426 5735 plerumque
3463 5679 3562 5733 pro

1976 5774 2200 5844 peccato
2230 5761 2474 5819 aufertur
2504 5762 2671 5832 ηειυά
2700 5758 2924 5831 peccati.
2952 5758 3208 5827 .Galaad,
3238 5771 3450 5809 acervus
3483 5761 3566 5813 est
