4052 6312
643 319 782 374 ΗΠ

641 440 945 499 testimonii.
977 438 1080 494 Per
1099 441 1300 497 Galaad
1321 455 1448 510 ergo
1471 440 1770 506 Christum,
1793 441 1880 496 cui
1903 452 2212 496 sanctorum

641 528 883 591 omnium
913 527 1201 588 multitudo
1230 529 1477 598 perhibet
1507 530 1896 586 testimonium.
1922 531 2026 585 Per
2053 533 2217 601 capil~

641 619 726 676 los
751 634 900 685 vero,
929 619 1012 674 vel
1037 636 1322 690 caprarum
1349 636 1559 693 greges,
1589 623 1985 678 multitudinem
2017 624 2215 680 intelli-

636 707 818 779 gimus
833 710 1222 780 subjectorum.
1244 709 1445 781 Greges
1466 725 1596 780 ergo
1619 701 1902 782 caprarum
1923 715 2218 768 ascendunt
2262 736 2274 751 κ

632 800 710 853 de
736 808 918 856 monte
940 799 1164 868 Galaad,
1188 802 1314 871 quia
1337 811 1647 858 sanctorum
1673 805 1912 859 omnium
1934 801 2218 859 multitudo

632 887 709 948 de
754 888 1011 956 Christo,
1051 905 1210 960 quem
1257 891 1474 946 sibimet
1511 893 1719 948 faciunt
1771 892 2173 950 fundamentum
2198 933 2215 960 ,

635 978 1006 1034 conscendere
1029 987 1281 1048 satagunt
1315 981 1530 1034 excelsa
1574 983 1853 1038 virtutum.
1884 983 2035 1039 Unde
2063 982 2220 1039 colli-

633 1081 768 1138 gere
804 1083 1090 1137 possumus
1119 1071 1241 1141 quia
1275 1081 1534 1140 quantum
1579 1074 1747 1128 distat
1778 1074 1919 1129 inter
1957 1077 2142 1131 oculos
2164 1086 2219 1132 et

633 1155 883 1226 capillos,
911 1166 1118 1212 tantum
1147 1158 1262 1214 fere
1285 1160 1344 1217 in
1367 1163 1840 1232 contemplationis
1865 1165 2046 1222 studio
2078 1167 2219 1222 inter

635 1245 892 1316 praelatos
917 1249 1117 1305 distare
1139 1251 1332 1305 debeat
1353 1259 1405 1306 et
1429 1251 1720 1321 subjectos,
1746 1266 2009 1324 quatenus
2031 1271 2218 1315 eorum

630 1340 731 1407 qui
768 1339 872 1398 sibi
925 1350 1053 1396 sunt
1102 1343 1402 1407 commissi,
1452 1345 1820 1414 Spiritualibus
1867 1349 2060 1402 studiis
2109 1348 2219 1406 sint

637 1428 856 1496 intenti,
897 1442 953 1488 et
986 1432 1202 1488 videant
1223 1451 1334 1490 non
1363 1437 1521 1491 modo
1550 1437 1674 1504 sibi,
1708 1439 1801 1494 sed
1825 1448 1878 1493 et
1907 1438 2030 1496 illis.

1254 1525 1482 1582 CAPUT
1521 1527 1590 1582 Χ.

712 1633 732 1666 ι
767 1615 965 1678 Dentes
999 1617 1071 1670 tui
1122 1617 1260 1672 sicut
1309 1633 1439 1688 grex
1476 1626 1773 1683 tonsarum,
1805 1635 1926 1690 qum
1952 1622 2216 1677 ascende-

628 1718 762 1764 runt
785 1710 852 1764 de
879 1709 1094 1766 lavacro
1137 1709 1312 1780 (Cant.
1340 1712 1496 1782 rv).'i
1531 1712 1702 1768 Porro
1736 1714 1925 1770 dentes
1960 1715 2215 1774 Ecclesiae

635 1800 812 1853 sancti
845 1811 1146 1861 noscuntur
1164 1817 1285 1856 esse
1315 1801 1601 1868 doctores;
1631 1819 1860 1872 quorum
1909 1807 2086 1874 primo
2131 1807 2210 1862 dio

618 1899 780 1951 zelum
815 1901 936 1947 est:
973 1911 992 1944 ‹
1036 1892 1207 1948 Macta
1234 1903 1288 1949 et
1319 1897 1580 1951 manduca
1605 1896 1742 1960 (Act.
1777 1898 1858 1966 tt).
1896 1917 1915 1950 ι
1957 1900 2033 1954 Ac
2060 1900 2105 1956 si
2133 1901 2214 1955 di-

627 1990 781 2036 ceret
808 2001 821 2035 :
847 1982 930 2036 Ab
954 1999 1018 2037 eo
1061 1984 1202 2053 quod
1253 1996 1398 2051 sunt,
1446 1985 1625 2056 gladio
1672 1986 1923 2056 Spiritus.
1960 1989 2063 2048 hoc
2107 1999 2211 2056 est,

622 2071 798 2126 .verbo
854 2074 1252 2141 praedicationis
1315 2077 1503 2134 occide
1547 2085 1602 2134 et
1651 2078 1705 2132 in
1746 2094 1946 2150 corpus
1983 2081 2216 2138 transfer

619 2159 908 2220 Ecclesiae.
939 2163 1136 2220 Dentes
1159 2165 1322 2236 igitur
1341 2181 1573 2237 sponsae,
1605 2179 1733 2224 sunt
1754 2172 2003 2228 doctores
2021 2173 2214 2239 sancti,

629 2253 724 2322 qui
749 2255 1002 2324 quoniam
1029 2258 1300 2328 simplices
1324 2273 1419 2328 per
1442 2261 1806 2318 innocentiam
1831 2275 1979 2327 sunt,
2008 2275 2063 2320 et
2086 2281 2208 2320 om-

616 2343 722 2398 .nia
747 2345 1114 2416 relinquentes
1140 2349 1454 2407 facultatum
1504 2368 1720 2411 suarum
1757 2356 2046 2416 velleribus
2091 2368 2216 2414 sunt

619 2436 819 2498 rcxuti,
867 2451 936 2492 ac
980 2439 1122 2494 sacri
1169 2440 1507 2509 baptismatis
1553 2446 1695 2501 unda
1741 2449 2032 2516 purificati,
2079 2451 2216 2511 sicut

615 2535 766 2594 .grex
796 2536 1073 2584 tonsarum
1101 2540 1248 2596 sunt,
1285 2545 1404 2600 qua:
1431 2537 1790 2592 ascenderunt
1815 2539 1880 2595 de
1909 2539 2144 2597 lavacro.
2189 2570 2192 2572 η

729 2670 731 2673 .
1245 2621 1470 2680 CAPUT
1494 2625 1584 2680 XI.

618 2723 726 2797 τω(
752 2707 876 2766 ,1)υο
906 2710 1070 2766 ubera
1104 2719 1193 2768 tua
1221 2715 1361 2770 sicut
1387 2717 1490 2773 duo
1519 2719 1731 2776 hinnuli
1759 2737 1967 2794 caprea:
1994 2728 2214 2797 gemelli

617 2794 810 2868 (Cant.
841 2800 938 2869 tv).
975 2821 997 2854 ι
1034 2801 1186 2858 Sicut
1211 2806 1353 2862 enim
1378 2808 1483 2864 duo
1521 2812 1688 2866 ubera
1718 2812 1826 2870 duo
1864 2794 2210 2874 sunt—Testa-

608 2897 811 2978 :tnenta
841 2907 856 2955 ;
897 2891 973 2964 ita
1002 2895 1108 2950 duo
1144 2897 1376 2965 ltinnuli,
1407 2903 1526 2958 duo~
1555 2907 1736 2976 populi
1765 2919 1910 2978 sunt,
1963 2905 2214 2972 Ecclesiae

607 2976 724 3034 ltilii
750 2977 1007 3038 Iudaicus
1029 2985 1238 3041 scilicet
1264 2998 1319 3042 et
1347 2991 1580 3059 gentilis.

1228 3077 1454 3134 CAPUT
1498 3082 1608 3137 ΧΠ.

948 3163 1033 3222 Ea:
1069 3183 1306 3224 sermone
1335 3172 1388 3224 in
1411 3174 1580 3228 natali
1607 3177 1883 3247 virginum.

704 3267 725 3301 ι
761 3249 896 3308 Tota
950 3256 1175 3324 pulchra
1223 3275 1317 3326 es,
1374 3264 1547 3320 amica
1602 3281 1761 3334 mea;
1819 3278 1930 3326 tota
1983 3276 2207 3342 pulchra

629 3335 808 3405 (Cant.
850 3345 958 3413 ιν),
1001 3364 1020 3397 ι
1058 3346 1286 3404 interius
1313 3351 1518 3409 scilicet
1562 3363 1617 3408 et
1660 3360 1921 3416 exterius.
1949 3335 2112 3419 F-oris.
2151 3367 2205 3420 in

625 3428 957 3499 perfectione
1011 3437 1143 3493 clari
1187 3443 1407 3510 operis,
1469 3446 1794 3505 intrinsecus
1843 3452 1899 3506 in
1944 3451 2206 3511 munditia

609 3522 938 3589 purissimae
953 3530 1315 3599 cogitationis.
1398 3549 1409 3561 ·
1693 3595 1696 3597 λ
1793 3551 1797 3554 ·
2048 3559 2050 3563 '

1217 3623 1440 3681 CAPUT
1471 3627 1611 3684 Xlll.
2021 3701 2024 3704 g

869 3709 938 3762 In
965 3725 1200 3769 sermone
1233 3715 1296 3769 de
1325 3716 1431 3771 SS.
1466 3717 1632 3774 Flora
1662 3733 1708 3792 et
1734 3722 1958 3780 an-ilia.
2085 3776 2089 3780 .

599 3845 610 3856 ,
700 3814 722 3848 σ
769 3797 1127 3874 Coronaberis
1167 3804 1232 3860 de
1257 3807 1457 3862 vertice
1483 3807 1663 3876 Sanir,
1690 3813 1754 3868 de
1795 3815 1971 3883 capite
1996 3815 2205 3874 Amana

624 3898 680 3942 et
725 3889 960 3945 Hermon
991 3932 1005 3954 ,
1056 3894 1120 3948 de
1178 3895 1443 3954 cubilibus
1492 3899 1750 3967 leonum,
1799 3905 1866 3959 de
1929 3909 2206 3964 montibus

626 3981 919 4048 pardorum
941 3983 1117 4054 (Cant.
1164 3987 1258 4056 iv).
1310 4006 1329 4040 ι
1373 3989 1580 4045 Amana
1623 3994 1886 4062 siquidem
1929 4013 2082 4054 mons
2123 4009 2207 4055 est

603 4068 844 4136 .Ciliciae,
868 4073 958 4140 qui
985 4082 1040 4127 et
1069 4073 1278 4130 Taurus
1302 4092 1332 4130 a
1361 4080 1728 4149 compluribus
1753 4084 2072 4154 appellatur.
2090 4087 2207 4150 ,Sa-

599 4160 714 4214 .nir
735 4176 864 4218 vero
895 4170 949 4216 et
978 4163 1235 4234 Hermon,
1275 4166 1512 4226 Iudaicae
1543 4180 1701 4228 terra:
1735 4185 1944 4238 montes
1970 4186 2117 4242 sunt,
2150 4180 2206 4234 in

605 4252 822 4322 "quibus
851 4253 1033 4310 leones
1057 4264 1112 4310 et
1148 4258 1300 4326 pardi
1331 4259 1577 4317 habitare
1601 4264 1914 4320 creduntur.
1961 4267 2066 4323 Per
2107 4271 2206 4328 hos

621 4356 754 4413 ergo
791 4352 1021 4410 montes,
1052 4361 1202 4416 reges
1239 4356 1295 4403 et
1333 4349 1608 4420 principes
1650 4353 1985 4426 diversaeque
2021 4361 2205 4415 mundi

601 4432 786 4502 hujus
811 4433 1172 4506 intelligenda:
1197 4447 1324 4493 sunt
1355 4450 1690 4510 potestates;
1719 4460 1838 4514 quae
1865 4448 2014 4504 velut
2046 4465 2202 4505 mon-

1529 323 2029 388 COLLECTANEA
2068 323 2136 378 IN
2183 323 2412 381 VETUS
2450 327 2991 400 TES'T-AMENTUM.

3710 340 3808 406 “58

2243 447 2290 504 Α
2317 444 2482 499 vitate
2516 445 2814 510 convertit,
2865 455 2919 500 et
2948 460 3044 514 pro
3093 447 3348 512 correctis
3397 464 3572 505 eormn
3624 457 3809 512 moribus

2318 545 2516 590 aeterna
2545 536 2766 606 praemia
2795 536 3005 606 recipit.

2905 627 3130 682 CAPUT
3171 629 3308 684 XIV.

2625 713 2710 772 Ea:
2743 733 2979 772 sermone
3007 719 3062 772 in
3102 718 3266 772 natali
3309 720 3570 791 virginum.

2395 820 2414 854 ί
2457 799 2649 872 Surge,
2695 805 2910 874 Aquilo,
2956 815 3011 862 et
3049 808 3192 873 veni,
3223 819 3423 876 auster,
3465 813 3615 882 perila
3649 800 3810 876 hortuni

2320 906 2520 956 meum,
2573 899 2628 948 et
2670 893 2838 949 ﬂuent
2881 905 3121 951 aromata
3167 897 3309 954 illius
3337 897 3506 969 (Cant.
3546 903 3632 974 iv).
3663 924 3679 958 ι
3710 907 3812 974 Quid

2318 995 2416 1050 per
2455 981 2802 1052 Aquilonem,
2849 986 2940 1054 qui
2997 986 3252 1041 nimirum
3295 997 3480 1057 ventus
3523 1002 3596 1048 est
3624 992 3812 1067 frigidus,

2321 1071 2422 1125 nisi
2444 1073 2835 1140 persecutionis
2856 1075 3156 1144 asperitas?
3177 1075 3312 1142 Quid
3327 1093 3421 1147 per
3438 1081 3592 1135 austri
3613 1092 3812 1155 tempora,

2319 1157 2422 1212 nisi
2446 1157 2584 1214 male
2613 1161 3005 1218 blandientium
3035 1164 3282 1219 remissio
3301 1165 3627 1238 designatur?
3651 1170 3734 1226 Sed
3755 1177 3812 1228 in-

2322 1256 2403 1304 ter
2446 1251 2729 1322 utriusque
2771 1255 3164 1323 persecutionis
3213 1272 3431 1326 genera,
3469 1260 3597 1316 inter
3643 1273 3815 1340 utraque

2314 1340 2535 1417 maligni
2567 1344 2792 1413 spiritus
2819 1355 3136 1418 argumenta
3164 1348 3505 1406 ecclesiastici
3541 1354 3659 1409 horti
3693 1356 3814 1413 ﬂuere

2311 1430 2567 1500 jubentur
2593 1442 2857 1500 aromata,
2879 1435 3006 1504 quia
3039 1435 3194 1492 fortis
3221 1438 3429 1495 animus
3459 1440 3586 1496 inter
3617 1443 3710 1498 hate
3731 1460 3815 1518 cer-

2317 1522 2520 1597 tamina
2569 1523 2936 1592 deprehensus
2981 1527 3154 1595 aperit
3202 1529 3457 1600 quidquid
3496 1533 3814 1604 virium,quid-

2317 1611 2444 1679 quid
2473 1611 2613 1675 fidei,
2647 1615 2907 1684 quidquid
2936 1615 3148 1673 invicta:
3195 1618 3514 1676 fortitudinis
3535 1631 3719 1679 eatenus
3751 1641 3815 1679 oc-

2317 1700 2561 1768 cultavit,
2590 1703 2815 1758 etvelut
2857 1715 3101 1761 aromata
3145 1706 3295 1763 foras
3337 1709 3608 1778 proﬂuunt,
3648 1714 3745 1767 dum
3767 1716 3814 1767 ad

2242 1795 2286 1855 Β
2315 1792 2607 1847 humanam
2633 1795 2879 1851 notitiam
2910 1797 3140 1853 virtutes
3165 1800 3432 1869 prodeunt
3475 1816 3533 1858 ac
3554 1803 3640 1873 pia:
3664 1804 3814 1874 Opinio-

2316 1882 2399 1937 nis
2428 1883 2620 1938 odores
2649 1883 2806 1957 longe
2834 1885 3049 1957 lateque
3076 1888 3400 1945 diffundunt.

2829 2020 2834 2024 -
2915 1979 3142 2037 CAPUT
3187 1982 3302 2038 XV.

2394 2083 2414 2118 ι
2456 2066 2566 2139 Ego
2593 2069 2820 2136 dormio,
2867 2080 2922 2125 et
2962 2087 3054 2126 cor
3105 2089 3286 2129 meum
3332 2076 3524 2147 vigilat.
3559 2077 3650 2133 Vox
3679 2076 3811 2133 dilecti

2315 2157 2423 2213 mei
2449 2159 2751 2228 pulsantis:
2777 2159 2962 2232 Aperi,
3003 2179 3162 2219 soror
3211 2181 3350 2234 mea,
3396 2169 3554 2222 amica
3593 2184 3705 2234 mea,
3745 2183 3810 2222 co-

2313 2249 2495 2305 lumba
2534 2269 2670 2319 mea,
2709 2254 3052 2310 immaculata
3080 2273 3223 2323 mea,
3249 2260 3371 2330 quia
3397 2271 3546 2332 caput
3571 2277 3711 2318 meum
3731 2261 3810 2332 ple-

2315 2356 2444 2394 num
2473 2352 2556 2396 est
2594 2359 2716 2401 rore
2760 2353 2814 2400 et
2851 2345 3088 2400 cincinni
3124 2349 3234 2402 mei
3261 2351 3421 2420 guttis
3448 2352 3647 2406 noctium
3670 2350 3810 2420 (Cant.

2317 2431 2390 2501 v).
2425 2451 2444 2483 ι
2493 2433 2634 2498 Dicit
2680 2434 2963 2490 Ecclesia:
3001 2454 3019 2486 ‹
3059 2437 3172 2507 Ego
3222 2439 3449 2506 dormio,
3485 2449 3536 2496 et
3560 2455 3638 2496 cor
3673 2452 3808 2494 meum

2315 2520 2498 2590 vigilat
2525 2539 2540 2589 ;
2581 2542 2598 2573 ι
2634 2525 2758 2594 quia
2788 2525 3038 2581 videlicet
3064 2536 3254 2584 sancta
3288 2545 3439 2586 mens
3463 2545 3557 2600 quo
3583 2545 3632 2586 se
3655 2546 3679 2584 a
3703 2539 3805 2584 stre.-

2314 2609 2428 2680 pitu
2457 2612 2767 2682 temporalis
2798 2616 3254 2685 concupiscentia:
3281 2619 3586 2687 comprimit,
3605 2633 3658 2672 eo
3677 2619 3805 2670 \‘crius

2315 2702 2527 2756 interna
2547 2703 2860 2774 cognoscit;
2891 2715 2945 2760 et
2977 2715 3128 2762 tanto
3152 2710 3222 2766 ad
3250 2709 3437 2764 intima
3460 2709 3638 2780 vigilat,
3660 2718 3807 2779 quanto

2313 2808 2372 2848 se
2411 2794 2478 2848 ab
2505 2794 2765 2850 exteriori
2810 2796 3184 2868 inquietudine
3215 2801 3438 2856 solerter
3463 2801 3682 2856 occultat.
3715 2799 3806 2854 Dor-

2312 2884 2414 2939 mit
2440 2886 2622 2956 itaque
2644 2902 2837 2957 sponsa
2863 2904 2893 2943 a
2917 2892 3143 2962 negotiis
3167 2903 3223 2948 et
3246 2881 3647 2964 concupiscentia
3661 2888 3804 2952 sreculi,

2301 2979 2409 3035 ’sed
2441 2993 2656 3050 apertos
2685 2991 2846 3052 atque
2887 2986 3180 3057 pervigiles
3231 2997 3375 3044 tenet
3417 2987 3584 3044 oculos
3631 2987 3673 3040 in
3708 2996 3803 3038 :estu

2299 3065 2516 3126 amoris
2550 3074 2662 3129 Dei.
2707 3073 2814 3138 Sed
2858 3077 2982 3145 quia
3033 3093 3142 3132 non
3193 3074 3278 3134 est
3324 3078 3423 3136 hoc
3463 3089 3646 3149 tempus
3685 3076 3805 3146 plenae

2235 3146 2281 3211 C
2312 3162 2532 3232 quietis,
2561 3163 2652 3219 sed
2679 3164 2875 3244 laboris
2904 3168 3084 3237 potius
3121 3177 3288 3240 atque
3311 3171 3616 3236 certaminis,
3646 3177 3803 3237 repente

2309 3255 2536 3314 dilectus
2592 3257 2788 3311 ostium
2853 3260 3075 3328 pulsat,
3139 3276 3371 3334 eamque
3435 3263 3499 3317 ad
3549 3261 3803 3332 procinctum

2307 3346 2624 3402 conserendi
2650 3349 2778 3404 belli
2802 3352 2914 3407 suis
2951 3353 3420 3411 exhortationibus
3445 3345 3654 3411 excitat:
3681 3370 3695 3403 t
3725 3348 3803 3402 l'ox

2300 3437 2504 3516 (inquit,
2537 3439 2717 3495 dilecti
2755 3440 2860 3496 mei
2891 3432 3177 3512 pulSantis.
3223 3463 3242 3496 ι
3272 3444 3456 3501 Pulsat
3479 3443 3697 3505 dilectus,
3719 3452 3802 3494 cum

2307 3526 2496 3592 ﬁdeles
2555 3545 2683 3586 suos
2745 3540 3003 3600 provocat
3067 3526 3344 3590 Christus
3389 3543 3479 3589 aut
3531 3533 3591 3588 ad
3644 3541 3800 3609 suarum

2306 3611 2641 3676 incrementa
2670 3611 2946 3690 virtutum,
2975 3632 3069 3678 aut
3092 3635 3247 3682 certe
3275 3628 3340 3682 ad
3366 3625 3626 3684 lucrandas
3644 3621 3795 3698 animas

2295 3696 2699 3777 ‘proxinmrum.
2755 3732 2772 3764 ι
2835 3703 2998 3784 Aperi
3054 3715 3208 3781 mihi,
3260 3731 3414 3772 soror
3454 3730 3578 3770 mea.
3626 3731 3642 3764 ι
3684 3710 3802 3764 5οτοτ

2305 3803 2512 3872 utique,
2544 3805 2671 3873 quia
2703 3807 2854 3876 regni
2885 3807 2990 3863 mei
3021 3808 3154 3862 mihi
3199 3795 3440 3864 conteres
3483 3805 3664 3869 effecta,
3695 3810 3735 3854 et
3765 3797 3802 3851 ill

2292 3895 2706 3967 necessitudine
2777 3881 2910 3952 mihi
2991 3885 3266 3955 fraternae
3321 3897 3603 3970 adoptionis
3665 3891 3801 3965 ascita-

2288 4005 2329 4055 _¢
2359 3988 2551 4042 Amica
2605 4003 2723 4043 mea
2755 4029 2770 4056 ,
2826 4009 2844 4042 ι
2899 3990 3026 4062 quia
3070 3978 3136 4056 de
3174 3991 3310 4061 jugo
3349 3988 3602 4048 servitutis
3638 3989 3800 4051 erepta.

2286 4064 2606 4148 ~cegnovisti
2634 4095 2768 4135 meae
2799 4081 3042 4136 veritatis
3067 4096 3294 4138 arcana.
3331 4102 3349 4135 ι
3387 4079 3621 4138 Columba
3644 4086 3799 4162 meaif

2288 4168 2431 4238 quia
2460 4167 2600 4224 fellis
2625 4170 2985 4224 amaritudine
3014 4186 3207 4240 vacua,
3253 4181 3310 4227 et
3355 4171 3574 4242 Spiritus
3603 4163 3702 4225 mei,
3737 4169 3801 4226 qui

2290 4257 2360 4322 Vin
2399 4257 2645 4313 columba
2699 4247 3030 4326 descendit,
3064 4262 3207 4317 dono
3252 4251 3437 4318 ditata.
3474 4277 3492 4312 ‹
3529 4247 3802 4312 Immaculata

2304 4333 2447 4415 mea,
2481 4369 2499 4402 ι
2535 4349 2795 4405 etfusione
2821 4351 2926 4406 mei
2953 4352 3234 4422 sanguinis
3265 4353 3333 4408 ab
3359 4349 3498 4408 omni
3526 4349 3796 4433 peccatorum

2305 4448 2517 4494 tuorum
2551 4439 2671 4494 labe
2696 4449 2924 4510 purgata
2956 4455 3038 4496 es.
3066 4442 3234 4512 Aperi
3263 4443 3440 4512 itaque
3466 4438 3602 4502 mihi,
3627 4435 3704 4488 hoc
3722 4435 3795 4486 est.

625 4530 707 4575 tes
731 4522 784 4574 in
804 4502 1069 4593 superbia:
1091 4540 1150 4580 se
1172 4502 1427 4584 cacumen
1455 4502 1703 4588 attollunt
1733 4502 1786 4590 et
1815 4536 2061 4608 malignis
2087 4541 2199 4610 spi-
2223 4502 2279 4626 Ρ
2305 4531 2371 4588 de
2435 4531 2627 4600 (ἰυίθιθ
2671 4543 2726 4586 ει
2793 4532 2903 4626 θ-ίίο
2972 4532 3185 4626 (iam?
3254 4533 3353 4589 tibi
3418 4518 3801 4626 ‘F°“l¢“’”““‘l'.'is

622 4610 816 4665 ritibus
844 4619 1100 4682 tanquam
1127 4615 1309 4683 pardis
1348 4626 1511 4687 atque
1557 4619 1803 4680 leonibus
1835 4626 2199 4685 habitaculum

620 4704 823 4758 ferunt.
875 4703 1125 4761 Perversi
1177 4707 1374 4778 quippe
1421 4709 1662 4780 spiritus,
1714 4713 1897 4781 leones
1923 4727 2200 4782 ,vocantur

587 4855 590 4860 _
619 4805 839 4865 propter
865 4797 1235 4853 crudelitatem
1267 4815 1280 4865 ;
1312 4800 1476 4873 240
1500 4804 1651 4873 pardi
1698 4815 1899 4873 autem;
1943 4810 2068 4878 quia
2099 4813 2200 4868 hoc

592 4887 820 4957 animal
888 4889 1022 4944 varii
1080 4890 1277 4946 coloris
1324 4901 1446 4958 est,
1496 4905 1712 4964 propter
1759 4898 2088 4969 deceptionis
2135 4917 2200 4958 ac

619 4980 826 5036 fraudis
853 4981 1227 5037 multimodam
1249 4985 1585 5041 varietatem.
1619 4988 1698 5044 De
1725 4988 1809 5044 his
1843 4997 1972 5061 ergo
2003 4994 2198 5050 monti-

618 5073 720 5128 bus
740 5072 825 5127 vel
851 5089 1075 5145 quzeque
1102 5074 1277 5132 fidelis
1312 5077 1511 5145 anima,
1541 5079 1628 5136 vel
1668 5091 1858 5138 sancta
1904 5097 2198 5142 coronatur

617 5161 880 5232 Ecclesia,
905 5165 1122 5236 quando
1147 5169 1324 5223 saeculi
1346 5171 1616 5240 principes
1637 5175 1904 5229 convertit
1922 5176 1988 5230 ad
2010 5177 2194 5244 ﬁdem,

583 5309 586 5311 Α
617 5254 704 5308 νει
735 5257 805 5312 ad
847 5267 1051 5314 sancta
1087 5261 1516 5318 conversationis
1556 5261 1740 5332 dirigit
1795 5265 2190 5323 rectitudinem.

616 5345 920 5404 Coronatur
943 5361 1145 5418 autem,
1171 5351 1252 5407 vel
1278 5352 1404 5423 quia
1432 5367 1530 5424 pro
1556 5365 1837 5426 apportan
1880 5373 2067 5413 eorum
2112 5359 2194 5414 lu-

581 5477 587 5482 -
615 5455 712 5497 cro
740 5453 1118 5497 remuneratur
1144 5457 1176 5499 a
1219 5442 1456 5509 Christo,
1503 5444 1588 5501 vel
1623 5447 1692 5502 ab
1743 5447 1966 5516 eisdem,
1999 5450 2196 5520 quibus

584 5559 588 5564 -
615 5543 774 5588 antea
802 5533 1170 5604 premebatur,
1198 5537 1492 5592 honoratur
1521 5539 1577 5594 in
1618 5540 1833 5597 saeculo.
1869 5541 2194 5609 Coronatur,

617 5625 856 5694 inquam,
880 5624 945 5679 de
972 5623 1237 5681 cubilibus
1263 5626 1474 5684 leonum
1499 5639 1554 5684 et
1584 5631 1854 5686 montibus
1878 5633 2190 5701 pardorum,

615 5716 830 5783 quando
862 5715 1123 5790 superbos
1162 5731 1402 5789 quosque
1446 5730 1608 5792 atque
1647 5722 1857 5790 dolosos
1884 5739 1912 5789 ξι
1942 5740 2036 5780 sua
2067 5740 2191 5798 pra-

2301 4624 2557 4693 egredere
2585 4663 2600 4689 ,
2669 4635 2724 4680 et
2771 4622 2839 4678 ad
2892 4625 3282 4695 perbibendum
3333 4621 3687 4702 veritati‘mea:
3727 4617 3802 4702 ίεξν

2288 4691 2587 4769 ἰίἰηοιιὶυω
2633 4713 3034 4770 ferventissime
3079 4722 3152 4780 te,
3194 4726 3250 4770 et
3282 4718 3577 4770 constanter
3616 4691 3801 4798 impletide

2279 4807 2458 4879 ‘25]
2495 4827 2513 4860 ι
2550 4808 2684 4875 Quia
2710 4817 2873 4879 caput
2903 4823 3080 4864 meum
3106 4808 3325 4878 plenum
3359 4815 3442 4861 est
3468 4816 3600 4865 rore,
3640 4804 3683 4851 el
3711 4802 3795 4845 Cln'

2301 4899 2447 4953 ciuni
2471 4899 2575 4954 mei
2604 4900 2770 4968 guttis
2806 4899 3066 4954 noctium.
3090 4919 3107 4951 ι
3146 4898 3319 4969 Caput
3355 4894 3544 4978 Christi
3578 4891 3691 4978 Deus
3714 4884 3796 4978 ‘csb

2303 4997 2362 5042 ut
2386 4988 2516 5043 dicit
2543 4988 2830 5057 Apostolus
2859 4987 2910 5059 (ι
2935 4987 3056 5042 Cor.
3104 4987 3212 5060 xt);
3244 4974 3473 5040 cincinni
3514 4990 3626 5033 vero
3647 4973 3797 5060 intumt3

2302 5089 2614 5134 sanctorum
2657 5078 3016 5149 cogitationes
3050 5059 3206 5146 sunt;
3246 5092 3366 5148 qua:
3403 5088 3502 5129 non
3537 5068 3652 5122 laxae

2299 5177 2353 5223 ct
2380 5168 2678 5234 dissolutae,
2718 5139 2813 5224 ξω
2852 5167 3062 5222 timoris
3091 5176 3147 5222 et
3170 5165 3370 5220 amoris
3398 5160 3482 5217 Dei
3506 5162 3615 5214 sunt
3639 5139 3796 5204 vinculo

2300 5261 2582 5329 colligatze.
2623 5261 2914 5317 Enimvero
2951 5261 3081 5332 quid
3139 5275 3235 5332 per
3274 5272 3450 5313 rorem
3477 5262 3527 5309 et
3552 5254 3701 5320 guttas
3725 5248 3794 5290 "0‘

2300 5353 2632 5429 ctium,_nisi
2678 5339 2992 5410 tenebros‘as
3033 5361 3087 5408 et
3127 5352 3349 5422 frigidas
3395 5338 3702 5418 quorumdam
3721 5339 3793 5429 ff“

2300 5423 2589 5514 proborum
2620 5454 2828 5500 mentes
2856 5444 3188 5515 accipimus?
3236 5441 3407 5511 Caput
3439 5448 3558 5506 ergo
3583 5429 3790 5530 sponsi":

2302 5537 2545 5606 reprobis
2579 5537 2796 5608 plenum
2833 5547 2919 5592 est
2957 5550 3100 5602 rore,
3133 5549 3252 5590 cum
3284 5530 3553 5589 sreculares
3587 5518 3744 5590 (ιιιίίιυθ
3770 5517 3791 5554 ³

2301 5630 2394 5684 Dei
2428 5630 2693 5685 cltaritale
2728 5638 3040 5701 torpescunt
3069 5637 3124 5683 et
3155 5643 3246 5698 per
3277 5625 3587 5710 \‘olltl’lal‘lm
3621 5610 3787 5710 sui],

2301 5722 2580 5780 lasciviant
2632 5696 2889 5791 deﬂuunt,
2928 5721 3080 5794 juxta
3133 5721 3182 5776 id
3226 5715 3364 5788 quod
3396 5708 3630 5770 Dominus
3670 5696 3788 5750 tlxcn;
