4052 6312
327 382 466 438 1189

326 607 446 649 rum
475 584 691 663 (Matth.
714 584 888 655 χειν).
917 603 934 634 ι
986 578 1299 649 llujusmodi
1345 576 1503 647 plane
1529 590 1654 630 cum
1684 579 1904 628 sanctos.

328 685 430 740 Dei
480 661 880 753 persequuntur
925 671 1220 753 etodium
1272 669 1327 723 in
1377 666 1592 721 illorum
1647 661 1907 717 cordibus

327 775 484 847 quasi
537 767 778 828 cincinni
819 751 1010 836 sponsi
1050 761 1218 833 guttis
1257 759 1499 814 nectium
1546 755 1692 825 pleni
1744 757 1904 816 sunt;

1593 367 1660 422 IN
1689 361 1988 422 CANTICA
2025 359 2295 418 CANTIC.

329 519 350 553 ι
381 496 690 555 Abundabit
709 492 996 561 iniquitas,
1023 496 1078 545 et
1099 487 1418 558 refrigescet
1440 483 1678 540 charitas
1704 480 1900 537 multo.
1925 478 1979 539 Α

3435 352 3579 410 “$0

2578 473 2803 529 CAPUT
2844 471 3002 528 XVII.
3051 491 3054 494 ’

2079 586 2100 620 ι
2132 568 2285 625 Oculi
2315 569 2430 638 eius
2459 567 2600 622 sicut
2625 567 2887 622 columba:
2918 577 3080 632 super
3104 561 3257 616 rivos
3283 575 3584 630 aquarum,

2002 671 2124 726 quae
2164 656 2469 711 lactesunt
2505 655 2650 716 lotae,
2689 662 2745 708 et
2781 652 3022 707 resident
3058 650 3212 720 juxta
3237 646 3439 702 fluenta
3469 646 3582 713 ple-

2003 749 2226 805 nissima
2245 746 2424 818 (Cant.
2455 746 2531 817 ν).
2560 745 2796 800 »Βαιιοιί
2826 744 3022 814 quippe
3051 742 3303 796 doctores
3328 738 3584 794 Ecclesiae

328 878 564 935 cumque
603 861 739 918 tales
776 856 1203 927 multiplicantur
1238 860 1294 906 et
1327 848 1622 906 Eeclesiam
1656 857 1908 916 persecu-
2000 837 2155 908 juxta
2181 836 2382 892 ﬂuenta
2421 837 2734 904 plenissima
2776 835 3013 888 resident
3049 831 3476 900 Scripturarum,
3507 839 3586 882 ex

331 954 571 1014 tionibus
602 951 916 1024 aggravant,
944 957 1074 1001 tunc
1102 944 1346 1014 Sponsus
1372 953 1624 1010 sponsam
1649 935 1911 992 exhorta-

332 1061 424 1104 tur
452 1056 511 1102 ut
537 1051 724 1115 surgat
764 1051 817 1097 et
847 1040 1028 1096 studio
1054 1032 1515 1108 prawarieationis
1541 1029 1787 1085 valenter
1823 1026 1908 1080 in-

331 1143 511 1198 sistat.
552 1137 620 1194 Et
656 1150 850 1207 sponsa
889 1133 956 1187 ad
993 1145 1157 1187 eum:
1189 1147 1206 1179 ι
1236 1124 1542 1196 Exspoliavi
1587 1135 1696 1186 me,
1733 1117 1911 1188 inquit

333 1233 518 1288 tunica
544 1243 686 1293 mea,
717 1221 988 1296 quomodo
1015 1220 1234 1276 induam
1277 1214 1490 1270 illam?»
1518 1210 1696 1282 (Cant.
1722 1207 1799 1278 v.)
1830 1207 1910 1261 Ac

334 1326 383 1382 si
415 1325 594 1379 dicat:
620 1320 754 1374 Exui
786 1333 873 1373 me
904 1314 1050 1371 curis
1090 1321 1145 1367 et
1169 1305 1612 1379 occupationibus
1651 1299 1829 1356 szeculi
1855 1306 1910 1353 et

335 1417 391 1471 in
439 1413 554 1471 solo
593 1426 678 1466 me
717 1418 820 1465 tua:
861 1400 1330 1474 contemplationis
1378 1411 1562 1452 amore
1609 1389 1911 1450 constrinxi

334 1506 604 1579 quomodo
635 1517 777 1560 nunc
804 1496 1160 1556 discursionis
1194 1495 1300 1548 iter
1326 1489 1617 1560 arripiam?
1643 1483 1911 1556 quomodo

330 1597 592 1667 strepitus
638 1601 694 1649 et
737 1592 1010 1646 luctamen
1059 1581 1468 1654 obloqueutium
1513 1577 1718 1634 feram?
1760 1573 1912 1642 Quod

333 1698 515 1747 autem
583 1687 764 1743 tunica
830 1697 991 1740 curas
1062 1676 1558 1742 sollicitudinesque
1621 1668 1911 1739 signiticet;

333 1783 568 1842 Ostendit
594 1781 854 1837 Dominus
883 1792 1006 1832 cum
1038 1773 1200 1829 dicit:
1229 1790 1248 1823 ι
1286 1769 1385 1836 Qui
1422 1769 1475 1821 in
1507 1773 1650 1820 tecto
1678 1770 1780 1824 est,
1807 1773 1911 1812 non

334 1874 626 1932 descendat
674 1870 862 1926 tollere
904 1867 1140 1921 tunicam
1192 1875 1348 1916 suam
1397 1855 1628 1928 (Matth.
1665 1852 1834 1919 xxv),
1887 1868 1906 1901 ›

334 1971 476 2042 quod
505 1979 588 2024 est
612 1977 796 2039 aperte
823 1965 1003 2019 dicere
1027 1976 1040 2014 :
1066 1959 1168 2026 Qui
1196 1954 1409 2010 sublimi
1441 1943 1912 2017 contemplationis

333 2073 459 2118 arce
506 2058 797 2116 suhnititur
852 2064 1197 2123 nequaquam
1251 2042 1574 2103 descendat,
1613 2045 1674 2090 ut
1718 2035 1913 2088 iterum

332 2148 609 2214 Stecularis
637 2149 835 2221 negotii
862 2141 1306 2213 occupationibus
1351 2133 1678 2204 implicetur.
1735 2145 1753 2178 ι
1784 2123 1914 2179 Lavi

332 2254 500 2321 pedes
529 2215 1002 2312 meos,vquomodo
1051 2231 1353 2303 inquinabo
1373 2225 1530 2282 illos?
1563 2243 1581 2274 ι
1627 2219 1804 2292 (Cant.
1835 2215 1914 2282 v.)

334 2307 388 2396 Id
410 2344 512 2401 est,
541 2307 768 2407 gressus.
785 2329 888 2384 mei
924 2327 1104 2397 operis
1127 2325 1194 2377 ab
1221 2318 1536 2389 aspersione
1564 2309 1766 2367 terreni
1793 2307 1915 2377 pul-

333 2431 484 2506 veris
506 2401 679 2500 dignis
707 2420 1040 2494 poenitentiae
1063 2415 1278 2470 fletibus
1302 2409 1472 2474 ablui,
1494 2419 1601 2476 quo
1626 2409 1781 2474 pacto
1802 2401 1916 2468 jam

337 2503 546 2594 potero,
583 2517 685 2573 nisi
718 2515 913 2585 quibus
949 2516 1161 2565 assueta
1189 2520 1329 2567 sum,
1355 2498 1596 2556 emlcstia
1634 2490 1919 2548 meditari?

316 2584 1044 2695 IVerumtamenpostponit
1083 2589 1552 2664 contemplationis
1589 2584 1830 2654 requiem
1866 2587 1921 2634 et

340 2707 408 2761 ad
451 2703 717 2759 fervorem
768 2693 1088 2752 obedientia:
1143 2687 1468 2742 intrinsecus
1514 2691 1742 2733 accensa
1794 2685 1919 2728 mox

341 2797 611 2870 perbibet,
663 2791 850 2846 dicens
891 2805 904 2841 :
955 2806 972 2837 ι
1023 2783 1261 2838 Dilectus
1307 2791 1460 2831 meus
1509 2772 1658 2828 misit
1703 2780 1921 2823 manum

339 2890 497 2946 'snam
535 2902 632 2957 per
669 2885 912 2939 foramen
950 2887 1005 2932 et
1034 2882 1224 2929 venter
1252 2885 1403 2925 meus
1433 2863 1713 2922 intremuit
1739 2860 1806 2914 ad
1843 2867 1924 2912 ta-

343 2991 491 3038 ctum
517 2950 634 3048 ejus
668 2972 878 3048 (Ibid.).
914 2992 932 3025 ι
987 2969 1225 3023 Dilectus
1261 2963 1416 3033 plane
1463 2971 1681 3014 manum
1711 2967 1806 3024 per
1843 2950 1924 3006 ἴοι

346 3085 533 3140 ramea
579 3042 744 3121 mittit
781 3042 1103 3140 et-ventrem
1144 3053 1351 3124 tangit,
1389 3065 1512 3105 cum
1548 3043 1756 3102 occulta
1783 3042 1927 3096 Con-

346 3163 492 3228 ditor
552 3135 1060 3227 inspirationecor
1114 3145 1297 3200 visitat
1350 3151 1514 3209 atque
1565 3136 1633 3190 ad
1696 3145 1923 3203 agonem

338 3249 660 3308 certaminis
695 3254 749 3302 et
791 3243 961 3299 sancti
1005 3236 1208 3294 laboris
1246 3233 1561 3288 inflantur-at.
1611 3225 1743 3280 Nam
1779 3219 1926 3292 quod

347 3357 537 3404 venter
577 3361 670 3401 eor
715 3340 1004 3414 significet,
1052 3331 1289 3390 ostendit
1321 3326 1583 3399 propheta
1613 3337 1734 3377 cum
1768 3317 1925 3374 dicit:

347 3461 376 3493 ‘r
390 3442 640 3495 Ventrem
667 3405 841 3491 meum
867 3431 1022 3486 doleo
1049 3428 1182 3497 (Jer.
1199 3423 1302 3495 iV);
1325 3441 1342 3474 ι
1372 3419 1512 3491 quod
1535 3415 1776 3487 profecto
1799 3405 1930 3481 quid

343 3542 494 3588 esset
534 3530 726 3600 aperit,
772 3539 892 3580 cum
929 3520 1200 3594 subjungit
1236 3535 1248 3571 :
1298 3536 1315 3566 ι
1348 3513 1553 3568 Sensus
1598 3507 1778 3564 cordis
1826 3503 1932 3559 mei

343 3621 600 3707 dissipati
645 3628 787 3676 sunt.
839 3615 1097 3680 Surrexi,
1146 3621 1205 3665 ut
1255 3607 1520 3679 aperirem
1566 3603 1764 3658 dilecto
1812 3612 1932 3653 meo

341 3691 533 3784 :(Cunt.
564 3711 640 3778 v).
677 3729 694 3760 ι
725 3709 942 3778 Surgit,
996 3714 1056 3760 ut
1103 3702 1338 3774 aperiat,
1365 3699 1487 3770 quia
1529 3691 1934 3766 promptissime

345 3804 537 3884 animo
585 3799 861 3855 humiliter
889 3798 1147 3851 obediens
1181 3792 1352 3845 caleat
1393 3789 1688 3858 propriam,
1721 3794 1778 3837 ut
1811 3783 1936 3836 totis

343 3894 561 3975 viribus
597 3890 926 3946 voluntatem
967 3883 1185 3952 impleat
1224 3895 1376 3934 mens
1427 3886 1612 3932 sancta
1671 3875 1933 3928 divinam.

943 3972 1169 4032 CAPUT
1215 3970 1353 4026 XVI.

344 4057 426 4166 gln
466 4076 684 4150 cpistola
723 4073 794 4128 ad
813 4071 1150 4191 Blancat‘uLet
1186 4065 1242 4186 ili;
1272 4076 1506 4116 sermone
1545 4059 1609 4111 de
1641 4054 1744 4112 SS.
1771 4053 1939 4109 Flora

993 4156 1020 4191 e
1113 4152 1194 4190 tm
1240 4151 1295 4186 ιι.

993 4151 1039 4193 et
1069 4151 1295 4190 Lucum.

344 4247 358 4254 ‘
405 4233 409 4236 λ
440 4235 457 4290 ἀ
489 4239 729 4294 Dilectus
763 4248 914 4290 mens
952 4228 1212 4286 candidus
1249 4233 1306 4280 et
1341 4219 1691 4278 rubicundus.
1737 4215 1942 4270 electus

349 4339 427 4386 ἐκ
457 4329 718 4392 millibus;
760 4334 918 4395 caput
946 4322 1062 4390 ejus
1099 4333 1288 4372 aurum
1319 4315 1579 4384 optimum
1607 4308 1786 4381 (Cant.
1811 4305 1885 4375 v).
1917 4323 1937 4355 ι

351 4416 601 4498 Dilectus
639 4419 904 4490 siquidem
943 4413 1204 4469 candidus
1227 4406 1571 4480 virginitate,
1612 4397 1943 4456 rubicundus

365 4529 448 4572 est
471 4515 745 4586 passione.
769 4510 1064 4570 Candidus,
1091 4505 1215 4574 quia
1247 4502 1375 4557 dicit
1401 4518 1413 4552 :
1445 4516 1464 4550 ι
1485 4499 1596 4569 Ego
1617 4494 1787 4548 lilium
1811 4505 1943 4544 con-

351 4601 581 4662 ;valli‘um
632 4603 807 4674 (Cant.
840 4601 901 4672 ιι)
930 4617 943 4665 ;
976 4619 993 4650 ι
1038 4595 1392 4656 rubicundus,
1442 4591 1508 4646 de
1554 4604 1662 4658 quo
1709 4586 1943 4641 Joannes

349 4699 496 4757 'dieit
519 4719 531 4754 :
568 4719 586 4750 ι
610 4698 745 4764 Quia
775 4695 905 4749 lavit
931 4707 1030 4746 nos
1057 4708 1084 4744 a
1112 4688 1344 4759 peccatis
1377 4684 1574 4740 nostris
1601 4683 1653 4735 in
1682 4677 1943 4749 sanguine

347 4789 466 4849 'suo
494 4792 674 4861 (Apoc.
700 4787 762 4856 ι).
795 4808 813 4839 ι
849 4785 1062 4840 Electus
1087 4797 1150 4836 ex
1176 4778 1431 4838 millibus,
1461 4776 1584 4846 quia
1610 4788 1675 4827 ex
1702 4771 1943 4825 omnium

350 4858 674 4966 :sant-torum
727 4873 1067 4930 multitudine
1111 4870 1259 4925 solus
1307 4875 1410 4931 est,
1457 4866 1547 4935 qui
1599 4863 1796 4933 dignus
1845 4858 1946 4912 fuit

371 4977 596 5032 audire:
629 4993 645 5024 ι
680 4971 779 5025 llic
806 4976 890 5023 est
915 4965 1087 5021 Filius
1122 4974 1276 5018 meus
1305 4960 1552 5024 dilectus,
1590 4957 1642 5011 in
1680 4971 1788 5026 quo
1816 4952 1946 5007 mihi

359 5057 508 5145 bene
555 5058 856 5131 complacui
900 5054 1115 5127 (Matth.
1150 5069 1230 5116 ιιι,
1255 5067 1353 5115 xu,
1379 5047 1532 5118 xvu).
1564 5065 1582 5098 ι
1631 5046 1705 5099 De
1753 5058 1861 5112 quo
1899 5047 1955 5094 et

358 5141 628 5213 iSalomon
676 5152 875 5225 2&2:
907 5169 922 5200 ι
954 5148 1143 5202 Virum
1182 5142 1371 5212 inquit,
1403 5140 1470 5194 de
1499 5138 1644 5192 mille
1672 5151 1836 5188 unum
1869 5147 1956 5185 re-

375 5250 488 5322 peri
521 5245 687 5320 (Eccl.
718 5247 835 5310 vn).
869 5263 886 5296 ι
917 5237 1247 5296 Millenarius
1275 5233 1472 5304 quippe
1499 5243 1759 5284 numerus
1791 5225 1955 5280 totius

375 5339 595 5396 immani
644 5335 857 5408 generis
904 5341 987 5388 est
1032 5323 1381 5395 intelligenda
1433 5319 1717 5392 perfectio,
1759 5317 1811 5370 in
1850 5329 1956 5385 quo

378 5433 622 5487 Salvator
676 5439 929 5496 tanquam
980 5435 1166 5493 passer
1211 5425 1294 5472 est
1338 5414 1529 5469 unicus
1586 5410 1639 5464 in
1691 5406 1948 5462 aadilieio:

384 5545 401 5578 σ
439 5522 611 5592 Caput
638 5518 754 5587 ejus
786 5495 975 5584 aurum
1002 5511 1298 5583 optimum;
1342 5524 1360 5557 ι
1395 5502 1518 5574 quia
1557 5518 1575 5551 ι
1605 5508 1766 5570 caput
1792 5495 1953 5552 Chri-

380 5616 446 5685 sti
478 5615 617 5669 Dens
649 5609 698 5680 (I
724 5607 844 5662 Cor.
864 5607 970 5676 x1);
1005 5625 1021 5656 ι
1046 5603 1136 5673 qui
1163 5599 1417 5655 nimirum
1448 5597 1588 5650 sicut
1622 5608 1814 5649 aurum
1843 5603 1957 5643 me-

381 5706 543 5766 tallis,
578 5703 670 5767 ita,
701 5699 823 5754 licet
853 5692 1345 5764 incomparabiliter
1376 5686 1624 5747 omnibus
1661 5681 1956 5754 superenn-

379 5806 467 5853 ιιρὶ
492 5793 776 5852 creaturis.

2006 930 2201 999 quibus
2250 928 2504 984 nimirum
2553 927 2937 980 exuberantem
2985 923 3088 992 ipsi
3117 937 3257 977 vene
3303 919 3582 990 sapientia!

2007 1019 2275 1089 gurgitem
2299 1018 2581 1080 hauriunt,
2610 1027 2664 1070 et
2688 1015 3028 1069 auditoribus
3058 1011 3183 1066 suis
3203 1007 3448 1080 mysterii
3475 1019 3590 1062 etra-

2009 1112 2160 1170 lestis
2186 1125 2382 1166 arcana
2412 1108 2814 1164 transfundunt.

2585 1194 2812 1254 CAPUT
2850 1196 3034 1253 XVIII.

2081 1299 2149 1353 In
2177 1309 2412 1350 sermone
2435 1292 2500 1346 de
2523 1291 2583 1346 S.
2611 1291 2818 1345 Joanne
2846 1287 3080 1359 apostolo
3102 1297 3149 1340 et
3173 1283 3512 1355 evangelista.

2086 1409 2104 1442 ι
2141 1389 2340 1444 Venter
2367 1384 2485 1452 ejus
2508 1384 2799 1444 eburneus,
2823 1370 3591 1446 distiuctussapphiris(Cant.

2010 1483 2088 1554 v).
2125 1501 2144 1534 ι
2196 1481 2254 1535 lu
2288 1475 2546 1533 membris
2593 1487 2790 1541 nempe
2816 1469 3040 1524 humani
3083 1465 3345 1536 corporis,
3375 1463 3462 1517 vix
3489 1460 3582 1516 ali-

2011 1572 2140 1642 quid
2172 1577 2360 1623 ventre
2409 1563 2653 1635 fragilius
2679 1563 2794 1616 sive
2824 1559 3064 1615 tenerius
3105 1555 3411 1618 invenitur;
3447 1550 3596 1606 ideod

2015 1677 2122 1732 que
2147 1676 2243 1730 per
2271 1669 2537 1720 ventrem,
2566 1663 2713 1708 recte
2740 1650 3008 1719 fragilitas
3037 1649 3088 1700 in
3114 1645 3334 1701 Christo
3378 1657 3596 1697 assum-

2015 1765 2120 1827 pne
2155 1749 2514 1807 humanitatis
2550 1745 2834 1814 accipitur.
2878 1741 3024 1795 Ebur
3064 1746 3242 1792 auten
3263 1750 3326 1788 os
3367 1743 3451 1788 est
3487 1731 3598 1787 ele-

1943 1823 1989 1884 Β
2017 1845 2259 1920 phautis,
2283 1842 2425 1911 quod
2462 1837 2713 1892 videlicet
2741 1832 2942 1888 animal
2991 1829 3163 1884 fertur
3204 1839 3325 1880 esse
3353 1821 3600 1877 castissi-

2017 1951 2165 1993 mum
2213 1929 2683 2002 frigidissimzrque
2732 1933 2958 1978 naturai.
3009 1921 3210 1974 Venter
3257 1929 3386 1984 ergo
3411 1909 3596 1982 sponsi

2015 2027 2285 2082 eburneus
2313 2029 2418 2080 est.
2446 2017 2568 2086 quia
2602 2022 2850 2081 suscepta
2880 2005 3255 2077 Redemptoris
3288 2002 3598 2058 immanitas

2016 2118 2085 2171 ab
2119 2113 2266 2170 οιιιιιί
2305 2119 2652 2181 peccatorum
2693 2103 2945 2173 contagio
2989 2108 3138 2155 casta
3163 2097 3389 2168 prorsus
3422 2103 3478 2149 et
3514 2094 3598 2148 iu-

2015 2207 2216 2262 violata
2255 2199 2565 2272 permansit.
2613 2196 2894 2265 Siquidem
2941 2213 2958 2244 ι
2988 2200 3268 2261 peccatum
3311 2203 3417 2241 non
3447 2185 3595 2252 fecit,

2018 2315 2119 2356 nec
2164 2296 2322 2351 dolus
2367 2295 2621 2348 inventus
2661 2297 2743 2342 est
2787 2287 2840 2341 in
2891 2299 2985 2338 ore
3025 2282 3143 2352 ejus
3182 2280 3232 2351 (I
3276 2278 3420 2332 Petr.
3456 2278 3540 2346 ιι).
3571 2287 3600 2329 ι·

2021 2387 2319 2458 Sappbirus
2362 2391 2545 2436 autem
2583 2378 2720 2446 lapis
2743 2384 2828 2430 est
2859 2373 3038 2430 sereni
3071 2370 3194 2425 εαξιί
3239 2366 3600 2422 ροιοιειιινιιιι-

2018 2455 2174 2538 heus.
2226 2476 2378 2531 Unde
2427 2480 2482 2526 et
2532 2471 2585 2524 iu
2635 2468 2843 2522 visione
2888 2461 3101 2519 Domini
3149 2459 3386 2514 dicitur:
3421 2474 3440 2507 t
3468 2455 3603 2510 Erat

2021 2573 2122 2630 sub
2171 2567 2402 2639 pedibus
2451 2559 2569 2630 ejus
2614 2557 2769 2628 quasi
2821 2569 2956 2624 opus
3007 2550 3204 2621 lapidis
3251 2543 3515 2616 sapphiri,
3543 2547 3603 2598 et

2021 2663 2176 2733 quasi
2201 2659 2396 2715 caelum
2427 2670 2548 2711 cum
2581 2665 2832 2708 serenum
2875 2655 2960 2703 est
3001 2644 3204 2716 (Exod.
3238 2643 3411 2708 utr).
3445 2657 3464 2690 ι
3496 2637 3604 2691 Per

2021 2751 2308 2831 sapphiros
2352 2759 2481 2816 ergo
2507 2757 2674 2812 opera
2718 2737 3016 2796 divinitatis
3058 2732 3453 2802 intelliguntur,
3481 2739 3604 2796 qua:

2024 2847 2078 2900 in
2128 2818 2292 2898 carne
2323 2837 2584 2892 Dominus
2625 2830 2962 2887 ostendebat.
3014 2826 3216 2880 Venter
3258 2835 3387 2889 ergo
3418 2817 3601 2888 sponsi

2023 2935 2314 2991 distinctus
2353 2936 2472 2984 erat
2523 2922 2830 2993 sapphiris,
2879 2917 3003 2988 quia
3041 2912 3246 2970 Christi
3296 2908 3605 2966 humanitas

2026 3024 2222 3081 divinis
2263 3017 2552 3074 virtutibus
2600 3009 2921 3080 refulgebat.
2974 3003 3086 3060 Nec
3111 3002 3300 3071 plenus
3329 3013 3449 3054 esse
3485 3011 3607 3065 sap-

2025 3112 2197 3184 pidris
2225 3108 2441 3170 dicitur,
2479 3103 2574 3160 sed
2603 3099 2925 3161 distinctus;
2976 3094 3050 3148 ita
3097 3089 3349 3144 videlicet
3378 3094 3437 3139 ut
3465 3085 3608 3139 inter

1953 3195 2000 3258 C
2033 3203 2318 3274 sapphiros
2347 3199 2550 3254 candor
2569 3195 2749 3250 eboris
2777 3195 3082 3261 appareret,
3100 3183 3222 3253 quia
3247 3181 3328 3236 sic
3347 3176 3606 3234 Dominus

2029 3271 2107 3354 ext
2126 3271 2278 3366 parte
2317 3289 2576 3360 assumpli
2604 3284 2844 3341 hominis
2881 3278 3215 3349 operabatur
3247 3274 3482 3327 humana
3505 3306 3522 3333 ,
3548 3271 3615 3322 et

2031 3359 2321 3458 aliquando
2358 3359 2710 3437 nihilominus
2757 3390 2826 3430 ex
2864 3379 3019 3442 parte
3054 3364 3273 3422 deitatis
3305 3359 3615 3416 ostenderet

2032 3492 2088 3536 et
2113 3479 2315 3534 divina.
2345 3472 2482 3528 Nam
2512 3468 2744 3532 esurire,
2771 3465 2921 3528 ﬂere,
2965 3467 3241 3531 postremo
3288 3448 3529 3520 cruciﬁgi
3558 3455 3615 3502 et

2033 3575 2197 3638 mori.
2226 3564 2576 3625 humanitatis
2609 3566 2768 3616 erant
2793 3570 2994 3628 opera;
3043 3545 3308 3605 miracula
3348 3556 3480 3598 vero
3531 3537 3618 3595 fa.

2031 3682 2182 3730 cere,
2233 3671 2288 3716 et
2332 3671 2444 3714 non
2491 3655 2664 3711 solum
2713 3651 2868 3711 alios,
2919 3646 3015 3700 sed
3059 3637 3410 3706 semetipsum
3450 3629 3616 3686 etiam

2039 3776 2073 3814 a
2099 3754 2327 3812 momzis
2382 3749 2650 3807 suscitare
2687 3735 3096 3798 evidentissima
3127 3736 3285 3788 erant
3318 3718 3621 3782 divinitatis

2033 3849 2262 3906 iudicia.

2624 3922 2852 3982 CAPUT
2892 3919 3033 3974 XIX.

2119 4049 2139 4083 ι
2190 4027 2390 4083 Guttur
2437 4019 2582 4075 illius
2628 4012 3009 4071 suavissimum
3051 4004 3232 4076 (Cant.
3282 3999 3360 4070 v),
3413 4016 3432 4049 ι
3493 3993 3622 4064 quia

2035 4135 2266 4181 suorum
2314 4111 2568 4172 melliﬂua
2615 4106 2884 4163 suavitate
2930 4101 3222 4155 verborum
3257 4096 3471 4147 mentes
3525 4100 3626 4140 au-

2033 4212 2308 4273 idientium
2345 4203 2726 4261 obdulcantur.
2777 4211 2796 4245 ι
2827 4192 3004 4258 Quam
3033 4185 3234 4246 dulcia,
3279 4179 3474 4249 inquit,
3507 4174 3633 4229 fau-

2035 4305 2199 4360 cibus
2245 4297 2380 4353 meis
2412 4291 2636 4361 eloquia
2689 4295 2776 4340 tua
2807 4299 2820 4347 ;
2850 4295 3014 4349 super
3066 4273 3169 4330 mel
3213 4279 3272 4328 et
3315 4269 3496 4322 favum
3540 4261 3633 4320 ori

2033 4352 2196 4450 in;
2225 4384 2438 4458 )(Psal.
2457 4352 2674 4446 cxi-tu.)
2690 4376 2860 4430 Totus
2885 4370 3049 4425 etiam
3066 4358 3445 4420 desiderabilis
3464 4371 3480 4422 ;
3499 4352 3634 4425 quia

2049 4447 2101 4540 in
2128 4499 2216 4545 eo,
2257 4447 2489 4535 testante
2521 4471 2706 4532 Petro,
2739 4462 3050 4520 desiderant
3088 4452 3268 4525 angeli
3315 4447 3626 4520 prospicere

1972 4547 2022 4607 D
2049 4578 2100 4648 (I
2127 4575 2274 4629 Petr.
2305 4572 2347 4641 ι)
2373 4587 2386 4623 :
2420 4586 2439 4620 ι
2466 4563 2551 4620 vel
2577 4560 2704 4632 quia
2736 4551 3088 4612 humanitatis
3132 4547 3252 4618 ejus
3293 4554 3458 4598 omne
3503 4548 3628 4607 my-

2050 4629 2301 4729 sterium,
2329 4629 2681 4716 Idesiderium
2727 4644 2977 4705 accendit
3019 4643 3073 4696 in
3118 4635 3387 4694 mentibus
3430 4629 3636 4685 electo-

2053 4773 2210 4821 rum;
2246 4762 2305 4808 ut
2334 4766 2430 4806 eos
2457 4743 2705 4800 videlicet
2737 4753 2840 4792 non
2873 4732 3031 4788 modo
3077 4717 3489 4782 resurrectionis
3514 4713 3630 4785 glo-

2055 4850 2132 4905 ria
2180 4849 2473 4916 provocet,
2518 4833 2612 4890 sed
2664 4830 2734 4884 ad
2779 4819 3100 4882 imitationis
3143 4810 3452 4879 exemplum
3508 4806 3632 4875 ipsa

2790 4915 2793 4916 '
2882 4913 2890 4916 λ
2988 4909 2998 4916 ·
3082 4906 3114 4916 ⁸-
3165 4913 3172 4916 -
3251 4901 3287 4916 ἰ
3333 4893 3628 4916 νειμηιᾼιεη

2055 4893 2270 5008 quoque
2319 4893 2612 5001 ignominia
2658 4913 2925 4988 passionis
2986 4906 3198 4963 invitet.
3249 4893 3635 4956 Desiderabilis

2057 4987 2160 5089 ζει,
2183 4987 2320 5094 ἰιιιίει
2361 5015 2659 5090 praeclarus
2702 5018 2862 5076 atque
2894 4999 3219 5069 conspicuus
3245 4999 3330 5047 est
3365 4989 3418 5044 in
3449 4987 3634 5056 singu—

3123 5087 3134 5094 .
3239 5084 3249 5094 .
3323 5081 3334 5092 .
3473 5073 3632 5094 ,ηρ

2060 5073 2160 5089 ννη
2197 5073 2319 5094 Τπ-
2364 5073 2381 5090 ι
2775 5073 2791 5076 -

2058 5119 2158 5173 lari
2198 5111 2495 5170 nativitate.
2547 5105 2601 5159 iu
2649 5098 2861 5153 vivitica
2895 5100 3091 5151 morte,
3122 5087 3175 5141 in
3203 5081 3432 5154 gloriosa
3473 5073 3637 5147 243

2057 5207 2478 5270 resurrectione,
2528 5199 2581 5252 in
2632 5187 2943 5260 triumphali
3002 5179 3359 5239 ascensione;
3419 5168 3635 5226 deside-

2062 5268 2248 5358 rabilis
2271 5302 2356 5351 est
2377 5292 2505 5346 dum
2533 5283 2792 5355 loquitur,
2825 5279 2949 5332 dum
2992 5268 3264 5327 mirabilia
3287 5269 3563 5334 operetur.

2660 5366 2885 5428 CAPUT
2931 5363 3051 5420 XX.

2215 5483 2281 5542 In
2311 5475 2527 5534 homilia
2558 5472 2622 5524 de
2651 5464 2920 5522 nativitate
2955 5457 3021 5512 B.
3047 5454 3260 5525 virginis
3284 5445 3506 5505 Moriar.‘

2139 5597 2156 5628 ι
2193 5566 2456 5628 Descendi
2501 5565 2555 5619 in
2596 5562 2812 5616 hortum
2848 5562 3066 5611 nucum,
3112 5558 3173 5601 ut
3199 5544 3434 5598 viderem
3477 5547 3643 5605 poma

2065 5668 2387 5727 convallium
2413 5706 2428 5730 ,
2456 5670 2509 5717 ct
2541 5658 2864 5728 inspicerem
2895 5649 2938 5705 si
2967 5643 3234 5701 floruisset
3258 5638 3408 5690 vinea
3435 5638 3489 5686 et
3518 5643 3642 5698 ger-

2070 5764 2340 5823 miuassca
2415 5753 2554 5811 mala
2581 5747 2774 5822 punica
2798 5743 2974 5816 (Cant.
3004 5737 3098 5806 vi).
3132 5753 3151 5786 ι
3201 5724 3414 5788 Malum;
3439 5719 3640 5790 quippe
