4078 5382
495 334 624 389 “Si

1393 329 1892 396 COLLECTANEA
1932 339 1998 395 IN
2041 339 2268 397 VETUS
2307 339 2850 398 TESTASIENTUM.

3614 345 3753 400 “‘3

494 449 752 516 punicum
789 463 978 502 amaro
1021 449 1237 518 quidem
1271 450 1480 505 cortice
1513 451 1730 522 tegitur,
1762 453 1856 508 sed
1902 453 2076 508 dulcis
2104 458 2150 516 Α
2180 454 2279 508 stis
2307 453 2553 514 eﬂicitur.
2584 455 2675 524 qui
2713 471 2819 509 non
2850 455 3051 526 indiget
3081 457 3315 527 poculis,
3357 458 3481 529 quia
3515 459 3752 516 celestis

496 539 550 590 in
590 534 707 604 ejus
743 535 986 606 granulis
1038 538 1281 594 suavitas
1325 539 1650 594 occultatur.
1713 541 1852 596 Sunt
1891 551 2073 597 autem

495 628 782 692 nonnulli,
837 628 930 696 qui
983 628 1106 682 dum
1157 644 1254 699 per
1300 630 1606 686 alIlictiouis
1653 633 2070 687 amaritudinem

491 739 711 778 crucem
743 721 944 777 Christi
975 722 1192 778 assidue
1219 724 1497 793 patiuntur
1533 726 1588 778 in
1611 739 1864 793 corpore,
1894 727 2078 782 dulce-

494 811 620 864 dine
659 812 1137 880 contemplationis
1189 814 1394 867 intima:
1435 815 1750 869 reficiuntur
1790 817 1842 870 in
1875 825 2074 872 mente.

491 899 628 955 Mala
671 917 799 971 ergo
828 903 1008 970 sponsi
1050 904 1204 956 vinea
1234 905 1533 972 germinat,
1563 907 1686 975 quia
1725 907 1858 961 tales
1888 921 2076 976 parere

493 998 676 1043 sancta
706 989 946 1043 Ecclesia
988 1007 1259 1060 nunquam
1299 1004 1493 1046 cessat.
1525 995 1598 1047 De
1637 996 1737 1048 hac
1773 997 1958 1050 eadem
1998 998 2078 1051 vi-

493 1092 592 1130 nea
636 1077 687 1130 in
715 1078 915 1132 eisdem
938 1079 1176 1134 Cauticis
1205 1095 1402 1149 sponsa
1433 1083 1498 1135 ad
1529 1098 1785 1153 spousmn
1814 1085 2075 1156 loquitur,

493 1167 714 1222 dicens:
749 1190 767 1219 ι
799 1168 952 1224 Mane
995 1186 1280 1240 surgamus
1327 1174 1393 1226 ad
1437 1174 1669 1239 vincam,
1715 1177 1994 1232 videamus
2029 1179 2072 1232 si

493 1258 675 1314 ﬂoruit
708 1259 889 1322 vinea,
927 1262 968 1314 si
997 1261 1158 1316 liores
1189 1263 1396 1318 fructus
1430 1269 1758 1333 pm'turiuut,
1802 1271 1845 1322 si
1881 1269 2077 1325 ﬂorue-

495 1358 624 1403 runt
670 1350 809 1402 mala
858 1352 1052 1419 punica
1103 1353 1278 1424 (Cant.
1310 1357 1429 1426 vn).
1466 1377 1484 1408 ι
1543 1357 1713 1426 Hujus
1761 1361 1932 1416 vinem
1986 1362 2076 1418 ille

493 1439 854 1495 vindemiator
889 1445 1118 1503 exstitit.
1154 1447 1242 1512 qui
1287 1449 1338 1500 in
1373 1449 1630 1504 torculari
1677 1454 1941 1522 passionis
1967 1469 2076 1509 snte

493 1537 1034 1605 pressus,-mysdcos
1073 1539 1230 1592 uol-is
1273 1540 1440 1594 divini
1477 1543 1676 1612 eloquii
1721 1560 1912 1600 sensus
1950 1562 2078 1614 ape-

495 1621 635 1685 ruit,
692 1632 748 1675 et
796 1625 922 1676 vino
981 1642 1079 1680 nos
1128 1629 1453 1698 evangelica:
1497 1634 1686 1703 gratim
1746 1637 2068 1704 propinavit.

492 1709 569 1765 De
615 1729 722 1782 quo
767 1715 1032 1772 videlicet
1077 1720 1201 1774 vino
1258 1737 1468 1792 sponsa:
1523 1741 1650 1781 voce
1691 1728 1757 1782 ad
1815 1745 2071 1799 sponsum

2175 542 2372 615 eloquii
2402 561 2506 600 non
2532 546 2728 601 desinit
2760 547 2994 617 irriguos
3022 562 3141 603 esse
3169 546 3402 603 ﬂuentis.
3437 548 3588 605 Unde
3616 551 3755 606 bene

2175 645 2356 691 crater
2395 636 2482 691 hic
2521 636 2792 691 toruatilis
2834 638 3065 703 dicitur;
3113 647 3276 693 torno
3322 639 3585 708 siquidem
3628 642 3753 711 quis

2176 728 2389 783 facilius
2435 737 2710 800 operatur.
2758 728 3073 798 Expeditius
3118 731 3263 785 enim
3300 745 3442 800 saepe
3475 741 3636 800 atque
3667 734 3752 787 in-

2173 819 2376 875 offenso.
2415 822 2468 876 iu
2497 829 2682 876 saneta
2720 822 3104 892 pradicatione
3130 824 3463 886 discurrunt.
3495 827 3583 894 qui
3617 841 3754 896 pra:-

2174 911 2458 967 dicatiouis
2493 913 2720 982 gratiam
2751 929 2856 967 non
2897 928 2996 968 suo
3025 915 3226 980 studio,
3254 915 3349 971 sed
3371 917 3626 972 divinitus
3655 931 3752 973 ac-

2175 1013 2456 1074 ceperunt.
2505 1005 2654 1059 Hane
2690 1006 3090 1074 praedicationis
3125 1009 3353 1079 gratiam
3383 1009 3512 1063 viris
3542 1009 3752 1080 simpli-

2175 1094 2349 1156 cibus,
2381 1095 2493 1149 sive
2524 1097 2731 1151 sanctis
2773 1097 3090 1154 mulieribus
3115 1098 3452 1154 tribuendam
3484 1099 3569 1154 illa
3601 1099 3756 1155 Sam-

2175 1199 2272 1239 son
2329 1185 2555 1239 victoria
2615 1186 2912 1255 ﬁguravit,
2949 1203 3054 1257 qua
3102 1189 3353 1244 videlicet
3389 1189 3753 1244 mandibulam

2176 1276 2313 1330 asini
2356 1274 2682 1332 fervefactus
2717 1278 3005 1348 arripiens,
3049 1277 3194 1348 mille
3220 1279 3628 1337 Philistiuorum
3677 1279 3757 1334 vi.

2176 1380 2267 1421 ros
2298 1367 2514 1421 occidit.

2731 1460 2960 1516 CAPUT
3011 1462 3194 1518 XXIII.

2253 1568 2270 1601 ι
2304 1551 2483 1606 Coma:
2529 1551 2722 1620 capitis
2767 1554 2865 1618 tui,
2896 1564 2953 1608 ut
2982 1570 3218 1626 purpura
3265 1556 3408 1628 regis
3437 1552 3623 1624 juncta
3667 1573 3759 1614 ca-

2176 1643 2390 1697 nalibus
2431 1641 2608 1714 (Cant.
2637 1645 2757 1714 vn).
2796 1664 2815 1697 ι
2873 1645 3026 1700 Sicut
3064 1662 3160 1714 per
3196 1657 3360 1718 caput
3411 1648 3759 1720 intelligimus

2179 1744 2436 1798 tuentem,
2476 1734 2548 1788 ita
2590 1750 2685 1805 per
2716 1751 2898 1790 comas
2937 1737 3132 1806 capitis
3161 1753 3264 1792 non
3313 1739 3761 1794 inconvenieuter

493 1801 688 1900 lterum
707 1803 903 1858 dicitur
931 1825 944 1859 :
976 1827 993 1858 ι
1026 1807 1224 1864 Guttur
1246 1821 1393 1867 tuum
1417 1815 1558 1869 sicut
1583 1818 1761 1872 vinum
1785 1821 2068 1888 optimum,
2103 1805 2148 1864 Β
2176 1827 2471 1896 accipimus
2500 1801 2878 1899 cogitationes.
2904 1827 3057 1882 Sicut
3079 1829 3222 1884 enim
3249 1831 3427 1900 capilli
3455 1831 3522 1886 de
3553 1832 3760 1887 vertice

498 1888 718 1961 dignum
749 1893 944 1950 dilecto
970 1914 1089 1954 meo
1115 1901 1180 1953 ad
1208 1905 1497 1970 potandum
1524 1907 1733 1980 (lbid.).
1773 1929 1792 1963 ι

1070 1990 1298 2047 CAPUT
1338 1993 1478 2048 XXI.

716 2075 784 2132 In
819 2095 1055 2136 sermone
1093 2084 1156 2137 de
1196 2084 1256 2139 S.
1284 2086 1466 2141 Marco
1503 2092 1839 2161 evangelista.

567 2185 586 2216 ι
629 2165 883 2234 Nescivi;
931 2161 1110 2226 anima
1164 2191 1280 2229 mea
1332 2181 1673 2236 conturbavit
1726 2201 1812 2238 me
1854 2195 2074 2257 propter

486 2257 776 2330 quadrigas
799 2262 1100 2320 Aminazlab
1123 2265 1300 2337 (Cant.
1329 2272 1424 2337 vr).
1459 2292 1476 2322 ι
1513 2272 1622 2329 Vox
1651 2285 1734 2331 est
1767 2277 2069 2351 Synagogte

490 2363 634 2418 qure.
675 2353 864 2408 videns
913 2366 1118 2412 tantam
1168 2373 1370 2416 sancta:
1396 2362 1648 2421 Ecclesia:
1679 2371 1908 2439 gratiam
1952 2388 2071 2431 esse

490 2440 741 2494 collatam
761 2483 776 2505 ,
809 2444 950 2499 dolet
982 2461 1040 2502 se
1072 2450 1278 2505 tardius
1324 2455 1594 2524 recepisse
1622 2459 1806 2519 ﬁdem.
1838 2478 1903 2516 eo
1928 2465 2069 2532 quod

490 2529 764 2603 Evangelii
795 2552 899 2589 non
928 2543 1207 2608 agnoverit
1229 2545 1533 2600 veritatem.
1557 2551 1860 2608 Aminadah
1889 2529 2070 2610 autem

489 2619 727 2716 abnepos
755 2620 904 2680 Judse
933 2627 1096 2684 fuisse
1127 2636 1502 2701 cognoscitur;
1553 2639 1646 2708 qui
1680 2640 1731 2694 in
1761 2644 2071 2716 genealogia

488 2705 703 2766 Domini
742 2729 862 2768 cum
896 2718 1141 2786 patribus
1181 2732 1513 2779 numeratur.
1553 2705 1944 2798 Interpremtur
1976 2705 2072 2788 au-

487 2803 596 2854 tetu
621 2801 919 2859 Atniuadab
949 2808 1128 2876 populi
1161 2813 1263 2865 mei
1300 2826 1653 2882 spontcnem;
1708 2799 1934 2891 ideoque
1963 2839 2069 2878 non

489 2889 785 2963 incongrue
813 2897 1082 2964 signiﬁcat
1109 2900 1402 2967 Christum.
1433 2909 1522 2976 qui
1564 2909 1746 2979 p0puli
1781 2889 1861 2966 sui
1902 2929 2068 2983 spon-

490 2991 683 3038 taneos
717 2984 838 3051 fuit,
869 2990 1019 3058 quia,
1052 3007 1174 3045 cum
1198 2993 1340 3050 Deus
1369 3007 1532 3062 esset,
1564 3010 1751 3068 sponte
1780 2997 1956 3058 factus
1987 3015 2072 3062 est

491 3073 688 3140 homo;
731 3079 820 3146 qui
860 3082 1004 3135 enim
1042 3098 1146 3138 non
1187 3090 1534 3155 necessitate,
1564 3093 1656 3147 sed
1689 3093 1799 3148 sola
1831 3095 2068 3153 bonitate

489 3179 592 3220 nos
618 3169 858 3224 condidit
886 3175 1101 3243 propria
1131 3177 1482 3235 nihilominus
1510 3183 1787 3239 voluntate
1815 3189 2064 3244 redemit.
2095 3183 2141 3245 C

492 3253 646 3311 Unde
675 3269 731 3313 et
751 3259 986 3319 Iacobus
1022 3267 1135 3319 ait:
1167 3287 1184 3318 ι
1219 3268 1531 3328 Voluntaria
1561 3278 1748 3346 genuit
1779 3294 1877 3334 nos
1905 3281 2069 3337 verbo

488 3347 736 3403 veritatis
761 3351 902 3421 (Jac.
937 3358 997 3424 t).
1029 3375 1048 3407 ι
1102 3357 1446 3427 Spontaucus
1474 3379 1602 3435 ergo
1649 3365 1826 3423 factus
1865 3380 1947 3425 est
1978 3387 2072 3441 po-

488 3439 600 3533 puli
637 3442 748 3506 sui,
785 3445 910 3512 quia
954 3463 1114 3516 quem
1145 3468 1174 3504 a
1207 3465 1263 3506 se
1293 3455 1521 3509 luuuana
1571 3461 1807 3527 pravitas
1854 3439 2069 3533 repulit,

489 3528 608 3582 sola
650 3532 900 3588 voluntas
949 3537 1144 3592 divina:
1202 3545 1388 3611 gratim
1446 3547 1743 3605 redonavit.
1801 3551 2070 3624 Quadriga

483 3631 616 3672 vero
647 3621 972 3689 Atninadab,
1002 3628 1206 3684 Christi
1247 3644 1329 3687 est
1363 3636 1738 3707 Evangelium,
1765 3621 2073 3702 concordis-

488 3711 623 3765 sima
679 3725 911 3780 quatuor
972 3724 1422 3789 ev:mgelistarum
1486 3732 2072 3807 diversitate-compa-

485 3808 651 3855 ctum.
682 3804 852 3870 Quam
884 3823 1015 3862 sane
1043 3812 1362 3884 quadrigam
1392 3818 1642 3876 Christus
1669 3827 1858 3891 auriga
1896 3804 2073 3898 dispoo

487 3891 567 3945 uit
597 3904 649 3946 et
678 3897 1035 3965 quadrililatu
1076 3905 1260 3960 mundi
1297 3910 1603 3964 machinam
1650 3917 1888 3984 agillima
1931 3891 2070 3992 pra:-

487 3981 778 4042 chationis
808 3989 1404 4063 celeritatepercurrit.
1446 3981 1709 4074 sieut‘per
1730 3981 2070 4067 Psalmistam

487 4071 687 4128 dicitur
714 4093 726 4130 :
757 4097 775 4128 ι
808 4078 908 4145 Qui
937 4085 1137 4138 emittit
1166 4088 1438 4158 eloquium
1468 4071 1625 4150 suum
1659 4107 1838 4166 terrm,
1869 4102 2069 4159 veloci-

488 4170 572 4263 ter
606 4168 774 4221 currit
813 4184 992 4224 sermo
1037 4175 1154 4241 ejus
1187 4176 1362 4248 (Psal.
1387 4185 1614 4255 cxcvn).
1647 4205 1664 4237 ι
1710 4185 1907 4245 Videas
1941 4206 2070 4263 ergo

487 4252 769 4330 Synagoga
802 4274 1021 4332 repente
1046 4271 1276 4337 gratiam
1308 4252 1642 4346 Evangelica'
1664 4252 2070 4351 praedicationis

483 4356 770 4445 erutupere
800 4356 1129 4426 runctaSque
1158 4364 1342 4417 mundi
1375 4369 1680 4435 provincias
1711 4374 1922 4443 agiliter
1948 4391 2072 4445 per-

484 4435 688 4526 volare,
719 4442 900 4496 subito
931 4448 1141 4502 turbata
1172 4457 1525 4521 conqueritur
1553 4464 1696 4526 quod
1725 4435 1838 4518 sola
1877 4435 2064 4522 iu.sua

2177 1919 2479 1988 prodeunt,
2533 1919 2608 1972 ita
2668 1919 3026 1988 cogitationes
3081 1935 3147 1975 ex
3195 1931 3375 1976 mente
3436 1922 3756 1992 procedunt.

2173 2007 2484 2078 Purpureus
2527 2024 2658 2063 vero
2704 2010 2884 2075 color,
2931 2012 3055 2080 quia
3102 2013 3380 2082 sanguinis
3428 2013 3592 2067 habet
3637 2027 3761 2082 spe-

2172 2100 2334 2164 ciem,
2379 2102 2505 2172 quid
2541 2117 2635 2172 per
2677 2103 3016 2174 mysterium,
3059 2105 3160 2159 nisi
3191 2105 3532 2159 Dominicam
3579 2105 3761 2159 innuit

2172 2192 2498 2260 passionem.
2549 2193 2686 2260 Quid
2717 2210 2846 2249 vero
2888 2194 3124 2258 canales,
3169 2195 3274 2250 uisi
3321 2205 3636 2250 sanctorum
3685 2194 3763 2250 si-

2173 2283 2433 2354 gnificant
2461 2287 2714 2341 mentes?
2754 2286 2905 2342 Sicut
2937 2288 3080 2343 enim
3128 2289 3181 2343 iu
3223 2289 3503 2344 canalibus
3533 2289 3761 2344 conchi-

2172 2375 2366 2430 liorum
2413 2379 2632 2449 sanguis
2666 2379 2980 2443 eﬂituditur,
3018 2388 3076 2434 ut
3124 2380 3176 2434 in
3225 2395 3556 2450 purpureum
3606 2378 3761 2435 colo-

2174 2479 2288 2519 rem
2331 2467 2449 2521 !ana
2479 2479 2743 2535 vertatur,
2774 2470 2854 2524 sic
2898 2470 2950 2523 iu
2989 2479 3299 2525 sanctorqu
3344 2471 3614 2525 mentibus
3663 2469 3762 2524 Do-

2174 2556 2388 2611 minica:
2431 2559 2697 2627 passionis
2725 2574 2888 2614 cruor
2915 2560 3131 2614 assidua
3176 2561 3527 2616 meditatione
3568 2559 3759 2615 recoli-

2175 2655 2281 2710 tur,
2325 2655 2378 2700 et
2416 2647 2485 2700 ita
2526 2647 2922 2717 quodammodo
2971 2649 3055 2718 pia
3101 2649 3354 2719 quarlibet
3403 2650 3584 2703 anima
3633 2665 3760 2703 sau-

2173 2737 2333 2806 guine
2381 2737 2625 2807 tingitur,
2660 2747 2718 2794 ut
2753 2741 2940 2794 aeterni
2970 2738 3131 2810 Regis
3157 2754 3455 2810 purpuram
3490 2739 3754 2794 imitetur.

2173 2827 2288 2883 Hoc
2319 2829 2572 2884 nimirum
2620 2830 2778 2884 modo
2815 2829 3080 2887 efficimur
3109 2830 3378 2886 Salvatori
3415 2841 3599 2884 nos:ro
3629 2843 3760 2883 cono

2172 2919 2501 2986 formes,'nt
2538 2921 2707 2977 simus
2742 2922 2905 2977 etiam
2947 2923 3141 2978 merito
3186 2921 3532 2992 postmodum
3586 2919 3761 2976 cohae-

2174 3014 2352 3071 redes.

2737 3103 2964 3163 CAPUT
3005 3105 3193 3160 XXIV.

2246 3208 2264 3241 ι
2299 3191 2470 3258 Quam
2498 3189 2719 3260 pulchra
2748 3205 2808 3244 es
2837 3201 2890 3243 et
2915 3191 3134 3254 decora,
3165 3190 3503 3254 charissima,
3541 3191 3596 3244 in
3624 3189 3761 3244 deli-

2175 3281 2301 3346 clis;
2341 3291 2551 3335 statura
2582 3291 2670 3336 tua
2702 3281 2998 3336 assitnilata
3027 3293 3111 3337 est
3143 3283 3334 3353 palma:
3365 3283 3541 3352 (Cant.
3577 3283 3703 3352 vlt).
3733 3301 3753 3332 ι

2175 3371 2325 3426 Meus
2360 3372 2557 3442 quippe
2595 3381 2782 3426 sancta
2828 3372 3148 3427 charissima
3194 3374 3246 3426 in
3288 3373 3497 3427 deliciis
3538 3373 3758 3437 dicitur,

2173 3466 2330 3533 quia,
2381 3463 2507 3516 dum
2554 3464 3020 3532 perseeutionibns
3069 3464 3252 3518 attrita
3302 3463 3435 3519 foris
3479 3463 3758 3533 amigitur,

2173 3555 2278 3623 piis
2311 3562 2549 3609 aestuans
2591 3555 2877 3611 desideriis
2917 3558 3203 3612 suavitatis
3244 3556 3448 3610 intimae
3477 3554 3759 3610 dulcedine

2170 3657 2470 3710 recreatur.
2500 3647 2664 3714 Cujus
2699 3658 2906 3703 statura
2935 3650 3127 3719 palma:
3162 3649 3354 3704 similis
3383 3648 3602 3712 dicitur,
3632 3649 3757 3716 quia

2166 3738 2316 3800 ,sicnt
2368 3752 2474 3790 non
2521 3738 2774 3792 vitiorum
2833 3739 3164 3793 titillantium
3228 3727 3481 3800 ﬂatibus,
3538 3737 3612 3791 ita
3659 3749 3757 3790 nec

2169 3821 2609 3901 persecutionum
2660 3829 3024 3898 quarumlibet
3082 3830 3382 3884 terroribus
3436 3827 3753 3891 inclinatur;

2175 3921 2410 3990 dumque
2445 3935 2564 3974 eam
2609 3921 3044 3990 persequentium
3086 3921 3286 3983 rabies,
3325 3918 3470 3973 velut
3511 3916 3757 3996 impactis

2170 4012 2441 4080 minarum
2487 4011 2748 4065 arietibus
2785 4010 2992 4080 pulsat,
3030 4010 3116 4065 illa
3165 4009 3513 4064 fundamento
3547 4008 3756 4062 invictae

2176 4099 2296 4154 fidei
2340 4111 2655 4156 constanter
2695 4101 2911 4166 innixa,
2953 4116 3141 4155 revera
3178 4110 3329 4154 stans
3364 4108 3420 4153 ct
3457 4097 3755 4167 superemi-

2174 4206 2325 4251 nens,
2374 4190 2754 4260 insuperabilis
2803 4200 3135 4260 perseverat.
3187 4188 3538 4258 Nequaquam
3579 4186 3653 4240 illi
3683 4185 3756 4238 si-

2174 4281 2334 4344 milis,
2365 4281 2449 4334 cui
2482 4297 2578 4349 per
2607 4282 2925 4350 prophetam
2960 4281 3028 4334 de
3068 4268 3320 4349 malignis
3357 4278 3636 4349 spiritibus
3671 4275 3752 4330 di-

2172 4373 2351 4426 citur:
2379 4371 2535 4437 Quia,
2573 4391 2590 4422 ι
2624 4373 3040 4427 Immiliavernut
3079 4382 3128 4427 te
3167 4382 3224 4427 et
3263 4373 3518 4427 dixerunt
3562 4369 3755 4424 anima:

2177 4473 2280 4518 tua:
2309 4479 2323 4517 :
2369 4463 2660 4518 Incurvare
2695 4472 2753 4517 ut
2784 4472 3058 4518 transeam
3111 4463 3245 4532 (lsa.
3278 4462 3386 4531 1.1);
3438 4480 3457 4514 ι
3499 4459 3594 4516 sed
3627 4458 3755 4513 illud

483 4525 748 4622 Pejﬁtliftr
780 4537 1060 4622 conversis
1105 4540 1172 4593 ad
1223 4543 1382 4597 ﬁdem
1409 4525 1703 4616 gentibus,
1748 4553 2062 4610 deseratur:
2099 4529 2144 4588 ί)
2170 4553 2346 4622 p0tius
2373 4567 2620 4618 servans,
2647 4552 2791 4621 quod
2818 4551 2943 4607 {iliis
2972 4525 3134 4607 Israel
3161 4551 3419 4606 Dominus
3445 4550 3520 4604 ait
3545 4567 3561 4606 :
3591 4568 3610 4599 ι
3643 4547 3756 4619 Ego

477 4631 512 4666 ιι
541 4613 772 4684 i\_’escivi,
800 4619 1066 4692 inquiens,
1102 4629 1340 4686 turbavit
1378 4613 1465 4689 me
1493 4613 1816 4696 anim-amca
1845 4655 2068 4714 propter

485 4707 776 4788 quadrigas
804 4711 1126 4773 Aminadad.
1157 4739 1175 4772 ι

960 4807 1122 4881 244
1157 4810 1386 4871 CAPUT
1427 4815 1592 4873 xxn.

562 4908 580 4938 ι
615 4889 911 4950 Utubilicus
944 4906 1066 4953 tuus
1097 4915 1278 4957 crater
1309 4909 1578 4964 toruatilis
1614 4927 1887 4981 nunquam
1922 4916 2062 4972 indi-

477 4994 616 5076 gens
644 4985 848 5051 [merulis
875 4987 1052 5056 (Cant.
1083 4993 1201 5062 vn).
1243 5015 1261 5046 ι
1297 4996 1591 5054 Utnbilicus
1625 5011 1802 5057 autem
1835 5005 2065 5076 fragilis-

483 5071 620 5124 sima
642 5088 765 5132 pars
786 5081 1027 5132 corporis
1047 5093 1146 5132 est.
1173 5084 1311 5132 Ouid
1347 5103 1474 5132 prmi
1502 5103 1600 5132 nor
1626 5093 1876 5132 ιπριιιηρςιη
1922 5071 2065 5132 tua-

2170 4658 2288 4697 sum
2319 4642 2578 4698 Dominus
2618 4644 2778 4709 Deus,
2828 4642 2988 4715 245
3018 4642 3111 4712 qui
3141 4640 3315 4711 eripui
3348 4656 3442 4696 vos
3483 4640 3548 4695 de
3594 4652 3753 4709 erga-

2170 4732 2312 4787 stulo
2331 4731 2732 4803 Egyptiorum,
2779 4740 2839 4786 ut
2884 4731 3208 4787 incederetis
3251 4731 3404 4784 recti.
3436 4749 3455 4780 ι
3511 4728 3578 4783 Et
3618 4743 3755 4801 quo-

2167 4824 2313 4878 niam
2353 4823 2532 4892 palma
2583 4823 2721 4878 solet
2754 4839 2972 4878 manum
3019 4837 3218 4879 ornare
3251 4822 3555 4886 victricem,
3606 4828 3752 4875 recte

2169 4923 2358 4968 sancta
2392 4921 2447 4968 et
2492 4913 2871 4982 insuperabilis
2922 4915 3100 4968 anima
3150 4913 3340 4982 palmze
3389 4925 3510 4966 esse
3560 4909 3754 4964 similis

2169 5004 2502 5074 perhibetur,
2534 5005 2658 5072 quia
2693 5019 2789 5072 per
2823 5020 3037 5059 omnem
3079 5005 3160 5059 sui
3189 5003 3505 5058 certaminis
3532 5015 3752 5062 cursum

2169 5102 2400 5132 nornr-I'n
2429 5093 2667 5132 ι’ἰριηνίιτι
2701 5095 2977 5132 ηνοιιηιῖηηι
3013 5095 3305 5132 ηιοιῖίιηιηι·
3355 5101 3518 5132 alnum
3551 5091 3755 5132 ItIl‘Il‘t‘ﬂ
