4078 5382
344 355 481 410 1ἰ53

337 569 521 627 guttur
577 569 760 622 tuum,
817 559 958 612 sicut
996 559 1178 613 vinum
1226 558 1490 627 optimum
1538 555 1709 622 (Cant.
1743 554 1857 623 vn).
1900 574 1916 604 ι

338 648 567 704 Fructus
598 664 787 717 nempe
812 649 992 703 crucis
1019 664 1209 703 omnes
1252 649 1412 701 electi
1466 656 1612 701 sunt.
1668 645 1924 699 Ascendit

340 740 503 808 igitur
551 741 808 795 Dominus
858 740 909 793 in
960 741 1194 809 palmam
1240 748 1291 793 et
1337 738 1691 808 apprehendit
1719 738 1925 791 fructus

337 829 475 896 ejus,
508 832 631 900 quia
658 846 777 884 mox
806 840 861 883 ut
896 831 946 883 in
974 847 1136 883 cruce
1156 846 1252 899 pro
1285 841 1467 883 nostra
1516 829 1687 883 salute
1730 843 1923 896 pepen-

338 920 435 984 dit,
472 936 661 974 omnes
684 921 885 975 electos
915 921 982 975 ad
1024 921 1374 989 semetipsum
1427 934 1521 988 per
1553 919 1755 972 amoris
1786 917 1924 971 desi-

339 1012 544 1065 dcrimn
582 1012 763 1065 traxit.
798 1012 864 1065 Et
895 1023 1024 1065 tunc
1064 1021 1247 1065 sancta
1280 1010 1517 1064 Ecclesia
1557 1025 1651 1077 per
1695 1010 1924 1061 duorum

339 1097 809 1153 Tcstamcutorum
840 1101 1003 1153 ubera
1034 1100 1336 1170 spiritualis
1382 1100 1548 1167 carpit
1577 1099 1773 1151 laetitia:
1803 1098 1922 1149 vina

338 1190 597 1251 ditlhiere.
637 1202 795 1261 atque
826 1193 1045 1246 odorem
1079 1192 1318 1245 cmlcstis
1347 1190 1799 1259 concupiscentiae
1826 1188 1923 1242 hu-

340 1299 621 1337 manarum
658 1284 917 1337 mentium
967 1284 1193 1337 naribus
1225 1283 1522 1352 inspirare;
1591 1290 1650 1334 ut
1704 1281 1923 1334 imitata

339 1372 405 1428 ad
441 1377 773 1446 sequendum
812 1417 826 1439 ,
882 1392 1035 1431 mens
1083 1388 1269 1430 nostra
1304 1376 1403 1431 sibi
1437 1375 1710 1445 gratulans
1735 1375 1876 1427 dicat
1908 1387 1923 1426 :

344 1483 362 1515 ι
390 1463 565 1518 Trahe
602 1481 686 1518 me
716 1475 838 1533 post
870 1476 941 1529 te,
974 1482 1257 1521 currcmus
1291 1466 1343 1520 in
1375 1467 1594 1521 odorem
1620 1474 1925 1533 unguento.

339 1570 457 1610 rum
498 1565 711 1611 tuorum
737 1554 913 1628 (Cant.
948 1557 1005 1625 l).
1040 1576 1058 1607 ι

907 1645 1133 1701 CAPUT
1173 1644 1363 1700 XXVI.

416 1755 434 1788 ι
470 1735 581 1791 Sub
604 1738 798 1793 arbore
824 1738 963 1792 malo
994 1738 1251 1791 suscitavi
1281 1746 1329 1790 te
1363 1734 1536 1806 (Cant.
1557 1734 1699 1803 Vill).
1730 1754 1749 1787 ι
1792 1733 1925 1790 Cum

341 1826 555 1883 dilecta:
615 1844 725 1883 sua:
775 1844 1003 1898 sponsus
1050 1828 1402 1898 praemisisset
1453 1845 1466 1879 :
1522 1845 1539 1876 ι
1573 1825 1684 1881 Sub
1737 1828 1927 1881 arbore

340 1916 485 1971 malo
511 1919 763 1972 suscitari
792 1928 842 1973 te
870 1936 883 1971 :
926 1938 943 1969 ι
974 1928 1366 1987 consequenter
1401 1916 1644 1985 adjunxit
1675 1935 1687 1970 :
1720 1936 1736 1968 ι
1784 1916 1927 1971 Pone

343 2022 427 2062 me
456 2016 513 2060 ut
543 2008 877 2077 signaculqu
911 2024 1077 2078 super
1121 2025 1215 2062 cor
1263 2017 1434 2072 tuum,
1485 2018 1543 2062 ut
1588 2008 1925 2079 signaculum

342 2110 504 2168 Super
530 2098 803 2154 brachium
834 2109 981 2153 tuum
1008 2099 1225 2170 (lbid.);
1254 2118 1271 2150 ι
1306 2114 1369 2154 ac
1392 2099 1595 2154 sidicat
1625 2118 1636 2151 :
1667 2099 1801 2165 Quia
1830 2114 1928 2167 ego

344 2197 397 2244 te
418 2189 469 2242 iu
494 2199 699 2243 tantmn
727 2191 912 2255 dilexi,
964 2200 1021 2242 ut
1053 2205 1149 2259 per
1181 2198 1406 2242 mortem
1458 2190 1639 2243 crucis
1692 2200 1743 2242 te
1786 2203 1927 2241 mor-

346 2288 493 2333 tuam
547 2283 902 2343 suscitarem,
961 2290 1013 2333 tu
1045 2282 1207 2334 etiam
1252 2294 1335 2333 me
1371 2278 1688 2332 alterutrum
1743 2278 1925 2347 dilige,

344 2386 536 2441 meque
592 2372 817 2426 interius
864 2382 984 2425 non
1040 2373 1197 2426 modo
1243 2371 1665 2439 cogitationibus
1718 2370 1810 2423 sed
1873 2376 1925 2423 et

341 2461 617 2529 operibus,
657 2461 802 2513 velut
826 2460 1017 2530 integri
1060 2470 1224 2529 atque
1249 2459 1471 2531 perfecti
1505 2461 1707 2512 amoris
1741 2458 1922 2525 signa-

342 2549 519 2604 culum
551 2565 703 2618 pone.
740 2548 871 2603 Nam
906 2551 1155 2604 arborem
1189 2551 1387 2605 malum
1443 2549 1701 2604 debemus
1749 2548 1925 2602 Durni-

344 2639 528 2694 niram
552 2656 767 2695 crucem
808 2641 1084 2709 accipere;
1129 2640 1214 2695 cui
1244 2640 1492 2695 videlicet
1538 2641 1715 2693 arbori
1752 2641 1923 2709 ipsum

344 2729 466 2783 alibi
497 2728 774 2783 Christum
806 2740 1107 2801 comparat,
1133 2731 1316 2785 dicens
1347 2748 1360 2783 :
1401 2749 1417 2780 ι
1450 2730 1600 2784 Sicut
1627 2730 1796 2784 malus
1837 2730 1921 2784 in-

345 2828 426 2873 ter
468 2819 607 2889 ligna
656 2819 944 2883 silvarum,
993 2822 1069 2873 sic
1116 2820 1341 2874 dilectus
1396 2835 1546 2873 meus
1602 2821 1742 2873 inter
1788 2820 1925 2875 ﬁlios

345 2906 521 2975 (Cant.
553 2908 637 2978 ιι).
673 2930 690 2962 ι
727 2910 903 2963 Arbor
937 2925 1063 2978 ergo
1090 2911 1212 2963 mali
1250 2928 1383 2964 crux
1432 2920 1514 2964 est
1563 2910 1787 2975 Christi,
1829 2928 1924 2982 per

343 3014 503 3066 quam
535 3000 789 3052 suscitata
814 3011 897 3053 est
926 3001 1123 3063 anima,
1154 3017 1182 3053 ιι
1221 3001 1407 3055 mortis
1457 3000 1662 3055 Scilicet
1708 3013 1924 3057 :cteruzc

344 3088 573 3142 vinculis
596 3088 860 3143 absoluta.
900 3109 916 3138 ι
945 3088 1089 3143 l‘one
1114 3104 1215 3150 inc.
1249 3090 1451 3157 inquit,
1497 3100 1553 3143 nt
1585 3090 1919 3159 signaculum

345 3191 507 3245 super
533 3195 626 3231 eor
653 3190 819 3242 tuum,
856 3190 911 3231 ut
934 3179 1268 3248 signaculum
1298 3195 1459 3248 super
1474 3181 1751 3235 bracbimn
1773 3191 1920 3234 tmuu
1952 3184 1995 3243 C

346 3265 521 3331 (Cant.
555 3274 694 3334 vni).
729 3290 745 3320 ι
776 3269 938 3342 246
958 3271 1092 3337 Quid
1116 3288 1211 3340 per
1231 3287 1344 3335 cor,
1377 3270 1478 3324 nisi
1508 3271 1925 3341 cogitationem?

347 3355 485 3423 Quid
518 3374 612 3425 per
641 3360 941 3421 brachium,
973 3361 1073 3414 nisi
1098 3362 1276 3429 operis
1318 3362 1575 3416 debemus
1628 3361 1927 3429 intelligere

345 3445 756 3503 fortitudinem?
786 3452 1057 3505 Christum
1113 3468 1242 3523 ergo
1292 3464 1543 3521 tanquam
1594 3454 1926 3522 signaculum

347 3537 493 3589 cordi
521 3546 704 3591 nostro
728 3539 981 3595 debemus
1003 3541 1330 3611 imprimere,
1364 3551 1419 3593 ut
1446 3540 1589 3593 nulla
1619 3543 1728 3596 haec
1750 3544 1926 3597 valeat

348 3627 560 3681 hostilis
593 3629 818 3699 irruptio
847 3632 1066 3686 violare.
1122 3632 1394 3686 Christum
1456 3633 1622 3687 etiam
1672 3634 1927 3701 Operibus

350 3718 552 3773 nostris
580 3720 837 3776 debemus
861 3722 1184 3792 insculpere,
1229 3735 1302 3786 ut,
1336 3738 1432 3795 per
1460 3740 1619 3777 omne
1650 3726 1789 3792 quod
1817 3724 1931 3793 agi-

350 3823 508 3874 mus,
556 3812 800 3865 crucitixi
848 3829 945 3867 nos
987 3817 1332 3885 prmeeptoris
1381 3816 1671 3885 discipulos
1707 3818 1922 3870 demon.

348 3910 602 3957 stremus.

1631 346 1700 405 IN
1737 345 1868 404 LIB.
1908 344 2315 402 SAPIENTUE.

338 478 450 527 tua,
487 465 625 523 sicut
652 464 793 520 botri
827 464 1029 530 vineae;
1080 464 1279 520 odores
1304 463 1403 525 tui,
1443 462 1586 517 sicut
1623 460 1919 526 malorum;
1953 465 1997 521 Α

3479 344 3617 398 1151

2574 454 2801 512 CAPUT
2843 452 3051 509 XXVII.

2027 590 2089 643 In
2128 591 2343 659 epistola
2380 590 2447 642 ad
2507 588 2783 712 Blanrrém,
2818 599 2879 670 ,ει
2926 590 2977 641 in
3024 603 3258 641 sermone
3304 590 3367 640 dc
3424 598 3612 646 sancto

2721 676 2951 712 assmno.

2721 676 2951 712 assumo.

2101 790 2119 823 ι
2149 772 2294 827 Pone
2318 787 2403 826 me
2428 781 2486 825 ut
2522 769 2855 839 signaculum
2885 785 3049 837 super
3074 784 3167 823 cor
3196 778 3343 823 tuum
3366 810 3381 834 ,
3430 779 3488 823 ut
3543 771 3615 827 si-

2025 868 2309 935 gnaculum
2339 882 2500 933 super
2530 865 2810 918 brachium
2846 872 2991 915 tuum
3019 862 3195 931 (Cant.
3232 864 3371 932 vin).
3407 884 3425 916 ι
3460 863 3617 932 Samo

2026 976 2123 1015 nos
2150 960 2219 1013 ob
2246 960 2321 1012 rei
2355 960 2693 1017 memoriam.
2719 974 2881 1027 quam
2916 958 3172 1011 oblivioni
3208 960 3425 1013 tradere
3458 960 3613 1012 nolito

2024 1068 2164 1113 mus,
2198 1052 2367 1119 digito
2396 1062 2603 1111 nostro,
2639 1050 2718 1103 vel
2752 1049 2975 1101 brachio
3019 1049 3230 1118 signum
3269 1049 3484 1118 aliquod
3534 1050 3616 1103 inv

2025 1143 2306 1203 nodamus,
2329 1150 2408 1202 ut,
2440 1142 2565 1193 dum
2594 1140 2804 1209 signum
2832 1139 3140 1207 frequenter
3164 1142 3479 1202 attenditur.
3506 1156 3615 1203 res,

2024 1249 2183 1302 quau
2212 1234 2534 1288 intercidere
2568 1234 2830 1302 potuisset
2852 1231 3291 1300 oblivio,jugitcr
3322 1234 3372 1285 in
3400 1248 3601 1285 uicino-

2024 1327 2104 1379 ria
2132 1335 2399 1379 teneatur.
2433 1324 2690 1391 Quisquis
2720 1334 2899 1377 autem
2933 1323 3212 1377 Christum
3238 1324 3393 1392 quasi
3442 1334 3610 1386 amat,

2026 1419 2117 1473 SCil
2141 1418 2352 1486 operari
2387 1418 2523 1471 bona
2555 1416 2880 1475 dissimulat.
2904 1412 3015 1481 jam
3039 1416 3435 1483 quodammodo
3458 1430 3616 1484 Spon-

2026 1525 2143 1564 sum
2193 1524 2356 1577 super
2402 1524 2498 1561 cor
2538 1506 2873 1576 signaculum
2924 1514 3121 1575 posmt.
3188 1504 3444 1574 Quisquis
3487 1520 3618 1559 vero

2024 1603 2181 1658 bonis
2202 1604 2459 1673 operilms
2489 1603 2701 1655 videtur
2735 1601 2990 1662 intentus,
3019 1600 3111 1653 sed
3140 1616 3167 1651 a
3200 1600 3363 1653 divini
3416 1601 3617 1653 amoris

2025 1704 2201 1763 torpet
2229 1694 2477 1748 incendio
2525 1692 2775 1762 frigidus,
2824 1691 2934 1759 jam
2976 1691 3076 1743 iste
3129 1689 3434 1743 sanctitatis
3477 1690 3614 1742 ima-

1960 1813 2001 1871 Β
2030 1786 2207 1855 ginem
2246 1800 2408 1853 super
2442 1782 2723 1836 brachium
2753 1780 2947 1849 posuit.
3003 1780 3095 1832 sed
3132 1778 3309 1831 adhuc
3371 1778 3422 1830 in
3456 1776 3619 1832 cordo

2031 1876 2233 1931 Christi
2265 1873 2600 1943 signaculum
2649 1889 2751 1925 non
2784 1871 3069 1939 expressit.
3131 1868 3201 1923 Ut
3252 1882 3382 1937 ergo
3429 1877 3619 1924 sancta

2032 1968 2208 2021 anima
2260 1965 2461 2019 Christi
2513 1966 2831 2018 charactere
2869 1962 3155 2030 utrobique
3178 1961 3438 2029 signetur,
3487 1974 3615 2014 eum

2032 2060 2083 2114 in
2110 2058 2271 2113 corde
2298 2072 2396 2110 suo
2435 2056 2771 2123 signaculum
2802 2062 2984 2123 ponat.
3018 2065 3077 2106 ut
3104 2054 3305 2106 amoris
3335 2050 3453 2119 ejus
3480 2050 3621 2107 facio

2028 2150 2129 2203 bus
2160 2148 2467 2203 medullitus
2499 2148 2825 2200 iuardescat.
2866 2145 3036 2197 Ponat
3065 2146 3229 2198 etiam
3283 2158 3621 2212 consequen-

2030 2249 2111 2294 ter
2133 2240 2183 2292 ia
2212 2238 2457 2300 brachio,
2489 2246 2546 2289 ut
2574 2237 2674 2304 piis
2698 2235 2953 2304 operibus
2992 2234 3233 2287 valenter
3264 2233 3497 2286 insistat.
3534 2231 3622 2285 ει.

2028 2331 2314 2401 gnaculum
2359 2328 2560 2383 Pauius
2606 2329 2658 2380 in
2703 2342 2931 2395 corpore
2964 2342 3062 2380 suo
3094 2326 3239 2379 velut
3286 2326 3339 2379 in
3388 2324 3617 2378 brachio

2026 2421 2208 2475 Jesum
2244 2428 2519 2489 posuerat,
2545 2434 2666 2471 cum
2692 2416 2907 2470 dicebat
2931 2433 2947 2469 :
2978 2433 2996 2465 ι
3021 2415 3130 2485 Ego
3180 2416 3434 2480 stigmata
3462 2412 3617 2468 Jesu

2028 2513 2081 2566 in
2104 2526 2329 2581 corpore
2353 2525 2472 2564 meo
2498 2520 2653 2578 porto
2684 2505 2830 2578 (Gal.
2863 2507 2959 2563 vri.
2987 2514 3013 2558 ἰ
3068 2505 3421 2575 Signaculmu
3451 2518 3618 2573 super

2026 2620 2120 2658 cor
2143 2610 2417 2672 posuerat,
2453 2615 2573 2655 cum
2597 2599 2722 2652 alibi
2753 2598 3179 2667 gratulabundus
3206 2596 3411 2651 aiebat:
3438 2614 3455 2646 ι
3482 2592 3611 2651 Mihi

2025 2703 2206 2748 autem
2241 2693 2381 2747 absit
2424 2690 2668 2759 gloriari,
2726 2689 2828 2742 nisi
2879 2689 2930 2743 in
2973 2703 3136 2743 cruce
3179 2687 3390 2741 Domini
3442 2683 3615 2740 nostri
3690 2708 3693 2711 λ

2024 2783 2148 2839 Jesu
2176 2783 2401 2845 Christi,
2427 2797 2523 2851 per
2551 2795 2709 2849 quem
2743 2778 2871 2832 mibi
2919 2779 3147 2831 mundus
3201 2776 3495 2832 erucitixus
3528 2784 3616 2830 est

2024 2887 2080 2931 et
2103 2891 2201 2947 ego
2230 2875 2429 2929 mundo
2457 2872 2645 2942 (ιδιά.)
2690 2892 2708 2923 ι
2740 2872 2904 2941 Cujus
2925 2865 3055 2923 sane
3082 2869 3333 2938 stigmata
3362 2882 3619 2936 erpiessa

2027 2967 2248 3038 gerebat
2280 2966 2331 3018 in
2364 2978 2613 3034 corpore,
2662 2960 2781 3029 ejus
2805 2977 2860 3012 se
2892 2959 3229 3027 signaculum
3275 2959 3475 3011 habere
3500 2957 3615 3028 glo-

2026 3056 2272 3109 riabatur
2315 3055 2366 3107 in
2414 3063 2614 3107 mente.
2663 3051 2834 3106 Porro
2890 3060 3069 3104 autem
3113 3060 3166 3101 et
3208 3049 3318 3117 ipse
3374 3048 3616 3102 caelestis

2028 3152 2271 3221 Sponsas
2325 3152 2553 3205 electum
2600 3164 2871 3219 quemque
2918 3162 3072 3199 suum
3127 3146 3228 3199 sibi
3278 3146 3615 3215 signaculum

2028 3249 2428 3315 ponitemaqne
2455 3253 2606 3311 grata
2655 3243 2771 3293 vice
2822 3246 3175 3307 lanqnam'ne
3229 3238 3295 3291 tle
3357 3238 3618 3292 memoria

2028 3335 2289 3392 deleatur.
2317 3332 2544 3385 attendit
2562 3350 2573 3383 :
2594 3329 2751 3382 Juxta
2777 3332 2918 3398 quod
2950 3327 3250 3381 Zorobahel
3274 3327 3394 3382 duci
3420 3326 3618 3380 Judanu

2028 3424 2334 3494 pollicetur.
2367 3422 2591 3476 dicens:
2624 3441 2640 3473 ι
2674 3422 2726 3475 tn
2763 3423 2848 3475 illa
2876 3423 2963 3475 die
2997 3422 3294 3491 suscipiam
3326 3433 3400 3486 Ie,
3443 3422 3615 3475 Zoro-

2028 3512 2181 3568 babcl
2211 3526 2365 3563 serve
2397 3526 2570 3573 meus,
2597 3519 2650 3563 et
2681 3525 2874 3579 ponam
2926 3520 2976 3564 te
3010 3511 3151 3564 sicut
3184 3510 3519 3580 signaculum
3561 3510 3617 3565 in

2027 3609 2318 3669 conspectu
2353 3600 2640 3671 meo(:lgy.
2670 3604 2753 3667 ιι).
2790 3620 2807 3650 ι
2847 3602 2909 3653 Et
2958 3612 3143 3654 contra
3175 3602 3238 3655 de
3260 3601 3493 3671 quodam
3527 3615 3615 3655 re-

2026 3690 2195 3758 probo
2222 3706 2343 3760 rege
2368 3690 2624 3745 Dominus
2649 3690 2813 3744 dicit:
2853 3709 2871 3740 ι
2904 3690 2960 3744 Si
3007 3690 3171 3744 fuerit
3201 3690 3489 3746 Jccbonias
3515 3706 3615 3747 an-

2028 3781 2185 3833 nulus
2232 3782 2421 3835 dexter
2472 3782 2526 3835 in
2576 3796 2738 3835 manu
2791 3796 2909 3836 mea
2944 3822 2958 3846 ,
3022 3782 3146 3837 inde
3205 3782 3429 3838 evellam
3491 3797 3615 3839 eum

2027 3871 2161 3940 (Jer.
2179 3871 2335 3941 xui).
2387 3892 2406 3924 ι

1248 3997 1554 4068 Expliciunt
1588 3999 1885 4053 testimonia
1909 4001 1973 4053 de
2002 4000 2235 4053 Cantiris
2273 4000 2617 4054 canticorum.

1258 4148 1603 4203 INClPlUNT
1640 4148 1982 4206 CAPITULA
2022 4150 2205 4204 LIBRI
2240 4148 2647 4206 SAPIENTIJE.

392 4259 438 4311 1.
472 4259 626 4322 Quod
654 4260 900 4326 benignus
927 4267 999 4310 est
1020 4259 1231 4325 spiritus
1257 4260 1545 4327 sapientia.

386 4327 441 4385 2.
478 4328 611 4381 Dum
642 4331 865 4381 medium
900 4328 1162 4380 silentium
1194 4339 1423 4383 tenerent
1447 4331 1642 4384 omnia.

1687 4420 1988 4491 Expliciunt
2030 4424 2280 4493 capitula.

535 4570 697 4643 24⁷
774 4585 1406 4677 INCIPIUNT
1458 4590 2209 4682 TESTIMONIA
2284 4597 2612 4686 LIBRI
2683 4596 3407 4688 SAPIENTIAE.

862 4740 1090 4795 CAPUT
1127 4739 1415 4794 PRIMUM.

836 4829 863 4884 Ι
872 4848 903 4883 ιι
929 4830 1061 4883 libro
1088 4829 1437 4885 CRATISSIIO.

426 4885 850 4991 eBenigmis’est
880 4920 1027 4975 enim
1067 4919 1306 4990 Spiritus
1358 4920 1680 4990 sapientim,
1728 4932 1785 4978 et
1823 4938 1931 4979 non

351 5014 604 5069 liberabit
626 5010 970 5068 maledictum
999 5027 1030 5066 a
1060 5012 1217 5067 labiis
1264 5012 1378 5067 suis
1423 5013 1577 5084 (Sap.
1607 5014 1667 5081 i).
1702 5032 1721 5065 ι
1772 5013 1931 5069 Beni-

351 5118 492 5175 guns
520 5119 751 5175 namque
782 5104 1014 5174 Spiritus
1039 5115 1263 5159 sanctus
1288 5118 1529 5176 congrue
1557 5104 1776 5169 dicitur,
1805 5105 1933 5175 quia

1955 4746 2007 4804 Ι)
2033 4744 2290 4813 scriptum
2318 4755 2401 4801 est
2425 4766 2437 4800 :
2466 4746 2783 4799 Maledictus
2810 4747 2987 4799 omnis
3013 4745 3103 4814 qui
3134 4746 3332 4813 pendet
3360 4747 3413 4800 in
3465 4745 3614 4817 ligno

2036 4827 2178 4899 (Cal.
2214 4835 2296 4896 ιιι)
2323 4874 2340 4895 .
2397 4844 2455 4887 ιιι
2496 4835 2547 4886 in
2576 4835 2823 4902 gentibus
2852 4834 3157 4888 benedictio
3201 4835 3432 4891 Abraha:
3465 4837 3617 4891 ﬁeret

2033 4920 2089 4972 in
2114 4918 2329 4974 Christo
2351 4918 2499 4984 Jesu,
2533 4932 2590 4973 ut
2615 4922 3055 4989 pollicitationem
3089 4921 3329 4990 Spiritus
3374 4925 3615 4993 accipia-

2017 5031 2156 5085 mus
2186 5031 2281 5085 per
2306 5016 2462 5071 tidem
2494 5015 2672 5085 (Dent.
2698 5018 2830 5086 xxi).
2870 5035 2890 5069 θ
2917 5015 3191 5086 Benignus
3231 5032 3363 5087 ergo
3384 5018 3622 5086 Spiritus

2036 5114 2257 5158 sanctus
2282 5120 2387 5160 non
2410 5106 2659 5161 liberavit
2689 5105 3034 5160 maledicmm
3056 5121 3087 5156 a
3116 5104 3273 5159 labiis
3300 5108 3441 5171 suis,
3496 5104 3623 5173 quia
