4052 6312
557 337 693 397 uss
1455 343 1955 400 conseras-ea
1999 345 2062 400 IN
2101 345 2336 402 verus
2375 323 2922 406 TESTAMENTUM.
3652 370 3757 428 uss

555 461 818 525 congruat
838 453 1076 510 doctoris
1121 454 1405 524 utriusque
1455 457 1745 510 sententia.
1792 457 1946 524 Quod
1998 461 2139 515 cuitu
2173 465 2218 520 Α
2248 455 2541 510 novaetidci
2566 457 2792 528 gratiam
2817 458 3123 516 veniebant.
3153 461 3212 517 In
3237 467 3456 534 quodam
3482 469 3621 540 plane
3638 492 3758 534 mttu.

555 565 694 605 unus
717 549 854 603 dixit
879 549 1005 618 quia
1041 548 1278 619 Spiritus
1307 565 1412 605 non
1438 548 1690 606 liberabit
1715 551 2062 607 maledictum
2111 569 2144 610 a
2251 547 2352 603 dus
2383 547 2682 604 meditullio
2708 551 3060 616 consistebat,
3087 553 3209 609 dum
3240 569 3294 611 et
3320 561 3665 628 prophetarum
3690 585 3762 624 ne.

555 642 710 698 labiis
741 642 887 704 suis,
941 643 1044 698 hoc
1087 655 1190 708 est,
1225 645 1367 715 quod
1391 645 1530 700 alter
1558 649 1810 710 asseruit,
1846 657 1905 702 ut
1939 649 2147 717 pollici-

2251 655 2522 709 quaquam
2544 643 2761 696 oracula
2790 654 3136 713 superessent
3181 657 3237 702 et
3264 652 3542 719 apostolica
3574 661 3760 718 nondum

559 734 813 788 tationem
843 735 1077 804 Spiritus
1105 736 1442 806 accipiamus
1493 753 1591 808 per
1620 739 1816 805 ﬁdem;
1872 749 2038 812 atque
2059 767 2066 770 -
2087 749 2148 794 ut

2249 731 2566 799 praadicatio
2587 745 2917 790 coruscaret.
2949 735 3066 803 Qt‘io
3088 749 3266 792 autem
3295 741 3377 797 hic
3410 759 3500 814 per
3521 762 3612 802 nux
3642 749 3763 806 intel.

554 826 807 881 ostendat
833 827 920 880 vir
941 825 1195 897 Sapiens,
1243 828 1309 883 de
1336 845 1446 898 quo
1491 830 1782 886 maledicto
1810 831 2147 902 loqueretur,

2251 817 2457 890 ligitur,
2505 823 2610 877 nisi
2647 824 2916 891 diabolus,
2961 828 3052 896 qui
3083 839 3273 885 auctor
3310 843 3393 888 est
3431 837 3763 896 tenebrarum?

555 917 836 985 pmmissa
867 919 1136 973 sententia
1173 919 1422 988 protinus
1447 922 1654 976 addidit
1682 938 1697 976 :
1725 942 1744 973 t
1772 922 2036 990 Quoniam
2064 941 2150 979 rc-

2252 913 2353 981 Qui
2389 915 2640 970 nimirum
2665 918 3064 986 quodammodo
3099 929 3224 976 tunc
3252 925 3501 990 ambulat,
3541 943 3645 984 cum
3683 947 3763 988 non

559 1024 684 1061 num
719 1008 859 1064 illius
889 1010 1042 1064 testis
1067 1019 1152 1066 est
1178 1011 1343 1076 Deus,
1375 1021 1431 1067 et
1455 1013 1637 1068 cordis
1685 1013 1828 1069 illius
1875 1024 2150 1071 scrutator

2255 1005 2416 1061 facile
2445 1007 2591 1062 valet
2627 1009 2851 1079 implere
2881 1012 3023 1080 quod
3051 1023 3232 1083 optat;
3262 1025 3385 1071 tunc
3435 1034 3551 1074 vero
3593 1026 3763 1093 currit,

557 1107 639 1156 est
669 1115 831 1155 verus
879 1109 932 1156 ει
971 1100 1167 1170 lingua:
1197 1101 1340 1157 illius
1369 1104 1584 1159 audilor
1610 1102 1769 1176 (δαρ,
1814 1104 1886 1174 ι),
1938 1128 1956 1158 ι
2012 1104 2148 1172 Quia
2255 1109 2379 1150 Cllm
2412 1096 2632 1153 malitia:
2679 1114 2791 1153 sua:
2821 1110 2943 1154 νοω
2998 1102 3204 1172 alisque
3249 1106 3356 1160 11110
3393 1111 3770 1170 eontradictionis

555 1191 700 1246 enim
740 1191 918 1247 Patris
938 1202 994 1248 et
1022 1193 1141 1248 Filii
1175 1194 1553 1263 inseparabilis
1575 1206 1630 1252 et
1655 1197 2030 1254 coessentialis
2070 1207 2154 1254 est

2255 1189 2535 1245 obstaculo
2581 1193 2814 1260 perficit,
2867 1203 2921 1248 et
2953 1209 3058 1248 non
3085 1197 3198 1264 jam
3224 1197 3323 1252 vite
3370 1202 3660 1272 marginem,
3699 1209 3767 1261 sed

558 1283 762 1346 uuilos,
801 1299 991 1339 renum
1195 1287 1348 1343 [estis
1381 1297 1438 1343 et
1488 1290 1668 1344 cordis
1719 1291 1836 1360 eius
1880 1301 2154 1347 scrutator
2255 1281 2493 1336 medium
2525 1283 2630 1338 iter
2659 1292 2808 1339 tenet
2837 1326 2851 1350 ,
2886 1285 3012 1340 dum
3062 1287 3197 1341 Nihil
3375 1291 3514 1346 videt
3540 1305 3770 1353 OCCUITCI'C

556 1371 680 1442 iure.
707 1375 869 1430 Pater
898 1377 1184 1443 asseritur,
1234 1377 1385 1447 cuius
1435 1380 1691 1436 nimirum
1743 1382 1916 1438 virtus
1962 1391 2020 1438 et
2063 1398 2153 1438 sa-

2257 1374 2400 1443 quod
2433 1375 2515 1430 sui
2538 1389 2734 1434 cursus
2756 1380 3014 1450 impetum
3041 1382 3221 1438 valeat
3251 1386 3534 1442 retardare.
3564 1387 3675 1442 Cum
3695 1390 3766 1460 igi-

557 1464 761 1535 pientia
802 1465 916 1536 ipse
944 1467 1113 1522 Filius
1154 1469 1302 1524 nulla
1333 1470 1402 1525 ab
1427 1485 1493 1527 eo
1515 1472 1757 1528 creditur
1785 1473 2156 1543 inmqualitate
2257 1464 2350 1519 ιυΐ
2379 1467 2478 1521 ευδ
2503 1475 2614 1522 iam
2644 1470 2808 1524 ηοιῖο
2833 1471 3066 1526 mundus
3088 1473 3304 1528 Si'eﬂlio
3329 1477 3698 1544 οοηῑῖοθεοετθιν
3731 1473 3770 1534 et

561 1553 828 1620 diversus,
859 1556 1002 1610 nulla
1032 1559 1293 1627 probatur
1319 1560 1670 1630 adiunctione
1701 1572 1962 1618 semotus.
2019 1563 2153 1618 Lino
2262 1558 2378 1614 lucc
2402 1559 2468 1615 ad
2497 1561 2806 1631 perdendos
2834 1565 3085 1624 homines
3113 1567 3332 1623 occasio
3380 1568 3626 1624 diabolum
3652 1587 3770 1627 voca-

559 1661 679 1718 gure
704 1647 866 1701 etiam
906 1648 1048 1703 illius
1093 1651 1310 1705 auditor
1342 1661 1425 1706 est
1454 1693 1468 1715 ,
1508 1653 1650 1708 sicut
1701 1655 1816 1724 ipse
1872 1663 2106 1709 testatur
2137 1672 2152 1708 :
2262 1658 2363 1714 ret,
2390 1650 2477 1705 ille
2505 1667 2609 1708 non
2643 1654 2801 1708 modo
2826 1656 3060 1711 medium
3086 1658 3193 1712 iter
3219 1658 3470 1722 habebat,
3517 1663 3598 1719 sed
3617 1672 3662 1720 et
3682 1679 3772 1719 cur-

569 1755 588 1790 t
621 1737 798 1801 Pater,
830 1739 1025 1808 inquit,
1053 1742 1258 1810 gratias
1281 1758 1382 1812 ago
1403 1743 1522 1808 tibi,
1545 1745 1800 1812 quoniam
1823 1746 2019 1800 audisti
2046 1761 2155 1811 me,
2189 1819 2223 1824 Α
2265 1741 2442 1806 rcbat,
2474 1743 2600 1810 quia
2635 1743 2894 1814 quidquid
2938 1748 3198 1816 nequitia:
3225 1764 3334 1804 sua:
3359 1761 3528 1806 mente
3567 1731 3772 1824 concepe-

558 1845 660 1902 ego
684 1832 1137 1894 autemsciebam,
1158 1833 1281 1902 quia
1306 1850 1617 1904 semperme
1639 1835 2102 1907 audionan.x1).
2133 1857 2152 1889 ι
2189 1819 2232 1876 Β
2263 1841 2415 1900 perat
2459 1830 2758 1887 efﬁcaciter
2806 1834 3154 1904 adimplebat.
3209 1837 3341 1892 Nam
3387 1847 3441 1894 et
3481 1849 3650 1894 cuncta
3687 1819 3771 1909 jam

560 1920 770 1977 Idcirco
797 1924 963 1993 igitur
1007 1925 1230 1994 spiritus
1277 1941 1382 1982 non
1431 1927 1686 1982 liberavit
1734 1929 2081 1984 maledictum
2127 1945 2157 1983 a
2263 1920 2565 1977 Romanum
2597 1926 3235 1997 οοειιρπὺηῑῖιηρθτῖιιηι,
3268 1939 3321 1984 ει
3351 1941 3769 1996 ηθεοεεεεηιθοεν

557 2011 726 2068 labiis
752 2015 881 2078 suis,
916 2014 1043 2083 quia
1069 2015 1210 2071 Deus
1236 2017 1392 2072 testis
1432 2029 1595 2090 atque
1619 2029 1896 2074 scrutator
1926 2031 2010 2076 est
2037 2036 2157 2076 cor-

2260 2011 2350 2079 qui
2384 2011 2551 2082 legem
2598 2012 2688 2066 Dei
2721 2023 2943 2068 eatenus
2973 2017 3164 2071 saltem
3215 2029 3477 2088 utcunque
3526 2029 3768 2086 tenuerant,

555 2106 649 2160 dis
679 2107 818 2162 illius
845 2117 900 2163 et
930 2109 1122 2180 lingua:
1152 2109 1386 2163 auditor.
1420 2110 1496 2166 Ac
1522 2112 1564 2165 si
1597 2121 1848 2180 patenter
1898 2114 2108 2168 diceret
2139 2127 2154 2165 :

2251 2101 2365 2171 jam
2397 2104 2619 2158 subesse
2647 2103 2850 2174 legibus
2873 2122 3230 2178 paganorum.
3260 2109 3371 2165 Sub
3397 2111 3490 2166 ltoc
3518 2111 3654 2182 igitur
3676 2125 3769 2180 per-

557 2197 686 2252 ldeo
711 2197 804 2252 Dei
834 2199 1004 2254 Filius
1033 2201 1300 2269 passionis
1324 2201 1584 2271 supplicia
1611 2203 1850 2271 pertulit,
1891 2205 2015 2273 quia
2040 2204 2155 2272 ipse
2263 2195 2445 2248 ευηῑίε
2513 2196 2694 2250 mundi
2747 2197 2960 2252 δίιοηιὶο
3008 2215 3190 2254 sermo
3247 2202 3448 2256 Domini
3490 2217 3516 2255 α
3558 2201 3768 2272 regalibus

559 2287 753 2353 Filius,
783 2291 1015 2346 cuicum
1043 2291 1206 2347 Patre
1230 2302 1284 2347 et
1327 2295 1514 2348 eodem
1561 2295 1727 2368 248
1771 2296 1976 2367 Spiritu
2023 2313 2154 2353 san-

2259 2287 2478 2342 sedibus
2511 2289 2676 2354 venit,
2714 2290 2839 2360 quia
2888 2291 2954 2346 de
2987 2293 3307 2362 pectoribus
3339 2293 3636 2365 apostolicis,
3675 2308 3767 2363 quze

559 2393 650 2436 cto
681 2398 787 2436 una
815 2384 1086 2449 voluntas,
1127 2400 1232 2439 una
1259 2394 1343 2441 est
1395 2388 1734 2456 providentia
1755 2430 1770 2453 ,
1824 2389 1876 2443 id
1906 2390 2020 2445 ﬁeri
2056 2405 2156 2458 pro

2259 2377 2422 2449 Regis
2449 2381 2640 2433 :etcrni
2674 2381 2948 2435 veraciter
2978 2384 3134 2436 sedes
3164 2393 3308 2447 sunt,
3340 2385 3546 2440 verbum
3588 2399 3768 2454 evange-

565 2473 784 2529 bumani
841 2477 1057 2547 generis
1113 2478 1284 2532 salute
1325 2479 1587 2534 decrevit.
1639 2481 1713 2535 De
1759 2495 1869 2550 quo
1896 2481 2153 2536 nimirum

2257 2467 2374 2523 lica:
2405 2469 2808 2538 praedicationis
2848 2473 3046 2542 erupit.
3081 2472 3190 2544 Ipsi
3226 2475 3419 2546 quippe
3467 2475 3643 2546 regales
3680 2482 3772 2529 sunt

564 2566 856 2637 Apostolus
889 2587 903 2623 :
939 2570 1078 2637 «Qui
1107 2571 1296 2626 dilexit
1324 2587 1430 2637 me,
1461 2571 1658 2642 inquit,
1691 2572 1914 2627 tradidit
1953 2582 2154 2628 semet-
2257 2559 2414 2613 sedes
2451 2575 2588 2628 quas
2619 2559 2758 2614 Deus
2805 2561 3108 2625 inhabitat.
3140 2565 3242 2634 ipsi
3277 2575 3496 2636 roseset
3522 2563 3772 2619 Ρθιτεεεε·

563 2657 740 2730 ipsum
758 2675 859 2732 pro
883 2677 968 2716 me
997 2661 1140 2733 (Cal.
1169 2663 1250 2730 ιι).
1284 2683 1302 2714 ι
2259 2651 2455 2715 clesite,
2480 2653 2621 2708 sicut
2649 2653 2851 2708 dicitur
2878 2673 2890 2707 :
2922 2674 2940 2706 ‹
2973 2653 3165 2712 Omnis
3214 2657 3387 2728 gloria
3432 2655 3536 2724 ejus
3580 2655 3678 2709 tilia:
3715 2668 3773 2707 reo

1201 2753 1429 2809 CAPUT
1464 2753 1524 2809 ll.
2257 2747 2382 2818 gum
2413 2746 2481 2800 ab
2506 2746 2653 2800 intus
2677 2745 2850 2818 (Psal.
2883 2748 3050 2818 XLIV).
3089 2767 3106 2800 ι
3144 2749 3239 2804 Isti
3270 2765 3398 2805 sane
3444 2764 3582 2819 reges
3621 2743 3766 2799 armati

557 2881 560 2884 ~
622 2846 688 2902 ιη
716 2863 950 2902 sermone
977 2849 1203 2902 secundo
1235 2848 1299 2902 de
1330 2847 1390 2904 S.
1427 2847 1816 2904 BartItoloma’o
1836 2850 2092 2918 apostolo.

2257 2837 2436 2909 gladio
2471 2839 2716 2908 spiritus,
2761 2840 2904 2908 quod
2949 2849 3033 2894 est
3080 2843 3306 2896 verbum
3354 2840 3457 2895 Dei
3489 2835 3766 2910 (Ερηειτι).

557 2954 564 2958 ·
644 2956 666 2989 t
693 2937 828 2992 Dum
861 2939 1096 2993 medium
1126 2939 1397 2994 silentium
1443 2950 1694 2994 tenerent
1720 2941 1897 2995 omnia
1946 2949 2002 2995 et
2047 2956 2152 2995 nox

2257 2927 2598 2982 debellarunt
2627 2929 2924 3000 principem
2950 2931 3160 2985 mundi.
3188 2933 3264 2988 De
3295 2948 3400 3004 quo
3419 2931 3642 2986 nimirum
3667 2941 3763 2996 apo-

571 3032 622 3084 iu
649 3046 746 3085 suo
767 3047 927 3086 cursu
954 3031 1194 3086 medium
1223 3031 1325 3086 iter
1353 3031 2156 3100 haberet,omnipotenssermo
2258 3021 2516 3074 SlOiOTUm
2549 3021 2729 3091 gladio
2761 3021 2995 3090 ιοὶζῖῑιπε
3027 3041 3044 3073 ί
3078 3023 3259 3078 Durus
3291 3023 3568 3080 debenal‘"
3605 3020 3649 3074 in
3687 3027 3771 3072 me’

571 3130 719 3185 ιιηιε,
773 3121 1020 3184 nomine,
1069 3121 1134 3174 de
1178 3121 1319 3176 ωριο
1347 3136 1374 3175 a
1410 3123 1677 3192 regalibus
1731 3124 1952 3178 sedibus
2008 3123 2154 3177 venit
2187 3175 2230 3192 _
2260 3114 2403 3170 diam
2434 3115 2738 3168 cxtermiuii
2781 3124 2975 3169 terram
3027 3117 3342 3186 prosilivit,
3399 3115 3584 3188 gladius
3628 3116 3771 3166 acutus

571 3175 728 3277 (sap:
756 3209 936 3280 xu"),
977 3175 1020 3262 »1
1055 3209 1110 3262 1η
1152 3175 1385 3265 aiiveutu
1418 3175 1616 3288 quippe
1665 3211 1875 3266 Domini
1921 3212 2154 3266 medium
2184 3175 2230 3234 Ο
2264 3203 2632 3259 insimulatum
2656 3206 2939 3275 imperium
2971 3216 3120 3260 tuum
3154 3218 3400 3276 portans,
3426 3215 3470 3262 et
3495 3214 3624 3261 stans
3644 3199 3771 3270 reple-

572 3297 847 3352 silentium
898 3300 1078 3353 omnia
1132 3299 1480 3355 continebant
1505 3341 1518 3360 ,
1577 3301 1700 3369 quia
1727 3301 1837 3370 jam
1882 3301 2156 3370 propheta}
2265 3298 2339 3349 vit
2361 3296 2540 3350 omnia
2567 3306 2763 3360 morte,
2785 3305 2840 3349 et
2868 3311 3036 3365 usque
3058 3295 3124 3351 ad
3148 3298 3351 3351 ecrlum
3380 3295 3644 3368 attingebat
3663 3299 3774 3344 stans

561 3400 941 3458 cessaverant,
995 3400 1049 3446 et
1083 3391 1319 3446 nondum
1372 3392 1594 3461 apostoli
1647 3393 1713 3447 ad
1754 3393 2152 3464 prtedicandum
2263 3392 2486 3445 interra
2519 3387 2668 3459 (Sep.
2697 3389 2872 3458 xvtn).
2907 3409 2922 3438 t

1581 3507 1888 3576 Expliciunt
1935 3505 2231 3560 testimonia
2259 3505 2323 3558 de
2343 3502 2477 3556 libro
2506 3501 2807 3571 Sapientia'.

778 3714 1230 3804 INCIPIT
1288 3715 1977 3804 CAPITULUM
2050 3716 2194 3802 DE
2276 3711 2641 3803 LIBBO
2735 3712 3627 3803 ECCLESIASTICI.

1092 3883 1320 3968 CAPUT
1361 3910 1646 3968 UNICUM.
2263 3909 2388 3960 dum
2431 3905 2482 3959 in
2514 3906 2715 3959 sanctis
2743 3920 2808 3960 ac
2839 3907 3082 3978 mysticis
3111 3908 3296 3963 verbis
3333 3905 3597 3962 vindemize
3623 3883 3767 3956 nomen

578 4025 644 4079 In
673 4041 908 4080 sermone
930 4025 1155 4078 secundo
1183 4025 1246 4078 de
1289 4024 1348 4079 S.
1383 4023 1633 4078 Matt/two
1663 4022 1898 4094 apostolo
1926 4032 1973 4076 et
2000 4040 2158 4077 evan-

2262 4001 2485 4064 auditis,
2527 4000 2618 4069 qui
2649 4015 2714 4055 ex
2758 4002 3019 4071 temporis
3056 4005 3350 4060 occasione
3388 4012 3610 4059 terrenas
3633 3997 3771 4052 vindc'

1265 4094 1467 4162 gelista.
1698 4089 1706 4094 ’
2265 4091 2404 4146 mias
2433 4107 2543 4161 prae
2567 4092 2819 4148 manibus
2847 4093 3083 4158 habetis,
3115 4095 3280 4151 debet
3307 4112 3336 4149 a
3364 4089 3768 4150 circumstantibus

650 4205 666 4236 ι
700 4185 896 4258 Legem
940 4186 1217 4239 mandavit
1265 4184 1475 4256 Moyses
1508 4185 1558 4237 in
1591 4183 1875 4254 praeceptis
1915 4183 2157 4254 justitia-
2262 4181 2328 4234 ad
2384 4180 2645 4236 interiora
2695 4194 3000 4246 recurrere,
3030 4192 3086 4237 et
3130 4184 3465 4254 spiritualem
3512 4178 3767 4236 vindemiam

573 4294 715 4342 rum,
751 4287 806 4332 et
845 4279 1216 4332 baereditatem
1249 4277 1430 4331 domui
1460 4274 1626 4330 Jaeob
1645 4285 1698 4330 et
1726 4275 1890 4331 lsrael
1918 4276 2150 4346 promis-
2260 4279 2501 4326 sanctam
2533 4283 2710 4327 vestra
2744 4273 3030 4342 prudentia
3075 4275 3334 4344 cogitare.
3361 4275 3448 4329 Ait
3473 4274 3598 4328 cnim
3625 4270 3666 4323 ίη
3690 4264 3768 4320 θηθ

572 4367 750 4421 siones
781 4365 971 4438 (Ecch'.
1003 4365 1173 4436 xxtv).
1213 4385 1232 4416 ι
1276 4365 1345 4420 Ut
1375 4374 1557 4420 autem
1603 4365 1655 4420 in
1689 4367 1774 4420 bis
1808 4367 1991 4422 verbis
2044 4383 2150 4422 non
2259 4362 2546 4417 sententiae
2578 4381 2591 4416 :
2635 4381 2652 4413 t
2687 4363 2790 4430 Qui
2837 4365 3005 4419 mittit
3032 4365 3373 4435 disciplinam
3397 4367 3529 4420 sicut
3552 4359 3684 4432 250
3707 4356 3767 4410 111·

571 4457 2155 4528 diutiusimmoremur,lexista,qumhtereditaspromissia-
2260 4467 2413 4514 cem.
2464 4462 2520 4508 et
2563 4453 2828 4510 assistens
2883 4457 3038 4526 quasi
3091 4457 3242 4512 (ἔροη
3303 4459 3357 4513 in
3413 4457 3496 4512 die
3541 4448 3764 4508 νίιιάειῐιίπ

573 4548 657 4601 uis
669 4547 865 4601 dicitur
878 4555 1122 4602 sanetum
1136 4555 1216 4600 est
1229 4546 1574 4615 Evangelium
1590 4587 1606 4612 ,
1632 4548 1777 4616 quod
1789 4549 2005 4616 quidem
2021 4550 2158 4604 anti-

2261 4541 2471 4614 (Ibt‘d.).
2514 4562 2532 4596 ι
2567 4543 2702 4612 Quis
2729 4555 2812 4614 est
2841 4546 2949 4611 ille,
2991 4549 3085 4617 qui
3127 4549 3302 4604 mittit
3335 4546 3642 4618 disciplinam
3664 4540 3768 4595 sicut

570 4619 1389 4708 quisPatribusestpromissiim
1412 4677 1426 4700 ,
1455 4637 2157 4693 uobisautetnltmreditario
2261 4640 2458 4704 lucem,
2493 4642 2594 4696 nisi
2627 4643 2673 4697 is
2703 4641 2822 4712 qui,
2861 4655 2980 4714 post
3009 4627 3244 4701 velatam
3279 4646 3463 4702 faciem
3491 4642 3648 4714 Moysi.
3676 4650 3768 4708 ρος·

569 4727 948 4796 lure,Cbristo
974 4727 1256 4791 veniente,
1281 4725 1571 4792 collatum;
1599 4727 1687 4781 ubi
1716 4737 1914 4796 pnesto
1939 4729 2150 4797 subjun-
2186 4737 2236 4796 D
2263 4748 2412 4788 sesso
2441 4735 2680 4788 tenebris
2717 4731 2937 4796 mundo.
2972 4738 3275 4794 radiantem
3323 4735 3583 4808 Evangelii
3611 4730 3677 4788 sui
3707 4727 3770 4780 in-

570 4818 744 4890 gitur:
766 4837 784 4869 t
806 4817 1350 4888 PosuitDavidpuero
1366 4832 1464 4872 suo
1479 4819 1722 4873 excitare
1749 4835 1930 4890 regem
1953 4837 2020 4874 ex
2037 4821 2154 4890 ipso
2263 4822 2405 4889 gerit
2440 4823 2778 4879 claritatem?
2813 4826 3033 4882 Assistit
3063 4829 3244 4898 itaque
3268 4829 3418 4900 quasi
3442 4828 3596 4890 Geou,
3623 4823 3675 4876 dc
3693 4829 3768 4884 ίιυο

573 4909 738 4982 249
783 4909 1138 4966 fortissimum
1177 4912 1232 4964 iu
1289 4912 1482 4966 tbrouo
1527 4912 1750 4967 honoris
1785 4913 2064 4969 sedentem
2093 4916 2152 4969 in
2236 4920 2319 4967 et
2365 4909 2462 4982 per
2486 4914 2814 4984 Propltetam
2851 4917 3052 4973 dicitur
3084 4935 3097 4972 :
3130 4936 3150 4972 ι
3188 4920 3447 4976 Dominus
3483 4916 3608 4971 Deus
3633 4909 3769 4982 noster

574 5001 982 5070 sempiternum.
1029 4999 1130 5067 Qui
1165 4999 1352 5069 implet
1381 5001 1532 5070 quasi
1561 4999 1760 5056 Phison
1809 5003 2152 5071 sapientiam,
2239 5003 2454 5061 fluvius
2519 5007 2807 5077 gloriosius
2864 5011 3121 5067 exsilicns
3176 5013 3229 5066 in
3297 5021 3493 5066 terram
3547 5004 3766 5061 sitientem

559 5098 628 5145 et
677 5091 819 5145 sicut
863 5091 1043 5160 Tigris
1085 5091 1140 5144 in
1189 5091 1380 5146 diebus
1429 5107 1724 5157 novorum;
1759 5093 1850 5162 qui
1899 5093 2156 5162 adimplet
2235 5095 2474 5169 '(Ibid.).
2504 5116 2523 5151 ι
2567 5098 2698 5166 Qute
2741 5109 2825 5156 est
2885 5113 3068 5159 autem
3117 5101 3438 5169 vinea,rcui
3479 5094 3616 5170 quasi
3653 5089 3764 5166 Geo"

573 5181 728 5249 quasi
759 5180 1062 5250 Euphrates
1080 5195 1341 5246 sensum;
1376 5182 1468 5249 qui
1501 5182 1819 5252 multiplicat
1843 5183 1996 5252 quasi
2028 5183 2152 5238 Jor-
2233 5190 2488 5254 assistit,
2542 5201 2595 5247 et
2638 5183 3044 5262 prtedieationis
3085 5207 3205 5251 'suze
3251 5173 3554 5250 maduribus
3594 5181 3769 5249 irrigare

576 5271 732 5324 danis
778 5271 830 5324 in
886 5281 1129 5341 tempore
1181 5273 1403 5338 messis;
1454 5275 1546 5344 qui
1596 5275 1761 5328 mittit
1810 5274 2152 5344 disciplinam
2233 5283 2370 5336 'non
2403 5279 2880 5348 desiuit,ni$iilla
2913 5274 2984 5340 de:
3004 5301 3106 5356 qua
3128 5279 3232 5355 per
3258 5283 3571 5354 i’rophetam
3595 5271 3766 5350 dicitur:

576 5360 942 5428 sicut'lucem,
974 5373 1027 5419 et
1060 5365 1322 5420 assistens
1355 5366 1511 5435 quasi
1555 5365 1703 5421 Geon
1750 5367 1802 5420 in
1843 5368 1930 5422 die
1969 5369 2158 5424 vinde-
2268 5393 2285 5424 ι
2321 5362 2486 5428 Vinea
2520 5383 2697 5430 autem
2739 5367 2950 5430 Domini
2983 5360 3219 5433 Stibaoth
3257 5375 3445 5430 domus
3467 5367 3610 5448 Israel
3641 5358 3764 5448 esti!

577 5453 700 5508 mia:
730 5451 937 5524 (ωτι).
969 5475 986 5505 ›
1018 5454 1144 5511 Htec
1178 5457 1393 5527 itaque,
1436 5457 1630 5513 fratres
1662 5459 1784 5521 mei,
1821 5467 1928 5512 tam
1958 5458 2156 5526 lucide,

2262 5464 2399 5532 (Iso.
2431 5465 2509 5534 γέ)
2537 5461 2691 5519 Hane.
2721 5466 2932 5521 vineam
2963 5467 3029 5522 de
3056 5465 3291 5539 λεπρῐο
3320 5452 3672 5524 vetustte-"’8is
3689 5449 3765 5539 "of

576 5551 689 5600 tam
728 5553 914 5614 aperte
951 5545 1018 5600 de
1051 5547 1270 5604 Christo
1303 5557 1358 5605 et
1398 5551 1602 5605 sanctis
1641 5551 1993 5621 evangelistis
2013 5552 2156 5608 dicta
2261 5560 2440 5614 minus
2469 5553 2763 5625 transtulit,
2802 5571 2858 5616 et
2903 5561 2972 5617 ad
3011 5535 3212 5618 {erupui
3250 5549 3539 5628 Evangelii;
3567 5535 3766 5620 quiem]

573 5645 703 5694 Sunt
728 5647 785 5694 ut
811 5638 879 5696 ad
915 5640 1019 5696 hoc
1048 5638 1427 5699 insinuandum
1457 5643 1653 5715 exponi
1690 5661 1794 5699 non
1823 5657 2038 5716 egeant,
2063 5647 2156 5703 s‘etl
2260 5660 2314 5705 et
2347 5649 2429 5704 lac
2456 5645 2659 5724 manat,
2691 5641 2922 5708 induxit.
2985 5669 2992 5690 ι
3023 5647 3026 5652 ’
3077 5668 3080 5672 '
3194 5634 3200 5644 ’
3232 5674 3236 5678 ι
3285 5649 3294 5674 ⁴
3335 5670 3338 5674 '
3420 5665 3427 5674 ‘

1465 5775 1472 5780 -
1559 5751 1864 5821 Explicitml
1889 5737 2181 5812 testimonia
2211 5758 2273 5811 de
2300 5758 2431 5813 libro
2466 5757 2850 5816 Erclcs'iasliei.
