4052 6312
249 352 402 421 ΉέἶῚ

1674 343 1757 398 ,ΙΝ
1798 341 1973 397 ISAIA
1984 342 2052 396 IlI.

3363 346 3498 404 1158

1023 488 1026 490 ·
1059 461 1404 521 INCIPIUNT
1431 458 1769 517 CAPITULA
1811 457 1990 514 LIBRI
2016 455 2218 514 ISAIIE
2249 455 2665 530 PROPHETE.

268 607 323 660 1.
367 605 440 660 De
478 621 536 659 eo
559 605 694 674 quod
723 603 918 657 dicitur
949 621 966 659 :
1005 599 1072 654 Et
1109 598 1411 668 con/tabum
1449 593 1651 674 gladios
1675 608 1797 646 suos
1825 592 1878 644 in
1905 603 2130 644 vomeres
2151 597 2198 642 et
2231 587 2440 642 lanceas
2468 603 2593 641 suas
2613 587 2666 640 in
2695 586 2896 655 falces.‘

264 677 323 730 2.
369 677 519 740 Quod
546 664 655 729 dies
697 674 910 727 Domini
933 674 1001 727 sit
1027 687 1183 740 super
1203 664 1354 740 omne
1383 664 1683 740 superbum.

551 727 860 812 seraphim,
895 760 1048 797 senas
1080 727 1491 812 olus/umentes,
1519 732 1774 812 volabant
1793 728 2130 812 ante-[aciem
2160 727 2278 781 Dei.

265 816 322 871 4.
366 801 573 869 fatere;
606 801 925 878 ceciderunt,
957 813 1046 867 sed
1079 804 1612 880 quadrislapidimus
1635 801 2032 880 ιῑνιιίᾕεαὸξίηιςςΓ

242 866 322 955 ἐξ
362 866 568 939 inﬁda;
595 866 873 953 supernis,
905 866 994 950 qui
1023 866 1235 955 [uergit
1275 876 1337 929 de
1365 866 1522 928 Moab
1543 914 1557 938 ,
1583 866 1826 926 Leonem.
1864 869 2057 922 Emitte
2088 867 2317 938 Agnum,
2345 866 2585 933 Domine,
2613 866 3006 925 Dominatorem
3041 882 3217 938 (errat,
3258 878 3322 929 de
3351 886 3497 944 petra

445 957 634 1008 deserti
659 947 730 1006 nd
755 947 976 1006 montem
1001 947 1129 1021 ﬁlice
1150 947 1303 1021 Sion.

260 1027 312 1080 6.
357 1024 510 1090 Quod
533 1026 663 1078 visio
694 1024 927 1076 omnium
948 1011 1045 1075 erit
1063 1061 1076 1083 ,
1113 1019 1246 1090 sicut
1272 1015 1424 1070 verba
1451 1013 1572 1067 libri
1604 1011 1820 1090 signati...

261 1077 321 1150 ἰ
356 1077 683 1163 Uloiriﬁcnbit
721 1109 802 1146 me
830 1093 992 1163 bestia
1014 1077 1147 1163 apri,
1171 1088 1424 1163 dracones
1447 1095 1492 1138 et
1520 1077 2010 1163 strut'hi_ones,.qui.a
2034 1077 2154 1132 dedi
2183 1078 2233 1130 in
2258 1078 2462 1163 deserto
2485 1093 2672 1163 aquas.

263 1148 320 1220 ἐξ
359 1148 586 1231 Propler
614 1163 779 1217 scelus
821 1161 998 1232 populi
1032 1148 1395 1232 meipercussi
1430 1170 1568 1232 eum,
1603 1163 1652 1232 et
1687 1149 2071 1232 dubitimpiurn
2110 1164 2203 1218 pro
2227 1148 2496 1218 sepultura
2528 1158 2574 1202 et
2609 1149 2817 1204 divitem
2854 1168 2949 1221 pro
2975 1163 3137 1208 morte
3165 1173 3282 1209 sua.

265 1218 318 1288 9.
363 1218 494 1300 Quis
517 1245 591 1287 est
621 1234 716 1286 iste
745 1218 834 1302 qui
867 1218 1001 1284 venit
1023 1231 1086 1283 de
1113 1218 1479 1302 Edom‘tinctis
1507 1222 1729 1276 vestibus
1749 1218 2061 1302 deBosr‘qf
2115 1287 2150 1302 ἢ
2248 1288 2260 1300 .
2379 1288 2401 1302 .
2509 1237 2512 1240 ί

232 1287 319 1359 Ill.
363 1287 613 1374 Nunquid
643 1287 874 1374 ego,'qui
895 1302 1028 1355 alios
1052 1314 1238 1370 parere
1261 1297 1422 1366 facio,
1444 1294 1552 1364 ipse
1581 1308 1683 1345 non
1705 1291 1936 1360 pariam,
1955 1289 2083 1341 dicit
2103 1287 2401 1344 Dominus!

1573 1398 1879 1481 Expliciunt
1903 1396 2154 1466 capitula.

1100 1536 1741 1628 INCIPIUNT
1806 1530 2592 1624 TESTIMONIA.

742 1733 969 1792 CAPUT
1001 1730 1288 1787 PRIMUM.

303 1873 325 1909 ι
361 1856 428 1912 Et
465 1855 778 1909 conﬂahunt
819 1847 1028 1918 gladios
1071 1860 1198 1900 suos
1231 1845 1285 1898 in
1317 1855 1566 1897 vomeres
1599 1847 1656 1893 et
1685 1837 1806 1892 lan-

225 1961 354 2002 ceas
385 1959 512 1998 snas
549 1943 602 1995 in
650 1940 816 1994 falces
854 1937 999 2006 (Isa.
1038 1938 1130 2006 ιι).
1165 1953 1182 1986 ι
1230 1929 1638 2003 lmpatientibus
1673 1942 1806 1983 sane

225 2037 594 2103 correptiones
617 2031 771 2101 quasi
794 2029 952 2100 gladii
983 2027 1238 2092 sunt,sed
1263 2026 1308 2080 si
1335 2023 1520 2080 volunt
1539 2032 1596 2076 ut
1615 2023 1667 2076 hi
1688 2021 1803 2089 sla-’-

229 2135 303 2185 (ιιι
339 2134 616 2183 vertantur
644 2126 695 2178 in
725 2124 890 2178 falces
908 2163 922 2186 ,
947 2121 1153 2175 hirsuta
1181 2119 1432 2173 vitiorum
1464 2129 1682 2172 suorum
1709 2116 1806 2166 du-’

228 2231 390 2288 meta,
423 2220 616 2289 quibus
638 2207 878 2278 horrent,
908 2221 1282 2284 permutantur
1305 2211 1356 2264 in
1398 2223 1618 2263 messes.
1655 2205 1804 2260 Unde

224 2313 491 2386 prOpheta
513 2325 633 2364 cum
651 2305 1002 2378 pne-misisset
1026 2305 1091 2359 de
1109 2303 1389 2358 Salvatore
1421 2309 1603 2353 nostro
1637 2317 1654 2349 ι
1676 2297 1800 2365 quia

222 2383 484 2474 iudicabit
511 2393 698 2472 gentes
727 2407 779 2454 et
819 2407 1008 2468 arguet
1044 2394 1271 2465 populos
1294 2393 1493 2447 multos
1521 2408 1534 2444 :
1571 2411 1589 2442 ι
1628 2383 1802 2459 proti-

227 2511 332 2551 nus
357 2493 563 2548 addidit
594 2510 608 2548 :
645 2511 663 2541 ‹
696 2491 762 2544 Ει
786 2488 1097 2545 conﬂabant
1127 2487 1334 2557 gladios
1362 2499 1491 2539 suos
1517 2483 1568 2535 in
1614 2493 1795 2534 vome-

227 2601 316 2640 res
369 2592 423 2638 et
477 2583 692 2636 lanceas
743 2595 869 2634 suas
913 2579 966 2632 in
1015 2576 1182 2630 falces
1230 2573 1443 2645 (Ibid).
1478 2591 1496 2623 ι
1536 2570 1802 2625 Nimirum

227 2687 497 2743 congruas
527 2671 664 2725 ordo
683 2711 696 2734 ,
727 2669 852 2724 dum
883 2668 1062 2736 primo
1092 2664 1313 2733 quidem
1342 2671 1598 2731 peccator
1624 2659 1805 2729 argui»

227 2771 335 2829 tur,
361 2762 553 2818 deinde
573 2768 628 2815 et
651 2759 812 2831 gladii
843 2759 895 2812 in
926 2770 1174 2811 vomeres
1197 2763 1251 2808 et
1278 2754 1480 2806 lancem
1504 2751 1807 2807 conflantur

227 2856 283 2910 in
321 2855 502 2910 falces.
531 2851 662 2906 Nam
693 2853 817 2905 dum
850 2851 1140 2918 impatiens
1179 2845 1451 2915 quispiam
1495 2858 1590 2912 per
1636 2842 1813 2895 disci-‘

227 2945 430 3017 plinam
461 2942 644 2997 mitior
670 2941 842 2994 factus
883 2948 1140 3006 tanquam
1174 2937 1367 3004 planus
1398 2949 1528 3004 ager
1558 2932 1806 3000 increpa-

230 3037 393 3091 tionis
453 3034 627 3089 cultro
679 3031 1071 3102 proscinditur,
1130 3029 1328 3084 deinde
1384 3025 1536 3081 suavi
1596 3024 1805 3078 semine

229 3135 430 3178 sanctae
469 3121 868 3192 praedicationis
907 3118 1232 3189 aspergitur,
1267 3127 1322 3171 et
1358 3116 1439 3171 sic
1470 3116 1684 3170 demum
1729 3113 1805 3167 fe-

232 3217 403 3269 cunda
432 3215 693 3267 honorum
724 3226 947 3280 operum
989 3209 1142 3278 fruge
1169 3208 1418 3270 vcstitur,
1445 3207 1569 3260 huic
1597 3205 1806 3259 scilicet

229 3317 285 3362 ct
312 3302 474 3378 gladii
507 3305 633 3359 facti
665 3312 790 3359 sunt
818 3317 1062 3357 vomeres
1089 3310 1144 3354 et
1182 3300 1385 3353 lanceae
1415 3305 1808 3353 convertuntur

231 3400 284 3454 i'n
315 3399 505 3464 falces;
533 3398 656 3466 quia
690 3396 781 3465 qui
811 3394 1126 3464 reprehendi
1154 3393 1303 3463 prius
1336 3402 1592 3460 tanquam
1627 3390 1805 3460 gladio

229 3489 437 3561 percuti
466 3489 776 3558 deputabat,
807 3501 951 3541 nunc
972 3494 1025 3539 et
1051 3499 1324 3539 vomerem
1350 3498 1520 3537 sacra:
1547 3483 1808 3535 doctrina:

231 3581 462 3639 libenter
498 3580 750 3642 sustinet,
781 3587 840 3632 ut
869 3577 1052 3648 fruges
1075 3575 1213 3631 ferat
1243 3584 1299 3630 et
1336 3574 1525 3628 falcem
1561 3587 1808 3640 superna:

230 3671 518 3727 messionis
531 3677 827 3741 exspectat,
850 3676 909 3722 ut
930 3664 1357 3722 horreicmlestis
1378 3661 1813 3734 promptuarium'

234 3763 454 3834 repleat.
1095 3769 1098 3778 ·

853 3867 1082 3922 CAPUT
1129 3865 1189 3919 II.

656 3939 723 4031 In
752 3974 971 4030 evistola
1009 3975 1078 4028 ad
1108 3972 1384 4026 Blancam.

277 4141 282 4146 .
310 4113 330 4147 ι
357 4095 489 4149 Dies
522 4089 734 4146 Domini
781 4102 944 4156 super
981 4100 1196 4140 omnem
1225 4082 1516 4152 superbum
1546 4089 1600 4135 et
1624 4080 1808 4136 excel-

233 4201 377 4251 sum,
422 4196 584 4252 super
623 4195 836 4234 omnem
876 4185 1220 4246 arrogantem
1249 4182 1303 4227 et
1332 4171 1728 4234 lminiliabitur,
1757 4180 1813 4225 et

234 4291 396 4346 super
423 4289 610 4330 omnes
645 4269 835 4327 cedros
880 4267 1070 4322 Libani
1113 4265 1372 4320 sublimes
1397 4273 1453 4319 et
1481 4271 1718 4327 erectas,
1757 4270 1814 4316 et

236 4380 397 4435 super
426 4379 614 4418 omnes
639 4375 875 4432 quercus
904 4358 1104 4422 Busan,
1152 4366 1206 4412 et
1238 4371 1402 4426 super
1438 4369 1630 4410 omnes
1659 4368 1812 4408 mou-

1830 1729 1880 1785 Α
1907 1732 1962 1778 et
2009 1724 2173 1806 colles
2219 1723 2445 1788 elevati,
2496 1724 2715 1795 superbi
2759 1727 2960 1798 quique
2995 1743 3149 1794 sunt,
3204 1735 3359 1802 quasi
3400 1751 3499 1805 per

1907 1826 2183 1886 aggestum
2211 1816 2433 1869 tumidae
2454 1818 2804 1885 cogitationis
2828 1820 2880 1874 in
2907 1822 3016 1876 alta
3044 1823 3201 1893 25.1
3237 1829 3496 1894 porrecti,

1907 1910 2000 1964 sed
2042 1907 2348 1973 frumento,
2397 1924 2504 1977 quo
2558 1909 2727 1965 valles
2780 1912 3054 1967 abundant
3097 1915 3271 1985 (Psnl.
3324 1925 3493 1986 an'),

1907 2002 2220 2076 cunctisque
2266 2001 2626 2076 spiritualium
2659 2005 2961 2058 studiorum
3017 2006 3263 2078 frugibus
3302 2010 3494 2074 alieni;

1906 2089 2022 2144 Jam
2052 2105 2179 2144 vero
2211 2090 2376 2144 turris
2419 2091 2633 2146 excelsa
2668 2100 2722 2146 et
2753 2108 2942 2148 murus
2989 2097 3228 2151 munitus
3258 2097 3376 2151 illos
3407 2099 3489 2151 in-

1907 2179 2088 2234 sinuat
2111 2181 2232 2248 qui,
2261 2195 2385 2234 cum
2419 2190 2739 2250 peccatores
2764 2184 2895 2247 sint,
2920 2184 2975 2238 in
3005 2185 3238 2255 quodam
3271 2188 3495 2246 se'velut

1907 2268 2227 2324 innocentiae
2253 2286 2380 2325 arce
2401 2271 2737 2326 constituunt
2772 2287 3000 2344 seseque
3029 2275 3358 2333 defensionis
3383 2278 3498 2349 οἶς-ε

1906 2371 2005 2425 peo
2051 2367 2400 2427 contegentes
2435 2362 2883 2431 reprehensorum
2935 2379 3156 2420 suorum
3196 2366 3377 2433 jacula
3425 2370 3496 2424 ad

1907 2464 1964 2502 se
1992 2450 2298 2519 pertingere
2325 2466 2430 2504 non
2468 2452 2810 2521 permittunt.
2844 2452 3067 2510 Tharsis
3104 2464 3284 2512 autem
3319 2460 3497 2530 emptos

1907 2543 2042 2594 ratio
2073 2543 2252 2610 gaudii
2299 2544 2524 2610 dicitur;
2558 2545 2804 2614 quisquis
2849 2547 2993 2601 enim
3033 2549 3084 2602 in
3132 2550 3231 2605 hoc
3260 2551 3457 2606 saeculo
3479 2592 3495 2615 ,

1910 2631 2050 2685 unde
2093 2632 2330 2702 gaudere
2376 2635 2581 2702 possit,
2628 2634 2902 2704 explorat,
2937 2637 3062 2692 huic
3109 2640 3499 2708 superveniens

1908 2717 2024 2781 dies
2049 2721 2298 2787 Domini,
2327 2725 2523 2792 quibus
2549 2723 2934 2793 perpetualiler
2979 2737 3322 2795 amareseat,
3355 2745 3499 2784 ῐιιαξυ

1909 2815 2050 2866 roris
2080 2823 2240 2881 atque
2271 2814 2504 2869 tristitia:
2553 2817 2831 2873 molestias
2878 2820 3103 2889 irrogat.
3142 2819 3300 2873 Venit
3329 2820 3498 2874 etiam

1911 2903 2026 2958 dies
2052 2903 2298 2967 Domini,
2330 2915 2434 2959 non
2484 2921 2646 2976 super
2693 2923 2855 2965 omne
2885 2909 3027 2977 quod
3059 2908 3340 2978 pulchrum
3371 2918 3453 2965 est
3478 2951 3495 2974 ,

1911 2997 2004 3051 sed
2031 3010 2193 3064 super
2220 3012 2381 3050 omne
2409 2999 2552 3066 quod
2581 2998 2699 3052 visu
2730 2998 3015 3068 pulchrum
3042 3010 3155 3064 est,
3179 2999 3308 3068 quia
3336 3000 3387 3054 in
3410 3000 3498 3056 die

1838 3095 1880 3153 Β
1910 3086 2074 3148 divini
2099 3084 2288 3154 judicii
2317 3088 2556 3156 pondere
2601 3089 2867 3157 premitur
2895 3089 2986 3160 qui
3019 3088 3349 3144 intrinsecus
3375 3104 3497 3158 qut-

1910 3178 2030 3230 dem
2057 3177 2312 3233 vitiorum
2341 3179 2569 3234 latenter
2599 3180 2963 3250 ingruentium
2990 3179 3338 3235 deformitate
3365 3195 3500 3234 con-

1910 3267 2186 3333 funditur;
2222 3268 2354 3323 foris
2379 3279 2559 3326 autem
2605 3270 2839 3339 quadam
2878 3270 3216 3324 adumbratae
3246 3270 3496 3337 virtutis,

1910 3355 1992 3410 vel
2021 3359 2202 3426 potius
2225 3360 2526 3414 honestatis
2552 3360 2950 3430 pulchritudine
2975 3359 3245 3429 palliatur.

2515 3447 2744 3503 CAPUT
2798 3448 2884 3504 Ill.

2123 3539 2203 3592 Ad
2242 3538 2574 3605 Oldericum,
2621 3541 2920 3612 episcopum
2956 3543 3283 3597 Firminum.

1981 3629 2328 3701 Quaecunque
2376 3632 2618 3686 humana
2659 3648 2814 3687 mens
2860 3629 2995 3688 sa'no
3022 3635 3168 3705 viget
3203 3632 3336 3687 fulta
3369 3645 3500 3688 eon-

1913 3720 2067 3784 silio,
2100 3721 2142 3774 si
2185 3737 2246 3776 se
2291 3721 2563 3784 subtiliter
2611 3731 2667 3778 et
2717 3723 2952 3779 solerter
2999 3724 3254 3794 inquirit,
3304 3723 3397 3779 vix
3441 3724 3501 3782 in

1913 3827 1973 3866 se
2008 3812 2118 3864 suis
2162 3810 2508 3866 facultatibus
2555 3813 2792 3879 invenit,
2842 3814 2984 3868 unde
3038 3813 3232 3868 merito
3277 3826 3502 3881 sperare

1913 3900 2243 3968 przeconium
2269 3901 2460 3969 possit.
2491 3900 2733 3955 Mortalis
2759 3901 2959 3970 quippe
2988 3902 3228 3956 conditio
3256 3901 3500 3969 undique

1913 3999 2188 4046 coarctata
2221 4001 2384 4060 atque
2410 3991 2737 4054 constricta,
2782 3991 2912 4060 quid
2956 3990 3106 4056 novit
3148 3989 3290 4044 unde
3327 3990 3502 4059 possit

1915 4084 2135 4139 extolli?
2177 4084 2310 4151 Quis
2341 4083 2484 4138 enim
2535 4083 2671 4137 sciat
2700 4083 2828 4152 quid
2864 4083 2916 4136 in
2947 4082 3253 4136 aeternitate
3299 4080 3499 4146 fuerit,

1915 4184 2202 4243 antequam
2254 4174 2392 4228 Deus
2429 4173 2573 4229 hunc
2615 4173 2874 4228 conderet
2905 4171 3200 4226 mundum?
3231 4171 3339 4226 Sed
3373 4186 3498 4224 eum

1917 4266 2127 4335 ignoret
2167 4265 2296 4334 quid
2346 4264 2510 4320 fuerit
2542 4275 2668 4318 ante
2688 4262 2883 4328 ,mundi
2931 4262 3295 4333 principium,
3344 4261 3500 4315 novit

1918 4359 2142 4414 forsitan
2170 4357 2298 4428 quid
2319 4365 2437 4426 post
2458 4356 2575 4424 ejus
2605 4357 2892 4412 terminum
2922 4357 2992 4411 sit
3015 4355 3289 4420 futurum;
3312 4361 3497 4408 utrum

236 4468 318 4512 tes
362 4454 635 4518 excelsos,
685 4463 741 4507 et
783 4465 947 4520 super
998 4463 1190 4504 omnes
1237 4447 1400 4502 colles
1443 4445 1714 4512 elevatos,
1758 4454 1812 4500 et

1915 4450 2124 4507 scilicet
2153 4450 2204 4504 in
2235 4449 2536 4506 ministerio
2563 4449 2645 4504 sui
2673 4462 2868 4503 cursus
2891 4447 3118 4503 ulterius
3143 4455 3289 4501 astra
3316 4449 3497 4502 deser-

236 4561 400 4616 super
433 4559 647 4598 omnem
693 4551 896 4596 turrem
948 4539 1254 4601 excelsam,
1289 4546 1344 4592 Cl.
1389 4551 1549 4606 super
1590 4552 1811 4593 omnem

236 4652 453 4692 murum
497 4633 787 4697 munitum,
833 4640 888 4685 et
932 4645 1096 4699 super
1139 4644 1332 4684 omnes
1377 4643 1544 4684 naves
1588 4627 1816 4682 Tharsis

236 4738 293 4784 et
339 4741 502 4796 super
553 4739 714 4779 omne
779 4723 922 4791 quod
979 4719 1262 4791 pulchrum
1325 4720 1443 4774 visu
1512 4728 1596 4774 est
1667 4717 1812 4789 (Iso.

237 4822 321 4889 ιι).
363 4839 380 4870 ι
445 4819 519 4872 Ex
572 4815 732 4870 rebus
784 4813 1188 4869 insensibilibus
1247 4811 1364 4866 dics
1420 4811 1586 4865 divini
1629 4810 1816 4878 iudicii

237 4913 437 4969 dicitur
483 4909 795 4971 imminere,
843 4905 940 4960 sed
988 4921 1086 4975 per
1128 4904 1330 4976 figuras
1377 4920 1559 4959 rerum
1607 4905 1818 4960 ratione

235 5001 572 5064 carentium,
611 4996 876 5058 stoliditas
922 4995 1242 5066 intelligitur
1298 4995 1576 5051 hominum
1635 5009 1818 5066 repro-

235 5095 454 5150 b’orum.
507 5089 665 5144 Codri
685 5087 890 5158 quippe
942 5085 1133 5141 Libani
1186 5086 1443 5142 sublimes
1489 5096 1545 5140 et
1593 5095 1815 5150 erectae,

233 5189 488 5256 potentes
561 5176 684 5234 sunt
753 5179 913 5248 huius
990 5177 1202 5243 saeculi,
1278 5191 1376 5248 per
1445 5177 1818 5232 excellentiam

235 5272 456 5345 quidem
495 5280 732 5326 terrena:
794 5269 1141 5325 sublimitatis
1185 5268 1354 5331 elati,
1380 5267 1499 5323 .sed
1553 5267 1819 5322 bonorum

236 5377 465 5437 operum
507 5362 775 5418 fructibus
817 5361 1115 5418 infecundi.
1166 5360 1408 5427 Quercus
1460 5367 1643 5413 autem
1706 5356 1820 5411 fru—

236 5461 362 5512 ctus
428 5451 648 5524 quidem
717 5450 1030 5522 proferunt,
1085 5451 1178 5507 sed
1241 5464 1348 5505 non
1397 5449 1594 5519 quibus
1660 5448 1820 5505 homo

242 5547 505 5610 reﬁcitur,
588 5545 681 5601 sed
753 5545 896 5599 unde
965 5540 1092 5599 sues
1144 5542 1380 5597 aluntur.
1436 5538 1574 5595 Sues
1640 5549 1820 5596 autem

241 5640 507 5698 immundi
541 5637 870 5706 intelligendi
908 5643 1032 5690 sunt
1062 5634 1312 5704 spiritus,
1340 5631 1432 5702 qui
1461 5630 1674 5702 spurcis
1699 5645 1820 5685 sor-

244 5735 485 5790 dentium
513 5732 790 5789 hominum
819 5730 1159 5800 saginantur.
1189 5726 1356 5784 Porro
1379 5734 1594 5784 montes
1619 5723 1821 5782 excelsi

1914 4543 2062 4599 viaut
2084 4581 2100 4605 ,
2128 4549 2184 4595 et
2207 4550 2492 4604 utrumne,
2524 4545 2647 4608 post
2671 4553 2732 4592 ea
2763 4551 2882 4606 quae
2925 4551 3070 4592 nunc
3096 4543 3221 4592 sunt
3249 4535 3354 4589 alia
3378 4548 3501 4593 rer-.-

1915 4648 2008 4689 sus
2032 4633 2297 4687 elementa
2327 4629 2641 4685 succedant.
2671 4628 2824 4683 Unde
2846 4637 2901 4683 et
2929 4627 3216 4697 Seraphim
3241 4625 3356 4690 illa,
3378 4638 3501 4694 qua)

1914 4725 2082 4781 Isaias
2104 4725 2367 4794 propheta
2393 4723 2445 4777 in
2468 4730 2762 4792 conspectu
2787 4720 3000 4774 Domini
3025 4727 3171 4785 stare
3192 4715 3498 4786 conspexit;

1916 4832 2077 4872 senas
2116 4815 2231 4871 alas
2277 4814 2531 4870 habuisse
2578 4812 2880 4868 describit:
2939 4829 2958 4861 ι
2996 4810 3246 4872 Duabus,
3284 4805 3498 4876 inquit,

1916 4908 2172 4964 vetabant
2199 4906 2420 4964 faciem.
2453 4920 2507 4959 et
2551 4902 2760 4959 duabus
2788 4902 3038 4957 velabaut
3063 4901 3248 4970 pedes,
3275 4905 3338 4955 et.
3358 4897 3496 4952 dua-

1917 4999 2022 5053 bus
2064 4997 2316 5052 volabant
2351 4995 2498 5067 (Isa.
2547 4995 2654 5063 vi).
2695 5013 2714 5045 ι
2757 4992 3021 5048 Volabant
3062 5004 3226 5058 porro
3267 4986 3500 5048 faciem,

1918 5089 2032 5143 sive
2059 5088 2252 5157 pedes,
2302 5099 2410 5140 non
2442 5097 2603 5147 suos,
2647 5082 2745 5137 sed
2783 5082 2968 5147 utique
3013 5079 3129 5134 Dei.
3157 5077 3224 5131 Et
3248 5074 3378 5145 quid
3405 5089 3502 5143 per

1920 5178 2114 5234 faciem
2139 5177 2268 5239 Dei,
2297 5175 2402 5228 nisi
2428 5173 2614 5228 mundi
2646 5170 3008 5241 principitun?
3035 5167 3162 5237 quid
3193 5180 3291 5234 per
3315 5163 3501 5234 pedes,

1920 5267 2027 5322 nisi
2073 5264 2317 5334 ejusdem
2352 5263 2538 5334 mundi
2587 5261 2711 5315 finis
2761 5261 2923 5315 debet
2971 5255 3232 5326 intelligi?
3276 5253 3498 5315 Alarqu

1921 5371 2052 5428 ergo
2089 5355 2360 5426 seraphim
2397 5362 2451 5408 et
2490 5354 2672 5421 plures
2721 5352 2846 5405 sunt
2876 5365 3000 5418 qua:
3023 5346 3210 5404 velant
3231 5350 3287 5399 et
3316 5357 3503 5418 pauca;

1923 5463 2043 5519 quae
2093 5445 2313 5511 volant,
2365 5443 2490 5514 quia
2560 5457 2628 5498 ex
2686 5441 2990 5498 divinorum
3047 5450 3271 5508 operum
3342 5431 3503 5488 celsi-

1926 5538 2111 5592 tudine
2177 5551 2301 5592 eum
2354 5549 2624 5607 perpauca
2681 5531 2748 5586 ad
2809 5540 3052 5585 nostram
3112 5524 3501 5598 permittuntur

1925 5626 2180 5683 advolare
2241 5624 2529 5690 notitiam,
2595 5621 2827 5693 plurima
2885 5621 2940 5675 in
2987 5616 3262 5674 thesauris
3319 5624 3498 5668 secre-

1927 5729 2110 5780 torum
2167 5715 2469 5776 C(BICSIIIIIII
2521 5722 2804 5771 servantur
2872 5709 3103 5767 occulta.
3171 5704 3305 5759 Nam
3357 5699 3500 5778 quod
