4052 6312
552 349 690 407 H59

1441 348 1936 406 COLLECTANEA
1967 349 2034 406 1N
2075 350 2305 409 VETUS
2346 351 2884 409 TESTAMENTUM.

3667 358 3803 415 “60

549 462 790 518 funditus
845 462 1152 534 ignoremus
1212 461 1341 532 quid
1387 469 1514 514 ante
1569 461 1754 515 mundi
1805 461 2126 531 principium
2157 467 2202 524 Λ
2231 461 2372 532 Lege
2395 463 2589 525 istum;
2645 472 2701 517 et
2745 461 3076 532 respondet:
3111 463 3226 519 Non
3272 481 3522 535 possum;
3571 469 3808 538 signatus

551 553 713 609 fuerit
773 561 827 606 et
892 551 1021 621 quid
1080 549 1190 618 jam
1258 559 1381 620 post
1441 550 1964 605 consummationem
2010 549 2125 620 jam

549 645 623 700 sit
651 639 912 708 futurum,
941 642 1080 696 idem
1114 627 1360 711 perhibet
1390 641 1560 696 Isaias
1591 659 1604 695 :
1643 660 1660 692 ι
1697 641 1904 706 Priora,
1931 642 2125 710 inquit,

551 733 868 788 annuntiate
905 733 1035 787 inihi
1063 743 1115 787 et
1148 734 1441 787 novissima
1489 748 1608 802 qua:
1657 733 1837 786 futura
1893 742 2045 798 sunt,
2075 742 2131 786 et

550 823 723 878 dicam
753 823 878 891 quia
914 823 986 876 dii
1017 823 1149 876 estis
1182 821 1326 893 (Iw.
1366 823 1506 892 xu).
1545 842 1561 874 ι
1608 823 1682 876 De
1727 821 1920 876 mediis
1947 831 2127 874 autem

549 925 719 980 pauca
748 921 1019 980 utcunque
1064 912 1464 977 cognoscimus,
1489 927 1606 980 qnze
1629 927 1694 966 ex
1727 909 2128 980 Scripturarum

549 1001 898 1055 attestatione
927 999 1082 1054 nobis
1110 1001 1444 1070 panduntur.
1475 999 1645 1053 Porro
1676 1009 1854 1053 autem
1884 1009 1939 1053 et
1965 1000 2014 1052 in
2045 1000 2130 1053 liis

550 1089 684 1159 ipsis
707 1101 967 1159 quantatn
994 1091 1200 1144 notitize
1221 1090 1493 1158 patiamur
1519 1090 1776 1160 inopiam,
1803 1090 1891 1159 qui
1917 1090 2130 1158 sapien-

550 1179 791 1234 tissimus
829 1181 971 1234 inter
1017 1181 1263 1234 homines
1298 1181 1543 1245 exstitit,
1586 1197 1690 1234 non
1721 1181 1935 1235 erubuit
1962 1181 2128 1236 confi-

551 1270 672 1323 teri.
699 1269 789 1322 Ait
825 1270 966 1322 enim
997 1267 1246 1323 Salomon
1281 1286 1294 1320 :
1333 1288 1350 1320 ι
1387 1268 1527 1323 Sunt
1556 1270 1687 1340 justi
1735 1281 1788 1324 et
1815 1271 2126 1340 sapientes,

548 1379 778 1436 quorum
810 1379 972 1433 opera
1020 1364 1073 1418 in
1121 1379 1282 1417 manu
1329 1363 1578 1428 Domini;
1631 1373 1687 1418 et
1733 1373 1912 1418 tamen
1959 1365 2132 1419 nescit

555 1458 718 1512 homo
746 1466 926 1511 utrum
958 1471 1144 1510 amore
1207 1471 1273 1509 an
1305 1456 1429 1509 odio
1465 1457 1656 1526 dignus
1687 1457 1788 1518 sit,
1827 1457 1918 1510 sed
1947 1457 2128 1510 omnia

552 1549 606 1602 in
633 1547 878 1606 futurum
917 1555 1206 1601 servantur
1235 1547 1442 1600 incerta
1485 1546 1672 1614 (Eccli.
1709 1548 1807 1619 IX).
1842 1566 1859 1597 ι
1910 1546 2006 1601 Ubi
2034 1562 2130 1600 no-

552 1639 771 1694 tandum
801 1639 925 1707 quia
955 1654 1078 1692 cum
1102 1637 1280 1707 justos
1307 1637 1453 1692 dicat
1482 1647 1537 1692 ct
1579 1639 1880 1707 sapientes,
1912 1639 2003 1707 qui
2040 1639 2126 1692 ni-

549 1731 750 1784 mirum
796 1731 1094 1784 debuerant
1131 1729 1382 1785 subtilius
1417 1744 1608 1796 nosse,
1635 1730 1780 1800 ipsos
1805 1729 1970 1783 etiam
2005 1744 2130 1799 per-

551 1819 702 1875 bibet
736 1835 856 1890 quae
884 1820 1066 1875 futura
1093 1829 1218 1875 sunt
1248 1821 1520 1889 ignorare.

1063 1930 1224 2000 252
1261 1928 1490 1986 CAPUT
1530 1927 1613 1983 iv.

548 2017 616 2074 In
641 2019 861 2092 epistola
884 2020 953 2074 ad
982 2018 1388 2085 Ilermisindim,
1419 2020 1556 2089 quod
1578 2020 1864 2088 (edi/icium
1887 2019 2133 2074 humana:

969 2091 1227 2160 superbia:
1255 2093 1364 2144 cito
1403 2093 1714 2144 destruitur.

619 2182 1078 2252 Qui,conteinpta
1108 2191 1337 2236 terrente
1377 2184 1812 2238 conversationis
1850 2183 2138 2253 concupis-

547 2275 851 2344 centiazque
902 2283 1175 2328 structura
1240 2274 1537 2343 spiritualis
1595 2275 1805 2331 :edificii
1873 2275 2132 2330 fabricam

549 2374 907 2426 construunt,
943 2365 995 2418 lii
1027 2365 1182 2434 quasi
1213 2364 1410 2419 lateres
1442 2365 1496 2418 in
1527 2364 1757 2434 lapidem
1800 2374 2050 2430 vertunt;
2080 2372 2137 2419 et

551 2471 658 2509 non
711 2457 762 2508 in
795 2470 957 2510 arena
987 2456 1274 2509 mundanae
1295 2455 1434 2525 spei,
1458 2456 1551 2509 sed
1580 2457 1633 2509 in
1662 2466 1812 2526 petra
1838 2456 1985 2519 iidei,
2015 2472 2135 2525 qua:

547 2545 798 2602 Christus
842 2555 958 2612 est,
1007 2547 1147 2600 atria
1200 2562 1474 2616 nunquam
1525 2547 1739 2617 lapsura
1770 2549 2128 2602 constituunt.

551 2635 705 2694 Unde
736 2653 834 2706 per
862 2637 1056 2692 Isaiam
1088 2638 1288 2692 dicitur
1317 2655 1332 2692 :
1369 2656 1388 2690 ι
1421 2637 1642 2693 Lateres
1667 2640 2010 2703 ceciderunt,
2041 2639 2134 2694 sed

549 2729 779 2798 quadris
828 2728 1108 2800 lapidibus
1135 2730 1556 2796 mdiﬁcabiinus;
1607 2747 1924 2802 sycomoros
1959 2734 2134 2788 succi-

547 2822 777 2889 derunt,
810 2824 905 2878 sed
935 2823 1131 2879 cedros
1160 2825 1567 2879 immutabiinus
1598 2825 1743 2896 (Ira.
1776 2827 1886 2896 Ix).
1924 2846 1941 2878 ι
1975 2827 2136 2881 Late-

550 2913 702 2968 ribus
731 2914 932 2984 quippe
960 2915 1320 2970 candentibus
1345 2924 1400 2969 et
1427 2906 1704 2984 lapidibus
1728 2915 1951 2985 quadris
1970 2915 2134 2969 aedili-

551 3015 642 3060 cat
665 3007 910 3076 quisquis
939 3007 1193 3060 vitiorum
1234 3006 1678 3075 voluptatumque
1710 3005 1983 3059 lasciviam
2027 3007 2135 3059 dis-

554 3095 816 3149 trictioris
848 3096 972 3148 vitro
1005 3095 1186 3165 rigore
1213 3097 1463 3166 castigat,
1495 3097 1584 3164 qui
1615 3096 1784 3166 legem
1815 3095 1994 3148 carnis
2018 3095 2134 3163 lege

551 3186 775 3254 spiritus
798 3195 1038 3255 superat.
1062 3188 1154 3255 qui
1182 3186 1551 3240 fortitudinem
1575 3186 1817 3254 corporis
1839 3185 2001 3238 animi
2025 3187 2134 3238 vir-
2162 3169 2206 3232 C

552 3285 666 3330 tute
691 3277 951 3330 demutat.
978 3275 1132 3331 Unde
1159 3293 1347 3331 rursus
1373 3293 1468 3346 per
1491 3277 1683 3330 Isaiam
1708 3276 1905 3330 dicitur
1931 3293 1944 3328 :
1982 3296 2000 3325 ε
2033 3277 2136 3341 Qui

551 3367 830 3423 confidunt
881 3368 934 3420 in
984 3367 1212 3422 Domino
1241 3369 1525 3422 mutabunt
1556 3368 1927 3421 fortitudinem
1975 3366 2131 3437 (lsaf.

562 3459 674 3528 XL).
736 3477 756 3511 ›
810 3457 944 3512 Nam
989 3459 1114 3512 dum
1167 3474 1271 3512 non
1326 3469 1630 3524 assumeut,
1679 3459 1772 3513 sed
1818 3459 2133 3524 mutabunt,

550 3547 716 3611 dixit,
745 3558 998 3617 patenter
1043 3549 1307 3614 innotuit,
1357 3550 1522 3603 aliam
1561 3563 1685 3604 esse
1732 3549 2132 3612 fortitudinem,

553 3655 674 3709 qum
702 3642 1012 3709 deponitur,
1042 3641 1232 3703 aliam,
1269 3654 1388 3708 qu:c
1415 3641 1625 3693 novitcr
1658 3640 1962 3692 inchoatur.
1997 3638 2136 3692 Hinc

553 3728 744 3782 electis
770 3745 866 3797 per
898 3727 1241 3782 Psalmistam
1287 3727 1529 3781 dicitur:
1584 3747 1603 3779 ι
1642 3727 1885 3780 Viriliter
1914 3727 2054 3796 agite
2080 3734 2134 3779 et

553 3816 890 3874 confortetur
920 3833 1016 3870 cor
1043 3826 1288 3872 vestrum
1310 3858 1324 3882 ,
1365 3833 1554 3870 omnes
1580 3818 1667 3886 qui
1694 3818 1924 3887 speratis
1951 3818 2002 3870 in
2034 3817 2135 3871 Do-

553 3908 703 3964 mino
731 3906 902 3980 (Psal.
934 3909 1086 3979 xxx).
1128 3929 1146 3961 ι
1186 3909 1323 3964 Hinc
1358 3908 1612 3962 Salomon
1646 3908 1722 3961 ait
1763 3924 1776 3960 :
1813 3927 1830 3958 ι
1864 3908 1940 3960 En
1968 3907 2134 3962 lectu-

555 4001 663 4056 lum
695 4002 1004 4058 Salomonis
1041 4003 1318 4071 sexaginta
1368 4001 1539 4056 fortes
1567 4001 1814 4055 ambiunt
1842 4015 1910 4054 ex
1955 3998 2135 4054 fortis-

555 4090 710 4146 simis
727 4090 892 4146 Israel
915 4090 1094 4160 (Cant.
1130 4091 1234 4160 ill).
1270 4110 1287 4140 ι

1168 4179 1397 4236 CAPUT
1436 4181 1500 4234 γ.

987 4269 1054 4324 In
1080 4270 1212 4324 libro
1236 4281 1416 4333 contra
1447 4270 1684 4324 Judreos.

621 4363 793 4416 Isaias
811 4359 1103 4431 perliihens
1126 4359 1488 4413 testimonium
1511 4359 1575 4412 de
1596 4359 1844 4414 Christo:
1868 4377 1886 4410 ι
1911 4359 2132 4424 Ponam,

559 4449 776 4516 inquit,“
809 4463 971 4517 super
1007 4448 1092 4501 his
1127 4447 1217 4514 qui
1250 4446 1466 4500 fuerunt
1507 4446 1575 4500 de
1609 4446 1765 4502 Moab
1801 4447 2044 4511 leonem,
2081 4455 2135 4502 et

555 4513 778 4608 reliquis
806 4513 983 4589 terrae.
1014 4513 1213 4590 Emitte
1256 4536 1501 4603 Agnum,
1534 4538 1790 4602 Domine,
1834 4537 2136 4593 dominato-
2169 4513 2212 4570 ο

554 4642 674 4684 rem
721 4635 879 4681 terra:
922 4625 988 4680 de
1035 4633 1188 4695 petra
1238 4625 1435 4678 deserti
1471 4627 1538 4679 ad
1585 4637 1820 4680 montem
1856 4627 1978 4680 filia:
2007 4627 2136 4681 Sion

557 4717 706 4789 (Isa.
749 4730 840 4778 xv,
891 4715 1036 4783 xvi).
1071 4732 1089 4764 ι
1126 4714 1200 4767 De
1245 4715 1346 4767 hac
1389 4713 1532 4769 enim
1579 4724 1736 4784 gente
1782 4714 2136 4770 Moabitarum

563 4823 822 4879 egressus
851 4816 936 4862 est
964 4807 1150 4876 Agnus
1195 4807 1606 4871 immaculatus,
1635 4808 1725 4877 qui
1755 4808 1894 4862 tollit
1919 4817 2139 4877 peccata

557 4898 780 4960 mundi,
815 4897 906 4966 qui
961 4897 1272 4950 dominatur
1301 4896 1353 4950 in
1385 4896 1517 4951 orbe
1564 4906 1850 4952 terrarum.
1883 4897 2013 4951 Nam
2044 4898 2136 4967 qui

556 4985 643 5041 leo
667 4995 886 5056 propter
919 4985 1290 5040 fortitudinem
1317 4986 1535 5049 dicitur,
1560 4987 1673 5055 ipse
1706 5003 1878 5058 agnus
1919 4996 2143 5057 propter

561 5079 1034 5132 mansuetudinem
1099 5078 1438 5147 perlnbetur.
1495 5075 1660 5131 Petra
1713 5088 1891 5133 autem
1943 5077 2142 5134 deserti

554 5165 705 5226 Ruth
720 5165 1066 5239 intelligitur,
1081 5185 1201 5238 qua:
1221 5169 1432 5224 deserta
1455 5169 1654 5238 prioris
1679 5179 1852 5224 morte
1873 5169 2140 5239 conjugis,

554 5260 705 5316 Obed
735 5259 801 5317 de
831 5262 974 5317 Βοοι
1005 5263 1191 5333 genuit
1213 5261 1431 5332 (Matth.
1458 5261 1528 5333 i);
1555 5261 1622 5316 de
1641 5277 1870 5331 quorum
1892 5260 2139 5316 Christus

559 5346 725 5415 stirpe
763 5349 1065 5406 descendit.

1171 5439 1400 5496 CAPUT
1438 5439 1526 5494 Vl.

809 5525 876 5579 In
915 5544 1148 5583 sermone
1192 5529 1256 5582 de
1286 5529 1342 5582 S.
1372 5527 1516 5582 Luca
1542 5528 1874 5598 evangelista.

640 5635 659 5668 ς
696 5617 765 5670 Et
792 5617 896 5671 erit
922 5619 1078 5672 vobis
1106 5619 1240 5672 visio
1266 5619 1506 5672 onminm
1555 5619 1694 5671 sicut
1724 5619 1884 5671 verba
1911 5617 2031 5671 libri
2061 5616 2135 5671 si-

563 5711 707 5784 gnati
731 5755 745 5778 ,
773 5725 933 5782 quem
965 5725 1088 5766 cum
1124 5711 1370 5764 dederint
1415 5709 1603 5766 scienti
1637 5711 1845 5766 litteras
1869 5748 1883 5773 ,
1911 5709 2090 5765 dicent
2120 5725 2135 5762 :

2229 561 2309 605 est
2337 551 2480 605 enim
2511 549 2653 622 (lsu.
2687 552 2864 620 xxix).
2901 571 2919 601 ι
2952 551 3082 618 Quis
3117 555 3262 607 enim
3309 565 3392 609 est
3434 557 3568 612 liber
3611 559 3698 614 ille
3741 561 3810 616 si-

2231 654 2456 714 gnatus,
2503 643 2604 696 nisi
2642 653 2888 697 sanctum
2921 643 3270 711 Evangelium
3306 648 3550 716 mysticis
3581 648 3806 719 figurant

2231 734 2515 788 sententiis
2556 733 2866 788 obvolutum
2897 743 2952 788 et
2979 734 3048 786 ab
3086 735 3330 788 lnunanze
3373 738 3570 792 mentis
3621 740 3808 797 intelli-

2231 824 2414 894 gentia
2442 824 2628 894 procul
2649 837 2846 877 arcana
2870 823 3102 892 quadam
3127 825 3491 894 profunditate
3515 831 3812 886 remotum?

2232 911 2330 967 llic
2381 913 2624 981 profecto
2669 911 2804 966 liber
2867 911 2955 966 ille
3001 922 3114 978 est,
3163 915 3228 968 de
3277 930 3384 982 quo
3431 915 3669 972 Joannes
3695 921 3808 975 ait:

2235 1022 2255 1055 ς
2297 1005 2412 1058 Vidi
2460 1005 2513 1058 in
2566 1006 2750 1058 dextra
2797 1005 3035 1059 sedentis
3080 1021 3242 1074 super
3295 1008 3546 1062 thronum
3610 1010 3805 1066 librum

2231 1096 2496 1166 scriptum
2550 1096 2694 1149 intus
2728 1104 2792 1150 ~et
2843 1096 3005 1159 foris,
3059 1097 3327 1164 signatum
3377 1100 3566 1168 sigillis
3611 1114 3811 1172 scp'em

2233 1186 2414 1257 (Apoc.
2446 1187 2522 1257 v).
2563 1206 2582 1239 ι
2617 1186 2747 1252 Qua:
2792 1195 2917 1239 sunt
2962 1195 3141 1240 autem
3191 1187 3396 1254 sigilla,
3439 1190 3635 1258 quibus
3683 1192 3814 1248 liber

2231 1279 2572 1349 evangelicus
2613 1277 2932 1346 obsignatns
2964 1277 3184 1341 dicitur,
3226 1277 3327 1331 nisi
3376 1289 3580 1348 septem
3613 1280 3704 1332 illa
3731 1295 3816 1336 sa-

2231 1379 2540 1434 cramenta,
2585 1369 2779 1438 quibus
2809 1369 2992 1437 utique
3026 1378 3170 1422 totus
3201 1371 3334 1423 ordo
3377 1369 3675 1424 Dmninice
3705 1375 3812 1426 dis-

2231 1459 2566 1528 pcnsationis
2611 1457 2877 1527 impletur,
2930 1459 3180 1513 videlicet
3229 1458 3532 1512 incarnatin
3566 1460 3813 1527 Doinfni,

2231 1551 2390 1621 253
2420 1551 2690 1613 nativitas,
2722 1551 2923 1619 passio,
2963 1552 3306 1611 resurrectio,
3343 1553 3409 1603 ad
3437 1553 3604 1605 ccelos
3628 1566 3817 1608 ascen-

2232 1644 2311 1697 sio
2331 1683 2344 1706 ,
2378 1643 2571 1696 deinde
2594 1641 2886 1709 judicium,
2919 1654 3193 1711 postremo
3221 1643 3482 1711 regnum?
3513 1643 3608 1697 llis
3632 1645 3816 1713 itaque

2232 1734 2424 1804 sigillis
2455 1734 2592 1787 liber
2637 1721 2982 1803 evangelicns
3032 1734 3104 1786 ita
3156 1735 3399 1802 signatus
3444 1743 3566 1797 cst,
3605 1745 3666 1787 ut
3714 1735 3812 1789 nisi

2163 1821 2209 1881 Β
2239 1841 2360 1880 cum
2388 1826 2639 1880 Christus
2669 1827 2966 1894 aperuisset
3002 1825 3222 1880 cuilibet
3254 1825 3474 1878 onn.ino
3498 1836 3688 1893 patere
3714 1839 3815 1880 nou

2234 1925 2435 1984 posset.
2471 1915 2624 1970 Unde
2650 1917 2993 1986 snbjungitur
3025 1936 3038 1970 :
3072 1937 3090 1967 ι
3130 1917 3268 1972 Ecce
3299 1917 3426 1970 vicit
3457 1917 3543 1971 leo
3573 1918 3642 1969 de
3678 1918 3816 1972 tribu

2231 2005 2400 2070 Juda,
2431 2007 2580 2060 radi:
2613 2006 2778 2060 David
2799 2048 2814 2070 ,
2852 2009 3064 2075 aperire
3098 2007 3292 2062 librum
3315 2047 3328 2072 ,
3359 2016 3414 2062 et
3435 2007 3648 2062 solvere
3676 2022 3800 2078 sep-

2235 2101 2342 2149 tem
2371 2095 2643 2165 signacula
2671 2095 2788 2164 ejus
2812 2096 3026 2164 (lbid.).
3067 2117 3085 2148 ι

2834 2187 3060 2243 CAPUT
3104 2189 3210 2244 VII.

2759 2277 2822 2332 In
2851 2280 3030 2332 eadem
3056 2278 3296 2348 epistola.

2310 2387 2329 2420 e
2356 2367 2693 2425 Glorilieabit
2719 2383 2804 2422 me
2831 2369 3002 2422 bestia
3030 2368 3168 2437 agri,
3196 2368 3463 2423 dracones
3480 2376 3529 2423 et
3554 2368 3822 2424 struthioé

2235 2475 2353 2523 nes,
2383 2462 2507 2529 quia
2536 2461 2655 2515 dedi
2705 2461 2757 2514 in
2804 2460 3020 2514 deserto
3049 2476 3238 2528 aquas,
3269 2457 3487 2513 ﬂumina
3538 2461 3590 2514 in
3640 2460 3819 2526 invio;

2234 2560 2293 2602 ut
2343 2549 2528 2602 darem
2579 2558 2762 2617 potqu
2811 2548 3005 2618 popqu
3050 2564 3200 2609 meo,
3261 2549 3434 2603 electo
3483 2564 3604 2603 ineo
3668 2548 3818 2620 (13a.

2235 2639 2410 2709 sun).
2449 2659 2466 2690 ι
2494 2639 2630 2706 Quid
2651 2641 2793 2692 enim
2826 2640 2994 2694 bestia
3025 2640 3271 2710 designat
3297 2642 3440 2708 agri,
3468 2641 3568 2694 nisi
3598 2639 3818 2711 gentili-

2233 2713 2401 2784 tatem
2428 2731 2611 2799 utique
2642 2731 2867 2785 rationis
2901 2731 3214 2800 expertem?
3244 2730 3380 2796 Quid
3409 2747 3505 2800 per
3527 2732 3817 2794 dracones.

2235 2821 2338 2876 nisi
2379 2821 2672 2874 malitiosi?
2697 2820 2836 2887 Quid
2874 2837 3007 2876 vero
3037 2837 3130 2889 per
3157 2822 3510 2884 struthiones.
3555 2822 3650 2890 qui
3690 2837 3818 2891 pen-

2235 2914 2348 2968 Iati
2378 2924 2520 2975 sunt,
2551 2912 2642 2966 sed
2675 2912 2856 2967 volare
2900 2921 3192 2982 nequeunt,
3226 2912 3326 2965 nisi
3360 2912 3660 2982 hypocrita:
3694 2913 3821 2982 figu-

2237 3003 2458 3056 rantur?
2507 3002 2600 3056 llic
2651 3018 2780 3068 ergo
2834 3003 3021 3056 bestia:
3085 3001 3251 3056 Deum
3295 3002 3639 3071 glorificant,
3698 3004 3817 3056 dum

2237 3092 2484 3146 Christus
2515 3091 2696 3162 gentili
2734 3093 2948 3164 populo,
2979 3093 3069 3162 qui
3105 3093 3350 3148 desertus
3387 3103 3504 3146 erat
3536 3103 3590 3148 et
3625 3094 3818 3158 invius,

2237 3185 2584 3239 exuberantis
2605 3185 2880 3254 Evangelii
2920 3185 3080 3239 verba
3122 3186 3392 3254 propinat.
3427 3185 3682 3254 Scyplins
3724 3186 3821 3237 ita-

2239 3289 2342 3340 que
2363 3273 2686 3343 evangelica:
2721 3273 3119 3341 prtetlicationis
3151 3275 3200 3326 in
3236 3273 3510 3342 Benjamin
3549 3262 3715 3328 d.:tus
3744 3282 3820 3328 cst

2236 3361 2426 3426 Paulo,
2473 3372 2531 3414 ut
2566 3363 2678 3431 ipse
2727 3363 2995 3417 desertum
3027 3364 3341 3433 gentilitatis
3386 3364 3704 3433 specialiter
3727 3378 3815 3418 ex-

2237 3451 2453 3506 colatet
2479 3453 2785 3505 ariditatem
2825 3453 2944 3522 ejus
2991 3453 3140 3521 largo
3175 3463 3374 3507 sanctae
3418 3452 3822 3522 paelicationis

2237 3543 2409 3597 imbre
2461 3543 2765 3611 perfundat.
2809 3543 2880 3597 De
2927 3559 3033 3611 quo
3082 3544 3287 3597 scilicet
3337 3544 3508 3597 imbre
3558 3544 3818 3612 scriptum

2235 3643 2318 3688 est
2361 3650 2425 3686 :c
2463 3634 2562 3700 Qui
2609 3634 2783 3702 cperit
2833 3633 3029 3687 coelum
3081 3634 3310 3688 nubibus
3350 3643 3406 3689 et
3452 3642 3615 3703 parat
3667 3644 3821 3689 terra

2235 3725 2467 3792 pluviam
2499 3722 2671 3790 (Psal.
2703 3726 2908 3792 cuvi).
2945 3743 2964 3774 ι

2823 3833 3051 3890 CAPUT
3091 3834 3223 3890 Vill.

2272 3924 2338 3979 In
2369 3925 2585 3996 epistola
2617 3926 2686 3979 ad
2709 3920 3205 4046 A!bericuurlfard.,
3236 3927 3300 3982 de
3329 3926 3504 3981 decem
3544 3927 3790 3998 quastio-

2963 4014 3014 4046 ηι
3055 4014 3134 4046 Ιιὸ.
3389 4017 3392 4020 ’

2963 4014 3134 4049 ηιυριε.
3389 4017 3392 4020 ’

2304 4085 2438 4139 Illud
2463 4085 2626 4139 etiam
2668 4084 2836 4146 l’saiie,
2867 4085 3009 4152 quod
3040 4084 3139 4138 tibi
3181 4085 3319 4152 petis
3345 4085 3543 4154 exponi
3577 4102 3591 4136 :
3627 4102 3648 4134 ι
3683 4083 3817 4138 Pro-

2235 4187 2356 4248 pter
2386 4176 2564 4231 scelns
2605 4176 2785 4245 p0puli
2824 4175 2926 4229 mei
2968 4175 3210 4243 percussi
3259 4191 3403 4236 eum,
3436 4184 3488 4229 et
3535 4175 3685 4228 dabit
3726 4175 3823 4228 im-

2237 4267 2382 4336 pium
2422 4280 2519 4335 pro
2546 4265 2816 4333 sepultura
2857 4273 2912 4316 et
2939 4265 3156 4318 divitem
3188 4278 3285 4334 pro
3316 4271 3489 4316 morte
3539 4277 3637 4315 sua
3680 4261 3818 4330 (Im.

2238 4361 2332 4427 ut)
2359 4374 2373 4423 ;
2413 4376 2432 4408 υ
2477 4366 2535 4410 nt
2565 4357 2719 4410 nobis
2762 4358 2975 4410 videtur
3003 4355 3109 4408 tale
3135 4364 3219 4409 est
3245 4373 3258 4408 :
3290 4353 3452 4407 Pater
3479 4354 3820 4421 omnipotens

2241 4450 2434 4504 Filium
2477 4443 2694 4516 propter
2739 4446 2914 4514 populi
2957 4445 3038 4499 sui
3087 4454 3304 4514 peccata
3357 4445 3660 4514 percussit,
3693 4443 3818 4512 quia

2241 4542 2409 4601 illum,
2439 4549 2499 4592 ut
2541 4548 2724 4593 nostra
2773 4548 2992 4606 peccata
3041 4537 3276 4600 deleret,
3307 4536 3488 4590 crucis
3523 4535 3819 4606 patibulum

2240 4634 2423 4686 subire
2452 4629 2752 4685 constituit.
2787 4629 2865 4682 Ad
2914 4629 3016 4682 hoc
3057 4629 3201 4682 enim
3248 4637 3332 4682 est
3373 4626 3545 4681 Filius
3583 4641 3614 4679 a
3661 4624 3818 4679 Patro

2240 4721 2494 4784 traditus,
2542 4729 2602 4773 ut
2649 4733 2837 4773 servus
2875 4717 3027 4770 fieret
3079 4716 3379 4780 absolutus,
3407 4716 3550 4770 sicut
3591 4723 3648 4766 et
3673 4713 3818 4780 Apo-

2239 4807 2456 4866 stolus':
2494 4827 2514 4860 ι
2561 4809 2662 4875 Qui
2714 4809 2952 4878 proprio,
2986 4808 3179 4875 inquit.
3218 4805 3255 4858 F
3264 4805 3355 4859 ilio
3400 4821 3505 4859 non
3558 4803 3814 4874 pepercit,

2241 4899 2335 4953 sed
2367 4913 2463 4967 pro
2492 4897 2645 4951 nobis
2671 4897 2924 4951 omnibus
2955 4895 3176 4951 tradidit
3200 4895 3354 4948 illum
3400 4892 3579 4963 (Rom.
3610 4895 3749 4961 vni).
3791 4906 3811 4942 ι

2245 4987 2326 5042 Ad
2357 4989 2460 5042 hoc
2489 4989 2748 5044 innocens
2776 4984 3083 5040 vuiueri'nus
3126 4996 3212 5039 est
3253 4999 3564 5055 percussus.
3596 4992 3656 5036 ut
3697 4993 3822 5050 pw

2245 5086 2399 5132 cator
2427 5077 2655 5132 exsultet
2698 5093 2727 5129 a
2773 5090 2994 5131 suorum
3042 5073 3534 5146 \‘Ultierum‘livore
3574 5080 3812 5125 sanatus.

2245 5168 2394 5223 Sicut
2438 5183 2537 5238 per
2583 5169 2826 5224 eumdem
2876 5167 3064 5222 Isaiam
3109 5162 3305 5221 dicitur
3347 5183 3360 5217 :
3400 5185 3418 5216 ι
3471 5164 3593 5234 ipse
3639 5173 3814 5217 autem

2241 5260 2555 5315 vulneratus
2595 5270 2680 5314 est
2722 5267 2941 5328 propter
2983 5259 3296 5326 iniquitates
3337 5265 3572 5319 nostras,
3605 5253 3820 5308 attritus

2241 5359 2324 5404 est
2350 5359 2569 5420 propter
2595 5348 2798 5404 scelera
2830 5358 3036 5410 nostra.
3063 5349 3220 5418 cujus
3247 5339 3413 5401 livore
3437 5347 3614 5400 sanati
3637 5355 3818 5400 sumus

2243 5439 2389 5509 (Im.
2419 5438 2569 5508 ιω).
2600 5459 2619 5490 ι
2648 5438 2752 5494 Sed
2781 5439 3110 5508 Redemptor
3151 5447 3334 5512 noster
3359 5452 3459 5507 pio
3485 5438 3696 5490 duobus
3725 5447 3818 5502 po-

2243 5529 2401 5598 pulis.
2431 5527 2616 5598 gentili
2642 5529 2891 5582 videlicet
2921 5538 2974 5582 et
3017 5527 3241 5581 Iudaico
3277 5529 3388 5597 pati
3434 5527 3686 5595 dignatus
3713 5530 3812 5579 est.

2241 5635 2467 5688 quorum
2498 5619 2633 5672 alter
2669 5619 2893 5686 impius,
2926 5617 3063 5671 alter
3093 5619 3242 5673 dives
3288 5616 3480 5670 merito
3519 5615 3810 5669 dicebatur.

2243 5711 2305 5765 Et
2337 5711 2555 5781 gentilis
2585 5711 2800 5782 quidem
2830 5710 3056 5782 populus
3085 5709 3280 5784 impius
3313 5717 3470 5772 erat;
3501 5705 3628 5778 quia
3663 5699 3813 5758 idolis
