4052 6312
1662 325 1726 382 IN-
1752 283 2122 382 ignauiam.

247 450 512 517 serviens,
549 449 801 520 pietatem
836 445 1004 502 divini
1032 443 1209 500 cultus
1235 440 1701 511 iguorabat.H-.ec
1733 455 1829 494 au-
1859 440 1908 510 Α
1937 449 2059 488 nem
2085 429 2304 502 generis
2327 428 2553 486 humani
2586 445 2638 485 tn
2671 429 2928 484 mundum
2965 443 3109 485 nunc
3141 435 3285 482 venit
3307 441 3373 482 ex
3401 427 3526 520 Vir-

252 556 360 600 tem
396 545 566 614 pietas
599 535 786 597 Grtece
831 539 1047 606 dicitur_
1073 537 1380 592 Θιοσέϐιιαν.
1413 533 1672 588 Judaicus
1701 546 1834 586 vero

246 633 477 704 populus
524 632 675 686 dives
722 631 1023 693 exstiterat,
1055 628 1182 698 quia
1228 626 1354 680 dum
1403 625 1637 680 Sabbata
1665 664 1680 686 ,
1727 624 1835 677 eir-

247 719 656 786 cumcis'ionem,
690 714 1001 777 ncomenias
1031 716 1328 788 oumesque
1356 717 1712 773 caeremonias
1747 715 1834 771 di-

249 819 390 873 vinae
421 817 556 886 legis
603 815 835 883 accepit,
873 821 1128 882 tanquam
1174 810 1406 880 copiosis
1437 806 1677 862 thesauri
1725 821 1838 861 caa-

248 908 406 963 lestis
451 905 654 961 divitiis
695 903 1006 960 abundavit.
1039 901 1244 970 Quibus
1289 900 1590 955 exuberare
1635 897 1836 953 divitiis

246 997 562 1056 Corinthios
602 993 715 1065 jam
762 1008 1056 1050 conversus
1103 991 1303 1047 Paulus
1345 986 1679 1056 exsultabat,
1710 1004 1836 1044 cum

247 1089 458 1145 diceret
489 1105 501 1140 :
537 1105 555 1139 ς
593 1087 810 1141 Gratias
838 1100 938 1156 ago
963 1085 1072 1140 Deo
1096 1099 1218 1140 meo
1244 1097 1457 1156 semper
1481 1098 1579 1154 pro
1600 1081 1753 1136 vobis
1779 1081 1834 1136 in

246 1181 423 1252 gratia
451 1178 568 1244 Dei,
609 1195 729 1249 quae
751 1179 874 1233 data
902 1186 985 1234 est
1009 1178 1161 1233 vobis
1190 1177 1245 1232 in
1280 1176 1497 1232 Christo
1528 1173 1676 1240 Jesu,
1710 1174 1836 1244 quia

249 1270 304 1326 in
327 1269 582 1324 omnibus
611 1269 804 1341 divites
835 1267 963 1323 facti
989 1267 1122 1323 estis
1147 1268 1202 1322 in
1233 1266 1346 1331 illo,
1390 1265 1554 1338 254
1588 1265 1643 1320 in
1687 1265 1835 1319 omni

246 1354 416 1417 verbo
443 1369 500 1414 et
535 1359 588 1413 in
620 1360 766 1414 onmi
796 1359 1047 1424 scientia,
1073 1358 1147 1413 ita
1177 1366 1239 1412 ut
1266 1356 1402 1412 nihil
1427 1357 1582 1412 vobis
1611 1355 1751 1411 desit
1781 1355 1836 1410 in

247 1448 356 1502 ulla
396 1449 570 1520 gratia
602 1448 661 1520 (ι
701 1447 823 1503 Cor.
860 1450 937 1515 ι).
979 1467 1000 1501 ι
1030 1448 1283 1504 Salvator
1329 1462 1461 1518 ergo
1507 1456 1694 1503 noster
1739 1461 1836 1517 pro

249 1548 446 1605 morte,
477 1556 637 1611 quam
689 1541 741 1594 in
791 1555 850 1595 se
883 1540 1142 1610 suscepit,
1182 1539 1320 1595 duos
1365 1540 1431 1594 de
1462 1547 1638 1594 morte
1685 1552 1837 1592 resu-

247 1631 475 1686 scitatos
523 1630 668 1685 Patri
722 1630 953 1700 populos
979 1629 1213 1687 reddidit
1255 1647 1270 1685 :
1307 1629 1576 1686 Gentilem
1603 1628 1832 1692 scilicet,

244 1722 337 1791 qui
371 1722 703 1776 daemonibus
734 1722 861 1777 olim
896 1722 1058 1791 impie
1087 1721 1392 1785 serviebat,
1429 1730 1485 1775 et
1525 1719 1830 1782 Iudaicum,

1934 526 2077 596 giae,
2114 532 2169 579 et
2207 539 2301 594 per
2347 522 2733 578 incarnationis
2762 537 2872 578 sua:
2901 522 3255 593 mysterium,
3284 520 3378 590 qui
3404 519 3524 574 Rex

1934 627 2080 671 esset
2112 627 2168 671 et
2197 616 2457 671 Dominus
2483 616 2696 670 cunctis
2725 615 2973 685 gentibus
3018 614 3273 669 indicavit
3293 654 3306 676 ,
3348 613 3404 667 in
3437 627 3526 667 ve-

1935 712 2193 766 stimento
2234 719 2290 764 et
2319 711 2523 764 femore
2566 709 2828 777 scriptum
2867 707 3056 762 habuit
3089 725 3104 761 :
3139 727 3158 758 ί
3191 707 3306 760 Rex
3335 720 3522 778 regum

1937 813 1994 858 et
2020 803 2286 858 Dominus
2313 801 2729 859 dominantium.
2760 820 2778 851 ι
2809 800 2961 856 Unde
3006 801 3150 854 enim
3198 797 3397 854 mundo
3443 798 3526 852 in-

1936 895 2135 957 notuit,
2165 893 2238 948 ibi
2278 892 2564 947 scientiam
2609 905 2722 947 suae
2750 892 3049 958 majestatis
3091 891 3386 960 inscripsit.
3413 888 3527 944 Hoc

1935 993 2114 1040 autem
2147 985 2517 1040 indumentum
2548 983 2768 1038 rubrum
2797 984 3068 1054 propheta:
3092 983 3358 1053 apparuit,
3395 981 3524 1050 quia

1936 1078 2268 1146 Redemptor
2303 1087 2486 1132 noster
2516 1077 2792 1146 proprium
2827 1091 2924 1146 pro
2954 1077 3318 1146 redemptione
3340 1084 3524 1129 nostra

1939 1166 2260 1236 sanguinem
2300 1165 2456 1219 fudit.
2509 1165 2607 1220 Cui
2660 1165 2774 1236 ipse
2820 1166 3098 1234 respondit
3146 1180 3161 1218 :
3212 1183 3230 1216 ι
3265 1163 3527 1218 Torcular

1936 1255 2140 1310 ealcavi
2196 1254 2346 1310 solus
2397 1263 2452 1309 et
2500 1255 2569 1308 de
2611 1255 2862 1323 gentibus
2911 1269 3018 1307 non
3047 1261 3130 1308 est
3178 1252 3261 1307 vir
3312 1267 3523 1308 meeum

1939 1345 2097 1417 (Isai.
2124 1346 2302 1417 uin).
2336 1366 2353 1399 ›
2384 1345 2546 1402 Solus
2588 1347 2730 1402 enim
2772 1343 3028 1412 torcular,
3058 1348 3113 1400 in
3141 1338 3248 1415 quo
3286 1345 3530 1400 calcatus

1939 1447 2048 1502 est,
2076 1437 2326 1503 calcavit,
2358 1437 2484 1506 quia
2520 1452 2614 1491 sua
2647 1437 2886 1506 potentia
2913 1450 3034 1490 eam
3081 1451 3242 1506 quam
3273 1434 3532 1506 sustinuit

1935 1530 2244 1598 passionem
2277 1529 2423 1583 vicit.
2463 1527 2599 1582 Nam
2641 1527 2733 1596 qui
2763 1541 2932 1596 usque
2961 1527 3029 1580 ad
3072 1536 3303 1581 mortem
3350 1526 3531 1580 crucis

1937 1619 2234 1689 patibulum
2267 1617 2509 1689 pertulit,-
2547 1617 2612 1672 de
2641 1627 2815 1673 morte
2854 1618 2967 1688 ipsa
2997 1632 3119 1671 cum
3144 1617 3312 1686 gloria
3340 1631 3525 1671 resur—

1939 1710 2099 1765 rexit.
2125 1708 2274 1764 Bene
2300 1719 2480 1765 autem
2516 1709 2714 1764 dicitur
2745 1726 2758 1763 :
2790 1727 2808 1760 ‹
2841 1709 2905 1764 Et
2935 1709 3000 1764 de
3031 1709 3281 1780 gentibus
3306 1722 3414 1762 non
3442 1717 3530 1762 e5t

244 1813 370 1884 qui,
401 1814 646 1884 quamvis
685 1815 1018 1870 occidentem
1047 1813 1280 1869 litteram
1327 1813 1515 1868 tenens
1557 1820 1611 1868 et
1659 1811 1836 1868 viviﬁ-
1872 1804 1912 1863 Β
1942 1805 2023 1859 vir
2085 1817 2298 1860 mecum
2358 1802 2592 1875 (lbid.);
2634 1820 2654 1856 ι
2707 1803 2834 1873 quia
2893 1801 2968 1868 ii,
3018 1817 3117 1873 pro
3168 1802 3364 1872 quibus
3416 1801 3528 1870 pati

245 1910 458 1957 cantem
502 1903 750 1972 spiritum
783 1903 1053 1970 nesciens,
1083 1903 1276 1959 divina:
1313 1912 1491 1958 tamen
1532 1901 1666 1972 legis
1704 1901 1842 1956 divi-

245 1989 350 2046 tias
375 1992 706 2064 possidebat.

862 2082 1089 2160 CAPUT
1131 2103 1218 2157 ix.

385 2203 455 2270 In
482 2214 698 2270 homtlia
734 2217 796 2269 de
821 2217 1090 2271 natiuitate
1123 2218 1184 2275 ἃ.
1226 2202 1416 2272 Maria:
1454 2217 1693 2288 uirginis.

324 2325 343 2356 ι
375 2306 511 2376 Quis
536 2315 619 2362 est
643 2307 761 2371 iste,
789 2309 880 2380 qui
911 2309 1058 2362 venit
1087 2309 1154 2363 de
1176 2309 1367 2375 Edom,
1393 2309 1577 2364 tinetis
1598 2308 1840 2365 vestibus

191 2471 194 2474 _
243 2396 314 2451 de
362 2396 569 2453 Bosra?
605 2415 623 2448 ι
657 2397 724 2452 Et
765 2397 924 2468 paulo
971 2406 1089 2470 post
1122 2416 1134 2452 :
1172 2416 1187 2450 ι
1225 2398 1406 2465 Quare
1450 2415 1578 2471 ergo
1615 2399 1838 2454 rubrum

245 2497 330 2543 est
375 2489 749 2563 indumentum
785 2499 954 2555 tuum,
993 2498 1046 2544 et
1084 2491 1464 2546 vestimentum
1515 2498 1663 2545 tuum
1697 2490 1838 2548 sicut

244 2579 572 2636 calcantium
605 2581 657 2634 in
692 2580 985 2638 torculari?
1016 2599 1035 2634 ι
1070 2580 1226 2653 (lsai.
1253 2582 1431 2653 thtt.)
1462 2582 1835 2640 ludumentum

245 2670 445 2742 quippe
493 2670 695 2726 Christi
739 2671 874 2726 nihil
926 2679 1012 2726 est
1057 2672 1234 2737 aliud,
1283 2672 1386 2728 nisi
1433 2687 1633 2742 corpus
1692 2671 1835 2742 quod

244 2761 471 2831 sumpsit
519 2777 587 2816 ex
633 2761 844 2818 domina
889 2769 944 2818 et
992 2762 1198 2832 virgine
1251 2761 1440 2816 Maria.
1495 2761 1606 2817 Nec
1651 2771 1833 2817 tamen

245 2850 392 2906 aliud
422 2860 506 2910 est
546 2852 925 2908 vestimentum
973 2851 1091 2924 ejus
1135 2859 1296 2920 atque
1344 2850 1489 2907 aliud
1523 2852 1654 2923 ipse.
1698 2850 1832 2910 Nam

247 2952 494 2997 nostrum
536 2957 749 3014 quoque
797 2942 1178 3001 vestimentum
1208 2958 1334 2997 caro
1363 2943 1583 3010 dicitur,
1615 2942 1710 2998 sed
1745 2953 1830 2997 ta-

243 3046 370 3086 men
409 3033 508 3102 ipsi
560 3047 659 3088 nos
703 3047 892 3088 sumus
940 3049 1091 3098 caro,
1138 3049 1242 3104 qua
1289 3033 1567 3089 vestiatur.
1615 3033 1689 3088 De
1724 3047 1831 3104 (ιιξο

1947 1905 2190 1961 venerat,
2232 1895 2503 1966 passionis
2551 1895 2668 1967 ejus
2716 1910 2838 1951 esse
2891 1894 3184 1965 participes
3231 1894 3527 1957 debebant;

1943 1986 2036 2054 qui
2084 2001 2184 2055 pro
2214 1999 2302 2050 eo,
2340 1985 2484 2055 quod
2521 1985 2751 2041 necdum
2791 1984 3159 2049 crediderant,
3207 1984 3274 2039 de
3307 1982 3438 2053 ipsis
3479 1981 3533 2035 in

1943 2073 2344 2130 resurrectione
2370 2075 2723 2144 conqueritur
2747 2089 2976 2144 quorum
2997 2082 3107 2126 vita
3136 2072 3190 2126 in
3215 2071 3333 2144 ejus
3358 2078 3533 2127 morte

1941 2166 2306 2234 quaerebatur.
2563 2231 2792 2293 (APUT
2835 2237 2880 2291 ἰ

1939 2325 2006 2381 In
2036 2327 2256 2399 epistola
2291 2329 2360 2381 ad
2398 2326 2738 2382 Cunibertum
2782 2329 3080 2399 episcopum
3128 2318 3529 2391 Taurinensem,

2315 2399 2378 2452 de
2409 2399 2786 2452 incontinentia
2823 2399 3155 2452 clericorum.

2007 2487 2062 2540 lu
2112 2487 2421 2558 pastoribus
2464 2487 2681 2557 quidem
2739 2486 2946 2543 inutilis
2981 2503 3102 2542 esse
3153 2487 3380 2543 castitas
3408 2488 3532 2558 jure

1937 2575 2272 2645 decernitur,
2305 2594 2424 2647 quae
2469 2593 2529 2633 se
2575 2578 2651 2632 sic
2682 2578 2905 2633 cshihet
2950 2578 3213 2644 sterilem,
3264 2588 3323 2633 ut
3369 2578 3529 2633 aliam

1936 2684 2041 2722 non
2086 2667 2264 2738 pariat
2314 2669 2650 2733 castitatem,
2700 2671 3000 2739 prmsertim
3050 2686 3172 2726 cum
3226 2671 3338 2741 ipse
3390 2673 3530 2725 Deus

1935 2761 2282 2830 Omnipotens
2333 2776 2429 2831 per
2477 2760 2669 2815 Isaiam
2708 2779 2768 2814 ε(
2805 2761 3056 2832 Nunquid
3099 2778 3218 2834 ego,
3258 2763 3348 2832 qui
3395 2763 3528 2817 alios

1935 2863 2126 2920 parere
2155 2849 2312 2911 facio,
2342 2850 2452 2920 ipse
2477 2866 2583 2904 non
2614 2843 2991 2920 pariam,dicit
3015 2849 3306 2906 Dominus?
3326 2871 3342 2902 ι
3367 2851 3523 2924 (lsai.

1933 2942 2100 3012 LIVI.)
2160 2940 2258 2996 Ubi
2305 2944 2597 2997 notandum
2648 2942 2773 3012 quia
2825 2929 2984 3008 dum,
3052 2951 3156 2998 non
3218 2944 3382 3008 alias,
3429 2946 3522 2997 sei

1933 3035 2067 3089 alios
2099 3049 2292 3104 parere
2341 3033 2511 3102 facio,
2543 3033 2714 3097 dicat,
2749 3018 2984 3088 virorum
3025 3035 3203 3106 petius
3234 3051 3296 3091 ac
3343 3045 3523 3105 pasto-

242 3120 569 3176 vestimento
617 3137 712 3192 per
747 3119 1008 3176 Joannem
1045 3122 1280 3177 dicitur:
1319 3140 1336 3174 ‹
1374 3121 1620 3178 Habebat
1654 3123 1708 3178 in
1740 3137 1830 3174 γρ-
1860 3160 1904 3218 C
1938 3139 2057 3179 rum
2090 3123 2348 3182 Ecclesiae
2397 3123 2537 3180 fetus
2566 3132 2858 3204 exspectat.
2911 3122 3081 3179 Malus
3119 3132 3299 3179 autem
3345 3135 3531 3196 pastor

239 3209 499 3267 Stimento
539 3220 593 3266 et
639 3212 692 3266 in
738 3212 943 3268 femore
989 3229 1085 3269 suo
1132 3215 1394 3284 scriptum
1426 3231 1439 3267 :
1481 3213 1597 3268 Rex
1644 3228 1829 3285 regum
1861 3200 1904 3219 ”
1941 3232 2064 3271 cum
2095 3217 2282 3271 eodem
2316 3217 2577 3286 propheta
2609 3201 2785 3286 potest
2812 3215 3044 3285 lugendo
3065 3227 3324 3274 cantare:
3363 3236 3381 3271 ι
3409 3217 3527 3275 Non

240 3308 300 3353 et
347 3299 606 3356 Dominus
641 3302 1032 3357 dominantium
1064 3301 1241 3372 (Apoc.
1279 3302 1421 3372 xxx).
1455 3321 1473 3356 ι
1511 3301 1614 3358 Per
1657 3303 1833 3359 femur

239 3390 441 3465 quippe
465 3395 782 3465 propagatio
811 3394 993 3451 carnis
1041 3394 1118 3450 lit.
1147 3395 1247 3462 Qui
1284 3410 1412 3468 ergo
1451 3410 1550 3466 per
1587 3394 1832 3468 propagi-

1941 3309 2224 3377 parturivi,
2256 3317 2307 3363 et
2334 3325 2439 3362 non
2467 3309 2670 3378 peperi,
2691 3317 2745 3362 et
2773 3323 2878 3362 non
2907 3308 3138 3366 enutrivi
3157 3308 3407 3378 juvenes,
3429 3327 3526 3365 nec

1941 3401 2006 3453 ad
2040 3400 2430 3454 incrementum
2459 3399 2683 3471 perduxi
2717 3398 2951 3471 virgines
2979 3397 3133 3469 (Isai.
3175 3401 3355 3469 xxttt).
3388 3419 3404 3450 ›

1469 3485 1775 3558 Expliciunt
1807 3488 2104 3544 testimonia
2135 3489 2315 3545 Isaia'.

1700 3610 1902 3621 ’.ιο--
1911 3607 2049 3623 ω.-

1106 3664 1492 3745 255-256
1531 3669 1873 3728 lNClPlUNT
1913 3671 2252 3730 CAPITL‘LA
2291 3670 2628 3730 tentatum.

316 3759 368 3823 1.
407 3766 485 3838 De
514 3767 790 3838 occisione,
825 3783 981 3835 quam
1014 3765 1268 3838 Dominus
1298 3767 1531 3838 minatur
1566 3764 1933 3838 Hierusalem,
1972 3768 2096 3836 quia
2126 3767 2509 3838 dereliqurrunt
2538 3784 2683 3838 eum.

316 3840 372 3892 οὶ.
411 3836 666 3905 Prwrepit
702 3832 957 3915 Dominus
999 3834 1265 3899 Ieremia',
1296 3842 1350 3886 ut
1381 3835 1537 3888 vadat
1572 3837 1641 3887 ad
1675 3832 2028 3903 Euphratem,
2071 3847 2118 3889 et
2150 3832 2436 3891 abscondat
2474 3837 2544 3890 ibi
2576 3838 2630 3889 in
2670 3837 2929 3905 foramine
2955 3847 3116 3905 pett-te
3165 3836 3400 3891 lumbare
3426 3854 3526 3907 quo

492 3912 963 3962 erat-armcinctus'.
1295 3921 1300 3928 ί

315 3979 374 4035 ὅ.
411 3923 987 4045 ὓσεέἕῑᾳριιΐὲἷιωῧῗέὲῗίν
1017 3990 1036 4045 :_
1067 3972 1221 4039 Quod
1251 3972 1436 4042 perdia:
1477 3971 1627 4041 fovit,
1671 3989 1787 4043 quia
1817 3989 1918 4026 non
1955 3975 2192 4044 peperit:
2220 3975 2340 4044 fecit
2385 3974 2620 4040 divitias,
2651 3983 2700 4028 et
2731 3990 2834 4028 non
2879 3974 2931 4027 in
2953 3973 3184 4043 judicio,
3224 3976 3275 4027 in
3307 3975 3525 4030 dimidio

488 4043 691 4100 dierum
719 4060 933 4099 suorum
964 4043 1215 4113 relinquet
1247 4059 1356 4096 cas.

316 4119 372 4174 li.
416 4116 567 4184 Quod
613 4115 870 4169 Dominus
913 4114 986 4166 ait
1016 4109 1118 4183 ρει-⁷
1150 4111 1436 4185 Jeremiam
1463 4125 1481 4163 .'
1509 4109 1766 4182 Nunquid
1809 4129 1910 4167 non
1944 4115 2094 4168 verba
2131 4130 2244 4167 utea
2289 4124 2406 4168 sunt
2435 4114 2587 4183 quasi
2615 4113 2780 4184 ignis,
2828 4113 2954 4166 dicit
2989 4112 3265 4179 Dominus,
3296 4124 3343 4168 et
3374 4118 3526 4185 quasi

491 4185 712 4239 malleus
742 4195 1008 4238 conterens
1035 4183 1278 4252 petram?

314 4258 370 4315 5.-
411 4255 562 4322 Quod
588 4255 809 4309 intentat
843 4250 1096 4308 Dominus
1123 4252 1506 4324 habitatoribus
1535 4250 1868 4308 Hierusalem
1894 4253 2152 4323 gladium,
2191 4263 2236 4306 et
2264 4252 2479 4321 fantem,
2511 4263 2557 4306 et
2599 4261 2789 4322 pestem
2818 4269 2834 4307 :
2862 4268 2920 4307 eo
2961 4253 3101 4324 quod
3126 4270 3229 4308 non
3259 4254 3521 4308 audierint

491 4325 777 4396 prophetas
805 4341 943 4396 quos
961 4324 1174 4396 miserat
1197 4323 1266 4378 ad
1293 4339 1402 4396 eos.

319 4397 374 4452 6.
416 4389 570 4462 Quod
589 4389 725 4446 "dum
746 4389 1004 4446 Jei'rmias
1028 4393 1091 4464 de
1114 4403 1268 4464 puteo
1299 4393 1352 4447 in
1379 4407 1530 4462 quem
1560 4391 1822 4462 projeetus
1851 4392 2044 4462 fuerat,
2072 4392 2286 4454 (ρυαιην,
2318 4389 2468 4460 funes
2489 4405 2534 4446 et
2562 4402 2748 4448 referes
2775 4409 2975 4463 pannos
2999 4391 3067 4447 ad
3091 4410 3206 4447 eum
3235 4396 3518 4464 deponunt.

314 4468 367 4522 7.
412 4464 724 4519 Maledictus
753 4465 840 4532 qui
868 4463 1101 4532 prohibet
1125 4463 1359 4533 gladium
1395 4477 1546 4515 suum
1576 4479 1607 4514 a
1636 4464 1911 4533 sanguine.

311 4537 368 4592 8.
411 4535 693 4590 Inebriauit
717 4549 796 4585 me
826 4533 1104 4586 absinthio.

311 4605 369 4662 9.
412 4605 494 4658 Ea:
522 4620 610 4657 ore
638 4601 889 4656 ditissimi
917 4618 1020 4664 non
1041 4603 1278 4655 exiermtt
1311 4620 1400 4657 nec
1425 4603 1578 4668 bona,
1617 4620 1708 4657 nec
1734 4603 1894 4657 mala.

279 4676 365 4732 Η).
409 4674 535 4728 Filii
567 4674 727 4742 Agar,
757 4672 844 4740 qui
875 4672 1228 4739 exquisierunt
1253 4673 1604 4740 prudentiam,
1634 4689 1750 4744 qua:
1779 4674 1842 4728 de
1863 4686 2003 4728 terra
2039 4685 2134 4738 cst,
2163 4676 2294 4727 riam
2329 4673 2616 4744 sapientirr.

1440 4762 1743 4832 lirpliciuut
1789 4765 2017 4835 capitula
2056 4764 2318 4820 Jeremia'.

1137 4954 1776 5045 INCIPIUNT
1849 4944 2640 5046 TESTIMONIA.

757 5101 986 5159 CAPUT
1023 5100 1311 5157 PRIMUM.

244 5220 314 5276 In
353 5214 569 5290 epistola
611 5213 782 5295 ad}.
811 5211 1336 5294 archipresbyterum,
1383 5209 1471 5264 ubi
1510 5209 1740 5280 loquitur
1765 5212 1829 5264 de

617 5300 806 5339 ammw
833 5298 1122 5353 egressione
1153 5298 1182 5333 η
1213 5297 1446 5350 εονροτο.

320 5398 342 5434 ι
379 5358 514 5434 Ecce
539 5391 637 5447 ego
677 5374 986 5431 convocabo
1023 5387 1215 5428 omnes
1256 5371 1604 5443 cognationes
1632 5389 1824 5445 regno—

249 5488 365 5530 rum
398 5468 686 5541 aquilonis,
720 5461 794 5519 ait
843 5464 1137 5528 Dominus;
1166 5471 1221 5518 et
1251 5461 1489 5527 venient,
1531 5472 1585 5516 et
1625 5473 1823 5532 ponent

247 5561 617 5633 unusquisque
639 5556 836 5613 solium
869 5570 1024 5609 suum
1057 5554 1109 5608 in
1137 5553 1364 5608 introitu
1396 5564 1672 5624 portarum
1701 5554 1823 5608 Ilie-

249 5651 504 5716 rusalem,
535 5657 590 5704 et
619 5661 781 5720 super
799 5659 990 5700 omnes
1020 5659 1205 5701 muros
1234 5641 1351 5712 ejus
1381 5643 1438 5698 in
1475 5644 1726 5711 circuitu,
1771 5653 1826 5699 et

248 5759 406 5816 super
446 5743 727 5797 universas
757 5738 919 5792 urbes
944 5735 1112 5799 Iuda;
1154 5743 1209 5790 et
1252 5735 1442 5806 loquar
1471 5734 1671 5807 judicia
1706 5751 1822 5790 mea

688 5832 966 5892 Puncta
1001 5820 1244 5886 CXLV.

1859 5105 1906 5163 υ
1932 5117 2053 5156 cum
2080 5118 2158 5156 eis
2186 5118 2348 5172 super
2372 5103 2518 5157 omni
2544 5102 2744 5158 malitia
2776 5119 2963 5169 eorum
2991 5105 3082 5174 qui
3114 5104 3471 5175 dereliquerat
3502 5114 3521 5160 t

1939 5195 2024 5247 me"
2051 5192 2183 5265 (Jer.
2218 5193 2328 5263 1).)
2359 5193 2489 5260 Quae
2523 5193 2770 5262 profecto
2815 5194 3010 5259 verba,
3064 5195 3109 5250 si
3164 5203 3359 5265 pra-ter
3403 5195 3522 5252 illus

1938 5293 2162 5340 terrenae
2200 5284 2539 5340 Hierusalem
2576 5285 2722 5341 cives
2759 5280 2824 5340 ad
2855 5286 2990 5342 alios
3021 5301 3124 5342 non
3164 5286 3516 5354 resp'cereut,

1934 5389 2275 5444 nequaquam
2327 5374 2488 5430 hodie
2541 5375 2595 5429 in
2645 5383 2835 5430 sancta
2895 5375 3133 5430 Ecclesia
3179 5389 3515 5431 resrnarent.

1932 5464 2062 5531 Quae
2107 5474 2230 5519 sunt
2263 5464 2428 5536 igitur
2458 5463 2563 5518 illae
2589 5465 2939 5534 cognationes
2982 5481 3269 5534 regnorum
3311 5465 3518 5534 aquilo-

1931 5557 2038 5624 nis,
2088 5557 2192 5613 nisi
2239 5556 2593 5626 malignorum
2651 5557 2938 5629 spirituum
3000 5557 3402 5620 multitudines,
3463 5555 3518 5611 in

1932 5646 2144 5717 frigidis
2167 5648 2302 5702 adeo
2335 5647 2606 5703 mentibus
2627 5648 2857 5718 superbe
2887 5648 3209 5720 regnantes?
3233 5645 3298 5700 lli
3321 5644 3514 5701 solium

1932 5752 2088 5793 suum
2121 5738 2492 5808 unusquisque
2520 5738 2571 5794 in
2605 5738 2829 5794 introitu
2862 5748 3135 5795 uortarum
3179 5735 3393 5790 llierus:
3408 5733 3512 5789 lem

3194 5825 3266 5884 3’7
