4078 5382
601 342 736 402 1163

1462 409 1468 415 ,
1513 348 2007 406 (IOLLECTANEA
2048 349 2114 404 IN
2155 349 2381 408 VETUS
2421 352 2963 415 TESTAMENTUM.

3761 365 3894 420 “Gl

599 451 825 530 ponunt,
855 443 976 514 cum
1008 457 1374 531 egredientem
1416 459 1482 515 de
1512 475 1740 531 corpore
1771 461 2040 517 infelicem
2069 461 2186 515 ani-
2213 474 2260 535 Α
2287 478 2480 534 porum
2540 467 2864 538 quibusdam
2915 469 3170 540 gradibus
3229 473 3609 540 ascendendo,
3673 475 3898 534 diﬂicile

598 561 767 617 mam,
809 552 1225 623 circumposita,
1274 566 1340 607 ne
1387 553 1552 608 libera
1602 557 1856 624 prodeat,
1903 555 2184 612 obsidione

596 643 927 710 custodiunt,
955 653 1016 698 ut
1041 659 1161 700 eam
1207 659 1389 700 secum
1422 661 1566 699 nunc
1598 647 1662 700 ad
1698 648 1835 718 ignis
1862 648 2183 719 supplicium

592 726 943 809 pertrahant,
985 738 1037 792 in
1066 736 1220 806 cujus
1249 745 1406 792 antea
1432 737 1624 809 frigida
1656 749 1836 794 mente
1863 741 2181 812 regnabant.

589 829 632 884 0
667 844 829 904 quam
861 829 1139 894 luctuosa,
1175 843 1338 898 quam
1378 827 1616 899 lugubris
1645 840 1728 884 est
1773 845 1891 884 sera
1927 839 1982 884 et
2009 829 2184 884 infru-

589 930 781 977 ctuosa
831 920 921 975 illa
971 920 1321 991 poenitentia,
1358 935 1480 974 cum
1520 921 1792 989 peccatrix
1847 921 2024 974 anima
2069 919 2183 990 jam

588 1012 860 1083 incipiens
890 1012 1073 1068 carnis
1101 1025 1342 1075 carcere,
1371 1027 1478 1080 quo
1509 1011 1711 1066 inclusa
1751 1013 2054 1078 tenebatur,
2091 1014 2185 1069 ab-

591 1104 750 1172 solvi,
782 1104 1146 1174 respicitpost
1172 1116 1252 1168 se,
1279 1103 1461 1172 dirigit
1502 1103 1687 1158 oculos
1733 1113 1857 1158 ante
1902 1105 1990 1159 se!
2025 1103 2185 1160 Videt

590 1204 715 1266 post
782 1211 840 1252 se
896 1194 1042 1249 velut
1103 1193 1542 1265 angustissimum
1591 1203 1754 1263 atque
1802 1195 2182 1250 brevissimum

594 1283 828 1339 stadium
859 1283 985 1338 vitae
1031 1282 1278 1338 mortalis
1324 1297 1626 1350 emensum,
1660 1284 1807 1338 videt
1851 1293 1975 1338 ante
2014 1300 2073 1339 se
2104 1284 2186 1339 in-

597 1375 1017 1432 terminabilium
1055 1375 1448 1447 longitudinem
1499 1377 1841 1433 saeculorum.
1895 1378 2186 1448 Perpendit

594 1468 747 1535 quasi
779 1475 1110 1522 momentum
1141 1467 1396 1536 temporis
1425 1467 1676 1520 celeriter
1707 1467 2010 1534 advolasse,
2039 1469 2182 1537 quod

594 1557 757 1622 vixit;
805 1558 1204 1627 contemplatur
1256 1557 1518 1610 iuliuitam
1565 1559 1930 1628 prolixitatem
1977 1569 2185 1629 tempo-

593 1663 713 1702 rum
758 1648 961 1702 instare
1009 1663 1172 1717 quam
1229 1647 1434 1718 incipit.
1491 1647 1549 1702 ld
1602 1649 1744 1703 enim
1796 1649 2182 1705 brevissimum

592 1742 736 1812 quod
759 1753 860 1806 est,
890 1741 1036 1796 velut
1054 1743 1106 1796 in
1120 1749 1342 1812 puncto,
1377 1742 1727 1797 transcurrit:
1745 1742 1871 1805 huic
1893 1751 2071 1798 autem
2083 1743 2185 1798 viae

2283 565 2672 625 promoventur
2704 558 2772 613 ad
2823 559 2962 613 sacri
3009 560 3212 618 ordinis
3252 562 3603 632 dignitatem;
3639 565 3895 636 alioquin

2285 646 2329 700 si
2355 647 2476 715 quis
2523 649 2918 704 couteutiosius
2969 660 3176 707 astruat
3222 653 3323 708 hoc
3365 653 3521 722 juxta
3573 656 3898 728 Scriptura:

2286 737 2482 791 seriem
2513 738 2868 794 historialiter
2893 741 3116 807 factum,
3149 758 3246 799 nec
3283 744 3651 813 spiritualiter
3680 749 3892 805 intelli-

2285 832 2548 900 gendum;
2581 835 2851 902 quomodo
2889 832 3150 892 Jeremias
3182 837 3356 906 potuit
3384 839 3527 893 inter
3555 841 3892 896 innumera-

2286 920 2422 975 biles
2466 916 2812 992 Assyriorum
2862 924 3345 997 Chaldaeorumque
3393 931 3651 985 nationes
3694 933 3898 987 urbem

2287 1008 2628 1067 Hierusalem
2648 1015 2966 1082 constipatis
2981 1015 3280 1085 agminibus
3291 1019 3630 1085 obsidentes,
3649 1020 3896 1077 lumbari

2289 1100 2618 1167 prteciuctus
2642 1103 2814 1169 exire,
2846 1104 3007 1174 idque
3048 1106 3100 1160 in
3133 1106 3408 1176 Euphrate
3437 1111 3529 1180 qui
3565 1121 3681 1164 tam
3727 1112 3897 1184 longe

2286 1197 2914 1256 decurritabscoudere?
2948 1201 3293 1259 Postmodum
3335 1220 3552 1276 quoque
3592 1205 3896 1279 profligato

2285 1287 2522 1344 diuturni
2558 1293 2814 1362 temporis
2845 1307 3028 1360 cursu,
3079 1310 3186 1365 quo
3211 1306 3372 1365 pacto
3419 1300 3576 1367 quasi
3632 1301 3896 1358 securius

2285 1380 2445 1435 rediit
2462 1381 2701 1452 illudque
2728 1385 3116 1454 putrefactum;
3143 1387 3282 1442 sicut
3305 1387 3588 1458 Scriptura
3615 1401 3888 1458 testatur,

2286 1470 2512 1535 invenit.
2539 1488 2662 1529 cum
2692 1473 3028 1532 Hierusalem
3076 1479 3324 1533 videlicet
3371 1478 3538 1546 fossa,
3572 1483 3744 1550 vallo,
3793 1499 3890 1539 ca-

2286 1560 2456 1617 stellis
2479 1572 2533 1617 et
2563 1571 2674 1617 tam
2705 1567 2898 1621 crebra
2935 1567 3172 1638 undique
3219 1577 3364 1623 esset
3420 1572 3734 1628 munitione
3781 1575 3894 1629 cir-

2285 1653 2576 1708 cumdata?
2612 1653 2746 1710 Nam
2779 1671 2901 1711 cum
2956 1657 3246 1728 aliquando
3295 1660 3434 1714 idem
3482 1664 3760 1732 propheta
3820 1666 3891 1719 ad

2287 1745 2563 1802 Anathotb
2597 1747 2831 1803 viculum
2873 1765 3030 1804 suum
3067 1751 3119 1804 in
3161 1751 3318 1806 tertio
3352 1753 3611 1808 milliario
3648 1757 3722 1810 ab
3751 1757 3891 1810 urbe

592 1847 751 1902 quam
807 1848 948 1889 nunc
971 1833 1270 1904 ingreditur
1297 1834 1475 1890 nullus
1507 1835 1727 1890 omnino
1773 1834 1895 1892 finis
1921 1835 2178 1892 occurrit.
2210 1825 2259 1887 B
2286 1834 2452 1890 situm
2475 1847 2769 1892 conaretur
2796 1838 2965 1904 exire,
2995 1839 3049 1892 in
3079 1848 3233 1910 porta
3266 1842 3512 1911 protinus
3540 1845 3788 1913 capitur,
3822 1845 3891 1898 ad

1216 1988 1444 2046 CAPUT
1482 1990 1544 2044 ll.

594 2095 658 2154 7n
702 2101 917 2171 epistola
946 2103 1014 2155 ad
1051 2100 1113 2156 P.
1148 2103 1674 2224 arclltipresbyterum,
1703 2103 1767 2156 de
1805 2103 2180 2158 incontinentia

1221 2189 1248 2224 ε
1271 2189 1550 2224 ertcorum.
2137 2205 2141 2209 -

1221 2189 1550 2226 etertcorum.
2137 2205 2141 2209 ’

669 2321 686 2354 ι
729 2302 900 2368 Vade,
932 2302 1106 2371 inquit
1135 2301 1399 2357 Dominus
1430 2301 1496 2357 ad
1523 2301 1834 2363 Jcremiam,
1864 2309 1918 2355 et
1966 2298 2181 2370 posside

593 2394 687 2446 tibi
737 2393 981 2446 lumbare
1029 2392 1248 2456 lineum,
1297 2400 1354 2446 et
1397 2407 1564 2460 pones
1611 2391 1738 2446 illud
1768 2406 1928 2460 super
1970 2389 2182 2443 lumbos

587 2493 713 2538 tuos
739 2484 871 2553 (Jer.
905 2483 1046 2550 xm).
1084 2501 1103 2532 ι
1137 2482 1212 2536 De
1242 2497 1351 2551 quo
1385 2492 1438 2537 et
1471 2483 1628 2552 paulo
1656 2490 1776 2551 post
1809 2498 1823 2533 :
1860 2500 1878 2533 ι
1908 2480 2178 2550 Surgeus,

592 2573 788 2644 inquit,
819 2574 955 2628 vade
981 2573 1048 2628 ad
1082 2573 1434 2643 Euphratem,
1477 2582 1532 2629 et
1557 2573 1826 2630 absconde
1866 2571 1992 2625 illud
2026 2571 2096 2626 ibi
2129 2571 2182 2625 in

586 2661 857 2718 foramine
905 2672 1088 2732 pelue.
1147 2681 1163 2712 ι
1208 2661 1363 2729 Quod
1411 2677 1532 2717 cum
1576 2660 1827 2726 fecisset,
1875 2660 2022 2715 etin
2074 2659 2181 2714 Eu-

589 2753 805 2820 phrate,
841 2753 980 2807 sicut
1006 2753 1192 2821 jussus
1224 2751 1419 2817 fuerat,
1469 2751 1875 2817 abseondisset,
1905 2759 2027 2821 post
2063 2750 2182 2822 plu-

595 2845 762 2898 rimus
789 2843 906 2899 dies
935 2843 1013 2896 ait
1059 2843 1318 2897 Dominus
1359 2841 1425 2896 ad
1455 2858 1578 2898 eum
1607 2859 1620 2898 :
1655 2860 1673 2893 ε
1705 2841 1912 2910 Surge,
1947 2849 2004 2896 et
2045 2841 2184 2896 vade

594 2935 661 2989 ad
693 2934 1048 3005 Euphratem,
1081 2943 1136 3006 et
1166 2933 1291 2988 tolle
1327 2934 1451 2988 inde
1501 2933 1761 2999 lumbare.
1796 2932 1864 2986 Et
1909 2933 2052 3000 abii,
2099 2931 2183 2987 in-

593 3007 738 3095 quit,
773 3025 839 3080 ad
889 3024 1250 3096 Euphratem,
1299 3033 1351 3080 et
1404 3023 1496 3077 tuli
1547 3023 1790 3078 lumbare
1827 3024 1892 3079 de
1930 3023 2047 3079 loco
2088 3021 2181 3077 ubi

591 3117 985 3174 absconderam
1033 3116 1200 3183 illud;
1244 3125 1299 3172 et
1343 3130 1468 3170 ecce
1513 3105 1954 3195 computruerat,
2004 3114 2081 3170 ita
2122 3119 2180 3168 ut

597 3211 727 3265 nulli
759 3211 878 3266 usui
909 3219 1092 3280 aptum
1129 3219 1288 3266 esset.
1317 3209 1384 3264 Et
1429 3209 1505 3264 ait
1544 3209 1805 3265 Dominus
1837 3224 1852 3263 :
1878 3208 1971 3264 Sic
1997 3217 2183 3279 putre-

599 3315 752 3356 scere
780 3300 973 3355 faciam
1009 3300 1315 3370 superbiam
1350 3298 1508 3366 .luda,
1552 3307 1608 3355 et
1650 3299 1959 3370 superbiam
1989 3295 2182 3355 llieru-

597 3389 765 3446 salem
794 3390 1036 3456 multam,
1062 3389 1316 3460 populum
1347 3389 1512 3444 istum
1537 3384 1854 3459 pessimum,
1875 3388 1968 3458 qui
1994 3387 2184 3444 nolunt

597 3481 784 3536 audire
825 3483 986 3535 verba
1035 3495 1175 3545 mea,
1208 3488 1262 3535 et
1293 3478 1572 3534 ambulant
1603 3480 1656 3533 in
1701 3478 1969 3550 pravitate
2005 3479 2185 3535 cordis

598 3576 703 3639 sui,
734 3584 787 3628 et
817 3584 978 3629 erunt
1016 3575 1154 3630 sicut
1201 3574 1444 3629 lumbare
1493 3573 1655 3639 istud,
1701 3575 1844 3642 quod
1892 3571 2026 3627 nulli
2062 3572 2182 3628 usui

599 3676 782 3736 aptum
809 3674 892 3720 est
921 3664 1130 3734 (Ibid.).
1173 3683 1190 3714 ι
1224 3663 1363 3731 Quid
1397 3663 1485 3717 hic
1512 3661 1761 3718 Jeretuiae
1789 3677 2053 3733 persona,
2079 3662 2184 3716 nisi

600 3756 917 3810 Dominum?
968 3753 1104 3822 Quid
1137 3755 1402 3820 lumbare,
1452 3753 1557 3808 nisi
1614 3753 1862 3808 ordinem
1917 3752 2185 3824 signiticet

597 3847 962 3904 clericorum?
1007 3845 1196 3900 Omnis
1227 3844 1469 3901 Ecclesia
1504 3844 1673 3899 vestis
1713 3852 1795 3898 est
1844 3842 2070 3909 Christi,
2119 3843 2187 3898 de

595 3943 750 4013 cujus
793 3941 896 3996 sibi
949 3939 1206 3994 membris
1231 3953 1326 4010 per
1367 3939 1684 4010 prophetam
1729 3936 1963 3992 dicitur:
2003 3955 2022 3988 ι
2052 3935 2184 3992 0m-

598 4033 756 4086 uibus
801 4032 885 4086 bis
925 4031 1070 4084 velut
1115 4039 1434 4084 ornamento
1476 4028 1722 4084 vestieris
1770 4027 1923 4098 (lsai.
1953 4026 2122 4100 χιιι).
2161 4047 2177 4079 ι

597 4122 707 4177 Sed
737 4122 877 4177 sicut
911 4122 1158 4176 lumbare
1207 4120 1454 4175 intimum
1487 4129 1572 4175 est
1601 4121 1836 4174 bumano
1874 4117 2090 4188 corpori
2130 4126 2186 4172 et

598 4215 802 4270 arctius
836 4213 1072 4269 adhaeret
1113 4228 1275 4283 quam
1319 4211 1540 4282 reliquae
1580 4221 1782 4274 vestes,
1817 4211 1887 4264 ita
1917 4208 2184 4264 clericalis

598 4307 734 4362 ordo
799 4304 1123 4360 familiarius
1189 4303 1386 4360 divinis
1445 4304 1814 4374 agglutinatur
1871 4301 2182 4372 obsequiis,

598 4413 764 4468 quam
798 4397 981 4452 caeteri
1029 4395 1315 4459 homines;
1350 4395 1491 4450 sicut
1521 4393 1628 4448 illic
1672 4393 1738 4448 de
1772 4391 2066 4448 Israelitico
2092 4405 2186 4461 po-

602 4488 730 4557 pulo
756 4488 936 4542 divina
971 4502 1076 4541 vox
1102 4487 1177 4540 ait
1209 4503 1221 4538 :
1260 4505 1277 4532 ‹
1307 4485 1462 4540 Sicut
1490 4485 1635 4540 enim
1665 4485 1904 4540 adhaeret
1940 4482 2187 4539 lumbare

604 4580 669 4633 ad
695 4578 907 4633 lumbos
936 4577 1064 4642 viri,
1095 4577 1175 4632 sic
1200 4575 1530 4646 agglutinavi
1569 4575 1698 4629 mihi
1727 4589 1943 4630 omnem
1968 4575 2186 4630 domum

603 4667 792 4734 Israel,
833 4677 888 4722 ct
930 4681 1146 4722 omnem
1189 4665 1407 4720 domum
1453 4661 1611 4730 Juda,
1661 4673 1719 4718 ut
1757 4673 1903 4719 esset
1954 4663 2088 4719 mihi
2134 4664 2199 4746 in.

602 4757 886 4826 populum,
934 4766 986 4811 et
1034 4756 1088 4809 in
1132 4768 1361 4820 nomen,
1409 4762 1463 4809 et
1504 4753 1560 4808 in
1607 4753 1841 4818 laudem,
1879 4763 1934 4809 et
1975 4753 2028 4809 in
2077 4753 2190 4825 glo-

605 4849 771 4915 riam;
804 4858 858 4904 et
886 4865 991 4904 non
1018 4848 1306 4905 audierunt
1330 4846 1464 4918 (λεν.
1500 4846 1645 4917 xm).
1681 4865 1699 4897 ι
1726 4846 1952 4913 Quibus,
1985 4861 2187 4916 quaeso,

607 4953 715 5000 tam
752 4949 896 5010 apte,
941 4949 1046 4993 tam
1091 4953 1372 5009 expresse,
1399 4938 1538 4994 sicut
1583 4937 1796 4993 clericis
1836 4946 2060 5008 possunt
2090 4937 2189 4992 ista

2286 1924 2558 1997 principes
2583 1928 2846 1995 trahitur,
2892 1930 3135 2002 graviter
3165 1932 3485 1987 verberatur
3518 1945 3576 1990 et
3621 1945 3889 2006 tanquam

2286 2016 2585 2087 transfuga,
2641 2020 2756 2073 sive
2806 2021 2995 2090 patria:
3029 2022 3270 2091 proditor
3297 2023 3351 2077 in
3397 2039 3681 2080 carcerem
3713 2027 3890 2080 trudi—

2284 2116 2376 2162 tur
2405 2109 2538 2181 (Jer.
2572 2111 2766 2183 xxxtt).
2800 2112 2936 2179 Quia
2963 2129 3091 2184 ergo
3116 2129 3222 2170 nou
3243 2118 3602 2186 consequitur
3630 2125 3693 2172 ut
3721 2118 3889 2174 intel-

2287 2197 2483 2267 ligatur
2529 2201 2885 2256 historialiter
2934 2201 3156 2268 factum,
3203 2213 3416 2261 Constat
3471 2207 3668 2277 procul
3719 2209 3889 2264 dubio

2285 2291 2478 2359 typicar
2501 2285 2684 2360 figume
2710 2307 2817 2347 non
2847 2291 3035 2350 deesse
3080 2297 3417 2366 mysterium.
3453 2294 3603 2353 Bene
3629 2315 3767 2371 ergo
3792 2316 3889 2370 per

2285 2373 2530 2435 lumbare
2554 2378 2780 2448 liucum,
2803 2383 2958 2454 juxta
2984 2386 3098 2441 haec
3130 2402 3249 2456 qua:
3275 2390 3526 2458 superius
3554 2388 3708 2446 dicta
3734 2401 3883 2454 sunt.

2285 2470 2484 2526 chorus
2537 2475 2859 2543 exprimitur
2907 2476 3255 2534 clericorum.
3318 2479 3471 2547 Quod
3537 2482 3729 2539 autem
3782 2487 3886 2539 hoc

2286 2556 2531 2615 lumbare
2555 2561 2604 2616 iu
2635 2563 2931 2634 Enphrate,
2959 2566 3062 2622 hoc
3084 2577 3170 2624 est
3211 2569 3264 2623 in
3310 2585 3514 2641 aquoso
3545 2573 3690 2636 loco,
3742 2584 3800 2629 et
3832 2575 3881 2626 in

2284 2646 2550 2706 foramine
2588 2662 2772 2722 petrae,
2812 2655 2863 2710 id
2887 2666 2971 2712 cst
3023 2658 3078 2713 in
3122 2659 3454 2716 obscuritate
3490 2674 3658 2732 atque
3688 2665 3881 2718 umbra

2285 2741 2411 2810 poni
2428 2740 2672 2810 jubetut‘,
2719 2741 2847 2815 quid
2876 2763 2974 2817 per
3018 2748 3119 2806 hoc
3144 2749 3470 2822 exprimitur
3509 2755 3615 2808 nisi
3649 2755 3744 2809 illa
3771 2755 3882 2810 ele-

2287 2829 2522 2884 ricorum
2545 2849 2671 2903 pars
2717 2851 2836 2904 qua:
2865 2839 2967 2894 sub
2995 2838 3284 2910 voluptatis
3318 2843 3511 2897 umbra
3547 2854 3606 2898 et
3637 2840 3692 2898 in
3733 2843 3884 2900 ﬂuxu

2285 2920 2515 2977 luxuriae
2539 2930 2946 2983 commoratur?
2969 2931 3040 2985 De
3067 2947 3298 3002 quorum
3327 2933 3462 2989 duce
3491 2935 3544 2989 iu
3597 2925 3743 2992 libro
3784 2927 3882 2992 .lob

2287 3013 2546 3072 Dominus
2603 3019 2735 3072 dicit
2763 3037 2774 3071 2
2807 3019 2916 3075 Sub
2971 3023 3155 3078 umbra
3200 3026 3415 3092 dormit,
3447 3027 3498 3081 in
3554 3042 3763 3084 secreto
3797 3049 3885 3084 ca-

2285 3104 2434 3174 lami,
2468 3116 2515 3161 et
2556 3109 2684 3164 locis
2722 3111 3072 3167 humentibus.
3101 3112 3390 3188 Protegunt
3413 3119 3617 3174 umbrw
3639 3123 3878 3176 umbram

2209 3186 2254 3249 C
2287 3197 2422 3267 ejus,
2491 3202 2822 3258 circumdant
2866 3221 2983 3258 eum
3036 3206 3222 3264 salices
3268 3186 3516 3266 torrentis
3569 3213 3696 3283 (Job
3760 3216 3879 3286 xt);

2288 3299 2452 3360 atque
2498 3303 2558 3348 ut
2581 3295 2835 3350 ostendat
2881 3308 3140 3368 quantum
3197 3315 3319 3355 cum
3349 3291 3463 3358 suis
3512 3293 3881 3366 familiaribus

2287 3382 2340 3438 in
2366 3384 2700 3443 habitatione
2725 3376 2962 3446 ﬂuminis
3001 3390 3316 3460 delectetur,
3342 3387 3592 3465 protinus
3623 3399 3834 3454 addidit
3863 3419 3876 3452 :

2288 3475 2424 3530 Ecce
2480 3478 2771 3534 absorbebit
2826 3481 3070 3550 ﬂuvium,
3109 3476 3157 3537 et
3206 3502 3309 3539 non
3365 3487 3879 3543 mirabitur:lwbet

2287 3571 2425 3623 enim
2472 3571 2748 3639 ﬁduciam,
2791 3574 2931 3643 quod
2970 3575 3160 3644 inﬂuat
3212 3576 3464 3632 Iordanis
3526 3581 3583 3633 in
3622 3597 3685 3635 os
3744 3581 3877 3651 ejus.

2287 3657 2440 3724 Quod
2465 3669 2646 3714 autem
2673 3659 2873 3716 dicitur
2899 3662 3064 3718 fuisse
3092 3665 3325 3733 positum
3375 3667 3426 3720 in
3467 3667 3741 3724 foramine
3786 3686 3878 3738 pe-

2291 3758 2406 3814 trae,
2448 3756 2628 3820 potest
2671 3753 3251 3825 nonoiucouvenienter
3299 3756 3521 3827 intelligi
3555 3757 3700 3812 intra
3730 3769 3878 3830 septa

2288 3840 2559 3896 Ecclesiae.
2593 3842 2758 3908 Quasi
2789 3844 2934 3898 enim
2965 3846 3018 3898 in
3062 3833 3326 3902 foramine
3355 3857 3524 3917 petrae
3553 3839 3764 3904 clerici
3792 3865 3877 3904 re-

2289 3932 2602 4005 cluduntur,
2633 3935 2758 3988 dum
2786 3935 2925 3989 intra
2952 3935 3212 3991 Ecclesia:
3239 3937 3426 3992 limina
3457 3939 3573 3993 suis
3600 3941 3877 3994 excubare

2289 4022 2608 4078 ministeriis
2631 4022 2813 4078 sedula
2852 4023 3287 4094 frequentatione
3331 4025 3603 4095 iubentur.
3640 4028 3879 4084 Lumbar

2287 4128 2417 4184 ergo
2443 4114 2494 4168 iu
2538 4115 2783 4169 bumenti
2828 4112 2946 4170 loco
2976 4118 3208 4185 positqu
3242 4121 3475 4188 putruit;
3525 4123 3657 4189 quia
3699 4121 3767 4176 de
3794 4120 3878 4174 bis

2287 4205 2380 4275 qui
2411 4206 2464 4259 in
2495 4203 2720 4261 luxuriae
2747 4205 2978 4262 ﬂuxibus
3006 4207 3387 4271 immorantur.
3415 4212 3684 4280 propheta
3709 4221 3879 4267 testa-

2291 4306 2380 4350 tur
2405 4311 2419 4349 :
2446 4285 2889 4367 Computruerunt
2909 4298 3151 4367 jumeuta
3174 4300 3230 4354 in
3251 4311 3476 4354 stercore
3497 4318 3595 4356 suo
3621 4301 3787 4372 ()oel.
3813 4307 3873 4373 ι).

2290 4385 2537 4443 Jumenta
2565 4389 2762 4459 quippe
2791 4388 2845 4443 in
2867 4399 3108 4446 stercore
3135 4405 3233 4448 suo
3259 4402 3730 4460 computrescunt,
3747 4394 3876 4448 dum

2292 4481 2493 4551 quique
2512 4481 2759 4537 carnales
2786 4497 2849 4537 ac
2871 4482 3073 4538 sordidi
3097 4482 3264 4538 vitam
3290 4496 3441 4538 suam
3466 4484 3520 4537 in
3549 4483 3781 4539 luxuria:
3804 4484 3877 4538 fe-

2294 4582 2414 4627 tore
2439 4572 2783 4627 concluduut.
2839 4572 2980 4628 Nulli
3023 4573 3168 4630 enim
3218 4575 3338 4629 usui
3385 4583 3571 4644 aptum
3599 4585 3874 4645 repertum

2293 4672 2406 4728 est;
2452 4665 2577 4733 quia
2623 4673 2680 4719 et
2725 4665 2983 4720 Domitius
3038 4665 3157 4719 ait:
3192 4663 3357 4720 Nemo
3406 4665 3617 4719 mittens
3661 4682 3872 4721 "ianum

2294 4772 2445 4808 suam
2475 4755 2544 4808 ad
2567 4766 2827 4821 aratrum,
2858 4767 2907 4810 et
2939 4755 3215 4826 respiciens
3249 4764 3405 4820 retro,
3436 4764 3592 4825 aptus
3620 4766 3698 4809 est
3721 4772 3869 4826 regno

2296 4845 2396 4899 Dei
2420 4844 2572 4915 (Luc.
2598 4846 2698 4916 ix).
2728 4846 2807 4901 Ac
2837 4846 2881 4900 si
2915 4855 3099 4915 aperte
3122 4846 3266 4901 dicat
3299 4864 3313 4901 :
3352 4846 3612 4916 Quisquis
3638 4846 3870 4901 dictante

2297 4935 2377 4988 sui
2403 4933 2610 4989 ordinis
2648 4934 2829 5004 regula
2855 4935 3127 5005 pudicitiae
3155 4933 3321 4989 semel
3361 4935 3553 5003 arripit
3587 4935 3806 4998 stivam,
3828 4935 3869 4988 si

3561 5040 3568 5041 κ
3624 5022 3682 5042 ﬂe
3730 5023 3870 5042 ...κε
