4052 6312
1694 251 1720 275 ο

274 351 413 412 1165

267 563 321 616 in
347 561 559 632 psalmo
589 581 601 616 :
639 581 657 614 ‹
692 562 948 636 Corrupti
971 574 1117 629 sunt,
1158 566 1355 636 inquit,
1379 575 1433 621 et
1456 566 1861 624 abominabiles.

264 651 391 709 lacti
423 662 547 708 sunt
573 654 625 710 in
657 655 1024 729 voluptatibus
1054 661 1167 716 suis
1193 657 1367 729 (Paul.
1393 656 1535 732 nu).
1575 681 1592 713 ι

694 761 697 763 '
883 746 1112 804 CAPUT
1149 748 1233 806 III.
1464 743 1468 748 ’

666 840 734 894 lu
757 830 977 910 epistola
999 842 1068 896 ad
1104 837 1168 898 P.
1202 844 1461 899 abbatem.

337 947 356 981 ι
394 929 590 985 Perdix
641 931 776 986 fovit
805 946 924 1002 quae
959 947 1067 988 non
1092 935 1327 1004 peperit;
1361 935 1491 992 fecit
1522 937 1759 1004 divitias,
1794 947 1849 993 et

259 1021 442 1075 nonin
465 1019 695 1090 judicio,
745 1022 801 1076 in
829 1023 1050 1080 dimidio
1081 1026 1291 1081 dierum
1318 1043 1542 1084 suorum
1581 1029 1850 1098 relinquet

257 1128 374 1179 eas,
402 1123 458 1170 et
483 1115 538 1170 in
587 1117 884 1172 novissimo
911 1132 1010 1173 suo
1046 1119 1156 1173 erit
1187 1119 1447 1190 insipiens
1474 1121 1605 1193 (λεν.
1635 1123 1791 1193 xvn).
1821 1140 1843 1174 ι

259 1201 467 1274 Nempe
506 1206 657 1261 salvo
704 1221 790 1272 eo,
820 1215 878 1261 ut
937 1207 1006 1263 de
1061 1209 1148 1264 bis
1199 1212 1291 1279 qui
1340 1211 1546 1266 alienos
1597 1211 1850 1268 furantur

257 1295 509 1352 alumnos
529 1297 634 1353 hoc
655 1299 828 1368 possit
854 1299 1103 1372 intelligi,
1135 1301 1346 1357 videtur
1383 1312 1559 1356 tamen
1588 1302 1656 1358 de
1685 1303 1848 1361 totius

258 1393 484 1441 auctore
523 1388 782 1458 nequitia:
823 1389 1197 1460 principaliter
1225 1393 1354 1448 dici.
1405 1392 1664 1450 Diabolus
1701 1395 1847 1451 enim

258 1483 521 1546 tanquam
554 1478 746 1534 doctor
766 1480 820 1534 in
846 1481 1106 1536 cathedra
1143 1482 1464 1551 pestilentia:
1489 1501 1654 1556 super
1671 1483 1846 1542 homi-

257 1580 359 1621 nes
389 1569 492 1622 sibi
536 1569 908 1640 magisterium
941 1573 1221 1643 usurpavit
1268 1589 1404 1642 quos
1436 1565 1552 1645 ipse
1581 1591 1690 1632 non
1715 1593 1845 1634 con-

258 1655 416 1722 didit,
469 1666 524 1712 et
576 1673 820 1716 errorem
875 1677 970 1717 eos
1024 1663 1267 1719 docendo
1313 1667 1470 1735 quasi
1531 1665 1661 1722 fovit
1709 1683 1845 1738 quos

254 1750 490 1803 treamlo
521 1766 627 1804 non
655 1753 881 1822 peperit.
913 1753 1062 1810 Fecit
1093 1755 1277 1826 itaque
1299 1757 1539 1824 divitias,
1579 1767 1635 1814 et
1661 1773 1766 1815 non
1790 1760 1842 1814 in

1665 354 1730 412 IN
1773 356 2137 415 JEREMIAM.

266 464 615 523 obsolescunt
639 464 694 523 in
714 467 1013 538 squalentis
1033 469 1228 524 anima:
1263 467 1527 524 lasditate.
1556 469 1630 524 De
1653 468 1849 538 quibus
1881 483 1928 540 Α

3392 370 3532 428 1166

2580 473 2805 532 CAPUT
2848 475 2910 530 V.

1949 583 2014 639 In
2039 586 2256 655 epistola
2303 588 2369 642 ad
2398 588 2462 642 P.
2497 589 3021 664 arclrlpresbylerum,
3053 609 3208 662 super
3244 595 3537 664 egressione

1973 701 1981 706 .
2463 660 2654 714 anima:
2677 661 2741 714 de
2779 660 3010 731 corpore.

2023 769 2043 803 ι
2072 747 2247 817 Ecce,
2279 750 2356 805 ait
2385 749 2675 816 Dominus,
2707 752 2916 808 mittam
2954 752 3008 806 in
3044 768 3136 810 eos
3165 753 3240 824 (in
3273 755 3419 812 cives
3443 757 3530 810 vi-

1949 840 2142 897 delicet
2169 839 2531 912 Hierusalem)
2549 841 2806 909 gladium,
2828 851 2883 897 et
2902 841 3120 910 famem,
3147 855 3204 900 et
3228 856 3460 916 pestem,
3481 855 3538 902 et

1949 944 2108 990 erunt
2144 935 2198 990 in
2231 934 2690 1000 maledictionem,
2725 943 2781 990 et
2809 944 3105 1005 stuporem,
3136 947 3191 993 et
3216 939 3271 994 in
3295 937 3532 1001 sibilum.

1949 1035 2004 1081 et
2038 1027 2092 1081 in
2119 1026 2492 1097 opprobrium.
2523 1045 2543 1078 ι
2569 1024 2679 1082 Cur
2713 1027 2914 1081 sithoc
2949 1027 3171 1095 factum,
3199 1030 3538 1099 aperit,eum

1950 1115 2264 1186 subjungit:
2303 1133 2323 1166 ι
2350 1115 2427 1171 Eo
2458 1114 2602 1185 quod
2643 1129 2750 1171 non
2798 1114 3090 1181 audierint,
3120 1117 3317 1187 inquit,
3370 1118 3536 1173 verba

1952 1218 2091 1269 mea,
2115 1219 2236 1274 quae
2261 1204 2387 1261 misi
2417 1205 2483 1259 ad
2505 1219 2598 1260 eos
2623 1219 2722 1274 per
2749 1218 2935 1270 servos
2957 1219 3108 1261 meos
3131 1208 3447 1276 prophetas,
3465 1208 3533 1262 de

1950 1303 2108 1350 nocte
2134 1309 2470 1366 consurgens
2494 1305 2551 1350 et
2587 1296 2810 1376 mittens
2830 1294 2975 1376 ’(Jer.
3003 1283 3179 1364 nu).
3209 1317 3228 1349 ι
3260 1298 3414 1365 Quod
3442 1315 3539 1354 au-

1951 1395 2058 1442 tem
2088 1386 2243 1452 dicit,
2274 1387 2340 1442 de
2382 1397 2542 1442 nocte
2583 1402 2942 1459 consurgens,
2974 1388 3221 1444 mittendi
3271 1390 3542 1474 sollieituj

1950 1475 2130 1531 dinem
2157 1475 2360 1531 indicat
2388 1484 2445 1531 et
2465 1474 2807 1531 velocitatem
2834 1485 2894 1530 ut
2933 1490 3040 1529 non
3073 1477 3126 1530 in
3154 1476 3300 1532 verbi
3335 1478 3534 1547 praedi-

1948 1567 2246 1634 catoribus,
2275 1566 2371 1623 sed
2401 1567 2455 1622 in
2511 1565 2853 1621 auditoribus
2885 1567 3064 1636 potius
3104 1575 3290 1638 torpor
3320 1568 3537 1624 desidia:

1949 1659 2130 1714 valeat
2154 1657 2410 1715 inveniri.
2440 1657 2575 1714 Cum
2625 1657 2812 1728 itaque
2865 1658 3007 1715 Deus
3051 1659 3395 1740 omnipotens
3439 1660 3541 1743 lin-7

1951 1766 2112 1806 mano
2141 1765 2295 1806 more
2323 1749 2637 1805 hominibus
2694 1749 2952 1819 loquens,
2986 1750 3054 1804 de
3101 1759 3260 1806 nocte
3305 1766 3539 1824 censure

256 1840 495 1908 judicio;
513 1843 637 1912 quia
657 1845 784 1899 dum
817 1845 978 1902 rebus
1003 1848 1163 1904 alieni
1186 1848 1330 1917 juris
1357 1851 1624 1907 ditescere
1653 1851 1840 1915 voluit,
1878 1837 1921 1896 Β
1949 1845 2155 1900 ι’θιὶδεθ
2181 1858 2241 1899 $8
2271 1857 2335 1899 ac
2362 1856 2458 1912 Per
2485 1841 2590 1897 hoc
2613 1842 2772 1911 quasi
2813 1857 3060 1897 δοιηηυῐη
3091 1857 3150 1899 se
3182 1843 3538 1913 Ῐηιθΐνυβίεδθ

252 1932 810 2003 :equitatisjudieium
844 1938 1154 2004 temeravit;
1187 1940 1281 1995 sed
1301 1939 1355 1994 in
1385 1938 1610 1996 dimidio
1631 1941 1839 1998 dierum

252 2038 479 2078 suorum
528 2024 797 2095 relinquet
839 2042 955 2083 eos.
991 2028 1249 2085 Diabolus
1295 2031 1441 2086 enim
1485 2032 1639 2102 quasi
1665 2033 1840 2088 adhuc

250 2115 404 2182 vivit,
435 2113 562 2168 dum
588 2132 711 2172 eum
735 2117 907 2173 ultimi
931 2118 1118 2188 judicii
1145 2122 1352 2191 glalius
1384 2123 1613 2178 necdum
1651 2133 1834 2178 trans-

251 2206 407 2262 fudit.
434 2205 678 2262 Nondum
721 2209 902 2279 itaque
945 2221 1192 2268 mortuus
1227 2227 1356 2268 suas
1379 2212 1725 2284 divitiasjam
1757 2229 1840 2269 re«

250 2298 475 2368 linquit;
504 2300 762 2369 quoniam
790 2307 856 2356 ad
897 2302 1214 2359 Creatorem
1243 2320 1400 2361 suum
1441 2319 1611 2376 genus
1643 2306 1834 2360 huma-

251 2407 381 2445 num
411 2406 478 2446 ex
525 2393 763 2454 maxima
788 2403 943 2465 parte
981 2395 1093 2466 jam
1123 2396 1304 2453 rediit.
1334 2397 1392 2453 In
1421 2398 1716 2454 novissimo
1745 2415 1839 2453 au-

252 2490 360 2536 tem
396 2497 494 2538 suo
518 2484 622 2538 erit
650 2484 1138 2557 insipiens,.quem,
1187 2489 1330 2544 sicut
1374 2488 1664 2561 Apostolus
1721 2489 1836 2545 ait:

253 2595 273 2628 ι
315 2577 578 2635 Dominus
604 2579 763 2637 Jesus
813 2582 1103 2638 interliciet
1131 2585 1323 2655 spiritu
1371 2585 1484 2640 oris
1522 2585 1627 2652 sui,
1663 2592 1716 2640 et
1741 2585 1839 2640 de-

248 2661 821 2730 struef’illustratione
847 2675 1111 2732 adventus
1139 2677 1223 2732 sui
1276 2675 1362 2747 (11
1404 2675 1583 2731 Thess.
1613 2675 1674 2748 l).
1714 2697 1732 2731 ι
1773 2677 1839 2732 Et

244 2760 512 2830 pr0pheta
543 2779 556 2815 :
597 2781 615 2816 ι
643 2761 871 2834 Spiritu,
896 2764 1093 2835 inquit,
1119 2763 1387 2822 Iabiorum
1410 2782 1632 2822 suorum
1667 2767 1836 2824 inter-

245 2850 395 2909 ﬂciet
443 2855 666 2925 impium
698 2853 854 2926 (Isai.
895 2856 995 2928 ιι).
1026 2877 1046 2910 ι
1081 2857 1255 2915 Ilomo
1302 2859 1466 2932 igitur
1514 2861 1836 2932 magistrum

243 2943 448 2998 deserit
469 2945 754 3001 abusivum
809 2956 865 3003 et
895 2949 1035 3004 redit
1056 2949 1122 3005 ad
1149 2950 1450 3021 proprium,
1484 2967 1604 3007 cum
1637 2967 1835 3007 novum

242 3032 471 3088 damnat
512 3049 754 3090 errorem
799 3044 854 3092 et
883 3036 952 3092 ad
1002 3053 1112 3094 sua:
1163 3040 1456 3095 revertitur
1507 3039 1836 3097 conditionis

239 3123 532 3193 originem.
590 3123 742 3180 Unde
781 3125 892 3181 illic
947 3135 1071 3198 apte
1115 3127 1462 3198 subiungitur
1503 3146 1516 3182 :
1561 3147 1579 3182 ι
1628 3129 1833 3186 Solium

239 3211 430 3282 gloria:
457 3213 762 3270 altitudinis
798 3231 828 3270 a
870 3217 1160 3288 principio,
1194 3217 1344 3274 locus
1388 3218 1834 3276 sanctiﬁcationis
1863 3217 1907 3280 C
1941 3226 2273 3290 tempserunt
2320 3238 2334 3274 :

247 3315 468 3373 nostrae,
499 3308 836 3378 exspectatio
863 3308 1028 3365 Israel
1054 3309 1190 3380 (Jer.
1222 3310 1375 3383 χιιι).
1400 3331 1418 3364 ι
1451 3312 1594 3368 Deus
1630 3312 1831 3384 itaque,

237 3396 334 3467 qui
355 3406 436 3450 est
445 3398 771 3469 principium
798 3399 1004 3470 glorise,
1025 3401 1139 3472 ipse
1165 3411 1249 3457 est
1271 3403 1605 3473 eaSjiectatio
1623 3403 1788 3460 Israel
1814 3422 1828 3469 ;

239 3490 496 3559 quoniam
521 3505 552 3544 a
598 3507 706 3562 quo
749 3508 919 3564 genus
948 3495 1243 3552 humanum
1267 3498 1464 3568 prodiit
1500 3484 1598 3569 per
1645 3501 1832 3555 condi-

240 3582 406 3638 tionis
433 3585 726 3640 revertitur
755 3598 1177 3644 sacramentum.
1207 3590 1310 3657 Qui
1343 3576 1472 3662 ergo
1518 3593 1745 3649 sedebat
1774 3594 1824 3647 in

239 3671 378 3728 solio
403 3673 589 3744 gloriae
618 3675 920 3734 altitudinis
945 3697 975 3734 a
1014 3682 1286 3752 principio
1317 3692 1372 3738 et
1399 3683 1677 3741 hominem
1704 3686 1830 3742 edo-

239 3767 417 3829 cebat,
449 3768 564 3838 ipse
585 3777 668 3823 est
703 3773 1038 3839 exspectatio
1063 3773 1248 3838 Israel,
1276 3784 1332 3828 ut
1378 3776 1433 3830 in
1481 3777 1600 3834 loco
1622 3782 1825 3834 sancti-

240 3857 507 3914 ﬁcationis
533 3868 749 3926 nostras,
783 3861 836 3915 id
866 3869 972 3927 est,
999 3862 1054 3917 in
1083 3873 1271 3919 sancta
1297 3866 1537 3922 Ecclesia
1573 3870 1824 3925 eumdem

241 3947 517 4003 hominem
568 3949 762 4004 iterum
814 3951 1024 4006 doceat.
1061 3951 1212 4009 Unde
1255 3969 1350 4023 per
1379 3955 1721 4013 Psalmistam
1746 3958 1822 4013 di-

235 4035 424 4091 citur:
464 4056 482 4089 ι
520 4039 958 4096 Reminiseentur
1007 4053 1062 4098 et
1105 4052 1492 4100 convertentur
1530 4046 1599 4102 ad
1645 4048 1826 4102 Durni-

240 4144 372 4184 num
397 4129 634 4186 universi
663 4131 796 4188 lines
829 4142 1008 4200 terrae,
1031 4143 1086 4190 et
1108 4134 1410 4191 adorabunt
1444 4137 1500 4193 in
1531 4150 1820 4209 conspectu

233 4220 352 4292 ejus
397 4237 588 4280 omnes
632 4225 822 4294 patriae
851 4225 1095 4297 gentium
1123 4225 1297 4300 (Psal.
1331 4232 1468 4298 xxi).
1493 4247 1510 4280 ι
1566 4229 1824 4301 Quisquis

233 4327 367 4384 ergo
394 4312 627 4368 alienum
645 4315 784 4370 tollit
806 4316 1002 4372 violata
1018 4318 1121 4374 lide
1141 4317 1483 4388 discipulum,
1497 4318 1820 4376 Antichristi

235 4404 422 4473 procul
447 4405 610 4460 dubio
649 4406 896 4461 imitatur
923 4409 1253 4478 exemplum.
1281 4408 1347 4463 Et
1371 4409 1514 4464 sicut
1544 4409 1656 4478 ille,
1677 4413 1818 4480 quod

234 4495 469 4551 alienum
500 4508 604 4562 est,
637 4515 787 4554 more
819 4499 1054 4570 perdicis
1103 4501 1332 4567 amittit;
1366 4501 1446 4556 sic
1500 4502 1626 4568 iste,
1674 4505 1816 4573 quod

1945 1939 2321 2010 conqueritur;
2349 1937 2494 2008 quod
2519 1936 2676 1992 nobis
2711 1936 3062 2006 opprobrium
3093 1937 3236 1991 valet
3260 1936 3526 2006 objicere,

1943 2032 1988 2086 si
2014 2031 2170 2087 nobis
2199 2031 2250 2085 in
2297 2032 2487 2084 ultimo
2531 2027 2876 2084 necessitatis
2922 2027 3162 2096 periculo
3211 2026 3528 2083 constitutis

1945 2121 2092 2178 velut
2119 2122 2234 2178 haec
2260 2120 2554 2191 per-merito
2587 2119 2941 2190 responderet
2966 2134 2980 2172 :
3008 2119 3123 2190 Ego
3158 2127 3381 2189 prepter
3409 2133 3532 2184 vos,

1944 2231 2069 2270 cum
2099 2230 2280 2271 essem
2306 2214 2550 2278 Creator,
2583 2211 2761 2268 lactus
2790 2227 2910 2268 sum
2965 2221 3244 2277 creatura;
3275 2227 3380 2284 ego
3409 2227 3535 2281 pro-

1943 2314 2065 2377 pter
2112 2322 2210 2363 vos
2265 2306 2548 2363 irrisiones
2603 2313 2659 2361 et
2705 2303 2996 2376 opprobria
3038 2305 3262 2376 pertuli;
3312 2319 3532 2361 crucem

1942 2395 2084 2452 subii
2117 2404 2173 2452 et
2198 2405 2392 2452 cuncta
2413 2412 2536 2467 qua:
2561 2395 2714 2452 vobis
2745 2395 3085 2452 debebantur
3110 2404 3377 2452 tormenta
3409 2413 3526 2468 per-

1942 2488 2119 2552 curri;
2150 2504 2246 2544 vos
2283 2497 2462 2543 tamen
2486 2501 2588 2547 me
2633 2501 2738 2543 non
2766 2485 2994 2543 audistis
3022 2496 3078 2543 et
3106 2486 3237 2558 legis
3271 2503 3403 2544 mea:
3431 2504 3535 2544 cac—

1944 2580 2216 2638 remonias
2245 2589 2302 2637 et
2355 2580 2610 2636 mandata
2660 2579 2964 2649 sprevistis.
2997 2578 3168 2637 Porro
3199 2581 3244 2637 si
3276 2579 3386 2636 illis
3430 2579 3532 2635 im-

1940 2672 2267 2744 properabat
2310 2687 2498 2728 servos
2539 2687 2572 2725 a
2623 2686 2684 2728 se
2717 2671 2936 2738 missos,
2979 2680 3183 2742 quanto
3239 2670 3534 2726 terribilius

1941 2765 2100 2824 nobis
2148 2764 2541 2835 improperabit
2568 2763 2957 2834 semetipsum?
3011 2763 3070 2818 Si
3120 2763 3226 2817 illis
3279 2777 3530 2836 somnum

1941 2855 2342 2926 improperabat
2373 2855 2756 2924 interruptum,
2805 2863 3010 2923 quanto
3055 2856 3228 2926 magis
3255 2854 3410 2912 nobis
3436 2871 3528 2909 va-

1940 2943 2015 2999 let
2053 2943 2316 3014 objicere,
2367 2959 2427 3000 se
2470 2959 2569 3014 pro
2616 2944 2773 3000 nobis
2809 2955 3088 2999 mortuum
3117 2959 3180 2999 ac
3221 2945 3526 3015 sepultum?

1928 3034 2055 3091 Non
2086 3036 2280 3091 liberat
2309 3037 2450 3092 Deus
2473 3034 2688 3092 Iudaeos
2730 3035 3046 3091 vallantium
3090 3036 3327 3090 hostium
3377 3036 3529 3091 obsi-

1941 3127 2100 3183 dione
2120 3128 2431 3194 conclusos,
2459 3129 2586 3200 quia
2613 3129 2913 3184 destinatos
2954 3129 3021 3183 ad
3051 3141 3108 3182 se
3138 3127 3369 3183 famulos
3399 3143 3530 3183 con-

2381 3229 2437 3276 et
2489 3221 2760 3290 quomodo
2810 3219 3152 3277 Christianos
3197 3219 3381 3275 audiet
3435 3221 3528 3289 qui

1940 3309 2106 3364 missa
2137 3325 2232 3380 per
2254 3309 2451 3375 Filium
2497 3311 2812 3380 evangelica
2853 3319 3117 3381 praecepta
3174 3313 3530 3380 spreverunt?

1944 3397 2080 3456 Nam
2111 3400 2203 3470 qui
2233 3415 2340 3456 non
2365 3401 2516 3456 audit
2541 3401 2733 3467 Deum,
2761 3416 2865 3456 non
2895 3402 3113 3456 auditur
3136 3417 3164 3455 a
3194 3402 3323 3457 Deo.
3352 3400 3528 3459 Unum

1935 3497 2019 3544 est
2048 3491 2191 3559 quod
2223 3504 2377 3546 mens
2407 3490 2670 3562 cujusque
2699 3490 2873 3548 fidelis
2907 3492 3065 3547 debet
3111 3491 3328 3548 assidue
3355 3499 3411 3547 et
3438 3507 3526 3548 so-

1934 3580 2102 3636 lerter
2120 3581 2419 3647 attendere,
2441 3591 2495 3637 et
2512 3582 2655 3636 intra
2679 3581 3030 3652 semetipsum
3053 3581 3290 3638 sollicita
3311 3596 3526 3652 semper

1934 3670 2281 3741 inquisitione
2331 3687 2550 3728 versare
2591 3690 2604 3727 :
2654 3672 2866 3728 scilicet
2918 3681 3097 3728 utrum
3143 3673 3355 3743 placeat
3413 3673 3524 3727 Deo

1932 3760 2076 3829 quod
2104 3760 2216 3831 egit
2265 3770 2322 3817 et
2366 3777 2433 3816 an
2482 3763 2538 3817 in
2567 3764 2685 3833 ejus
2713 3762 2826 3817 vita
2859 3763 3000 3817 Deus
3039 3762 3122 3817 vel
3153 3763 3410 3832 operibus
3430 3762 3524 3818 de-

1932 3852 2184 3906 lectetur.
2217 3852 2356 3919 Quid
2376 3854 2522 3908 enim
2549 3855 2772 3921 prodest
2795 3853 3057 3922 quidquid
3091 3853 3256 3908 faciat
3287 3854 3452 3909 homo
3475 3855 3521 3909 si

1931 3940 2035 3996 hoc
2061 3957 2166 3995 non
2191 3941 2402 4009 placeat
2423 3941 2570 3997 Deo?
2600 3942 2692 3997 Sic
2724 3943 2791 3996 de
2832 3942 3004 3996 David
3029 3943 3231 3997 dicitur
3257 3960 3269 3995 :
3310 3961 3329 3993 ι
3363 3942 3522 4010 Quee-

1927 4031 2054 4085 sivit
2074 4031 2177 4086 sibi
2211 4030 2352 4087 Deus
2400 4031 2577 4086 virum
2624 4031 2780 4102 juxta
2809 4047 2906 4086 cor
2952 4046 3110 4088 suum
3156 4031 3240 4104 (II
3267 4031 3400 4104 Reg.
3428 4049 3519 4098 ιιι;

1927 4121 2041 4175 Act.
2072 4121 2213 4190 xm).
2246 4140 2264 4173 ι
2293 4119 2430 4176 Nam
2455 4122 2500 4177 si
2544 4137 2686 4176 nunc
2708 4121 2970 4177 Conditor
3000 4138 3106 4178 non
3131 4122 3435 4179 delectatur
3465 4124 3518 4178 in

1927 4214 2166 4279 homine,
2201 4215 2362 4270 homo
2403 4215 2745 4285 postmodum
2781 4215 3040 4272 delectari
3071 4232 3176 4272 non
3209 4218 3411 4288 poterit
3451 4217 3510 4272 in

1922 4306 2232 4362 Conditore.
2269 4305 2423 4363 Unde
2446 4307 2642 4379 legitur
2671 4309 2724 4363 in
2768 4308 2878 4363 vita
2931 4308 3191 4364 Patrum:
3224 4308 3360 4377 Quia
3393 4323 3518 4364 cum

1922 4397 2091 4453 l'alsus
2120 4398 2339 4467 quidam
2370 4397 2609 4454 famosus
2648 4407 2703 4454 et
2736 4399 2913 4470 magni
2959 4400 3193 4456 nominis
3245 4399 3520 4455 solitarius

1922 4488 2309 4559 propinquaret
2349 4489 2414 4546 ad
2447 4490 2674 4558 exitum,
2718 4499 2987 4549 tartareus
3028 4492 3094 4548 ad
3133 4508 3255 4549 eum
3295 4493 3520 4566 spiritus

235 4600 552 4658 usurpatum
580 4601 684 4658 est,
739 4593 1012 4664 aequitatis
1047 4593 1439 4652 interveniente
1472 4592 1673 4661 judicio
1709 4611 1812 4651 non

1935 4556 2070 4633 venit
2093 4556 2185 4649 qui
2217 4579 2510 4636 tridentem
2554 4556 2772 4653 igneum
2816 4583 2870 4637 in
2913 4583 3164 4640 manibus
3212 4556 3424 4652 attulit;
3462 4594 3518 4640 et

235 4679 454 4735 tenebit.

847 4773 1075 4832 CAPUT
1117 4777 1206 4832 IV.

496 4862 563 4918 In
589 4863 809 4933 epistola
837 4868 903 4919 ad
932 4867 1227 4923 cardinales
1254 4872 1536 4942 episcopos.

304 4949 420 5007 Non
475 4953 692 5021 sullicit,
748 4972 870 5012 cum
921 4973 952 5011 a
1000 4958 1212 5014 diabolo
1263 4971 1466 5032 raptus,
1519 4965 1585 5018 ad
1641 4965 1809 5022 Deum

231 5042 461 5112 quisque
498 5045 584 5114 pia
632 5046 918 5102 devotione
948 5051 1303 5118 convertitur,
1335 5054 1438 5110 nisi
1485 5072 1609 5112 mox
1647 5057 1808 5112 etiam

237 5152 268 5190 a
293 5145 468 5192 status
489 5139 570 5191 sui
599 5139 818 5207 duritia,
871 5144 1025 5210 quasi
1076 5144 1268 5200 crebro
1311 5157 1511 5202 sancta:
1545 5149 1806 5218 praedica-

232 5230 393 5284 tionis
444 5231 637 5287 malleo
707 5243 1038 5290 conteratur.
1106 5236 1256 5292 Unde
1323 5253 1418 5309 per
1470 5238 1805 5295 Jeremiam:

235 5338 252 5368 ι
298 5317 548 5388 Nunquid
574 5337 679 5377 non
730 5324 896 5378 verba
948 5340 1067 5379 inea
1117 5334 1244 5380 sunt
1285 5329 1440 5397 quasi
1487 5327 1648 5398 ignis,
1679 5330 1811 5386 dicit

231 5408 520 5472 Dominus,
575 5421 630 5466 et
675 5413 829 5480 quasi
895 5414 1119 5470 malleus
1167 5425 1453 5473 conterens
1503 5421 1745 5488 petram?
1781 5441 1800 5473 ι

230 5496 366 5569 (Jer.
396 5503 579 5570 nm.)
615 5500 788 5558 Verba
813 5505 1013 5574 quippe
1060 5508 1268 5562 Domini
1295 5507 1449 5579 quasi
1501 5510 1636 5580 ignis
1657 5520 1803 5578 sunt,

226 5591 354 5661 quia
378 5589 550 5663 frigus
577 5595 871 5663 expellunt,
901 5597 1066 5668 259
1099 5599 1333 5655 calorem
1366 5602 1638 5658 mentibus
1659 5605 1804 5674 inge-

226 5694 378 5750 runt;
405 5687 629 5742 malleus
654 5698 834 5744 autem
865 5701 1009 5754 sunt,
1047 5694 1300 5762 quoniam
1332 5695 1708 5752 obstinationis
1753 5708 1806 5752 et

226 5777 542 5846 pervicacia:
566 5778 818 5835 duritiam
853 5783 1116 5838 molliunt.

1920 4686 2047 4730 ecce
2081 4686 2185 4726 vox
2209 4673 2278 4726 ad
2304 4687 2428 4728 eum
2455 4673 2593 4728 facta
2625 4683 2707 4730 est
2733 4693 2745 4728 :
2773 4673 2945 4740 Sicut,
2975 4675 3166 4745 inquit,
3201 4675 3378 4730 anima
3410 4676 3513 4732 ista

1921 4762 2003 4818 vel
2031 4779 2134 4818 una
2183 4765 2314 4838 hora
2361 4781 2447 4821 me
2501 4767 2554 4820 in
2600 4781 2657 4822 se
2706 4767 3044 4836 requiescere
3088 4783 3192 4822 non
3245 4767 3513 4838 permisit,

1919 4855 1999 4910 sic
2021 4869 2199 4925 neque
2224 4864 2279 4911 tu
2307 4858 2619 4914 miserearis
2667 4858 2904 4915 evellens
2934 4874 3072 4914 eam.
3100 4860 3249 4913 Tunc
3278 4874 3510 4928 nequam

1918 4946 2144 5018 spiritus
2171 4948 2460 5004 tridentem
2492 4949 2706 5020 igneum
2731 4950 2884 5005 cordi
2927 4949 3210 5005 morientis
3233 4949 3427 5015 inﬁxit,
3457 4959 3512 5005 et

1917 5039 2155 5094 animam
2179 5041 2315 5110 ejus,
2347 5041 2487 5098 sicut
2513 5049 2631 5098 erat
2657 5042 2862 5115 jussus,
2895 5041 3107 5097 evulsit.

2433 5155 2596 5225 230
2633 5153 2861 5210 CAPUT
2903 5153 2988 5208 Vl.
3030 5140 3034 5164 ‘
3089 5161 3093 5164 ·

1914 5242 1979 5296 In
2006 5243 2224 5312 epistola
2269 5244 2338 5297 ad
2384 5244 2572 5302 fratres
2614 5244 2899 5311 Sanvicini,
2950 5246 3038 5299 ubi
3080 5246 3148 5299 ad
3191 5245 3499 5315 patientiores

2570 5325 2834 5384 provocat.

1986 5426 2099 5483 Duo
2137 5437 2282 5494 sunt,
2333 5444 2453 5498 quae
2504 5429 2547 5482 si
2605 5429 2882 5498 vigilanter
2923 5431 3270 5496 attendimus,
3333 5430 3491 5487 facile

1914 5519 2268 5574 vioiéntorum
2307 5520 2668 5588 quorumlibet
2713 5520 3026 5576 insolentias
3062 5523 3488 5593 injuriarumqne

1913 5609 2185 5664 molestias
2241 5625 2596 5680 superamus:
2630 5624 2896 5681 pra‘cepta
2921 5613 3171 5669 videlicet
3219 5625 3273 5670 et
3299 5631 3486 5670 exem-

1881 5695 2015 5770 'pla.
2050 5702 2182 5769 Quia
2209 5711 2264 5756 et
2301 5701 2594 5773 Scriptura:
2633 5712 2832 5761 sanctae
2862 5722 2958 5762 nos
2988 5707 3054 5762 ad
3107 5707 3480 5775 paenitentiam

1910 5790 2294 5859 cohortantur;
2352 5801 2406 5846 ct
2446 5793 2603 5848 electi
2657 5795 2856 5866 quique
2910 5795 3168 5866 quidquid
3201 5810 3229 5849 a
3267 5793 3483 5853 furiosis
