4052 6312
599 392 741 452 “67

1497 396 1999 455 COLLECTANEA
2023 397 2092 455 IN
2132 397 2362 456 VETUS
2401 397 2949 458 TESTAMENTUM.

3757 397 3879 457 “68

596 507 797 564 diaboli
822 506 1083 564 membris
1108 505 1296 564 inferri
1326 508 1501 579 potuit
1545 512 1921 580 aequanimiter
1950 512 2187 585 pertule-
2212 516 2261 577 Α
2290 522 2382 569 tur
2403 514 2686 587 iutemplo,
2710 527 2761 573 et
2781 516 2946 588 magis
2968 515 3240 572 houorasti
3258 515 3399 585 filios
3431 524 3557 582 tuos,
3576 531 3747 587 quam
3765 520 3884 573 me!

598 611 745 659 runt.
778 599 912 657 Nam
945 600 1087 671 quod
1126 600 1321 657 divinis
1371 602 1834 660 admonitionibus
1884 616 1935 661 ct
1976 621 2181 677 praece—

596 691 837 747 dentium
873 690 1137 761 exemplis
1165 689 1353 759 adjuti,
1390 692 1456 745 de
1501 692 1769 761 profundo
1820 695 1975 749 nobis
2024 694 2184 751 illatae

601 780 966 837 tribulationis
996 781 1280 851 eripimur,
1320 791 1469 838 recte
1519 782 1755 839 Jeremia
1804 787 2073 855 prepheta
2116 787 2216 842 de.

597 880 764 944 puteo
809 874 1133 943 prodeunte,
1192 873 1485 943 signatur:
1520 894 1540 927 ι
1570 875 1916 945 Projecerant
1984 878 2187 950 quippe

570 974 741 1032 ‘eum,
783 966 924 1022 sicut
954 965 1236 1037 Scriptura
1271 976 1519 1031 testatur.
1554 967 1605 1023 in
1634 969 1831 1037 laeum,
1857 971 1913 1026 in
1943 987 2054 1041 quo
2078 987 2184 1027 non

594 1067 715 1114 erat
740 1073 902 1128 aqua,
928 1059 1024 1113 sed
1069 1058 1273 1125 lutum;
1308 1060 1399 1129 qui
1447 1061 1817 1130 postmodum,
1863 1074 1925 1117 ut
1956 1064 2185 1130 levetur,

593 1147 756 1205 funes
784 1149 853 1207 ad
892 1164 1037 1216 cum,
1084 1158 1140 1206 et
1189 1151 1356 1220 panni
1409 1164 1621 1209 veteres
1671 1154 2017 1224 deponuntur
2048 1156 2181 1227 (Jer.

594 1242 850 1311 xxxvttt).
882 1259 903 1293 ι
939 1241 1077 1310 Quid
1105 1241 1251 1298 enim
1285 1243 1526 1309 funibus,
1562 1246 1666 1300 nisi
1691 1256 1961 1317 praecepta
1992 1247 2183 1304 Domi—

596 1330 719 1386 nica
760 1332 1099 1404 ﬁgurantur?
1125 1332 1258 1400 Quae
1284 1333 1411 1404 quia
1451 1349 1552 1390 nos
1577 1334 1631 1389 in
1683 1334 1823 1390 mala
1869 1336 2188 1406 operatione

588 1419 804 1488 positos
829 1424 885 1475 et
916 1420 1269 1477 convineiunt
1324 1430 1380 1477 et
1437 1423 1698 1494 eripiunt,
1755 1425 1913 1495 quasi
1943 1426 2110 1498 ligant
2132 1435 2190 1483 et

594 1511 841 1576 trahunt,
867 1520 1150 1568 coarctant
1171 1520 1223 1568 et
1261 1512 1472 1579 levant;
1505 1515 1599 1569 sed
1629 1530 1695 1571 ne
1740 1516 1939 1585 ligatus
1974 1516 2060 1571 his
2098 1516 2187 1572 fu-

597 1599 761 1655 nibus
785 1600 914 1654 dum
943 1600 1196 1666 trahitur,
1238 1601 1531 1668 incidatur,
1576 1603 1737 1658 simul
1771 1605 1937 1659 etiam
1974 1613 2188 1662 veteres

595 1689 762 1760 panni
789 1691 1155 1760 deponuntur:
1188 1692 1317 1763 quia
1350 1707 1421 1751 ne
1446 1693 1628 1748 divina
1658 1704 1927 1766 praecepta
1955 1710 2056 1751 nos
2077 1703 2188 1751 ter-

584 1788 771 1845 ‘reant,
800 1782 1144 1851 antiquorum
1176 1782 1396 1838 Patrum
1427 1797 1524 1840 nos
1567 1785 1814 1856 exempla
1851 1785 2183 1870 contortam,

2284 603 2309 676 (
2336 603 2365 658 1
2392 604 2522 676 Reg.
2553 606 2640 677 ιι.)
2670 605 2727 663 Si
2750 622 2881 678 ergo
2910 606 2989 661 Eli
3023 615 3242 676 propter
3270 607 3404 662 duos
3422 605 3689 661 duntaxat
3718 607 3878 673 ﬁlios,

2285 711 2422 766 quos
2453 713 2557 751 non
2591 712 2654 752 ea
2693 712 2803 768 qua
2832 697 2981 769 digni
3028 706 3187 752 erant
3238 696 3543 751 invectioue
3591 697 3882 767 corripuit,

2286 804 2408 843 cum
2430 789 2509 844 eis
2532 789 2693 843 simul
2717 798 2908 845 etcum
2935 798 3011 846 tot
3026 788 3305 844 hominum
3320 788 3668 843 multitudine
3681 789 3881 858 periit;

2287 897 2393 952 qua
2453 882 2790 937 arbitramur
2820 883 3184 957 dignos‘essc
3228 881 3495 935 sententia
3530 882 3629 949 qui
3670 882 3727 933 in
3767 881 3884 934 aula

2286 974 2655 1031 ecclesiastica
2722 983 2779 1029 et
2835 974 2987 1029 soliis
3034 973 3396 1045 judicantium
3458 974 3780 1043 praesident,
3834 982 3887 1026 et

2287 1079 2449 1135 super
2485 1080 2594 1119 non
2636 1065 2834 1136 ignmis
2876 1081 3170 1136 pravorum
3228 1065 3504 1120 hominum
3558 1063 3889 1120 criminibus

2289 1157 2506 1213 tacent?
2541 1156 2645 1222 Qui
2693 1156 2822 1212 dum
2880 1157 3243 1212 dehonestare
3290 1156 3539 1210 homines
3577 1156 3632 1209 in
3668 1153 3889 1224 publica

2288 1257 2560 1312 metuunt,
2588 1248 2655 1303 ad
2681 1249 3069 1305 contumeliam
3098 1248 3319 1319 superni
3343 1246 3547 1319 iudicis
3572 1246 3780 1302 divinae
3809 1244 3890 1300 le~

2289 1341 2373 1412 gis
2397 1341 2651 1398 mandata
2677 1339 3042 1399 confundunt.

2888 1495 3118 1553 CAPUT
3146 1492 3275 1550 Vlll.

2645 1610 2718 1667 In
2743 1610 2964 1682 epistola
2982 1610 3065 1665 ad
3086 1607 3501 1663 Hermiaiudem.

2361 1680 2646 1760 Inebricuit
2664 1720 2745 1759 me
2762 1680 3040 1775 obsyntltio
3067 1701 3287 1775 (Thren.
3311 1701 3419 1771 ιιι).
3438 1699 3635 1755 Ebrius
3660 1699 3891 1771 quippe,

2289 1797 2437 1868 quod
2459 1793 2677 1862 tolerat,
2704 1795 2853 1851 velut
2875 1793 3191 1864 arreptitius
3217 1808 3353 1862 pene
3378 1791 3463 1847 vel
3487 1803 3672 1847 mente
3691 1800 3893 1860 captus

596 1879 659 1926 ut
688 1887 752 1928 ex
786 1887 974 1929 eorum
1000 1889 1098 1929 nos
1131 1875 1536 1945 comparatione
1578 1876 1767 1933 facere
1797 1891 2188 1949 praesumamus
2220 1879 2266 1939 Β
2292 1886 2531 1959 ignorat.
2564 1885 2805 1954 Quilibet
2837 1900 2970 1954 ergo
3008 1899 3299 1956 perverstts
3331 1883 3459 1938 dum
3492 1882 3682 1937 mundi
3737 1881 3890 1935 lucra

595 1966 833 2035 quodex
865 1975 1050 2022 nostra
1099 1968 1473 2025 imbecillitate
1521 1968 1899 2026 formidamus.
1950 1970 2009 2027 Si
2054 1984 2187 2042 ergo
2288 1980 2605 2053 phrenetico
2631 1980 2986 2050 concupiscit,
3012 1978 3105 2049 qui
3154 1985 3238 2034 tot
3272 1976 3552 2032 laboribus
3590 1975 3889 2047 premitur,

600 2070 701 2111 nos
749 2057 817 2113 de
839 2057 942 2113 hoc
971 2057 1237 2128 profundo
1265 2059 1582 2115 tribulantis
1605 2062 1732 2116 vitae
1760 2061 1928 2118 levari
1963 2061 2187 2119 festina-

2290 2086 2356 2130 ea
2382 2088 2514 2142 .qua:
2542 2071 2749 2143 patitur
2781 2069 2920 2125 mala
2953 2073 3059 2125 non
3106 2067 3297 2143 sentit,
3326 2068 3586 2138 quoniam
3632 2066 3705 2121 ad
3746 2080 3889 2121 cun-

596 2158 740 2213 ntus,
784 2147 1013 2220 ligemur
1039 2148 1277 2217 funibus,
1327 2151 1380 2206 id
1417 2160 1523 2218 est,
1570 2153 1859 2223 praeceptis
1892 2152 2189 2210 Dominicis

595 2240 981 2310 astringamur.
1008 2241 1264 2295 lntersint
1292 2242 1458 2298 etiam
1484 2245 1648 2314 panni
1683 2254 1894 2300 veteres
1915 2260 2039 2301 cum
2068 2244 2193 2317 qui-

597 2330 701 2385 bus
750 2330 943 2386 melius
972 2341 1263 2387 teneantur
1314 2333 1494 2399 l'uncs,
1526 2334 1579 2389 id
1616 2344 1722 2401 est,
1765 2336 2188 2403 praecedentium

594 2422 968 2477 conlortcmur
1016 2425 1302 2495 exemplis,
1346 2442 1414 2481 ne
1444 2427 1687 2485 inﬁrmos
1723 2442 1921 2486 nos'ac
1965 2430 2191 2486 timidos

595 2521 867 2582 praecepta
913 2514 1133 2568 subtilia
1184 2516 1500 2581 vulnerent,
1565 2518 1692 2573 dum
1767 2520 1967 2577 levant.
2024 2520 2191 2590 Quasi

598 2601 864 2669 quosdam
891 2616 1105 2671 pannos
1125 2614 1338 2659 veteres
1369 2600 1569 2663 Paulus
1594 2609 1869 2679 apostolus
1897 2611 2189 2684 subjunge-

602 2690 721 2757 bat,
770 2704 893 2746 cum
936 2691 1005 2747 ad
1031 2692 1390 2750 sublevandos
1435 2695 1730 2767 discipulos
1763 2702 2051 2772 praeceptis
2078 2702 2192 2759 suis

610 2779 982 2849 spiritualibus
1027 2784 1274 2856 exempla
1316 2795 1560 2842 veterum
1617 2792 2062 2857 commendaret,
2114 2793 2195 2849 di-

609 2884 742 2927 eens
775 2889 788 2926 :
825 2890 845 2925 ι
881 2869 1021 2928 Justi
1059 2874 1307 2939 ludibria,
1356 2886 1410 2931 et
1437 2879 1665 2934 verbera
1707 2883 1940 2950 experti,
1973 2884 2193 2956 insuper

602 2970 660 3016 et
691 2962 928 3029 vincula,
978 2974 1036 3021 et
1086 2980 1363 3034 carceres;
1396 2968 1619 3038 lapidati
1668 2981 1814 3039 sunt,
1863 2975 1999 3030 secti
2042 2985 2188 3042 sunt,

607 3054 795 3108 tentati
826 3063 973 3120 sunt,
1022 3055 1076 3110 in
1116 3057 1392 3113 occisione
1432 3058 1594 3129 gladii
1626 3065 1822 3119 mortui
1850 3073 1976 3143 sunt
1999 3064 2187 3137 (Hebr.

603 3144 706 3218 ιι).
749 3165 769 3199 ι
802 3146 871 3202 Ει
930 3148 1094 3218 paulo
1143 3158 1310 3221 post:
1344 3168 1365 3202 ι
1398 3150 1672 3210 Habentes
1738 3155 1924 3227 itaque
1980 3164 2187 3215 tantam

2289 2169 2377 2216 cta
2427 2159 2823 2216 delectabiliter
2852 2158 3069 2215 ducitur
3104 2158 3158 2212 in
3188 2158 3386 2228 quibus
3429 2155 3725 2227 pmnaliter
3753 2153 3894 2212 fati-

2289 2259 2470 2321 gatur.

2902 2398 3136 2461 CAPUT
3180 2399 3273 2458 IX.

2435 2518 2501 2574 In
2532 2519 2748 2589 epistola
2782 2521 2851 2573 ad
2876 2517 3179 2589 Albericunt
3199 2526 3347 2567 cara.
3385 2530 3541 2583 super
3565 2512 3743 2568 decem

2880 2586 3278 2659 qtttt’stiouibus.

2340 2699 2664 2766 Postremo,
2697 2701 2841 2771 quod
2874 2699 3091 2770 quaeris,
3138 2695 3269 2752 illud
3308 2693 3561 2771 Jeremize
3607 2693 3889 2765 prephettc

2292 2792 2423 2863 quid
2449 2793 2549 2847 sit:
2580 2811 2599 2844 ι
2632 2766 2733 2848 ΕΚ-
2768 2806 2864 2847 ore
2892 2766 3165 2846 ⁷Αιιίδείιιιί
3219 2805 3325 2844 non
3363 2766 3730 2859 .‘cgredientur
3783 2800 3891 2844 nec

2292 2879 2460 2949 bona,
2492 2896 2592 2937 nec
2624 2881 2764 2936 mala
2798 2880 3014 2951 (Thren.
3046 2877 3199 2947 vni);
3236 2897 3255 2930 ι
3298 2877 3500 2932 {annosa
3537 2876 3770 2944 qumstio
3805 2883 3891 2931 est

2294 2984 2430 3040 pene
2468 2973 2633 3028 totius
2671 2972 2948 3026 Ecclesiae.
2982 2972 3019 3024 Α
3057 2967 3306 3039 plurimis
3331 2968 3475 3021 enim
3528 2968 3799 3036 quaeritur
3835 2976 3891 3023 et

2292 3066 2523 3137 celebris
2548 3064 2720 3119 currit
2749 3078 2846 3133 per
2875 3076 2970 3118 ora
3001 3060 3315 3115 multorum.
3341 3058 3449 3115 Sed
3479 3074 3546 3114 eo
3572 3058 3843 3128 largiente
3869 3076 3886 3112 :

2297 3176 2316 3209 ι
2350 3152 2453 3225 Qui
2489 3153 2664 3227 aperit
2688 3153 2904 3215 librum,
2932 3159 2990 3206 et
3014 3150 3176 3207 solvit
3211 3149 3485 3221 signacula
3519 3148 3639 3219 ejus
3689 3148 3883 3218 (Apoc.

600 3237 911 3309 impositam
961 3241 1160 3297 nubem
1201 3243 1441 3312 testium,
1478 3245 1806 3316 deponentes
1843 3263 2005 3305 omne
2054 3267 2187 3321 pon-
2214 3246 2258 3309 (ἶ
2293 3244 2371 3316 v),
2402 3263 2421 3297 ι
2449 3244 2566 3299 ιιωο
2596 3240 2756 3297 facile
2785 3240 3014 3311 quaestio
3062 3237 3311 3304 solvitur,
3357 3240 3400 3293 si
3450 3254 3558 3293 non
3583 3238 3656 3293 ei
3704 3237 3889 3302 nobis,

607 3330 726 3391 dus,
760 3340 814 3386 et
840 3330 1202 3390 circumstans
1244 3351 1347 3393 nos
1387 3347 1693 3408 peccatum,
1722 3356 1820 3411 per
1868 3344 2185 3413 patientiam

608 3433 894 3476 curramus
907 3421 975 3477 ad
990 3424 1324 3493 propositum
1347 3427 1795 3486 nobiseertamen
1812 3431 1998 3503 (Hebr.
2016 3433 2137 3505 ιιι).
2164 3454 2183 3487 ι

600 3511 668 3566 Et
706 3513 946 3569 iterum:
979 3534 998 3569 ι
1037 3514 1364 3575 Mementote
1401 3521 1816 3590 praepositorum
1856 3531 2184 3592 vestrorum,

601 3600 695 3670 qui
724 3601 875 3656 vobis
893 3601 1056 3657 locuti
1091 3614 1218 3659 sunt
1249 3606 1476 3661 verbum
1516 3608 1636 3674 Dei,
1658 3625 1891 3680 quorum
1914 3612 2188 3669 intuentes

603 3689 814 3743 exitum
841 3693 1290 3758 conversationis,
1309 3695 1598 3751 imitamini
1621 3698 1777 3754 ﬁdem
1800 3699 1987 3771 (Hebr.
2006 3700 2146 3772 χιιι).
2162 3719 2180 3753 ι

602 3776 867 3847 Superius
914 3780 1169 3835 videlicet
1211 3782 1339 3838 dum
1366 3784 1667 3855 spiritualia
1706 3798 1973 3861 praecepta
2001 3791 2186 3864 loque-

600 3874 775 3929 retur,
799 3867 953 3937 quasi
1004 3867 1163 3924 funes
1200 3871 1455 3940 miserat;
1508 3878 1853 3946 postmodum
1895 3895 2029 3939 vero
2075 3897 2188 3938 me-

602 3970 827 4012 moraris
863 3961 1111 4030 exempla
1162 3960 1453 4030 majorum,
1506 3966 1662 4034 quasi
1722 3976 1935 4027 veteres
1978 3984 2189 4041 pannos

603 4047 913 4103 adhibebat.
945 4048 1236 4108 Enimvero
1273 4067 1465 4110 servus
1494 4053 1592 4112 Dei
1645 4065 1772 4116 tunc
1795 4059 1957 4116 debet
1993 4059 2188 4117 timere

603 4153 726 4193 cum
762 4142 1057 4210 temporale
1096 4143 1227 4213 quid
1272 4145 1537 4217 percipit;
1603 4157 1731 4206 tunc
1776 4152 2012 4222 gaudere
2062 4168 2186 4210 cum

601 4228 779 4299 perdit
811 4246 831 4283 :‘
858 4231 986 4299 quia
1015 4232 1103 4287 cui
1141 4234 1479 4303 propositum
1517 4246 1605 4294 est
1630 4239 1871 4296 caelestia
1901 4244 2185 4312 scandere,

598 4321 906 4390 expeditius
954 4324 1141 4393 procul
1186 4325 1349 4382 dubio
1392 4342 1633 4397 vacuus,
1690 4345 1852 4402 quam
1908 4335 2188 4405 gradiatur

598 4423 850 4470 οιιιιειιιε.

1207 4551 1434 4611 CAPUT
1476 4557 1581 4612 Vll.

600 4658 668 4716 In
699 4662 920 4729 epistola
949 4665 1020 4718 ad
1055 4665 1127 4720 N.
1163 4681 1380 4739 papam,
1417 4686 1574 4740 super
1624 4672 2002 4731 incontinenti‘a
2033 4676 2189 4773 gleri-

1292 4754 1496 4795 corum.

672 4875 822 4932 Sicut
842 4878 1219 4937 benedictione
1236 4879 1389 4952 digni
1404 4890 1532 4939 sunt
1550 4884 1644 4955 qui
1665 4885 1852 4957 culpas
1874 4889 2183 4959 corrigunt;

597 4969 675 5024 ita
701 4969 1054 5026 nihilominus
1078 4972 1448 5031 maledictioni
1466 4976 1828 5034 obnoxiisunt
1844 4980 1935 5049 qui
1955 4995 2187 5051 peccan-

595 5060 742 5117 tibus
755 5061 1123 5129 blandiuntur,
1152 5065 1292 5120 sicut
1316 5080 1415 5135 per
1431 5067 1589 5139 26],
1605 5071 1925 5140 prophetam
1954 5073 2153 5127 dicitur
2171 5091 2182 5126 :

598 5151 914 5210 Maledicta:
950 5157 1042 5226 qui
1083 5157 1320 5227 prohibet
1382 5158 1623 5229 gladium
1668 5177 1823 5215 suum
1852 5179 1885 5216 α
1928 5164 2188 5232 sanguine

597 5240 734 5309 (Jer.
759 5244 972 5317 xum).
1002 5245 1043 5301 Α
1076 5246 1339 5318 sanguine
1358 5249 1556 5321 quippe
1582 5248 1819 5318 gladium
1843 5267 2000 5309 suum
2048 5266 2205 5321 pror

602 5330 753 5386 hibet
776 5334 867 5400 qui
896 5349 955 5389 se
981 5336 1050 5390 ab
1081 5333 1362 5391 inferenda
1401 5337 1648 5405 reprobis
1686 5339 1863 5410 dignae
1905 5339 2190 5395 sententias

597 5418 1065 5506 animadversione
1092 5431 1330 5480 coercet.
1364 5423 1516 5481 Facti
1555 5426 1821 5497 siquidem
1848 5429 2064 5499 culpam
2093 5430 2190 5485 ha-

595 5510 692 5567 bet
716 5511 829 5582 qui,
878 5512 1021 5583 quod
1060 5524 1262 5585 potest,
1316 5516 1537 5588 negligit
1578 5519 1889 5577 emendare.
1940 5520 2095 5577 Unde
2132 5530 2188 5585 et

596 5603 826 5678 praefato
856 5604 937 5661 Eli
979 5607 1065 5661 vir
1103 5608 1222 5676 Dei,
1250 5609 1343 5679 qui
1368 5616 1424 5664 et
1455 5608 1688 5668 Phinees
1735 5610 1901 5670 fuisse
1941 5621 2184 5685 putatur,

596 5699 703 5755 ait:
734 5697 865 5755 Hcce
890 5699 1017 5754 dicit
1038 5698 1328 5757 Dominus:
1361 5700 1542 5769 Quare
1570 5704 1713 5760 calce
1735 5705 1994 5776 abjicistis
2030 5706 2183 5761 uicti-

595 5802 738 5846 mam
761 5795 1018 5859 meam,’e3
1034 5805 1253 5847 munera
1280 5792 1557 5864 memque
1581 5795 1901 5868 precepidut
1924 5794 2180 5865 offerren-

2299 3336 2396 3391 sed
2438 3350 2506 3390 ex
2551 3333 2643 3389 illo
2700 3331 3029 3388 conﬁdentia
3078 3338 3460 3402 praesumatur.
3523 3328 3887 3400 Omnipotens

2292 3426 2452 3481 Pater
2480 3432 2537 3480 et
2559 3424 2903 3479 innocentem
2954 3421 3125 3476 tilium
3159 3421 3444 3493 impiorum
3488 3420 3745 3475 manibus
3777 3429 3878 3473 ιη.

2289 3515 2446 3576 didit.
2471 3519 2527 3571 et
2556 3524 2735 3570 tamen
2759 3529 2789 3570 a
2820 3522 2973 3570 recto
2992 3512 3217 3582 iustitiae
3235 3512 3453 3567 tramite
3481 3528 3588 3566 non
3617 3512 3882 3574 recessit;

2291 3609 2547 3678 quoidam
2601 3608 2725 3663 inde
2763 3607 3033 3677 justitiam
3084 3606 3338 3661 reﬂorcre
3382 3593 3697 3672 constituit,
3743 3606 3885 3659 unde

2292 3699 2440 3753 illum
2472 3698 2539 3752 ad
2572 3705 2786 3766 tempus
2813 3697 3090 3769 injustilia:
3119 3695 3399 3764 subjacere
3427 3694 3701 3764 permisit.
3728 3694 3887 3748 Sicut

2290 3788 2345 3843 in
2374 3787 2512 3845 libro
2539 3785 2829 3858 Sapientiae
2851 3787 3079 3857 legitur:
3106 3804 3125 3836 ‹
3155 3783 3291 3840 Cum
3322 3779 3418 3849 sis,
3445 3785 3649 3855 inquit,
3670 3783 3882 3852 justus,

2288 3884 2470 3942 Omnia
2497 3883 2769 3953 disponis:
2804 3881 2979 3952 ipsum
3000 3895 3235 3951 quoque,
3253 3879 3341 3948 qui
3366 3893 3471 3933 non
3495 3878 3660 3933 debet
3682 3876 3887 3948 puniri,

2291 3974 2623 4029 condemnas
2655 3969 2809 4043 (Sap.
2849 3969 2978 4031 xit).
3032 3989 3051 4022 ι
3082 3968 3248 4023 Pater
3281 3968 3465 4037 itaque
3512 3966 3688 4021 lilium
3743 3980 3887 4021 mor-

2290 4076 2401 4121 tem
2430 4063 2613 4120 subire
2652 4061 2922 4133 permisit,
2978 4069 3351 4116 verumtamen
3382 4067 3443 4113 ut
3481 4074 3607 4113 eum
3650 4059 3885 4127 perime-

2290 4166 2415 4223 re_nt
2439 4155 2873 4227 peremptoribus
2892 4170 3006 4209 non
3037 4153 3322 4224 praecepit;
3350 4152 3591 4221 alioquin
3641 4150 3886 4221 inculpa-

2289 4246 2429 4304 biles
2451 4246 2806 4313 exsdtissent,
2831 4246 2957 4301 dum
2982 4245 3342 4299 ministerium
3368 4243 3668 4312 impietatis
3713 4241 3886 4297 ascri—

2288 4340 2483 4396 berent
2508 4338 2727 4410 pietatis
2754 4338 2987 4394 auctori.
3011 4337 3342 4393 Potestatem
3370 4351 3503 4407 ergo
3535 4335 3682 4391 Deus
3711 4334 3875 4390 Chri-

2288 4434 2358 4489 sti
2388 4432 2829 4505 persecutoribus
2862 4430 3112 4502 praebuit,
3138 4430 3233 4486 sed
3267 4429 3429 4501 262
3456 4439 3518 4483 ut
3544 4443 3671 4482 eum
3699 4441 3880 4499 perse-

2290 4536 2520 4595 quentes
2571 4524 2883 4580 oeciderent
2910 4539 3016 4578 non
3050 4521 3343 4578 mandavit.
3390 4517 3543 4574 Unde
3581 4519 3692 4573 illic
3744 4531 3881 4588 prae.

2214 4601 2264 4661 Ῐ)
2292 4615 2458 4670 mittit
2494 4614 2760 4686 propheta
2784 4614 2969 4669 dicens
3016 4630 3030 4667 :
3062 4630 3081 4663 ‹
3116 4611 3188 4688 Ut
3217 4618 3559 4681 perverteret
3603 4609 3877 4665 hominem

2291 4704 2345 4758 in
2396 4704 2602 4774 judicio
2650 4719 2768 4771 suo,
2825 4701 3084 4757 Dominus
3133 4701 3427 4773 ignoravit.
3479 4721 3499 4754 ι
3532 4698 3876 4756 Perverteret

2289 4796 2487 4864 quippe
2519 4794 2776 4849 Dominus
2797 4792 2849 4847 in
2868 4790 3070 4860 judicio
3105 4792 3401 4857 hominem,
3440 4791 3488 4847 si
3520 4790 3869 4848 condemnari

2291 4884 2613 4955 prteciperet
2639 4885 3001 4939 innocentem.
3040 4881 3149 4939 Sed
3179 4882 3325 4939 aliud
3353 4890 3438 4937 est
3486 4882 3873 4944 condemnare,

2286 4979 2430 5038 aliud
2458 4994 2489 5032 a
2514 4976 2978 5034 condemnationis
3029 4975 3293 5047 supplicio
3324 4990 3430 5030 non
3455 4974 3703 5045 eripere;
3737 4972 3874 5027 aliud

2289 5068 2343 5123 in
2371 5074 2598 5122 conatus
2628 5064 2920 5136 sacrilegos
2962 5065 3205 5119 furentes
3236 5063 3533 5135 impellere,
3591 5062 3740 5118 aliud
3788 5077 3877 5135 ne-

2289 5157 2562 5229 quaqtiam
2586 5157 2791 5227 accepti
2828 5155 3026 5211 furoris
3059 5156 3323 5211 insaniam
3364 5155 3673 5211 refrenare.
3722 5153 3875 5210 Unde

2290 5245 2401 5302 illic
2431 5262 2535 5302 non
2589 5245 2907 5313 ignorando,
2960 5245 3054 5299 sed
3110 5244 3449 5313 reprobando
3504 5243 3876 5316 subiungitur:

2299 5354 2318 5387 ι
2350 5336 2482 5404 Quis
2517 5343 2599 5390 est
2653 5335 2755 5390 iste
2783 5336 2872 5404 qui
2912 5335 3068 5400 dixit,
3101 5343 3159 5387 ut
3183 5333 3338 5388 ﬁeret
3389 5333 3621 5389 Domino
3658 5347 3769 5389 non
3797 5332 3873 5405 ju-

2290 5428 2482 5486 bente'!
2515 5449 2535 5483 ι
2569 5428 2808 5485 Domino
2828 5427 2958 5484 dicit
2986 5424 3357 5497 nonjubente,
3393 5442 3499 5481 non
3529 5436 3714 5483 tamen
3750 5440 3871 5497 pro-

2293 5519 2532 5575 hibente.
2560 5516 2678 5575 Non
2704 5532 2834 5587 ergo
2854 5518 3292 5588 persecutoribus
3325 5516 3468 5572 Deus
3512 5525 3575 5571 ut
3625 5515 3869 5572 Salvato-

2292 5624 2405 5665 rem
2454 5620 2702 5667 nostrum
2731 5604 3111 5679 cruciligérent
3155 5606 3346 5676 jussit;
3386 5608 3515 5677 quia
3547 5606 3685 5662 nihil
3709 5607 3762 5662 in
3787 5620 3867 5667 eo,

2287 5701 2430 5772 quod
2455 5699 2785 5772 puniendum
2830 5706 2995 5763 esset,
3027 5698 3268 5755 invenit:
3307 5712 3413 5752 non
3447 5707 3631 5751 tamen
3657 5713 3728 5753 ne
3755 5712 3857 5752 cru-

2288 5791 2600 5864 ciﬁgeretur
2618 5788 2881 5855 inhibuit,
2895 5788 3019 5860 quia
3043 5805 3143 5861 pro
3164 5789 3345 5845 tnundi
3370 5787 3550 5845 salute
3568 5801 3860 5859 passurum,
