4052 6312
204 343 344 406 “69

200 549 337 602 bene
361 563 485 602 mox
516 548 731 602 additur
755 567 767 602 :
805 567 823 600 ι
860 547 937 603 Ex
963 563 1059 606 ore
1085 549 1351 606 Altissimi
1380 569 1484 608 non
1508 554 1792 622 egredien-

202 646 290 690 tur
331 653 431 692 nec
457 638 618 704 bona,
645 653 742 694 nec
766 638 927 693 mala.
967 659 986 692 ι
1017 638 1163 696 Bona
1192 643 1386 712 quippe
1414 645 1790 712 procederent,

199 727 247 782 si
285 741 408 782 eum
453 727 520 782 de
573 727 836 797 supplicio
897 729 1043 798 quod
1113 730 1458 800 irrogabatur
1522 735 1788 802 eriperet;

199 815 342 870 mala
373 831 522 882 vero,
555 818 600 872 si
634 819 840 873 crimen
863 818 917 873 in
949 833 1016 873 co
1045 834 1152 889 quo
1181 821 1458 892 suppliciis
1479 823 1794 893 adjudican-

201 908 304 964 dus
326 905 491 964 fuerit
522 909 806 979 reperiret.
833 907 889 964 In
917 911 1168 979 passione
1197 927 1326 982 ergo
1347 912 1571 974 Christi.
1600 929 1668 968 ex
1698 929 1793 970 ore

202 994 470 1052 Altissimi
502 1011 600 1053 nec
630 1000 766 1053 bona
797 1000 1166 1070 egrediuntur.
1201 1015 1299 1056 nec
1331 1003 1502 1070 mala;
1532 1005 1660 1076 quia
1697 1003 1796 1060 Pa-

202 1102 292 1150 ter
313 1108 438 1149 eum
469 1111 569 1151 nec
594 1111 658 1151 ex
697 1104 964 1168 potestate
992 1097 1207 1161 liberat.
1238 1113 1341 1153 nec
1367 1113 1434 1152 ex
1465 1095 1600 1168 legis
1623 1097 1795 1167 :equi-

204 1193 321 1240 tate
347 1186 724 1251 comdemnat;
755 1187 881 1257 quia
926 1181 1059 1242 licet
1102 1204 1208 1242 non
1267 1187 1502 1256 reperiat
1549 1195 1798 1256 peccato-

205 1291 348 1341 rem,
380 1291 478 1347 pro
507 1275 677 1331 salute
705 1287 882 1332 tamen
917 1279 1099 1333 nnnidi
1151 1280 1204 1332 in
1260 1279 1511 1348 passione
1561 1278 1798 1347 positum

206 1381 318 1423 non
346 1369 508 1436 eripit
543 1368 924 1433 innocentem;
965 1369 1127 1424 nullis
1178 1368 1321 1424 videt
1362 1369 1600 1439 peccatis
1629 1369 1798 1424 obno-

206 1461 376 1524 xium,
411 1475 512 1515 nec
545 1470 720 1515 tamen
753 1461 929 1516 reddit
954 1461 1243 1533 impiorum
1281 1460 1530 1516 manibus
1579 1459 1798 1516 absolu-

211 1565 362 1614 tum:
398 1562 604 1616 utdum
643 1563 790 1617 subit
831 1563 1092 1617 innocens
1143 1574 1380 1632 ptenam,
1412 1561 1503 1632 qui
1545 1569 1802 1632 peccator

210 1666 316 1726 est,
349 1669 654 1716 revertatur
684 1663 750 1718 ad
792 1661 1038 1728 veniam;
1091 1671 1148 1717 et
1177 1662 1303 1715 dum
1335 1676 1492 1728 unus,
1543 1663 1636 1730 qui
1692 1676 1801 1717 non

210 1757 393 1826 debet,
419 1761 581 1818 solvit
610 1766 853 1819 omnium
881 1765 1087 1830 debita,
1118 1779 1308 1820 etnncs
1335 1765 1429 1834 qui
1477 1766 1579 1820 sub
1633 1764 1802 1836 origi-

159 1908 171 1919 .
211 1863 321 1921 nali
353 1875 577 1922 vetustae
603 1869 872 1924 cautionis
900 1869 1087 1924 fenore
1109 1867 1435 1924 tenebantur
1461 1868 1697 1933 astricti,
1725 1883 1807 1923 re-

212 1966 372 2024 scissi
401 1967 755 2040 chirographi
802 1970 1101 2027 reddantur
1129 1969 1338 2041 legibus
1376 1967 1630 2024 absoluti.

1377 349 1447 405 IN
1492 347 1739 408 LIBROS
1783 345 2318 403 PROPHETARUM.

197 455 656 516 nullatenuseum
676 469 744 510 ex
767 455 1056 525 impiorum
1079 455 1331 514 manibus
1353 458 1790 516 liberavit.Unde
1822 473 1864 530 Α

3349 338 3486 394 ΗἸΟ

2513 453 2739 511 CAPUT
2779 452 2843 506 Χ.

1897 527 1962 582 1η
1987 527 2204 597 epistola
2227 527 2296 580 ad
2320 525 2655 597 Bonifacinm
2687 535 2739 578 ut
2766 519 3015 597 exteriori
3049 522 3345 590 prudentiw
3387 523 3490 591 spi-

2254 596 2460 649 rituafis
2495 597 2752 666 sapientia
2781 594 3115 664 praeferatur.

1968 679 2119 741 Sicut
2141 687 2381 741 cmlestis
2411 686 2672 756 sapientia
2698 685 2950 741 caelestes
2977 683 3107 739 facit
3139 691 3194 739 et
3225 682 3493 752 legitimos

1896 780 2151 835 Ecclesia:
2176 779 2342 844 filios,
2386 780 2457 833 ita
2501 788 2714 834 terrena
2748 778 3036 849 prudentia
3091 786 3338 831 terrenos
3369 775 3494 829 red-

1903 872 1982 926 dit
2006 879 2062 925 et
2099 870 2335 939 spurios.
2367 870 2439 924 De
2470 870 2667 938 quibus
2695 884 2793 939 per
2823 869 3036 924 Baruch
3064 868 3296 922 dicitur:
3327 887 3344 918 ι
3371 865 3492 921 Filii

1898 979 2112 1034 quoque
2145 962 2312 1031 Agar,
2340 961 2433 1031 qui
2469 961 2844 1031 exquisierunt
2875 961 3245 1030 prudentiam,
3274 973 3394 1030 qum
3427 960 3496 1014 de

1897 1041 2044 1110 terra
2073 1065 2154 1110 est
2179 1072 2195 1122 ;
2229 1055 2613 1125 negotiatiores
2643 1064 2824 1118 terrae,
2852 1063 2908 1108 et
2935 1053 3199 1116 Theman,
3227 1059 3280 1107 et
3338 1050 3494 1105 fabu-

1897 1147 2125 1212 latores,
2156 1156 2211 1201 et
2239 1146 2607 1216 exquisitores
2660 1144 2987 1214 prudentiaz,
3031 1159 3172 1197 Viam
3217 1143 3498 1213 sapientia:

1903 1239 2234 1300 nescierunt,
2313 1252 2490 1306 neque
2561 1236 2936 1291 meminerunt.
3000 1235 3316 1290 semitarum
3383 1232 3500 1302 ejus

1903 1326 2134 1401 (Barucli
2171 1327 2275 1398 ιιι).
2315 1347 2335 1381 ι
2387 1326 2712 1382 Smcularcm
2744 1342 2874 1395 ergo
2907 1325 3251 1396 prudentiam
3281 1324 3499 1393 assequi

1902 1417 2184 1488 cupientes
2235 1427 2289 1471 ct
2329 1418 2665 1488 spiritualem
2713 1417 3038 1487 sapientiam
3087 1423 3499 1471 contemnentes

1903 1513 2000 1570 filii
2023 1514 2328 1584 suntAgar,
2349 1530 2453 1569 non
2481 1515 2628 1569 Sarae
2650 1534 2661 1567 :
2680 1524 2734 1568 et
2761 1527 3045 1567 manzeres
3062 1510 3192 1566 facti
3220 1509 3500 1574 Israelita,

1898 1607 2022 1678 jure
2049 1605 2307 1661 censendi
2339 1615 2465 1660 sunt
2488 1622 2591 1660 non
2617 1604 2904 1659 lsraelitac.
2933 1603 2999 1657 Et
3022 1601 3278 1673 quoniam
3321 1602 3490 1672 Agar,

1904 1700 2105 1754 advena
2135 1699 2548 1770 interpretatur,
2580 1699 2612 1753 ii
2638 1715 2743 1754 non
2775 1705 2902 1754 sunt
2929 1695 3209 1767 sapientia:
3241 1695 3361 1761 filii,
3393 1696 3494 1751 sed

1832 1827 1880 1886 Β
1908 1791 2129 1846 advena:
2151 1799 2206 1844 et
2231 1792 2524 1862 peregrini.
2555 1791 2664 1846 Nec
2695 1806 2757 1847 ex
2784 1791 2891 1845 illis
2913 1797 3040 1844 sunt
3068 1787 3267 1858 quibus
3315 1787 3499 1842 aiebat

1909 1879 2228 1950 Apostolus:
2265 1899 2282 1933 ι
2313 1880 2432 1935 Jam
2459 1897 2566 1936 non
2593 1882 2724 1937 estis
2754 1880 2994 1951 hospites
3026 1887 3082 1933 et
3114 1880 3373 1944 advenae,
3401 1879 3497 1934 sed

1915 1970 2046 2026 cstis
2076 1972 2225 2027 cives
2257 1982 2594 2039 sanctorum,
2619 1984 2672 2029 et
2695 1972 2981 2030 domestici
3004 1971 3094 2026 Dei
3119 1969 3338 2042 (Ephes.
3367 1970 3499 2043 11).»

1342 2059 1646 2129 Expliciunt
1685 2060 1986 2116 testimonia
2013 2077 2084 2115 ea:
2119 2060 2374 2117 Ieremia.

1734 2181 2086 2193 ———.—_

716 2249 1116 2322 263—265
1166 2245 1511 2304 INCIPIUNT
1556 2245 1900 2302 CAPITULA
1953 2247 2042 2305 DE
2084 2247 2308 2305 LIBRIS
2357 2247 2900 2307 PROPIIETARUM.

326 2343 378 2397 1.
415 2344 570 2410 Quod
595 2345 780 2401 domus
810 2345 980 2400 Israel
1003 2359 1152 2399 versa
1187 2357 1265 2401 est
1298 2347 1424 2401 mihi
1452 2347 1506 2400 in
1532 2345 1784 2399 scoriam.

411 2415 495 2485 libi
526 2415 710 2483 Assur,
740 2428 787 2470 et
823 2415 1061 2485 sepulcra
1100 2416 1236 2485 ejus.

324 2483 378 2556 ὅ.
417 2484 570 2550 Quod
587 2498 725 2540 terra
752 2483 910 2556 usque
932 2487 999 2539 ad
1024 2483 1301 2556 fenestras,
1324 2497 1370 2540 et
1387 2486 1626 2555 fenestra:
1647 2483 1862 2538 clausa.

325 2553 381 2626 4.
411 2556 564 2620 Quod
586 2553 848 2626 juriicimn
877 2553 1033 2620 sedit,
1064 2566 1113 2610 et
1152 2557 1272 2626 fieri
1295 2553 1462 2625 aperti
1483 2567 1628 2618 sunt,

322 2625 381 2697 5.
413 2627 567 2690 Quod
590 2625 712 2682 odio
738 2628 1035 2680 habuerunt
1057 2628 1111 2680 in
1139 2625 1293 2697 po'rta
1314 2627 1700 2697 corripieyntem.

328 2696 386 2766 6.
413 2696 598 2766 ridicae
617 2700 969 2766 quadraginta
1007 2696 1146 2762 dies,
1168 2708 1215 2751 et
1241 2696 1432 2752 Ninive
1459 2696 1802 2751 subvertetur.

324 2765 382 2823 .7.
412 2765 566 2832 Quod
588 2765 796 2821 Domini
824 2765 941 2822 sunt
975 2767 1213 2822 cardines
1238 2778 1412 2823 terrae.

329 2835 383 2890 8.
415 2833 569 2901 Quod
607 2836 762 2890 Iesus
786 2840 1000 2890 indutus
1023 2847 1136 2891 erat
1174 2838 1403 2893 sordidis
1443 2836 1693 2892 vestibus.

330 2907 384 2980 9.
416 2907 493 2980 9e
527 2906 700 2980 lapide
726 2910 814 2980 qui
843 2909 994 2961 habet
1018 2918 1217 2980 septem
1243 2907 1443 2963 oculos.

296 2976 386 3032 10.
415 2975 493 3032 De
516 2975 785 3049 quadrigis
815 2975 1280 3050 evangelistarnm.

1569 3066 1876 3137 Expliciunt
1908 3064 2164 3130 capitula.

235 3173 878 3268 INCIPIUNT
971 3173 1726 3313 TESTIM‘ONIA
1817 3174 1968 3263 DE
2054 3171 2456 3262 LIBRIS
2550 3169 3508 3265 PBOPHETARUM.

760 3323 988 3379 CAPUT
1034 3323 1326 3379 PRIMUM.

588 3413 655 3468 In
685 3415 906 3485 epistola
933 3416 1002 3469 ad
1045 3412 1107 3469 V.
1139 3416 1458 3485 episcopum.

309 3520 329 3555 ι
361 3500 552 3560 Omnis
573 3505 764 3562 domus
801 3506 966 3561 Israel
995 3505 1125 3561 mihi
1170 3521 1328 3561 versa
1377 3516 1460 3563 est
1500 3506 1553 3560 in
1583 3506 1821 3561 scoriam

235 3593 454 3666 (Each.
485 3598 644 3676 χχιι).
689 3617 706 3650 ι
741 3599 893 3653 Tunc
914 3599 1059 3653 enim
1094 3599 1289 3654 domus
1317 3598 1486 3654 Israel
1511 3599 1566 3653 in
1583 3598 1822 3654 scoriam

234 3683 486 3752 vertitur,
516 3704 638 3744 cum
663 3690 844 3742 divina
887 3698 1142 3758 peccator
1187 3689 1660 3745 animadversione
1694 3704 1821 3760 per-

237 3792 450 3844 cussus,
480 3779 564 3832 vel
594 3781 645 3832 in
672 3780 1068 3848 chpet-ationis
1115 3780 1430 3849 voraginem
1473 3780 1675 3847 labitur
1740 3778 1826 3833 vel

238 3874 432 3923 contra
460 3866 608 3936 juste
649 3868 922 3922 saevientis
962 3868 1247 3936 imperium
1294 3884 1392 3937 per
1432 3867 1826 3937 impatientiam

238 3957 484 4014 effertur.
516 3959 820 4021 Atcontra,
871 3959 1028 4027 quasi
1076 3969 1333 4013 manente
1378 3958 1597 4013 metallo
1647 3958 1826 4013 scoria

238 4049 342 4103 sub
371 4047 566 4102 divinis
597 4048 1036 4118 percussionibus
1059 4047 1260 4114 avolat,
1292 4063 1416 4102 cum
1443 4046 1670 4116 quilibet
1714 4059 1830 4115 pa:-

241 4139 423 4195 nitcns
444 4155 678 4209 superno
701 4139 926 4194 verbere
941 4140 1226 4209 vapulans,
1251 4149 1302 4194 et
1329 4139 1822 4194 inborrescentium

243 4246 277 4285 a
307 4245 365 4285 se
390 4232 644 4287 vitiorum
678 4233 977 4302 rubiginem
1006 4229 1241 4303 projicit,
1271 4242 1326 4287 et
1367 4230 1830 4286 reflorescentium

243 4323 482 4377 candore
503 4324 762 4379 virtutum
788 4339 852 4378 ac
885 4323 1285 4394 resplendeutis
1331 4322 1457 4378 vita:
1506 4321 1683 4378 nitore
1727 4320 1831 4376 cla-

245 4417 434 4472 rescit.

887 4505 1116 4562 CAPUT
1156 4505 1218 4560 ll.

391 4595 462 4652 In
489 4614 726 4652 sermone
753 4598 816 4652 de
843 4594 900 4652 S.
929 4597 1195 4668 Stephano
1215 4615 1351 4669 papa
1370 4607 1419 4653 et
1444 4607 1694 4668 martyre.

1849 3327 1896 3390 C

2553 3317 2779 3376 CAPUT
2821 3321 2905 3375 Ill.

2299 3411 2368 3467 In
2397 3429 2632 3468 sermone
2659 3415 2830 3485 primo
2857 3417 3120 3486 synodali.

2001 3525 2020 3558 ι
2075 3504 2245 3561 Terra
2287 3519 2459 3574 usque
2490 3505 2558 3559 ad
2598 3503 2888 3571 fenestras,
2930 3517 2986 3562 et
3021 3506 3274 3562 fenestra:
3325 3507 3520 3564 clausa:

1926 3596 2145 3659 (Ezech.
2188 3595 2328 3667 XXI).
2363 3616 2382 3648 ι
2417 3595 2508 3650 Ait
2534 3595 2858 3666 Apostolus:
2891 3615 2910 3648 ι
2946 3595 3228 3668 Templum
3274 3597 3368 3652 Det
3394 3613 3516 3653 sano

1927 3701 2075 3745 ctum
2099 3699 2206 3754 est,
2245 3688 2390 3759 quod
2412 3690 2545 3744 estis
2574 3704 2671 3745 vos
2697 3688 2748 3759 (I
2775 3690 2897 3745 Cor.
2930 3689 3034 3762 ιιι).
3066 3709 3084 3743 ι
3117 3688 3287 3758 Hujus
3332 3698 3516 3762 autem

1928 3779 2112 3851 templi
2140 3780 2395 3836 fenestra:
2415 3781 2726 3836 sacerdotes
2749 3788 2874 3836 sunt
2907 3781 2999 3851 qui
3031 3780 3276 3836 fidelium
3322 3781 3523 3852 pepqu

1927 3872 2110 3926 lumen
2133 3881 2332 3926 sanctae
2353 3873 2753 3941 przedicationis
2778 3871 3084 3926 infundunt.
3109 3870 3214 3925 Sed
3236 3886 3358 3924 cum
3376 3881 3520 3927 terra

1930 3978 2103 4031 usque
2129 3961 2199 4015 ad
2230 3961 2501 4017 fenestras
2540 3962 2836 4030 aggeritur,
2868 3961 3068 4016 clausis
3098 3960 3354 4016 fenestris
3387 3970 3522 4016 tem-

1929 4053 2078 4122 plum
2105 4052 2361 4108 continuo
2403 4052 2744 4118 lenebratur;
2779 4061 2833 4108 et
2865 4066 2988 4107 cum
3041 4061 3255 4108 terrena
3307 4054 3522 4124 negotia

1932 4145 2246 4205 sacerdotes
2289 4145 2586 4215 implicant,
2623 4144 2779 4214 quasi
2816 4143 3069 4199 fenestrae
3111 4145 3335 4210 clausae,
3385 4153 3527 4200 tem-

1935 4241 2078 4312 plum
2114 4239 2259 4310 quod
2289 4238 2491 4292 amittit
2527 4237 2712 4292 lumen
2761 4239 3113 4292 obscuratur.
3141 4236 3252 4292 Nos
3273 4252 3404 4306 ergo
3433 4253 3524 4292 ne-

1935 4347 2088 4386 cesse
2115 4339 2218 4397 est,
2254 4331 2576 4400 inquantum
2617 4345 2928 4399 possumus,
2961 4330 3031 4386 ab
3058 4329 3272 4384 actibus
3326 4345 3522 4383 vacare

1939 4421 2169 4476 terrenis
2197 4429 2256 4476 ut
2275 4419 2669 4491 sacrisjugiter
2691 4421 3032 4492 invigilemus
3076 4420 3326 4488 eloquiis.
3374 4417 3527 4476 Sicut

1939 4527 2133 4583 Sponsa
2166 4512 2298 4566 dicit
2327 4512 2379 4565 in
2403 4512 2674 4568 Canticis:
2707 4531 2724 4563 ι
2761 4510 2914 4567 Oculi
2957 4511 3029 4564 tui
3075 4511 3218 4565 sicut
3262 4508 3525 4565 columba:

1940 4622 2102 4676 super
2133 4605 2280 4661 rivos
2301 4611 2590 4677 aquarum,
2617 4621 2736 4676 qua:
2788 4606 2929 4660 lacte
2970 4613 3095 4659 sunt
3146 4603 3287 4666 lotae,
3315 4611 3368 4656 et
3392 4603 3528 4656 resi~

316 4703 342 4741 ε
365 4685 444 4742 Ibi
466 4688 636 4744 Assur
657 4697 711 4744 et
741 4687 989 4758 sepulcra
1011 4688 1128 4758 ejus
1167 4690 1385 4758 (Ezech.
1417 4689 1614 4761 xxxii).
1640 4710 1657 4742 ι
1687 4689 1824 4753 Ouid
1860 4686 1908 4747 D
1932 4695 2064 4751 dent
2085 4696 2239 4764 juxta
2265 4695 2462 4750 fluenta
2487 4694 2799 4765 plenissima
2827 4691 3007 4764 (Cant.
3041 4693 3116 4760 v).
3144 4710 3162 4742 ι

243 4778 390 4835 enim
419 4793 518 4848 per
537 4778 728 4842 Assur,
754 4779 1046 4847 superbum
1070 4779 1322 4836 videlicet
1351 4795 1555 4852 regem,
1590 4780 1693 4834 nisi
1720 4784 1834 4834 dia-

247 4869 404 4926 bolus
433 4867 787 4939 intelligitur:
825 4886 842 4919 ι
884 4868 1010 4935 Qui,
1043 4868 1200 4938 juxta
1250 4872 1396 4942 quod
1437 4871 1698 4942 scriptum
1730 4877 1833 4933 est,

245 4963 362 5034 ipse
381 4970 466 5018 est
493 4975 589 5016 rex
611 4975 775 5032 super
799 4976 988 5017 omnes
1010 4961 1146 5018 filios
1173 4963 1474 5033 superbiae?
1502 4983 1520 5016 ι
1553 4962 1674 5033 (Job
1698 4963 1835 5033 ιιι.)

246 5049 388 5121 Quid
409 5053 658 5123 sepulcra
683 5052 786 5108 nisi
812 5061 1148 5108 mortuorum
1172 5063 1298 5109 sunt
1324 5053 1632 5112 habitacula
1647 5054 1670 5107 ?
1685 5053 1837 5109 Tunc

249 5151 434 5201 autem
469 5144 718 5200 diabolus
751 5146 805 5200 in
838 5155 1068 5201 mortem
1110 5147 1318 5201 corruit
1342 5162 1466 5202 cum
1505 5147 1574 5200 ab
1615 5156 1838 5200 auctore

253 5238 381 5294 vita
413 5238 773 5308 superbiendo
807 5238 1063 5294 recessit:
1097 5237 1356 5307 Quisquis
1403 5253 1534 5306 ergo
1583 5237 1838 5304 nequitia:

249 5327 519 5398 spiritum,
543 5329 784 5398 quivere
804 5339 1050 5385 mortuus
1072 5337 1172 5390 est,
1205 5330 1259 5382 in
1289 5329 1370 5383 sui
1399 5328 1579 5383 cordis
1607 5328 1836 5397 hospitio

249 5431 349 5491 pcl’
387 5434 610 5490 pravam
653 5420 986 5476 voluntatem
1033 5421 1281 5476 habitare
1325 5421 1612 5492 permittit,
1645 5419 1834 5489 procul

249 5510 414 5567 dubio
444 5511 510 5568 de
539 5512 830 5582 semetipso
876 5512 1186 5582 sepulcrum
1214 5510 1365 5566 facit.
1408 5511 1474 5566 Et
1504 5525 1728 5567 necesse
1752 5517 1837 5565 est

251 5615 311 5660 ut
346 5619 469 5661 cum
498 5607 616 5678 ipso
645 5606 807 5662 simul
844 5605 953 5661 illic
1004 5615 1396 5662 tormentorum
1423 5603 1688 5675 supplicia
1718 5618 1838 5674 per-

251 5697 412 5762 ierat,
435 5696 523 5751 cui
540 5697 889 5768 semetipsum
910 5697 1001 5752 hic
1028 5696 1395 5755 habitaculum
1419 5710 1518 5768 per
1538 5695 1836 5768 nequitiam

254 5787 494 5858 perversi
521 5789 702 5860 operis
735 5789 1042 5846 exhibebat.

2544 4782 2771 4840 CAPUT
2810 4783 2901 4836 IV.

2381 4877 2448 4930 In
2466 4876 2688 4945 epistola
2716 4875 2786 4928 ad
2824 4873 3103 4928 Blancam.

2018 4988 2036 5021 ι
2074 4967 2344 5025 Iudicium
2375 4967 2537 5030 sedit,
2559 4976 2614 5022 et
2641 4966 2764 5021 libri
2794 4965 2966 5035 aperti
2994 4974 3122 5020 sunt
3151 4963 3314 5036 (Dan.
3345 4961 3469 5034 vn).
3509 4983 3528 5016 ι

1943 5061 2045 5128 Qui
2074 5059 2336 5115 nimirum.
2358 5057 2482 5113 libri
2513 5057 2612 5128 ipsi
2640 5056 2975 5128 intelligendi
3003 5066 3130 5110 sunt
3159 5056 3360 5121 sancti,
3388 5070 3531 5125 quo-

1941 5167 2062 5206 rum
2083 5165 2224 5205 nunc
2261 5150 2512 5204 meritum
2541 5147 2610 5201 ab
2633 5147 2713 5202 eis
2745 5162 2846 5218 per
2879 5146 3184 5202 custodiam
3207 5145 3532 5202 humilitatis

1940 5242 2294 5298 absconditur
2328 5251 2382 5296 et
2415 5251 2669 5310 tanquam
2706 5239 2958 5295 volumen
3002 5238 3207 5295 codicis
3234 5254 3303 5293 ne
3322 5237 3533 5308 legatur

1945 5333 2256 5388 involvitur.
2287 5331 2439 5386 Tunc
2477 5342 2653 5386 autem
2687 5331 2753 5386 ad
2779 5346 2968 5387 eorum
2993 5330 3220 5400 gloriam
3251 5330 3535 5386 universo~

1943 5440 2062 5478 rum
2084 5423 2255 5478 oculis
2269 5423 2529 5491 aperitur,
2551 5431 2609 5476 ut
2632 5423 2682 5476 in
2706 5423 2786 5478 eis
2807 5422 3253 5492 praevaricatores
3274 5427 3529 5489 tanquam

1943 5529 2040 5585 per
2077 5514 2298 5586 digesta:
2323 5511 2634 5581 scriptionis
2659 5511 2942 5568 articulum
2970 5511 3151 5582 legant
3169 5509 3366 5565 divinae
3394 5509 3530 5579 legis

1944 5603 2225 5670 mandata,
2254 5619 2374 5673 qua:
2411 5603 2538 5657 dum
2568 5602 2904 5667 adviverent,
2935 5615 3157 5656 servare
3183 5607 3534 5668 contempse-

1946 5704 2088 5751 rant.
2141 5693 2252 5750 illic
2277 5693 2387 5765 jam
2419 5693 2815 5764 compelluntur
2859 5701 2914 5750 et
2964 5692 3144 5764 legere
3173 5691 3266 5761 qui
3304 5688 3392 5746 hic
3436 5704 3533 5757 per

1949 5785 2273 5857 arrogantia:
2302 5785 2500 5841 fastum
2532 5784 2700 5841 verba
2735 5783 2827 5840 Dei
2858 5783 3289 5855 dedignabantur
3319 5779 3528 5838 audire.
