4052 6312
560 307 689 362 H71

1463 272 1963 359 consertum
1997 297 2065 356 IN
2102 294 2334 355 verus
2379 265 2933 353 resnuesruu.‘

3712 274 3854 330 “7!

556 418 671 472 illic
690 416 878 488 jugum
908 413 1121 470 Domini
1162 410 1303 480 leve,
1328 421 1383 470 et
1414 428 1553 472 onus
1574 415 1689 485 ejus
1719 430 1886 472 suave
1919 414 2136 488 (Matth.
2170 418 2216 476 Α
2247 410 2536 468 nonnullas
2562 408 2794 464 invicem
2824 404 3028 461 habere
3072 395 3460 457 similitudines
3490 399 3744 461 uterque
3774 388 3855 443 di-

560 509 640 574 xn)
671 504 896 562 mitibus
922 512 977 560 et
1002 504 1330 575 pat’entibus
1357 503 1525 561 fuisse
1571 507 1939 572 considerant,
1996 505 2142 574 quod

558 597 649 650 hic
672 594 938 665 superbia:
965 610 1077 651 suat
1102 596 1407 653 cervicibus
1435 597 1775 654 intolerabile
1801 595 2141 667 judicabant.

554 685 669 743 Illic
700 688 990 756 superbum
1018 702 1181 743 omne
1202 686 1571 755 confunditur,
1597 697 1652 744 et
1676 687 1936 759 quidquid
1963 686 2138 743 eleva-

555 784 670 831 tum
707 776 884 833 fuerat
910 778 1009 834 sub
1041 787 1205 834 tantae
1228 780 1528 850 majestatis
1555 780 1925 851 indignatione
1946 793 2142 834 curva-

556 877 667 924 tur.
699 868 855 926 Unde
885 885 980 940 per
1008 871 1204 925 Isaiam
1238 872 1467 927 dicitur:
1502 890 1521 924 ‹
1566 870 1722 928 Oculi
1753 870 2000 926 sublimis
2043 870 2144 925 ho-

554 959 719 1015 minis
746 960 1017 1016 humiliati
1049 970 1198 1027 sunt,
1227 970 1281 1016 et
1311 948 1687 1018 incurvabitur
1717 960 1947 1017 altitudo
1993 960 2142 1015 viro—

556 1065 711 1106 rum:
743 1051 1075 1108 exalta‘b'tur
1102 1051 1263 1124 265
1295 1060 1474 1107 autem
1504 1050 1765 1107 Dominus
1792 1050 1942 1106 solus
1963 1049 2019 1105 in
2057 1048 2146 1105 die

556 1141 678 1207 illa,
706 1143 835 1214 quia
865 1143 981 1198 dies
1025 1144 1237 1199 Domini
1262 1157 1427 1215 super
1470 1157 1687 1198 omnem
1737 1142 2031 1212 superbum
2090 1148 2147 1196 et

554 1233 869 1301 excelsum;
895 1247 1058 1303 super
1085 1225 1304 1288 omnem
1333 1240 1697 1304 arrogantem,
1741 1239 1798 1288 et
1835 1230 2148 1287 humiliabi-

556 1335 647 1380 tur
671 1341 687 1391 ;
712 1333 768 1380 et
789 1340 953 1395 super
978 1340 1172 1382 omnes
1196 1326 1390 1381 cedros
1422 1325 1613 1381 Libani
1644 1324 1926 1390 sublimes,
1957 1331 2013 1378 et
2034 1338 2148 1378 ere-

556 1428 701 1503 ctas,
726 1430 783 1477 et
806 1436 972 1491 super
996 1437 1185 1479 omnes
1207 1438 1443 1494 quercus
1457 1424 1654 1490 Basan,
1677 1432 1735 1481 et
1763 1439 1930 1496 super
1955 1439 2148 1481 omnes

556 1509 725 1568 colles
766 1510 944 1567 elevat
958 1528 1024 1579 δε,
1061 1522 1116 1569 et
1146 1530 1310 1585 super
1347 1530 1562 1570 omnem
1595 1517 1788 1572 turrim
1846 1516 2145 1585 excelsam,

556 1610 611 1657 et
643 1617 807 1672 super
825 1618 1040 1658 omnem
1073 1620 1284 1661 murum
1317 1608 1611 1675 munitum,
1641 1616 1696 1664 et
1743 1623 1906 1680 super
1956 1623 2148 1664 omnes

554 1709 727 1751 naves
759 1694 1009 1761 Tharsis,
1039 1705 1095 1751 et
1116 1712 1283 1766 super
1306 1713 1493 1765 omne,
1522 1700 1667 1769 quod
1701 1699 1818 1755 visu
1850 1699 2145 1771 pulchrum

557 1794 679 1853 est;
708 1798 763 1842 et
789 1787 1165 1844 incurvabitur
1193 1788 1499 1847 sublimitas
1522 1768 1827 1856 hominum,
1851 1768 1928 1845 iet
1973 1790 2152 1845 humi—
2182 1768 2226 1827 Β

556 1876 786 1934 liabitur
814 1879 1045 1935 altitudo
1071 1880 1338 1946 virorum,
1368 1889 1423 1936 et
1452 1881 1757 1937 elevabitur
1780 1881 2042 1937 Dominus
2071 1897 2158 1937 so-

556 1968 644 2024 lus
673 1969 728 2024 in
751 1968 839 2025 die
868 1968 982 2036 illa,
1005 1979 1061 2027 et
1077 1970 1218 2027 idola
1246 1971 1463 2043 penitus
1488 1979 1871 2035 conterentur;
1903 1978 1960 2025 et
1983 1970 2155 2025 intro-

559 2060 715 2115 ibunt
746 2061 802 2117 in
833 2062 1123 2133 speluncas
1137 2072 1438 2135 petrarum,
1463 2072 1518 2119 et
1554 2063 1610 2118 in
1627 2062 1913 2133 voragines
1940 2069 2101 2117 terra
2128 2075 2156 2114 a

560 2148 698 2206 facie
723 2150 1028 2209 formidinis
1070 2154 1284 2209 Domini
1317 2163 1374 2211 et
1401 2169 1431 2210 a
1464 2154 1634 2226 gloria
1674 2151 1979 2223 maiestatis
2016 2151 2155 2223 ejus,

561 2256 685 2297 cum
732 2244 1027 2299 surrexerit
1068 2253 1354 2314 percutere
1383 2253 1584 2301 terram
1611 2243 1768 2316 (Isai.
1797 2245 1882 2315 ιι).
1921 2261 1941 2296 ι

1186 2339 1418 2397 CAPUT
1458 2338 1523 2394 V.

979 2429 1045 2484 In
1071 2430 1289 2500 epistola
1324 2431 1394 2484 ad
1428 2429 1740 2483 Honestum.

643 2536 661 2568 ι
705 2516 844 2575 Odio
885 2521 1194 2574 habuerunt
1243 2520 1296 2574 in
1342 2528 1498 2589 porta
1540 2518 1961 2589 corripientem,
1990 2524 2045 2574 et
2078 2517 2158 2589 lo:

570 2618 828 2678 quentem
858 2607 1095 2679 perfecte
1123 2609 1415 2664 abominati
1447 2617 1593 2665 sunt.
1626 2627 1644 2661 ι
1681 2606 1889 2676 Quibus
1916 2615 1970 2663 et
1999 2597 2159 2679 paulo

575 2709 702 2770 post
731 2700 809 2754 ait
839 2717 853 2755 :
891 2718 910 2751 ι
943 2700 1141 2756 Demos
1166 2700 1372 2770 quadro
1400 2700 1577 2771 lapide
1597 2699 2026 2766 aediﬁcabitis,et
2050 2714 2158 2753 non

571 2788 891 2845 habitabilis
916 2787 970 2843 in
992 2788 1071 2845 eis
1093 2788 1273 2861 (Amos
1294 2789 1368 2859 v).
1402 2809 1421 2842 ι
1450 2788 1507 2844 In
1530 2797 1686 2860 porta
1707 2789 1909 2860 quippe
1930 2788 2159 2859 corripit

571 2882 666 2951 qui
715 2882 781 2936 ad
830 2882 934 2936 hoc
980 2881 1465 2952 reprehensibilem
1497 2896 1770 2951 quemque
1799 2880 2065 2953 castigat,
2100 2889 2160 2935 nt

569 2986 693 3027 eurn
738 2972 804 3026 ad
838 2971 1071 3026 reditum
1108 2972 1301 3042 patriae
1352 2971 1599 3028 caelestis
1649 2972 1915 3043 impellat.
1963 2971 2072 3028 Sed
2113 2972 2158 3028 is

565 3063 660 3131 qui
687 3062 1073 3133 corripientem
1100 3062 1214 3117 odit
1259 3063 1313 3118 in
1366 3064 1525 3119 domo
1570 3078 1600 3117 a
1652 3078 1711 3119 se
1755 3062 2023 3119 aediﬁcata
2050 3078 2155 3119 non

568 3128 978 3225 habitam-quia
1017 3154 1143 3210 licet
1173 3155 1461 3211 :ediﬁcium
1506 3155 1752 3226 posuerit
1794 3157 1921 3211 boni
1948 3140 2157 3227 operis,
2188 3128 2232 3188 c

570 3245 628 3300 in
661 3260 727 3300 eo
761 3254 938 3300 tamen
968 3262 1075 3303 non
1106 3246 1405 3303 merebitur
1432 3246 1686 3304 habitare
1706 3287 1720 3312 ,
1752 3246 1879 3316 quia
1911 3261 2011 3317 per
2042 3261 2167 3303 cor-

574 3335 841 3406 reptionis
883 3344 1095 3407 portam
1150 3336 1472 3409 dedignatus
1517 3347 1598 3392 est
1649 3337 1906 3403 introire;
1952 3344 2009 3393 et
2072 3337 2163 3407 qui

568 3426 748 3481 noluit
790 3440 889 3498 per
935 3428 1150 3498 angusti
1182 3427 1362 3483 aditus
1401 3428 1750 3497 asperitatem
1798 3425 2042 3498 ingredi,
2081 3424 2165 3481 in-

573 3518 804 3575 terioris
835 3519 960 3575 atrii
991 3534 1098 3575 non
1129 3520 1331 3590 poterit
1377 3519 1692 3573 ammaitate
1720 3515 1910 3589 potiri.

588 3621 599 3629 '
1128 3622 1133 3623 '
1183 3610 1414 3666 CAPUT
1472 3611 1582 3665 VL

723 3704 788 3759 In
820 3694 1038 3759 [comitia
1063 3703 1127 3758 de
1155 3703 1426 3759 nativitate
1471 3702 1534 3756 Β.
1571 3701 1757 3756 Maria:
1787 3702 2023 3771 virginis.

584 3802 591 3817 τ
654 3815 676 3849 ι
708 3796 900 3851 Adhuc
942 3794 1303 3866 quadraginta
1334 3794 1481 3860 dies,
1514 3803 1569 3849 et
1594 3791 2157 3849 Niniv‘e‘subvertetur

591 3887 742 3959 (Ion.
777 3888 884 3960 tn).
923 3907 941 3938 ι
980 3886 1131 3954 Quod
1162 3885 1285 3956 quia
1311 3894 1439 3941 tunc
1470 3900 1575 3942 non
1600 3884 1796 3956 legitttr
1818 3882 2172 3941 historialiter

582 3982 818 4045 factum,
864 3988 1214 4051 exspectatur
1256 3979 1431 4035 adhuc
1475 3975 1834 4050 Spiritualiter
1879 3969 2174 4046 adimplen-

586 4063 734 4126 dum.
782 4071 889 4126 Per
936 4069 1166 4141 Niniven
1198 4069 1397 4141 quippe
1422 4070 1658 4125 mundus
1688 4069 1792 4124 iste
1827 4067 2171 4139 designatur;

582 4177 681 4232 per
702 4161 1061 4233 quadraginta
1099 4177 1226 4219 vero
1253 4161 1368 4218 dies
1388 4203 1403 4229 ,
1434 4162 1615 4218 omnis
1646 4168 1825 4237 status
1868 4159 1995 4216 vita:
2034 4175 2174 4231 prte-

587 4253 760 4308 Sentis
791 4254 1061 4309 innuitur.
1094 4252 1224 4310 Post
1253 4254 1612 4326 quadraginta
1642 4267 1776 4324 ergo
1821 4251 1937 4308 dies
1980 4251 2177 4308 Ninive

587 4344 967 4411 subvertetur;
1018 4333 1148 4415 quia
1189 4352 1315 4416 post
1344 4343 1505 4414 hujus
1553 4342 1802 4399 mortalis
1839 4340 1961 4398 vitae
1985 4342 2178 4399 decur-

585 4424 743 4502 sum,
788 4434 1059 4504 completo
1093 4433 1340 4490 videlicet
1376 4432 1674 4490 electorum
1724 4447 1982 4499 numero,
2016 4448 2178 4487 mun-

588 4526 689 4581 dus
718 4524 821 4580 iste
845 4526 1179 4580 destruetur.
1450 4526 1455 4531 ’

717 4610 724 4641 ί
1193 4612 1421 4671 CAPUT
1460 4613 1572 4671 VII.

680 4707 748 4760 In
774 4721 1011 4763 sermone
1042 4704 1071 4758 Ι
1099 4707 1161 4761 de
1193 4702 1250 4761 S.
1281 4703 1532 4760 Matt/two
1562 4703 1799 4775 apostolo
1822 4713 1873 4760 et
1901 4720 2085 4775 evang.

668 4819 686 4849 ς
727 4795 942 4853 Domini
972 4806 1101 4852 sunt
1133 4795 1387 4853 cardines
1438 4804 1631 4859 terrm,
1687 4802 1742 4850 et
1789 4795 1970 4865 posuit
2017 4809 2182 4864 super

589 4906 683 4947 eos
729 4889 918 4965 orbem
969 4888 1022 4961 (1
1050 4874 1189 4958 Ἑες.
1224 4887 1308 4948 tt).
1351 4905 1368 4938 ι
1406 4885 1569 4943 Orbis
1603 4885 1750 4941 enim
1806 4900 1971 4956 super
2020 4892 2180 4940 terrae

593 4971 845 5039 cardines
895 4980 1139 5052 ponitur,
1183 4994 1308 5035 cum
1352 4987 1541 5034 sancta
1587 4977 1870 5043 Ecclesia,
1919 4985 2182 5047 tanquam

604 5092 787 5146 super
810 5075 972 5131 bases
1001 5073 1268 5129 doctrinis
1294 5071 1625 5142 evangelicis
1655 5070 1938 5126 solidatur.
1971 5069 2048 5124 De
2076 5083 2183 5139 qua

601 5177 654 5220 et
687 5166 815 5221 alibi
865 5164 1110 5220 dicitur:
1154 5183 1170 5214 ι
1210 5161 1584 5219 Fundamenta
1633 5161 1750 5232 ejus
1802 5160 1856 5215 in
1909 5159 2186 5215 montibus

598 5259 802 5313 sanctis
850 5255 1025 5330 (Psal.
1072 5255 1316 5333 Lxxxvt).
1354 5273 1372 5307 ι
1409 5254 1509 5323 Qui
1561 5252 1705 5308 enim
1755 5250 1863 5306 illic
1892 5248 2181 5315 cardines,

2247 503 2551 574 gnoscitur.

2835 586 3064 644 CAPUT
3104 585 3237 644 VIII.

2495 702 2557 759 ιη
2587 702 2806 774 epistola
2837 702 2907 757 ad
2939 701 3283 757 Mainnrdnm
3320 700 3584 769 abbatem.

2374 817 2535 874 Jesus
2565 826 2686 873 erat
2715 816 2937 873 indutus
2965 816 3210 872 vestibus
3239 812 3509 879 sordidis,
3556 819 3616 867 et
3667 808 3864 865 stabat

2242 908 2372 965 ante
2413 908 2608 966 faciem
2654 908 2871 980 angeli:
2905 907 3009 975 Qui
3054 906 3333 977 respondit
3391 913 3449 960 et
3482 904 3564 959 ait
3621 902 3706 958 ad
3762 915 3860 959 eos

2245 999 2336 1071 qui
2367 998 2586 1055 stabant
2612 1013 2795 1054 coram
2840 1012 2931 1061 se,
2981 996 3169 1051 dicens
3200 1013 3215 1048 :
3250 992 3476 1050 Auferte
3507 992 3861 1048 vestimenta

2246 1091 2465 1146 sordida
2510 1090 2579 1145 ab
2606 1105 2691 1145 eo.
2728 1088 2796 1144 Et
2833 1084 2967 1143 dixit
3014 1087 3083 1141 ad
3109 1101 3233 1141 eum
3264 1099 3278 1138 :
3305 1083 3445 1139 Ecce
3472 1080 3686 1137 abstuli
3739 1094 3773 1133 a
3810 1087 3860 1132 te

2247 1182 2596 1252 iniquitatem
2631 1192 2813 1245 tuam,
2847 1188 2905 1234 et
2931 1177 3078 1234 indui
3107 1186 3160 1231 te
3193 1173 3525 1231 mutatoriis.
3559 1171 3631 1226 Et
3665 1169 3860 1225 dixit:

2246 1270 2442 1329 Ponite
2491 1272 2721 1329 cidarim
2769 1269 3028 1326 mundam
3073 1281 3238 1338 super
3280 1273 3443 1338 caput
3490 1262 3614 1332 ejus
3652 1258 3860 1332 (lact.

2248 1367 2356 1437 Ill).
2395 1386 2414 1418 ι
2453 1364 2594 1433 Quid
2624 1364 2770 1420 enim
2811 1377 2909 1432 per
2935 1360 3156 1425 Jesum,
3204 1357 3543 1414 sacerdotem
3588 1350 3865 1408 videlicet

2249 1442 2537 1529 magnum,
2566 1454 2669 1509 nisi
2705 1454 2976 1509 mediator
3005 1451 3100 1506 Dei
3147 1460 3204 1505 et
3249 1449 3532 1504 hominum
3561 1445 3745 1501 debet
3774 1443 3863 1498 in-

2249 1546 2453 1618 telligi?
2480 1544 2649 1600 Plane
2676 1544 2823 1599 sicut
2871 1558 2966 1613 per
3008 1539 3313 1596 Zorobabel
3342 1538 3512 1593 lilium
3542 1532 3861 1596 Salalhiel,

2248 1637 2338 1708 qui
2368 1638 2434 1694 de
2462 1635 2629 1708 regali
2678 1633 2833 1690 Judze
2860 1633 3033 1704 stirpe
3078 1637 3447 1703 processerat,
3481 1636 3539 1684 et
3566 1625 3771 1681 Jesum
3802 1621 3864 1677 ﬁ-

2251 1730 2383 1785 lium
2414 1727 2713 1794 Josedech,
2764 1726 2856 1797 qui
2891 1725 2982 1797 jus
3016 1721 3371 1781 sacerdotalis
3422 1715 3863 1774 administrabat

2259 1819 2457 1887 cilicii,
2488 1817 2824 1874 lsraeliticns
2873 1815 3102 1887 pepulus
3153 1829 3249 1884 per
3294 1808 3648 1880 septuaginta
3682 1819 3865 1860 annos

2254 1912 2441 1983 jugum
2472 1909 2813 1982 Babylonica:
2842 1905 3181 1977 captivitatis
3227 1901 3438 1967 evasit,
3478 1896 3863 1969 templumque

2263 2002 2596 2059 Hierusalem
2626 2002 2772 2071 quod
2806 2000 3044 2056 dirutum
3095 1996 3277 2052 fuerat
3322 1992 3561 2049 rediviva
3604 1988 3867 2045 novitate

2260 2095 2597 2160 construxit;
2627 2096 2698 2149 ita
2740 2106 2999 2150 numerus
3042 2092 3347 2147 electorum
3376 2093 3502 2158 post
3530 2082 3709 2151 hujus
3735 2080 3864 2135 vita:

2262 2199 2508 2261 tempora
2535 2202 2656 2258 qua:
2698 2184 3009 2257 septenaria
3051 2183 3267 2239 dierum
3303 2178 3633 2251 repetitione
3664 2175 3868 2230 decur—

2264 2289 2418 2346 runt,
2468 2292 2567 2349 per
2600 2275 2783 2332 Jesum
2828 2272 3138 2338 Christum,
3186 2269 3278 2339 qui
3327 2280 3491 2323 verus
3536 2279 3639 2318 rex
3676 2272 3768 2317 est
3812 2269 3866 2315 et

2262 2368 2553 2433 sacerdos,
2600 2368 2665 2423 de
2700 2365 2961 2421 servitute
3003 2350 3164 2431 hujus
3192 2357 3549 2416 mortalitatis
3589 2354 3862 2426 eripitur,

2261 2471 2318 2518 et
2363 2461 2416 2516 in
2466 2459 2674 2516 caelesti
2725 2454 3068 2512 Hierusalem
3102 2451 3363 2523 templum
3415 2449 3544 2510 Dei,
3580 2445 3745 2517 quod
3783 2451 3864 2499 est

2260 2559 2451 2609 saneta
2477 2549 2718 2606 Ecclesia
2742 2589 2757 2615 ,
2789 2553 3103 2602 renovatur.
3131 2543 3206 2598 De
3234 2556 3341 2612 qua
3370 2539 3643 2595 nimirum
3678 2533 3857 2592 servi-

2264 2651 2377 2697 tute
2407 2640 2539 2697 dicit
2584 2637 2876 2710 Apostolus
2909 2653 2923 2691 :
2956 2634 3097 2689 Nam
3129 2651 3148 2684 ς
3186 2641 3242 2688 et
3269 2631 3386 2702 ipsa
3414 2637 3680 2684 creatura
3734 2623 3865 2679 libr-

2262 2733 2474 2789 rabitur
2517 2747 2549 2786 a
2578 2729 2839 2784 servitute
2881 2723 3343 2796 corruptionis‘in
3389 2721 3716 2776 libertatem
3753 2717 3866 2787 glo-

2263 2823 2359 2878 rite
2391 2819 2625 2877 filiorum
2656 2818 2749 2873 Dei
2781 2814 2956 2888 (Rom.
2985 2815 3128 2885 vm).
3161 2833 3178 2866 ι
3213 2810 3365 2868 Tunc
3395 2810 3579 2880 itaque
3605 2807 3779 2863 Jesus
3809 2806 3859 2859 in

2261 2928 2492 2985 corpore
2518 2892 2649 2972 suo,
2683 2909 2826 2980 quod
2853 2919 2939 2963 est
2963 2906 3239 2967 Ecclesia,
3272 2902 3490 2959 sordida
3519 2892 3856 2954 vestimenta

2261 3005 2518 3076 deponit;
2552 3012 2684 3056 tunc
2722 2998 2947 3055 honoris
2977 3012 3042 3053 ac
3074 2995 3258 3068 gloriae
3304 2992 3546 3063 regimen
3592 2987 3861 3049 assumit,

2264 3097 2390 3166 quia
2418 3092 2597 3148 omnis
2644 3089 2942 3145 electorum
2992 3087 3191 3143 chorus
3239 3098 3272 3140 a
3326 3080 3542 3152 lugubri
3602 3078 3859 3149 squalore

2269 3184 2584 3257 temporalis
2609 3181 2850 3238 tristitia:
2871 3170 3156 3244 liberatur,
3185 3185 3241 3232 et
3262 3173 3707 3231 immortalitatis
3730 3167 3861 3226 stcta

2265 3280 2318 3334 in
2345 3279 2434 3332 illo
2461 3274 2747 3346 splendore
2771 3270 3113 3341 sempiternae
3130 3266 3405 3323 felicitatis
3420 3263 3697 3346 induitur.
3716 3257 3860 3327 Quod

2266 3371 2430 3427 etiam
2459 3344 2513 3422 in
2537 3364 2752 3438 psalmo
2777 3360 3094 3418 dedicandae
3122 3358 3315 3413 domus
3341 3344 3702 3427 apertissime
3721 3348 3861 3408 canit

2267 3461 2514 3534 Ecclesia
2554 3477 2567 3514 :
2607 3476 2625 3510 ι
2658 3454 2989 3513 Convertisti
3009 3492 3024 3518 ,
3056 3450 3254 3521 inquit.
3277 3448 3557 3521 planctum
3592 3460 3781 3501 meum
3809 3443 3857 3498 in

2268 3553 2524 3625 gaudium
2551 3548 2721 3615 mihi,
2764 3543 3081 3603 conscidisti
3128 3554 3345 3597 saccum
3395 3553 3577 3594 meum
3625 3545 3689 3592 et
3734 3547 3862 3606 pra:-

2270 3644 2491 3704 einxisti
2525 3658 2612 3698 me
2658 3640 2880 3705 laetitia;
2913 3646 2966 3693 ut
2998 3644 3215 3693 cantem
3266 3633 3361 3689 tibi
3406 3631 3577 3701 gloria
3638 3641 3762 3683 mea
3811 3632 3862 3679 et

2271 3751 2377 3794 non
2401 3747 2736 3804 compungar
2761 3728 2934 3802 (Psal.
2964 3727 3139 3797 xxix).
3171 3745 3191 3779 ι
3223 3724 3438 3781 Cidaris
3459 3722 3634 3777 etiam
3659 3715 3857 3774 munda

2273 3828 2326 3883 in
2355 3827 2474 3898 ejus
2500 3823 2681 3894 capite
2707 3820 2949 3893 ponitur,
2981 3818 3109 3889 quia
3137 3814 3415 3873 felicitatis
3439 3820 3669 3867 aeterna:
3695 3805 3857 3881 gloria

2273 3933 2588 3982 coronatur.
3084 3928 3089 3936 ‘

2893 4027 3120 4088 CAPUT
3160 4026 3251 4083 IX.

2313 4153 2379 4208 In
2409 4148 2625 4223 epistola
2663 4147 2732 4201 ad
2771 4142 3068 4199 cardinales
3111 4140 3413 4220 episcopos;
3462 4133 3529 4188 de
3572 4129 3827 4203 dignitate

2794 4215 3050 4269 Romanu:
3075 4210 3348 4265 Ecclesue.

2845 4232 3050 4268 omtmtt:
3075 4232 3348 4265 DCCICSUB.

2357 4356 2375 4387 (
2417 4335 2557 4390 Ecce
2586 4331 2755 4401 lapis,
2782 4341 2943 4398 quem
2992 4322 3115 4378 dedi
3147 4336 3333 4377 coram
3379 4316 3512 4372 Jesu
3546 4334 3559 4367 :
3595 4325 3759 4401 super
3791 4321 3859 4401 ta-

2281 4426 2458 4498 pidetn
2503 4396 2671 4477 unum
2718 4396 2924 4488 septem
2958 4413 3099 4470 oculi
3130 4418 3257 4467 sunt
3302 4407 3489 4480 (lactt.
3520 4403 3630 4472 tu).
3663 4422 3681 4454 ι
3712 4396 3860 4466 Lapis

2284 4528 2466 4574 autem
2496 4516 2624 4578 iste,
2654 4512 2744 4568 illa
2772 4507 2962 4581 procul
2994 4506 3158 4562 dubio
3186 4511 3341 4575 petra
3370 4506 3455 4555 est
3486 4499 3554 4553 de
3576 4509 3686 4565 qua
3714 4501 3860 4546 verus

2224 4664 2229 4673 τ
2283 4588 2440 4662 Jesus
2463 4604 2624 4660 Petro
2647 4601 2957 4674 pollicetur,
2982 4598 3207 4653 dicens:
3237 4611 3257 4644 ι
3292 4590 3471 4660 Super
3492 4587 3640 4642 hanc
3662 4584 3855 4674 petram

2282 4697 2560 4754 aediﬁcabo
2590 4672 2894 4750 Ecclesiam
2922 4701 3119 4759 meam
3171 4681 3390 4756 (Matth.
3430 4675 3566 4748 xvi).
3599 4694 3621 4727 ι
3654 4672 3858 4767 Septem

2285 4792 2448 4864 igitur
2476 4788 2664 4846 oculos
2695 4787 2859 4842 habet
2884 4784 2999 4838 haec
3029 4789 3216 4852 petra;
3264 4774 3392 4848 quia
3438 4769 3672 4864 totidem
3698 4770 3856 4864 sancti

2291 4856 2526 4953 gpiritus
2576 4878 2734 4937 donis
2779 4883 2967 4930 sancta
3016 4869 3295 4941 praefulget
3346 4861 3590 4920 Ecclesia
3631 4856 3859 4953 :quibus

2294 4943 2548 5029 nimirum
2590 4969 2737 5024 velut
2780 4965 3164 5021 candelabrum
3195 4973 3422 5015 aureum
3457 4943 3859 5020 ittexstinguibi-

2297 5067 2424 5121 liter
2475 5063 2705 5118 rulilans
2751 5055 3071 5130 ignorantia:
3125 5053 3382 5110 tenebras
3424 5044 3663 5117 eti‘ugat,
3705 5047 3762 5096 et

2295 5122 3015 5222 contemplandumvjustitiaz
3046 5142 3227 5198 Solem
3259 5139 3541 5195 hominum
3579 5137 3785 5187 mentes
3807 5122 3861 5177 ἰιο

2294 5247 2512 5302 lustrat.
2540 5226 2618 5297 De
2650 5254 2758 5309 quo
2782 5237 2924 5315 idem
2948 5234 3206 5305 propheta
3237 5245 3254 5284 :
3287 5250 3305 5281 ι
3342 5226 3486 5288 Vidi,
3512 5225 3608 5315 ait,
3649 5229 3705 5276 et
3744 5226 3857 5273 ecce

606 5346 698 5402 hic
747 5314 1002 5417 appellati
1050 5357 1176 5404 sunt
1214 5314 1456 5403 montes:
1507 5343 1978 5414 Evangelistarum
2031 5340 2190 5410 plane
2295 5336 2680 5395 candelabrum
2708 5343 2938 5417 anteum
2985 5335 3188 5417 totum,
3218 5331 3275 5378 et
3303 5321 3515 5417 lampas
3553 5314 3674 5384 eius

603 5454 833 5495 numero
856 5441 1121 5511 congruit,
1155 5449 1210 5497 et
1238 5438 1420 5495 mundi
1448 5437 1613 5503 situs,
1641 5446 1696 5491 et
1721 5445 2032 5507 temporum
2060 5448 2190 5489 cur-

608 5547 734 5597 sus;
762 5530 889 5601 quia
928 5540 979 5585 et
1016 5538 1250 5600 quatuor
1276 5528 1459 5584 mundi
1497 5534 1699 5598 partes,
1727 5535 1780 5580 et
1816 5524 2039 5578 totidem
2067 5530 2193 5578 sunt

605 5633 911 5693 temporum
943 5621 1306 5678 diversitates.
1340 5620 1454 5676 Non
1487 5634 1617 5689 ergo
1660 5618 1890 5681 mirum,
1938 5616 1982 5671 si
2031 5615 2192 5686 spiri-

609 5714 770 5770 tualis
816 5713 1048 5769 mundus
1088 5712 1284 5768 visibili
1331 5711 1455 5768 huic
1488 5710 1838 5774 conferatur;
1871 5706 2034 5778 266
2063 5705 2190 5761 dum

2291 5438 2456 5498 caput
2505 5409 2715 5494 ipsius,‘
2737 5429 2792 5473 et
2841 5426 3051 5491 septem
3096 5415 3332 5470 lucerna:
3375 5410 3495 5480 ejus
3543 5422 3706 5476 super
3736 5397 3855 5473 illud

2293 5496 2478 5592 (lacn.
2512 5520 2643 5584 iv)»
2665 5512 2819 5580 Quod
2851 5509 3039 5578 utique
3067 5514 3463 5592 sacramentum
3490 5510 3544 5555 et
3566 5499 3627 5592 B,
3649 5496 3859 5592 Joannes

2294 5585 2346 5666 in
2379 5605 2697 5678 Apocalypsi
2746 5617 2804 5659 se
2853 5598 3110 5655 didicisse
3159 5610 3262 5650 non
3301 5590 3506 5655 tacuit,
3537 5588 3625 5643 cui
3670 5585 3851 5639 dictum

2294 5703 2455 5773 267
2504 5704 2625 5755 ὒδιε
2686 5691 3063 5767 τ’ΜΥεῑοτίιιιη
3116 5696 3320 5758 septem
3370 5681 3690 5743 stellarum,
3737 5682 3851 5742 quas
