4052 6312
139 293 144 298 “
223 303 365 372 ωδ

1396 306 1462 365 ΙΝ
1498 307 1746 370 LIBROS
1765 310 2334 368 .PllOPllETARUM.

3362 317 3500 372 HN

221 422 409 478 vidisti
435 421 490 476 in
519 419 755 478 dextera.
791 436 942 484 mea,
972 428 1027 475 et
1053 428 1260 491 septem
1294 420 1622 480 candelabra
1650 437 1816 484 aurea
1853 435 1892 489 Α
1927 422 2134 490 pet-itur
2157 423 2211 476 in
2242 421 2484 486 cunctis;
2518 431 2575 477 et.
2608 422 2746 492 quod
2790 424 2990 478 dicitur
3024 422 3092 478 ab
3121 422 3389 480 universis
3417 427 3501 482 in;-

225 515 412 584 (Apoc.
443 513 509 584 ι).
548 531 578 564 ιΔ
598 511 819 582 septem
846 511 1017 572 stellae
1040 511 1218 582 angeli
1243 521 1370 567 sunt
1395 521 1603 581 septem
1634 511 1824 567 Eccle-

224 605 434 664 siarum
457 642 486 671 ,_
526 612 587 660 et
631 603 965 668 candelabra
1015 611 1225 674 septem
1293 610 1504 672 septem
1564 600 1824 664 Ecclesiae

223 705 374 759 sunt.

858 785 1088 844 CAPUT
1127 786 1185 847 Χ

311 883 382 944 In
405 903 644 944 sermone
687 886 750 941 II
775 888 848 946 de.
868 886 928 944 S.
961 887 1216 944 Matt/caeo
1261 896 1436 962 apost.
1469 895 1518 941 et
1546 902 1731 956 evang.

293 975 470 1034 Porro
517 978 795 1050 quadriga:
853 979 958 1035 illae
1006 993 1142 1049 quas
1196 978 1494 1038 Zacharias
1554 980 1822 1050 propheta

224 1071 511 1140 designat,
539 1087 664 1127 cum
682 1072 820 1127 dicit
848 1091 861 1127 :
895 1091 914 1125 ‹
950 1072 1015 1130 Et
1064 1087 1368 1128 conversus
1403 1087 1561 1138 sum,
1585 1080 1641 1127 et
1674 1072 1819 1138 vidi,

225 1167 282 1216 et
329 1172 464 1216 ecce
515 1169 752 1230 quatuor
810 1161 1088 1232 quadrigae
1139 1161 1484 1232 egredientes
1529 1162 1595 1216 de
1642 1159 1822 1217 medio

225 1250 459 1305 duorum
486 1252 754 1306 montium
775 1293 790 1317 ,
830 1262 900 1315 et,
930 1262 1088 1308 erant
1118 1263 1330 1308 montes
1357 1253 1506 1308 aerei.
1543 1272 1562 1306 ι
1596 1253 1672 1308 De
1696 1252 1821 1322 qui-

223 1339 329 1400 bus
375 1349 431 1396 et
475 1341 636 1412 paulo
671 1352 796 1412 post
825 1343 1005 1400 dicit:
1046 1361 1065 1396 ι
1101 1344 1194 1405 lsti
1226 1351 1355 1400 sunt
1399 1352 1636 1414 quatuor
1671 1343 1820 1399 venti

224 1428 375 1496 cadi,
405 1431 498 1501 qui
529 1433 910 1503 egrediuntur,
961 1442 1022 1490 ut
1066 1442 1214 1498 stent
1257 1449 1440 1491 coram
1478 1434 1821 1493 dominatore

222 1521 403 1576 oinnis
433 1530 592 1578 terrae
633 1521 820 1594 (Zach.
872 1524 972 1596 vr).
1004 1545 1026 1580 ι
1081 1525 1150 1581 Et
1185 1527 1486 1587 notandum
1533 1528 1660 1597 quia
1707 1543 1818 1584 non

223 1629 334 1669 una
359 1625 595 1684 quatuor
643 1618 1099 1689 evangelistarum
1147 1620 1434 1691 quadriga.
1459 1621 1689 1688 dicitur;
1723 1622 1820 1679 sed

220 1707 596 1778 unusquisque
625 1725 817 1765 eorum
842 1711 1110 1783 quadriga
1155 1720 1406 1777 vocatur,
1436 1712 1566 1781 quia
1592 1720 1649 1766 et
1679 1727 1818 1790 unus

1928 514 2147 569 vertitur
2173 514 2228 568 in
2257 513 2510 583 singulis.
2532 514 2646 569 Duo
2682 529 2811 571 vero
2840 527 3054 570 montes
3082 517 3208 570 κιττοὶ
3231 553 3248 580 ,
3285 517 3352 571 de
3377 532 3512 586 quo-

1926 620 2044 660 rum
2084 604 2264 664 medio
2285 604 2544 660 dicuntur
2570 605 2812 674 egressi,
2839 606 2945 660 duo
2973 614 3100 661 sunt
3131 604 3474 663 Testamenta
3499 647 3513 671 ,

1923 711 2045 765 qua:
2068 698 2136 752 ad
2167 697 2340 752 instar
2367 697 2493 752 atris
2536 697 2807 753 durabilia
2855 709 2981 754 sunt
3026 708 3084 754 et
3125 714 3348 763 sonora,
3381 701 3510 770 quia

1921 805 2100 861 usque
2135 791 2204 845 ad
2233 791 2394 846 ﬁnem
2423 791 2609 846 saeculi
2656 808 2760 848 non
2797 791 3079 848 inveniunt
3125 793 3416 848 terminum
3442 802 3501 847 et

1920 896 2020 951 per
2044 882 2230 937 omnia
2256 882 2441 937 mundi
2469 883 2645 952 spatia
2673 885 2802 938 dant
2839 885 3122 942 tinnitum.
3156 904 3174 937 ι
3208 886 3265 939 In
3291 899 3510 942 omnem

1922 975 2069 1029 enim
2099 979 2304 1030 terram
2332 976 2503 1031 exivit
2541 991 2706 1032 sonus
2740 991 2970 1042 eorum,
2997 986 3053 1032 et
3098 977 3160 1032 in
3203 978 3336 1033 tinos
3367 977 3518 1032 orbis

1923 1076 2082 1122 terra:
2108 1067 2272 1123 verba
2302 1082 2489 1124 eorum
2521 1065 2693 1138 (Ρεαι.
2727 1068 2903 1138 xvm).
2938 1087 2956 1121 ι
2994 1068 3094 1136 Qui
3123 1078 3181 1124 et
3205 1065 3357 1123 venti
3387 1082 3511 1124 esse

1922 1160 2256 1224 referuntur,
2308 1160 2432 1228 quia
2485 1160 2554 1214 de
2600 1160 2685 1214 his
2734 1161 2996 1229 scriptum
3028 1170 3111 1215 est
3143 1172 3162 1214 τ’
3197 1180 3214 1212 ι
3252 1159 3356 1216 Ubi
3399 1169 3519 1215 crat

1923 1253 2158 1322 impetus
2183 1252 2430 1322 spiritus,
2453 1251 2582 1306 illuc
2607 1251 2999 1321 gradiebantur
3019 1251 3238 1325 (Ezech.
3269 1250 3332 1320 ι).
3366 1268 3383 1301 ι
3411 1249 3514 1317 Qui

1921 1346 2089 1401 etiam
2117 1345 2477 1415 egrediuntur
2514 1353 2573 1399 ut
2602 1353 2747 1399 stent
2776 1359 2961 1400 coram
2987 1344 3347 1399 Dominatore
3396 1355 3514 1397 οιιηρ

1921 1437 2008 1491 nis
2032 1433 2224 1501 terrae;
2255 1435 2382 1505 quia
2407 1436 2549 1504 quod
2571 1437 2748 1491 sancti
2777 1437 3160 1505 praedicatores
3184 1450 3251 1489 ex
3281 1434 3516 1490 ﬁdelium

1920 1526 2338 1583 fructiﬁcatione
2362 1523 2678 1596 proﬁciunt,
2717 1542 2823 1581 non
2854 1526 2968 1595 sibi.
2985 1526 3230 1580 tribuunt
3250 1567 3263 1589 ,
3298 1526 3392 1580 sed
3425 1539 3519 1579 au-

1921 1620 2057 1675 ctori
2090 1635 2119 1673 a
2149 1634 2258 1689 quo
2281 1634 2470 1674 eorum
2493 1622 2673 1673 omnia
2698 1618 2847 1674 lucra
2873 1619 3193 1687 procedunt.
3219 1618 3295 1671 De
3316 1617 3516 1686 quibus

1922 1712 1991 1767 ad
2019 1711 2081 1766 B.
2108 1709 2210 1768 Job
2239 1712 2435 1766 dicitur
2473 1729 2485 1763 :
2531 1731 2548 1762 ι
2583 1710 2842 1780 Nunquid
2883 1711 3147 1765 immittes
3179 1709 3392 1780 fulgura
3413 1744 3432 1774 ,
3461 1716 3516 1762 et

221 1797 278 1856 iu
309 1807 560 1869 quatuor,
598 1810 650 1855 et
695 1810 930 1873 quatuor
958 1803 1168 1866 suntin
1199 1818 1341 1871 uno;
1377 1803 1504 1860 dum
1537 1819 1635 1875 per
1663 1803 1814 1874 ejus-
1845 1795 1890 1856 B
1921 1803 2099 1867 ibunt,
2133 1810 2189 1858 et
2230 1801 2560 1857 revertentia
2592 1801 2775 1856 dicent
2805 1802 2900 1855 tibi
2937 1820 2948 1853 :
2979 1799 3288 1856 Adsumus?
3343 1817 3363 1849 ι
3395 1795 3516 1868 (Job

221 1887 346 1958 dem
378 1889 502 1960 ﬁdei
534 1892 894 1958 intentionem
929 1896 1072 1968 quod
1115 1896 1378 1954 scribitur
1402 1910 1434 1952 a
1464 1896 1694 1969 singulis
1728 1911 1815 1952 re-

1925 1895 2180 1964 xxxvm.)

1228 2005 1536 2079 Expliciunt
1568 2010 1865 2066 testimonia
1901 2007 1962 2062 de
1989 2006 2138 2062 libris
2163 2005 2557 2077 prophetarum.

1657 2179 2084 2243 INCIPIUNT'

629 2349 1383 2444 TESTIMONIA
1438 2351 1585 2438 DE
1663 2344 2052 2437 LI-BRO‘
2099 2343 3094 2440 MACHABIEO'RUM.

734 2501 963 2559 CAPUT
1002 2499 1292 2557 PRIMUM.

299 2618 319 2654 ι
355 2599 489 2656 Cum
522 2597 574 2651 in
613 2596 887 2650 Persidem
919 2594 1119 2672 (inquit
1150 2591 1455 2663 Scriptura)
1483 2589 1814 2647 ducerentur

219 2704 407 2768 patres
465 2690 669 2754 nostri,
729 2687 1041 2752 sacerdotes
1096 2685 1189 2754 qui
1246 2693 1374 2738 tunc
1426 2681 1523 2737 Dei
1575 2679 1813 2735 cultores

218 2794 406 2852 erant,
445 2790 726 2852 acceptum
756 2780 934 2852 ignem
967 2779 1034 2834 de
1063 2776 1220 2831 altari
1255 2773 1464 2831 occulte
1512 2770 1812 2828 absconde-

218 2887 348 2935 runt
377 2877 432 2932 in
461 2875 600 2930 valle
619 2915 632 2936 ,
667 2872 753 2928 ubi
783 2880 902 2926 erat
929 2880 1125 2940 puteus
1159 2868 1302 2933 altus
1331 2875 1390 2923 et
1416 2866 1626 2933 siccus,
1659 2872 1715 2920 et
1752 2863 1809 2918 in

217 2987 285 3028 eo
311 2968 576 3026 contutati
605 2975 734 3023 sunt
760 2980 919 3031 eum;
955 2965 1030 3018 ita
1056 2970 1116 3018 ut
1142 2960 1396 3016 omnibus
1422 2955 1636 3033 ignotus
1665 2963 1809 3011 esset

217 3062 404 3117 locus.
435 3058 573 3114 Cum
625 3056 1019 3128 praeteriissent
1062 3061 1244 3112 autem
1291 3048 1463 3118 ,multi
1503 3049 1662 3114 anni,
1693 3046 1807 3118 pla-

1917 2491 2074 2546 tutati
2101 2491 2318 2562 quidem
2343 2493 2538 2561 fuisse,
2560 2510 2668 2550 non
2700 2504 2880 2550 autem
2915 2497 3160 2555 funditus
3184 2499 3514 2559 exstinxisse

1919 2580 2258 2637 referuntur.
2311 2582 2448 2650 Quia
2485 2583 2775 2640 'nimirum
2831 2586 2971 2656 ignis
3034 2589 3204 2645 divini
3273 2594 3514 2661 amoris,

1920 2687 2080 2746 quem
2114 2673 2168 2728 in
2202 2674 2382 2729 anima
2415 2677 2590 2732 nostri
2618 2679 2800 2733 cordis
2824 2682 3198 2750 accendimus,
3220 2693 3279 2738 ut
3304 2700 3370 2744 ex
3392 2702 3515 2740 aro-

1919 2763 2160 2820 matibus
2186 2764 2454 2820 bonorum
2486 2780 2710 2835 operum
2737 2784 2905 2826 suave
2932 2771 3044 2825 Deo
3074 2773 3401 2832 sacriﬁcium
3427 2777 3514 2836 of;

1919 2855 2194 2923 feramus,
2226 2856 2278 2912 in
2312 2858 2428 2927 ipso
2474 2867 2682 2918 nostrae
2713 2863 3149 2921 conversationis
3179 2866 3333 2923 initio
3366 2870 3513 2925 intus

1917 2950 2135 3020 quidem
2185 2953 2347 3009 debet
2394 2954 2610 3010 occulte
2656 2970 2874 3026 seiiiper
2921 2959 3148 3025 ardere,
3188 2973 3510 3022 nonau’em

1915 3042 2064 3099 foras
2093 3060 2153 3100 se
2181 3059 2278 3116 per
2319 3061 2472 3100 vanae
2515 3046 2702 3117 gloriae
2732 3046 2980 3104 ﬁnitimas
3011 3053 3343 3126 expandere.
3374 3054 3514 3108 Con-

216 3154 336 3214 c,uit
358 3152 592 3210 Domino
615 3160 674 3206 ut
701 3150 1011 3204 mitteretur
1033 3144 1323 3205 Nehemias
1342 3157 1373 3196 a
1397 3156 1521 3212 rege
1550 3138 1806 3195 Persidis.
1839 3134 1883 3198 C
1917 3143 2125 3191 tutatur
2148 3151 2279 3208 ergo
2310 3137 2502 3208 sopitis
2541 3136 2802 3206 ﬂammis,
2832 3155 2937 3195 non
2969 3150 3151 3197 autem
3184 3143 3236 3198 vi
3270 3145 3517 3214 privatur

217 3246 318 3302 Hic
355 3244 506 3303 misit
526 3252 748 3314 nepotes
773 3241 1120 3296 sacerdotum
1153 3236 1366 3291 illorum
1387 3275 1402 3300 ,
1451 3233 1544 3309 qui
1579 3233 1838 3288 abscono'

216 3337 445 3402 derant,
474 3335 542 3391 ad
576 3333 958 3404 requirendum
1007 3329 1225 3401 ignem;
1263 3334 1349 3391 et,
1378 3323 1521 3380 sicut
1549 3336 1811 3378 narrave-

218 3437 350 3484 runt
374 3428 563 3492 nobis,
607 3441 711 3481 non
745 3425 1070 3478 invenerunt
1093 3420 1292 3491 ignem,
1320 3417 1415 3473 sed
1438 3430 1631 3486 aquam
1663 3428 1810 3469 cras-

219 3537 336 3577 sam
365 3519 453 3591 (II
478 3517 722 3573 illac/tab.
747 3515 809 3588 ι).
842 3535 858 3566 ι
890 3515 945 3569 In
976 3513 1174 3584 quibus
1191 3509 1444 3567 omnibus
1473 3506 1656 3562 verbis
1679 3504 1810 3559 illud

218 3625 385 3664 unum
433 3609 747 3679 specialiter
777 3605 1168 3661 attendendum
1206 3611 1289 3658 est
1331 3600 1475 3671 quod
1519 3599 1570 3653 in
1614 3597 1724 3653 alto
1755 3604 1810 3651 et

217 3704 365 3757 sicco
391 3701 548 3756 vallis
593 3709 755 3768 puteo
787 3699 938 3768 prius
987 3697 1128 3768 ignis
1158 3694 1532 3758 absconditur,
1580 3700 1636 3747 et
1661 3700 1810 3762 post-

217 3791 440 3846 modum
468 3788 635 3860 268
661 3803 768 3840 non
819 3786 991 3856 ignis,
1013 3785 1122 3848 sed
1160 3798 1300 3852 aqua
1346 3796 1590 3837 crassaa
1622 3780 1808 3850 reqni:

215 3881 462 3936 rentibus
490 3878 783 3932 invenitur.
820 3873 970 3936 Mens
998 3874 1199 3944 quippe
1229 3871 1444 3927 sincera
1493 3879 1656 3939 atque
1686 3885 1807 3939 per-

213 3974 359 4028 fecta
390 3970 607 4026 Domini
657 3967 958 4024 intentione
992 3964 1331 4036 quaerentis,
1355 3978 1462 4018 non
1510 3963 1806 4033 incongrue

211 4080 311 4135 per
337 4072 558 4134 puteum
584 4061 737 4115 vallis
767 4060 936 4115 altum
960 4056 1282 4128 designatur
1316 4063 1370 4109 et
1401 4054 1608 4110 siccum
1634 4069 1650 4120 ;
1685 4069 1805 4123 quae

215 4157 471 4211 nimirum
496 4164 552 4211 et
573 4170 602 4209 a
622 4154 803 4209 ﬁuidis
828 4153 1206 4209 illecebrarnm
1229 4149 1534 4206 carnalium
1555 4147 1807 4217 volupta-

215 4249 361 4303 tibus
386 4247 570 4312 arida,
618 4255 674 4302 et
720 4258 952 4301 terrena:
995 4240 1454 4313 concupiscentiae
1515 4237 1804 4292 ruderibus

211 4339 320 4394 alte
347 4337 564 4392 defessa
583 4377 598 4403 ,
624 4346 678 4392 et
705 4336 758 4390 in
786 4349 924 4390 verae
949 4332 1276 4390 humilitatis
1299 4339 1381 4387 est
1403 4328 1647 4386 conValle
1675 4326 1800 4383 fun~

212 4434 358 4487 data.
394 4429 531 4485 Huic
559 4429 744 4499 itaque
775 4435 936 4498 puteo
970 4423 1225 4482 sacrificii
1274 4422 1414 4492 ignis
1464 4421 1799 4486 immittitur,

1915 3227 2252 3300 ardoris;qut
2283 3243 2388 3283 non
2420 3244 2645 3299 prorsus
2689 3231 2950 3298 intereat,
2973 3236 3076 3296 sed
3122 3251 3241 3292 sese
3271 3246 3516 3308 postmo-

1917 3321 2045 3388 dum
2075 3320 2406 3376 mirabiliter
2433 3311 2572 3394 ignis
2621 3323 2674 3377 in
2722 3340 2919 3394 aquam
2964 3337 3167 3384 vertat.
3195 3328 3320 3386 Haec
3349 3347 3512 3403 porro

1907 3427 2074 3494 aqua,
2108 3417 2453 3484 compunctio
2487 3416 2738 3472 videlicet
2763 3417 3149 3490 lacrymarum,
3187 3439 3291 3479 non
3330 3426 3502 3481 solum

1913 3519 1941 3555 a
1972 3512 2317 3571 peccatorum
2354 3519 2452 3560 nos
2500 3507 2822 3578 contagione
2867 3509 3150 3580 puriﬁcat,
3187 3514 3280 3568 sed
3327 3516 3494 3572 etiam

1915 3605 1972 3648 ut
1999 3593 2250 3664 placeant
2279 3591 2393 3664 ipsa
2420 3597 2529 3650 Deo
2555 3597 2695 3651 bona
2725 3607 2908 3658 nostra
2931 3605 3305 3674 commendat.
3324 3604 3498 3672 Omns

1903 3685 2147 3754 namque
2189 3699 2414 3754 operum
2457 3686 2785 3742 sacriﬁcium
2843 3690 2898 3744 in
2948 3705 3241 3762 conspectu
3285 3699 3505 3766 superni

1910 3774 2119 3830 Iudicis
2151 3778 2376 3832 suavius
2425 3779 2690 3842 redditur,
2725 3780 2768 3833 si
2801 3782 3050 3837 contrita:
3096 3775 3291 3840 mentis
3333 3787 3512 3859 lacry-

1913 3867 2016 3919 mis
2046 3877 2390 3935 aspergatur.
2428 3868 2578 3922 Unde
2633 3868 2743 3924 illic
2796 3881 2918 3939 apte
2966 3872 3357 3944 snbjungitur:
3395 3897 3410 3926 ι
3447 3877 3512 3930 Et

1912 3957 2176 4010 Sacriﬁcia
2201 3996 2215 4021 ,
2250 3956 2456 4025 inquit,
2487 3973 2607 4026 qua:
2639 3958 2892 4028 imposita
2923 3972 3109 4026 erant,
3133 3960 3294 4030 jussit
3327 3980 3506 4019 sacer-

1909 4049 2005 4101 dus
2034 4047 2324 4103 Nehemias
2361 4051 2576 4119 aspergi
2602 4066 2741 4121 aqua
2770 4051 2883 4118 ipsa
2903 4093 2917 4117 ,
2941 4062 2995 4106 et
3025 4053 3168 4124 ligna
3201 4072 3318 4124 qua:
3343 4069 3502 4113 erant

1907 4141 2271 4210 superposita.
2305 4163 2323 4192 ι
2353 4141 2605 4196 Protinus
2627 4144 2867 4199 historiae
2888 4146 3058 4199 series
3077 4148 3314 4203 addidit:
3339 4168 3356 4200 ‹
3390 4151 3505 4207 lloc

1909 4244 1965 4286 ut
1996 4235 2199 4289 factum
2223 4245 2342 4300 est,
2381 4245 2591 4306 tempus
2623 4236 2832 4304 adluit,
2863 4255 2969 4310 quo
3000 4240 3082 4297 sol
3129 4243 3369 4311 refulsit,
3407 4250 3499 4316 qui

1906 4325 2056 4393 prius
2083 4334 2203 4380 erat
2229 4325 2282 4379 in
2314 4327 2528 4391 nubilo;
2559 4337 2614 4381 ct
2641 4328 2902 4385 accensus
2947 4343 3031 4386 est
3073 4334 3215 4402 ignis
3245 4353 3498 4408 magnus,

1906 4413 1977 4468 ita
2011 4425 2069 4471 ut
2095 4431 2284 4472 omnes
2305 4419 2653 4474 mirarentur.
2702 4440 2720 4472 ι
2773 4421 3098 4486 Audivimus
3135 4436 3324 4492 antea,
3373 4431 3500 4498 quia

208 4537 335 4579 cum
362 4523 417 4577 in
443 4522 601 4577 electi
626 4519 917 4589 cujuslibet
946 4525 1129 4573 mente
1156 4516 1324 4572 divini
1353 4514 1556 4570 amoris
1585 4513 1801 4568 ﬂamma
1836 4508 1881 4567 D
1909 4522 2050 4576 aqua
2078 4523 2178 4577 pro
2206 4508 2328 4579 igne
2360 4519 2571 4578 reperta
2604 4522 2714 4574 est;
2747 4527 2892 4566 nunc
2922 4516 3230 4570 eCOIIlrariO
3277 4518 3497 4580 dicitur.

208 4613 517 4683 concipitur
537 4622 702 4682 atque
726 4611 794 4666 ad
818 4609 1042 4666 caeleste
1065 4607 1390 4664 desiderium
1414 4606 1564 4676 prius
1586 4605 1800 4661 animus

209 4705 601 4761 inflammatur.
632 4702 739 4758 Sed
769 4703 858 4757 hic
887 4701 1028 4771 ignis
1053 4700 1110 4755 in
1143 4713 1340 4768 aquam
1385 4697 1639 4762 vertitur,
1671 4696 1797 4767 quia

206 4816 273 4854 ex
305 4799 427 4870 igne
455 4795 620 4852 divini
648 4793 852 4848 amoris
873 4793 1236 4863 lacrymarnm
1262 4789 1612 4859 compunctio
1636 4794 1799 4858 gene-

207 4901 382 4947 ratur.
417 4889 484 4945 Et
509 4887 805 4943 notandum
832 4886 975 4956 quod
1011 4901 1117 4940 non
1163 4901 1299 4955 pura
1328 4884 1598 4940 duntaxat
1622 4889 1799 4952 aqua,

207 4984 304 5039 sed
336 4996 522 5038 crassa
568 4995 708 5048 aqua
739 4987 992 5034 narratur
1023 4978 1134 5034 illic
1176 4979 1345 5033 fuisse
1393 4985 1631 5046 reperta.
1661 4974 1800 5042 Quid

209 5073 358 5127 enim
393 5086 577 5127 crassa
623 5080 706 5126 est
749 5086 888 5140 aqua
921 5069 1024 5124 nisi
1057 5069 1421 5140 lacrymarum
1450 5067 1803 5137 compunctio

210 5167 409 5224 divina:
441 5168 626 5238 gratiae
673 5165 998 5236 pinguedine
1047 5163 1330 5234 saginata?
1382 5161 1498 5228 Qua
1547 5159 1804 5214 videlicet

212 5257 453 5328 saginari
497 5257 825 5328 pinguedine
869 5255 1135 5311 aestuabat
1163 5252 1465 5322 Propheta,
1499 5265 1620 5304 cum
1650 5249 1799 5327 dice-

214 5361 339 5402 ret:
377 5365 395 5399 ι
434 5346 588 5402 Sicut
634 5347 790 5416 adipe
835 5353 893 5399 et
935 5342 1262 5416 pinguedine
1305 5340 1582 5410 repleatur
1617 5339 1798 5394 anima

214 5453 334 5493 mea
380 5423 556 5510 (Prol.
605 5441 760 5509 un).
795 5456 812 5490 ι
865 5437 932 5490 Ει
969 5440 1077 5506 per
1124 5435 1287 5489 alium
1333 5433 1651 5502 prophetam
1686 5432 1798 5485 haec

212 5530 404 5584 eadem
435 5529 772 5599 promittitur
813 5528 1148 5591 crassitudo,
1179 5541 1302 5580 cum
1345 5525 1464 5578 ait:
1505 5543 1523 5574 ι
1555 5521 1799 5578 Delecta-

213 5619 363 5674 bitu’r
388 5620 442 5673 in
475 5618 840 5674 crassitudine
867 5618 1046 5673 anima
1075 5625 1257 5672 vestra
1299 5613 1456 5686 (Iani.
1487 5613 1598 5682 LV).
1638 5634 1658 5663 ο
1688 5611 1800 5666 Nec

214 5710 650 5780 praetereundum
673 5711 815 5783 quod
844 5708 1242 5766 abscondentes
1267 5708 1414 5764 hunc
1438 5694 1642 5779 ignem,
1668 5716 1801 5762 con-

1904 4591 2034 4658 quia
2063 4604 2156 4657 per
2190 4605 2563 4658 aspersnonem
2598 4607 2752 4662 aqua:
2789 4595 2928 4665 ignis
2970 4612 3198 4668 magnus
3233 4615 3494 4657 accensus

1901 4691 2003 4737 est.
2055 4681 2198 4752 Ergo
2246 4692 2301 4736 et
2345 4699 2410 4737 ex
2470 4685 2592 4754 igne
2641 4690 2780 4753 aqua
2840 4689 3104 4752 nascitur,
3151 4698 3202 4744 et
3245 4706 3306 4746 ex
3351 4709 3490 4762 aqua

1899 4771 2040 4840 ignis
2078 4772 2306 4828 invicem
2338 4777 2696 4842 procreatur.
2719 4776 2853 4842 Quia
2887 4777 3136 4833 videlicet
3169 4790 3222 4834 et
3262 4795 3325 4835 ex
3369 4783 3491 4852 igne

1897 4865 2061 4920 divini
2095 4865 2298 4920 amoris
2324 4869 2496 4936 gratia
2529 4867 2960 4937 compunctionis
2986 4871 3180 4934 oritur,
3211 4881 3264 4926 et
3303 4889 3491 4928 rursus

1894 4970 1956 5012 ex
1987 4960 2407 5027 eompunctione
2441 4959 2809 5029 lacrymarum
2845 4962 3101 5017 desiderii
3133 4963 3371 5020 cmlestis
3398 4981 3485 5018 ar-

1894 5049 1991 5103 dor
2017 5057 2263 5119 augetur.
2295 5049 2545 5104 Alterum
2578 5051 2846 5120 siquidem
2877 5052 3073 5129 pendet
3102 5067 3166 5107 ex
3201 5054 3400 5118 altero,
3433 5066 3489 5110 et

1891 5139 2104 5195 sibimet
2132 5149 2420 5212 utrumque
2453 5141 2684 5196 invicem
2711 5151 2951 5212 praestat,
2977 5144 3102 5198 dum
3131 5154 3186 5199 et
3211 5160 3277 5199 ex
3300 5161 3485 5201 amore

1891 5233 1985 5289 Dei
2019 5233 2383 5303 lacrymarum
2414 5233 2762 5302 compunctio
2791 5235 3038 5304 proﬂuit,
3075 5245 3128 5291 et
3166 5253 3365 5294 rursus.
3388 5255 3484 5307 per

1889 5329 2160 5398 lacrymas
2203 5327 2268 5379 ad
2317 5342 2560 5380 arnorem
2616 5327 2706 5380 Dei
2758 5342 2910 5382 mens
2961 5338 3144 5384 nostra
3185 5330 3482 5385 ferventius

1888 5419 2200 5478 inardescit.
2252 5418 2305 5471 ln
2355 5433 2460 5486 qua
2500 5429 2680 5473 autem
2723 5431 2902 5474 mente
2948 5420 3104 5488 hujus
3152 5423 3478 5478 alternitatis

1885 5512 2165 5579 reciproca
2194 5509 2434 5564 varietas
2467 5511 2668 5579 agitur,
2705 5514 2771 5566 ab
2797 5514 2942 5566 omni
2968 5516 3335 5583 proculdubio
3363 5532 3480 5570 rea.

1884 5613 1972 5659 tus
2009 5603 2091 5657 sui
2125 5601 2379 5670 squalore
2409 5610 2692 5670 purgatur.
2733 5602 2882 5657 Unde
2911 5604 3018 5658 illic
3049 5621 3151 5660 non
3184 5606 3477 5674 incongrue

1879 5707 2155 5770 postremo
2179 5695 2522 5774 subjungitur
2551 5715 2562 5750 :
2601 5714 2616 5746 ε
2657 5695 2956 5765 Appellavit
2980 5707 3160 5753 autem
3185 5696 3473 5754 Neiiemias
