4052 6312
556 301 698 359 “75

1637 301 1729 367 DE
1762 297 2238 371 PETITIONIBUS
2272 299 2665 366 LINCIDMUI,
2706 299 2858 377 ETC.

3709 303 3851 362 ιιιε

565 418 713 473 hunc
761 414 972 479 locum,
1026 412 1290 484 Nephtar,
1327 413 1472 484 quod
1519 413 1914 483 interpretatur
1960 413 2148 483 puri/i-
2177 420 2227 477 Α
2251 421 2308 469 et
2342 428 2525 469 arcam
2551 455 2565 478 ,
2610 427 2673 469 et
2698 413 2870 470 altare
2901 413 3106 471 incensi
3137 414 3323 471 intulit
3342 414 3507 480 illuc,
3545 426 3597 470 et
3633 419 3854 474 ostium

571 507 734 561 catio.
769 524 787 554 ι
813 503 990 560 Locus
1022 513 1203 574 Itaque
1225 512 1410 560 noster
1430 502 1522 559 ubi
1543 503 1870 559 sacriﬁcium
1898 502 2147 569 oﬂ‘ertur,

565 597 659 652 ubi
695 610 871 665 aqum,
892 610 994 652 nec
1030 610 1137 651 non
1162 605 1220 651 et
1246 596 1386 668 ignis
1405 636 1421 662 ,
1445 605 1506 650 ut
1531 596 1737 652 dictum
1764 604 1849 651 est
1866 634 1886 662 ,
1914 596 2152 651 varietas

561 686 889 751 alternatur,
923 684 1097 741 ﬁdelis
1122 696 1208 741 est
1232 688 1446 753 anima;
1476 701 1599 756 qua:
1638 684 1887 756 profecto
1923 700 2032 740 non
2064 685 2150 741 iu-

557 790 797 847 congrue
822 775 1132 847 puriﬁcatio
1163 776 1403 843 dicitur;
1430 777 1558 847 quia
1596 777 1724 832 dum
1750 791 1897 833 nunc
1925 775 2151 848 superni

557 868 762 925 amoris
791 868 958 940 269
1002 869 1127 939 igne
1162 869 1508 938 decoquitur,
1536 883 1683 924 nunc
1724 866 1947 923 contriti
1970 865 2153 922 cordis

556 956 775 1014 ﬂetibus
798 960 1097 1015 inundatur
1131 968 1189 1017 et
1216 961 1366 1017 velut
1388 960 1612 1017 secundi
1642 959 1899 1029 baptismi
1934 958 2154 1015 ﬂuentis

552 1050 818 1107 iabluitur.
843 1050 953 1107 Has
976 1059 1160 1107 autem
1195 1052 1604 1108 successionum
1644 1051 2035 1108 alternantium
2066 1050 2150 1107 vi-

558 1141 909 1199 cissitudines
948 1151 1006 1198 et
1049 1143 1409 1199 mutationum
1442 1142 1813 1214 spiritualium
1855 1142 2154 1198 varietates

557 1230 732 1289 lsaias
761 1232 1028 1302 profunde
1056 1242 1448 1304 perspexerat,
1479 1248 1601 1288 eum
1648 1232 1865 1288 dicebat
1894 1249 1910 1287 :
1946 1249 1967 1284 ς
2002 1231 2157 1287 Orie-

562 1332 676 1387 tur,
751 1324 962 1394 inquit,
1023 1325 1079 1379 in
1146 1324 1389 1383 tenebris
1453 1324 1546 1381 lux
1603 1335 1730 1391 tua,
1796 1334 1850 1379 et
1918 1323 2158 1379 tenebrae

564 1421 673 1468 tuae
697 1422 863 1469 erunt
885 1414 1031 1470 sicut
1056 1414 1338 1479 meridies,
1369 1423 1425 1470 et
1465 1415 1709 1486 requiem
1737 1414 1892 1470 dabit
1926 1414 2028 1470 tibi
2054 1413 2158 1470 Do-

565 1502 753 1563 minus
783 1519 1019 1573 semper,
1046 1515 1103 1560 et
1128 1505 1375 1575 implebit
1399 1506 1782 1576 splendorihus
1807 1521 1931 1562 ossa
1964 1516 2073 1573 tua,
2102 1515 2158 1563 et

568 1593 813 1650 animam
846 1601 994 1649 tuam
1022 1594 1282 1652 liberabit
1304 1595 1464 1668 (Isai.
1492 1598 1670 1667 LVlll’).
1711 1615 1728 1650 ι
1766 1597 1908 1653 Ecce
1932 1597 2075 1668 ignis
2101 1597 2158 1652 in

569 1696 741 1761 puteo
789 1689 1160 1746 absconditus.
1217 1688 1322 1747 Sed
1371 1702 1528 1756 anei,
1578 1691 1718 1763 ignis
1764 1690 1855 1746 hic
1889 1689 2160 1761 quomodo

2249 507 2524 565 obstruxit
2552 506 2638 579 (II
2691 506 2868 561 Much.
2898 522 2971 573 tt;
3004 508 3160 563 Deut.
3208 507 3416 579 xxxiv}.
3451 526 3471 560 ι
3504 506 3634 575 llaec
3686 510 3857 580 igitur

2253 599 2355 653 tria
2387 606 2751 663 sacramenta,
2785 596 2923 651 sicut
2951 597 3155 653 dictum
3178 596 3598 665 θεινιοτειιιίπς
3618 598 3682 653 in
3710 613 3861 668 pra-

2252 688 2365 744 l'ato
2392 687 2617 743 Abarim
2648 697 2831 743 monte
2852 688 3176 743 recondidit.
3214 688 3270 742 Si
3294 689 3424 759 quid
3447 696 3747 746 anteme:
3775 690 3861 746 his

2253 781 2402 839 aliud
2437 781 2784 853 postmodum
2813 780 3014 836 factum
3044 781 3206 837 fuerit
3230 790 3323 834 ant
3351 790 3502 837 certe
3528 781 3613 837 sic
3639 782 3861 838 intacta

2252 876 2675 948 permanserint,
2692 875 2815 947 quia
2838 890 3104 945 nusquam
3128 875 3408 946 Scriptura
3428 889 3859 943 commemorat.

2252 978 2440 1027 nostra
2481 983 2709 1040 quoque
2738 967 3046 1039 disquirere
3070 970 3360 1029 curiositas
3380 985 3490 1026 non
3526 982 3860 1040 praenatat.

2325 1060 2601 1117 Delicatus
2635 1059 2903 1130 siquidem
2932 1059 3087 1121 miles
3111 1070 3194 1118 est
3227 1061 3322 1132 qui
3355 1070 3482 1119 ante
3507 1060 3630 1118 vult
3656 1062 3864 1118 trium-

2253 1150 2425 1220 phare
2456 1164 2620 1220 quam
2648 1165 2801 1205 arma
2830 1164 3121 1208 conserere
3147 1192 3164 1215 ,
3209 1152 3363 1220 prius
3390 1153 3660 1208 triturare
3686 1169 3862 1225 quam

2257 1256 2386 1298 rura
2431 1241 2798 1312 proscindere.
2826 1239 3189 1311 considerato
3232 1257 3426 1314 nempe
3468 1244 3671 1300 ordine
3712 1243 3868 1299 Scri-

2255 1344 2543 1406 pturarum
2565 1373 2581 1399 ,
2614 1333 2720 1389 rite
2742 1334 3097 1404 perpenditur
3145 1345 3454 1395 nostrarum
3481 1336 3661 1392 series
3684 1336 3867 1392 actio-

2256 1440 2387 1481 num
2420 1443 2433 1479 :
2461 1425 2614 1496 prius
2650 1425 2796 1481 enim
2829 1425 2917 1481 lex
2942 1465 2958 1493 ,
2994 1425 3191 1483 deinde
3229 1424 3495 1495 judicium
3520 1467 3538 1494 ,
3572 1437 3869 1497 postremo

2252 1517 2607 1589 subsequitur
2634 1516 2857 1572 historia
2885 1530 3091 1588 regum.
3121 1516 3279 1574 Nunc
3311 1532 3446 1574 sane
3492 1534 3596 1575 nos
3630 1520 3866 1590 expedit

2259 1611 2461 1668 indicta
2493 1610 2650 1665 nobis
2674 1609 2873 1665 divine
2913 1609 3049 1680 legis
3089 1611 3344 1667 mandata
3369 1626 3627 1674 servare:
3664 1620 3867 1682 postea

2260 1704 2637 1773 compellimur
2669 1711 2798 1758 ante
2843 1701 3081 1761 tribunal
3109 1702 3637 1779 tretuendicludicis
3692 1705 3869 1760 ratio-

568 1789 823 1836 vertatur
849 1780 902 1835 in
933 1796 1156 1851 aquam,
1180 1782 1432 1852 protinus
1459 1782 1643 1837 subdit
1671 1799 1684 1838 :
1723 1800 1742 1834 ι
1775 1781 1840 1837 Ει
1872 1783 1983 1836 eris
2007 1781 2163 1850 quasi

2270 1785 2395 1853 nem
2419 1797 2486 1850 de
2508 1795 2714 1851 nostris
2742 1794 2998 1865 operibus
3018 1794 3251 1852 reddere
3266 1811 3289 1875 ς
3302 1803 3605 1867 postremo
3618 1795 3871 1852 ﬂebitur

565 1871 760 1927 hortus
791 1870 1064 1943 irriguus,
1094 1883 1151 1927 et
1177 1872 1319 1928 sicut
1347 1871 1470 1928 fons
1498 1888 1799 1944 aquarum,
1846 1871 2006 1944 cujus
2054 1888 2164 1929 non

569 1960 826 2016 deﬁcient
866 1976 1041 2035 aqum.
1086 1982 1107 2016 ι
1149 1962 1433 2020 Postremo
1478 1973 1538 2019 ut
1588 1964 1840 2028 noveris,
1885 1965 2013 2035 quia
2049 1964 2166 2020 haec

569 2065 762 2105 rursus
781 2066 922 2121 aqua
948 2052 1002 2106 in
1026 2052 1204 2123 ignem
1229 2054 1592 2128 convertitur,
1615 2061 1671 2110 et
1691 2070 1787 2125 per
1806 2055 2163 2129 lacrymarom

572 2140 803 2211 gratiam
851 2142 1017 2197 divini
1067 2144 1272 2200 amoris
1322 2145 1489 2201 ardor
1536 2144 1837 2201 ferventius
1870 2148 2162 2214 excitatur,

568 2230 735 2299 paulo
772 2231 1001 2288 inferius
1034 2235 1290 2291 addidit:
1335 2255 1354 2290 ι
1398 2235 1552 2292 Tunc
1599 2237 1961 2294 delectaberis
2003 2253 2166 2310 super

570 2320 832 2389 Domino,
858 2332 914 2378 et
942 2326 1227 2381 sustollam
1263 2335 1315 2383 te
1347 2343 1513 2398 super
1540 2327 1890 2385 altitudinem
1921 2338 2103 2387 terrae.
2139 2349 2160 2382 ι

1208 2437 1434 2494 CAPUT
1473 2440 1536 2494 ll.

901 2523 969 2578 In
999 2525 1216 2595 epistola
1248 2527 1319 2580 ad
1351 2528 1647 2583 Alben’cum
1678 2531 1827 2585 card.

644 2610 778 2668 Illud
807 2621 1068 2682 praeterea
1100 2653 1116 2680 ,
1146 2615 1289 2685 quod
1328 2617 1526 2687 quaeris
1564 2618 1691 2688 quid
1734 2619 1938 2674 factum
1988 2620 2062 2677 sit
2101 2620 2167 2678 de

573 2717 703 2757 arca
735 2701 947 2756 Domini
977 2712 1034 2757 et
1055 2704 1406 2761 tabernaculo
1455 2704 1681 2776 fmderis
1718 2725 1837 2780 qua:
1868 2710 2165 2769 fabrefacta

571 2801 702 2848 sunt
761 2791 815 2847 in
856 2793 1103 2860 deserto;
1159 2796 1300 2851 sicut
1350 2797 1510 2867 hujus
1555 2799 1634 2855 rei
1689 2816 1826 2871 pene
1882 2802 1959 2859 nil
2003 2803 2170 2861 oﬂicit

572 2882 881 2954 ignorantia
907 2926 923 2952 ,
955 2885 1031 2940 ita
1076 2887 1167 2940 vix
1196 2887 1400 2959 aliquid
1453 2892 1705 2948 utilitatis
1732 2894 1992 2964 probatur
2038 2914 2171 2953 con-

573 2973 720 3029 l‘crre
749 2976 962 3031 notitia.
1012 2976 1402 3035 Verumtamen
1430 3021 1445 3048 ,
1491 2982 1633 3037 sicut
1663 2983 1958 3054 Scriptura:
2000 2989 2170 3045 tradit

576 3065 876 3122 auctoritas
898 3107 911 3130 ,
949 3067 1003 3121 in
1035 3077 1220 3124 monte
1261 3070 1483 3126 Abarim
1504 3112 1520 3140 ,
1547 3074 1639 3128 ubi
1688 3070 1899 3149 Moyses
1926 3079 2167 3148 sepultus

577 3158 914 3225 agnoscitur,
952 3160 1357 3218 tabernaculum
1402 3165 1564 3221 simul
1595 3183 1717 3222 cum
1748 3184 1875 3224 arca
1918 3187 2019 3227 nec
2059 3189 2166 3228 non
2194 3159 2239 3221 Ο

575 3254 631 3301 et
686 3246 861 3304 altare
923 3250 1131 3308 incensi
1185 3255 1526 3311 reconditum
1582 3255 1832 3314 Ieremia:
1894 3263 2168 3332 propheta:

576 3335 830 3393 manibus
876 3338 1170 3395 invenitur.
1222 3343 1376 3410 Quod
1423 3346 1660 3401 evidenti
1711 3348 2018 3417 declaratur
2082 3353 2168 3407 in-

575 3426 723 3483 dicio
747 3469 761 3495 ,
789 3430 835 3483 si
889 3432 1112 3487 secundi
1145 3433 1269 3489 libri
1301 3434 1731 3494 Machabaeorum
1761 3440 2050 3512 diligenter
2088 3450 2173 3496 at-

574 3520 831 3575 tendatur
870 3525 1189 3578 exordium:
1235 3546 1251 3578 ι
1296 3525 1471 3592 Erat,
1504 3528 1722 3598 inquit,
1778 3530 1831 3585 in
1863 3533 1975 3601 ipsa
2023 3531 2171 3587 Scri-

573 3618 736 3679 plura
765 3651 781 3678 ,
830 3615 1101 3683 quomodo
1164 3617 1570 3672 tabernaculum
1651 3628 1708 3674 et
1764 3610 1965 3676 aream
2012 3620 2178 3690 jussit

576 3703 842 3771 propheta
871 3744 888 3771 ,
935 3704 1116 3759 divina
1155 3722 1417 3777 responso
1472 3711 1539 3763 ad
1577 3725 1637 3765 se
1687 3711 1833 3766 facto
1859 3753 1873 3772 .
1926 3714 2172 3768 comitari

577 3805 789 3860 secum,
825 3810 1108 3867 usquequo
1146 3799 1279 3853 exiit
1310 3800 1363 3854 in
1403 3811 1664 3868 montem,
1695 3802 1749 3858 in
1776 3819 1936 3873 quem
1966 3804 2178 3878 Moyses

583 3883 883 3951 ascendit,
933 3895 991 3940 et
1031 3886 1164 3941 vidit
1225 3888 1316 3961 Dei
1361 3889 1687 3946 claritatem.
1738 3893 1803 3947 Et
1851 3895 2072 3950 veniens
2102 3896 2175 3951 ibi

575 3975 870 4047 Jeremias,
898 3980 1106 4036 invenit
1141 3981 1316 4037 locum
1347 3985 1634 4056 speluncae,
1665 3995 1717 4042 ct
1745 3988 2174 4057 tabernaculum,

2270 1888 2327 1943 in
2363 1886 2450 1941 illa
2502 1901 2753 1956 supernae
2786 1884 3057 1943 claritatis
3088 1885 3866 1957 gloriansine‘ﬁnenegnate.

2269 1978 2476 2041 Teneat
2496 1993 2627 2052 ergo
2650 1978 2896 2036 ordinem
2925 1977 3018 2050 qui
3051 1978 3223 2033 vitare
3246 1977 3360 2033 vult
3382 1976 3751 2049 Babylonem.
3778 1976 3871 2033 Illo

2268 2068 2526 2125 nimirum
2557 2068 2681 2123 vine
2725 2083 2839 2123 sua:
2880 2068 3127 2122 ordinem
3156 2067 3386 2123 vivendo
3423 2067 3718 2123 confundit
3772 2068 3867 2136 qui

2268 2169 2396 2217 ante
2435 2158 2550 2216 vult
2589 2158 2768 2216 ridere
2810 2174 2972 2227 quam
3013 2158 3163 2214 ﬂere.
3193 2157 3330 2214 Cum
3375 2156 3634 2213 Salomon
3666 2158 3868 2223 dicat:

2274 2271 2294 2307 ι
2327 2253 2561 2324 Tempus
2585 2253 2749 2309 ﬂendi
2772 2261 2826 2308 et
2856 2261 3068 2321 tempus
3093 2251 3299 2307 ridendi
3334 2250 3532 2322 (Eccle.
3565 2252 3681 2322 ιιι).
3720 2271 3742 2305 ι
3776 2252 3868 2307 llle

2267 2348 2434 2404 etiam
2462 2348 2597 2403 recti
2627 2346 2833 2403 ordinis
2862 2342 3410 2417 lineantideseritqui
3453 2343 3663 2399 creatis
3705 2343 3869 2399 rebus

2269 2437 2583 2493 Creatorem
2614 2436 2857 2492 omnium
2896 2435 2950 2488 in
2999 2447 3185 2514 amore
3217 2426 3514 2507 pestpouit.
3558 2431 3723 2488 Sicut
3751 2449 3871 2503 per-

2268 2545 2429 2587 verso
2473 2530 2679 2585 homini
2729 2526 2907 2584 divina
2952 2542 3087 2582 voce
3141 2526 3385 2599 dicitur:
3425 2543 3446 2579 ι
3498 2523 3748 2580 Posuisti
3785 2540 3870 2581 me

2266 2635 2389 2699 post
2416 2639 2614 2694 corpus
2662 2630 2830 2677 tuum.
2860 2640 2879 2672 ι
2934 2619 3221 2675 Dominum
3275 2618 3472 2690 quippe
3521 2617 3696 2688 27o
3747 2626 3867 2688 post

2268 2730 2467 2787 corpus
2503 2730 2659 2769 suum
2690 2711 2844 2783 ponit
2886 2711 2976 2781 qui
3021 2708 3193 2785 magis
3241 2708 3421 2765 studet
3463 2707 3691 2761 utilitati
3720 2748 3735 2770 ,
3784 2707 3862 2761 vel

2268 2806 2527 2877 voluptati
2554 2802 2737 2861 carnis
2782 2818 2892 2859 sure
2937 2799 3221 2858 consulere
3262 2814 3425 2872 quam
3452 2799 3547 2853 Dei
3586 2806 3865 2869 praecepta

2270 2913 2508 2957 scrvare.
2548 2895 2691 2952 lliuc
2738 2903 2823 2951 est
2867 2893 3010 2964 quod
3049 2907 3245 2962 sponsa
3300 2889 3433 2947 dicit
3467 2888 3521 2944 in
3570 2888 3860 2945 Canticis:

2276 3011 2295 3046 ι
2329 2989 2614 3048 Ordinavit
2639 2988 2693 3042 in
2726 3000 2811 3041 me
2836 2980 3170 3041 charitatem
3201 2981 3383 3055 (Cant.
3408 2981 3490 3050 ιι).
3524 3000 3545 3033 ι
3582 2978 3862 3049 Nusquam

2271 3088 2419 3139 certe
2459 3084 2786 3152 praeceptum
2818 3075 2871 3153 in
2906 3074 3123 3129 Veteris
3146 3070 3480 3127 Testamenti
3522 3068 3864 3125 caeremoniis

2273 3174 2546 3230 invenitur
2601 3180 2663 3227 ut
2711 3168 2818 3224 mel
2880 3166 3169 3223 sacriﬁciis
3217 3165 3529 3219 misceatur.
3568 3162 3681 3216 Per
3726 3160 3865 3231 quod

2274 3265 2610 3335 intelligitur.
2653 3260 2779 3331 quia
2805 3259 2892 3316 his
2915 3300 2929 3323 ,
2961 3258 3052 3329 qui
3084 3257 3208 3312 vita:
3235 3270 3347 3315 sua!
3392 3255 3506 3311 Deo
3534 3253 3861 3309 sacriﬁcium

2275 3356 2531 3421 oderunt,
2562 3350 2766 3410 nullam
2799 3350 2943 3405 Deus
2971 3347 3243 3427 carnalem
3278 3347 3395 3401 vult
3417 3346 3600 3402 inesse
3629 3344 3862 3400 dulcedi-

2276 3466 2423 3514 nem,
2455 3445 2588 3502 nihil
2614 3445 2667 3500 in
2693 3444 2773 3513 eis
2796 3443 2978 3497 vivere
3006 3441 3149 3511 quod
3192 3439 3259 3494 ad
3288 3426 3569 3509 carnalem
3593 3436 3861 3506 pertineat

2274 3538 2629 3608 voluptatem.
2657 3532 2847 3589 Oleum
2880 3530 3060 3585 autem
3090 3530 3402 3598 frequenter
3430 3526 3769 3589 immittitur,
3806 3532 3861 3577 ut

2274 3629 2455 3686 omnis
2483 3635 2683 3682 nostra:
2712 3623 3045 3695 operationis
3072 3619 3274 3677 oblatio
3304 3618 3552 3674 hilariter
3580 3614 3857 3672 oﬂ‘eratur.

2282 3738 2299 3771 ι
2328 3716 2562 3772 llilarem
2590 3715 2733 3770 enim
2777 3714 3024 3769 datorem
3059 3710 3236 3780 diligit
3264 3710 3407 3765 Deus
3437 3707 3521 3781 (ll
3553 3706 3684 3762 Cor.
3715 3707 3812 3776 rx).
3837 3721 3856 3756 ι

2276 3811 2332 3866 In
2363 3809 2616 3866 omnibus
2654 3807 2818 3862 etiam
2848 3806 2927 3860 sal
2957 3804 3271 3876 praecipitur
3304 3801 3593 3857 admisceri
3618 3809 3684 3855 ut
3709 3810 3860 3855 omne

2275 3901 2407 3959 boui
2453 3899 2633 3972 operis
2678 3897 3004 3953 sacrificium
3038 3937 3053 3963 ,
3087 3896 3314 3950 rationis
3343 3936 3358 3960 ,
3412 3890 3761 3949 discretionis
3802 3901 3861 3943 ac

2280 3990 2516 4047 caelestis
2545 3987 2823 4058 sapientia:
2851 3985 2923 4041 sit
2949 3984 3062 4041 sale
3090 3984 3391 4040 conditum.

1014 4272 1119 4345 DE
1178 4273 1736 4343 PETITIONIBUS
1771 4271 2213 4335 LINCIDARII
2252 4271 2353 4333 ET
2388 4263 3060 4332 RESPONSIONIBUS
3096 4262 3475 4325 EIUSDEM.
3578 4366 3583 4369 ν

1823 4416 2013 4498 (Opp.
2048 4425 2196 4480 tom.
2235 4417 2368 4492 Ill,
2408 4431 2625 4494 opusc.
2658 4411 2744 4495 3.)

653 4580 858 4651 Quaest.
906 4581 956 4635 l.
1014 4578 1072 4634 Si
1101 4578 1353 4636 Christus
1384 4594 1491 4635 non
1535 4579 1683 4634 venit
1726 4578 1935 4634 solvere
1965 4578 2134 4649 legem
2159 4619 2173 4642 ,
2207 4581 2254 4640 ι)
2280 4576 2413 4643 lere,
2446 4573 2492 4630 si
2523 4571 2775 4635 Christus
2809 4584 2916 4626 non
2959 4568 3109 4655 venit
3157 4568 3327 4640 legem
3359 4566 3593 4635 solvere,
3625 4568 3718 4625 sed
3766 4570 3857 4623 im-

582 4677 678 4732 sed
696 4672 1044 4744 implere.cur
1057 4686 1222 4729 carne
1247 4686 1352 4726 non
1381 4671 1789 4726 circumciditur
1801 4668 2175 4725 Christianus?

660 4764 916 4834 Respons.
958 4761 1072 4817 lmo
1114 4765 1226 4830 jam
1272 4777 1331 4817 se
1376 4762 1499 4817 ideo
1539 4752 1881 4819 Christianus
1950 4760 2176 4816 minime

586 4854 963 4920 circumcidit;
994 4855 1117 4923 quia
1144 4854 1286 4922 quod
1308 4852 1723 4908 circumcisione
1749 4851 2176 4921 prephetabatur

584 4948 836 5004 Christus
864 4947 1128 5018 implevit.
1165 4946 1494 5017 Exspoliatio
1520 4946 1717 5015 quippe
1748 4946 1872 5000 vita:
1914 4945 2173 5010 carnalis.

585 5056 705 5112 qua:
744 5041 799 5095 in
846 5041 1016 5094 veteri
1050 5038 1166 5109 lege
1195 5037 1370 5091 fuerat
1413 5037 1640 5106 ﬁgurata
1668 5076 1686 5103 ,
1738 5037 1790 5091 iu
1830 5036 2030 5091 Christi
2059 5034 2173 5106 jam

585 5134 828 5191 cernitur
841 5132 1242 5188 resurrectione
1253 5128 1540 5199 completa;
1558 5138 1613 5183 et
1634 5128 1778 5198 quod
1797 5136 2177 5197 exspectamus

586 5226 643 5282 in
663 5233 850 5281 nostra
876 5222 1275 5280 resurrectione
1305 5220 1567 5284 futurum,
1588 5219 1702 5289 jam
1728 5220 1782 5274 in
1809 5219 1950 5275 sacri
1975 5217 2178 5289 baptis

587 5320 754 5376 matis
793 5318 1050 5388 mysterio
1078 5315 1510 5372 commendatur.
1560 5312 1807 5369 Carnalis
1839 5312 2022 5382 itaque
2069 5311 2177 5366 cir-

586 5409 850 5469 cumcisio
882 5419 1140 5479 tanquam
1175 5405 1444 5476 superﬂua
1481 5406 1601 5476 jure
1633 5403 2017 5468 contemnitur,
2053 5417 2175 5458 cum

582 5501 697 5572 jam
762 5499 1100 5570 spiritualis,
1152 5506 1375 5569 propter
1422 5511 1581 5573 quam
1632 5494 2041 5567 signiﬁcandam
2087 5493 2175 5549 illa

584 5600 967 5674 praecesserat,
992 5591 1277 5661 ﬁguratur.

664 5684 866 5751 Qumt.
898 5685 952 5739 9..
994 5683 1105 5741 Cur
1134 5683 1336 5739 omittit
1372 5684 1714 5740 Christianus
1742 5681 2036 5737 Sahbatunt
2095 5695 2185 5735 co-

2276 4666 2427 4738 plere
2440 4665 2463 4720 ?

2347 4757 2599 4829 Respous.
2632 4757 2678 4811 Α
2709 4754 2867 4812 nobis
2917 4753 3216 4812 Sahbatum
3263 4753 3386 4810 ideo
3431 4768 3539 4810 non
3570 4764 3819 4810 servatur

2276 4849 2404 4920 quia
2426 4848 2570 4920 quod
2603 4858 2732 4904 tunc
2757 4856 2875 4902 erat
2909 4846 2963 4902 in
2991 4848 3162 4918 ﬁgura
3194 4845 3567 4916 praemissum,
3601 4862 3695 4917 per
3720 4847 3834 4900 exhi

2275 4945 2540 5003 hitiouem
2594 4942 2675 4998 rei
2725 4941 2840 5011 jam
2894 4941 3138 4997 videmus
3182 4938 3480 5009 impletum.
3542 4939 3605 4994 in
3657 4937 3858 4995 Christo

2275 5038 2475 5108 quippe
2496 5050 2686 5090 verum
2707 5033 3011 5105 spiritualis
3030 5033 3127 5089 otii
3149 5031 3450 5090 Sabbatum
3470 5033 3722 5098 colimus,
3747 5048 3855 5089 cum

2277 5130 2335 5187 iu
2356 5144 2422 5187 eo
2450 5127 2565 5183 solo
2604 5142 2754 5197 spem
2799 5126 3053 5199 ponimus
3079 5167 3096 5199 ,
3139 5135 3195 5182 et
3221 5127 3303 5182 sic
3334 5126 3390 5181 in
3423 5125 3516 5181 illo
3551 5136 3666 5182 toto
3690 5124 3857 5183 cordis

2284 5236 2471 5277 amore
2490 5234 2556 5276 ac
2576 5218 2863 5275 devotione
2887 5217 3237 5288 quiescimus,
3272 5227 3333 5272 ut
3352 5217 3421 5275 ab
3436 5217 3587 5274 omni
3615 5217 3855 5274 vitiorum

2282 5312 2465 5370 servili
2499 5326 2663 5382 opere
2704 5324 2770 5365 ac
2802 5318 3144 5367 terrenarum
3178 5325 3361 5365 rerum
3404 5309 3707 5365 ambitione
3755 5323 3839 5363 ces

2283 5417 2484 5459 senius.
2517 5402 2598 5456 Ad
2641 5400 2784 5471 quod
2837 5399 3133 5456 Sahhatutn
3177 5400 3561 5469 celebrandum
3612 5400 3727 5471 ipse
3774 5412 3857 5453 nos

2281 5502 2541 5568 provocat
2573 5532 2590 5557 ,
2625 5491 2752 5546 dum
2803 5490 3000 5547 clamat
3036 5511 3047 5545 :
3086 5511 3105 5544 ι
3150 5493 3342 5549 Venite
3368 5533 3384 5557 .
3422 5491 3598 5562 inquit
3628 5534 3642 5560 ,
3668 5491 3736 5546 ad
3764 5505 3855 5549 mc.

2287 5585 2606 5656 omnesqui
2656 5584 2919 5646 laboratis
2960 5593 3013 5640 et
3059 5585 3269 5641 onerati
3300 5585 3455 5653 estis,
3512 5596 3568 5641 et
3615 5599 3717 5656 ego
3746 5579 3854 5639 reti.

2292 5679 2579 5755 ciatu_vos.
2610 5674 2802 5733 Tollite
2821 5674 3014 5750 jugum
3044 5692 3224 5733 meum
3262 5690 3422 5747 super
3448 5691 3566 5743 vos,
3600 5686 3659 5732 et
3682 5674 3854 5741 discite
