  <div class='ocr_page' id='page_1' title='image "/cluster/home/n/w/nwhite01/storage/ocr_20150623/145/hvd.32044015471824/596.png"; bbox 0 0 4052 6312; ppageno 0'>
   <div class='ocr_carea' id='block_1_1' title="bbox 311 333 440 387">
    <p class='ocr_par' dir='ltr' id='par_1_1' title="bbox 311 333 440 387">
     <span class='ocr_line' id='line_1_1' title="bbox 311 333 440 387; baseline 0 0"><span class='ocrx_word' id='word_1_1' title='bbox 311 333 440 387; x_wconf 78' lang='grc' dir='ltr'>ΗΠ</span> 
     </span>
    </p>
   </div>
   <div class='ocr_carea' id='block_1_2' title="bbox 1335 326 2578 402">
    <p class='ocr_par' dir='ltr' id='par_1_2' title="bbox 1335 326 2578 402">
     <span class='ocr_line' id='line_1_2' title="bbox 1335 326 2578 402; baseline -0.002 -19"><span class='ocrx_word' id='word_1_2' title='bbox 1335 328 1436 402; x_wconf 57' lang='lat' dir='ltr'><strong>DE,</strong></span> <span class='ocrx_word' id='word_1_3' title='bbox 1468 326 1946 385; x_wconf 73' lang='lat' dir='ltr'><strong>PETITIONIBUS</strong></span> <span class='ocrx_word' id='word_1_4' title='bbox 1987 326 2382 393; x_wconf 75' lang='lat' dir='ltr'><strong>LlNClDABlI,</strong></span> <span class='ocrx_word' id='word_1_5' title='bbox 2426 327 2578 383; x_wconf 77' lang='lat' dir='ltr'><strong>ETC.</strong></span> 
     </span>
    </p>
   </div>
   <div class='ocr_carea' id='block_1_3' title="bbox 3439 331 3577 386">
    <p class='ocr_par' dir='ltr' id='par_1_3' title="bbox 3439 331 3577 386">
     <span class='ocr_line' id='line_1_3' title="bbox 3439 331 3577 386; baseline 0.007 -1"><span class='ocrx_word' id='word_1_6' title='bbox 3439 331 3577 386; x_wconf 77' lang='lat' dir='ltr'><strong>H78</strong></span> 
     </span>
    </p>
   </div>
   <div class='ocr_carea' id='block_1_4' title="bbox 307 439 3575 516">
    <p class='ocr_par' dir='ltr' id='par_1_4' title="bbox 307 439 3575 516">
     <span class='ocr_line' id='line_1_4' title="bbox 307 439 3575 516; baseline -0.002 -13"><span class='ocrx_word' id='word_1_7' title='bbox 307 465 340 503; x_wconf 83' lang='lat' dir='ltr'><strong>a</strong></span> <span class='ocrx_word' id='word_1_8' title='bbox 365 463 471 512; x_wconf 87' lang='lat' dir='ltr'><strong>me,</strong></span> <span class='ocrx_word' id='word_1_9' title='bbox 494 445 620 516; x_wconf 89' lang='lat' dir='ltr'><strong>quia</strong></span> <span class='ocrx_word' id='word_1_10' title='bbox 649 444 796 500; x_wconf 89' lang='lat' dir='ltr'><strong>mitis</strong></span> <span class='ocrx_word' id='word_1_11' title='bbox 815 457 934 499; x_wconf 87' lang='lat' dir='ltr'><strong>sum</strong></span> <span class='ocrx_word' id='word_1_12' title='bbox 959 448 1016 498; x_wconf 89' lang='lat' dir='ltr'><strong>et</strong></span> <span class='ocrx_word' id='word_1_13' title='bbox 1043 440 1262 496; x_wconf 82' lang='lat' dir='ltr'><strong>humilis</strong></span> <span class='ocrx_word' id='word_1_14' title='bbox 1284 442 1467 505; x_wconf 86' lang='lat' dir='ltr'><strong>corde.</strong></span> <span class='ocrx_word' id='word_1_15' title='bbox 1491 452 1546 496; x_wconf 89' lang='lat' dir='ltr'><strong>et</strong></span> <span class='ocrx_word' id='word_1_16' title='bbox 1590 440 1880 496; x_wconf 68' lang='lat' dir='ltr'><strong>invenietis</strong></span> <span class='ocrx_word' id='word_1_17' title='bbox 1910 449 1952 503; x_wconf 76' lang='grc' dir='ltr'><strong>Λ</strong></span> <span class='ocrx_word' id='word_1_18' title='bbox 1986 439 2125 494; x_wconf 62' lang='lat' dir='ltr'><strong>lunae</strong></span> <span class='ocrx_word' id='word_1_19' title='bbox 2161 439 2474 494; x_wconf 88' lang='lat' dir='ltr'><strong>solemnitas</strong></span> <span class='ocrx_word' id='word_1_20' title='bbox 2531 455 2724 495; x_wconf 88' lang='lat' dir='ltr'><strong>novam</strong></span> <span class='ocrx_word' id='word_1_21' title='bbox 2777 440 3026 510; x_wconf 88' lang='lat' dir='ltr'><strong>designat</strong></span> <span class='ocrx_word' id='word_1_22' title='bbox 3063 441 3118 494; x_wconf 88' lang='lat' dir='ltr'><strong>in</strong></span> <span class='ocrx_word' id='word_1_23' title='bbox 3176 441 3394 496; x_wconf 82' lang='lat' dir='ltr'><strong>homine</strong></span> <span class='ocrx_word' id='word_1_24' title='bbox 3455 444 3575 499; x_wconf 86' lang='lat' dir='ltr'><strong>ﬁeri</strong></span> 
     </span>
    </p>
   </div>
   <div class='ocr_carea' id='block_1_5' title="bbox 308 532 1884 607">
    <p class='ocr_par' dir='ltr' id='par_1_5' title="bbox 308 532 1884 607">
     <span class='ocr_line' id='line_1_5' title="bbox 308 532 1884 607; baseline -0.004 -14"><span class='ocrx_word' id='word_1_25' title='bbox 308 538 548 607; x_wconf 81' lang='lat' dir='ltr'><strong>requiem</strong></span> <span class='ocrx_word' id='word_1_26' title='bbox 593 535 876 590; x_wconf 80' lang='lat' dir='ltr'><strong>animabus</strong></span> <span class='ocrx_word' id='word_1_27' title='bbox 919 533 1116 590; x_wconf 78' lang='lat' dir='ltr'><strong>vestris</strong></span> <span class='ocrx_word' id='word_1_28' title='bbox 1145 533 1360 603; x_wconf 78' lang='lat' dir='ltr'><strong>(Matth.</strong></span> <span class='ocrx_word' id='word_1_29' title='bbox 1388 534 1530 604; x_wconf 85' lang='lat' dir='ltr'><strong>xm).</strong></span> <span class='ocrx_word' id='word_1_30' title='bbox 1567 552 1596 584; x_wconf 76' lang='grc' dir='ltr'>ι,</span> <span class='ocrx_word' id='word_1_31' title='bbox 1637 532 1884 589; x_wconf 87' lang='lat' dir='ltr'><strong>Carnalis</strong></span> 
     </span>
    </p>
   </div>
   <div class='ocr_carea' id='block_1_6' title="bbox 305 623 1884 702">
    <p class='ocr_par' dir='ltr' id='par_1_6' title="bbox 305 623 1884 702">
     <span class='ocr_line' id='line_1_6' title="bbox 305 623 1884 702; baseline -0.007 -14"><span class='ocrx_word' id='word_1_32' title='bbox 305 643 434 702; x_wconf 67' lang='lat' dir='ltr'><strong>ergo</strong></span> <span class='ocrx_word' id='word_1_33' title='bbox 467 629 688 685; x_wconf 88' lang='lat' dir='ltr'><strong>Sabbati</strong></span> <span class='ocrx_word' id='word_1_34' title='bbox 710 628 910 683; x_wconf 91' lang='lat' dir='ltr'><strong>cultum</strong></span> <span class='ocrx_word' id='word_1_35' title='bbox 935 640 1326 695; x_wconf 89' lang='lat' dir='ltr'><strong>supervacuum</strong></span> <span class='ocrx_word' id='word_1_36' title='bbox 1356 625 1607 688; x_wconf 86' lang='lat' dir='ltr'><strong>dicimus.</strong></span> <span class='ocrx_word' id='word_1_37' title='bbox 1633 641 1754 679; x_wconf 92' lang='lat' dir='ltr'><strong>cum</strong></span> <span class='ocrx_word' id='word_1_38' title='bbox 1771 623 1884 692; x_wconf 90' lang='lat' dir='ltr'><strong>jam</strong></span> 
     </span>
    </p>
   </div>
   <div class='ocr_carea' id='block_1_7' title="bbox 307 716 1884 788">
    <p class='ocr_par' dir='ltr' id='par_1_7' title="bbox 307 716 1884 788">
     <span class='ocr_line' id='line_1_7' title="bbox 307 716 1884 788; baseline -0.006 -10"><span class='ocrx_word' id='word_1_39' title='bbox 307 723 438 778; x_wconf 89' lang='lat' dir='ltr'><strong>illud</strong></span> <span class='ocrx_word' id='word_1_40' title='bbox 460 735 648 775; x_wconf 86' lang='lat' dir='ltr'><strong>verum</strong></span> <span class='ocrx_word' id='word_1_41' title='bbox 685 727 737 774; x_wconf 89' lang='lat' dir='ltr'><strong>et</strong></span> <span class='ocrx_word' id='word_1_42' title='bbox 769 717 1128 782; x_wconf 74' lang='lat' dir='ltr'><strong>salutiferam,</strong></span> <span class='ocrx_word' id='word_1_43' title='bbox 1159 726 1380 787; x_wconf 89' lang='lat' dir='ltr'><strong>propter</strong></span> <span class='ocrx_word' id='word_1_44' title='bbox 1407 717 1550 788; x_wconf 90' lang='lat' dir='ltr'><strong>quod</strong></span> <span class='ocrx_word' id='word_1_45' title='bbox 1577 716 1884 772; x_wconf 91' lang='lat' dir='ltr'><strong>institutum</strong></span> 
     </span>
    </p>
   </div>
   <div class='ocr_carea' id='block_1_8' title="bbox 307 815 785 881">
    <p class='ocr_par' dir='ltr' id='par_1_8' title="bbox 307 815 785 881">
     <span class='ocr_line' id='line_1_8' title="bbox 307 815 785 881; baseline -0.017 -9"><span class='ocrx_word' id='word_1_46' title='bbox 307 827 410 881; x_wconf 89' lang='lat' dir='ltr'><strong>est,</strong></span> <span class='ocrx_word' id='word_1_47' title='bbox 432 815 785 870; x_wconf 88' lang='lat' dir='ltr'><strong>celebramus.</strong></span> 
     </span>
    </p>
   </div>
   <div class='ocr_carea' id='block_1_9' title="bbox 381 901 1886 974">
    <p class='ocr_par' dir='ltr' id='par_1_9' title="bbox 381 901 1886 974">
     <span class='ocr_line' id='line_1_9' title="bbox 381 901 1886 974; baseline -0.002 -15"><span class='ocrx_word' id='word_1_48' title='bbox 381 907 584 974; x_wconf 77' lang='lat' dir='ltr'><strong>Qumt.</strong></span> <span class='ocrx_word' id='word_1_49' title='bbox 623 905 675 959; x_wconf 82' lang='grc'><strong>5.</strong></span> <span class='ocrx_word' id='word_1_50' title='bbox 707 905 762 959; x_wconf 89' lang='lat' dir='ltr'><strong>Si</strong></span> <span class='ocrx_word' id='word_1_51' title='bbox 798 903 1048 958; x_wconf 85' lang='lat' dir='ltr'><strong>Christus</strong></span> <span class='ocrx_word' id='word_1_52' title='bbox 1085 917 1192 957; x_wconf 92' lang='lat' dir='ltr'><strong>non</strong></span> <span class='ocrx_word' id='word_1_53' title='bbox 1228 902 1373 956; x_wconf 86' lang='lat' dir='ltr'><strong>venit</strong></span> <span class='ocrx_word' id='word_1_54' title='bbox 1413 901 1587 972; x_wconf 82' lang='lat' dir='ltr'><strong>legem</strong></span> <span class='ocrx_word' id='word_1_55' title='bbox 1632 901 1842 956; x_wconf 85' lang='lat' dir='ltr'><strong>solvere</strong></span> <span class='ocrx_word' id='word_1_56' title='bbox 1869 940 1886 966; x_wconf 89' lang='lat'><strong>,</strong></span> 
     </span>
    </p>
   </div>
   <div class='ocr_carea' id='block_1_10' title="bbox 306 989 1885 1067">
    <p class='ocr_par' dir='ltr' id='par_1_10' title="bbox 306 989 1885 1067">
     <span class='ocr_line' id='line_1_10' title="bbox 306 989 1885 1067; baseline -0.006 -14"><span class='ocrx_word' id='word_1_57' title='bbox 306 999 401 1054; x_wconf 89' lang='lat' dir='ltr'><strong>sed</strong></span> <span class='ocrx_word' id='word_1_58' title='bbox 430 997 676 1067; x_wconf 80' lang='lat' dir='ltr'><strong>implere.</strong></span> <span class='ocrx_word' id='word_1_59' title='bbox 706 1011 804 1050; x_wconf 91' lang='lat' dir='ltr'><strong>cur</strong></span> <span class='ocrx_word' id='word_1_60' title='bbox 829 993 1174 1050; x_wconf 80' lang='lat' dir='ltr'><strong>Christianus</strong></span> <span class='ocrx_word' id='word_1_61' title='bbox 1194 991 1417 1060; x_wconf 76' lang='lat' dir='ltr'><strong>negligit</strong></span> <span class='ocrx_word' id='word_1_62' title='bbox 1444 991 1689 1046; x_wconf 88' lang='lat' dir='ltr'><strong>ciborum</strong></span> <span class='ocrx_word' id='word_1_63' title='bbox 1731 989 1885 1044; x_wconf 67' lang='lat' dir='ltr'><strong>diffe-</strong></span> 
     </span>
    </p>
   </div>
   <div class='ocr_carea' id='block_1_11' title="bbox 306 1083 1576 1158">
    <p class='ocr_par' dir='ltr' id='par_1_11' title="bbox 306 1083 1576 1158">
     <span class='ocr_line' id='line_1_11' title="bbox 306 1083 1576 1158; baseline -0.006 -14"><span class='ocrx_word' id='word_1_64' title='bbox 306 1090 537 1148; x_wconf 85' lang='lat' dir='ltr'><strong>rentiam</strong></span> <span class='ocrx_word' id='word_1_65' title='bbox 565 1104 683 1158; x_wconf 66' lang='lat' dir='ltr'><strong>quae</strong></span> <span class='ocrx_word' id='word_1_66' title='bbox 710 1088 762 1140; x_wconf 89' lang='lat' dir='ltr'><strong>in</strong></span> <span class='ocrx_word' id='word_1_67' title='bbox 784 1087 900 1158; x_wconf 89' lang='lat' dir='ltr'><strong>lege</strong></span> <span class='ocrx_word' id='word_1_68' title='bbox 926 1085 1237 1158; x_wconf 65' lang='lat' dir='ltr'><strong>praecipitur</strong></span> <span class='ocrx_word' id='word_1_69' title='bbox 1261 1083 1576 1140; x_wconf 83' lang='lat' dir='ltr'><strong>observari?</strong></span> 
     </span>
    </p>
   </div>
   <div class='ocr_carea' id='block_1_12' title="bbox 381 1174 1889 1249">
    <p class='ocr_par' dir='ltr' id='par_1_12' title="bbox 381 1174 1889 1249">
     <span class='ocr_line' id='line_1_12' title="bbox 381 1174 1889 1249; baseline -0.005 -14"><span class='ocrx_word' id='word_1_70' title='bbox 381 1181 638 1249; x_wconf 77' lang='lat' dir='ltr'><strong>Respons.</strong></span> <span class='ocrx_word' id='word_1_71' title='bbox 687 1179 799 1235; x_wconf 91' lang='lat' dir='ltr'><strong>lmo</strong></span> <span class='ocrx_word' id='word_1_72' title='bbox 847 1179 1050 1234; x_wconf 90' lang='lat' dir='ltr'><strong>idcirco</strong></span> <span class='ocrx_word' id='word_1_73' title='bbox 1113 1179 1228 1232; x_wconf 74' lang='lat' dir='ltr'><strong>haec</strong></span> <span class='ocrx_word' id='word_1_74' title='bbox 1289 1192 1320 1230; x_wconf 91' lang='lat' dir='ltr'><strong>a</strong></span> <span class='ocrx_word' id='word_1_75' title='bbox 1357 1174 1680 1232; x_wconf 85' lang='lat' dir='ltr'><strong>Christianis</strong></span> <span class='ocrx_word' id='word_1_76' title='bbox 1739 1174 1889 1227; x_wconf 87' lang='lat' dir='ltr'><strong>cibo-</strong></span> 
     </span>
    </p>
   </div>
   <div class='ocr_carea' id='block_1_13' title="bbox 307 1264 1890 1337">
    <p class='ocr_par' dir='ltr' id='par_1_13' title="bbox 307 1264 1890 1337">
     <span class='ocr_line' id='line_1_13' title="bbox 307 1264 1890 1337; baseline -0.006 -11"><span class='ocrx_word' id='word_1_77' title='bbox 307 1289 428 1326; x_wconf 91' lang='lat' dir='ltr'><strong>rum</strong></span> <span class='ocrx_word' id='word_1_78' title='bbox 462 1270 768 1326; x_wconf 75' lang='lat' dir='ltr'><strong>dili‘erentia</strong></span> <span class='ocrx_word' id='word_1_79' title='bbox 801 1286 908 1324; x_wconf 93' lang='lat' dir='ltr'><strong>non</strong></span> <span class='ocrx_word' id='word_1_80' title='bbox 948 1269 1284 1331; x_wconf 88' lang='lat' dir='ltr'><strong>admittitur;</strong></span> <span class='ocrx_word' id='word_1_81' title='bbox 1319 1267 1574 1337; x_wconf 91' lang='lat' dir='ltr'><strong>quoniam</strong></span> <span class='ocrx_word' id='word_1_82' title='bbox 1609 1282 1639 1321; x_wconf 92' lang='lat' dir='ltr'><strong>a</strong></span> <span class='ocrx_word' id='word_1_83' title='bbox 1670 1264 1890 1320; x_wconf 88' lang='lat' dir='ltr'><strong>Christo</strong></span> 
     </span>
    </p>
   </div>
   <div class='ocr_carea' id='block_1_14' title="bbox 308 1354 1889 1438">
    <p class='ocr_par' dir='ltr' id='par_1_14' title="bbox 308 1354 1889 1438">
     <span class='ocr_line' id='line_1_14' title="bbox 308 1354 1889 1438; baseline -0.004 -23"><span class='ocrx_word' id='word_1_84' title='bbox 308 1361 451 1432; x_wconf 91' lang='lat' dir='ltr'><strong>quod</strong></span> <span class='ocrx_word' id='word_1_85' title='bbox 496 1377 598 1438; x_wconf 84' lang='lat' dir='ltr'><strong>per</strong></span> <span class='ocrx_word' id='word_1_86' title='bbox 641 1363 783 1416; x_wconf 88' lang='lat' dir='ltr'><strong>hanc</strong></span> <span class='ocrx_word' id='word_1_87' title='bbox 831 1361 1165 1431; x_wconf 86' lang='lat' dir='ltr'><strong>ﬁgurabatur</strong></span> <span class='ocrx_word' id='word_1_88' title='bbox 1208 1357 1480 1428; x_wconf 88' lang='lat' dir='ltr'><strong>impletur.</strong></span> <span class='ocrx_word' id='word_1_89' title='bbox 1543 1354 1889 1410; x_wconf 86' lang='lat' dir='ltr'><strong>Immunditia</strong></span> 
     </span>
    </p>
   </div>
   <div class='ocr_carea' id='block_1_15' title="bbox 306 1445 1890 1525">
    <p class='ocr_par' dir='ltr' id='par_1_15' title="bbox 306 1445 1890 1525">
     <span class='ocr_line' id='line_1_15' title="bbox 306 1445 1890 1525; baseline -0.006 -18"><span class='ocrx_word' id='word_1_90' title='bbox 306 1455 528 1525; x_wconf 86' lang='lat' dir='ltr'><strong>quippe,</strong></span> <span class='ocrx_word' id='word_1_91' title='bbox 560 1467 680 1524; x_wconf 73' lang='lat' dir='ltr'><strong>qua:</strong></span> <span class='ocrx_word' id='word_1_92' title='bbox 709 1461 836 1506; x_wconf 91' lang='lat' dir='ltr'><strong>tunc</strong></span> <span class='ocrx_word' id='word_1_93' title='bbox 858 1451 1153 1506; x_wconf 75' lang='lat' dir='ltr'><strong>cavebatur</strong></span> <span class='ocrx_word' id='word_1_94' title='bbox 1182 1449 1234 1504; x_wconf 92' lang='lat' dir='ltr'><strong>in</strong></span> <span class='ocrx_word' id='word_1_95' title='bbox 1266 1448 1432 1512; x_wconf 87' lang='lat' dir='ltr'><strong>cibis,</strong></span> <span class='ocrx_word' id='word_1_96' title='bbox 1463 1461 1607 1501; x_wconf 90' lang='lat' dir='ltr'><strong>nunc</strong></span> <span class='ocrx_word' id='word_1_97' title='bbox 1638 1446 1692 1500; x_wconf 88' lang='lat' dir='ltr'><strong>in</strong></span> <span class='ocrx_word' id='word_1_98' title='bbox 1727 1445 1890 1500; x_wconf 89' lang='lat' dir='ltr'><strong>mori-</strong></span> 
     </span>
    </p>
   </div>
   <div class='ocr_carea' id='block_1_16' title="bbox 306 1527 1891 1614">
    <p class='ocr_par' dir='ltr' id='par_1_16' title="bbox 306 1527 1891 1614">
     <span class='ocr_line' id='line_1_16' title="bbox 306 1527 1891 1614; baseline -0.006 -15"><span class='ocrx_word' id='word_1_99' title='bbox 306 1545 408 1600; x_wconf 85' lang='lat' dir='ltr'><strong>bus</strong></span> <span class='ocrx_word' id='word_1_100' title='bbox 451 1544 773 1614; x_wconf 88' lang='lat' dir='ltr'><strong>reprobatur</strong></span> <span class='ocrx_word' id='word_1_101' title='bbox 800 1541 1067 1597; x_wconf 88' lang='lat' dir='ltr'><strong>humanis.</strong></span> <span class='ocrx_word' id='word_1_102' title='bbox 1103 1539 1254 1595; x_wconf 91' lang='lat' dir='ltr'><strong>Sicut</strong></span> <span class='ocrx_word' id='word_1_103' title='bbox 1296 1539 1441 1594; x_wconf 91' lang='lat' dir='ltr'><strong>enim</strong></span> <span class='ocrx_word' id='word_1_104' title='bbox 1468 1537 1643 1591; x_wconf 90' lang='lat' dir='ltr'><strong>sancti</strong></span> <span class='ocrx_word' id='word_1_105' title='bbox 1667 1527 1891 1606; x_wconf 84' lang='lat' dir='ltr'><strong>quique</strong></span> 
     </span>
    </p>
   </div>
   <div class='ocr_carea' id='block_1_17' title="bbox 307 1617 1891 1708">
    <p class='ocr_par' dir='ltr' id='par_1_17' title="bbox 307 1617 1891 1708">
     <span class='ocr_line' id='line_1_17' title="bbox 307 1617 1891 1708; baseline -0.008 -16"><span class='ocrx_word' id='word_1_106' title='bbox 307 1651 372 1692; x_wconf 87' lang='lat' dir='ltr'><strong>ac</strong></span> <span class='ocrx_word' id='word_1_107' title='bbox 420 1637 549 1708; x_wconf 84' lang='lat' dir='ltr'><strong>justi</strong></span> <span class='ocrx_word' id='word_1_108' title='bbox 583 1637 989 1691; x_wconf 82' lang='lat' dir='ltr'><strong>transferuntur</strong></span> <span class='ocrx_word' id='word_1_109' title='bbox 1018 1634 1072 1687; x_wconf 88' lang='lat' dir='ltr'><strong>in</strong></span> <span class='ocrx_word' id='word_1_110' title='bbox 1101 1632 1260 1703; x_wconf 74' lang='lat'><strong>271</strong></span> <span class='ocrx_word' id='word_1_111' title='bbox 1298 1617 1497 1698; x_wconf 86' lang='lat' dir='ltr'><strong>corpus</strong></span> <span class='ocrx_word' id='word_1_112' title='bbox 1543 1628 1782 1690; x_wconf 87' lang='lat' dir='ltr'><strong>Christi;</strong></span> <span class='ocrx_word' id='word_1_113' title='bbox 1811 1627 1891 1681; x_wconf 89' lang='lat' dir='ltr'><strong>sic</strong></span> 
     </span>
    </p>
   </div>
   <div class='ocr_carea' id='block_1_18' title="bbox 307 1717 1891 1796">
    <p class='ocr_par' dir='ltr' id='par_1_18' title="bbox 307 1717 1891 1796">
     <span class='ocr_line' id='line_1_18' title="bbox 307 1717 1891 1796; baseline -0.006 -16"><span class='ocrx_word' id='word_1_114' title='bbox 307 1727 378 1780; x_wconf 90' lang='lat' dir='ltr'><strong>ab</strong></span> <span class='ocrx_word' id='word_1_115' title='bbox 426 1741 491 1784; x_wconf 90' lang='lat' dir='ltr'><strong>eo</strong></span> <span class='ocrx_word' id='word_1_116' title='bbox 521 1726 736 1796; x_wconf 87' lang='lat' dir='ltr'><strong>reprobi</strong></span> <span class='ocrx_word' id='word_1_117' title='bbox 782 1733 836 1780; x_wconf 91' lang='lat' dir='ltr'><strong>et</strong></span> <span class='ocrx_word' id='word_1_118' title='bbox 874 1723 1043 1793; x_wconf 84' lang='lat' dir='ltr'><strong>iniqui</strong></span> <span class='ocrx_word' id='word_1_119' title='bbox 1094 1734 1350 1790; x_wconf 87' lang='lat' dir='ltr'><strong>tanquam</strong></span> <span class='ocrx_word' id='word_1_120' title='bbox 1400 1719 1505 1774; x_wconf 91' lang='lat' dir='ltr'><strong>cibi</strong></span> <span class='ocrx_word' id='word_1_121' title='bbox 1555 1717 1891 1790; x_wconf 87' lang='lat' dir='ltr'><strong>repelluntur</strong></span> 
     </span>
    </p>
   </div>
   <div class='ocr_carea' id='block_1_19' title="bbox 1993 531 3580 605">
    <p class='ocr_par' dir='ltr' id='par_1_19' title="bbox 1993 531 3580 605">
     <span class='ocr_line' id='line_1_19' title="bbox 1993 531 3580 605; baseline 0.002 -19"><span class='ocrx_word' id='word_1_122' title='bbox 1993 543 2322 596; x_wconf 85' lang='lat' dir='ltr'><strong>creaturam,</strong></span> <span class='ocrx_word' id='word_1_123' title='bbox 2346 532 2416 586; x_wconf 90' lang='lat' dir='ltr'><strong>de</strong></span> <span class='ocrx_word' id='word_1_124' title='bbox 2443 547 2549 602; x_wconf 86' lang='lat' dir='ltr'><strong>qua</strong></span> <span class='ocrx_word' id='word_1_125' title='bbox 2591 532 2720 588; x_wconf 87' lang='lat' dir='ltr'><strong>dicit</strong></span> <span class='ocrx_word' id='word_1_126' title='bbox 2745 531 3076 602; x_wconf 80' lang='lat' dir='ltr'><strong>Apostolus:</strong></span> <span class='ocrx_word' id='word_1_127' title='bbox 3114 553 3133 584; x_wconf 74' lang='grc' dir='ltr'>ί</span> <span class='ocrx_word' id='word_1_128' title='bbox 3165 531 3222 588; x_wconf 89' lang='lat' dir='ltr'><strong>Si</strong></span> <span class='ocrx_word' id='word_1_129' title='bbox 3265 549 3370 604; x_wconf 88' lang='lat' dir='ltr'><strong>qua</strong></span> <span class='ocrx_word' id='word_1_130' title='bbox 3415 535 3580 605; x_wconf 78' lang='lat' dir='ltr'><strong>igitur</strong></span> 
     </span>
    </p>
   </div>
   <div class='ocr_carea' id='block_1_20' title="bbox 1994 625 3580 694">
    <p class='ocr_par' dir='ltr' id='par_1_20' title="bbox 1994 625 3580 694">
     <span class='ocr_line' id='line_1_20' title="bbox 1994 625 3580 694; baseline 0.004 -16"><span class='ocrx_word' id='word_1_131' title='bbox 1994 625 2045 678; x_wconf 89' lang='lat' dir='ltr'><strong>in</strong></span> <span class='ocrx_word' id='word_1_132' title='bbox 2087 625 2306 680; x_wconf 85' lang='lat' dir='ltr'><strong>Christo</strong></span> <span class='ocrx_word' id='word_1_133' title='bbox 2357 641 2490 679; x_wconf 87' lang='lat' dir='ltr'><strong>nova</strong></span> <span class='ocrx_word' id='word_1_134' title='bbox 2531 635 2780 680; x_wconf 79' lang='lat' dir='ltr'><strong>creatura</strong></span> <span class='ocrx_word' id='word_1_135' title='bbox 2809 666 2824 692; x_wconf 85' lang='lat'><strong>,</strong></span> <span class='ocrx_word' id='word_1_136' title='bbox 2867 635 3053 680; x_wconf 82' lang='lat' dir='ltr'><strong>vetera</strong></span> <span class='ocrx_word' id='word_1_137' title='bbox 3096 632 3465 694; x_wconf 90' lang='lat' dir='ltr'><strong>transierunt,</strong></span> <span class='ocrx_word' id='word_1_138' title='bbox 3526 637 3580 684; x_wconf 91' lang='lat' dir='ltr'><strong>et</strong></span> 
     </span>
    </p>
   </div>
   <div class='ocr_carea' id='block_1_21' title="bbox 1993 713 3253 785">
    <p class='ocr_par' dir='ltr' id='par_1_21' title="bbox 1993 713 3253 785">
     <span class='ocr_line' id='line_1_21' title="bbox 1993 713 3253 785; baseline 0 -17"><span class='ocrx_word' id='word_1_139' title='bbox 1993 729 2121 769; x_wconf 89' lang='lat' dir='ltr'><strong>ecce</strong></span> <span class='ocrx_word' id='word_1_140' title='bbox 2156 713 2293 769; x_wconf 79' lang='lat' dir='ltr'><strong>facta</strong></span> <span class='ocrx_word' id='word_1_141' title='bbox 2322 724 2450 768; x_wconf 91' lang='lat' dir='ltr'><strong>sunt</strong></span> <span class='ocrx_word' id='word_1_142' title='bbox 2477 715 2657 769; x_wconf 84' lang='lat' dir='ltr'><strong>omnia</strong></span> <span class='ocrx_word' id='word_1_143' title='bbox 2690 731 2829 768; x_wconf 85' lang='lat' dir='ltr'><strong>nova</strong></span> <span class='ocrx_word' id='word_1_144' title='bbox 2855 714 2939 785; x_wconf 90' lang='grc'><strong>(11</strong></span> <span class='ocrx_word' id='word_1_145' title='bbox 2970 713 3093 770; x_wconf 85' lang='lat' dir='ltr'><strong>Cor.</strong></span> <span class='ocrx_word' id='word_1_146' title='bbox 3125 715 3201 785; x_wconf 92' lang='lat' dir='ltr'><strong>v).</strong></span> <span class='ocrx_word' id='word_1_147' title='bbox 3235 736 3253 768; x_wconf 73' lang='grc' dir='ltr'><strong>ι</strong></span> 
     </span>
    </p>
   </div>
   <div class='ocr_carea' id='block_1_22' title="bbox 2069 805 3579 878">
    <p class='ocr_par' dir='ltr' id='par_1_22' title="bbox 2069 805 3579 878">
     <span class='ocr_line' id='line_1_22' title="bbox 2069 805 3579 878; baseline 0.004 -18"><span class='ocrx_word' id='word_1_148' title='bbox 2069 805 2272 872; x_wconf 75' lang='lat' dir='ltr'><strong>Qumt.</strong></span> <span class='ocrx_word' id='word_1_149' title='bbox 2301 806 2356 862; x_wconf 89' lang='lat'><strong>8.</strong></span> <span class='ocrx_word' id='word_1_150' title='bbox 2397 805 2454 862; x_wconf 91' lang='lat' dir='ltr'><strong>Si</strong></span> <span class='ocrx_word' id='word_1_151' title='bbox 2486 806 2734 862; x_wconf 76' lang='lat' dir='ltr'><strong>Christus</strong></span> <span class='ocrx_word' id='word_1_152' title='bbox 2766 822 2871 862; x_wconf 91' lang='lat' dir='ltr'><strong>non</strong></span> <span class='ocrx_word' id='word_1_153' title='bbox 2909 808 3060 862; x_wconf 89' lang='lat' dir='ltr'><strong>venit</strong></span> <span class='ocrx_word' id='word_1_154' title='bbox 3109 807 3280 878; x_wconf 83' lang='lat' dir='ltr'><strong>legem</strong></span> <span class='ocrx_word' id='word_1_155' title='bbox 3331 809 3579 876; x_wconf 88' lang='lat' dir='ltr'><strong>solvere,</strong></span> 
     </span>
    </p>
   </div>
   <div class='ocr_carea' id='block_1_23' title="bbox 1999 895 3582 970">
    <p class='ocr_par' dir='ltr' id='par_1_23' title="bbox 1999 895 3582 970">
     <span class='ocr_line' id='line_1_23' title="bbox 1999 895 3582 970; baseline 0.003 -20"><span class='ocrx_word' id='word_1_156' title='bbox 1999 912 2096 950; x_wconf 89' lang='lat' dir='ltr'><strong>cur</strong></span> <span class='ocrx_word' id='word_1_157' title='bbox 2120 895 2460 951; x_wconf 88' lang='lat' dir='ltr'><strong>Christianus</strong></span> <span class='ocrx_word' id='word_1_158' title='bbox 2486 895 2572 949; x_wconf 90' lang='lat' dir='ltr'><strong>illa</strong></span> <span class='ocrx_word' id='word_1_159' title='bbox 2615 896 2952 952; x_wconf 76' lang='lat' dir='ltr'><strong>ablutionum</strong></span> <span class='ocrx_word' id='word_1_160' title='bbox 2990 897 3316 968; x_wconf 79' lang='lat' dir='ltr'><strong>baptismate</strong></span> <span class='ocrx_word' id='word_1_161' title='bbox 3346 915 3466 970; x_wconf 63' lang='lat' dir='ltr'><strong>qum</strong></span> <span class='ocrx_word' id='word_1_162' title='bbox 3495 900 3582 955; x_wconf 79' lang='lat' dir='ltr'><strong>lex</strong></span> 
     </span>
    </p>
   </div>
   <div class='ocr_carea' id='block_1_24' title="bbox 1999 988 2701 1057">
    <p class='ocr_par' dir='ltr' id='par_1_24' title="bbox 1999 988 2701 1057">
     <span class='ocr_line' id='line_1_24' title="bbox 1999 988 2701 1057; baseline 0.009 -21"><span class='ocrx_word' id='word_1_163' title='bbox 1999 988 2241 1057; x_wconf 67' lang='lat' dir='ltr'><strong>prmcipit</strong></span> <span class='ocrx_word' id='word_1_164' title='bbox 2266 1002 2372 1042; x_wconf 92' lang='lat' dir='ltr'><strong>non</strong></span> <span class='ocrx_word' id='word_1_165' title='bbox 2409 988 2701 1042; x_wconf 83' lang='lat' dir='ltr'><strong>observat?</strong></span> 
     </span>
    </p>
   </div>
   <div class='ocr_carea' id='block_1_25' title="bbox 2072 1076 3583 1148">
    <p class='ocr_par' dir='ltr' id='par_1_25' title="bbox 2072 1076 3583 1148">
     <span class='ocr_line' id='line_1_25' title="bbox 2072 1076 3583 1148; baseline 0.005 -18"><span class='ocrx_word' id='word_1_166' title='bbox 2072 1076 2328 1148; x_wconf 77' lang='lat' dir='ltr'><strong>Respons.</strong></span> <span class='ocrx_word' id='word_1_167' title='bbox 2390 1077 2516 1133; x_wconf 85' lang='lat' dir='ltr'><strong>Ideo</strong></span> <span class='ocrx_word' id='word_1_168' title='bbox 2583 1078 2700 1132; x_wconf 73' lang='lat' dir='ltr'><strong>lucc</strong></span> <span class='ocrx_word' id='word_1_169' title='bbox 2751 1076 3073 1134; x_wconf 74' lang='lat' dir='ltr'><strong>Christiana:</strong></span> <span class='ocrx_word' id='word_1_170' title='bbox 3126 1095 3234 1136; x_wconf 91' lang='lat' dir='ltr'><strong>non</strong></span> <span class='ocrx_word' id='word_1_171' title='bbox 3301 1093 3583 1138; x_wconf 79' lang='lat' dir='ltr'><strong>merentur</strong></span> 
     </span>
    </p>
   </div>
   <div class='ocr_carea' id='block_1_26' title="bbox 1999 1153 3580 1240">
    <p class='ocr_par' dir='ltr' id='par_1_26' title="bbox 1999 1153 3580 1240">
     <span class='ocr_line' id='line_1_26' title="bbox 1999 1153 3580 1240; baseline 0.006 -21"><span class='ocrx_word' id='word_1_172' title='bbox 1999 1153 2358 1224; x_wconf 73' lang='lat' dir='ltr'><strong>observantia:</strong></span> <span class='ocrx_word' id='word_1_173' title='bbox 2397 1170 2604 1224; x_wconf 91' lang='lat' dir='ltr'><strong>cultum</strong></span> <span class='ocrx_word' id='word_1_174' title='bbox 2639 1211 2653 1234; x_wconf 89' lang='lat'><strong>,</strong></span> <span class='ocrx_word' id='word_1_175' title='bbox 2691 1170 2814 1240; x_wconf 89' lang='lat' dir='ltr'><strong>quia</strong></span> <span class='ocrx_word' id='word_1_176' title='bbox 2859 1179 2989 1226; x_wconf 90' lang='lat' dir='ltr'><strong>tunc</strong></span> <span class='ocrx_word' id='word_1_177' title='bbox 3017 1171 3226 1227; x_wconf 79' lang='lat' dir='ltr'><strong>umbra:</strong></span> <span class='ocrx_word' id='word_1_178' title='bbox 3250 1173 3466 1230; x_wconf 78' lang='lat' dir='ltr'><strong>fuerunt</strong></span> <span class='ocrx_word' id='word_1_179' title='bbox 3493 1175 3580 1229; x_wconf 79' lang='lat' dir='ltr'><strong>fu-</strong></span> 
     </span>
    </p>
   </div>
   <div class='ocr_carea' id='block_1_27' title="bbox 2002 1262 3582 1331">
    <p class='ocr_par' dir='ltr' id='par_1_27' title="bbox 2002 1262 3582 1331">
     <span class='ocr_line' id='line_1_27' title="bbox 2002 1262 3582 1331; baseline 0.004 -17"><span class='ocrx_word' id='word_1_180' title='bbox 2002 1269 2246 1315; x_wconf 81' lang='lat' dir='ltr'><strong>turorum</strong></span> <span class='ocrx_word' id='word_1_181' title='bbox 2288 1275 2520 1330; x_wconf 90' lang='lat' dir='ltr'><strong>quorum</strong></span> <span class='ocrx_word' id='word_1_182' title='bbox 2550 1277 2691 1315; x_wconf 90' lang='lat' dir='ltr'><strong>nunc</strong></span> <span class='ocrx_word' id='word_1_183' title='bbox 2738 1262 3081 1331; x_wconf 77' lang='lat' dir='ltr'><strong>pez&#39;Spicnum</strong></span> <span class='ocrx_word' id='word_1_184' title='bbox 3126 1265 3465 1331; x_wconf 84' lang='lat' dir='ltr'><strong>possidemus</strong></span> <span class='ocrx_word' id='word_1_185' title='bbox 3505 1267 3582 1324; x_wconf 81' lang='lat' dir='ltr'><strong>ef-</strong></span> 
     </span>
    </p>
   </div>
   <div class='ocr_carea' id='block_1_28' title="bbox 2000 1354 3576 1429">
    <p class='ocr_par' dir='ltr' id='par_1_28' title="bbox 2000 1354 3576 1429">
     <span class='ocr_line' id='line_1_28' title="bbox 2000 1354 3576 1429; baseline 0.008 -24"><span class='ocrx_word' id='word_1_186' title='bbox 2000 1355 2215 1411; x_wconf 82' lang='lat' dir='ltr'><strong>fectum.</strong></span> <span class='ocrx_word' id='word_1_187' title='bbox 2252 1373 2269 1407; x_wconf 76' lang='grc' dir='ltr'><strong>ι</strong></span> <span class='ocrx_word' id='word_1_188' title='bbox 2307 1354 2618 1424; x_wconf 89' lang='lat' dir='ltr'><strong>Consepulti</strong></span> <span class='ocrx_word' id='word_1_189' title='bbox 2668 1355 2812 1410; x_wconf 90' lang='lat' dir='ltr'><strong>enim</strong></span> <span class='ocrx_word' id='word_1_190' title='bbox 2862 1371 3050 1411; x_wconf 91' lang='lat' dir='ltr'><strong>sumus</strong></span> <span class='ocrx_word' id='word_1_191' title='bbox 3104 1356 3322 1414; x_wconf 84' lang='lat' dir='ltr'><strong>Christo</strong></span> <span class='ocrx_word' id='word_1_192' title='bbox 3364 1375 3460 1429; x_wconf 89' lang='lat' dir='ltr'><strong>per</strong></span> <span class='ocrx_word' id='word_1_193' title='bbox 3491 1363 3576 1417; x_wconf 89' lang='lat' dir='ltr'><strong>ba-</strong></span> 
     </span>
    </p>
   </div>
   <div class='ocr_carea' id='block_1_29' title="bbox 1999 1447 3582 1517">
    <p class='ocr_par' dir='ltr' id='par_1_29' title="bbox 1999 1447 3582 1517">
     <span class='ocr_line' id='line_1_29' title="bbox 1999 1447 3582 1517; baseline 0.009 -20"><span class='ocrx_word' id='word_1_194' title='bbox 1999 1448 2252 1514; x_wconf 87' lang='lat' dir='ltr'><strong>ptismum</strong></span> <span class='ocrx_word' id='word_1_195' title='bbox 2293 1447 2346 1502; x_wconf 92' lang='lat' dir='ltr'><strong>in</strong></span> <span class='ocrx_word' id='word_1_196' title='bbox 2372 1457 2580 1509; x_wconf 87' lang='lat' dir='ltr'><strong>morte;</strong></span> <span class='ocrx_word' id='word_1_197' title='bbox 2617 1458 2673 1501; x_wconf 90' lang='lat' dir='ltr'><strong>nt</strong></span> <span class='ocrx_word' id='word_1_198' title='bbox 2701 1450 2970 1517; x_wconf 88' lang='lat' dir='ltr'><strong>quomodo</strong></span> <span class='ocrx_word' id='word_1_199' title='bbox 3000 1453 3240 1506; x_wconf 76' lang='lat' dir='ltr'><strong>surrexit</strong></span> <span class='ocrx_word' id='word_1_200' title='bbox 3263 1453 3514 1512; x_wconf 87' lang='lat' dir='ltr'><strong>Christus</strong></span> <span class='ocrx_word' id='word_1_201' title='bbox 3552 1474 3582 1511; x_wconf 88' lang='lat' dir='ltr'><strong>a</strong></span> 
     </span>
    </p>
   </div>
   <div class='ocr_carea' id='block_1_30' title="bbox 1998 1538 3586 1611">
    <p class='ocr_par' dir='ltr' id='par_1_30' title="bbox 1998 1538 3586 1611">
     <span class='ocr_line' id='line_1_30' title="bbox 1998 1538 3586 1611; baseline 0.01 -21"><span class='ocrx_word' id='word_1_202' title='bbox 1998 1538 2228 1602; x_wconf 84' lang='lat' dir='ltr'><strong>mortuis</strong></span> <span class='ocrx_word' id='word_1_203' title='bbox 2269 1554 2366 1609; x_wconf 87' lang='lat' dir='ltr'><strong>per</strong></span> <span class='ocrx_word' id='word_1_204' title='bbox 2413 1540 2639 1611; x_wconf 79' lang='lat' dir='ltr'><strong>gloriam</strong></span> <span class='ocrx_word' id='word_1_205' title='bbox 2685 1540 2881 1606; x_wconf 84' lang='lat' dir='ltr'><strong>Patris,</strong></span> <span class='ocrx_word' id='word_1_206' title='bbox 2913 1542 2995 1597; x_wconf 88' lang='lat' dir='ltr'><strong>sic</strong></span> <span class='ocrx_word' id='word_1_207' title='bbox 3034 1553 3090 1598; x_wconf 92' lang='lat' dir='ltr'><strong>et</strong></span> <span class='ocrx_word' id='word_1_208' title='bbox 3131 1561 3230 1600; x_wconf 86' lang='lat' dir='ltr'><strong>nos</strong></span> <span class='ocrx_word' id='word_1_209' title='bbox 3259 1546 3312 1602; x_wconf 90' lang='lat' dir='ltr'><strong>in</strong></span> <span class='ocrx_word' id='word_1_210' title='bbox 3343 1551 3586 1606; x_wconf 82' lang='lat' dir='ltr'><strong>novitate</strong></span> 
     </span>
    </p>
   </div>
   <div class='ocr_carea' id='block_1_31' title="bbox 1996 1634 2874 1707">
    <p class='ocr_par' dir='ltr' id='par_1_31' title="bbox 1996 1634 2874 1707">
     <span class='ocr_line' id='line_1_31' title="bbox 1996 1634 2874 1707; baseline 0.003 -21"><span class='ocrx_word' id='word_1_211' title='bbox 1996 1634 2118 1688; x_wconf 65' lang='lat' dir='ltr'><strong>vitae</strong></span> <span class='ocrx_word' id='word_1_212' title='bbox 2151 1635 2493 1690; x_wconf 86' lang='lat' dir='ltr'><strong>ambulemus</strong></span> <span class='ocrx_word' id='word_1_213' title='bbox 2517 1634 2691 1707; x_wconf 83' lang='lat' dir='ltr'><strong>(Rom.</strong></span> <span class='ocrx_word' id='word_1_214' title='bbox 2719 1637 2816 1704; x_wconf 79' lang='lat' dir='ltr'><strong>vr).</strong></span> <span class='ocrx_word' id='word_1_215' title='bbox 2857 1656 2874 1689; x_wconf 76' lang='grc' dir='ltr'><strong>ι</strong></span> 
     </span>
    </p>
   </div>
   <div class='ocr_carea' id='block_1_32' title="bbox 2067 1747 3584 1820">
    <p class='ocr_par' dir='ltr' id='par_1_32' title="bbox 2067 1747 3584 1820">
     <span class='ocr_line' id='line_1_32' title="bbox 2067 1747 3584 1820; baseline 0.003 -18"><span class='ocrx_word' id='word_1_216' title='bbox 2067 1747 2270 1813; x_wconf 64' lang='lat' dir='ltr'><strong>Quasi.</strong></span> <span class='ocrx_word' id='word_1_217' title='bbox 2291 1747 2344 1803; x_wconf 93' lang='lat'><strong>9.</strong></span> <span class='ocrx_word' id='word_1_218' title='bbox 2375 1747 2432 1802; x_wconf 88' lang='lat' dir='ltr'><strong>Si</strong></span> <span class='ocrx_word' id='word_1_219' title='bbox 2457 1748 2542 1802; x_wconf 81' lang='lat' dir='ltr'><strong>lex</strong></span> <span class='ocrx_word' id='word_1_220' title='bbox 2571 1764 2600 1802; x_wconf 92' lang='lat' dir='ltr'><strong>a</strong></span> <span class='ocrx_word' id='word_1_221' title='bbox 2630 1747 2848 1804; x_wconf 85' lang='lat' dir='ltr'><strong>Christo</strong></span> <span class='ocrx_word' id='word_1_222' title='bbox 2875 1748 3091 1819; x_wconf 83' lang='lat' dir='ltr'><strong>impleta</strong></span> <span class='ocrx_word' id='word_1_223' title='bbox 3118 1759 3222 1815; x_wconf 87' lang='lat' dir='ltr'><strong>est,</strong></span> <span class='ocrx_word' id='word_1_224' title='bbox 3247 1767 3355 1806; x_wconf 91' lang='lat' dir='ltr'><strong>non</strong></span> <span class='ocrx_word' id='word_1_225' title='bbox 3386 1754 3584 1820; x_wconf 86' lang='lat' dir='ltr'><strong>soluta,</strong></span> 
     </span>
    </p>
   </div>
   <div class='ocr_carea' id='block_1_33' title="bbox 310 1810 1893 1916">
    <p class='ocr_par' dir='ltr' id='par_1_33' title="bbox 310 1810 1890 1895">
     <span class='ocr_line' id='line_1_33' title="bbox 310 1810 1890 1895; baseline -0.006 -21"><span class='ocrx_word' id='word_1_226' title='bbox 310 1821 598 1895; x_wconf 86' lang='lat' dir='ltr'><strong>immundi.</strong></span> <span class='ocrx_word' id='word_1_227' title='bbox 631 1820 924 1890; x_wconf 84' lang='lat' dir='ltr'><strong>Postquam</strong></span> <span class='ocrx_word' id='word_1_228' title='bbox 965 1830 1094 1887; x_wconf 81' lang='lat' dir='ltr'><strong>ergo</strong></span> <span class='ocrx_word' id='word_1_229' title='bbox 1124 1815 1238 1885; x_wconf 87' lang='lat' dir='ltr'><strong>ipsa</strong></span> <span class='ocrx_word' id='word_1_230' title='bbox 1268 1814 1480 1870; x_wconf 80' lang='lat' dir='ltr'><strong>Veritas</strong></span> <span class='ocrx_word' id='word_1_231' title='bbox 1512 1828 1633 1885; x_wconf 61' lang='lat' dir='ltr'><strong>qua</strong></span> <span class='ocrx_word' id='word_1_232' title='bbox 1680 1810 1890 1882; x_wconf 89' lang='lat' dir='ltr'><strong>signiﬁ-</strong></span> 
     </span>
    </p>
   </div>
   <div class='ocr_carea' id='block_1_34' title="bbox 2001 1810 3586 1916">
    <p class='ocr_par' dir='ltr' id='par_1_34' title="bbox 2001 1810 3586 1916">
     <span class='ocr_line' id='line_1_34' title="bbox 2001 1810 3586 1916; baseline 0.006 -24"><span class='ocrx_word' id='word_1_233' title='bbox 2001 1840 2124 1910; x_wconf 88' lang='lat' dir='ltr'><strong>quid</strong></span> <span class='ocrx_word' id='word_1_234' title='bbox 2155 1840 2386 1896; x_wconf 87' lang='lat' dir='ltr'><strong>rationis</strong></span> <span class='ocrx_word' id='word_1_235' title='bbox 2427 1841 2684 1910; x_wconf 58' lang='lat' dir='ltr'><strong>olijieitnr</strong></span> <span class='ocrx_word' id='word_1_236' title='bbox 2716 1851 2776 1895; x_wconf 90' lang='lat' dir='ltr'><strong>ut</strong></span> <span class='ocrx_word' id='word_1_237' title='bbox 2820 1857 2852 1896; x_wconf 91' lang='lat' dir='ltr'><strong>a</strong></span> <span class='ocrx_word' id='word_1_238' title='bbox 2899 1841 3223 1899; x_wconf 90' lang='lat' dir='ltr'><strong>Christianis</strong></span> <span class='ocrx_word' id='word_1_239' title='bbox 3253 1810 3586 1916; x_wconf 60' lang='lat' dir='ltr'><strong>scenopegia;</strong></span> 
     </span>
    </p>
   </div>
   <div class='ocr_carea' id='block_1_35' title="bbox 308 1905 1894 1976">
    <p class='ocr_par' dir='ltr' id='par_1_35' title="bbox 308 1905 1894 1976">
     <span class='ocr_line' id='line_1_35' title="bbox 308 1905 1894 1976; baseline -0.004 -10"><span class='ocrx_word' id='word_1_240' title='bbox 308 1911 535 1966; x_wconf 86' lang='lat' dir='ltr'><strong>cabatur</strong></span> <span class='ocrx_word' id='word_1_241' title='bbox 569 1909 790 1965; x_wconf 81' lang='lat' dir='ltr'><strong>advenit</strong></span> <span class='ocrx_word' id='word_1_242' title='bbox 821 1949 836 1975; x_wconf 91' lang='lat'><strong>,</strong></span> <span class='ocrx_word' id='word_1_243' title='bbox 879 1908 1077 1964; x_wconf 90' lang='lat' dir='ltr'><strong>merito</strong></span> <span class='ocrx_word' id='word_1_244' title='bbox 1117 1905 1531 1976; x_wconf 82' lang='lat' dir='ltr'><strong>signiﬁcationis</strong></span> <span class='ocrx_word' id='word_1_245' title='bbox 1559 1905 1748 1961; x_wconf 89' lang='lat' dir='ltr'><strong>umbra</strong></span> <span class='ocrx_word' id='word_1_246' title='bbox 1775 1919 1894 1959; x_wconf 89' lang='lat' dir='ltr'><strong>ces-</strong></span> 
     </span>
    </p>
   </div>
   <div class='ocr_carea' id='block_1_36' title="bbox 308 2002 470 2075">
    <p class='ocr_par' dir='ltr' id='par_1_36' title="bbox 308 2002 470 2075">
     <span class='ocr_line' id='line_1_36' title="bbox 308 2002 470 2075; baseline 0 -19"><span class='ocrx_word' id='word_1_247' title='bbox 308 2002 470 2075; x_wconf 82' lang='lat' dir='ltr'><strong>savit.</strong></span> 
     </span>
    </p>
   </div>
   <div class='ocr_carea' id='block_1_37' title="bbox 380 2087 1893 2161">
    <p class='ocr_par' dir='ltr' id='par_1_37' title="bbox 380 2087 1893 2161">
     <span class='ocr_line' id='line_1_37' title="bbox 380 2087 1893 2161; baseline -0.005 -12"><span class='ocrx_word' id='word_1_248' title='bbox 380 2093 581 2161; x_wconf 71' lang='lat' dir='ltr'><strong>Quam.</strong></span> <span class='ocrx_word' id='word_1_249' title='bbox 615 2093 669 2148; x_wconf 71' lang='grc'><strong>4.</strong></span> <span class='ocrx_word' id='word_1_250' title='bbox 705 2092 760 2147; x_wconf 93' lang='lat' dir='ltr'><strong>Si</strong></span> <span class='ocrx_word' id='word_1_251' title='bbox 796 2091 1046 2147; x_wconf 89' lang='lat' dir='ltr'><strong>Christus</strong></span> <span class='ocrx_word' id='word_1_252' title='bbox 1085 2105 1191 2145; x_wconf 90' lang='lat' dir='ltr'><strong>non</strong></span> <span class='ocrx_word' id='word_1_253' title='bbox 1237 2089 1386 2145; x_wconf 93' lang='lat' dir='ltr'><strong>venit</strong></span> <span class='ocrx_word' id='word_1_254' title='bbox 1427 2088 1600 2158; x_wconf 82' lang='lat' dir='ltr'><strong>legem</strong></span> <span class='ocrx_word' id='word_1_255' title='bbox 1632 2087 1845 2142; x_wconf 90' lang='lat' dir='ltr'><strong>solvere</strong></span> <span class='ocrx_word' id='word_1_256' title='bbox 1876 2127 1893 2152; x_wconf 89' lang='lat'><strong>,</strong></span> 
     </span>
    </p>
   </div>
   <div class='ocr_carea' id='block_1_38' title="bbox 307 2179 1893 2257">
    <p class='ocr_par' dir='ltr' id='par_1_38' title="bbox 307 2179 1893 2257">
     <span class='ocr_line' id='line_1_38' title="bbox 307 2179 1893 2257; baseline -0.006 -15"><span class='ocrx_word' id='word_1_257' title='bbox 307 2187 400 2242; x_wconf 89' lang='lat' dir='ltr'><strong>sed</strong></span> <span class='ocrx_word' id='word_1_258' title='bbox 435 2186 682 2257; x_wconf 89' lang='lat' dir='ltr'><strong>implere,</strong></span> <span class='ocrx_word' id='word_1_259' title='bbox 714 2201 812 2240; x_wconf 92' lang='lat' dir='ltr'><strong>cur</strong></span> <span class='ocrx_word' id='word_1_260' title='bbox 836 2194 890 2239; x_wconf 91' lang='lat' dir='ltr'><strong>et</strong></span> <span class='ocrx_word' id='word_1_261' title='bbox 929 2182 1245 2237; x_wconf 85' lang='lat' dir='ltr'><strong>animalium</strong></span> <span class='ocrx_word' id='word_1_262' title='bbox 1281 2180 1538 2238; x_wconf 85' lang='lat' dir='ltr'><strong>carnibus</strong></span> <span class='ocrx_word' id='word_1_263' title='bbox 1561 2179 1893 2236; x_wconf 89' lang='lat' dir='ltr'><strong>sacriﬁcium</strong></span> 
     </span>
    </p>
   </div>
   <div class='ocr_carea' id='block_1_39' title="bbox 309 2271 1378 2332">
    <p class='ocr_par' dir='ltr' id='par_1_39' title="bbox 309 2271 1378 2332">
     <span class='ocr_line' id='line_1_39' title="bbox 309 2271 1378 2332; baseline -0.007 0"><span class='ocrx_word' id='word_1_264' title='bbox 309 2279 419 2332; x_wconf 89' lang='lat' dir='ltr'><strong>Deo</strong></span> <span class='ocrx_word' id='word_1_265' title='bbox 448 2276 790 2332; x_wconf 89' lang='lat' dir='ltr'><strong>Christianus</strong></span> <span class='ocrx_word' id='word_1_266' title='bbox 821 2291 925 2330; x_wconf 92' lang='lat' dir='ltr'><strong>non</strong></span> <span class='ocrx_word' id='word_1_267' title='bbox 955 2284 1114 2329; x_wconf 90' lang='lat' dir='ltr'><strong>curat</strong></span> <span class='ocrx_word' id='word_1_268' title='bbox 1142 2271 1378 2327; x_wconf 79' lang='lat' dir='ltr'><strong>oiIerre?</strong></span> 
     </span>
    </p>
   </div>
   <div class='ocr_carea' id='block_1_40' title="bbox 377 2358 1894 2437">
    <p class='ocr_par' dir='ltr' id='par_1_40' title="bbox 377 2358 1894 2437">
     <span class='ocr_line' id='line_1_40' title="bbox 377 2358 1894 2437; baseline -0.005 -17"><span class='ocrx_word' id='word_1_269' title='bbox 377 2366 627 2437; x_wconf 80' lang='lat' dir='ltr'><strong>Respons.</strong></span> <span class='ocrx_word' id='word_1_270' title='bbox 677 2366 790 2421; x_wconf 79' lang='grc' dir='ltr'>Ιιιιο</span> <span class='ocrx_word' id='word_1_271' title='bbox 841 2365 1047 2420; x_wconf 85' lang='lat' dir='ltr'><strong>idcirco</strong></span> <span class='ocrx_word' id='word_1_272' title='bbox 1103 2380 1136 2418; x_wconf 88' lang='lat' dir='ltr'><strong>a</strong></span> <span class='ocrx_word' id='word_1_273' title='bbox 1190 2361 1524 2419; x_wconf 86' lang='lat' dir='ltr'><strong>Christianis</strong></span> <span class='ocrx_word' id='word_1_274' title='bbox 1588 2358 1894 2428; x_wconf 76' lang='lat' dir='ltr'><strong>huiusmodi</strong></span> 
     </span>
    </p>
   </div>
   <div class='ocr_carea' id='block_1_41' title="bbox 307 2452 1898 2532">
    <p class='ocr_par' dir='ltr' id='par_1_41' title="bbox 307 2452 1898 2532">
     <span class='ocr_line' id='line_1_41' title="bbox 307 2452 1898 2532; baseline -0.005 -18"><span class='ocrx_word' id='word_1_275' title='bbox 307 2458 636 2514; x_wconf 88' lang='lat' dir='ltr'><strong>sacrilicium</strong></span> <span class='ocrx_word' id='word_1_276' title='bbox 683 2472 790 2511; x_wconf 90' lang='lat' dir='ltr'><strong>non</strong></span> <span class='ocrx_word' id='word_1_277' title='bbox 822 2454 1084 2520; x_wconf 84' lang='lat' dir='ltr'><strong>oﬂ&#39;ertur;</strong></span> <span class='ocrx_word' id='word_1_278' title='bbox 1117 2455 1243 2524; x_wconf 89' lang='lat' dir='ltr'><strong>quia</strong></span> <span class='ocrx_word' id='word_1_279' title='bbox 1270 2453 1532 2532; x_wconf 84' lang='lat' dir='ltr'><strong>quidquid</strong></span> <span class='ocrx_word' id='word_1_280' title='bbox 1581 2453 1634 2507; x_wconf 93' lang='lat' dir='ltr'><strong>in</strong></span> <span class='ocrx_word' id='word_1_281' title='bbox 1673 2452 1779 2506; x_wconf 91' lang='lat' dir='ltr'><strong>illis</strong></span> <span class='ocrx_word' id='word_1_282' title='bbox 1807 2452 1898 2506; x_wconf 93' lang='lat' dir='ltr'><strong>ho-</strong></span> 
     </span>
    </p>
   </div>
   <div class='ocr_carea' id='block_1_42' title="bbox 307 2541 1894 2620">
    <p class='ocr_par' dir='ltr' id='par_1_42' title="bbox 307 2541 1894 2620">
     <span class='ocr_line' id='line_1_42' title="bbox 307 2541 1894 2620; baseline -0.005 -17"><span class='ocrx_word' id='word_1_283' title='bbox 307 2550 427 2604; x_wconf 84' lang='lat' dir='ltr'><strong>stiis</strong></span> <span class='ocrx_word' id='word_1_284' title='bbox 459 2549 631 2620; x_wconf 83' lang='lat' dir='ltr'><strong>typice</strong></span> <span class='ocrx_word' id='word_1_285' title='bbox 657 2547 944 2620; x_wconf 86' lang='lat' dir='ltr'><strong>gerebatur</strong></span> <span class='ocrx_word' id='word_1_286' title='bbox 969 2587 983 2611; x_wconf 96' lang='lat'><strong>,</strong></span> <span class='ocrx_word' id='word_1_287' title='bbox 1015 2555 1186 2601; x_wconf 88' lang='lat' dir='ltr'><strong>totum</strong></span> <span class='ocrx_word' id='word_1_288' title='bbox 1218 2545 1273 2598; x_wconf 91' lang='lat' dir='ltr'><strong>in</strong></span> <span class='ocrx_word' id='word_1_289' title='bbox 1306 2543 1679 2600; x_wconf 89' lang='lat' dir='ltr'><strong>immolatione</strong></span> <span class='ocrx_word' id='word_1_290' title='bbox 1710 2541 1847 2614; x_wconf 84' lang='lat' dir='ltr'><strong>Agni</strong></span> <span class='ocrx_word' id='word_1_291' title='bbox 1878 2581 1894 2608; x_wconf 94' lang='lat'><strong>,</strong></span> 
     </span>
    </p>
   </div>
   <div class='ocr_carea' id='block_1_43' title="bbox 312 2634 1898 2712">
    <p class='ocr_par' dir='ltr' id='par_1_43' title="bbox 312 2634 1898 2712">
     <span class='ocr_line' id='line_1_43' title="bbox 312 2634 1898 2712; baseline -0.006 -17"><span class='ocrx_word' id='word_1_292' title='bbox 312 2661 332 2695; x_wconf 72' lang='grc' dir='ltr'><strong>ι</strong></span> <span class='ocrx_word' id='word_1_293' title='bbox 367 2641 458 2712; x_wconf 85' lang='lat' dir='ltr'><strong>qui</strong></span> <span class='ocrx_word' id='word_1_294' title='bbox 491 2640 630 2695; x_wconf 94' lang='lat' dir='ltr'><strong>tollit</strong></span> <span class='ocrx_word' id='word_1_295' title='bbox 675 2648 898 2710; x_wconf 86' lang='lat' dir='ltr'><strong>peccata</strong></span> <span class='ocrx_word' id='word_1_296' title='bbox 957 2637 1142 2692; x_wconf 90' lang='lat' dir='ltr'><strong>mundi</strong></span> <span class='ocrx_word' id='word_1_297' title='bbox 1188 2635 1374 2708; x_wconf 83' lang='lat' dir='ltr'><strong>(Joan.</strong></span> <span class='ocrx_word' id='word_1_298' title='bbox 1406 2638 1514 2705; x_wconf 85' lang='grc' dir='ltr'>ιιι),</span> <span class='ocrx_word' id='word_1_299' title='bbox 1549 2652 1568 2686; x_wconf 74' lang='grc' dir='ltr'><strong>ι</strong></span> <span class='ocrx_word' id='word_1_300' title='bbox 1625 2634 1898 2688; x_wconf 82' lang='lat' dir='ltr'><strong>veraciter</strong></span> 
     </span>
    </p>
   </div>
   <div class='ocr_carea' id='block_1_44' title="bbox 307 2715 1897 2801">
    <p class='ocr_par' dir='ltr' id='par_1_44' title="bbox 307 2715 1897 2801">
     <span class='ocr_line' id='line_1_44' title="bbox 307 2715 1897 2801; baseline -0.008 -11"><span class='ocrx_word' id='word_1_301' title='bbox 307 2715 681 2801; x_wconf 62' lang='lat' dir='ltr'><strong>adimpleturt</strong></span> <span class='ocrx_word' id='word_1_302' title='bbox 724 2737 780 2784; x_wconf 89' lang='lat' dir='ltr'><strong>et</strong></span> <span class='ocrx_word' id='word_1_303' title='bbox 827 2728 952 2798; x_wconf 87' lang='lat' dir='ltr'><strong>quia</strong></span> <span class='ocrx_word' id='word_1_304' title='bbox 1008 2726 1190 2782; x_wconf 88' lang='lat' dir='ltr'><strong>omnia</strong></span> <span class='ocrx_word' id='word_1_305' title='bbox 1241 2725 1334 2781; x_wconf 87' lang='lat' dir='ltr'><strong>illa</strong></span> <span class='ocrx_word' id='word_1_306' title='bbox 1392 2723 1467 2780; x_wconf 81' lang='lat' dir='ltr'><strong>nil</strong></span> <span class='ocrx_word' id='word_1_307' title='bbox 1504 2723 1650 2778; x_wconf 88' lang='lat' dir='ltr'><strong>aliud</strong></span> <span class='ocrx_word' id='word_1_308' title='bbox 1705 2723 1897 2778; x_wconf 83' lang='lat' dir='ltr'><strong>salutis</strong></span> 
     </span>
    </p>
   </div>
   <div class='ocr_carea' id='block_1_45' title="bbox 307 2814 1896 2882">
    <p class='ocr_par' dir='ltr' id='par_1_45' title="bbox 307 2814 1896 2882">
     <span class='ocr_line' id='line_1_45' title="bbox 307 2814 1896 2882; baseline -0.006 -6"><span class='ocrx_word' id='word_1_309' title='bbox 307 2820 601 2882; x_wconf 87' lang='lat' dir='ltr'><strong>habebant,</strong></span> <span class='ocrx_word' id='word_1_310' title='bbox 632 2817 738 2873; x_wconf 91' lang='lat' dir='ltr'><strong>nisi</strong></span> <span class='ocrx_word' id='word_1_311' title='bbox 766 2824 826 2871; x_wconf 89' lang='lat' dir='ltr'><strong>ut</strong></span> <span class='ocrx_word' id='word_1_312' title='bbox 869 2818 937 2872; x_wconf 88' lang='lat' dir='ltr'><strong>ad</strong></span> <span class='ocrx_word' id='word_1_313' title='bbox 966 2817 1070 2871; x_wconf 91' lang='lat' dir='ltr'><strong>hoc</strong></span> <span class='ocrx_word' id='word_1_314' title='bbox 1107 2824 1353 2871; x_wconf 90' lang='lat' dir='ltr'><strong>nostrum</strong></span> <span class='ocrx_word' id='word_1_315' title='bbox 1395 2814 1722 2870; x_wconf 76' lang='lat' dir='ltr'><strong>sacriﬁcium</strong></span> <span class='ocrx_word' id='word_1_316' title='bbox 1758 2828 1896 2867; x_wconf 89' lang='lat' dir='ltr'><strong>nna-</strong></span> 
     </span>
    </p>
   </div>
   <div class='ocr_carea' id='block_1_46' title="bbox 308 2908 1892 2975">
    <p class='ocr_par' dir='ltr' id='par_1_46' title="bbox 308 2908 1892 2975">
     <span class='ocr_line' id='line_1_46' title="bbox 308 2908 1892 2975; baseline -0.006 -8"><span class='ocrx_word' id='word_1_317' title='bbox 308 2912 529 2968; x_wconf 85' lang='lat' dir='ltr'><strong>nimiter</strong></span> <span class='ocrx_word' id='word_1_318' title='bbox 561 2911 866 2975; x_wconf 81' lang='lat' dir='ltr'><strong>tenderent,</strong></span> <span class='ocrx_word' id='word_1_319' title='bbox 896 2911 999 2964; x_wconf 88' lang='lat' dir='ltr'><strong>hoc</strong></span> <span class='ocrx_word' id='word_1_320' title='bbox 1033 2925 1200 2963; x_wconf 91' lang='lat' dir='ltr'><strong>unum</strong></span> <span class='ocrx_word' id='word_1_321' title='bbox 1239 2908 1418 2963; x_wconf 90' lang='lat' dir='ltr'><strong>omnis</strong></span> <span class='ocrx_word' id='word_1_322' title='bbox 1444 2909 1892 2962; x_wconf 58' lang='lat' dir='ltr'><strong>cmreti&#39;voniaimn</strong></span> 
     </span>
    </p>
   </div>
   <div class='ocr_carea' id='block_1_47' title="bbox 310 2998 1898 3072">
    <p class='ocr_par' dir='ltr' id='par_1_47' title="bbox 310 2998 1898 3072">
     <span class='ocr_line' id='line_1_47' title="bbox 310 2998 1898 3072; baseline -0.002 -16"><span class='ocrx_word' id='word_1_323' title='bbox 310 3001 599 3060; x_wconf 82' lang='lat' dir='ltr'><strong>diversitas</strong></span> <span class='ocrx_word' id='word_1_324' title='bbox 649 3001 998 3072; x_wconf 80' lang='lat' dir='ltr'><strong>designaret,</strong></span> <span class='ocrx_word' id='word_1_325' title='bbox 1053 3009 1338 3070; x_wconf 83' lang='lat' dir='ltr'><strong>postquam</strong></span> <span class='ocrx_word' id='word_1_326' title='bbox 1388 2999 1565 3054; x_wconf 90' lang='lat' dir='ltr'><strong>hostia</strong></span> <span class='ocrx_word' id='word_1_327' title='bbox 1606 2998 1898 3069; x_wconf 76' lang='lat' dir='ltr'><strong>singularis</strong></span> 
     </span>
    </p>
   </div>
   <div class='ocr_carea' id='block_1_48' title="bbox 310 3089 1890 3162">
    <p class='ocr_par' dir='ltr' id='par_1_48' title="bbox 310 3089 1890 3162">
     <span class='ocr_line' id='line_1_48' title="bbox 310 3089 1890 3162; baseline -0.004 -14"><span class='ocrx_word' id='word_1_328' title='bbox 310 3093 523 3157; x_wconf 80' lang='lat' dir='ltr'><strong>illuxit,</strong></span> <span class='ocrx_word' id='word_1_329' title='bbox 567 3092 846 3162; x_wconf 78' lang='lat' dir='ltr'><strong>multiplex</strong></span> <span class='ocrx_word' id='word_1_330' title='bbox 894 3091 1082 3146; x_wconf 90' lang='lat' dir='ltr'><strong>umbra</strong></span> <span class='ocrx_word' id='word_1_331' title='bbox 1124 3106 1243 3161; x_wconf 80' lang='lat' dir='ltr'><strong>qua:</strong></span> <span class='ocrx_word' id='word_1_332' title='bbox 1279 3090 1618 3161; x_wconf 71' lang='lat' dir='ltr'><strong>prmeedebat</strong></span> <span class='ocrx_word' id='word_1_333' title='bbox 1650 3089 1890 3144; x_wconf 82' lang='lat' dir='ltr'><strong>evanuit.</strong></span> 
     </span>
    </p>
   </div>
   <div class='ocr_carea' id='block_1_49' title="bbox 1997 1931 2729 1988">
    <p class='ocr_par' dir='ltr' id='par_1_49' title="bbox 1997 1931 2729 1988">
     <span class='ocr_line' id='line_1_49' title="bbox 1997 1931 2729 1988; baseline 0 -2"><span class='ocrx_word' id='word_1_334' title='bbox 1997 1931 2314 1988; x_wconf 88' lang='lat' dir='ltr'><strong>solemnitas</strong></span> <span class='ocrx_word' id='word_1_335' title='bbox 2342 1948 2446 1986; x_wconf 92' lang='lat' dir='ltr'><strong>non</strong></span> <span class='ocrx_word' id='word_1_336' title='bbox 2474 1933 2729 1986; x_wconf 85' lang='lat' dir='ltr'><strong>colatur?</strong></span> 
     </span>
    </p>
   </div>
   <div class='ocr_carea' id='block_1_50' title="bbox 2072 2044 3583 2121">
    <p class='ocr_par' dir='ltr' id='par_1_50' title="bbox 2072 2044 3583 2121">
     <span class='ocr_line' id='line_1_50' title="bbox 2072 2044 3583 2121; baseline 0.005 -22"><span class='ocrx_word' id='word_1_337' title='bbox 2072 2044 2322 2116; x_wconf 77' lang='lat' dir='ltr'><strong>Respons.</strong></span> <span class='ocrx_word' id='word_1_338' title='bbox 2370 2045 2801 2101; x_wconf 85' lang='lat' dir='ltr'><strong>Tabernacnlum</strong></span> <span class='ocrx_word' id='word_1_339' title='bbox 2847 2047 2942 2104; x_wconf 89' lang='lat' dir='ltr'><strong>Dei</strong></span> <span class='ocrx_word' id='word_1_340' title='bbox 2992 2049 3227 2104; x_wconf 86' lang='lat' dir='ltr'><strong>societas</strong></span> <span class='ocrx_word' id='word_1_341' title='bbox 3269 2059 3352 2104; x_wconf 88' lang='lat' dir='ltr'><strong>est</strong></span> <span class='ocrx_word' id='word_1_342' title='bbox 3401 2051 3583 2121; x_wconf 83' lang='lat' dir='ltr'><strong>populi</strong></span> 
     </span>
    </p>
   </div>
   <div class='ocr_carea' id='block_1_51' title="bbox 1994 2137 3584 2207">
    <p class='ocr_par' dir='ltr' id='par_1_51' title="bbox 1994 2137 3584 2207">
     <span class='ocr_line' id='line_1_51' title="bbox 1994 2137 3584 2207; baseline 0.002 -14"><span class='ocrx_word' id='word_1_343' title='bbox 1994 2137 2310 2200; x_wconf 87' lang='lat' dir='ltr'><strong>Christiani,</strong></span> <span class='ocrx_word' id='word_1_344' title='bbox 2337 2139 2670 2207; x_wconf 88' lang='lat' dir='ltr'><strong>etquoniam</strong></span> <span class='ocrx_word' id='word_1_345' title='bbox 2710 2139 2837 2192; x_wconf 86' lang='lat' dir='ltr'><strong>illud</strong></span> <span class='ocrx_word' id='word_1_346' title='bbox 2885 2138 3293 2195; x_wconf 88' lang='lat' dir='ltr'><strong>tabernaculum</strong></span> <span class='ocrx_word' id='word_1_347' title='bbox 3339 2151 3584 2196; x_wconf 82' lang='lat' dir='ltr'><strong>sanetam</strong></span> 
     </span>
    </p>
   </div>
   <div class='ocr_carea' id='block_1_52' title="bbox 1995 2226 3590 2302">
    <p class='ocr_par' dir='ltr' id='par_1_52' title="bbox 1995 2226 3590 2302">
     <span class='ocr_line' id='line_1_52' title="bbox 1995 2226 3590 2302; baseline 0.005 -22"><span class='ocrx_word' id='word_1_348' title='bbox 1995 2226 2378 2298; x_wconf 69' lang='lat' dir='ltr'><strong>praeﬁgurahat</strong></span> <span class='ocrx_word' id='word_1_349' title='bbox 2413 2227 2708 2283; x_wconf 83' lang='lat' dir='ltr'><strong>Ecelesiam</strong></span> <span class='ocrx_word' id='word_1_350' title='bbox 2738 2271 2751 2291; x_wconf 90' lang='lat'><strong>,</strong></span> <span class='ocrx_word' id='word_1_351' title='bbox 2783 2230 3148 2285; x_wconf 85' lang='lat' dir='ltr'><strong>contemnitur</strong></span> <span class='ocrx_word' id='word_1_352' title='bbox 3179 2231 3389 2302; x_wconf 84' lang='lat' dir='ltr'><strong>signum</strong></span> <span class='ocrx_word' id='word_1_353' title='bbox 3439 2244 3590 2302; x_wconf 87' lang='lat' dir='ltr'><strong>post-</strong></span> 
     </span>
    </p>
   </div>
   <div class='ocr_carea' id='block_1_53' title="bbox 1996 2319 3586 2390">
    <p class='ocr_par' dir='ltr' id='par_1_53' title="bbox 1996 2319 3586 2390">
     <span class='ocr_line' id='line_1_53' title="bbox 1996 2319 3586 2390; baseline 0.003 -17"><span class='ocrx_word' id='word_1_354' title='bbox 1996 2335 2159 2390; x_wconf 85' lang='lat' dir='ltr'><strong>quam</strong></span> <span class='ocrx_word' id='word_1_355' title='bbox 2201 2319 2352 2373; x_wconf 88' lang='lat' dir='ltr'><strong>venit</strong></span> <span class='ocrx_word' id='word_1_356' title='bbox 2393 2321 2536 2388; x_wconf 90' lang='lat' dir='ltr'><strong>qnod</strong></span> <span class='ocrx_word' id='word_1_357' title='bbox 2592 2319 2766 2376; x_wconf 77' lang='lat' dir='ltr'><strong>fuerat</strong></span> <span class='ocrx_word' id='word_1_358' title='bbox 2815 2323 3221 2390; x_wconf 72' lang='lat' dir='ltr'><strong>prtesignatum.</strong></span> <span class='ocrx_word' id='word_1_359' title='bbox 3288 2322 3397 2378; x_wconf 85' lang='lat' dir='ltr'><strong>Nec</strong></span> <span class='ocrx_word' id='word_1_360' title='bbox 3441 2325 3586 2380; x_wconf 89' lang='lat' dir='ltr'><strong>enim</strong></span> 
     </span>
    </p>
   </div>
   <div class='ocr_carea' id='block_1_54' title="bbox 1997 2411 3590 2486">
    <p class='ocr_par' dir='ltr' id='par_1_54' title="bbox 1997 2411 3590 2486">
     <span class='ocr_line' id='line_1_54' title="bbox 1997 2411 3590 2486; baseline 0.003 -20"><span class='ocrx_word' id='word_1_361' title='bbox 1997 2412 2273 2466; x_wconf 85' lang='lat' dir='ltr'><strong>diceretur</strong></span> <span class='ocrx_word' id='word_1_362' title='bbox 2302 2411 2708 2466; x_wconf 74' lang='lat' dir='ltr'><strong>tabernaculum</strong></span> <span class='ocrx_word' id='word_1_363' title='bbox 2754 2414 3087 2478; x_wconf 91' lang='lat' dir='ltr'><strong>testimonii,</strong></span> <span class='ocrx_word' id='word_1_364' title='bbox 3119 2415 3221 2468; x_wconf 89' lang='lat' dir='ltr'><strong>nisi</strong></span> <span class='ocrx_word' id='word_1_365' title='bbox 3255 2415 3418 2486; x_wconf 76' lang='grc'><strong>272</strong></span> <span class='ocrx_word' id='word_1_366' title='bbox 3452 2426 3590 2471; x_wconf 87' lang='lat' dir='ltr'><strong>atte-</strong></span> 
     </span>
    </p>
   </div>
   <div class='ocr_carea' id='block_1_55' title="bbox 1998 2503 3589 2577">
    <p class='ocr_par' dir='ltr' id='par_1_55' title="bbox 1998 2503 3589 2577">
     <span class='ocr_line' id='line_1_55' title="bbox 1998 2503 3589 2577; baseline 0.004 -21"><span class='ocrx_word' id='word_1_367' title='bbox 1998 2512 2236 2558; x_wconf 86' lang='lat' dir='ltr'><strong>staretur</strong></span> <span class='ocrx_word' id='word_1_368' title='bbox 2281 2503 2441 2558; x_wconf 89' lang='lat' dir='ltr'><strong>alicni</strong></span> <span class='ocrx_word' id='word_1_369' title='bbox 2479 2520 2600 2573; x_wconf 74' lang='lat' dir='ltr'><strong>qua:</strong></span> <span class='ocrx_word' id='word_1_370' title='bbox 2641 2504 2966 2560; x_wconf 84' lang='lat' dir='ltr'><strong>declaranda</strong></span> <span class='ocrx_word' id='word_1_371' title='bbox 3007 2514 3166 2560; x_wconf 88' lang='lat' dir='ltr'><strong>erant</strong></span> <span class='ocrx_word' id='word_1_372' title='bbox 3199 2521 3296 2561; x_wconf 89' lang='lat' dir='ltr'><strong>suo</strong></span> <span class='ocrx_word' id='word_1_373' title='bbox 3348 2517 3589 2577; x_wconf 88' lang='lat' dir='ltr'><strong>tempore</strong></span> 
     </span>
    </p>
   </div>
   <div class='ocr_carea' id='block_1_56' title="bbox 1996 2596 3591 2670">
    <p class='ocr_par' dir='ltr' id='par_1_56' title="bbox 1996 2596 3591 2670">
     <span class='ocr_line' id='line_1_56' title="bbox 1996 2596 3591 2670; baseline 0.003 -20"><span class='ocrx_word' id='word_1_374' title='bbox 1996 2596 2260 2651; x_wconf 90' lang='lat' dir='ltr'><strong>veritatis.</strong></span> <span class='ocrx_word' id='word_1_375' title='bbox 2292 2596 2444 2663; x_wconf 85' lang='lat' dir='ltr'><strong>Quod</strong></span> <span class='ocrx_word' id='word_1_376' title='bbox 2469 2597 2649 2666; x_wconf 88' lang='lat' dir='ltr'><strong>itaque</strong></span> <span class='ocrx_word' id='word_1_377' title='bbox 2689 2603 2820 2650; x_wconf 91' lang='lat' dir='ltr'><strong>tunc</strong></span> <span class='ocrx_word' id='word_1_378' title='bbox 2855 2598 3116 2668; x_wconf 89' lang='lat' dir='ltr'><strong>agebatur</strong></span> <span class='ocrx_word' id='word_1_379' title='bbox 3144 2608 3418 2668; x_wconf 73' lang='lat' dir='ltr'><strong>prreeepto</strong></span> <span class='ocrx_word' id='word_1_380' title='bbox 3454 2600 3591 2670; x_wconf 83' lang='lat' dir='ltr'><strong>tign-</strong></span> 
     </span>
    </p>
   </div>
   <div class='ocr_carea' id='block_1_57' title="bbox 1997 2688 3590 2756">
    <p class='ocr_par' dir='ltr' id='par_1_57' title="bbox 1997 2688 3590 2756">
     <span class='ocr_line' id='line_1_57' title="bbox 1997 2688 3590 2756; baseline 0.001 -13"><span class='ocrx_word' id='word_1_381' title='bbox 1997 2697 2221 2750; x_wconf 82' lang='lat' dir='ltr'><strong>ratum,</strong></span> <span class='ocrx_word' id='word_1_382' title='bbox 2278 2701 2422 2740; x_wconf 91' lang='lat' dir='ltr'><strong>nunc</strong></span> <span class='ocrx_word' id='word_1_383' title='bbox 2480 2688 2901 2756; x_wconf 66' lang='lat' dir='ltr'><strong>prtesentialiter</strong></span> <span class='ocrx_word' id='word_1_384' title='bbox 2967 2689 3212 2743; x_wconf 88' lang='lat' dir='ltr'><strong>cernitur</strong></span> <span class='ocrx_word' id='word_1_385' title='bbox 3279 2691 3590 2745; x_wconf 87' lang='lat' dir='ltr'><strong>testimonio</strong></span> 
     </span>
    </p>
   </div>
   <div class='ocr_carea' id='block_1_58' title="bbox 1999 2779 3591 2854">
    <p class='ocr_par' dir='ltr' id='par_1_58' title="bbox 1999 2779 3591 2854">
     <span class='ocr_line' id='line_1_58' title="bbox 1999 2779 3591 2854; baseline 0.003 -20"><span class='ocrx_word' id='word_1_386' title='bbox 1999 2780 2296 2834; x_wconf 87' lang='lat' dir='ltr'><strong>revelatum</strong></span> <span class='ocrx_word' id='word_1_387' title='bbox 2328 2797 2342 2833; x_wconf 88' lang='lat'><strong>:</strong></span> <span class='ocrx_word' id='word_1_388' title='bbox 2371 2789 2426 2834; x_wconf 91' lang='lat' dir='ltr'><strong>et</strong></span> <span class='ocrx_word' id='word_1_389' title='bbox 2464 2795 2583 2834; x_wconf 89' lang='lat' dir='ltr'><strong>cum</strong></span> <span class='ocrx_word' id='word_1_390' title='bbox 2617 2779 2723 2848; x_wconf 86' lang='lat' dir='ltr'><strong>jam</strong></span> <span class='ocrx_word' id='word_1_391' title='bbox 2761 2781 2812 2834; x_wconf 90' lang='lat' dir='ltr'><strong>id</strong></span> <span class='ocrx_word' id='word_1_392' title='bbox 2844 2783 2989 2851; x_wconf 90' lang='lat' dir='ltr'><strong>quod</strong></span> <span class='ocrx_word' id='word_1_393' title='bbox 3025 2781 3362 2851; x_wconf 84' lang='lat' dir='ltr'><strong>ﬁgurabatnr</strong></span> <span class='ocrx_word' id='word_1_394' title='bbox 3394 2785 3591 2854; x_wconf 87' lang='lat' dir='ltr'><strong>aspici-</strong></span> 
     </span>
    </p>
   </div>
   <div class='ocr_carea' id='block_1_59' title="bbox 2001 2872 3588 2945">
    <p class='ocr_par' dir='ltr' id='par_1_59' title="bbox 2001 2872 3588 2945">
     <span class='ocr_line' id='line_1_59' title="bbox 2001 2872 3588 2945; baseline 0.005 -19"><span class='ocrx_word' id='word_1_395' title='bbox 2001 2889 2112 2937; x_wconf 72' lang='lat' dir='ltr'><strong>tur,</strong></span> <span class='ocrx_word' id='word_1_396' title='bbox 2137 2873 2279 2942; x_wconf 84' lang='lat' dir='ltr'><strong>quod</strong></span> <span class='ocrx_word' id='word_1_397' title='bbox 2312 2872 2578 2943; x_wconf 82' lang='lat' dir='ltr'><strong>ﬁgurabat</strong></span> <span class='ocrx_word' id='word_1_398' title='bbox 2603 2872 2933 2943; x_wconf 82' lang='lat' dir='ltr'><strong>superﬂuum</strong></span> <span class='ocrx_word' id='word_1_399' title='bbox 2968 2889 3062 2944; x_wconf 91' lang='lat' dir='ltr'><strong>per</strong></span> <span class='ocrx_word' id='word_1_400' title='bbox 3085 2876 3588 2945; x_wconf 85' lang='lat' dir='ltr'><strong>omniajudieatur.</strong></span> 
     </span>
    </p>
   </div>
   <div class='ocr_carea' id='block_1_60' title="bbox 2073 2982 3593 3054">
    <p class='ocr_par' dir='ltr' id='par_1_60' title="bbox 2073 2982 3593 3054">
     <span class='ocr_line' id='line_1_60' title="bbox 2073 2982 3593 3054; baseline 0.006 -18"><span class='ocrx_word' id='word_1_401' title='bbox 2073 2982 2272 3048; x_wconf 68' lang='lat' dir='ltr'><strong>Qetwst.</strong></span> <span class='ocrx_word' id='word_1_402' title='bbox 2300 2982 2386 3036; x_wconf 66' lang='grc'><strong>10.</strong></span> <span class='ocrx_word' id='word_1_403' title='bbox 2423 2982 2480 3038; x_wconf 79' lang='lat' dir='ltr'><strong>Si</strong></span> <span class='ocrx_word' id='word_1_404' title='bbox 2512 2983 2762 3039; x_wconf 85' lang='lat' dir='ltr'><strong>Christus</strong></span> <span class='ocrx_word' id='word_1_405' title='bbox 2791 2982 2964 3054; x_wconf 91' lang='lat' dir='ltr'><strong>legem</strong></span> <span class='ocrx_word' id='word_1_406' title='bbox 3004 2985 3215 3040; x_wconf 88' lang='lat' dir='ltr'><strong>solvere</strong></span> <span class='ocrx_word' id='word_1_407' title='bbox 3257 2986 3466 3053; x_wconf 90' lang='lat' dir='ltr'><strong>noluit,</strong></span> <span class='ocrx_word' id='word_1_408' title='bbox 3495 2989 3593 3046; x_wconf 86' lang='lat' dir='ltr'><strong>sed</strong></span> 
     </span>
    </p>
   </div>
   <div class='ocr_carea' id='block_1_61' title="bbox 2005 3073 3592 3146">
    <p class='ocr_par' dir='ltr' id='par_1_61' title="bbox 2005 3073 3592 3146">
     <span class='ocr_line' id='line_1_61' title="bbox 2005 3073 3592 3146; baseline 0.007 -19"><span class='ocrx_word' id='word_1_409' title='bbox 2005 3073 2251 3144; x_wconf 87' lang='lat' dir='ltr'><strong>implere,</strong></span> <span class='ocrx_word' id='word_1_410' title='bbox 2306 3089 2475 3144; x_wconf 86' lang='lat' dir='ltr'><strong>quare</strong></span> <span class='ocrx_word' id='word_1_411' title='bbox 2523 3073 2870 3130; x_wconf 89' lang='lat' dir='ltr'><strong>Christianus</strong></span> <span class='ocrx_word' id='word_1_412' title='bbox 2912 3079 3202 3146; x_wconf 89' lang='lat' dir='ltr'><strong>septimum</strong></span> <span class='ocrx_word' id='word_1_413' title='bbox 3252 3079 3592 3138; x_wconf 84' lang='lat' dir='ltr'><strong>remissionis</strong></span> 
     </span>
    </p>
   </div>
   <div class='ocr_carea' id='block_1_62' title="bbox 310 3165 1893 3255">
    <p class='ocr_par' dir='ltr' id='par_1_62' title="bbox 310 3183 1893 3255">
     <span class='ocr_line' id='line_1_62' title="bbox 310 3183 1893 3255; baseline -0.003 -14"><span class='ocrx_word' id='word_1_414' title='bbox 310 3185 442 3255; x_wconf 84' lang='lat' dir='ltr'><strong>Quis</strong></span> <span class='ocrx_word' id='word_1_415' title='bbox 489 3187 630 3241; x_wconf 90' lang='lat' dir='ltr'><strong>enim</strong></span> <span class='ocrx_word' id='word_1_416' title='bbox 686 3186 893 3240; x_wconf 87' lang='lat' dir='ltr'><strong>neseiat</strong></span> <span class='ocrx_word' id='word_1_417' title='bbox 920 3185 1107 3240; x_wconf 89' lang='lat' dir='ltr'><strong>eadem</strong></span> <span class='ocrx_word' id='word_1_418' title='bbox 1146 3183 1415 3240; x_wconf 86' lang='lat' dir='ltr'><strong>sacriﬁcia</strong></span> <span class='ocrx_word' id='word_1_419' title='bbox 1472 3183 1654 3253; x_wconf 82' lang='lat' dir='ltr'><strong>potius</strong></span> <span class='ocrx_word' id='word_1_420' title='bbox 1693 3183 1762 3236; x_wconf 85' lang='lat' dir='ltr'><strong>ad</strong></span> <span class='ocrx_word' id='word_1_421' title='bbox 1794 3183 1893 3236; x_wconf 77' lang='lat' dir='ltr'><strong>hoc</strong></span> 
     </span>
    </p>
   </div>
   <div class='ocr_carea' id='block_1_63' title="bbox 2001 3165 3436 3255">
    <p class='ocr_par' dir='ltr' id='par_1_63' title="bbox 2003 3165 3436 3239">
     <span class='ocr_line' id='line_1_63' title="bbox 2003 3165 3436 3239; baseline 0.004 -21"><span class='ocrx_word' id='word_1_422' title='bbox 2003 3181 2228 3232; x_wconf 90' lang='lat' dir='ltr'><strong>annum,</strong></span> <span class='ocrx_word' id='word_1_423' title='bbox 2254 3165 2339 3220; x_wconf 86' lang='lat' dir='ltr'><strong>vel</strong></span> <span class='ocrx_word' id='word_1_424' title='bbox 2360 3166 2522 3220; x_wconf 90' lang='lat' dir='ltr'><strong>etiam</strong></span> <span class='ocrx_word' id='word_1_425' title='bbox 2544 3166 2825 3235; x_wconf 67' lang='lat' dir='ltr'><strong>jubilteum</strong></span> <span class='ocrx_word' id='word_1_426' title='bbox 2859 3167 3082 3239; x_wconf 87' lang='lat' dir='ltr'><strong>negligit</strong></span> <span class='ocrx_word' id='word_1_427' title='bbox 3109 3170 3436 3226; x_wconf 88' lang='lat' dir='ltr'><strong>observare?</strong></span> 
     </span>
    </p>
   </div>
   <div class='ocr_carea' id='block_1_64' title="bbox 311 3273 1891 3351">
    <p class='ocr_par' dir='ltr' id='par_1_64' title="bbox 311 3273 1891 3351">
     <span class='ocr_line' id='line_1_64' title="bbox 311 3273 1891 3351; baseline -0.004 -19"><span class='ocrx_word' id='word_1_428' title='bbox 311 3276 654 3351; x_wconf 85' lang='lat' dir='ltr'><strong>inobediendi</strong></span> <span class='ocrx_word' id='word_1_429' title='bbox 714 3276 942 3348; x_wconf 82' lang='lat' dir='ltr'><strong>populo,</strong></span> <span class='ocrx_word' id='word_1_430' title='bbox 997 3289 1066 3329; x_wconf 91' lang='lat' dir='ltr'><strong>ne</strong></span> <span class='ocrx_word' id='word_1_431' title='bbox 1103 3289 1225 3329; x_wconf 90' lang='lat' dir='ltr'><strong>eum</strong></span> <span class='ocrx_word' id='word_1_432' title='bbox 1281 3274 1438 3329; x_wconf 88' lang='lat' dir='ltr'><strong>idolis</strong></span> <span class='ocrx_word' id='word_1_433' title='bbox 1486 3273 1846 3329; x_wconf 72' lang='lat' dir='ltr'><strong>fornicaretur</strong></span> <span class='ocrx_word' id='word_1_434' title='bbox 1877 3315 1891 3338; x_wconf 91' lang='lat'><strong>,</strong></span> 
     </span>
    </p>
   </div>
   <div class='ocr_carea' id='block_1_65' title="bbox 310 3367 1897 3442">
    <p class='ocr_par' dir='ltr' id='par_1_65' title="bbox 310 3367 1897 3442">
     <span class='ocr_line' id='line_1_65' title="bbox 310 3367 1897 3442; baseline -0.002 -18"><span class='ocrx_word' id='word_1_435' title='bbox 310 3370 561 3442; x_wconf 84' lang='lat' dir='ltr'><strong>imposita</strong></span> <span class='ocrx_word' id='word_1_436' title='bbox 595 3411 612 3436; x_wconf 91' lang='lat'><strong>,</strong></span> <span class='ocrx_word' id='word_1_437' title='bbox 681 3386 842 3442; x_wconf 88' lang='lat' dir='ltr'><strong>quam</strong></span> <span class='ocrx_word' id='word_1_438' title='bbox 899 3369 1010 3424; x_wconf 87' lang='lat' dir='ltr'><strong>Deo</strong></span> <span class='ocrx_word' id='word_1_439' title='bbox 1065 3378 1324 3438; x_wconf 90' lang='lat' dir='ltr'><strong>tanquam</strong></span> <span class='ocrx_word' id='word_1_440' title='bbox 1380 3369 1493 3438; x_wconf 78' lang='lat' dir='ltr'><strong>ipse</strong></span> <span class='ocrx_word' id='word_1_441' title='bbox 1561 3367 1897 3424; x_wconf 67' lang='lat' dir='ltr'><strong>desideraret</strong></span> 
     </span>
    </p>
   </div>
   <div class='ocr_carea' id='block_1_66' title="bbox 307 3463 523 3518">
    <p class='ocr_par' dir='ltr' id='par_1_66' title="bbox 307 3463 523 3518">
     <span class='ocr_line' id='line_1_66' title="bbox 307 3463 523 3518; baseline 0 0"><span class='ocrx_word' id='word_1_442' title='bbox 307 3463 523 3518; x_wconf 82' lang='lat' dir='ltr'><strong>oblata?</strong></span> 
     </span>
    </p>
   </div>
   <div class='ocr_carea' id='block_1_67' title="bbox 382 3549 1891 3620">
    <p class='ocr_par' dir='ltr' id='par_1_67' title="bbox 382 3549 1891 3620">
     <span class='ocr_line' id='line_1_67' title="bbox 382 3549 1891 3620; baseline -0.001 -14"><span class='ocrx_word' id='word_1_443' title='bbox 382 3552 584 3618; x_wconf 76' lang='lat' dir='ltr'><strong>Qua’st.</strong></span> <span class='ocrx_word' id='word_1_444' title='bbox 619 3554 672 3608; x_wconf 82' lang='grc'><strong>5.</strong></span> <span class='ocrx_word' id='word_1_445' title='bbox 723 3553 778 3608; x_wconf 89' lang='lat' dir='ltr'><strong>Si</strong></span> <span class='ocrx_word' id='word_1_446' title='bbox 827 3552 1078 3610; x_wconf 87' lang='lat' dir='ltr'><strong>Christus</strong></span> <span class='ocrx_word' id='word_1_447' title='bbox 1107 3566 1217 3607; x_wconf 90' lang='lat' dir='ltr'><strong>non</strong></span> <span class='ocrx_word' id='word_1_448' title='bbox 1246 3549 1395 3605; x_wconf 91' lang='lat' dir='ltr'><strong>venit</strong></span> <span class='ocrx_word' id='word_1_449' title='bbox 1434 3549 1609 3620; x_wconf 83' lang='lat' dir='ltr'><strong>legem</strong></span> <span class='ocrx_word' id='word_1_450' title='bbox 1639 3549 1850 3604; x_wconf 83' lang='lat' dir='ltr'><strong>solvere</strong></span> <span class='ocrx_word' id='word_1_451' title='bbox 1878 3589 1891 3610; x_wconf 90' lang='lat'><strong>.</strong></span> 
     </span>
    </p>
   </div>
   <div class='ocr_carea' id='block_1_68' title="bbox 310 3643 1896 3716">
    <p class='ocr_par' dir='ltr' id='par_1_68' title="bbox 310 3643 1896 3716">
     <span class='ocr_line' id='line_1_68' title="bbox 310 3643 1896 3716; baseline -0.001 -16"><span class='ocrx_word' id='word_1_452' title='bbox 310 3645 405 3701; x_wconf 90' lang='lat' dir='ltr'><strong>sed</strong></span> <span class='ocrx_word' id='word_1_453' title='bbox 447 3645 669 3716; x_wconf 90' lang='lat' dir='ltr'><strong>implere</strong></span> <span class='ocrx_word' id='word_1_454' title='bbox 697 3687 712 3711; x_wconf 95' lang='lat'><strong>,</strong></span> <span class='ocrx_word' id='word_1_455' title='bbox 760 3662 859 3700; x_wconf 89' lang='lat' dir='ltr'><strong>cur</strong></span> <span class='ocrx_word' id='word_1_456' title='bbox 911 3645 1257 3708; x_wconf 82' lang='lat' dir='ltr'><strong>Christianus</strong></span> <span class='ocrx_word' id='word_1_457' title='bbox 1297 3659 1548 3715; x_wconf 82' lang='lat' dir='ltr'><strong>azymam</strong></span> <span class='ocrx_word' id='word_1_458' title='bbox 1591 3661 1755 3714; x_wconf 87' lang='lat' dir='ltr'><strong>quam</strong></span> <span class='ocrx_word' id='word_1_459' title='bbox 1809 3643 1896 3698; x_wconf 80' lang='lat' dir='ltr'><strong>lex</strong></span> 
     </span>
    </p>
   </div>
   <div class='ocr_carea' id='block_1_69' title="bbox 308 3736 990 3804">
    <p class='ocr_par' dir='ltr' id='par_1_69' title="bbox 308 3736 990 3804">
     <span class='ocr_line' id='line_1_69' title="bbox 308 3736 990 3804; baseline -0.003 -14"><span class='ocrx_word' id='word_1_460' title='bbox 308 3736 550 3804; x_wconf 69' lang='grc' dir='ltr'>ριωοῑιιιι</span> <span class='ocrx_word' id='word_1_461' title='bbox 576 3751 682 3789; x_wconf 86' lang='lat' dir='ltr'><strong>non</strong></span> <span class='ocrx_word' id='word_1_462' title='bbox 705 3737 990 3789; x_wconf 78' lang='lat' dir='ltr'><strong>observat?</strong></span> 
     </span>
    </p>
   </div>
   <div class='ocr_carea' id='block_1_70' title="bbox 382 3822 1898 3893">
    <p class='ocr_par' dir='ltr' id='par_1_70' title="bbox 382 3822 1898 3893">
     <span class='ocr_line' id='line_1_70' title="bbox 382 3822 1898 3893; baseline 0.001 -17"><span class='ocrx_word' id='word_1_463' title='bbox 382 3823 636 3893; x_wconf 78' lang='lat' dir='ltr'><strong>Respons.</strong></span> <span class='ocrx_word' id='word_1_464' title='bbox 667 3823 874 3878; x_wconf 85' lang='lat' dir='ltr'><strong>ldcireo</strong></span> <span class='ocrx_word' id='word_1_465' title='bbox 903 3839 930 3875; x_wconf 89' lang='lat' dir='ltr'><strong>a</strong></span> <span class='ocrx_word' id='word_1_466' title='bbox 962 3822 1287 3878; x_wconf 85' lang='lat' dir='ltr'><strong>Christianis</strong></span> <span class='ocrx_word' id='word_1_467' title='bbox 1313 3823 1542 3877; x_wconf 87' lang='lat' dir='ltr'><strong>visibilis</strong></span> <span class='ocrx_word' id='word_1_468' title='bbox 1573 3823 1660 3877; x_wconf 86' lang='lat' dir='ltr'><strong>illa</strong></span> <span class='ocrx_word' id='word_1_469' title='bbox 1694 3832 1750 3877; x_wconf 89' lang='lat' dir='ltr'><strong>et</strong></span> <span class='ocrx_word' id='word_1_470' title='bbox 1779 3839 1898 3878; x_wconf 90' lang='lat' dir='ltr'><strong>cor-</strong></span> 
     </span>
    </p>
   </div>
   <div class='ocr_carea' id='block_1_71' title="bbox 308 3907 1897 3984">
    <p class='ocr_par' dir='ltr' id='par_1_71' title="bbox 308 3907 1897 3984">
     <span class='ocr_line' id='line_1_71' title="bbox 308 3907 1897 3984; baseline -0.001 -16"><span class='ocrx_word' id='word_1_471' title='bbox 308 3911 515 3984; x_wconf 88' lang='lat' dir='ltr'><strong>poralis</strong></span> <span class='ocrx_word' id='word_1_472' title='bbox 560 3925 750 3982; x_wconf 75' lang='lat' dir='ltr'><strong>azyma</strong></span> <span class='ocrx_word' id='word_1_473' title='bbox 801 3907 1242 3980; x_wconf 79' lang='lat' dir='ltr'><strong>ﬂoccipenditur;</strong></span> <span class='ocrx_word' id='word_1_474' title='bbox 1301 3910 1557 3980; x_wconf 77' lang='lat' dir='ltr'><strong>quoniam</strong></span> <span class='ocrx_word' id='word_1_475' title='bbox 1597 3921 1897 3981; x_wconf 82' lang='lat' dir='ltr'><strong>expurgato</strong></span> 
     </span>
    </p>
   </div>
   <div class='ocr_carea' id='block_1_72' title="bbox 310 4002 1899 4076">
    <p class='ocr_par' dir='ltr' id='par_1_72' title="bbox 310 4002 1899 4076">
     <span class='ocr_line' id='line_1_72' title="bbox 310 4002 1899 4076; baseline -0.003 -16"><span class='ocrx_word' id='word_1_476' title='bbox 310 4004 513 4076; x_wconf 83' lang='lat' dir='ltr'><strong>veteris</strong></span> <span class='ocrx_word' id='word_1_477' title='bbox 540 4003 663 4061; x_wconf 74' lang='lat' dir='ltr'><strong>vita:</strong></span> <span class='ocrx_word' id='word_1_478' title='bbox 690 4002 976 4066; x_wconf 81' lang='lat' dir='ltr'><strong>fermento,</strong></span> <span class='ocrx_word' id='word_1_479' title='bbox 1024 4016 1160 4057; x_wconf 85' lang='lat' dir='ltr'><strong>nova</strong></span> <span class='ocrx_word' id='word_1_480' title='bbox 1192 4003 1511 4076; x_wconf 88' lang='lat' dir='ltr'><strong>conspersio</strong></span> <span class='ocrx_word' id='word_1_481' title='bbox 1540 4002 1899 4070; x_wconf 87' lang='lat' dir='ltr'><strong>spiritualiter</strong></span> 
     </span>
    </p>
   </div>
   <div class='ocr_carea' id='block_1_73' title="bbox 313 4094 1900 4166">
    <p class='ocr_par' dir='ltr' id='par_1_73' title="bbox 313 4094 1900 4166">
     <span class='ocr_line' id='line_1_73' title="bbox 313 4094 1900 4166; baseline -0.001 -16"><span class='ocrx_word' id='word_1_482' title='bbox 313 4095 660 4166; x_wconf 87' lang='lat' dir='ltr'><strong>adimpletur.</strong></span> <span class='ocrx_word' id='word_1_483' title='bbox 694 4094 846 4150; x_wconf 88' lang='lat' dir='ltr'><strong>Tune</strong></span> <span class='ocrx_word' id='word_1_484' title='bbox 889 4094 1034 4153; x_wconf 88' lang='lat' dir='ltr'><strong>enim</strong></span> <span class='ocrx_word' id='word_1_485' title='bbox 1064 4103 1183 4149; x_wconf 89' lang='lat' dir='ltr'><strong>erat</strong></span> <span class='ocrx_word' id='word_1_486' title='bbox 1209 4094 1350 4164; x_wconf 89' lang='lat' dir='ltr'><strong>legis</strong></span> <span class='ocrx_word' id='word_1_487' title='bbox 1393 4094 1664 4164; x_wconf 85' lang='lat' dir='ltr'><strong>scriptura</strong></span> <span class='ocrx_word' id='word_1_488' title='bbox 1697 4109 1900 4165; x_wconf 64' lang='lat' dir='ltr'><strong>prazceo</strong></span> 
     </span>
    </p>
   </div>
   <div class='ocr_carea' id='block_1_74' title="bbox 310 4185 1895 4259">
    <p class='ocr_par' dir='ltr' id='par_1_74' title="bbox 310 4185 1895 4259">
     <span class='ocr_line' id='line_1_74' title="bbox 310 4185 1895 4259; baseline -0.003 -15"><span class='ocrx_word' id='word_1_489' title='bbox 310 4197 482 4259; x_wconf 84' lang='lat' dir='ltr'><strong>ptum,</strong></span> <span class='ocrx_word' id='word_1_490' title='bbox 511 4203 654 4242; x_wconf 91' lang='lat' dir='ltr'><strong>nunc</strong></span> <span class='ocrx_word' id='word_1_491' title='bbox 687 4195 771 4242; x_wconf 93' lang='lat' dir='ltr'><strong>est</strong></span> <span class='ocrx_word' id='word_1_492' title='bbox 808 4186 1209 4250; x_wconf 88' lang='lat' dir='ltr'><strong>testimonium,</strong></span> <span class='ocrx_word' id='word_1_493' title='bbox 1242 4193 1297 4242; x_wconf 88' lang='lat' dir='ltr'><strong>et</strong></span> <span class='ocrx_word' id='word_1_494' title='bbox 1321 4193 1608 4256; x_wconf 85' lang='lat' dir='ltr'><strong>postquam</strong></span> <span class='ocrx_word' id='word_1_495' title='bbox 1653 4185 1709 4240; x_wconf 89' lang='lat' dir='ltr'><strong>id</strong></span> <span class='ocrx_word' id='word_1_496' title='bbox 1751 4185 1895 4255; x_wconf 85' lang='lat' dir='ltr'><strong>quod</strong></span> 
     </span>
    </p>
   </div>
   <div class='ocr_carea' id='block_1_75' title="bbox 310 4276 1898 4354">
    <p class='ocr_par' dir='ltr' id='par_1_75' title="bbox 310 4276 1898 4354">
     <span class='ocr_line' id='line_1_75' title="bbox 310 4276 1898 4354; baseline -0.003 -20"><span class='ocrx_word' id='word_1_497' title='bbox 310 4279 716 4352; x_wconf 83' lang='lat' dir='ltr'><strong>signiﬁcabatur</strong></span> <span class='ocrx_word' id='word_1_498' title='bbox 759 4277 1007 4348; x_wconf 84' lang='lat' dir='ltr'><strong>advenit,</strong></span> <span class='ocrx_word' id='word_1_499' title='bbox 1040 4278 1144 4333; x_wconf 90' lang='lat' dir='ltr'><strong>hoc</strong></span> <span class='ocrx_word' id='word_1_500' title='bbox 1177 4277 1320 4350; x_wconf 91' lang='lat' dir='ltr'><strong>quod</strong></span> <span class='ocrx_word' id='word_1_501' title='bbox 1361 4276 1702 4348; x_wconf 77' lang='lat' dir='ltr'><strong>signiﬁcabat</strong></span> <span class='ocrx_word' id='word_1_502' title='bbox 1729 4276 1898 4354; x_wconf 82' lang='lat' dir='ltr'><strong>inter-</strong></span> 
     </span>
    </p>
   </div>
   <div class='ocr_carea' id='block_1_76' title="bbox 315 4371 398 4426">
    <p class='ocr_par' dir='ltr' id='par_1_76' title="bbox 315 4371 398 4426">
     <span class='ocr_line' id='line_1_76' title="bbox 315 4371 398 4426; baseline 0.024 -2"><span class='ocrx_word' id='word_1_503' title='bbox 315 4371 398 4426; x_wconf 89' lang='lat' dir='ltr'><strong>iit.</strong></span> 
     </span>
    </p>
   </div>
   <div class='ocr_carea' id='block_1_77' title="bbox 380 4457 1895 4530">
    <p class='ocr_par' dir='ltr' id='par_1_77' title="bbox 380 4457 1895 4530">
     <span class='ocr_line' id='line_1_77' title="bbox 380 4457 1895 4530; baseline -0.004 -14"><span class='ocrx_word' id='word_1_504' title='bbox 380 4461 582 4529; x_wconf 71' lang='lat' dir='ltr'><strong>Quaest.</strong></span> <span class='ocrx_word' id='word_1_505' title='bbox 612 4462 665 4529; x_wconf 85' lang='lat'><strong>6.</strong></span> <span class='ocrx_word' id='word_1_506' title='bbox 708 4461 764 4516; x_wconf 90' lang='lat' dir='ltr'><strong>Si</strong></span> <span class='ocrx_word' id='word_1_507' title='bbox 797 4460 1049 4516; x_wconf 80' lang='lat' dir='ltr'><strong>Christus</strong></span> <span class='ocrx_word' id='word_1_508' title='bbox 1092 4460 1266 4530; x_wconf 88' lang='lat' dir='ltr'><strong>legem</strong></span> <span class='ocrx_word' id='word_1_509' title='bbox 1311 4459 1458 4514; x_wconf 73' lang='lat' dir='ltr'><strong>venit</strong></span> <span class='ocrx_word' id='word_1_510' title='bbox 1485 4457 1708 4529; x_wconf 85' lang='lat' dir='ltr'><strong>implere</strong></span> <span class='ocrx_word' id='word_1_511' title='bbox 1734 4499 1749 4524; x_wconf 92' lang='lat'><strong>,</strong></span> <span class='ocrx_word' id='word_1_512' title='bbox 1797 4474 1895 4512; x_wconf 87' lang='lat' dir='ltr'><strong>cur</strong></span> 
     </span>
    </p>
   </div>
   <div class='ocr_carea' id='block_1_78' title="bbox 2071 3278 3590 3353">
    <p class='ocr_par' dir='ltr' id='par_1_78' title="bbox 2071 3278 3590 3353">
     <span class='ocr_line' id='line_1_78' title="bbox 2071 3278 3590 3353; baseline 0.004 -21"><span class='ocrx_word' id='word_1_513' title='bbox 2071 3278 2327 3350; x_wconf 78' lang='lat' dir='ltr'><strong>Respons.</strong></span> <span class='ocrx_word' id='word_1_514' title='bbox 2361 3278 2628 3346; x_wconf 85' lang='lat' dir='ltr'><strong>Quoniam</strong></span> <span class='ocrx_word' id='word_1_515' title='bbox 2658 3279 2877 3334; x_wconf 75' lang='lat' dir='ltr'><strong>Veritas</strong></span> <span class='ocrx_word' id='word_1_516' title='bbox 2905 3295 2970 3334; x_wconf 89' lang='lat' dir='ltr'><strong>ac</strong></span> <span class='ocrx_word' id='word_1_517' title='bbox 3001 3279 3278 3351; x_wconf 89' lang='lat' dir='ltr'><strong>Sapientia</strong></span> <span class='ocrx_word' id='word_1_518' title='bbox 3322 3282 3443 3348; x_wconf 87' lang='lat' dir='ltr'><strong>Dei,</strong></span> <span class='ocrx_word' id='word_1_519' title='bbox 3469 3297 3590 3353; x_wconf 74' lang='lat' dir='ltr'><strong>quae</strong></span> 
     </span>
    </p>
   </div>
   <div class='ocr_carea' id='block_1_79' title="bbox 1999 3369 3590 3443">
    <p class='ocr_par' dir='ltr' id='par_1_79' title="bbox 1999 3369 3590 3443">
     <span class='ocr_line' id='line_1_79' title="bbox 1999 3369 3590 3443; baseline 0.003 -19"><span class='ocrx_word' id='word_1_520' title='bbox 1999 3385 2121 3443; x_wconf 85' lang='lat' dir='ltr'><strong>cum</strong></span> <span class='ocrx_word' id='word_1_521' title='bbox 2149 3371 2340 3424; x_wconf 87' lang='lat' dir='ltr'><strong>doceat</strong></span> <span class='ocrx_word' id='word_1_522' title='bbox 2363 3369 2583 3440; x_wconf 82' lang='lat' dir='ltr'><strong>angelos</strong></span> <span class='ocrx_word' id='word_1_523' title='bbox 2611 3371 2662 3424; x_wconf 94' lang='lat' dir='ltr'><strong>in</strong></span> <span class='ocrx_word' id='word_1_524' title='bbox 2693 3370 2837 3424; x_wconf 69' lang='lat' dir='ltr'><strong>cmlo</strong></span> <span class='ocrx_word' id='word_1_525' title='bbox 2857 3411 2869 3431; x_wconf 84' lang='lat'><em>.</em></span> <span class='ocrx_word' id='word_1_526' title='bbox 2913 3371 3164 3425; x_wconf 88' lang='lat' dir='ltr'><strong>homines</strong></span> <span class='ocrx_word' id='word_1_527' title='bbox 3197 3374 3364 3426; x_wconf 91' lang='lat' dir='ltr'><strong>etiam</strong></span> <span class='ocrx_word' id='word_1_528' title='bbox 3391 3373 3590 3429; x_wconf 91' lang='lat' dir='ltr'><strong>docere</strong></span> 
     </span>
    </p>
   </div>
   <div class='ocr_carea' id='block_1_80' title="bbox 2002 3461 3590 3532">
    <p class='ocr_par' dir='ltr' id='par_1_80' title="bbox 2002 3461 3590 3532">
     <span class='ocr_line' id='line_1_80' title="bbox 2002 3461 3590 3532; baseline 0.004 -19"><span class='ocrx_word' id='word_1_529' title='bbox 2002 3461 2147 3515; x_wconf 90' lang='lat' dir='ltr'><strong>venit</strong></span> <span class='ocrx_word' id='word_1_530' title='bbox 2182 3461 2235 3514; x_wconf 91' lang='lat' dir='ltr'><strong>in</strong></span> <span class='ocrx_word' id='word_1_531' title='bbox 2277 3470 2441 3515; x_wconf 89' lang='lat' dir='ltr'><strong>terra.</strong></span> <span class='ocrx_word' id='word_1_532' title='bbox 2474 3462 2626 3528; x_wconf 86' lang='lat' dir='ltr'><strong>Quod</strong></span> <span class='ocrx_word' id='word_1_533' title='bbox 2670 3463 2822 3532; x_wconf 90' lang='lat' dir='ltr'><strong>prius</strong></span> <span class='ocrx_word' id='word_1_534' title='bbox 2857 3461 3098 3530; x_wconf 87' lang='lat' dir='ltr'><strong>jusserat</strong></span> <span class='ocrx_word' id='word_1_535' title='bbox 3137 3464 3436 3519; x_wconf 89' lang='lat' dir='ltr'><strong>carnaliter</strong></span> <span class='ocrx_word' id='word_1_536' title='bbox 3489 3467 3590 3520; x_wconf 90' lang='lat' dir='ltr'><strong>sub</strong></span> 
     </span>
    </p>
   </div>
   <div class='ocr_carea' id='block_1_81' title="bbox 1998 3551 3593 3624">
    <p class='ocr_par' dir='ltr' id='par_1_81' title="bbox 1998 3551 3593 3624">
     <span class='ocr_line' id='line_1_81' title="bbox 1998 3551 3593 3624; baseline 0.003 -20"><span class='ocrx_word' id='word_1_537' title='bbox 1998 3552 2300 3622; x_wconf 68' lang='lat' dir='ltr'><strong>:enigmatis</strong></span> <span class='ocrx_word' id='word_1_538' title='bbox 2361 3551 2552 3606; x_wconf 88' lang='lat' dir='ltr'><strong>umbra</strong></span> <span class='ocrx_word' id='word_1_539' title='bbox 2611 3552 2860 3616; x_wconf 88' lang='lat' dir='ltr'><strong>servari,</strong></span> <span class='ocrx_word' id='word_1_540' title='bbox 2915 3553 3260 3621; x_wconf 87' lang='lat' dir='ltr'><strong>postmodum</strong></span> <span class='ocrx_word' id='word_1_541' title='bbox 3311 3553 3593 3624; x_wconf 88' lang='lat' dir='ltr'><strong>discipulis</strong></span> 
     </span>
    </p>
   </div>
   <div class='ocr_carea' id='block_1_82' title="bbox 1999 3642 3591 3712">
    <p class='ocr_par' dir='ltr' id='par_1_82' title="bbox 1999 3642 3591 3712">
     <span class='ocr_line' id='line_1_82' title="bbox 1999 3642 3591 3712; baseline 0 -15"><span class='ocrx_word' id='word_1_542' title='bbox 1999 3643 2112 3698; x_wconf 91' lang='lat' dir='ltr'><strong>suis</strong></span> <span class='ocrx_word' id='word_1_543' title='bbox 2137 3642 2493 3710; x_wconf 86' lang='lat' dir='ltr'><strong>spiritualiter</strong></span> <span class='ocrx_word' id='word_1_544' title='bbox 2541 3642 2819 3695; x_wconf 88' lang='lat' dir='ltr'><strong>mandavit</strong></span> <span class='ocrx_word' id='word_1_545' title='bbox 2860 3642 3108 3712; x_wconf 84' lang='lat' dir='ltr'><strong>intelligi.</strong></span> <span class='ocrx_word' id='word_1_546' title='bbox 3153 3642 3243 3696; x_wconf 90' lang='lat' dir='ltr'><strong>Sic</strong></span> <span class='ocrx_word' id='word_1_547' title='bbox 3282 3643 3426 3696; x_wconf 91' lang='lat' dir='ltr'><strong>enim</strong></span> <span class='ocrx_word' id='word_1_548' title='bbox 3471 3644 3591 3698; x_wconf 87' lang='lat' dir='ltr'><strong>dies</strong></span> 
     </span>
    </p>
   </div>
   <div class='ocr_carea' id='block_1_83' title="bbox 1999 3733 3590 3806">
    <p class='ocr_par' dir='ltr' id='par_1_83' title="bbox 1999 3733 3590 3806">
     <span class='ocr_line' id='line_1_83' title="bbox 1999 3733 3590 3806; baseline 0 -14"><span class='ocrx_word' id='word_1_549' title='bbox 1999 3735 2263 3806; x_wconf 87' lang='lat' dir='ltr'><strong>septimus</strong></span> <span class='ocrx_word' id='word_1_550' title='bbox 2286 3733 2510 3788; x_wconf 79' lang='lat' dir='ltr'><strong>feriatus</strong></span> <span class='ocrx_word' id='word_1_551' title='bbox 2539 3747 2658 3789; x_wconf 91' lang='lat' dir='ltr'><strong>esse</strong></span> <span class='ocrx_word' id='word_1_552' title='bbox 2680 3735 2995 3804; x_wconf 64' lang='lat' dir='ltr'><strong>prmeipitnr</strong></span> <span class='ocrx_word' id='word_1_553' title='bbox 3021 3745 3079 3790; x_wconf 90' lang='lat' dir='ltr'><strong>ut</strong></span> <span class='ocrx_word' id='word_1_554' title='bbox 3103 3745 3310 3790; x_wconf 66' lang='lat' dir='ltr'><strong>interna</strong></span> <span class='ocrx_word' id='word_1_555' title='bbox 3341 3751 3437 3806; x_wconf 88' lang='lat' dir='ltr'><strong>per</strong></span> <span class='ocrx_word' id='word_1_556' title='bbox 3463 3751 3590 3792; x_wconf 91' lang='lat' dir='ltr'><strong>eum</strong></span> 
     </span>
    </p>
   </div>
   <div class='ocr_carea' id='block_1_84' title="bbox 1999 3826 3591 3897">
    <p class='ocr_par' dir='ltr' id='par_1_84' title="bbox 1999 3826 3591 3897">
     <span class='ocr_line' id='line_1_84' title="bbox 1999 3826 3591 3897; baseline 0.003 -18"><span class='ocrx_word' id='word_1_557' title='bbox 1999 3827 2215 3894; x_wconf 75' lang='lat' dir='ltr'><strong>requies</strong></span> <span class='ocrx_word' id='word_1_558' title='bbox 2235 3826 2568 3896; x_wconf 82' lang='lat' dir='ltr'><strong>designetur.</strong></span> <span class='ocrx_word' id='word_1_559' title='bbox 2598 3826 2688 3881; x_wconf 88' lang='lat' dir='ltr'><strong>Sic</strong></span> <span class='ocrx_word' id='word_1_560' title='bbox 2716 3837 2770 3881; x_wconf 89' lang='lat' dir='ltr'><strong>et</strong></span> <span class='ocrx_word' id='word_1_561' title='bbox 2799 3827 2853 3880; x_wconf 90' lang='lat' dir='ltr'><strong>in</strong></span> <span class='ocrx_word' id='word_1_562' title='bbox 2877 3843 3020 3882; x_wconf 90' lang='lat' dir='ltr'><strong>anno</strong></span> <span class='ocrx_word' id='word_1_563' title='bbox 3060 3830 3312 3897; x_wconf 83' lang='lat' dir='ltr'><strong>septimo,</strong></span> <span class='ocrx_word' id='word_1_564' title='bbox 3337 3831 3417 3883; x_wconf 91' lang='lat' dir='ltr'><strong>sic</strong></span> <span class='ocrx_word' id='word_1_565' title='bbox 3454 3840 3508 3884; x_wconf 89' lang='lat' dir='ltr'><strong>et</strong></span> <span class='ocrx_word' id='word_1_566' title='bbox 3535 3831 3591 3884; x_wconf 91' lang='lat' dir='ltr'><strong>in</strong></span> 
     </span>
    </p>
   </div>
   <div class='ocr_carea' id='block_1_85' title="bbox 1998 3915 3594 3986">
    <p class='ocr_par' dir='ltr' id='par_1_85' title="bbox 1998 3915 3594 3986">
     <span class='ocr_line' id='line_1_85' title="bbox 1998 3915 3594 3986; baseline 0.004 -18"><span class='ocrx_word' id='word_1_567' title='bbox 1998 3915 2226 3970; x_wconf 76' lang='lat' dir='ltr'><strong>anilteo</strong></span> <span class='ocrx_word' id='word_1_568' title='bbox 2246 3955 2262 3981; x_wconf 92' lang='lat'><strong>,</strong></span> <span class='ocrx_word' id='word_1_569' title='bbox 2301 3917 2391 3986; x_wconf 91' lang='lat' dir='ltr'><strong>qui</strong></span> <span class='ocrx_word' id='word_1_570' title='bbox 2422 3932 2517 3984; x_wconf 90' lang='lat' dir='ltr'><strong>per</strong></span> <span class='ocrx_word' id='word_1_571' title='bbox 2545 3931 2813 3970; x_wconf 90' lang='lat' dir='ltr'><strong>annorum</strong></span> <span class='ocrx_word' id='word_1_572' title='bbox 2843 3917 3108 3970; x_wconf 84' lang='lat' dir='ltr'><strong>circulum</strong></span> <span class='ocrx_word' id='word_1_573' title='bbox 3142 3920 3453 3986; x_wconf 89' lang='lat' dir='ltr'><strong>septenario</strong></span> <span class='ocrx_word' id='word_1_574' title='bbox 3491 3937 3594 3974; x_wconf 91' lang='lat' dir='ltr'><strong>nn-</strong></span> 
     </span>
    </p>
   </div>
   <div class='ocr_carea' id='block_1_86' title="bbox 1998 4003 3588 4074">
    <p class='ocr_par' dir='ltr' id='par_1_86' title="bbox 1998 4003 3588 4074">
     <span class='ocr_line' id='line_1_86' title="bbox 1998 4003 3588 4074; baseline 0.002 -17"><span class='ocrx_word' id='word_1_575' title='bbox 1998 4019 2151 4058; x_wconf 78' lang='lat' dir='ltr'><strong>inero</strong></span> <span class='ocrx_word' id='word_1_576' title='bbox 2197 4005 2398 4072; x_wconf 88' lang='lat' dir='ltr'><strong>septies</strong></span> <span class='ocrx_word' id='word_1_577' title='bbox 2432 4003 2697 4072; x_wconf 84' lang='lat' dir='ltr'><strong>replicate</strong></span> <span class='ocrx_word' id='word_1_578' title='bbox 2735 4013 2790 4058; x_wconf 90' lang='lat' dir='ltr'><strong>et</strong></span> <span class='ocrx_word' id='word_1_579' title='bbox 2825 4005 3054 4058; x_wconf 89' lang='lat' dir='ltr'><strong>monade</strong></span> <span class='ocrx_word' id='word_1_580' title='bbox 3100 4007 3450 4074; x_wconf 87' lang='lat' dir='ltr'><strong>superaddita</strong></span> <span class='ocrx_word' id='word_1_581' title='bbox 3482 4046 3500 4070; x_wconf 87' lang='lat'><strong>.</strong></span> <span class='ocrx_word' id='word_1_582' title='bbox 3536 4009 3588 4062; x_wconf 90' lang='lat' dir='ltr'><strong>in</strong></span> 
     </span>
    </p>
   </div>
   <div class='ocr_carea' id='block_1_87' title="bbox 2000 4091 3591 4165">
    <p class='ocr_par' dir='ltr' id='par_1_87' title="bbox 2000 4091 3591 4165">
     <span class='ocr_line' id='line_1_87' title="bbox 2000 4091 3591 4165; baseline 0.004 -21"><span class='ocrx_word' id='word_1_583' title='bbox 2000 4091 2527 4162; x_wconf 86' lang='lat' dir='ltr'><strong>qninquagenarium</strong></span> <span class='ocrx_word' id='word_1_584' title='bbox 2570 4093 2822 4155; x_wconf 83' lang='lat' dir='ltr'><strong>ducitur,</strong></span> <span class='ocrx_word' id='word_1_585' title='bbox 2867 4107 3057 4148; x_wconf 87' lang='lat' dir='ltr'><strong>secura</strong></span> <span class='ocrx_word' id='word_1_586' title='bbox 3113 4094 3269 4162; x_wconf 86' lang='lat' dir='ltr'><strong>quies</strong></span> <span class='ocrx_word' id='word_1_587' title='bbox 3314 4106 3591 4165; x_wconf 66' lang='lat' dir='ltr'><strong>perpotare</strong></span> 
     </span>
    </p>
   </div>
   <div class='ocr_carea' id='block_1_88' title="bbox 1999 4182 3590 4253">
    <p class='ocr_par' dir='ltr' id='par_1_88' title="bbox 1999 4182 3590 4253">
     <span class='ocr_line' id='line_1_88' title="bbox 1999 4182 3590 4253; baseline 0.003 -18"><span class='ocrx_word' id='word_1_588' title='bbox 1999 4182 2353 4236; x_wconf 90' lang='lat' dir='ltr'><strong>beatitudinis</strong></span> <span class='ocrx_word' id='word_1_589' title='bbox 2403 4183 2708 4237; x_wconf 88' lang='lat' dir='ltr'><strong>intimatur.</strong></span> <span class='ocrx_word' id='word_1_590' title='bbox 2766 4183 3064 4252; x_wconf 83' lang='lat' dir='ltr'><strong>Incipiente</strong></span> <span class='ocrx_word' id='word_1_591' title='bbox 3109 4185 3310 4253; x_wconf 90' lang='lat' dir='ltr'><strong>quippe</strong></span> <span class='ocrx_word' id='word_1_592' title='bbox 3361 4185 3590 4240; x_wconf 69' lang='lat' dir='ltr'><strong>Jubilteo</strong></span> 
     </span>
    </p>
   </div>
   <div class='ocr_carea' id='block_1_89' title="bbox 2001 4276 3590 4349">
    <p class='ocr_par' dir='ltr' id='par_1_89' title="bbox 2001 4276 3590 4349">
     <span class='ocr_line' id='line_1_89' title="bbox 2001 4276 3590 4349; baseline 0.003 -19"><span class='ocrx_word' id='word_1_593' title='bbox 2001 4276 2143 4330; x_wconf 85' lang='lat' dir='ltr'><strong>tubis</strong></span> <span class='ocrx_word' id='word_1_594' title='bbox 2197 4277 2412 4331; x_wconf 89' lang='lat' dir='ltr'><strong>canitur</strong></span> <span class='ocrx_word' id='word_1_595' title='bbox 2439 4318 2452 4340; x_wconf 90' lang='lat'><strong>,</strong></span> <span class='ocrx_word' id='word_1_596' title='bbox 2484 4291 2783 4346; x_wconf 85' lang='lat' dir='ltr'><strong>omnesque</strong></span> <span class='ocrx_word' id='word_1_597' title='bbox 2827 4277 2892 4330; x_wconf 90' lang='lat' dir='ltr'><strong>ad</strong></span> <span class='ocrx_word' id='word_1_598' title='bbox 2940 4278 3309 4347; x_wconf 85' lang='lat' dir='ltr'><strong>possessiones</strong></span> <span class='ocrx_word' id='word_1_599' title='bbox 3341 4281 3590 4349; x_wconf 89' lang='lat' dir='ltr'><strong>proprias</strong></span> 
     </span>
    </p>
   </div>
   <div class='ocr_carea' id='block_1_90' title="bbox 2000 4367 3590 4438">
    <p class='ocr_par' dir='ltr' id='par_1_90' title="bbox 2000 4367 3590 4438">
     <span class='ocr_line' id='line_1_90' title="bbox 2000 4367 3590 4438; baseline 0.001 -18"><span class='ocrx_word' id='word_1_600' title='bbox 2000 4374 2366 4420; x_wconf 88' lang='lat' dir='ltr'><strong>revertuntur.</strong></span> <span class='ocrx_word' id='word_1_601' title='bbox 2399 4367 2558 4432; x_wconf 84' lang='lat' dir='ltr'><strong>Quia,</strong></span> <span class='ocrx_word' id='word_1_602' title='bbox 2586 4367 2724 4422; x_wconf 87' lang='lat' dir='ltr'><strong>sicut</strong></span> <span class='ocrx_word' id='word_1_603' title='bbox 2770 4367 2898 4422; x_wconf 89' lang='lat' dir='ltr'><strong>dicit</strong></span> <span class='ocrx_word' id='word_1_604' title='bbox 2925 4367 3216 4436; x_wconf 77' lang='lat' dir='ltr'><strong>Apostolus</strong></span> <span class='ocrx_word' id='word_1_605' title='bbox 3243 4387 3254 4422; x_wconf 90' lang='lat'>:</span> <span class='ocrx_word' id='word_1_606' title='bbox 3287 4387 3304 4420; x_wconf 86' lang='grc'><em>‹</em></span> <span class='ocrx_word' id='word_1_607' title='bbox 3338 4370 3454 4438; x_wconf 86' lang='lat' dir='ltr'><strong>ipse</strong></span> <span class='ocrx_word' id='word_1_608' title='bbox 3487 4370 3590 4422; x_wconf 86' lang='lat' dir='ltr'><strong>Do-</strong></span> 
     </span>
    </p>
   </div>
   <div class='ocr_carea' id='block_1_91' title="bbox 2001 4455 3586 4529">
    <p class='ocr_par' dir='ltr' id='par_1_91' title="bbox 2001 4455 3586 4529">
     <span class='ocr_line' id='line_1_91' title="bbox 2001 4455 3586 4529; baseline 0.003 -19"><span class='ocrx_word' id='word_1_609' title='bbox 2001 4456 2180 4510; x_wconf 89' lang='lat' dir='ltr'><strong>minus</strong></span> <span class='ocrx_word' id='word_1_610' title='bbox 2217 4456 2268 4509; x_wconf 89' lang='lat' dir='ltr'><strong>in</strong></span> <span class='ocrx_word' id='word_1_611' title='bbox 2291 4455 2446 4524; x_wconf 88' lang='lat' dir='ltr'><strong>jussu</strong></span> <span class='ocrx_word' id='word_1_612' title='bbox 2471 4497 2485 4520; x_wconf 91' lang='lat'><strong>,</strong></span> <span class='ocrx_word' id='word_1_613' title='bbox 2528 4467 2576 4510; x_wconf 90' lang='lat' dir='ltr'><strong>et</strong></span> <span class='ocrx_word' id='word_1_614' title='bbox 2625 4457 2678 4510; x_wconf 93' lang='lat' dir='ltr'><strong>in</strong></span> <span class='ocrx_word' id='word_1_615' title='bbox 2724 4472 2854 4511; x_wconf 86' lang='lat' dir='ltr'><strong>voce</strong></span> <span class='ocrx_word' id='word_1_616' title='bbox 2891 4457 3200 4529; x_wconf 85' lang='lat' dir='ltr'><strong>archangeli</strong></span> <span class='ocrx_word' id='word_1_617' title='bbox 3229 4499 3244 4522; x_wconf 90' lang='lat'><strong>,</strong></span> <span class='ocrx_word' id='word_1_618' title='bbox 3279 4468 3333 4514; x_wconf 90' lang='lat' dir='ltr'><strong>et</strong></span> <span class='ocrx_word' id='word_1_619' title='bbox 3373 4460 3426 4514; x_wconf 92' lang='lat' dir='ltr'><strong>in</strong></span> <span class='ocrx_word' id='word_1_620' title='bbox 3459 4463 3586 4515; x_wconf 87' lang='lat' dir='ltr'><strong>tuba</strong></span> 
     </span>
    </p>
   </div>
   <div class='ocr_carea' id='block_1_92' title="bbox 307 4523 3587 4622">
    <p class='ocr_par' dir='ltr' id='par_1_92' title="bbox 307 4523 3587 4622">
     <span class='ocr_line' id='line_1_92' title="bbox 307 4523 3587 4622; baseline -0.001 -13"><span class='ocrx_word' id='word_1_621' title='bbox 307 4553 652 4611; x_wconf 85' lang='lat' dir='ltr'><strong>Christianus</strong></span> <span class='ocrx_word' id='word_1_622' title='bbox 679 4551 1362 4622; x_wconf 83' lang='lat' dir='ltr'><strong>pasehalisagnisanguine</strong></span> <span class='ocrx_word' id='word_1_623' title='bbox 1380 4549 1584 4604; x_wconf 88' lang='lat' dir='ltr'><strong>Pascha</strong></span> <span class='ocrx_word' id='word_1_624' title='bbox 1617 4565 1726 4604; x_wconf 82' lang='lat' dir='ltr'><strong>non</strong></span> <span class='ocrx_word' id='word_1_625' title='bbox 1754 4548 1892 4604; x_wconf 90' lang='lat' dir='ltr'><strong>cele-</strong></span> <span class='ocrx_word' id='word_1_626' title='bbox 1921 4523 1972 4581; x_wconf 78' lang='lat' dir='ltr'><strong><em>D</em></strong></span> <span class='ocrx_word' id='word_1_627' title='bbox 2002 4548 2095 4602; x_wconf 91' lang='lat' dir='ltr'><strong>Dei</strong></span> <span class='ocrx_word' id='word_1_628' title='bbox 2126 4549 2416 4602; x_wconf 87' lang='lat' dir='ltr'><strong>descendet</strong></span> <span class='ocrx_word' id='word_1_629' title='bbox 2437 4549 2503 4604; x_wconf 91' lang='lat' dir='ltr'><strong>de</strong></span> <span class='ocrx_word' id='word_1_630' title='bbox 2529 4549 2696 4609; x_wconf 81' lang='lat' dir='ltr'><strong>coelo,</strong></span> <span class='ocrx_word' id='word_1_631' title='bbox 2727 4560 2882 4603; x_wconf 80' lang='lat' dir='ltr'><strong>canet</strong></span> <span class='ocrx_word' id='word_1_632' title='bbox 2920 4550 3063 4603; x_wconf 88' lang='lat' dir='ltr'><strong>enim</strong></span> <span class='ocrx_word' id='word_1_633' title='bbox 3093 4551 3236 4613; x_wconf 88' lang='lat' dir='ltr'><strong>tuba,</strong></span> <span class='ocrx_word' id='word_1_634' title='bbox 3286 4559 3341 4606; x_wconf 88' lang='lat' dir='ltr'><strong>et</strong></span> <span class='ocrx_word' id='word_1_635' title='bbox 3386 4553 3587 4608; x_wconf 90' lang='lat' dir='ltr'><strong>mortui</strong></span> 
     </span>
    </p>
   </div>
   <div class='ocr_carea' id='block_1_93' title="bbox 307 4642 1626 4713">
    <p class='ocr_par' dir='ltr' id='par_1_93' title="bbox 307 4642 1626 4713">
     <span class='ocr_line' id='line_1_93' title="bbox 307 4642 1626 4713; baseline -0.004 -12"><span class='ocrx_word' id='word_1_636' title='bbox 307 4648 451 4712; x_wconf 85' lang='lat' dir='ltr'><strong>brat,</strong></span> <span class='ocrx_word' id='word_1_637' title='bbox 480 4662 603 4701; x_wconf 93' lang='lat' dir='ltr'><strong>cum</strong></span> <span class='ocrx_word' id='word_1_638' title='bbox 630 4647 733 4700; x_wconf 90' lang='lat' dir='ltr'><strong>hoc</strong></span> <span class='ocrx_word' id='word_1_639' title='bbox 762 4654 1039 4713; x_wconf 86' lang='lat' dir='ltr'><strong>tantopere</strong></span> <span class='ocrx_word' id='word_1_640' title='bbox 1064 4643 1144 4696; x_wconf 75' lang='lat' dir='ltr'><strong>lex</strong></span> <span class='ocrx_word' id='word_1_641' title='bbox 1181 4644 1292 4710; x_wconf 87' lang='lat' dir='ltr'><strong>ipsa</strong></span> <span class='ocrx_word' id='word_1_642' title='bbox 1334 4642 1626 4696; x_wconf 82' lang='lat' dir='ltr'><strong>decernat?</strong></span> 
     </span>
    </p>
   </div>
   <div class='ocr_carea' id='block_1_94' title="bbox 380 4734 1892 4808">
    <p class='ocr_par' dir='ltr' id='par_1_94' title="bbox 380 4734 1892 4808">
     <span class='ocr_line' id='line_1_94' title="bbox 380 4734 1892 4808; baseline 0 -17"><span class='ocrx_word' id='word_1_643' title='bbox 380 4736 629 4808; x_wconf 78' lang='lat' dir='ltr'><strong>Respons.</strong></span> <span class='ocrx_word' id='word_1_644' title='bbox 684 4739 782 4791; x_wconf 78' lang='lat' dir='ltr'><strong>liic</strong></span> <span class='ocrx_word' id='word_1_645' title='bbox 825 4737 1057 4805; x_wconf 86' lang='lat' dir='ltr'><strong>idipsnm</strong></span> <span class='ocrx_word' id='word_1_646' title='bbox 1110 4734 1544 4805; x_wconf 80' lang='lat' dir='ltr'><strong>respondendum</strong></span> <span class='ocrx_word' id='word_1_647' title='bbox 1593 4734 1733 4806; x_wconf 81' lang='lat' dir='ltr'><strong>quod</strong></span> <span class='ocrx_word' id='word_1_648' title='bbox 1777 4734 1892 4804; x_wconf 88' lang='lat' dir='ltr'><strong>jam</strong></span> 
     </span>
    </p>
   </div>
   <div class='ocr_carea' id='block_1_95' title="bbox 309 4826 1894 4897">
    <p class='ocr_par' dir='ltr' id='par_1_95' title="bbox 309 4826 1894 4897">
     <span class='ocr_line' id='line_1_95' title="bbox 309 4826 1894 4897; baseline 0 -16"><span class='ocrx_word' id='word_1_649' title='bbox 309 4826 558 4897; x_wconf 88' lang='lat' dir='ltr'><strong>superius</strong></span> <span class='ocrx_word' id='word_1_650' title='bbox 609 4827 810 4881; x_wconf 86' lang='lat' dir='ltr'><strong>dictum</strong></span> <span class='ocrx_word' id='word_1_651' title='bbox 869 4835 999 4890; x_wconf 85' lang='lat' dir='ltr'><strong>est;</strong></span> <span class='ocrx_word' id='word_1_652' title='bbox 1057 4826 1181 4896; x_wconf 84' lang='lat' dir='ltr'><strong>quia</strong></span> <span class='ocrx_word' id='word_1_653' title='bbox 1233 4837 1520 4896; x_wconf 86' lang='lat' dir='ltr'><strong>postquam</strong></span> <span class='ocrx_word' id='word_1_654' title='bbox 1585 4841 1745 4881; x_wconf 90' lang='lat' dir='ltr'><strong>verus</strong></span> <span class='ocrx_word' id='word_1_655' title='bbox 1805 4827 1894 4881; x_wconf 91' lang='lat' dir='ltr'><strong>ille</strong></span> 
     </span>
    </p>
   </div>
   <div class='ocr_carea' id='block_1_96' title="bbox 313 4918 1894 4990">
    <p class='ocr_par' dir='ltr' id='par_1_96' title="bbox 313 4918 1894 4990">
     <span class='ocr_line' id='line_1_96' title="bbox 313 4918 1894 4990; baseline -0.001 -15"><span class='ocrx_word' id='word_1_656' title='bbox 313 4922 499 4990; x_wconf 74' lang='lat' dir='ltr'><strong>Agnus</strong></span> <span class='ocrx_word' id='word_1_657' title='bbox 522 4919 612 4988; x_wconf 92' lang='lat' dir='ltr'><strong>qni</strong></span> <span class='ocrx_word' id='word_1_658' title='bbox 655 4919 1064 4988; x_wconf 80' lang='lat' dir='ltr'><strong>signiﬁcabatur</strong></span> <span class='ocrx_word' id='word_1_659' title='bbox 1097 4918 1386 4972; x_wconf 88' lang='lat' dir='ltr'><strong>advenisse</strong></span> <span class='ocrx_word' id='word_1_660' title='bbox 1415 4919 1780 4986; x_wconf 90' lang='lat' dir='ltr'><strong>cognoscitur,</strong></span> <span class='ocrx_word' id='word_1_661' title='bbox 1806 4919 1894 4973; x_wconf 90' lang='lat' dir='ltr'><strong>ille</strong></span> 
     </span>
    </p>
   </div>
   <div class='ocr_carea' id='block_1_97' title="bbox 311 5009 1893 5083">
    <p class='ocr_par' dir='ltr' id='par_1_97' title="bbox 311 5009 1893 5083">
     <span class='ocr_line' id='line_1_97' title="bbox 311 5009 1893 5083; baseline -0.001 -18"><span class='ocrx_word' id='word_1_662' title='bbox 311 5016 402 5082; x_wconf 91' lang='lat' dir='ltr'><strong>qui</strong></span> <span class='ocrx_word' id='word_1_663' title='bbox 442 5012 783 5083; x_wconf 81' lang='lat' dir='ltr'><strong>signiﬁcabat</strong></span> <span class='ocrx_word' id='word_1_664' title='bbox 827 5010 1128 5080; x_wconf 82' lang='lat' dir='ltr'><strong>superﬂuus</strong></span> <span class='ocrx_word' id='word_1_665' title='bbox 1167 5009 1463 5080; x_wconf 74' lang='lat' dir='ltr'><strong>judicatur.</strong></span> <span class='ocrx_word' id='word_1_666' title='bbox 1499 5009 1664 5077; x_wconf 87' lang='lat' dir='ltr'><strong>Cujus</strong></span> <span class='ocrx_word' id='word_1_667' title='bbox 1709 5011 1893 5079; x_wconf 65' lang='lat' dir='ltr'><strong>utique</strong></span> 
     </span>
    </p>
   </div>
   <div class='ocr_carea' id='block_1_98' title="bbox 312 5098 1896 5171">
    <p class='ocr_par' dir='ltr' id='par_1_98' title="bbox 312 5098 1896 5171">
     <span class='ocr_line' id='line_1_98' title="bbox 312 5098 1896 5171; baseline -0.004 -13"><span class='ocrx_word' id='word_1_668' title='bbox 312 5103 574 5170; x_wconf 84' lang='lat' dir='ltr'><strong>sanguine</strong></span> <span class='ocrx_word' id='word_1_669' title='bbox 603 5117 709 5156; x_wconf 90' lang='lat' dir='ltr'><strong>non</strong></span> <span class='ocrx_word' id='word_1_670' title='bbox 749 5103 861 5171; x_wconf 88' lang='lat' dir='ltr'><strong>jam</strong></span> <span class='ocrx_word' id='word_1_671' title='bbox 905 5101 1110 5170; x_wconf 89' lang='lat' dir='ltr'><strong>ligneas</strong></span> <span class='ocrx_word' id='word_1_672' title='bbox 1139 5100 1252 5154; x_wconf 81' lang='lat' dir='ltr'><strong>sive</strong></span> <span class='ocrx_word' id='word_1_673' title='bbox 1293 5099 1534 5168; x_wconf 88' lang='lat' dir='ltr'><strong>lapideas</strong></span> <span class='ocrx_word' id='word_1_674' title='bbox 1561 5098 1707 5153; x_wconf 78' lang='lat' dir='ltr'><strong>fores</strong></span> <span class='ocrx_word' id='word_1_675' title='bbox 1738 5099 1896 5152; x_wconf 90' lang='lat' dir='ltr'><strong>inun-</strong></span> 
     </span>
    </p>
   </div>
   <div class='ocr_carea' id='block_1_99' title="bbox 313 5191 1896 5264">
    <p class='ocr_par' dir='ltr' id='par_1_99' title="bbox 313 5191 1896 5264">
     <span class='ocr_line' id='line_1_99' title="bbox 313 5191 1896 5264; baseline -0.006 -13"><span class='ocrx_word' id='word_1_676' title='bbox 313 5196 513 5264; x_wconf 74' lang='lat' dir='ltr'><strong>gimus,</strong></span> <span class='ocrx_word' id='word_1_677' title='bbox 538 5193 632 5249; x_wconf 91' lang='lat' dir='ltr'><strong>sed</strong></span> <span class='ocrx_word' id='word_1_678' title='bbox 663 5193 936 5248; x_wconf 83' lang='lat' dir='ltr'><strong>interioris</strong></span> <span class='ocrx_word' id='word_1_679' title='bbox 983 5191 1160 5263; x_wconf 90' lang='lat' dir='ltr'><strong>potius</strong></span> <span class='ocrx_word' id='word_1_680' title='bbox 1189 5191 1424 5246; x_wconf 86' lang='lat' dir='ltr'><strong>hominis</strong></span> <span class='ocrx_word' id='word_1_681' title='bbox 1467 5191 1671 5246; x_wconf 82' lang='lat' dir='ltr'><strong>viscera</strong></span> <span class='ocrx_word' id='word_1_682' title='bbox 1719 5191 1896 5245; x_wconf 87' lang='lat' dir='ltr'><strong>consi-</strong></span> 
     </span>
    </p>
   </div>
   <div class='ocr_carea' id='block_1_100' title="bbox 313 5301 556 5356">
    <p class='ocr_par' dir='ltr' id='par_1_100' title="bbox 313 5301 556 5356">
     <span class='ocr_line' id='line_1_100' title="bbox 313 5301 556 5356; baseline 0 -18"><span class='ocrx_word' id='word_1_683' title='bbox 313 5301 556 5356; x_wconf 77' lang='lat' dir='ltr'><strong>gnamus.</strong></span> 
     </span>
    </p>
   </div>
   <div class='ocr_carea' id='block_1_101' title="bbox 384 5369 1893 5441">
    <p class='ocr_par' dir='ltr' id='par_1_101' title="bbox 384 5369 1893 5441">
     <span class='ocr_line' id='line_1_101' title="bbox 384 5369 1893 5441; baseline -0.001 -14"><span class='ocrx_word' id='word_1_684' title='bbox 384 5373 582 5439; x_wconf 77' lang='lat' dir='ltr'><strong>Quwst.</strong></span> <span class='ocrx_word' id='word_1_685' title='bbox 610 5373 662 5427; x_wconf 86' lang='lat'><strong>7.</strong></span> <span class='ocrx_word' id='word_1_686' title='bbox 698 5373 754 5428; x_wconf 89' lang='lat' dir='ltr'><strong>Si</strong></span> <span class='ocrx_word' id='word_1_687' title='bbox 803 5387 908 5425; x_wconf 87' lang='lat' dir='ltr'><strong>non</strong></span> <span class='ocrx_word' id='word_1_688' title='bbox 935 5369 1093 5426; x_wconf 89' lang='lat' dir='ltr'><strong>solvit</strong></span> <span class='ocrx_word' id='word_1_689' title='bbox 1121 5370 1292 5441; x_wconf 82' lang='lat' dir='ltr'><strong>legem</strong></span> <span class='ocrx_word' id='word_1_690' title='bbox 1321 5369 1601 5436; x_wconf 87' lang='lat' dir='ltr'><strong>Christus,</strong></span> <span class='ocrx_word' id='word_1_691' title='bbox 1646 5385 1746 5426; x_wconf 89' lang='lat' dir='ltr'><strong>cur</strong></span> <span class='ocrx_word' id='word_1_692' title='bbox 1776 5371 1893 5440; x_wconf 85' lang='lat' dir='ltr'><strong>lege</strong></span> 
     </span>
    </p>
   </div>
   <div class='ocr_carea' id='block_1_102' title="bbox 314 5459 1792 5519">
    <p class='ocr_par' dir='ltr' id='par_1_102' title="bbox 314 5459 1792 5519">
     <span class='ocr_line' id='line_1_102' title="bbox 314 5459 1792 5519; baseline -0.002 -1"><span class='ocrx_word' id='word_1_693' title='bbox 314 5465 623 5519; x_wconf 87' lang='lat' dir='ltr'><strong>mandatam</strong></span> <span class='ocrx_word' id='word_1_694' title='bbox 651 5480 754 5518; x_wconf 85' lang='lat' dir='ltr'><strong>ron</strong></span> <span class='ocrx_word' id='word_1_695' title='bbox 789 5462 1027 5518; x_wconf 84' lang='lat' dir='ltr'><strong>celebrat</strong></span> <span class='ocrx_word' id='word_1_696' title='bbox 1050 5461 1391 5518; x_wconf 89' lang='lat' dir='ltr'><strong>neomeniam</strong></span> <span class='ocrx_word' id='word_1_697' title='bbox 1413 5459 1792 5517; x_wconf 88' lang='lat' dir='ltr'><strong>Christianus?</strong></span> 
     </span>
    </p>
   </div>
   <div class='ocr_carea' id='block_1_103' title="bbox 386 5550 1889 5625">
    <p class='ocr_par' dir='ltr' id='par_1_103' title="bbox 386 5550 1889 5625">
     <span class='ocr_line' id='line_1_103' title="bbox 386 5550 1889 5625; baseline -0.003 -17"><span class='ocrx_word' id='word_1_698' title='bbox 386 5555 639 5625; x_wconf 66' lang='lat' dir='ltr'><strong>Responsi.</strong></span> <span class='ocrx_word' id='word_1_699' title='bbox 692 5554 921 5624; x_wconf 87' lang='lat' dir='ltr'><strong>Propter</strong></span> <span class='ocrx_word' id='word_1_700' title='bbox 964 5553 1067 5609; x_wconf 92' lang='lat' dir='ltr'><strong>hoc</strong></span> <span class='ocrx_word' id='word_1_701' title='bbox 1123 5551 1288 5608; x_wconf 87' lang='lat' dir='ltr'><strong>etiam</strong></span> <span class='ocrx_word' id='word_1_702' title='bbox 1353 5551 1695 5606; x_wconf 87' lang='lat' dir='ltr'><strong>Christianus</strong></span> <span class='ocrx_word' id='word_1_703' title='bbox 1748 5550 1889 5606; x_wconf 70' lang='lat' dir='ltr'><strong>cel-:-</strong></span> 
     </span>
    </p>
   </div>
   <div class='ocr_carea' id='block_1_104' title="bbox 313 5643 1891 5715">
    <p class='ocr_par' dir='ltr' id='par_1_104' title="bbox 313 5643 1891 5715">
     <span class='ocr_line' id='line_1_104' title="bbox 313 5643 1891 5715; baseline -0.003 -15"><span class='ocrx_word' id='word_1_704' title='bbox 313 5649 472 5701; x_wconf 89' lang='lat' dir='ltr'><strong>hrare</strong></span> <span class='ocrx_word' id='word_1_705' title='bbox 502 5646 828 5711; x_wconf 87' lang='lat' dir='ltr'><strong>contemnit;</strong></span> <span class='ocrx_word' id='word_1_706' title='bbox 862 5645 1114 5715; x_wconf 90' lang='lat' dir='ltr'><strong>quoniam</strong></span> <span class='ocrx_word' id='word_1_707' title='bbox 1159 5643 1212 5698; x_wconf 93' lang='lat' dir='ltr'><strong>id</strong></span> <span class='ocrx_word' id='word_1_708' title='bbox 1241 5651 1438 5708; x_wconf 85' lang='lat' dir='ltr'><strong>totum,</strong></span> <span class='ocrx_word' id='word_1_709' title='bbox 1489 5650 1710 5712; x_wconf 88' lang='lat' dir='ltr'><strong>propter</strong></span> <span class='ocrx_word' id='word_1_710' title='bbox 1749 5645 1891 5713; x_wconf 85' lang='lat' dir='ltr'><strong>quod</strong></span> 
     </span>
    </p>
   </div>
   <div class='ocr_carea' id='block_1_105' title="bbox 315 5734 1892 5808">
    <p class='ocr_par' dir='ltr' id='par_1_105' title="bbox 315 5734 1892 5808">
     <span class='ocr_line' id='line_1_105' title="bbox 315 5734 1892 5808; baseline -0.003 -17"><span class='ocrx_word' id='word_1_711' title='bbox 315 5739 443 5792; x_wconf 83' lang='lat' dir='ltr'><strong>olim</strong></span> <span class='ocrx_word' id='word_1_712' title='bbox 467 5736 795 5794; x_wconf 87' lang='lat' dir='ltr'><strong>celebratum</strong></span> <span class='ocrx_word' id='word_1_713' title='bbox 822 5744 934 5807; x_wconf 88' lang='lat' dir='ltr'><strong>est,</strong></span> <span class='ocrx_word' id='word_1_714' title='bbox 965 5735 1212 5792; x_wconf 86' lang='lat' dir='ltr'><strong>Christus</strong></span> <span class='ocrx_word' id='word_1_715' title='bbox 1236 5734 1496 5808; x_wconf 81' lang='lat' dir='ltr'><strong>implevit,</strong></span> <span class='ocrx_word' id='word_1_716' title='bbox 1524 5747 1673 5790; x_wconf 69' lang='lat' dir='ltr'><strong>novae</strong></span> <span class='ocrx_word' id='word_1_717' title='bbox 1695 5734 1892 5804; x_wconf 82' lang='lat' dir='ltr'><strong>quippe</strong></span> 
     </span>
    </p>
   </div>
   <div class='ocr_carea' id='block_1_106' title="bbox 2000 4641 3590 4712">
    <p class='ocr_par' dir='ltr' id='par_1_106' title="bbox 2000 4641 3590 4712">
     <span class='ocr_line' id='line_1_106' title="bbox 2000 4641 3590 4712; baseline 0.003 -18"><span class='ocrx_word' id='word_1_718' title='bbox 2000 4649 2286 4711; x_wconf 86' lang='lat' dir='ltr'><strong>resurgeut</strong></span> <span class='ocrx_word' id='word_1_719' title='bbox 2317 4641 2614 4709; x_wconf 85' lang='lat' dir='ltr'><strong>incorrupti</strong></span> <span class='ocrx_word' id='word_1_720' title='bbox 2644 4641 2693 4712; x_wconf 96' lang='grc' dir='ltr'><strong>(Ι</strong></span> <span class='ocrx_word' id='word_1_721' title='bbox 2727 4641 2906 4695; x_wconf 81' lang='lat' dir='ltr'><strong>Thess.</strong></span> <span class='ocrx_word' id='word_1_722' title='bbox 2941 4641 3032 4710; x_wconf 83' lang='lat' dir='ltr'><strong>Iv).</strong></span> <span class='ocrx_word' id='word_1_723' title='bbox 3069 4660 3086 4692; x_wconf 75' lang='grc' dir='ltr'><strong>ι</strong></span> <span class='ocrx_word' id='word_1_724' title='bbox 3114 4641 3194 4694; x_wconf 87' lang='lat' dir='ltr'><strong>Ad</strong></span> <span class='ocrx_word' id='word_1_725' title='bbox 3219 4643 3590 4710; x_wconf 89' lang='lat' dir='ltr'><strong>possessiones</strong></span> 
     </span>
    </p>
   </div>
   <div class='ocr_carea' id='block_1_107' title="bbox 1999 4733 3586 4802">
    <p class='ocr_par' dir='ltr' id='par_1_107' title="bbox 1999 4733 3586 4802">
     <span class='ocr_line' id='line_1_107' title="bbox 1999 4733 3586 4802; baseline 0.001 -16"><span class='ocrx_word' id='word_1_726' title='bbox 1999 4743 2179 4789; x_wconf 85' lang='lat' dir='ltr'><strong>autem</strong></span> <span class='ocrx_word' id='word_1_727' title='bbox 2225 4748 2353 4788; x_wconf 89' lang='lat' dir='ltr'><strong>snas</strong></span> <span class='ocrx_word' id='word_1_728' title='bbox 2391 4748 2829 4802; x_wconf 82' lang='lat' dir='ltr'><strong>umnnqnemqnc</strong></span> <span class='ocrx_word' id='word_1_729' title='bbox 2879 4733 3076 4795; x_wconf 78' lang='lat' dir='ltr'><strong>redire,</strong></span> <span class='ocrx_word' id='word_1_730' title='bbox 3113 4741 3198 4786; x_wconf 85' lang='lat' dir='ltr'><strong>est</strong></span> <span class='ocrx_word' id='word_1_731' title='bbox 3229 4748 3458 4802; x_wconf 90' lang='lat' dir='ltr'><strong>corpora</strong></span> <span class='ocrx_word' id='word_1_732' title='bbox 3490 4749 3586 4787; x_wconf 88' lang='lat' dir='ltr'><strong>sua</strong></span> 
     </span>
    </p>
   </div>
   <div class='ocr_carea' id='block_1_108' title="bbox 1997 4823 3588 4896">
    <p class='ocr_par' dir='ltr' id='par_1_108' title="bbox 1997 4823 3588 4896">
     <span class='ocr_line' id='line_1_108' title="bbox 1997 4823 3588 4896; baseline 0.001 -17"><span class='ocrx_word' id='word_1_733' title='bbox 1997 4825 2249 4896; x_wconf 84' lang='lat' dir='ltr'><strong>protinus</strong></span> <span class='ocrx_word' id='word_1_734' title='bbox 2278 4824 2589 4894; x_wconf 88' lang='lat' dir='ltr'><strong>incorrupta</strong></span> <span class='ocrx_word' id='word_1_735' title='bbox 2611 4823 2872 4894; x_wconf 87' lang='lat' dir='ltr'><strong>recipere.</strong></span> <span class='ocrx_word' id='word_1_736' title='bbox 2905 4823 3058 4878; x_wconf 90' lang='lat' dir='ltr'><strong>Tunc</strong></span> <span class='ocrx_word' id='word_1_737' title='bbox 3084 4833 3388 4879; x_wconf 87' lang='lat' dir='ltr'><strong>revertetur</strong></span> <span class='ocrx_word' id='word_1_738' title='bbox 3412 4825 3588 4881; x_wconf 86' lang='lat' dir='ltr'><strong>Adam</strong></span> 
     </span>
    </p>
   </div>
   <div class='ocr_carea' id='block_1_109' title="bbox 2000 4915 3588 4986">
    <p class='ocr_par' dir='ltr' id='par_1_109' title="bbox 2000 4915 3588 4986">
     <span class='ocr_line' id='line_1_109' title="bbox 2000 4915 3588 4986; baseline -0.001 -15"><span class='ocrx_word' id='word_1_739' title='bbox 2000 4917 2067 4971; x_wconf 90' lang='lat' dir='ltr'><strong>ad</strong></span> <span class='ocrx_word' id='word_1_740' title='bbox 2107 4917 2384 4986; x_wconf 89' lang='lat' dir='ltr'><strong>antiquam</strong></span> <span class='ocrx_word' id='word_1_741' title='bbox 2441 4915 2622 4970; x_wconf 89' lang='lat' dir='ltr'><strong>carnis</strong></span> <span class='ocrx_word' id='word_1_742' title='bbox 2672 4931 2783 4970; x_wconf 69' lang='lat' dir='ltr'><strong>sua:</strong></span> <span class='ocrx_word' id='word_1_743' title='bbox 2840 4923 3041 4970; x_wconf 88' lang='lat' dir='ltr'><strong>terram</strong></span> <span class='ocrx_word' id='word_1_744' title='bbox 3099 4916 3153 4968; x_wconf 94' lang='lat' dir='ltr'><strong>in</strong></span> <span class='ocrx_word' id='word_1_745' title='bbox 3199 4931 3302 4985; x_wconf 88' lang='lat' dir='ltr'><strong>qua</strong></span> <span class='ocrx_word' id='word_1_746' title='bbox 3341 4916 3588 4984; x_wconf 89' lang='lat' dir='ltr'><strong>primitus</strong></span> 
     </span>
    </p>
   </div>
   <div class='ocr_carea' id='block_1_110' title="bbox 2000 5003 3586 5076">
    <p class='ocr_par' dir='ltr' id='par_1_110' title="bbox 2000 5003 3586 5076">
     <span class='ocr_line' id='line_1_110' title="bbox 2000 5003 3586 5076; baseline -0.001 -14"><span class='ocrx_word' id='word_1_747' title='bbox 2000 5007 2368 5072; x_wconf 85' lang='lat' dir='ltr'><strong>habitaverat;</strong></span> <span class='ocrx_word' id='word_1_748' title='bbox 2402 5015 2530 5061; x_wconf 88' lang='lat' dir='ltr'><strong>tunc</strong></span> <span class='ocrx_word' id='word_1_749' title='bbox 2559 5003 3006 5070; x_wconf 82' lang='lat' dir='ltr'><strong>Noe,Abraham,</strong></span> <span class='ocrx_word' id='word_1_750' title='bbox 3028 5005 3242 5076; x_wconf 83' lang='lat' dir='ltr'><strong>Moyses</strong></span> <span class='ocrx_word' id='word_1_751' title='bbox 3269 5007 3586 5076; x_wconf 83' lang='lat' dir='ltr'><strong>cunctisque</strong></span> 
     </span>
    </p>
   </div>
   <div class='ocr_carea' id='block_1_111' title="bbox 1998 5096 3588 5166">
    <p class='ocr_par' dir='ltr' id='par_1_111' title="bbox 1998 5096 3588 5166">
     <span class='ocr_line' id='line_1_111' title="bbox 1998 5096 3588 5166; baseline 0 -16"><span class='ocrx_word' id='word_1_752' title='bbox 1998 5098 2218 5166; x_wconf 90' lang='lat' dir='ltr'><strong>propria</strong></span> <span class='ocrx_word' id='word_1_753' title='bbox 2249 5098 2517 5165; x_wconf 73' lang='lat' dir='ltr'><strong>possessio</strong></span> <span class='ocrx_word' id='word_1_754' title='bbox 2546 5096 2791 5153; x_wconf 58' lang='lat' dir='ltr'><strong>redditur</strong></span> <span class='ocrx_word' id='word_1_755' title='bbox 2815 5137 2828 5159; x_wconf 91' lang='lat'><strong>,</strong></span> <span class='ocrx_word' id='word_1_756' title='bbox 2869 5097 2995 5150; x_wconf 89' lang='lat' dir='ltr'><strong>dmn</strong></span> <span class='ocrx_word' id='word_1_757' title='bbox 3033 5111 3232 5166; x_wconf 87' lang='lat' dir='ltr'><strong>corpus</strong></span> <span class='ocrx_word' id='word_1_758' title='bbox 3266 5097 3371 5150; x_wconf 82' lang='lat' dir='ltr'><strong>illis</strong></span> <span class='ocrx_word' id='word_1_759' title='bbox 3407 5097 3588 5152; x_wconf 89' lang='lat' dir='ltr'><strong>incor-</strong></span> 
     </span>
    </p>
   </div>
   <div class='ocr_carea' id='block_1_112' title="bbox 2000 5184 3584 5256">
    <p class='ocr_par' dir='ltr' id='par_1_112' title="bbox 2000 5184 3584 5256">
     <span class='ocr_line' id='line_1_112' title="bbox 2000 5184 3584 5256; baseline 0.001 -18"><span class='ocrx_word' id='word_1_760' title='bbox 2000 5184 2256 5255; x_wconf 83' lang='lat' dir='ltr'><strong>ruptibile</strong></span> <span class='ocrx_word' id='word_1_761' title='bbox 2292 5185 2639 5240; x_wconf 70' lang='lat' dir='ltr'><strong>reformatur.</strong></span> <span class='ocrx_word' id='word_1_762' title='bbox 2675 5185 3005 5254; x_wconf 77' lang='lat' dir='ltr'><strong>Redemptor</strong></span> <span class='ocrx_word' id='word_1_763' title='bbox 3034 5185 3218 5253; x_wconf 87' lang='lat' dir='ltr'><strong>itaque</strong></span> <span class='ocrx_word' id='word_1_764' title='bbox 3244 5193 3432 5240; x_wconf 89' lang='lat' dir='ltr'><strong>noster</strong></span> <span class='ocrx_word' id='word_1_765' title='bbox 3451 5225 3466 5250; x_wconf 94' lang='lat'><strong>,</strong></span> <span class='ocrx_word' id='word_1_766' title='bbox 3490 5187 3584 5256; x_wconf 90' lang='lat' dir='ltr'><strong>qui</strong></span> 
     </span>
    </p>
   </div>
   <div class='ocr_carea' id='block_1_113' title="bbox 2004 5275 3585 5348">
    <p class='ocr_par' dir='ltr' id='par_1_113' title="bbox 2004 5275 3585 5348">
     <span class='ocr_line' id='line_1_113' title="bbox 2004 5275 3585 5348; baseline 0.003 -23"><span class='ocrx_word' id='word_1_767' title='bbox 2004 5292 2022 5325; x_wconf 74' lang='grc' dir='ltr'><strong>ι</strong></span> <span class='ocrx_word' id='word_1_768' title='bbox 2057 5275 2334 5344; x_wconf 84' lang='lat' dir='ltr'><strong>discipulis</strong></span> <span class='ocrx_word' id='word_1_769' title='bbox 2361 5275 2572 5344; x_wconf 77' lang='lat' dir='ltr'><strong>aperuit</strong></span> <span class='ocrx_word' id='word_1_770' title='bbox 2601 5285 2818 5330; x_wconf 84' lang='lat' dir='ltr'><strong>sensum</strong></span> <span class='ocrx_word' id='word_1_771' title='bbox 2844 5315 2858 5340; x_wconf 93' lang='lat'><strong>,</strong></span> <span class='ocrx_word' id='word_1_772' title='bbox 2904 5285 2961 5328; x_wconf 91' lang='lat' dir='ltr'><strong>ut</strong></span> <span class='ocrx_word' id='word_1_773' title='bbox 2996 5275 3358 5344; x_wconf 82' lang='lat' dir='ltr'><strong>intelligerent</strong></span> <span class='ocrx_word' id='word_1_774' title='bbox 3386 5287 3585 5348; x_wconf 84' lang='lat' dir='ltr'><strong>myste-</strong></span> 
     </span>
    </p>
   </div>
   <div class='ocr_carea' id='block_1_114' title="bbox 2001 5365 3581 5436">
    <p class='ocr_par' dir='ltr' id='par_1_114' title="bbox 2001 5365 3581 5436">
     <span class='ocr_line' id='line_1_114' title="bbox 2001 5365 3581 5436; baseline 0.001 -18"><span class='ocrx_word' id='word_1_775' title='bbox 2001 5365 2080 5419; x_wconf 89' lang='lat' dir='ltr'><strong>ria</strong></span> <span class='ocrx_word' id='word_1_776' title='bbox 2133 5365 2536 5436; x_wconf 77' lang='lat' dir='ltr'><strong>Scripturaruui</strong></span> <span class='ocrx_word' id='word_1_777' title='bbox 2566 5365 2717 5434; x_wconf 74' lang='lat' dir='ltr'><strong>(Luc.</strong></span> <span class='ocrx_word' id='word_1_778' title='bbox 2750 5367 2921 5436; x_wconf 75' lang='lat' dir='ltr'><strong>xxrv),</strong></span> <span class='ocrx_word' id='word_1_779' title='bbox 2962 5385 2980 5417; x_wconf 74' lang='grc' dir='ltr'><strong>ι</strong></span> <span class='ocrx_word' id='word_1_780' title='bbox 3031 5366 3200 5420; x_wconf 88' lang='lat' dir='ltr'><strong>noluit</strong></span> <span class='ocrx_word' id='word_1_781' title='bbox 3255 5365 3538 5422; x_wconf 61' lang='lat' dir='ltr'><strong>Jubila‘um</strong></span> <span class='ocrx_word' id='word_1_782' title='bbox 3569 5408 3581 5427; x_wconf 88' lang='lat'><strong>.</strong></span> 
     </span>
    </p>
   </div>
   <div class='ocr_carea' id='block_1_115' title="bbox 1996 5456 3581 5526">
    <p class='ocr_par' dir='ltr' id='par_1_115' title="bbox 1996 5456 3581 5526">
     <span class='ocr_line' id='line_1_115' title="bbox 1996 5456 3581 5526; baseline 0.001 -16"><span class='ocrx_word' id='word_1_783' title='bbox 1996 5456 2170 5510; x_wconf 87' lang='lat' dir='ltr'><strong>noluit</strong></span> <span class='ocrx_word' id='word_1_784' title='bbox 2223 5457 2514 5526; x_wconf 87' lang='lat' dir='ltr'><strong>septimum</strong></span> <span class='ocrx_word' id='word_1_785' title='bbox 2569 5457 2904 5512; x_wconf 86' lang='lat' dir='ltr'><strong>remissionis</strong></span> <span class='ocrx_word' id='word_1_786' title='bbox 2950 5473 3152 5512; x_wconf 90' lang='lat' dir='ltr'><strong>annum</strong></span> <span class='ocrx_word' id='word_1_787' title='bbox 3220 5457 3302 5511; x_wconf 86' lang='lat' dir='ltr'><strong>vel</strong></span> <span class='ocrx_word' id='word_1_788' title='bbox 3354 5467 3581 5512; x_wconf 80' lang='lat' dir='ltr'><strong>caeteras</strong></span> 
     </span>
    </p>
   </div>
   <div class='ocr_carea' id='block_1_116' title="bbox 1995 5545 3581 5617">
    <p class='ocr_par' dir='ltr' id='par_1_116' title="bbox 1995 5545 3581 5617">
     <span class='ocr_line' id='line_1_116' title="bbox 1995 5545 3581 5617; baseline -0.001 -18"><span class='ocrx_word' id='word_1_789' title='bbox 1995 5545 2182 5617; x_wconf 89' lang='lat' dir='ltr'><strong>legalis</strong></span> <span class='ocrx_word' id='word_1_790' title='bbox 2245 5546 2381 5601; x_wconf 91' lang='lat' dir='ltr'><strong>ritus</strong></span> <span class='ocrx_word' id='word_1_791' title='bbox 2461 5547 2813 5602; x_wconf 82' lang='lat' dir='ltr'><strong>caeremonias</strong></span> <span class='ocrx_word' id='word_1_792' title='bbox 2888 5545 3182 5602; x_wconf 86' lang='lat' dir='ltr'><strong>carnaliter</strong></span> <span class='ocrx_word' id='word_1_793' title='bbox 3234 5545 3510 5606; x_wconf 85' lang='lat' dir='ltr'><strong>observari</strong></span> <span class='ocrx_word' id='word_1_794' title='bbox 3566 5585 3581 5610; x_wconf 86' lang='lat'><strong>,</strong></span> 
     </span>
    </p>
   </div>
   <div class='ocr_carea' id='block_1_117' title="bbox 1996 5635 3578 5710">
    <p class='ocr_par' dir='ltr' id='par_1_117' title="bbox 1996 5635 3578 5710">
     <span class='ocr_line' id='line_1_117' title="bbox 1996 5635 3578 5710; baseline -0.003 -15"><span class='ocrx_word' id='word_1_795' title='bbox 1996 5648 2281 5710; x_wconf 88' lang='lat' dir='ltr'><strong>postquam</strong></span> <span class='ocrx_word' id='word_1_796' title='bbox 2336 5638 2452 5694; x_wconf 78' lang='lat' dir='ltr'><strong>haec</strong></span> <span class='ocrx_word' id='word_1_797' title='bbox 2483 5638 2667 5694; x_wconf 87' lang='lat' dir='ltr'><strong>omnia</strong></span> <span class='ocrx_word' id='word_1_798' title='bbox 2722 5638 3078 5710; x_wconf 87' lang='lat' dir='ltr'><strong>spiritualiler</strong></span> <span class='ocrx_word' id='word_1_799' title='bbox 3123 5637 3255 5693; x_wconf 80' lang='lat' dir='ltr'><strong>fecit</strong></span> <span class='ocrx_word' id='word_1_800' title='bbox 3309 5635 3578 5704; x_wconf 87' lang='lat' dir='ltr'><strong>intelligi:</strong></span> 
     </span>
    </p>
   </div>
   <div class='ocr_carea' id='block_1_118' title="bbox 1997 5729 3582 5801">
    <p class='ocr_par' dir='ltr' id='par_1_118' title="bbox 1997 5729 3582 5801">
     <span class='ocr_line' id='line_1_118' title="bbox 1997 5729 3582 5801; baseline -0.004 -12"><span class='ocrx_word' id='word_1_801' title='bbox 1997 5743 2124 5791; x_wconf 91' lang='lat' dir='ltr'><strong>tunc</strong></span> <span class='ocrx_word' id='word_1_802' title='bbox 2155 5732 2300 5792; x_wconf 88' lang='lat' dir='ltr'><strong>enim</strong></span> <span class='ocrx_word' id='word_1_803' title='bbox 2349 5730 2601 5789; x_wconf 85' lang='lat' dir='ltr'><strong>mandata</strong></span> <span class='ocrx_word' id='word_1_804' title='bbox 2643 5731 2834 5801; x_wconf 84' lang='lat' dir='ltr'><strong>legalia</strong></span> <span class='ocrx_word' id='word_1_805' title='bbox 2865 5733 3135 5788; x_wconf 89' lang='lat' dir='ltr'><strong>veraciter</strong></span> <span class='ocrx_word' id='word_1_806' title='bbox 3181 5729 3542 5799; x_wconf 86' lang='lat' dir='ltr'><strong>adimplcntur</strong></span> <span class='ocrx_word' id='word_1_807' title='bbox 3565 5768 3582 5796; x_wconf 92' lang='lat'><strong>,</strong></span> 
     </span>
    </p>
   </div>
  </div>
