4052 6312
455 313 592 369 H79

1634 320 1722 376 DE
1762 321 1969 376 MINIT.
2009 321 2097 377 ET
2135 318 2454 377 PROMISS.
2495 317 2620 374 DEI.

3590 315 3726 373 1180

452 445 576 484 cum
608 469 624 495 ,
661 427 814 497 juxta
873 430 1210 500 spiritualem
1264 431 1672 502 intelligentiam
1733 438 1801 490 ad
1878 451 2038 507 quam
2071 443 2116 498 Α
2146 435 2386 500 scilicet,
2422 445 2476 489 et
2503 435 2681 504 imago
2716 430 2816 498 rei,
2849 445 2956 486 non
2986 430 3099 500 ipsa
3126 443 3248 498 res,
3279 446 3401 487 cum
3437 429 3733 488 carnaliter

453 519 696 575 instituta
727 529 856 576 sunt
883 562 896 587 ,
927 525 1082 577 ﬁunt.
1122 522 1258 578 Nam
1295 533 1422 579 tunc
1453 535 1608 580 erant
1629 543 1817 591 vacua,
1851 530 2040 584 umbra

2149 527 2526 583 servabantur.

481 682 3723 722 ΜΨ

1117 800 1224 860 DE
1278 801 1948 864 MINITATIONIBUS
1993 804 2097 864 ET
2157 804 2822 868 PBOMISSIONIBUS
2880 804 3043 877 DEI.

1688 947 1874 1027 (Opp.
1911 945 2232 1020 tom.~III,
2274 964 2492 1026 opusc.
2525 946 2612 1030 ιι.)

524 1100 844 1158 Nullatcnus
874 1103 1058 1159 debuit
1090 1103 1367 1160 immutari
1399 1106 1541 1176 quod
1568 1105 1712 1176 Papa
1749 1106 2041 1172 concessit,

455 1196 596 1264 quod
621 1196 837 1250 decreto
859 1196 1140 1250 constituit
1157 1197 1310 1268 (Per.
1330 1198 1464 1252 Dant.
1483 1209 1608 1252 tom.
1631 1199 1696 1252 ΙΙΙ
1719 1238 1734 1264 ,
1760 1216 1938 1270 opusc.
1962 1199 2041 1268 4.)

457 1286 596 1352 Quid
643 1287 836 1340 mirum
890 1286 933 1340 si
986 1286 1232 1341 homines
1270 1297 1473 1343 statuta
1525 1297 1772 1354 mutant,
1826 1289 2044 1359 quando

456 1375 802 1442 omnipotens
856 1373 997 1428 Deus
1059 1390 1121 1430 ea
1178 1391 1439 1446 quoque,
1491 1394 1612 1447 qua:
1661 1394 1691 1432 a
1751 1379 2044 1449 semetipso

455 1456 878 1530 constituuntur,
910 1463 1193 1519 immutat?
1227 1465 1362 1520 Nam
1391 1482 1459 1523 ex
1493 1483 1578 1533 eo,
1613 1468 1754 1538 quod
1781 1470 2050 1539 promittit

458 1552 751 1624 aliquando
781 1554 1019 1620 minuit,
1071 1540 1154 1610 vel
1187 1557 1350 1611 etiam
1400 1565 1570 1612 totum
1619 1559 1914 1626 subtrahit;
1950 1560 2053 1614 ali—

457 1647 676 1714 quando
709 1644 849 1699 mala
876 1645 1136 1709 minatur,
1167 1656 1222 1702 et
1251 1663 1357 1703 non
1385 1647 1595 1719 inﬂigit.
1631 1649 1768 1715 Quid
1798 1659 1881 1705 est
1902 1649 2046 1720 quod

459 1736 602 1791 Dens
626 1753 902 1806 nunquam
934 1738 1204 1807 promisit,
1236 1748 1292 1794 et
1322 1740 1552 1795 minuit?
1586 1739 1641 1795 Si
1667 1757 1772 1795 non
1797 1741 2000 1796 excidit
2029 1781 2044 1808 ,

460 1828 735 1883 reminisci
766 1838 940 1897 potes,
981 1831 1107 1900 quia
1136 1831 1274 1885 dixit
1302 1833 1562 1888 Dominus
1593 1835 1659 1888 ad
1685 1834 1796 1889 Noe
1827 1851 1840 1887 :
1872 1854 1906 1886 ι.
1927 1835 2046 1890 Νοιι

455 1923 797 1990 permanebit
841 1924 1064 1993 spiritus
1110 1941 1262 1980 meus
1294 1926 1346 1979 in
1387 1926 1605 1982 homine
1639 1928 1692 1981 in
1741 1936 2004 1984 aeternum
2029 1970 2045 1996 ,

459 2011 585 2080 quia
617 2027 744 2066 caro
770 2022 891 2078 est,
932 2024 1197 2084 eruntque
1248 2017 1364 2070 dies
1405 2016 1552 2073 illius
1591 2027 1809 2073 centum
1855 2019 2044 2090 viginti

460 2117 724 2157 annorum
782 2103 935 2174 (Gen.
970 2106 1065 2176 vi).
1107 2126 1125 2160 ι
1163 2106 1268 2162 Sed
1320 2123 1440 2162 cum
1475 2108 1759 2181 Scriptura
1807 2125 2048 2166 comme-

460 2201 638 2247 moret
661 2194 1080 2264 quingentorum
1113 2205 1238 2251 tunc
1263 2213 1530 2254 annorum
1575 2200 1853 2254 exstitisse
1896 2200 2007 2256 Noe
2030 2240 2045 2266 ,

459 2285 679 2352 quando
747 2286 859 2339 haec
914 2286 1015 2340 sibi
1083 2287 1344 2343 Dominus
1394 2289 1751 2360 loquebatur;
1817 2305 2048 2346 sexcen-

460 2384 636 2428 tnrum
685 2391 816 2431 vero
856 2386 984 2432 tunc
1035 2376 1147 2447 jam
1197 2395 1318 2434 esse
1349 2395 1470 2435 cum
1531 2381 1877 2436 cataclismus
1921 2396 2048 2436 eru-

456 2468 580 2537 pit,
642 2468 848 2538 liqnido
909 2478 1060 2540 patet
1126 2470 1320 2538 viginti
1385 2486 1556 2527 annos
1612 2473 1678 2528 de
1748 2472 2050 2542 prrescripti

459 2558 622 2628 273
660 2560 869 2613 numeri
901 2559 1078 2628 spatio
1108 2558 1277 2614 fuisse
1319 2561 1645 2617 subtractos.
1691 2562 1828 2617 Vitae
1867 2563 2051 2632 itaque

459 2649 694 2717 spatium
724 2649 866 2718 quod
906 2649 1142 2704 humano
1171 2651 1357 2720 generi
1394 2651 1537 2706 Deus
1575 2651 1828 2722 promisit
1864 2651 2047 2705 immi-

459 2739 598 2802 nait,
630 2739 753 2808 quia
786 2740 1161 2809 perversitatis
1188 2757 1376 2796 eorum
1407 2752 1589 2799 reatus
1617 2744 1876 2798 excrevit.
1900 2742 2049 2798 Judze

460 2842 675 2897 qtttrqtlc
695 2843 794 2898 per
812 2844 874 2883 os
905 2829 1228 2898 patriarchae
1254 2832 1503 2901 promisit
1525 2831 1762 2902 Spiritus
1796 2842 2042 2899 sanctus,

460 2918 646 2973 dicens
677 2938 688 2972 :
729 2937 748 2970 ι
777 2918 893 2974 Non
918 2919 1194 2976 auferetur
1235 2930 1509 2991 sceptrum
1541 2923 1607 2977 de
1632 2923 1799 2986 Juda.
1843 2933 1898 2979 et
1938 2925 2045 2980 dux

460 3008 527 3063 dc
558 3009 762 3065 femore
789 3009 926 3079 ejus,
956 3011 1129 3066 donec
1159 3013 1336 3066 veniat
1358 3013 1447 3082 qui
1472 3013 1769 3068 mittendus
1791 3013 2041 3085 est(Cen.

2148 1101 2344 1174 legitur
2369 1105 2437 1160 ab
2463 1107 2580 1184 ejus
2602 1107 2830 1163 vinculis
2857 1109 3157 1165 absolutus.
3189 1109 3344 1166 Justo
3371 1126 3498 1181 ergo
3519 1114 3744 1183 judicio

2149 1196 2420 1249 subtraxit
2453 1197 2594 1252 Deus
2639 1198 2844 1252 homini
2877 1214 3260 1270 nonnunquam
3287 1201 3425 1256 bona
3455 1219 3574 1272 quae
3605 1221 3736 1272 pro-

2151 1286 2319 1349 misit,
2371 1300 2493 1340 cum
2530 1287 2746 1343 rebellis
2802 1288 2966 1344 homo
3015 1279 3163 1345 illius.
3215 1306 3436 1347 servare
3474 1293 3739 1351 mandata

2150 1377 2494 1446 contempsit.

2223 1465 2558 1536 Prosequere
2597 1467 2797 1534 etiam,
2844 1469 3112 1538 quomodo
3142 1469 3284 1526 Deus
3323 1473 3739 1542 quod'minatns

2150 1566 2233 1610 est
2264 1571 2368 1610 non
2397 1555 2632 1627 inﬂigit?

2225 1647 2395 1702 Nemo
2417 1648 2508 1717 qui
2540 1648 2702 1702 limen
2726 1647 2983 1704 Ecclesiae
3012 1649 3137 1704 terit
3165 1649 3377 1720 ignorat
3413 1652 3540 1722 quia
3567 1651 3738 1708 Jonas

2154 1740 2221 1792 ad
2253 1737 2481 1792 Niniven
2529 1754 2561 1794 a
2609 1739 2836 1793 Domino
2865 1739 3062 1792 missus
3089 1739 3445 1804 exclamavit,
3495 1741 3687 1796 dicens
3718 1757 3735 1794 :

2155 1845 2174 1880 ι
2215 1827 2406 1882 Adhuc
2453 1829 2810 1900 quadraginta
2849 1828 2994 1892 dies,
3041 1837 3095 1883 et
3145 1827 3339 1883 Ninive
3391 1829 3738 1885 subvertetur

2152 1919 2311 1989 (Jan.
2340 1919 2466 1987 ιιι).
2504 1939 2522 1971 ι
2561 1919 2667 1974 Sed
2693 1920 2816 1989 quia
2844 1920 3036 1975 civitas
3067 1919 3155 1973 illa
3184 1921 3252 1974 ad
3289 1920 3574 1976 Dominum
3620 1932 3739 1977 toto

2151 2021 2235 2068 est
2257 2013 2420 2067 corde
2444 2029 2732 2078 conversa,
2762 2029 3107 2084 nequaquam
3140 2013 3297 2082 juxta
3337 2017 3600 2085 minacem
3631 2017 3739 2074 Do-

2152 2102 2283 2157 mini
2314 2105 2640 2160 sententiam
2667 2105 2864 2160 excidii
2907 2116 2992 2161 est
3027 2107 3313 2163 eversione
3355 2107 3554 2164 deleta.
3598 2109 3737 2164 Cum

2153 2208 2281 2264 ergo
2309 2194 2452 2251 Deus
2479 2196 2821 2266 omnipotens
2849 2212 2955 2251 non
2983 2197 3142 2252 modo
3171 2213 3335 2253 verax
3355 2239 3370 2258 .
3400 2199 3493 2254 sed
3534 2210 3590 2254 ct
3615 2200 3737 2269 ipsa

2153 2289 2226 2344 sit
2254 2290 2477 2355 veritas,
2508 2289 2766 2345 inviolato
2790 2289 3002 2346 consilii
3027 2289 3109 2344 sui
3141 2300 3393 2345 manente
3421 2293 3700 2361 proposito
3721 2334 3735 2354 ,

2153 2380 2441 2435 exterioris
2458 2379 2646 2450 judicii
2676 2380 2757 2435 sui
2798 2394 2940 2451 saepe
2964 2381 3141 2435 variat
3166 2381 3411 2436 ordinem
3431 2381 3588 2449 juxta
3639 2384 3733 2437 bu-

2154 2471 2332 2535 mani,
2362 2471 2474 2525 sive
2502 2471 2688 2541 probi,
2733 2471 2846 2526 sive
2890 2470 3124 2541 improbi
3153 2471 3333 2526 meriti
3373 2472 3691 2541 qualitatem
3719 2493 3756 2541 ;Δ

2153 2568 2421 2629 quatenus
2447 2567 2503 2613 et
2527 2575 2556 2612 a
2581 2559 2853 2628 pravitate
2881 2567 3161 2615 correctus
3180 2601 3195 2625 ,
3238 2560 3382 2630 quod
3410 2562 3550 2615 Deus
3586 2561 3734 2629 juste

2152 2650 2411 2713 minatur,
2435 2651 2628 2704 evadat
2653 2665 2668 2703 :
2693 2659 2747 2705 et
2771 2650 3053 2722 prolapsus
3080 2651 3133 2705 in
3159 2651 3394 2722 culpam,
3427 2652 3740 2707 nullatenus

2154 2756 2274 2811 qua:
2295 2742 2578 2811 pollicetur
2607 2740 2748 2796 bona
2778 2741 3067 2812 percipiat.
3119 2741 3258 2796 Hinc
3309 2750 3395 2796 est
3445 2742 3589 2818 quod
3642 2759 3742 2812 per

2152 2831 2442 2888 Jeremiam
2466 2831 2626 2888 dicit:
2656 2851 2675 2884 ‹
2705 2830 2886 2887 Bonas
2909 2831 3072 2886 facite
3096 2829 3213 2886 vias
3236 2841 3445 2886 vestras
3481 2840 3540 2884 et
3558 2832 3740 2885 studia

2154 2931 2354 2985 vestra,
2387 2931 2442 2977 et
2467 2923 2652 2977 audite
2671 2935 2862 2977 vocem
2890 2920 3104 2977 Domini
3129 2919 3224 2976 Dei
3261 2921 3453 2987 vestri,
3479 2913 3541 2974 et
3560 2922 3740 2990 paeni-

2154 3013 2286 3066 tebit
2315 3013 2600 3068 Dominum
2644 3012 2804 3077 mali,
2851 3012 2993 3082 quod
3048 3013 3258 3066 locutus
3311 3021 3394 3065 est
3447 3013 3735 3066 adversum

461 3101 644 3166 xux);
681 3120 699 3153 ι
735 3110 789 3155 et
814 3076 994 3157 tamen
1025 3119 1124 3158 nec
1167 3076 1500 3174 temporibus
1534 3104 1784 3159 Judicum
1817 3076 2048 3176 legimus
2077 3076 2122 3138 ο
2153 3119 2250 3159 vos
2277 3104 2413 3175 (Jer.
2445 3106 2600 3174 xvn).
2635 3123 2655 3156 ι
2692 3076 2828 3159 Hinc
2855 3076 2939 3159 est
2967 3103 3111 3174 quod
3142 3105 3208 3157 ad
3240 3102 3356 3158 Heli
3393 3118 3606 3172 quoque
3638 3117 3738 3172 per

460 3195 609 3248 viros
641 3195 706 3248 de
733 3196 874 3251 tribu
909 3195 1044 3251 Juda
1101 3213 1317 3268 semper
1370 3213 1531 3267 super
1587 3197 1753 3252 lsrael
1809 3199 2048 3253 tenuisse

461 3285 750 3351 ducatum;
804 3301 906 3342 nec
939 3303 1094 3358 reges
1143 3303 1209 3343 ex
1257 3287 1448 3343 eadem
1492 3288 1637 3342 tribu
1681 3289 2047 3358 principatum

465 3380 704 3435 tenuisse
743 3395 911 3450 usque
959 3381 1027 3435 ad
1079 3380 1283 3436 Christi
1336 3381 1684 3450 reperiuntur
1729 3383 2044 3437 adventum.

463 3473 690 3528 Constat
734 3488 863 3543 ergo
915 3474 1041 3543 quia
1093 3489 1235 3544 saape
1290 3473 1432 3528 Deus
1494 3469 1838 3542 omnipotens
1904 3473 2050 3544 quod

467 3563 672 3616 homini
700 3563 950 3633 promisit
982 3565 1251 3618 imminuit
1270 3605 1283 3626 ,
1307 3564 1564 3633 quoniam
1589 3565 1752 3621 homo
1773 3565 1915 3635 quod
1941 3565 2050 3620 Deo

465 3632 729 3707 debuerat
757 3669 862 3707 non
901 3654 1162 3722 implevit.
1326 3632 1332 3633 ί
1790 3632 1804 3635 ν
1844 3632 1869 3651 ⁸

535 3743 636 3797 Ubi
675 3745 816 3798 Dens
860 3745 1110 3814 promisit
1137 3747 1338 3799 bonum
1369 3745 1613 3815 aliquod,
1644 3755 1698 3802 et
1730 3762 1835 3802 non
1866 3747 2053 3818 imple-

465 3833 588 3886 vit?
629 3833 968 3898 Recordare,
1015 3835 1143 3904 quia
1175 3836 1309 3890 dixit
1347 3837 1607 3892 Dominus
1637 3837 1703 3891 ad
1731 3837 1934 3893 Josiam
1962 3853 2051 3892 re-

467 3937 587 3990 gem
616 3921 752 3978 Juda
784 3942 797 3976 :
836 3942 855 3975 ι
887 3924 993 3979 Pro
1025 3939 1111 3989 eo,
1143 3925 1336 3995 inquit,
1383 3929 1526 3996 quod
1554 3927 1738 3983 vidisti
1758 3929 1921 3983 verba
1947 3943 2048 3984 vo-

458 4012 706 4082 luminis,
735 4025 792 4070 et
820 4019 1170 4086 perterritum
1201 4027 1286 4073 est
1315 4034 1409 4073 cor
1449 4030 1702 4085 tuum,'et
1733 4022 2049 4076 humiliatus

464 4119 525 4158 es
547 4120 730 4166 coram
765 4107 1012 4170 Domino,
1041 4109 1240 4163 auditis
1272 4111 1610 4165 sermonibus
1647 4121 1838 4165 contra
1869 4110 2051 4167 locum

467 4197 629 4251 istum
681 4207 735 4252 et
788 4199 1118 4256 habitatores
1151 4202 1298 4270 ejus;
1354 4213 1409 4259 et
1463 4205 1672 4260 scidisti
1725 4203 2048 4259 vestimenta

466 4297 647 4354 tua,et
663 4290 853 4344 ﬂevisti
873 4307 1054 4345 coram
1083 4310 1186 4354 me,
1207 4295 1408 4350 idcirco
1429 4296 1677 4364 colligam
1707 4305 1758 4350 te
1779 4296 1845 4349 ad
1866 4307 2050 4364 patres

470 4389 612 4446 tuos,
643 4390 697 4436 et
725 4370 994 4454 colligeris
1016 4385 1081 4438 ad
1110 4387 1415 4454 sepulcrum
1450 4397 1600 4441 tuum
1628 4388 1678 4442 in
1703 4402 1870 4456 pace;
1911 4405 1928 4437 ι
1991 4395 2048 4440 et

2152 3198 2328 3253 virum
2359 3197 2452 3250 Dei
2495 3197 2754 3250 Dominus
2775 3195 2890 3250 ait:
2934 3213 2953 3246 ι
2991 3194 3242 3264 Loquens
3265 3194 3479 3248 locutus
3508 3209 3651 3260 sum,
3679 3204 3740 3248 ut

2155 3293 2346 3346 domus
2378 3299 2492 3355 tua,
2523 3297 2577 3345 et
2602 3290 2794 3344 domus
2824 3288 2994 3359 patris
3025 3287 3101 3343 tui
3127 3287 3467 3342 ministraret
3511 3287 3563 3340 in
3601 3301 3736 3342 coa-

2156 3389 2340 3452 spectu
2372 3395 2493 3435 meo
2517 3395 2690 3450 usque
2718 3379 2770 3433 in
2802 3374 3191 3448 sempiternum
3224 3394 3239 3431 :
3275 3393 3418 3432 nunc
3445 3385 3625 3431 autem
3655 3378 3735 3428 di-

2154 3471 2228 3526 cit
2258 3472 2515 3525 Dominus
2545 3489 2556 3523 :
2584 3469 2740 3525 Absit
2781 3470 2885 3524 hoc
2910 3484 2941 3523 a
2971 3485 3077 3534 me,
3109 3469 3204 3524 sed
3235 3471 3544 3539 quicunque
3575 3468 3742 3540 275

2154 3561 2535 3631 gloriﬁcaverit
2557 3575 2663 3625 me,
2683 3559 2994 3630 gloriﬁcabo
3020 3575 3142 3613 eum
3160 3577 3173 3613 :
3189 3560 3279 3629 qui
3298 3571 3478 3613 autem
3498 3567 3741 3613 contem-

2154 3659 2290 3705 nunt
2313 3665 2419 3714 me,
2446 3659 2606 3704 erunt
2635 3650 2898 3719 ignobiles
2923 3648 2972 3720 (1
3006 3648 3126 3718 Reg.
3157 3648 3240 3716 ιι).
3282 3668 3301 3700 ι

2227 3744 2395 3798 Recte
2449 3743 2608 3813 plane
2652 3750 2853 3796 cuncta
2901 3757 3019 3810 qtae
3057 3739 3746 3810 proposueras‘p‘ét‘sptcuis

2158 3833 2426 3887 roborasti
2458 3831 2778 3886 testimoniis
2816 3830 3250 3899 Seripturarum,
3288 3843 3431 3883 nunc
3460 3837 3642 3882 autem
3671 3829 3741 3882 de

2156 3921 2372 3978 Domini
2403 3922 2506 3976 mei
2537 3922 2679 3992 regis
2710 3921 2906 3990 injuria
2940 3920 3205 3974 rationem
3248 3919 3434 3974 redde.

2175 4015 2178 4017 λ
2227 4013 2476 4070 Glorioso
2505 4013 2639 4082 regi,
2674 4011 2828 4066 nobis
2854 4010 3100 4081 eligendo
3134 4008 3468 4078 pontiﬁcem,
3495 4009 3638 4063 absrt
3681 4022 3746 4062 ut

2156 4123 2257 4164 nos
2302 4106 2670 4162 intulissemus
2697 4103 2980 4174 injuriam;
3010 4117 3131 4155 cum
3158 4101 3224 4154 ad
3252 4101 3355 4154 hoc
3377 4115 3476 4155 nos
3505 4101 3737 4155 necessi-

2158 4210 2240 4256 tas
2270 4197 2574 4268 impulerit,
2617 4211 2724 4250 non
2773 4194 2981 4264 rapina.
3023 4192 3102 4246 Ad
3162 4193 3300 4257 hoc,
3347 4191 3602 4260 inquam,
3642 4205 3742 4245 nos

2158 4294 2354 4349 invitos
2377 4291 2602 4346 attraxit
2627 4288 2914 4343 imminens
2935 4284 3232 4356 periculum
3253 4283 3430 4339 civilis
3459 4282 3602 4346 belli,
3632 4298 3739 4338 non

2155 4385 2383 4442 lwdendi
2407 4385 2548 4438 livor
2579 4379 2811 4450 imperii.

474 4482 655 4527 tamen
687 4474 848 4545 paulo
873 4485 996 4545 post
1027 4477 1312 4547 Scriptura
1343 4481 1474 4534 dicit
1506 4499 1519 4535 :
1558 4500 1576 4532 ‹
1615 4481 1672 4534 ιιι
1699 4481 1889 4536 diebus
1935 4479 2048 4548 ejus

2232 4475 2370 4543 Quid
2395 4471 2525 4527 mihi
2555 4470 2734 4525 omnia
2765 4467 2913 4523 haec?
2941 4466 3066 4522 dum
3092 4474 3301 4520 constet
3323 4465 3449 4534 quia
3477 4463 3740 4534 quidquid

469 4563 714 4618 ascendit
766 4564 975 4620 Pharao
1010 4566 1230 4622 Nechao
1263 4584 1356 4623 rex
1397 4569 1615 4642 Egypti
1643 4579 1833 4624 contra
1868 4584 2050 4638 regem

465 4656 812 4726 Assyriorum
847 4658 912 4711 ad
940 4657 1137 4714 ﬂumen
1168 4661 1519 4731 Euphratem,
1547 4672 1600 4717 et
1626 4663 1759 4716 abiit
1785 4661 1963 4717 Josias
1993 4662 2050 4718 in

465 4763 758 4803 occursum
789 4748 926 4819 ejus,
958 4761 1009 4805 et
1037 4753 1250 4808 occisus
1279 4763 1362 4809 est
1393 4755 1444 4808 in
1477 4754 1768 4825 Mageddo,
1819 4770 1943 4808 cum
1973 4755 2052 4809 vi-

468 4839 635 4894 disset
655 4855 776 4895 eum
807 4841 914 4912 (IV
948 4841 1072 4913 Reg.
1103 4847 1283 4918 xxttt).
1318 4867 1336 4898 ι
1377 4847 1456 4901 Ad
1490 4845 1810 4901 Sedcchiam
1833 4861 2050 4916 quoque

466 4943 648 4998 regem
675 4929 810 4986 Juda
835 4948 932 5002 per
952 4933 1242 4989 Jeremiam
1276 4937 1504 4991 dicitur:
1527 4937 1663 4992 Audi
1693 4937 1916 4991 verbum
1943 4937 2051 4991 Do-

466 5017 620 5085 mini,
655 5018 919 5076 Sedechia
950 5039 1040 5076 rex
1068 5023 1205 5079 Jnda
1232 5039 1245 5078 :
1277 5025 1399 5080 Haec
1425 5027 1554 5081 dicit
1583 5026 1842 5080 Dominus
1867 5028 1932 5080 ad
1959 5035 2009 5081 te
2035 5045 2046 5080 :

472 5126 491 5158 ‹
513 5107 628 5164 Νοιι
662 5113 913 5169 morieris
937 5115 987 5168 in
1021 5117 1228 5188 gladio,
1268 5119 1362 5173 sed
1400 5119 1452 5172 in
1489 5133 1622 5187 pace
1647 5119 1928 5181 morieris,
1958 5118 2050 5172 sed

467 5202 764 5257 secundum
820 5209 1222 5265 combustiones
1279 5221 1494 5280 patrum
1550 5219 1808 5276 tuorum,
1862 5227 2049 5282 regum

467 5292 732 5360 priorum,
764 5296 856 5364 qui
905 5296 1127 5355 fuerunt
1173 5309 1298 5355 ante
1351 5310 1437 5368 te,
1487 5303 1566 5358 sic
1609 5303 1925 5356 comburcnt
1963 5314 2047 5366 te;

467 5385 594 5456 quia
621 5386 844 5440 verbum
882 5403 986 5446 noc
1017 5409 1117 5462 ego
1148 5394 1360 5450 locutus
1399 5411 1520 5451 sum
1541 5437 1556 5462 ,
1610 5394 1743 5449 dicit
1791 5393 2052 5449 Dominus

469 5475 603 5543 (εἶεν.
644 5478 852 5549 XXXIV).
900 5500 918 5532 ι
981 5484 1131 5550 Quod
1187 5488 1443 5556 nimirum
1493 5487 1766 5560 quomodo
1816 5487 2055 5558 potuerit

471 5565 609 5628 ﬁeri,
638 5565 729 5633 qui
754 5567 951 5624 seriem
977 5585 1252 5632 scrutatur
1273 5579 1516 5634 historia:
1541 5594 1817 5650 nunquam
1853 5579 2052 5649 poterit

473 5654 738 5709 invenire.
773 5657 907 5713 Nam
937 5671 1219 5732 postquam
1253 5684 1281 5722 a
1307 5684 1435 5740 rege
1463 5669 1751 5742 Babylonis
1778 5671 1942 5724 semel
1971 5679 2056 5725 cst

469 5757 677 5816 captus,
700 5748 1160 5829 Dabyloriamque
1183 5764 1498 5831 translatus,
1521 5763 1749 5819 ulterius
1778 5776 2050 5832 nunquam

2155 4567 2457 4630 accideret,
2491 4563 2637 4617 nullo
2666 4572 2825 4631 pacto
2853 4559 3027 4614 sancti
3063 4572 3218 4628 papae
3265 4557 3595 4610 sententiam
3640 4555 3738 4610 de-

2152 4659 2315 4715 buisti
2364 4657 2693 4727 infringere;
2751 4653 2896 4708 nulla
2951 4652 3162 4706 ratione
3212 4649 3488 4722 synodalis
3534 4647 3737 4703 decreti

2153 4751 2471 4822 mysterium
2524 4748 2674 4801 licuit
2734 4745 2971 4800 violare?
3038 4742 3191 4798 Sicut
3253 4742 3396 4798 enim
3455 4740 3738 4810 Scriptura

2153 4843 2440 4912 perhibet:
2484 4858 2502 4886 ι
2543 4838 2730 4893 Melius
2776 4845 2857 4892 est
2884 4845 2942 4890 ut
2969 4835 3180 4890 oriatur
3210 4832 3526 4889 scandalum
3573 4847 3734 4900 quam

2152 4943 2211 4988 ut
2232 4937 2433 4988 veritas
2459 4931 2814 4999 relinquatur.
2851 4947 2868 4979 ι
2926 4926 3057 4980 Nam
3085 4926 3129 4980 si
3164 4926 3264 4980 hoc
3293 4923 3494 4979 bellum
3529 4922 3734 4976 timuis-

2154 5034 2274 5080 sent
2297 5022 2439 5077 beati
2471 5030 2759 5089 martyres,
2787 5016 3184 5088 lierentgprocul
3210 5015 3375 5071 dubio
3406 5024 3614 5069 sanctae
3640 5013 3739 5067 n.i-

2153 5116 2283 5170 litim
2312 5116 2638 5170 desertores.

2228 5204 2342 5259 Non
2370 5205 2585 5275 ignoras
2608 5200 2750 5272 quod
2782 5199 2926 5254 inter
2954 5212 3142 5252 omnes
3183 5203 3404 5251 sanctos
3432 5205 3733 5267 martyres,

2153 5298 2348 5355 Petrus
2370 5305 2424 5351 et
2446 5295 2646 5349 Paulus
2673 5294 2725 5348 in
2752 5290 3031 5364 apostolici
3061 5299 3282 5343 senatus
3304 5287 3541 5342 culmine
3568 5287 3739 5356 possis

2156 5389 2316 5445 deant
2344 5385 2727 5457 principatum.
2753 5383 2952 5437 Eorum
2976 5389 3101 5434 sunt
3132 5377 3288 5432 nobis
3317 5377 3549 5430 tenenda
3575 5374 3741 5429 vesti-

2153 5479 2262 5551 gia,
2293 5492 2482 5533 eorum
2528 5473 2701 5529 forma
2751 5472 2952 5528 nostris
2983 5480 3068 5526 est
3103 5470 3312 5526 aetibtis
3339 5467 3733 5537 imprimenda;

2155 5569 2256 5627 sub
2283 5582 2473 5625 eorum
2502 5566 2763 5636 magistra
2790 5563 3052 5618 debemus
3081 5560 3264 5616 vivere
3290 5556 3601 5628 disciplina.

2226 5659 2340 5716 Hoc
2366 5659 2554 5726 utique
2580 5656 2785 5711 clarum
2814 5662 2913 5709 est.

2229 5752 2367 5807 Audi
2395 5765 2523 5819 ergo
2549 5747 2772 5805 Paulum
2801 5746 2867 5802 de
2901 5741 3212 5816 coapcstolo
3251 5753 3351 5796 suo
3390 5737 3557 5795 Petro
3585 5747 3741 5791 vera-
