4078 5382
335 268 465 329 “Si

1475 265 1566 325 DE
1601 265 1812 326 MINIT.
1850 263 1938 323 ET
1980 262 2299 322 PROMISS.
2337 266 2470 322 DEI.

3462 268 3600 325 “83

331 385 468 441 citer
494 381 866 454 perbibentem
893 395 908 438 :
947 398 966 434 ι
996 378 1349 450 Priusquam,
1378 353 1484 444 ait,
1514 381 1762 435 venirent
1783 377 1901 448 qui-
1932 381 1977 438 Α
2007 384 2059 430 te
2081 415 2099 442 ,
2131 375 2274 446 quod
2304 352 2922 431 dissensionem'doccas
2952 388 2982 428 a
3010 373 3192 447 Moyse
3227 390 3418 431 eorum
3448 418 3462 444 ,
3504 393 3597 448 qui

332 477 511 531 clama
537 473 762 540 Jacobo,
811 488 934 529 cum
981 471 1233 545 gentibus
1279 471 1512 535 edebat;
1559 485 1682 525 cum
1730 477 1907 524 autem

328 564 626 628 venissent,
655 563 1005 618 subtrahebat
1027 577 1087 616 se
1127 570 1181 615 et
1205 563 1544 632 segregabat,
1578 560 1774 613 timens
1816 571 1910 611 eos

329 653 422 727 qui
451 669 520 712 ex
549 654 967 711 circumcisione
1015 662 1172 708 erant
1209 652 1409 724 (Galat.
1443 652 1524 721 ιι).
1563 671 1582 702 ι
1626 650 1911 707 Cernimus

329 767 460 822 ergo
485 751 707 807 Petrum
741 766 847 806 non
875 751 1141 822 rigidum,
1181 748 1274 803 sed
1301 747 1594 801 discretum
1629 763 1642 798 :
1685 744 1912 800 timebat

329 846 472 900 enim
493 843 710 900 Iudaeos
735 861 802 900 ne
825 860 920 915 per
943 843 1285 900 occasionem
1308 840 1546 912 gentium
1572 854 1602 892 a
1632 837 1736 893 ﬁde
1761 851 1912 892 rece-

329 935 520 989 derent
547 935 982 990 Christianorum
1010 951 1024 1000 ;
1068 942 1126 987 et
1155 947 1223 987 ne
1250 931 1501 1001 perderet
1543 943 1762 1000 gregem
1792 944 1912 998 per-

331 1024 524 1090 ditum,
543 1026 664 1081 boni
687 1026 922 1095 pastoris
948 1032 1029 1079 est
1052 1024 1293 1081 imitatus
1314 1021 1650 1092 exemplum:
1675 1038 1693 1072 ι
1714 1019 1914 1074 Factus

329 1123 414 1169 est
438 1115 582 1170 enim
603 1112 804 1171 Iudaeis
832 1124 1082 1184 tanquam
1108 1110 1354 1179 Iudaeus,
1379 1121 1439 1168 ut
1458 1112 1673 1168 Judmos
1696 1109 1914 1165 lucrifa-

331 1214 508 1271 ceret;
539 1224 560 1254 δ
591 1205 731 1260 sicut
753 1205 1000 1260 Christus
1023 1205 1273 1276 apparuit
1299 1205 1352 1259 in
1376 1203 1547 1258 forma
1576 1202 1758 1258 carnis
1785 1217 1909 1273 pec-

332 1295 462 1360 cati,
493 1305 604 1350 uta
633 1297 870 1365 peccatis
895 1296 1172 1351 hominem
1195 1296 1480 1360 liberaret;
1511 1302 1710 1350 etcum
1737 1293 1911 1364 legem

333 1384 500 1457 Moysi
533 1401 637 1442 non
667 1388 966 1459 ambigeret
1012 1387 1363 1453 abolendam,
1406 1385 1694 1441 consulens
1734 1395 1911 1440 tamen

333 1479 513 1534 adhuc
544 1480 768 1535 rudibus
793 1489 848 1536 et
886 1481 1118 1536 inﬁrmis
1143 1479 1434 1544 fratribus.
1473 1480 1646 1534 tenuit
1671 1478 1736 1533 ad
1780 1487 1914 1533 tem-

336 1585 436 1638 pus
460 1571 708 1625 umbram
733 1570 867 1642 legis
898 1578 960 1624 ut
983 1585 1078 1625 eos
1118 1571 1441 1640 quandoque
1476 1569 1800 1639 proveheret
1847 1568 1913 1622 ad

330 1663 571 1733 perfecte
595 1665 923 1720 noscendam
956 1663 1346 1734 plenitudinem
1386 1663 1654 1718 veritatis.
1703 1661 1758 1716 ln
1811 1661 1914 1716 hoc

332 1771 464 1826 ergo
497 1755 558 1808 Β.
605 1755 796 1809 Petrus
845 1753 1192 1810 discretionis
1242 1753 1398 1809 nobis
1442 1754 1682 1824 regulam
1726 1751 1911 1816 dedit,

330 1855 600 1916 quatenus
615 1845 1031 1917 aliquando,ubi
1053 1854 1231 1901 tamen
1254 1859 1358 1898 non
1384 1845 1674 1914 plurimum
1702 1853 1913 1910 noceat,

333 1936 662 1992 declinemus
691 1936 1083 2010 aliquantulum
1123 1951 1153 1990 a
1203 1936 1422 1992 tramite
1463 1935 1806 1991 rectitudinis
1858 1945 1916 1990 ut

332 2027 612 2082 consulere
633 2027 912 2083 valeamus
941 2026 1194 2082 inﬁrmis.

402 2120 502 2188 Qui
531 2121 689 2188 dicis,
718 2124 861 2192 quod
890 2121 1084 2176 Petrus
1114 2120 1403 2189 aliquando
1429 2118 1601 2191 legem
1633 2117 1911 2172 Jndaicam

330 2213 537 2278 tenuit;
563 2229 664 2268 cur
692 2229 798 2268 non
831 2215 998 2269 etiam
1026 2213 1162 2270 dicis
1193 2212 1334 2282 quod
1369 2213 1421 2267 in
1453 2213 1641 2267 eadem
1676 2211 1912 2282 Epistola

328 2303 566 2375 legitur:
604 2304 892 2370 Nimirum,
924 2306 1051 2375 quia
1089 2323 1109 2356 ‹
1143 2304 1343 2359 Paulus
1369 2319 1492 2358 eum
1525 2304 1577 2358 in
1613 2302 1809 2358 faciem
1830 2319 1915 2356 rc-

329 2396 659 2466 prehendit?
693 2395 748 2452 ln
774 2395 989 2463 faciem,
1021 2397 1216 2468 inquit,
1243 2397 1290 2452 ei
1321 2396 1529 2461 restiti,
1559 2396 1686 2466 quia
1731 2409 1913 2465 repre-

329 2485 614 2543 hensibilis
639 2497 779 2554 erat,
805 2489 963 2558 eique
993 2489 1104 2543 dixi
1136 2507 1148 2542 :
1185 2487 1241 2544 Si
1282 2498 1334 2543 tu
1382 2505 1504 2544 cum
1541 2489 1615 2543 sis
1652 2488 1870 2543 Judzeus
1895 2529 1911 2552 ,

328 2578 624 2649 gentiliter,
645 2589 829 2637 etnon
859 2581 1084 2638 Judaice
1111 2583 1269 2648 vivis,
1303 2582 1578 2653 quomodo
1601 2583 1750 2654 cogis
1782 2598 1911 2654 gen-

326 2678 410 2724 tes
433 2669 761 2738 judaizare?
798 2691 816 2724 ›

397 2762 551 2829 Quod
582 2763 775 2820 Petrus
813 2765 922 2836 egit
959 2764 1337 2835 compassione
1364 2766 1781 2830 misericordiae,
1806 2767 1910 2822 hoc

325 2852 526 2908 Paulus
569 2856 750 2925 arguit
787 2871 885 2926 pro
931 2857 1248 2928 magisterio
1295 2857 1611 2926 disciplinae.
1661 2857 1752 2912 llle
1805 2859 1910 2914 hoc

325 2941 456 2999 fecit
503 2945 868 3016 dispensativc
905 2956 963 3001 ut
1011 2947 1242 3002 infirmis
1298 2948 1509 3002 tolleret
1557 2949 1904 3016 scandalum;

325 3033 431 3089 hoc
467 3034 570 3089 iste
615 3037 876 3106 corripuit
931 3054 998 3092 nc
1049 3038 1379 3093 indiscretus
1432 3039 1654 3108 quilibet
1703 3041 1905 3110 passim

326 3127 621 3182 adduceret
647 3127 702 3182 in
732 3129 1056 3205 exemplum.
1084 3130 1140 3184 ln
1165 3129 1329 3185 Petro
1359 3131 1653 3195 discamus,
1681 3141 1738 3186 ut
1762 3132 1903 3200 peri-
1935 3118 1976 3174 (ἶ

325 3216 449 3273 culo
479 3219 648 3275 simus
677 3220 993 3276 imminente
1027 3222 1265 3276 discreti.
1296 3222 1353 3276 In
1387 3221 1534 3276 Pauli
1565 3222 1909 3278 sermonibus

326 3308 684 3375 instruamur,
724 3321 782 3366 ut
807 3312 954 3366 sanis
981 3312 1141 3368 rebus
1165 3313 1275 3368 vita
1306 3324 1489 3368 nostra
1534 3330 1682 3369 mere
1729 3315 1912 3369 deser-

324 3400 441 3455 viat
466 3402 950 3456 rectitudini.Audi
975 3404 1140 3461 etiam
1167 3414 1562 3474 consequenter
1578 3413 1631 3458 et
1660 3406 1907 3469 Paulum,

325 3492 669 3550 discretionis
689 3511 866 3550 aureae
890 3495 1086 3551 lineam
1109 3499 1312 3553 nostris
1331 3498 1504 3553 oculis
1525 3507 1908 3569 Opponentem,

323 3581 673 3653 ejusdemque
730 3584 1108 3654 dispensativa:
1165 3589 1554 3658 compassionis
1606 3599 1908 3645 auctorem.

324 3673 488 3744 275
543 3674 694 3729 Sicut
734 3678 876 3730 enim
922 3679 1339 3748 apostolicorum
1393 3683 1626 3736 Actuum
1680 3691 1912 3737 testatur

325 3764 586 3818 historia:
616 3785 633 3817 ‹
663 3764 1082 3823 Perambulabat
1102 3770 1301 3826 Paulus
1323 3771 1535 3841 Syriam
1559 3781 1615 3827 et
1639 3772 1904 3839 Ciliciam,

321 3855 655 3912 confirmans
715 3856 1026 3921 Ecclesias,
1083 3861 1437 3931 pervenitque
1485 3862 1540 3916 in
1597 3863 1805 3918 Derben
1855 3872 1910 3917 et

321 3947 609 4020 Lystram,
641 3959 696 4006 et
737 3965 864 4007 ecce
897 3952 1189 4022 discipulus
1230 3953 1450 4023 quidam
1491 3965 1644 4021 erat,
1688 3956 1907 4010 nomine

325 4037 663 4107 Timotheus,
697 4041 837 4097 ﬁlius
865 4043 1106 4099 mulieris
1137 4045 1307 4100 vidua:
1330 4045 1522 4110 fidelis,
1548 4055 1700 4115 patre
1725 4057 1906 4102 autem

323 4133 505 4202 gentili
541 4134 679 4204 (Act.
710 4132 842 4203 xvi).
875 4154 893 4186 ι
939 4133 1093 4189 Hunc
1127 4151 1286 4206 ergo,
1329 4144 1388 4190 ut
1423 4138 1491 4191 ad
1529 4139 1906 4208 compendium

321 4223 630 4287 veniamus,
662 4223 946 4292 Apostolus
971 4225 1342 4293 circumcidit;
1368 4227 1623 4297 quoniam
1651 4228 1866 4284 Iudaeos
1891 4272 1905 4296 ,

320 4309 431 4367 imo
449 4310 669 4377 Judzcis,
704 4312 797 4383 qui
825 4313 876 4367 in
900 4313 1006 4368 illis
1031 4325 1188 4370 erant
1220 4317 1527 4388 regionibus
1555 4319 1751 4373 timuit.
1796 4321 1908 4375 Cur

321 4402 505 4470 itaque
538 4403 879 4459 circumcidit
915 4405 1125 4461 ﬁdelem
1162 4409 1433 4464 hominem
1477 4425 1584 4464 non
1624 4409 1865 4465 Judaeum
1889 4453 1902 4474 ,

2016 484 2113 538 per
2135 478 2323 540 gentes
2349 477 2476 523 sunt
2502 469 2831 531 Judteorum,
2869 469 3054 525 dicens
3083 489 3097 524 :
3129 469 3245 526 Non
3287 473 3485 528 debere
3505 488 3602 529 eos

2019 560 2406 615 circumcidere
2435 560 2574 613 filios
2597 575 2750 625 suos,
2777 575 2953 629 neque
2983 561 3281 616 secundum
3312 571 3601 618 consuetu-

2019 650 2195 705 dinem
2226 651 2450 722 ingredi.
2485 651 2622 718 Quid
2650 666 2777 721 ergo
2808 652 2926 706 cst?
2949 652 3133 722 utique
3161 661 3372 722 oportet
3406 668 3602 707 conve-

2018 741 2136 796 nire
2158 741 2589 806 multitudinem;
2626 741 2915 795 audierunt
2948 741 3092 796 enim
3118 750 3169 796 te
3199 742 3598 812 supervenisse.

2019 833 2132 888 Hoc
2174 849 2304 905 ergo
2346 833 2432 887 fac
2481 835 2625 904 quod
2674 836 2767 889 tibi
2808 835 3080 890 dicimus:
3122 846 3248 890 sunt
3290 836 3446 890 nobis
3498 837 3599 890 viri

2018 936 2250 995 quatuor
2276 937 2461 982 votum
2499 927 2761 981 habentes
2799 943 2962 997 super
3011 943 3108 994 se;
3153 929 3237 983 liis
3284 929 3599 999 assumptis,

2019 1007 2296 1073 sanctiﬁea
2323 1026 2374 1074 te
2401 1034 2520 1072 cum
2549 1019 2678 1088 ipsis
2704 1037 2715 1072 :
2749 1030 2804 1071 et
2832 1020 3078 1089 impende
3103 1020 3153 1073 in
3183 1035 3298 1085 eos,
3324 1029 3386 1075 ut
3407 1021 3604 1075 radant

2019 1113 2196 1182 capita
2234 1121 2289 1166 et
2312 1113 2485 1167 sciant
2532 1127 2744 1176 omnes,
2775 1113 2896 1181 quia
2939 1126 3057 1180 qua:
3088 1113 3153 1166 de
3195 1121 3244 1166 te
3282 1113 3602 1176 audierunt,

2019 1204 2150 1258 falsa
2178 1213 2336 1270 sunt;
2367 1205 2461 1260 sed
2506 1203 2751 1258 ambulas
2786 1213 2840 1258 et
2890 1205 3002 1275 ipse
3051 1206 3359 1260 custodiens
3407 1205 3601 1276 legem.

2018 1293 2172 1352 Tunc
2194 1294 2392 1349 Paulus
2419 1296 2710 1365 assumptis
2734 1296 2882 1354 viris.
2914 1296 3204 1364 posteriori
3233 1297 3318 1351 die
3347 1297 3600 1366 puriﬁca-

2019 1396 2106 1442 tus
2129 1404 2253 1442 cum
2287 1387 2388 1442 illis
2416 1387 2640 1441 intravit
2670 1388 2722 1441 in
2762 1388 3022 1456 templum
3057 1389 3194 1458 (Act.
3227 1389 3362 1458 XXI).
3395 1409 3415 1441 ι

2090 1477 2231 1533 Nulli
2261 1477 2416 1532 liccat
2442 1478 2694 1548 ignorare
2722 1496 2734 1530 :
2769 1475 2943 1532 Omne
2972 1479 3114 1547 quod
3144 1478 3376 1534 Domino
3405 1493 3599 1534 conse-

2018 1559 2221 1640 cretur,
2248 1575 2360 1629 sive
2391 1572 2552 1628 fuerit
2582 1574 2768 1636 homo,
2788 1572 2900 1627 sive
2931 1572 3152 1636 animal,
3182 1573 3296 1627 sive
3328 1589 3475 1641 ager,
3516 1575 3601 1628 vel

2018 1667 2274 1738 quidquid
2301 1666 2465 1722 semel
2495 1665 2659 1720 fuerit
2678 1674 3076 1724 consecratum,
3105 1664 3363 1718 Sanctum
3387 1673 3604 1719 sancto-

1950 1764 1988 1817 ll
2019 1775 2137 1814 rum
2163 1759 2268 1814 erit
2290 1758 2538 1820 Domino,
2587 1766 2642 1810 et
2685 1757 2750 1809 ad
2797 1756 2885 1825 ius
2938 1756 3170 1824 pertinet
3212 1756 3598 1820 sacerdotum;

2016 1858 2237 1919 propter
2266 1849 2407 1916 quod
2443 1846 2827 1901 inexcusabilis
2853 1847 2957 1900 erit
2977 1847 3155 1901 omnis
3192 1850 3282 1915 qui
3313 1861 3342 1899 a
3376 1845 3605 1900 Domino

2016 1952 2069 1994 et
2098 1939 2334 2011 Ecclesia
2364 1939 2538 1992 civem
2567 1938 2724 2016 petit,
2755 1937 2951 2004 aufert,
2980 1946 3190 2002 vastat,
3241 1937 3474 2002 invadit,
3520 1937 3605 1992 vel

2015 2033 2176 2103 eripit
2199 2040 2256 2085 ut
2281 2031 2576 2102 sacrilegus
2609 2017 3050 2101 dijudicetu‘rLet
3094 2031 3138 2086 si
3182 2031 3474 2085 emendare
3503 2046 3604 2084 no-

2014 2124 2176 2178 luerit
2214 2124 2738 2179 exeommunicctur.
2768 2122 2867 2189 Qui
2901 2121 3183 2178 abstulerit
3211 2122 3410 2192 aliquid
3437 2123 3601 2193 patri,

2015 2215 2298 2270 homicidae
2344 2214 2622 2284 particeps
2677 2223 2780 2268 est.
2833 2213 2998 2269 Pater
3042 2222 3228 2268 noster
3272 2214 3388 2268 sine
3441 2214 3605 2268 dubio

2017 2305 2158 2359 Deus
2181 2313 2265 2360 est
2291 2306 2383 2374 qui
2413 2320 2510 2359 nos
2533 2304 2776 2368 creavit;
2819 2314 2994 2358 mater
3018 2320 3148 2360 vero
3177 2313 3359 2360 nostra
3415 2311 3600 2358 sancia

2013 2394 2258 2449 Ecclesia
2285 2411 2405 2465 qum
2431 2411 2529 2450 nos
2554 2397 2605 2450 in
2644 2397 2915 2465 baptismo
2945 2397 3306 2466 regeneravit.
3348 2396 3489 2467 Ergo
3511 2398 3601 2466 qui

2013 2485 2213 2540 Christi
2271 2487 2552 2555 pecuniam
2611 2497 2664 2540 et
2717 2487 3014 2542 Ecclesiam
3066 2488 3264 2552 aufert,
3319 2489 3460 2559 rapit
3511 2499 3600 2542 aut

2013 2576 2246 2638 fraudat,
2271 2563 2538 2632 homicida
2563 2588 2645 2633 est
2668 2588 2830 2650 atque
2856 2590 2982 2635 ante
3004 2581 3291 2636 Dominum
3327 2582 3596 2637 homicida

2011 2666 2322 2736 deputatur.
2352 2666 2453 2733 Qui
2481 2668 2626 2722 enim
2656 2683 2742 2723 res
2772 2669 3030 2724 Ecclesia:
3052 2670 3353 2731 abstulerit,
3385 2671 3601 2725 sacrile-

2009 2755 2156 2825 gium
2193 2754 2321 2810 facit
2350 2766 2405 2810 et
2436 2764 2498 2811 ut
2535 2758 2832 2828 sacrilegus
2872 2758 3195 2827 judicandus
3233 2768 3335 2814 est.
3393 2759 3459 2814 Ut
3501 2775 3600 2814 nos

2011 2862 2140 2919 ergo
2163 2861 2352 2903 contra
2383 2849 2651 2919 malignos
2689 2850 2911 2920 spiritus
2950 2849 3248 2920 spiritualis
3285 2851 3602 2905 certaminis

2011 2942 2182 2996 aciem
2213 2941 2480 3010 ponimus,
2509 2957 2854 3012 summopere
2885 2957 3110 2997 necesse
3135 2943 3299 3014 276
3320 2953 3401 2998 est
3426 2952 3486 2998 ut
3506 2959 3602 3014 per

2011 3031 2331 3086 ciiaritatem
2354 3046 2568 3102 semper
2589 3032 2725 3086 uniti
2749 3044 2910 3103 atque
2927 3035 3301 3100 constricti,et
3323 3049 3598 3104 nunquam

2011 3132 2294 3202 interrupti
2319 3146 2418 3203 per
2438 3132 2762 3187 discordiam
2789 3132 3165 3198 inveniamur;
3193 3132 3316 3203 quia
3342 3132 3600 3202 quaelibet

2013 3225 2152 3278 bona
2186 3223 2236 3278 in
2261 3223 2417 3278 nobis
2446 3237 2608 3294 opera
2646 3222 2880 3291 fuerint,
2911 3224 2959 3279 si
2991 3223 3231 3278 cbaritas
3279 3223 3448 3287 desit,
3497 3237 3596 3292 per

2009 3312 2208 3367 malum
2242 3313 2525 3369 discordia:
2555 3314 2708 3369 locus
2728 3315 2973 3384 aperitur
3000 3315 3052 3368 in
3085 3314 3221 3380 acie,
3252 3314 3395 3369 unde
3415 3313 3483 3368 ad
3515 3313 3593 3368 fe-

2014 3405 2232 3458 ricndos
2259 3420 2358 3459 nos
2382 3405 2558 3460 valeat
2587 3407 2757 3461 hostis
2789 3407 3014 3461 intrare.
3040 3407 3311 3474 Antiquus
3337 3421 3464 3459 vero
3496 3405 3596 3459 ini-

2014 3493 2187 3548 micus
2212 3495 2521 3550 castitatem
2556 3496 2606 3549 in
2641 3496 2828 3561 nobis,
2862 3496 2907 3550 si
2939 3496 3055 3550 sine
3091 3496 3354 3549 charitate
3395 3493 3592 3557 fuerit,

2014 3599 2119 3638 non
2145 3584 2325 3651 timet;
2355 3587 2480 3654 quia
2517 3586 2630 3654 ipse
2656 3601 2756 3641 nec
2788 3587 3052 3656 premitur
3077 3600 3242 3640 carne
3278 3595 3337 3637 ut
3370 3582 3487 3651 ejus
3516 3584 3596 3638 lu-

2012 3675 2166 3729 xuria
2191 3676 2532 3731 dissolvatur.
2560 3677 2954 3733 Abstinentiam
2985 3693 3090 3732 non
3125 3678 3296 3740 timet,
3329 3678 3452 3747 quia
3483 3678 3596 3745 ipse

2012 3767 2134 3822 cibo
2158 3785 2264 3822 non
2298 3769 2489 3835 utitur,
2520 3770 2642 3838 quia
2673 3772 2994 3825 necessitate
3023 3770 3268 3840 corporis
3299 3786 3404 3824 non
3437 3785 3595 3840 urge-

2015 3869 2118 3923 tur.
2152 3861 2597 3915 Distributionem
2623 3870 2960 3917 terrenarum
2987 3878 3166 3916 rerum
3199 3877 3304 3914 non
3335 3863 3518 3926 timet,
3549 3861 3592 3916 si

2011 3950 2188 4004 cidem
2215 3951 2363 4018 operi
2388 3951 2629 4005 cbaritas
2655 3951 2826 4016 desit;
2857 3953 2980 4022 quia
3007 3952 3316 4006 divitiarum
3338 3953 3594 4008 subsidiis

1983 4054 2112 4112 .nec
2162 4039 2279 4108 ipse
2302 4048 2441 4110 eget.
2471 4039 2635 4094 Valde
2657 4050 2836 4094 autem
2865 4041 2917 4095 in
2945 4042 3101 4096 nobis
3137 4041 3458 4096 cliaritatem
3500 4056 3593 4095 ve-

2013 4147 2150 4196 ram,
2185 4131 2310 4185 item
2345 4146 2586 4185 amorem
2635 4131 2911 4198 humilem,
2961 4147 3118 4201 quem
3150 4133 3306 4187 nobis
3353 4132 3590 4188 vicissim

2013 4224 2398 4295 impendimus,
2428 4224 2602 4289 timet,
2628 4236 2683 4279 et
2714 4225 2875 4279 nimis
2900 4224 3201 4279 concordia:
3230 4235 3430 4278 nostrae
3455 4223 3592 4278 invi-

2012 4315 2140 4381 det;
2175 4316 2298 4385 quia
2331 4315 2470 4370 hanc
2509 4331 2608 4370 nos
2652 4325 2896 4373 tenemus
2947 4317 2999 4370 in
3053 4316 3242 4374 terra.‘
3269 4331 3432 4385 quam
3479 4316 3594 4385 ipse

2015 4414 2201 4462 tenere
2247 4407 2436 4462 nolens
2485 4407 2668 4462 amisit
2713 4407 2765 4460 in
2813 4405 2972 4461 cmlo.
3021 4405 3166 4461 Bene
3194 4421 3324 4476 ergo
3350 4405 3589 4460 dicitur:

320 4493 412 4562 qui
443 4493 692 4554 videlicet
743 4495 1154 4554 incircumcisus
1206 4508 1349 4565 erat,
1393 4502 1487 4556 sed
1523 4502 1740 4557 natione
1775 4520 1904 4573 gen—
1943 4483 1986 4540 ί)
2019 4512 2037 4546 ι
2089 4494 2366 4551 Terribilis
2417 4506 2478 4551 υἱ
2532 4507 2832 4551 castrorum
2886 4497 3032 4552 aCieS
3080 4497 3360 4562 ordinata;
3396 4515 3416 4549 ³
3467 4496 3591 4566 quia

321 4579 506 4638 tilem?
534 4584 636 4638 nisi
657 4593 714 4638 ut
743 4586 1087 4643 discretionis
1112 4590 1290 4644 studio
1310 4592 1628 4658 deserviret,
1651 4607 1718 4644 ne
1737 4591 1903 4647 Judzci

317 4671 504 4726 ﬁdeles
533 4673 584 4730 in
615 4676 932 4730 scandalum
968 4689 1284 4733 corruentes
1334 4695 1363 4732 a
1419 4680 1522 4734 fide
1566 4682 1901 4736 recederent.

319 4763 434 4819 Hoc
457 4765 622 4819 etiam
659 4782 803 4822 nunc
830 4767 897 4821 ad
933 4770 1253 4824 memoriam
1283 4770 1453 4836 redit;
1509 4774 1764 4842 quoniam
1802 4775 1901 4830 ali-

315 4854 530 4923 quando
561 4855 715 4926 juxta
755 4873 958 4911 morem
993 4858 1375 4916 Nazarmorum
1413 4878 1624 4918 comam
1663 4881 1729 4920 ex
1778 4876 1904 4923 voto

317 4948 574 5014 nutrivit;
606 4959 660 5005 et
688 4963 971 5019 postquam
1003 4953 1312 5023 navigasset
1340 4955 1392 5010 in
1416 4955 1650 5028 Syriam,
1686 4959 1738 5012 in
1762 4961 1903 5016 Cen-

316 5037 466 5091 chris
499 5040 727 5108 positus,
778 5048 929 5108 caput
980 5044 1142 5113 juxta
1198 5042 1331 5112 legis
1377 5047 1629 5102 mandata
1678 5051 1908 5106 totondit

314 5126 457 5194 (Act.
519 5129 693 5199 xviii).
758 5127 932 5181 Refert
997 5133 1178 5189 adhuc
1220 5132 1395 5187 Lucas
1451 5150 1620 5191 sacrm
1677 5140 1911 5209 scriptor

317 5216 590 5272 historite:
623 5237 643 5269 ‹
680 5217 807 5271 Cum
836 5221 1207 5283 venissemus,
1234 5221 1426 5290 inquit,
1456 5223 1904 5297 Hierosolymam,

313 5305 541 5362 libenter
573 5316 910 5377 susceperunt
946 5330 1058 5373 nos
1084 5312 1320 5378 fratres;
1352 5323 1407 5366 et
1432 5317 1677 5382 sequenti
1711 5319 1799 5375 die
1820 5321 1909 5380 ιε.-

2012 4585 2306 4641 electorum
2335 4586 2730 4642 multitudinem
2756 4604 2820 4644 eo
2845 4587 3064 4659 maligni
3093 4587 3314 4658 spiritus
3338 4588 3594 4658 pertime-

2011 4690 2187 4744 scunt,
2211 4695 2317 4748 quo
2338 4695 2431 4734 eos
2452 4696 2546 4750 per
2569 4681 2854 4735 charitatis
2880 4680 3228 4736 concordiam
3252 4680 3434 4734 unitos
3464 4695 3594 4735 con-

2011 4778 2097 4824 tra
2128 4787 2186 4826 se
2217 4776 2271 4825 et
2309 4771 2664 4840 conglobatos
2706 4772 2998 4840 aspiciunt.
3033 4770 3245 4837 Quanta
3293 4779 3473 4824 autem
3525 4769 3598 4823 sit

2012 4862 2318 4919 concordia:
2343 4864 2536 4927 virtus,
2568 4862 2891 4928 ostenditur,
2925 4877 3048 4917 cum
3097 4862 3214 4915 sine
3259 4861 3346 4914 illa
3372 4861 3600 4931 reliquae

2009 4956 2261 5020 virtutes,
2292 4955 2524 5008 virtutes
2543 4970 2649 5009 non
2673 4969 2795 5008 esse
2818 4961 3206 5009 monstrantur.
3235 4951 3422 5022 Magna
3449 4954 3596 5006 enim

2012 5056 2096 5104 est
2125 5029 2299 5102 virtus
2326 5046 2670 5102 abstinentiae
2695 5064 2709 5112 ;
2759 5045 2854 5100 sed
2902 5045 2946 5098 si
2981 5044 3102 5111 quis
3126 5042 3204 5096 ita
3233 5042 3300 5096 ab
3328 5043 3601 5097 alimentis

2016 5137 2308 5200 abstineat,
2341 5144 2398 5189 ut
2427 5142 2654 5190 caeteros
2687 5135 2740 5188 in
2767 5133 2889 5189 cibo
2920 5130 3179 5201 dijudicet
3201 5171 3214 5194 ,
3259 5138 3314 5184 et
3341 5129 3601 5186 alimenta

2017 5227 2236 5289 eadem,
2269 5239 2387 5294 quae
2415 5225 2557 5278 Deus
2605 5221 2815 5278 creavit
2869 5222 2936 5277 ad
2988 5219 3388 5290 percipiendum
3416 5260 3431 5284 ,
3485 5237 3608 5275 cum

2021 5318 2317 5382 gratiarum
2351 5317 2567 5372 actione
2603 5312 2857 5368 ﬁdelibus
2885 5313 3135 5374 damnet;
3163 5309 3290 5378 quid
3335 5310 3463 5365 huic
3506 5312 3612 5365 vir-
