4060 6228
431 353 502 416 il
1721 344 2073 409 ΜΑΤΊἮΕ

2191 343 2572 405 LASTARIS
3748 345 3828 404 l2

439 487 616 545 etiam
639 489 778 542 sunt
805 487 863 542 et
909 483 1206 550 mulieres,
1253 499 1376 553 quae
1423 483 1684 538 ecclesiis
1749 482 1834 538 vel
1893 483 2073 538 sacris

2189 475 2516 546 Λαυϊδικῶν,
2568 476 2767 537 εὐθέως
2819 477 3143 552 καθῄρηται.
3189 478 3444 534 Τοιαῦταί
3494 481 3594 535 εἶσι
3638 483 3727 537 καὶ
3773 479 3837 536 αἱ

435 577 790 650 imaginibus
821 575 1079 632 assident
1125 579 1180 628 et
1207 589 1275 627 ex
1333 572 1424 627 his
1477 589 1537 627 se
1605 573 1799 628 futura
1863 589 2074 645 cogno-

428 683 589 726 scere
619 681 783 738 aeque
820 681 886 719 ac
918 662 1224 735 praedicere
1265 663 1586 727 affirmant,
1637 679 1752 718 non
1807 679 1978 718 secus
2011 678 2076 718 ac

429 774 556 830 que
587 755 725 811 olim
758 753 1037 826 Pythonis
1066 751 1340 823 spiritum
1364 751 1715 807 habuerunt.
1748 750 1826 806 De
1846 751 1937 806 his
1957 768 2076 806 om-

429 845 607 900 nibus
639 841 780 898 dicit
809 841 1042 896 divinus
1085 840 1558 912 Chrysostomus,
1607 841 1834 895 etiamsi
1863 844 2076 896 sancta:

429 932 729 990 Trinitatis
754 945 964 985 nomen
988 927 1276 998 ejusmodi
1301 929 1630 984 actionibus
1652 929 2076 998 admisceatur,

426 1023 537 1079 etsi
568 1021 754 1078 sancti
787 1020 961 1076 etiam
995 1020 1349 1087 invocentur,
1385 1021 1445 1072 et
1468 1018 1718 1088 lsignum
1759 1019 1950 1074 crucis
1981 1019 2078 1074 in-

428 1127 602 1186 super
650 1111 1068 1178 interponatur,
1113 1107 1308 1178 fugere
1357 1110 1551 1161 tamen
1600 1123 1668 1162 ea
1719 1125 1821 1162 nos
1870 1108 2079 1162 debere

429 1206 487 1256 et
513 1199 763 1256 aversari
799 1215 813 1252 :
862 1202 919 1252 et
969 1199 1025 1251 in
1059 1197 1127 1249 2t
1178 1195 1437 1262 bomilia,
1471 1194 1600 1250 libri
1637 1197 1712 1249 De
1739 1197 2075 1259 simulacris,

431 1295 495 1344 ut
523 1295 582 1344 et
611 1290 670 1344 in
699 1289 735 1342 6
764 1295 959 1342 contra
979 1285 1207 1341 Judaeos
1241 1283 1499 1351 humilia,
1533 1301 1644 1340 non
1677 1286 1866 1341 obiter
1894 1286 1966 1340 de
1990 1284 2078 1340 his

430 1377 797 1450 triumphum
831 1374 967 1446 agit.

501 1580 824 1639 Vicesimus
856 1583 1096 1653 quartus
1129 1586 1440 1652 Ancyranaa
1488 1579 1693 1652 synodi
1740 1580 2076 1652 quinquen-

436 1672 516 1728 nii
548 1687 731 1744 pmnae
767 1670 1004 1740 subiicit
1035 1686 1133 1726 eos
1170 1670 1270 1742 qui
1313 1669 1574 1741 gentium
1623 1669 2082 1724 consuetudines

436 1762 565 1818 sine
613 1761 768 1816 I14
821 1760 1039 1817 ratione
1089 1767 1422 1830 sequentes,
1465 1758 1526 1814 in
1583 1776 1722 1814 suas
1779 1760 1930 1814 ardes
1978 1776 2082 1814 va-

2179 573 2300 629 ταῖς
2366 565 2685 636 ἐκκλησίαις
2730 566 2765 635 ἢ
2815 571 2934 627 ταῖς
2979 566 3161 642 ἁγίαις
3219 567 3388 622 εἷ’κόσι
3440 569 3841 644 προσεδρεύου-

2183 677 2271 710 σαι
2316 659 2586 731 γυναῖκες,
2637 654 2740 709 κὰκ
2794 654 3008 710 τούτων
3073 655 3486 730 ἷσχυριζόμεναι
3545 661 3844 732 γινώσκειν

2185 744 2343 817 δῆθεν
2393 745 2458 801 τά
2510 744 2784 818 μέλλοντα
2832 745 2922 801 καὶ
2971 745 3282 821 προλέγειν,
3338 749 3474 804 κατά
3519 751 3614 812 τάς
3661 751 3846 805 πάλαι

2183 840 2396 909 πνεῦμα
2474 835 2728 896 Πύθωνος
2806 834 3060 910 ἐχούσας.
3129 838 3257 910 Περί
3328 840 3543 892 τούτων
3619 839 3848 894 πάντων

2184 925 2348 1000 φησὶν
2404 925 2432 979 ὁ
2487 925 2633 985 θεῖος
2693 923 3106 998 Χρυσόστομος,
3165 924 3268 994 ὅτι,
3330 925 3426 981 κᾶν
3494 935 3594 996 τῆς
3674 927 3847 1002 ἁγίας

2183 1009 2416 1086 Τριάδος
2449 1010 2626 1084 ὄνομά
2654 1009 2982 1086 ἐπιλέγηται
3030 1019 3149 1075 τοῖς
3195 1013 3492 1086 τοιούτοις,
3522 1017 3618 1070 κᾶν
3666 1016 3848 1091 ἁγίων

2183 1103 2432 1174 γίνωνται
2482 1099 2823 1170 ἐπικλήσεις,
2884 1101 2980 1156 κᾶν
3038 1103 3101 1156 τὸ
3165 1109 3392 1176 σημεῖον
3445 1109 3540 1158 τοῦ
3601 1109 3848 1180 σταυροῦ

2187 1190 2478 1266 ἐπείγηται,
2509 1191 2728 1266 φεύγειν
2760 1187 2844 1244 δεῖ
2879 1194 2944 1244 τά
2990 1195 3216 1246 τοιαῦτα
3263 1193 3351 1246 καὶ
3402 1194 3802 1258 ἀποτρέπεσθαι
3827 1213 3842 1226 ·

2185 1277 2332 1335 ἀλλά
2378 1281 2466 1333 καὶ
2513 1279 2566 1334 ἐν
2619 1283 2702 1351 τῷ
2746 1279 2980 1353 εἰκοστῷ
3026 1282 3230 1358 πρώτῳ
3281 1281 3430 1358 λόγῳ
3467 1288 3564 1338 τοῦ
3614 1281 3842 1357 βιϐλίου

2187 1375 2313 1425 τῶν
2357 1367 2800 1444 ἀνδριάντων,
2830 1367 2994 1426 ἔτιδὲ
3023 1372 3110 1426 καὶ
3139 1371 3192 1426 ἐν
3219 1377 3300 1445 τῷ
3333 1378 3373 1427 ε’
3399 1378 3506 1428 τῶν
3534 1375 3672 1449 πρὸς
3703 1377 3839 1432 Ἰου-

2189 1457 2372 1520 δαίους
2397 1459 2606 1536 λόγων,
2639 1459 2702 1513 οὐ
2730 1460 3013 1535 παρέργως
3041 1457 3358 1536 θριαμϐεύει
3401 1463 3466 1517 τὰ
3497 1463 3724 1520 τούτων.

2257 1586 2320 1643 Ὁ
2370 1582 2427 1640 δὲ
2472 1584 2557 1640 κδ’
2597 1587 2700 1654 τῆς
2767 1584 2820 1640 ἐν
2875 1586 3116 1662 Ἀγκύρᾳ
3170 1584 3395 1642 συνόδου
3473 1588 3560 1643 ἐπὶ
3614 1609 3853 1643 πενταε-

2187 1673 2305 1730 τίαν
2354 1672 2604 1748 ἐπιτιμᾷ,
2635 1674 2687 1729 οἳ
2745 1672 2812 1743 δὴ
2842 1679 2960 1736 ταῖς
3009 1679 3117 1729 τῶν
3152 1673 3316 1731 ἐθνῶν
3349 1677 3655 1748 συνηθείαις
3703 1677 3851 1733 ἀλο-

2187 1765 2383 1840 γίστως
2431 1765 2880 1834 ἀκολουθοῦντες,
2915 1765 2992 1826 εἷς
3039 1766 3168 1828 τοὺς
3215 1766 3418 1822 ἑαυτῶν
3468 1766 3652 1828 οἴκους
3704 1769 3850 1840 μάν-

436 1856 524 1908 tes
553 1853 622 1907 ad
660 1851 916 1923 magicas
965 1854 1120 1906 artes
1161 1857 1218 1904 et
1267 1849 1694 1905 medicamenta
1735 1850 2073 1905 invenienda

2189 1876 2298 1918 τεις
2368 1857 2675 1931 εἰσάγουσιν
2750 1855 2836 1910 ἐπὶ
2913 1855 3178 1929 ἀναιρέσει
3237 1853 3394 1926 δῆθεν
3456 1861 3696 1932 μαγειῶν
3749 1859 3845 1912 καὶ

443 1942 844 2008 introducunt,
892 1959 922 1996 a
959 1941 1060 1996 tali
1111 1939 1544 1996 abominatione
1589 1940 1825 1994 domum
1877 1955 1940 1994 se
1987 1956 2082 1994 ex-

439 2032 702 2100 piaturos
737 2029 1125 2102 promittendo
1155 2045 1170 2085 :
1211 2029 1345 2099 quia
1375 2032 1620 2100 aegrotos
1650 2044 1719 2084 ex
1750 2028 1841 2083 his
1869 2043 1932 2084 se
1964 2027 2086 2082 ﬁeri

439 2121 827 2191 suspicantur,
857 2123 914 2174 et
939 2119 1142 2174 morbo
1181 2118 1460 2172 diuturno
1509 2117 1742 2187 subjici,
1772 2117 1860 2173 vel
1907 2118 2088 2173 amis-

447 2225 511 2263 sa
531 2207 794 2278 quaedam
842 2205 1099 2262 indicare
1150 2221 1341 2275 posse.
1404 2203 1614 2260 Iisdem
1677 2205 1864 2275 pmnis
1903 2205 2088 2274 subji-

447 2298 679 2352 ciuntur
709 2295 804 2368 qui
841 2293 1318 2350 incantatricibus
1373 2294 1544 2348 fidem
1591 2293 1892 2361 adhibent,
1929 2298 1987 2348 et
2017 2292 2088 2348 iis

447 2387 547 2457 qui
574 2402 638 2440 ex
663 2385 878 2440 hordeo
911 2385 1193 2441 divinant.

519 2599 684 2655 Hunc
704 2613 836 2652 cans
861 2596 1137 2654 verbatim
1187 2596 1390 2654 recitat
1430 2597 1604 2654 etiam
1636 2597 1709 2654 83
1744 2599 1936 2668 magni
1982 2597 2093 2652 Ba—

451 2688 566 2745 silii
588 2703 770 2743 canon
796 2707 811 2755 ;
846 2685 940 2742 hic
956 2690 1150 2742 autem
1178 2689 1246 2742 ad
1271 2687 1608 2742 sexennium
1635 2704 1822 2759 usque
1843 2687 1942 2742 tali
1968 2703 2088 2742 ma-

443 2779 497 2834 lo
526 2776 917 2849 deprehensos
956 2777 1249 2843 extendit;
1283 2775 1418 2846 quia
1448 2777 1546 2847 qui
1580 2776 1759 2832 semel
1793 2780 2084 2847 errarunt,

443 2873 643 2939 postea
663 2882 794 2922 vero
825 2882 860 2922 a
888 2865 1042 2921 malo
1071 2864 1382 2932 desistunt,
1419 2864 1612 2921 minus
1645 2866 1978 2936 punientur.

515 3075 876 3132 Tricesimus
905 3083 1098 3132 sextus
1146 3076 1376 3132 Laodic.
1429 3093 1556 3145 syn.
1591 3079 1937 3150 sacerdotes,
1986 3082 2086 3152 qui

440 3171 579 3220 sunt
610 3166 783 3235 magi,
825 3170 884 3220 et
919 3165 1330 3236 incentatores,
1370 3170 1471 3221 aut
1529 3167 1942 3237 mathematici,
1975 3176 2077 3226 aut

439 3254 734 3325 astrologi,
783 3258 886 3308 aut
928 3270 1056 3324 quae
1105 3253 1375 3309 dicuntur
1431 3253 1786 3326 phylacteria
1836 3259 2076 3326 faciunt,

439 3341 677 3397 omnino
697 3356 765 3396 ex
792 3339 1038 3396 ecclesia
1067 3340 1196 3410 ejici
1231 3342 1508 3398 decernit.
1541 3343 1610 3398 Et
1659 3345 1810 3417 magi
1839 3347 2074 3418 quidem

437 3437 592 3497 sunt,
623 3429 723 3499 qui
753 3430 1066 3493 daamones,
1101 3429 1388 3486 beneﬁcos
1429 3429 1668 3501 scilicet,
1703 3433 1972 3490 invocant
2001 3435 2076 3491 ad

438 3517 572 3572 boni
621 3516 870 3586 alicujus
915 3517 1333 3589 operationem,
1383 3535 1516 3574 eum
1567 3537 1766 3576 omnes
1815 3524 1934 3578 sint
1963 3525 2073 3581 ho-

436 3606 658 3662 micidaa
678 3612 736 3660 et
765 3605 900 3660 mali
931 3621 1219 3662 suasores.
1275 3605 1677 3664 lncantatores
1709 3620 1901 3667 autem
1932 3619 2074 3669 sunt

436 3695 904 3766 przestigiatores,
936 3695 1033 3766 qui
1068 3711 1164 3766 per
1207 3697 1630 3754 incantationes
1679 3702 1970 3759 daemones
1999 3705 2070 3760 ad

433 3801 602 3840 suam
632 3784 985 3839 voluntatem
1040 3784 1304 3850 trahunt;
1338 3801 1405 3840 ac
1445 3787 1592 3842 feras
1623 3789 1798 3844 etiam
1841 3796 1898 3846 et
1941 3809 2070 3863 rep-

433 3875 561 3931 tilia
590 3873 943 3939 devinciunt,
973 3872 1115 3927 adeo
1148 3878 1209 3926 ut
1233 3875 1498 3942 jumento
1542 3877 1680 3932 foris
1713 3882 2069 3950 pcrnoctanti

437 3962 744 4034 perniciem
777 3961 979 4016 atferre
1019 3977 1130 4014 non
1165 3961 1410 4032 possint.
1471 3968 1646 4021 Porro
1706 3976 1759 4022 et
1807 3969 1900 4024 alii
1951 3988 2070 4026 ser-

437 4057 642 4124 pentes
689 4051 1008 4117 incantant,
1065 4067 1214 4120 quos
1264 4052 1437 4106 etiam
1499 4055 1770 4111 manibus
1813 4062 2072 4116 tractan-

434 4147 519 4197 tes
548 4141 673 4196 sine
705 4155 900 4194 morsu
924 4138 998 4193 ab
1028 4138 1145 4192 illis
1202 4143 1259 4194 et
1298 4139 1466 4196 malis
1496 4143 1848 4213 impatibiles
1887 4163 2074 4204 rema-

436 4234 609 4295 nent;
645 4227 1293 4296 mathematicideinde,
1337 4231 1434 4300 qui
1485 4233 1801 4303 opinantur
1833 4253 2074 4308 corpora

434 4317 684 4374 cmlestia
713 4317 926 4372 habere
954 4315 1210 4372 universi
1245 4317 1724 4382 dominationem,
1762 4325 2072 4400 omniaque

435 4411 632 4463 nostra
654 4407 725 4462 ab
755 4421 952 4461 eorum
996 4410 1154 4461 motu
1203 4407 1623 4468 administrari.
1666 4411 2073 4472 Mathematica

432 4497 676 4552 scientia
705 4496 763 4551 in
793 4495 916 4550 haec
954 4495 1068 4550 duo
1119 4494 1412 4565 dividitur,
1463 4503 1877 4558 astronomiam
1909 4505 2073 4560 scili-

2194 1951 2561 2025 φαρμακειῶν,
2595 1947 2668 2007 ὡς
2725 1944 2785 2000 ἃν
2844 1950 2942 2000 τοῦ
2994 1947 3246 2001 τοιούτου
3299 1947 3503 2020 μύσους
3545 1947 3847 2022 ὲκκαθάραι

2192 2037 2286 2090 τὸν
2337 2036 2484 2090 οἶκον
2536 2036 3040 2110 ὑπισχνουμένουςο
3084 2038 3176 2090 οἷα
3225 2035 3568 2098 κλινοπετεῖς
3616 2039 3849 2100 ἑαυτοὺς

2197 2123 2256 2178 ἐκ
2301 2125 2505 2178 τούτων
2570 2124 2963 2185 ὑποπτεύοντες
3010 2126 3304 2199 γεγονέναι,
3355 2125 3443 2179 καὶ
3501 2127 3648 2198 νόσῳ
3705 2146 3850 2199 χροο

2195 2215 2284 2284 vi;
2316 2217 2760 2289 κατεργασθῆναι,
2791 2214 2825 2282 ἢ
2857 2213 2947 2268 καί
2995 2235 3114 2268 τινα
3169 2219 3279 2268 τῶν
3319 2213 3694 2286 ἀπωλομένων
3743 2213 3843 2269 δυ-

2196 2303 2455 2376 ναμένους
2504 2303 2888 2376 καταμηνύειν.
2937 2307 3065 2364 Τοῖς
3109 2302 3292 2364 αὐτοῖς
3347 2304 3649 2377 ἐπιτιμίοις
3700 2304 3849 2358 ὑπό-

2196 2413 2397 2448 κεινται
2445 2393 2534 2448 καὶ
2585 2393 2636 2446 οἱ
2683 2394 3061 2467 γοητευτρίαις
3108 2394 3569 2471 πσοσερχόμενοι,
3599 2395 3686 2448 καὶ
3717 2399 3844 2456 ταῖς

2203 2503 2335 2556 μετα
2365 2486 2565 2558 κριθῶν
2601 2482 3048 2555 μαντευομέναις.

2265 2603 2464 2654 Τοῦτον
2509 2599 2646 2654 κατά
2701 2599 2854 2672 ῥῆμα
2907 2601 2999 2652 τὸν
3056 2597 3253 2652 κανόνα
3310 2596 3526 2668 διέξεισι
3565 2599 3654 2652 καὶ
3687 2602 3846 2654 ὁτοῦ

2201 2687 2446 2766 μεγάλου
2480 2688 2771 2746 Βασιλείου
2795 2690 2881 2762 πγ¹
2904 2710 2917 2722 ·
2957 2687 3104 2756 πλὴν
3137 2689 3292 2750 οὗτος
3323 2689 3412 2743 καὶ
3461 2690 3656 2764 μέχρις
3698 2691 3846 2760 ἑξαε.

2197 2783 2316 2843 τίας
2345 2782 2472 2841 τοὺς
2500 2777 3020 2854 καταχρησαμένοὺς
3059 2783 3139 2851 τῷ
3181 2778 3417 2849 τοιούτῳ
3466 2783 3619 2851 κακῷ
3660 2800 3844 2854 παρα-

2193 2872 2374 2938 τείνει,
2420 2868 2558 2924 ὥστε
2605 2870 2655 2923 οἱ
2704 2869 2841 2938 ἅπαξ
2894 2867 3284 2938 πλανηθέντες,
3327 2867 3442 2923 εἶτα
3504 2872 3600 2923 τοῦ
3667 2874 3843 2924 κακοῦ

2195 2961 2542 3026 ἀποστάντες,
2574 2956 2874 3017 ἐλαττόνως
2906 2955 3047 3012 ἐπιτι
3059 2959 3310 3029 μηθήσον
3320 2978 3421 3012 ται.

2263 3077 2325 3134 '0
2383 3073 2441 3130 δὲ
2495 3080 2595 3143 τῆς
2655 3071 2706 3128 ἐν
2763 3069 3057 3144 Λαοδικείᾳ
3113 3071 3194 3136 λς’
3250 3071 3572 3147 κληρικοὺς,
3626 3074 3836 3147 μάγους

2195 3161 2376 3232 ὄντας,
2419 3164 2512 3218 καὶ
2561 3159 2875 3231 ἐπαοιδοὺς,
2917 3161 2951 3231 ἢ
3005 3161 3442 3234 μαθημάτικοῦς,
3488 3164 3523 3232 ἢ
3564 3162 3838 3236 ἀστρολό-

2189 3276 2345 3330 γους,
2375 3253 2411 3324 ἢ
2452 3255 2518 3308 τά
2564 3251 2833 3327 λεγόμενα
2881 3255 3175 3312 ποιοῦντας
3219 3250 3586 3327 φυλακτήρια,
3627 3252 3829 3306 παντά-

2187 3365 2315 3398 πασι
2367 3349 2468 3411 τῆς
2514 3339 2808 3411 ἐκκλησίας
2872 3338 3297 3415 ἀπορρίπτεσθαι
3364 3336 3694 3413 διορίζεται³
3740 3343 3829 3396 καὶ

2191 3433 2358 3507 μάγοι
2392 3431 2486 3503 μέν
2524 3429 2656 3484 εἶσιν
2707 3429 2763 3482 οἱ
2809 3425 3073 3502 δαίμονας
3102 3427 3466 3505 ἀγαθοποιοὺς
3506 3425 3663 3496 δῆθεν
3707 3429 3836 3484 ἐπι-

2186 3519 2514 3593 καλούμενοι
2602 3519 2738 3591 πρὸς
2822 3519 3029 3594 ἀγαθοῦ
3103 3538 3250 3579 τινος
3327 3517 3597 3586 σύστασιν,
3646 3518 3828 3572 καίτοι

2190 3609 2511 3686 μιαιφόνους
2550 3609 2750 3670 πάντας
2794 3607 2885 3664 καὶ
2954 3605 3260 3683 ἀλάστορας
3309 3603 3464 3668 ὄντας
3511 3611 3580 3679 τῇ
3627 3628 3829 3682 προαι-

2187 3701 2347 3775 ρέσει.
2379 3697 2658 3754 Ἐπαοιδοὶ
2716 3694 2792 3766 δὲ,
2826 3697 2876 3750 οἱ
2931 3696 3145 3772 γόητες,
3176 3697 3228 3750 οἱ
3288 3693 3355 3751 δι’
3410 3693 3637 3768 ἐπῳδῶν
3695 3701 3824 3760 τοὺς

2185 3786 2445 3861 δαίμονας
2477 3785 2835 3864 ἐφελκόμενοι
2876 3787 3010 3860 πρὸς
3057 3785 3123 3840 τά
3165 3784 3339 3840 οἰκεῖα
3392 3786 3696 3859 θελήματα,
3730 3787 3824 3840 καὶ

2183 3879 2347 3953 θηρία
2390 3873 2847 3948 καταδεομοῦντες
2876 3876 2964 3930 καὶ
3010 3875 3203 3948 ἑρπετά
3240 3875 3376 3950 πρὸς
3421 3876 3482 3929 τὸ
3529 3876 3605 3948 μή
3641 3876 3820 3948 λυμή.

2181 3969 2363 4022 νασθαι
2411 3966 2473 4020 τὸ
2523 3972 2720 4034 κτῆνος
2762 3965 2954 4038 τυχὸν,
2984 3961 3084 4033 ἔξω
3131 3985 3236 4018 που
3284 3964 3477 4025 νυκτὸς
3525 3963 3824 4038 αὺλιςόμεο

2180 4073 2303 4110 νον⁸
2368 4052 2514 4109 ἀλλά
2573 4053 2664 4108 καὶ
2722 4051 2871 4130 ὄφεις
2926 4049 3102 4128 ἕτεροι
3164 4051 3680 4126 καταγοητεύουσιν,
3730 4053 3824 4114 οῦς

2181 4165 2280 4220 περ
2323 4142 2388 4212 δὴ
2440 4142 2527 4198 καὶ
2581 4143 3114 4218 μεταχειριζόμενοι,
3144 4139 3375 4210 ἀδηκτοι
3419 4140 3470 4211 ἐξ
3511 4141 3688 4196 αὐτῶν
3730 4145 3824 4198 καὶ

2180 4234 2402 4294 ἀπαθεῖς
2465 4235 2646 4287 κακῶν
2693 4227 3027 4300 διαμένουσι.
3079 4231 3466 4303 Μαθηματικοὶ
3513 4228 3593 4297 δὲ,
3645 4233 3696 4285 οἱ
3755 4235 3826 4288 τά

2182 4321 2400 4397 οὐρανιά
2454 4321 2680 4393 σώματα
2731 4317 3050 4389 δοξάζοντες
3104 4314 3252 4394 ἔχειν
3307 4320 3404 4386 τὴν
3465 4323 3562 4373 τοῦ
3619 4323 3823 4383 παντὸς

2179 4410 2494 4484 κυριότητα,
2527 4409 2617 4462 καὶ
2663 4408 2802 4463 κατά
2841 4409 2942 4476 τήν
2981 4407 3188 4477 κίνησιν
3240 4407 3446 4462 τούτων
3498 4406 3823 4464 διοικεῖσθαι

2177 4501 2243 4554 τὰ
2273 4500 2391 4554 καθ’
2423 4500 2592 4571 ἡμᾶς.
2625 4499 2697 4552 Τά
2736 4495 2793 4552 δὲ
2830 4503 2930 4566 τῆς
2966 4498 3352 4569 μαθηματικῆς
3395 4495 3700 4572 ἐπιστήμης
3743 4498 3822 4562 εἷς

431 4591 523 4643 cet
551 4590 608 4641 et
634 4583 1016 4654 astrologiam.
1049 4582 1112 4637 Et
1159 4583 1259 4639 illa
1299 4585 1535 4656 quidem
1567 4591 1788 4645 sanctis
1845 4609 2073 4664 quoque

2189 4587 2280 4644 δύο
2322 4592 2492 4643 ταῦτα
2538 4584 2818 4660 διῄρηται,
2866 4587 3225 4660 ἀστρονομίαν
3265 4585 3355 4641 καὶ
3403 4586 3766 4662 ἀστρολογίαν
3803 4608 3820 4622 ⁸

432 4691 708 4732 concessa
736 4680 842 4739 est,
873 4689 1001 4743 quin
1023 4672 1342 4728 cmleslium
1367 4676 1627 4732 omnium
1651 4680 1994 4749 positionem
2014 4688 2072 4738 et

433 4768 652 4822 motum
685 4762 869 4827 docet,
896 4763 960 4814 ut
997 4762 1170 4816 etiam
1216 4763 1547 4819 ordinatum
1589 4783 1788 4823 eorum
1840 4775 2071 4826 contex-

426 4862 552 4912 tum
585 4857 642 4908 et
669 4850 1029 4906 distantiam.
1062 4851 1388 4923 Astrologia
1418 4858 1630 4922 autem,
1655 4856 1762 4911 hoc
1784 4864 1892 4924 est,
1916 4861 2070 4914 exin-

429 4947 498 4999 de
524 4939 836 5016 prasdictio,
867 4939 992 4995 coeli
1027 4941 1363 4995 mansiones
1395 4945 1696 5013 percurrit,
1721 4952 1776 5001 et
1807 4949 2068 5005 futurum

425 5047 805 5104 cognoscens,
827 5045 1194 5100 nequaquam
1229 5032 1444 5086 sanctis
1476 5032 1746 5090 Patribus
1799 5039 2071 5094 concedi-

427 5130 540 5183 tur.
571 5121 709 5192 quia
730 5117 1112 5190 simpliciores
1134 5120 1386 5175 maxime
1407 5138 1598 5177 errare
1617 5123 1774 5194 facit,
1797 5132 1854 5182 et
1876 5129 2069 5196 genesi

425 5222 479 5268 et
510 5215 622 5266 l'ato
649 5208 1083 5266 conﬁdereillos
1106 5209 1425 5280 compellit.
1450 5213 1740 5284 Astrologi
1767 5221 1955 5274 autem
1984 5219 2070 5274 di-

426 5305 634 5356 cuntur
651 5297 748 5371 qui
781 5298 1108 5353 dmmonum
1133 5298 1349 5355 auxilio
1373 5300 1557 5371 adjuti
1589 5319 1656 5357 cx
1677 5306 1848 5362 astris
1872 5312 1932 5362 ut
1958 5309 2070 5362 diis

425 5388 706 5446 divinant.
762 5389 1020 5455 Quatuor
1065 5391 1258 5443 autem
1311 5397 1447 5444 sunt
1495 5389 1626 5446 libri
1677 5395 2070 5452 mathematici

425 5477 766 5548 nuncupati,
821 5475 1210 5544 arithmetica,
1298 5479 1542 5548 musica,
1620 5485 1951 5554 geometria,
2010 5492 2068 5542 et

423 5566 802 5624 astronomia.
824 5565 950 5621 Non
983 5566 1111 5622 illos
1143 5566 1522 5640 igiturlegere
1553 5574 1703 5628 vetat
1733 5590 1940 5642 canon,
1965 5576 2065 5630 sed

422 5653 674 5718 nimium
695 5653 755 5714 in
777 5652 850 5712 iis
879 5655 1140 5714 studium
1166 5655 1480 5729 adhibere;
1513 5661 1720 5718 etcum
1743 5663 2066 5720 caelestium

2181 4677 2270 4733 καὶ
2383 4676 2476 4749 μὲν
2517 4677 2606 4730 καὶ
2653 4680 2768 4736 τοῖς
2819 4675 2992 4749 ἁγίοις
3035 4676 3218 4738 αὐτοῖς
3258 4677 3696 4752 συγκεχώρηται,
3730 4680 3822 4733 ἅτε

2177 4767 2276 4835 τήν
2307 4770 2414 4821 τῶν
2456 4763 2722 4838 οὐρανίων
2769 4763 3020 4819 ἁπάντων
3068 4761 3394 4820 διδάσκουσα
3438 4765 3580 4820 θέσιν
3623 4787 3681 4821 τε
3727 4770 3819 4822 καὶ

2176 4854 2413 4926 κίνησιν,
2443 4853 2532 4908 καὶ
2564 4855 2662 4924 τὴν
2693 4852 2942 4907 εὔτακτον
2971 4851 3125 4916 αὖθις
3157 4854 3335 4908 αὐτῶν
3366 4853 3695 4926 συμπλοκὴν
3725 4857 3818 4910 καὶ

2181 4941 2452 4998 διάστασιν
2479 4959 2492 4972 ·
2527 4945 2561 5012 ἡ
2596 4941 2651 4996 δὲ
2683 4939 3034 5017 ἀστρολογία,
3066 4943 3336 4996 τουτέστιν
3365 4945 3399 5012 ἡ
3433 4942 3629 4998 ἐκεῖθεν
3679 4965 3820 5018 προ-

2183 5032 2489 5105 μάντευσις,
2545 5032 2636 5086 καὶ
2710 5033 2828 5084 καθ’
2882 5031 3070 5104 εἱρμὸν
3137 5029 3296 5101 δῆθεν
3369 5037 3476 5086 τῶν
3551 5033 3814 5107 οὐρανίων

2178 5119 2516 5190 ἐκϐαίνουσα,
2582 5121 2672 5176 καὶ
2728 5122 2790 5176 τὸ
2865 5120 3071 5194 μέλλον
3135 5121 3497 5198 γνωρίζουσα,
3569 5120 3818 5196 οὐδαμοῦ

2177 5220 2294 5276 τοῖς
2363 5213 2630 5288 Πατράσιν
2710 5208 3006 5281 ἐκδέδοται,
3069 5212 3165 5266 όίτε
3225 5213 3352 5273 τοὺς
3415 5212 3822 5288 ἁπλουστέρους

2179 5305 2381 5382 γενέσει
2443 5323 2501 5358 τε
2574 5302 2660 5356 καὶ
2740 5301 3040 5376 εἱμαρμένῃ
3117 5303 3408 5380 προσέχειν
3485 5307 3818 5378 καταναγκά-

2183 5399 2383 5462 (oua:-
2440 5391 2530 5446 καὶ
2615 5389 2967 5464 ἀστρολόγοι,
3053 5390 3104 5444 οἱ
3181 5389 3454 5466 συνεργείᾳ
3538 5391 3814 5462 δαιμόνων

2186 5483 2568 5556 μαντευόμενοι
2627 5478 2697 5535 δι’
2754 5479 3012 5554 ἀστέρων,
3071 5481 3160 5534 καὶ
3231 5481 3324 5535 οἶα
3395 5483 3539 5544 θεοῖς
3599 5481 3816 5545 τούτοις

2181 5569 2570 5647 προσέχοντες.
2621 5567 2857 5642 Τέσσαρα
2914 5565 2970 5622 δέ
3027 5567 3129 5621 εἶσι
3185 5568 3249 5622 τὰ
3311 5568 3578 5644 λεγόμενα
3640 5571 3820 5642 μαθη-

2184 5661 2382 5736 ματικά
2436 5653 2631 5736 βιϐλία
2667 5677 2681 5692 ο
2741 5657 3101 5734 ἀριθμητική,
3168 5659 3423 5732 μουσικὴ,
3483 5659 3818 5740 γεωμετρία.
