4060 6228
211 394 287 454 13
1233 391 1658 454 SYNTAGMA
1703 386 2328 452 ALPHABETICUM.
2375 421 2453 435 -—
2495 388 2578 451 M.
3521 402 3598 461 14

203 524 292 577 καὶ
352 526 699 602 ἀστρονομία.
762 523 838 580 Οὐ
893 526 1060 578 ταῦτα
1116 523 1293 578 τοίνυν
1350 523 1380 578 ὃ
1437 523 1611 578 κανὼν
1661 525 1834 596 ἀναγι·

1957 522 2210 579 motibus
2240 528 2441 580 nostra
2472 541 2702 598 quoque
2733 527 3049 602 circumagi
3080 531 3334 603 credere,
3360 538 3418 590 et
3449 535 3604 592 futu-

202 615 432 670 νώονιειν
473 615 733 690 ἀπείργει,
768 612 920 669 ἀλλά
964 613 1026 668 τὸ
1059 614 1360 690 περιέργως
1405 613 1588 675 αὐτοῖς
1637 619 1844 688 κεχρῆο

204 704 352 776 σθαι,
412 704 500 758 καὶ
562 710 678 766 ταῖς
747 707 856 758 τῶν
937 700 1196 776 οὐρανίων
1263 704 1506 774 κινήσεσι
1574 702 1843 756 πιστεύειν

1955 627 2015 667 ra
2062 613 2328 683 quaedam
2383 631 2850 688 praecognoscere
2891 617 3242 694 existimare,
3282 625 3436 694 quod
3496 641 3603 682 ue-

1955 701 2212 758 cessario
2235 703 2428 760 futura
2453 705 2573 762 sint
2601 721 2668 762 ex
2695 705 2794 764 illo
2827 711 3112 765 astrorum
3145 715 3330 769 motu.

200 794 687 873 συμπεριφέρεσθαι
733 793 803 848 τὰ
847 792 1112 868 ἡμέτερα,
1157 790 1244 846 καί
1295 812 1414 846 τινα
1460 796 1566 846 τῶν
1619 791 1887 863 ἐσομένων
1939 787 2148 846 οίεσθαι
2197 789 2616 868 προγινώσκειν,
2667 794 2742 857 ὡς
2780 793 2831 865 ἐξ
2883 795 3117 874 ἀνάγκης
3167 797 3601 876 συμϐησομένων

201 883 348 958 παρά
371 885 472 955 τήν
496 881 718 940 τοιάνδε
745 882 957 954 κίνησιν
984 885 1093 936 τῶν
1126 881 1382 956 ἀστέρων.

907 973 1149 1044 Νόμοι

265 1062 442 1138 Ταύτῃ
470 1084 559 1119 τοι
603 1063 696 1118 καὶ
746 1063 774 1118 ὁ
824 1060 995 1134 νόμος
1025 1059 1187 1136 φησίν
1221 1078 1236 1093 ·
1287 1063 1350 1116 Ἦ
1395 1061 1488 1133 μέν
1539 1059 1849 1135 γεωμετρία

200 1151 439 1226 δημοσίᾳ
478 1151 791 1208 διδάσκεται
824 1171 839 1183 ·
881 1153 916 1220 ἡ
966 1147 1022 1206 δέ
1071 1151 1434 1224 μαθηματική
1474 1149 1848 1224 κατακρίνεται

201 1244 270 1304 ὡς
300 1243 762 1320 ἀπηγορευμένη.

265 1335 323 1388 '0
356 1331 415 1388 δέ
459 1331 632 1409 μέγας
665 1330 950 1392 Βασίλειος
990 1327 1042 1384 ἐν
1077 1333 1157 1401 τῷ
1198 1332 1242 1399 ζ’
1282 1327 1465 1383 κανόνι
1505 1327 1846 1406 φαρμακοὺς,

201 1425 286 1478 καὶ
318 1422 750 1498 εἱδωλολάτρας,
773 1422 862 1476 καὶ
895 1425 1078 1498 φονεῖς
1110 1420 1185 1484 είς
1204 1417 1407 1476 ε’ίκοσιν
1437 1418 1532 1492 ἔτη
1557 1417 1846 1476 καταδικά-

207 1522 275 1584 ζει
311 1536 323 1548 ·
355 1514 600 1588 μοιχοὺς
643 1511 722 1585 δέ,
751 1512 841 1567 καὶ
881 1510 1334 1590 ἀρῥενοφθόρους,
1365 1509 1457 1565 καὶ
1500 1510 1845 1588 ζωοφθόρους

206 1604 274 1665 είς
297 1605 376 1671 ιε’,
402 1599 817 1676 είδωλολάτρας
849 1599 1021 1675 λέγων
1043 1599 1104 1654 οὖ
1133 1600 1264 1661 τοὺς
1293 1595 1595 1673 προδήλως
1619 1591 1845 1666 ἀσεϐεῖι,

203 1689 342 1748 ἀλλά
369 1692 501 1753 τοὺς
545 1689 686 1763 μετά
721 1690 783 1745 τὸ
817 1689 1100 1762 βάπτισμα
1137 1686 1394 1764 γοητείας
1439 1688 1724 1761 μετιόντας
1754 1683 1846 1742 καὶ

208 1781 474 1853 μαντείας.
504 1779 726 1856 Τρόπον
778 1778 882 1853 γάρ
924 1799 1045 1834 τινα
1093 1775 1565 1851 είδωλολατροῦσι
1617 1774 1704 1831 καί
1753 1775 1846 1830 οὗ-

2723 977 2854 1034 Lex.

2029 1061 2390 1134 Quapropter
2427 1062 2516 1120 lex
2545 1063 2688 1120 dicit
2720 1065 3087 1127 :Geometria
3124 1070 3360 1142 quidem
3411 1073 3606 1146 publi-

1959 1167 2022 1208 ce
2045 1152 2322 1220 docetur;
2357 1155 2760 1212 mathematica
2783 1172 2916 1214 vero
2950 1161 3374 1218 condemnatur
3388 1167 3452 1220 ut
3471 1179 3605 1236 pro-

1967 1240 2173 1298 hibita.

2026 1335 2267 1404 Magnus
2325 1333 2572 1390 Basilius
2625 1335 2797 1391 etiam
2853 1337 2912 1392 in
2977 1337 3013 1391 7
3044 1355 3266 1397 canone
3318 1344 3607 1402 veneﬁcos

1957 1427 2013 1478 et
2031 1421 2385 1492 idololatras,
2409 1427 2467 1478 et
2485 1423 2808 1481 homicidas
2821 1427 2882 1482 in
2903 1427 3108 1500 viginti
3123 1447 3308 1488 annos
3326 1433 3606 1491 condem-

1959 1515 2097 1580 nat;
2133 1511 2428 1569 adulteros
2455 1529 2583 1569 vero
2616 1518 2673 1570 et
2721 1516 3116 1574 masculorum
3165 1524 3223 1576 et
3261 1522 3606 1580 animalium

1957 1600 2202 1658 initores
2231 1601 2293 1657 in
2322 1602 2694 1674 quindecim;
2719 1604 3058 1664 ldololatras
3095 1625 3308 1667 vocans
3337 1628 3453 1668 non
3485 1629 3610 1671 ma-

1959 1689 2163 1746 nifesto
2241 1689 2480 1764 impios,
2544 1693 2643 1748 sed
2706 1709 2829 1762 eos,
2887 1694 2990 1766 qui
3063 1705 3193 1768 post
3249 1699 3608 1772 baptismum

1959 1779 2286 1850 praestigias
2315 1787 2586 1838 exercent
2613 1787 2670 1838 et
2695 1783 2991 1840 vaticinia.
3025 1785 3172 1844 Nam
3215 1788 3409 1861 aliquo
3438 1793 3609 1850 modo

203 1893 306 1940 τοι,
351 1855 678 1940 ἐπικλήσεσι
723 1870 1006 1947 χρώμενοι
1057 1865 1377 1941 δαιμονίων,
1424 1867 1514 1920 καὶ
1563 1868 1664 1936 τήν
1711 1864 1834 1920 ἐκεί·

1961 1865 2118 1923 idola
2145 1867 2348 1924 colunt
2377 1867 2480 1938 illi,
2517 1870 2840 1927 daemonum
2871 1855 3338 1933 invocationibus
3360 1884 3607 1950 utentes,

204 1983 300 2014 νων
359 1963 655 2031 ζητοῦντες
704 1955 1040 2032 ἐπικουρίαν.
1093 1957 1156 2013 Οἱ
1211 1958 1306 2030 μὲν
1363 1957 1465 2033 γὰρ
1523 1955 1612 2010 ἀπ’
1665 1957 1844 2031 ἀρχῆς

207 2047 629 2123 εἰδωλολάτραι,
690 2050 1076 2121 μετανοοῦντες
1124 2047 1218 2102 καί
1275 2047 1693 2121 βαπτιζόμενοι,
1754 2045 1844 2099 εὖ·

208 2139 334 2200 θέως
378 2141 448 2202 τῆ
497 2138 624 2208 θείᾳ
668 2135 932 2208 κοινωνίᾳ
980 2137 1266 2210 προσίασιν
1304 2179 1316 2191 .
1368 2135 1420 2190 οἱ
1478 2132 1534 2189 δὲ
1590 2135 1724 2208 μετά
1779 2132 1844 2187 τὸ

210 2230 480 2301 βάπτισμα
517 2225 809 2286 τεθυκότες
851 2223 1127 2296 εἰδώλοις,
1170 2226 1416 2279 σύνοικον
1457 2221 1544 2278 διά
1587 2223 1708 2298 βίου
1746 2224 1845 2292 τὴν

211 2319 480 2389 μετάνοιαν
532 2313 852 2386 κέκτηνται,
903 2316 994 2368 καὶ
1050 2313 1172 2389 περὶ
1231 2313 1326 2376 τάς
1381 2333 1576 2368 τουτου
1635 2310 1842 2386 δυσμάς

207 2408 265 2461 τὸ
319 2412 458 2462 θεῖον
523 2405 706 2479 δῶρον
759 2399 1157 2477 λαμϐάνουσιν.
1219 2403 1423 2477 ’Ὠσπερ
1484 2400 1584 2476 ἄρα
1639 2401 1730 2456 καὶ
1790 2399 1840 2455 ἐν

360 2501 396 2550 ε’
451 2499 542 2550 τὸν
598 2493 855 2569 γοητείαν
1021 2491 1356 2569 φαρμακείαν
1432 2489 1840 2564 ἐξαγορεύοντα,

370 2590 428 2638 οὗ
493 2588 762 2645 ἑκουσίως
840 2583 1189 2660 φονεύσαντος
1272 2579 1524 2654 ὑπάγεται
1591 2581 1840 2652 κρίματι,

345 2685 380 2727 κ’
460 2674 652 2737 αὖτοὺς
709 2672 806 2743 ἔτη
881 2679 980 2740 τῆς
1036 2671 1322 2730 κοινωνίας
1395 2669 1689 2743 ἀπείργων,
1749 2667 1840 2722 καὶ

221 2761 358 2832 μάλα
387 2763 620 2825 εἰκότως.
661 2765 728 2818 Αἱ
783 2763 878 2834 μὲν
908 2761 1011 2837 γὰρ
1053 2765 1306 2834 γοητεῖαι
1357 2753 1630 2830 δαιμόνων
1669 2755 1837 2830 ἔχου-

215 2873 290 2905 σιν
335 2852 646 2924 ἐπικλήσεις
689 2854 1024 2917 κακοποιῶν,
1073 2851 1197 2924 περὶ
1259 2847 1387 2910 τοὺς
1443 2847 1645 2926 τάφους
1704 2847 1836 2900 ἐπα-

213 2939 444 3013 δομένας,
487 2943 628 2996 ὥστε
677 2943 792 2997 τινα
838 2941 1135 3016 παρεθῆναι
1177 2939 1244 2993 τὰ
1306 2935 1445 3011 μέλη
1507 2937 1694 3011 τυχὸν,
1745 2937 1836 2991 καὶ

210 3027 292 3085 διά
337 3032 454 3104 βίου
499 3029 922 3099 κατακλιθῆναι,
961 3028 1051 3082 καὶ
1094 3021 1328 3082 ἀϐίωτον
1381 3027 1528 3096 αυτῷ
1573 3026 1664 3079 τὸν
1719 3025 1833 3098 βίον

207 3121 432 3196 γενέσθαι
462 3139 475 3154 ·
529 3120 702 3194 ταύτῃ
751 3140 837 3174 τοι
886 3119 976 3173 καὶ
1026 3123 1274 3190 γοητεῖαι
1330 3115 1833 3189 παρωνομάσθησαν

211 3211 308 3265 ἀπὸ
335 3215 438 3264 τῶν
466 3211 588 3284 περί
619 3210 748 3270 τοὺς
776 3209 978 3286 τάφους
1007 3207 1150 3280 γόων
1181 3205 1272 3260 καὶ
1304 3205 1539 3280 θρήνων.

276 3301 338 3354 Δὶ
393 3298 449 3354 δέ
504 3302 837 3376 φαρμακεῖαι
893 3298 929 3366 ἢ
989 3297 1323 3370 ἀναιροῦσιν,
1467 3293 1572 3347 τῶν
1633 3296 1839 3372 φρενῶν

211 3388 462 3458 tamen,
526 3389 620 3442 καὶ
697 3385 943 3441 εὐκταῖον
1014 3383 1107 3439 τὸν
1165 3381 1394 3437 θάνατον
1463 3385 1680 3435 ποιοῦσι
1755 3385 1836 3452 τῷ

212 3479 483 3553 πάσχοντι,
508 3475 562 3532 εἶ’
605 3497 740 3532 ποτε
781 3475 1118 3548 ἀνανήῴειεν,
1147 3473 1184 3541 ἤ
1233 3477 1349 3533 τοῖς
1395 3491 1458 3545 γε
1495 3472 1834 3545 προσήκουσι

211 3571 283 3637 τῷ
317 3567 600 3639 ἀνθρώπῳ,
632 3567 668 3635 ἢ
713 3565 944 3642 φίλτρου
982 3564 1143 3639 χάριν
1185 3561 1355 3617 ἐνίοτε
1392 3559 1690 3638 γινόμεναι,
1723 3581 1834 3614 πα-

219 3655 446 3728 ραπαίειν
473 3657 563 3710 καὶ
596 3654 740 3710 οὕτω
769 3653 1286 3729 παρασκευάζουσιν.

279 3745 362 3798 Ἐν
411 3743 466 3800 δέ
503 3750 584 3818 τῷ
633 3745 720 3818 οβ’
765 3741 854 3798 καί
895 3743 987 3796 τὸν
1042 3742 1292 3814 μάντεσιν
1335 3741 1520 3796 ἑαυτὸν
1566 3735 1832 3794 ἐπιδεδω-

212 3836 359 3905 κότα,
411 3835 446 3904 ἦ
492 3856 602 3890 τισι
678 3833 978 3902 τοιούτοις,
1033 3831 1124 3885 καὶ
1191 3829 1260 3885 τά
1331 3829 1549 3884 ἐκείνων
1615 3834 1828 3906 φρονεῖν

212 3925 645 3997 προαιροόμενον,
681 3927 762 3994 τῷ
799 3926 908 3976 τῶν
949 3920 1151 3996 φονέων
1189 3919 1596 3992 οἰκονομεῖσθαι
1646 3917 1832 3993 χρόνῳ

211 4012 428 4072 κελεῦει.
483 4015 543 4069 Ei
599 4015 704 4090 γάρ
762 4012 851 4068 καί
903 4012 968 4066 τὰ
1025 4012 1342 4090 χρηστήρια
1399 4011 1531 4084 μετά
1577 4011 1678 4078 τήν
1731 4011 1831 4064 τοῦ

213 4103 403 4174 Κυρίου
449 4105 715 4178 σάρκωσιν
775 4099 1150 4169 ἐκλελοίπασι,
1191 4100 1282 4154 καὶ
1341 4099 1396 4154 αἱ
1449 4103 1557 4153 τῶν
1616 4095 1832 4172 ψευδω-

207 4191 385 4263 νύμων
429 4193 754 4269 προρρήσεις
805 4193 960 4259 θεῶν,
1005 4188 1152 4244 ἀλλά
1201 4208 1262 4266 γε
1313 4188 1402 4242 καὶ
1463 4190 1708 4260 τήμερον
1760 4185 1832 4241 δι’

208 4277 422 4354 ἐρῳδῶν
476 4282 564 4337 καὶ
627 4280 892 4356 ἐνεργείας
951 4277 1226 4352 δαιμόνων
1285 4275 1392 4330 ἐσθ’
1449 4275 1538 4331 ὅτε
1595 4270 1832 4348 συμϐαί-

204 4389 346 4423 νουσι
391 4369 648 4444 γίνεσθαι,
702 4369 751 4424 εἴ
794 4369 887 4424 καὶ
935 4363 1147 4443 ψευδεῖς
1189 4367 1248 4421 αἱ
1293 4364 1520 4427 πλείους
1562 4363 1831 4443 ἐλέγχον-

203 4479 306 4516 ται.
347 4458 496 4516 Ἀλλ’
524 4461 583 4514 οἱ
629 4459 722 4533 μὲν
749 4459 878 4521 τοὺς
916 4455 1184 4530 δαίμονας
1225 4455 1420 4526 ἀνέδην
1461 4453 1829 4528 ἐπικαλοῦμε-

201 4568 302 4611 voc,
352 4548 448 4603 οὐκ
499 4547 800 4610 ἀπεικότως
855 4550 934 4619 τῷ
987 4550 1096 4601 τῶν
1156 4543 1362 4622 ερονέων
1423 4538 1827 4598 ὑποϐάλλονται
1859 4566 1906 4632 D

201 4636 414 4709 κρίματι
443 4657 457 4670 ο
508 4640 558 4692 οἱ
611 4634 669 4693 δὲ
716 4637 978 4712 ἀγιασμὸν
1025 4635 1114 4690 καὶ
1173 4635 1370 4709 ἀρετὴν
1411 4631 1826 4707 ὑποκρινόμενοι

201 4723 418 4798 κέρδους
487 4723 664 4793 ἓνεκα,
727 4723 1108 4801 μέτριώτερον,
1169 4724 1343 4797 οἶμαι,
1410 4720 1498 4776 καὶ
1575 4721 1640 4776 οὐ
1713 4721 1828 4776 κατ’

204 4814 454 4886 ἐκείνους,
483 4818 579 4879 τάς
609 4815 833 4878 εὐθύνας
869 4815 1169 4894 ὑφέξουσιν.

265 4909 323 4958 '0
352 4905 408 4960 δὲ
451 4905 620 4981 μέγας
660 4906 963 4980 Γρηγόριος
993 4904 1021 4956 ὁ
1059 4902 1298 4972 Νόσσης,
1329 4901 1382 4956 ἐν
1417 4904 1496 4973 τῷ
1540 4901 1590 4976 β’
1620 4898 1831 4970 κανόνι,

201 4999 356 5049 ταῦτα
406 4992 562 5050 δίεισι
606 4995 744 5049 κατά
787 4993 940 5068 ῥῆμα
971 5010 986 5026 ⁸
1037 4993 1101 5047 0'.
1145 4993 1282 5066 πρὸς
1330 4989 1535 5068 γόητας
1580 4989 1828 5050 ἀπιόντες

205 5083 232 5149 ἢ
280 5083 514 5155 μάντεις,
555 5085 590 5154 ἢ
638 5082 766 5144 τοὺς
811 5079 901 5136 διὰ
948 5078 1223 5152 δαιμόνων
1269 5080 1534 5154 καθαρσιά
1577 5099 1692 5134 τινα
1735 5078 1826 5132 καὶ

202 5174 671 5248 ἀποτροπιασμοὺς
726 5172 964 5249 ἐνεργεῖν
1031 5171 1520 5246 ὑπισχνουμένους,
1581 5169 1825 5244 ἐρωτῶν-

203 5281 274 5314 ται
331 5261 400 5317 δι’
457 5259 738 5338 ἀκριϐείας
794 5265 882 5317 καὶ
947 5263 1342 5335 ἀνακρίνονταὶ,
1408 5261 1656 5333 πότερον,
1711 5259 1826 5314 ἐπι-

211 5352 440 5420 μένοντες
488 5357 558 5427 τῇ
605 5353 680 5414 εἷς
732 5353 960 5427 Χριστὸν
1001 5349 1202 5412 πίστει,
1253 5350 1338 5405 ὑπ’
1389 5347 1623 5425 ἀνάγκης
1679 5349 1822 5411 τινὸς

210 5444 591 5517 συνηνέχθησαν
644 5441 822 5516 ἐκείνῃ
878 5445 948 5515 τῇ
1010 5440 1274 5516 ἁμαρτίᾳ,
1329 5439 1620 5499 κακώσεως
1673 5457 1821 5499 τινος

208 5525 548 5606 ἧάιξορήτου
601 5531 807 5605 ζημίας
864 5529 1062 5600 ταύτην
1104 5527 1290 5592 αῧτοῖς
1340 5529 1440 5597 τήν
1495 5527 1674 5602 ὁρμὴν
1729 5525 1820 5598 ἐμ.

210 5622 516 5692 ποιησάσης,
575 5622 610 5690 ἢ
667 5619 908 5676 καθόλου
964 5621 1463 5698 καταφρονήσαντες
1519 5621 1614 5674 τοῦ
1667 5617 1823 5671 πεπί-

213 5710 482 5785 στῑυμένου
529 5713 655 5787 παρ’
701 5713 868 5786 ἡμῶν
924 5711 1244 5786 μαρτυρίου,
1275 5712 1342 5783 τῇ
1390 5712 1496 5764 τῶν
1539 5705 1814 5783 δαιμόνων

1958 1960 2014 2012 et
2035 1972 2230 2013 eorum
2263 1958 2546 2016 auxilium
2573 1964 2912 2032 querentes.
2947 1961 3052 2028 Qui
3097 1963 3332 2035 quidem
3385 1967 3456 2023 ab
3502 1968 3609 2026 ini-

1960 2046 2039 2102 tio
2062 2045 2298 2102 fuerunt
2318 2046 2655 2114 idololatre,
2681 2052 2738 2106 et
2758 2049 3102 2122 paenitentia
3121 2052 3415 2110 ducuntur
3435 2059 3491 2111 et
3513 2057 3609 2112 ba-

1958 2135 2269 2206 ptizantur,
2315 2136 2520 2192 statim
2569 2140 2640 2193 ad
2686 2144 2945 2196 sanctam
2997 2143 3472 2200 communionem
3507 2163 3607 2200 ac-

1956 2223 2162 2280 cedant
2196 2239 2210 2278 :
2244 2224 2347 2294 qui
2385 2229 2583 2280 autem
2617 2231 2746 2297 post
2777 2227 3134 2298 baptismum
3169 2230 3344 2287 idolis
3388 2234 3605 2287 sacriﬁ-

1954 2317 2179 2380 carunt,
2220 2329 2322 2384 per
2372 2319 2551 2370 totam
2591 2315 2767 2372 vitam
2799 2316 3203 2388 prenitentiam
3233 2325 3432 2392 agant,
3462 2331 3512 2377 et
3547 2323 3603 2377 in

1953 2401 2078 2472 ejus
2108 2406 2362 2458 extremo
2385 2402 2642 2459 divinum
2704 2405 2920 2460 donum
2975 2407 3285 2478 accipiant.
3319 2411 3605 2474 Quemad-

1953 2491 2188 2545 modum
2221 2496 2276 2546 et
2309 2493 2364 2545 in
2401 2493 2491 2562 65,
2525 2492 2691 2548 illum
2726 2495 2822 2565 qui
2877 2496 3194 2566 praestigias
3241 2499 3330 2552 vel
3386 2501 3602 2554 venefi-
3635 2556 3642 2566 ι

1951 2580 2106 2634 cium
2127 2583 2444 2652 profitetur,
2468 2583 2776 2639 voluntarii
2801 2585 3344 2657 homicidzejudicio
3365 2589 3604 2660 subjicil:

1958 2673 1994 2729 I
2015 2676 2107 2732 75
2133 2693 2234 2747 per
2255 2679 2326 2730 20
2343 2695 2527 2734 annos
2541 2695 2639 2734 eos
2663 2697 2696 2734 a
2713 2680 3124 2737 communione
3139 2697 3346 2738 arcens
3369 2701 3384 2751 ;
3409 2693 3464 2740 et
3487 2702 3602 2741 non

1950 2765 2400 2834 immerito,cum
2418 2768 2716 2840 praestigias
2729 2769 3120 2827 invocationes
3134 2771 3466 2830 dmmonum
3483 2791 3599 2830 ma-

1947 2851 2242 2910 lclicorum
2273 2857 2630 2925 contineant,
2663 2857 2818 2913 circa
2846 2857 3107 2914 tumulos
3143 2859 3488 2930 incantatus,
3535 2870 3599 2920 ut

1951 2941 2202 3014 alicujus
2233 2945 2495 3000 membra
2542 2947 2735 3003 forsan
2771 2947 3183 3018 dissolvantur,
3215 2955 3272 3005 et
3301 2952 3440 3006 dum
3470 2951 3597 3008 luce

1945 3031 2156 3088 fruitur
2183 3037 2434 3104 aegrotet,
2459 3041 2516 3089 et
2545 3034 2712 3104 inops
2745 3036 2822 3091 sit
2851 3035 2935 3091 illi
2973 3037 3112 3092 vita.
3148 3037 3510 3110 Quapropter
3539 3046 3597 3096 et

1943 3121 2364 3177 incantationes
2399 3121 2782 3178 denominata
2813 3128 2952 3179 sunt
2993 3141 3026 3180 a
3060 3125 3380 3197 gemitibus
3426 3131 3484 3182 et
3512 3125 3594 3184 la-

1865 3200 1908 3266 C
1947 3210 2403 3266 mentationibus
2437 3211 2591 3266 circa
2609 3213 2889 3268 tumulos.

2019 3297 2301 3355 Veneficia
2331 3316 2462 3357 vero
2508 3306 2611 3356 aut
2667 3301 3054 3373 interficiunt,
3111 3309 3213 3360 aut
3258 3305 3329 3361 de
3377 3306 3592 3364 mentis

1942 3387 2080 3442 sede
2110 3388 2415 3458 dejiciunt,
2467 3393 2824 3462 mortemque
2879 3390 2988 3458 illi,
3019 3391 3118 3464 qui
3172 3393 3290 3449 haec
3347 3395 3586 3466 patitur,

1941 3476 2254 3546 optabilem
2290 3478 2534 3546 faciunt,
2566 3479 2612 3536 si
2646 3481 2876 3552 quando
2909 3482 3250 3554 resipiscat;
3279 3485 3368 3539 vel
3391 3485 3588 3540 homi-

1942 3564 2034 3620 nis
2065 3567 2328 3637 cognatis
2355 3566 2582 3638 saltem,
2615 3577 2712 3625 aut
2751 3571 2968 3626 amoris
3017 3573 3205 3642 gratia
3241 3573 3586 3646 quandoque

1941 3654 2107 3721 facta,
2140 3656 2198 3710 in
2222 3656 2488 3713 delirium
2513 3657 2818 3715 inducunt.

2012 3744 2074 3798 In
2106 3743 2195 3811 72,
2245 3760 2378 3800 eum
2425 3747 2523 3817 qui
2583 3763 2643 3803 se
2690 3749 2914 3803 vatibus
2953 3748 3038 3804 vel
3098 3748 3225 3804 aliis
3286 3749 3577 3820 ejusmodi

1939 3831 2202 3900 tradidit,
2233 3849 2550 3906 eorumque
2577 3853 2802 3892 errores
2848 3842 3117 3906 sectatur,
3151 3837 3576 3896 homicidarum

1937 3923 2196 3992 tempore
2221 3922 2610 3992 punirijubet.
2635 3925 2909 3988 Quamvis
2939 3927 3173 3984 oracula
3206 3934 3340 3999 post
3361 3945 3585 3984 assum-

1936 4014 2098 4082 ptum
2129 4028 2163 4066 a
2197 4011 2434 4068 Domino
2469 4029 2700 4068 carnem
2733 4014 3068 4084 defecerint,
3101 4020 3158 4072 et
3190 4033 3223 4073 α
3252 4017 3413 4074 falsis
3457 4018 3587 4075 dcis

1938 4099 2340 4170 przedictiones
2375 4116 2388 4155 :
2423 4101 2516 4156 his
2565 4109 2754 4158 tamen
2787 4104 3144 4176 temporibus
3187 4123 3286 4178 per
3323 4106 3588 4163 incanta-

1937 4188 2120 4244 tiones
2149 4193 2204 4244 et
2236 4191 2565 4246 daemonum
2600 4192 2920 4248 ministeria
2953 4194 3266 4266 aliquando
3302 4197 3424 4254 fieri
3440 4214 3584 4253 con-

1937 4277 2195 4350 tingunt,
2253 4280 2362 4335 etsi
2415 4281 2705 4336 mendacii
2784 4283 3064 4357 pleraque
3145 4286 3580 4342 convincuntur.

1938 4366 2044 4432 Qui
2109 4371 2304 4423 tamen
2360 4369 2733 4440 impudenter
2789 4372 3077 4428 daemones
3121 4375 3408 4442 invocant,
3471 4393 3584 4430 non

1937 4455 2229 4513 immerito
2277 4457 2705 4514 homicidarum
2743 4460 2968 4530 judicio
3013 4463 3424 4533 subjiciuntur.
3474 4463 3584 4531 Qui

1936 4560 2067 4600 vero
2096 4545 2543 4602 sanctimoniam
2615 4552 2674 4602 et
2729 4549 3000 4605 virtutem
3060 4551 3403 4608 simulantes
3438 4551 3584 4608 lucri

1937 4633 2142 4703 gratia,
2176 4634 2490 4703 mitiorem,
2543 4636 2738 4706 credo,
2799 4653 3030 4708 pmnam
3081 4645 3138 4694 et
3194 4655 3310 4696 non
3351 4641 3582 4696 easdem

1940 4721 2325 4778 corrcctiones
2356 4723 2658 4781 subibunt.

2007 4901 2266 4974 Magnus
2297 4918 2427 4958 vero
2473 4903 2784 4975 Gregorius
2829 4907 3128 4980 Nyssenus
3186 4909 3244 4962 in
3276 4908 3312 4962 2
3367 4923 3584 4963 canone

1935 4989 2058 5047 haec
2091 4991 2382 5048 verbatim
2414 4995 2668 5064 profert:
2730 4996 2838 5060 Qui
2881 4999 2950 5054 ad
3003 4997 3450 5068 praestigiatores
3496 4995 3583 5051 vel

1934 5083 2112 5144 vates,
2143 5079 2236 5134 vel
2270 5095 2369 5136 eos
2403 5081 2503 5152 qui
2527 5099 2626 5154 per
2646 5083 2939 5140 daemones
2969 5100 3030 5140 se
3059 5085 3290 5156 piacula
3315 5085 3580 5156 qumdam

1931 5172 1990 5224 et
2019 5170 2343 5225 aversiones
2371 5180 2708 5240 operaturos
2739 5189 2868 5229 esse
2891 5175 3260 5244 pollicentur,
3295 5174 3582 5230 accedunt

1929 5264 2130 5314 exacte
2158 5260 2595 5332 interrogantur
2614 5267 2671 5318 et
2691 5263 3112 5332 examinantur,
3145 5274 3338 5319 utrum
3378 5263 3433 5317 in
3467 5263 3580 5318 ﬁde

1929 5347 1990 5404 in
2028 5348 2327 5404 Christum
2361 5361 2788 5424 permanentes,
2821 5369 2854 5408 a
2896 5353 3238 5408 necessitate
3277 5352 3474 5423 aliqua
3503 5353 3574 5408 ad

1930 5435 2075 5492 illud
2111 5441 2410 5508 peccatum
2435 5439 2676 5512 impulsi
2706 5444 2865 5510 sunt,
2913 5455 3044 5494 cum
3102 5441 3336 5497 afﬂictio
3381 5439 3580 5512 aliqua

1927 5524 2018 5580 vel
2049 5525 2436 5583 intolerabilis
2449 5528 2679 5599 jactura
2700 5527 2956 5586 huneilli
2974 5529 3228 5584 animum
3253 5529 3578 5600 indidisset,

1927 5629 1999 5669 an
2031 5613 2270 5670 omnino
2311 5615 2572 5688 neglecto
2594 5619 2747 5689 quod
2771 5636 2804 5673 a
2833 5615 2999 5673 nobis
3052 5617 3336 5675 creditum
3367 5628 3455 5676 est
3484 5623 3572 5677 te-

1926 5703 2224 5772 stimonio,
2257 5705 2325 5760 ad
2359 5707 2692 5764 demonum
2723 5705 3062 5764 societatem
3086 5723 3148 5766 se
3181 5707 3570 5768 contulerunt.
