4060 6228
397 358 472 419 15
1685 345 1970 410 ΜΑΤἸἮ.

2113 346 2533 410 BLASTARIS
3706 371 3780 431 16

393 493 452 548 Si
481 491 636 546 enim
684 491 757 544 ad
817 489 988 544 [idem
1046 483 1482 550 inﬁrmandam,
1523 489 1576 537 et
1623 483 1780 551 quod
1837 482 1970 537 Dem

2139 481 2427 557 συμμαχίᾳ
2487 481 2888 559 προσέδραμον.
2952 488 3010 543 Εἰ
3073 491 3170 562 μὲν
3225 491 3329 568 γὰρ
3387 491 3472 549 ἐπ’
3532 497 3773 569 ἀθετήσει

390 580 489 652 qui
513 597 546 636 a
573 577 918 634 Christianis
949 574 1224 642 creditur,
1250 589 1377 628 esse
1401 587 1515 626 non
1537 572 1861 638 crederent,
1883 571 2025 626 illud

387 671 670 737 fecerunt,
693 669 866 723 erunt
895 663 1132 721 omnino
1177 659 1506 718 voluntario
1545 659 1888 732 negantium
1919 661 2023 731 ju—

381 758 530 816 dicio
559 755 812 814 obnoxii.
845 753 1020 819 Quale
1041 767 1174 808 vero
1205 750 1284 807 sit
1312 749 1523 805 horum
1555 748 1929 821 supplicium,
1959 750 2017 803 in

380 847 566 918 primo
623 847 751 917 ejus
808 857 1028 899 canone
1083 839 1176 894 hic
1214 846 1454 894 sanctus
1485 835 1784 904 decernit;
1843 852 2014 908 quem

377 952 604 1008 quaeras
643 935 702 990 in
725 935 751 987 1
785 949 908 1004 cap.
949 931 1059 986 litt.
1094 936 1162 986 Δ.
1185 927 1286 984 Sin
1303 933 1521 995 autem,
1557 925 1768 997 inquit,
1797 943 1910 980 non
1933 927 2013 980 fe-

373 1026 551 1082 renda
585 1023 897 1080 necessitas
945 1019 1136 1090 aliqua
1185 1017 1466 1090 pusillum
1518 1031 1713 1073 eorum
1751 1017 2008 1072 animum

371 1131 674 1186 superans,
699 1128 765 1168 eo
786 1109 1044 1176 deduxit,
1072 1124 1404 1163 mensuram
1439 1122 1640 1163 eorum
1672 1105 1775 1178 qui
1805 1105 1863 1161 in
1897 1106 2008 1161 for-

368 1201 658 1261 nicatione
689 1203 1020 1273 pecoarunt,
1054 1197 1164 1270 ipsi
1195 1197 1368 1252 etiam
1401 1195 1812 1262 observabant,
1853 1196 2006 1264 quod

365 1298 425 1352 in
459 1309 661 1352 novem
693 1308 879 1348 annos
912 1289 1188 1346 extendit.
1238 1289 1437 1352 Quaere
1467 1287 1502 1342 3
1547 1302 1671 1359 cap.
1709 1285 1908 1341 litterae
1941 1287 2002 1339 Ε.

1086 1557 1276 1629 Leges.

425 1653 531 1716 Qui
565 1667 664 1726 per
715 1647 1000 1707 sacriﬁcia
1027 1648 1390 1713 vaticinatur,
1422 1642 1614 1714 gladio
1663 1640 1940 1713 puniatur
1977 1659 1990 1696 :

353 1743 606 1814 quivere
638 1741 805 1797 illum
833 1738 923 1794 vel
958 1736 1228 1794 suasione
1267 1734 1353 1790 vel
1386 1731 1620 1804 praemio
1669 1732 1736 1786 ad
1769 1730 1826 1784 id
1857 1730 1994 1786 hor-

350 1837 528 1902 tatur,
559 1830 781 1897 exsilio,
813 1835 870 1884 et
903 1830 1185 1884 bonorum
1211 1823 1587 1897 publicationi
1621 1821 1985 1891 subjiciatur.

419 1922 695 1990 Venetici,
723 1921 773 1974 si
805 1920 863 1974 in
895 1916 1176 1988 dignitate
1207 1913 1378 1985 positi
1411 1913 1550 1978 sint,
1599 1910 1805 1966 exsilio
1838 1909 1984 1964 mul-

346 2017 610 2078 ctantur;
643 2009 853 2080 reliqui
882 2024 1014 2063 vero
1044 2005 1232 2078 capite
1264 2004 1612 2074 plectuntur.

417 2105 524 2171 Qui
556 2106 842 2176 praeparat
885 2100 1165 2172 magicam
1211 2097 1279 2152 ad
1339 2111 1606 2151 venerem
1655 2093 1978 2149 trahentem

341 2195 588 2268 pudicos
620 2209 834 2258 mores,
865 2190 950 2244 vel
979 2192 1182 2243 contra
1220 2185 1524 2241 hominum
1559 2183 1802 2239 salutem
1827 2183 1979 2238 mala

334 2283 590 2352 molitur,
611 2283 896 2338 bonorum
919 2276 1304 2350 publicatione
1331 2279 1388 2330 et
1405 2273 1608 2329 exsilio
1633 2273 1890 2344 punitur.

399 2466 482 2520 Ne
511 2465 644 2538 quis
673 2463 1050 2519 divinatorem
1103 2458 1369 2516 consulat
1399 2475 1412 2512 :
1445 2457 1592 2530 magi
1621 2456 1772 2513 enim
1815 2456 1975 2528 capi-

323 2554 428 2614 tali
456 2571 626 2628 poena
653 2553 996 2627 puniuntur.

398 2645 506 2711 Qui
559 2646 616 2700 in
676 2659 868 2699 necem
921 2639 1228 2696 hominum
1299 2637 1590 2693 daemones
1676 2637 1966 2702 invocant,

323 2733 516 2806 gladio
539 2749 611 2804 pu
623 2733 817 2788 niantu
829 2748 872 2786 r.

401 2821 439 2877 I
459 2819 568 2876 70
589 2821 742 2877 idem
773 2825 862 2876 est
891 2818 1094 2874 docere
1125 2820 1180 2872 et
1209 2816 1432 2872 discere
1477 2815 1598 2886 lege
1652 2813 1960 2886 prohibita.

389 3006 632 3071 Maritus
663 3018 896 3060 uxorem
928 3016 1099 3058 suam
1138 2999 1452 3055 veneﬁcam
1481 3003 1770 3071 expertus,
1830 3012 1963 3051 ma-

323 3069 665 3154 trimonium
699 3091 936 3165 repudio
978 3089 1182 3159 solvit;
1234 3087 1506 3144 similiter
1534 3088 1591 3141 et
1620 3069 1830 3140 mulier
1869 3084 1958 3139 vi-

319 3202 470 3242 rum.
511 3199 515 3206 ’

431 3220 470 3242 ..

389 3220 495 3323 Qui
550 3270 834 3311 venenum
883 3269 988 3325 pro
1074 3249 1497 3305 medicamento
1554 3261 1718 3301 servo
1777 3245 1955 3309 dedit,
1989 3220 2032 3288 (ἶ

318 3347 502 3402 cidem
538 3361 718 3417 poenis
748 3341 1057 3412 subjicitur
1086 3343 1150 3395 ut
1179 3338 1277 3410 qui
1309 3336 1511 3393 mortis
1539 3351 1774 3391 causam
1809 3351 1956 3405 pm-

317 3437 439 3493 buit
465 3454 478 3504 ;
511 3434 776 3492 similiter
803 3436 860 3488 et
909 3431 1006 3503 qui
1061 3428 1484 3486 inconsiderate
1513 3427 1614 3482 dat
1643 3441 1952 3481 venenum.

385 3526 493 3590 Qui
541 3521 796 3580 insanire
851 3522 1106 3591 aliquem
1171 3532 1392 3574 veneno
1450 3515 1689 3580 faciunt,
1731 3513 1856 3586 lege
1884 3516 1956 3571 de

316 3614 533 3684 injuria
553 3616 840 3667 tenentur.

387 3703 532 3774 Lege
560 3702 632 3756 de
661 3697 972 3755 homicidis
1001 3703 1249 3765 tenetur,
1283 3695 1381 3767 qui
1406 3691 1661 3750 hominis
1709 3693 1953 3748 necandi

315 3808 490 3849 causa
513 3804 802 3846 venenum
834 3791 1140 3860 praeparat,
1173 3785 1258 3842 vel
1305 3782 1520 3852 vendit,
1552 3780 1637 3836 vel
1677 3780 1864 3838 habet.

385 3975 444 4033 Si
475 3973 608 4046 quis
629 3988 742 4028 non
779 3969 930 4026 malo
963 3969 1157 4025 animo
1189 3965 1420 4023 mulieri
1454 3965 1737 4037 paraverit
1768 3964 1954 4020 medi-

314 4070 642 4122 camentum
674 4061 747 4116 ad
773 4059 1230 4132 conceptionem,
1263 4061 1319 4112 et
1347 4057 1395 4110 si
1436 4055 1630 4128 ipsum
1663 4054 1951 4126 accipiens

311 4151 641 4219 decesserit,
673 4150 961 4222 relegatur
988 4149 1088 4220 qui
1113 4146 1352 4220 paravit.

379 4242 605 4314 Siquis
662 4241 808 4296 liber
861 4244 963 4294 aut
1017 4253 1217 4294 servus
1264 4250 1614 4307 quocunque
1667 4237 1946 4305 prsetextu

310 4333 600 4404 potionem
622 4330 862 4397 dederit,
895 4330 1018 4385 sive
1073 4327 1216 4395 viro,
1255 4325 1362 4381 sivi
1411 4323 1662 4391 mulieri,
1694 4323 1814 4379 sive
1843 4341 1949 4378 an-

308 4422 474 4490 cillae,
508 4421 627 4477 sive
655 4418 925 4485 dominae,
957 4422 1014 4474 et
1043 4433 1110 4473 ex
1141 4417 1246 4473 hoc
1279 4414 1499 4470 inﬁrmi
1531 4413 1663 4468 facti
1697 4414 1950 4468 morian-

306 4510 522 4582 turqui
575 4511 940 4581 acceperunt,
992 4506 1089 4578 qui
1149 4504 1370 4576 paravit
1425 4503 1618 4576 gladio
1643 4502 1941 4574 puniatur.

2135 577 2235 637 τῆς
2266 573 2518 642 πίστεως,
2570 575 2659 627 καὶ
2714 576 2851 649 πρὸς
2899 577 2962 631 τὸ
3013 580 3090 650 μὴ
3141 582 3412 636 πιστεύειν
3460 585 3600 640 εἶναι
3643 593 3768 644 Θεὸν

2132 660 2223 714 τὸν
2273 662 2419 736 παρᾶ
2462 669 2569 718 τῶν
2620 671 2958 739 Χριστιανῶν
3001 671 3408 745 πιστευόμενον,
3460 673 3634 731 ἐκεῖνο
3679 701 3768 735 πε-

2130 749 2415 838 ποιήκασι,
2463 754 2542 822 τῷ
2605 753 2833 826 κρίματι
2889 759 2998 810 τῶν
3059 757 3324 821 ἑκουσίως
3382 761 3768 838 ἀρνησαμένων

2133 835 2560 928 ὑπαχθήσονται.
2593 845 2810 897 Ὁποῖον
2855 840 2912 898 δὲ
2940 845 3003 900 τὸ
3047 847 3255 902 τούτων
3285 855 3479 924 κρῖμα,
3511 856 3564 907 ἐν
3598 835 3696 928 *τῷ
3723 867 3768 913 α’

2124 922 2291 981 αἱ)τοῦ
2320 930 2505 983 κανόνι
2536 931 2564 984 6
2596 933 2745 1004 ἅγιος
2780 933 2940 996 οὗτος
2972 922 3359 1010 διαλαμϐάνει,
3388 922 3452 997 δν
3483 945 3572 999 καὲ
3612 922 3764 1016 ζήτει

2223 1022 2303 1089 τῷ
2345 1019 2391 1072 α’
2432 1039 2552 1098 κεφ.
2603 1026 2698 1074 τοῦ
2751 1030 2796 1078 Α
2845 1027 3147 1103 στοιχείου.
3199 1027 3268 1084 Εἴ
3313 1028 3368 1084 δέ
3421 1054 3526 1103 τις,
3576 1013 3760 1114 φησὶν,

2121 1099 2455 1170 ἀϐάστακτος
2513 1109 2724 1185 ἀνάγκη
2796 1117 3248 1188 κατακρατήσασα
3321 1127 3422 1190 τῆς
3497 1099 3762 1200 adpete;

2121 1193 2248 1268 χίας
2277 1195 2477 1265 αὕτῶν,
2509 1198 2586 1262 εἷς
2637 1203 2797 1255 τοῦτο
2843 1205 3152 1280 προήγαγε,
3201 1207 3264 1262 τὸ
3319 1183 3515 1285 μέτρον
3561 1183 3753 1271 τῶνέν

2118 1285 2371 1378 πορνείᾳ,
2405 1285 2931 1378 πλημμελησάντων
3008 1294 3096 1348 καὶ
3171 1295 3323 1352 αὐτοὶ
3401 1299 3751 1378 φυλάξουσιν,

2116 1372 2246 1467 δπερ
2285 1373 2375 1428 καί
2412 1375 2490 1437 εἰς
2528 1371 2619 1444 ἔτη
2655 1382 2962 1455 παρατείνει
3003 1381 3169 1442 ἐννέα.
3202 1387 3363 1456 Ζήτει
3401 1371 3464 1444 τὸ
3498 1395 3546 1467 γ’
3584 1371 3751 1467 κειρά-ζ

2115 1459 2268 1516 λαιον
2297 1467 2394 1518 τοῦ
2425 1470 2466 1520 E
2495 1453 2797 1545 στοιχείου.
3263 1453 3273 1456 -
3510 1453 3523 1467 ’
3659 1453 3670 1470 ⁸

2810 1558 3042 1633 Νόμου

2181 1643 2236 1695 Ὁ
2269 1638 2357 1696 δια
2399 1643 2594 1698 θυσιῶν
2648 1647 3045 1720 μαντευόμενος
3083 1649 3222 1729 ξίφει
3267 1655 3614 1728 τιμωρείσθω
3648 1677 3670 1708 ³.
3713 1660 3740 1714 ὁ

2107 1723 2164 1821 δε
2190 1733 2380 1821 τοῦτον
2429 1735 2871 1809 προτρεψάμενος
2916 1723 3257 1813 παρακλήσει
3383 1723 3580 1820 μισθῷ,
3627 1747 3738 1821 ἐξο-

2107 1815 2194 1890 ρίᾳ
2222 1819 2310 1873 καὶ
2346 1817 2608 1894 δημεύσει
2642 1825 2964 1882 ὑποκείσθω.

2167 1908 2233 1964 Οἱ
2285 1911 2586 1986 φαρμακοὶ,
2643 1912 3004 1987 ἀξιωματικοὶ
3069 1917 3242 1988 ὄντες,
3318 1919 3732 1998 δεπορτατεύον-

2092 2016 2178 2050 ται
2213 2017 2225 2028 ο
2259 1999 2309 2051 οἱ
2343 1998 2398 2053 δὲ
2429 1999 2617 2056 λοιποὶ
2649 2002 2724 2064 εἷς
2754 2003 2994 2080 κεφαλήν
3019 2014 3409 2084 τιμωροῦνται.

2162 2091 2218 2139 Ὁ
2264 2086 2750 2165 ἐπιτηδευσάμενος
2795 2095 3049 2168 γοητείαν
3107 2095 3372 2155 ἕλκουσαν
3421 2103 3496 2164 εἰς
3557 2103 3732 2178 ἔρωτα

2087 2173 2212 2237 τοὺς
2260 2177 2541 2255 σώφρονας
2593 2179 2917 2255 λογισμοὺς,
2948 2185 2984 2255 ἢ
3015 2187 3150 2241 κατά
3200 2191 3470 2264 σωτηρίας
3515 2173 3724 2269 ἀνθρώ-

2085 2284 2200 2317 πων
2264 2269 2748 2342 μηχανησάμενος,
2809 2269 3070 2346 δημεύσει
3143 2277 3231 2330 καὶ
3308 2278 3491 2355 ἒξορίᾳ
3556 2304 3727 2355 τιμω-

2085 2371 2143 2426 ρε
2156 2375 2282 2410 ιται.

2154 2440 2359 2512 Μηδεὶς
2394 2443 2718 2520 ἐπερωτάτω
2748 2450 2871 2503 τινὰ
2903 2455 3170 2524 μαντικὴν
3206 2453 3672 2531 ἐπαγγελλόμενον
3705 2481 3716 2494 ·

2081 2532 2132 2585 οἱ
2161 2533 2263 2608 γάγ
2294 2535 2459 2609 μάγοι
2493 2535 2804 2610 κεφαλικῶς
2835 2545 3225 2616 τιμωροῦνται.

2146 2623 2216 2678 Οἱ
2256 2622 2332 2685 εἷς
2384 2619 2600 2697 βλάϐην
2630 2627 2928 2701 ἀνθρώπων
2979 2627 3239 2706 δαίμονας
3289 2632 3715 2712 ἐπικαλούμενοι

2073 2712 2214 2787 ξιφει
2241 2715 2708 2788 τιμωρείσθωσαν.

2145 2807 2286 2856 Ἴσον
2334 2803 2444 2857 ἐστὶ
2493 2805 2555 2858 τὸ
2599 2804 3014 2883 ἀπηγορευμένα
3069 2812 3280 2884 μαθεῖν,
3311 2815 3401 2867 καὶ
3449 2816 3512 2870 τὸ
3561 2814 3708 2872 διδά-

2070 2909 2236 2945 σκειν.

2141 2978 2400 3057 Εύλόγως
2457 2983 2486 3038 6
2543 2984 2702 3059 ἀνὴρ,
2763 2986 3029 3061 εὑρίσκων
3082 2991 3184 3060 τὴν
3242 2988 3406 3047 αὑτοῦ
3461 2997 3702 3069 γαμετήν

2067 3071 2373 3144 φαρμακὸν,
2424 3070 2696 3148 ῥεπουδίῳ
2739 3073 2858 3131 λύει
2905 3077 2996 3133 τὸν
3041 3081 3217 3154 γάμον
3252 3099 3265 3113 °

2070 3157 2106 3226 ἠ
2139 3159 2271 3234 γυνή
2302 3159 2393 3214 τὸν
2426 3157 2614 3236 ἄνδρα.

2141 3248 2202 3305 Ὀ
2247 3249 2532 3325 φάρμακον
2579 3251 2698 3308 ἀντὶ
2749 3255 2986 3331 ἰατρείας
3036 3255 3220 3332 δοόλῳ
3270 3259 3522 3324 δεδωκὼς
3573 3262 3708 3318 ὑπό-

2064 3356 2235 3391 κειται
2261 3341 2330 3411 τῇ
2363 3340 2499 3412 αὐτῇ
2531 3347 2720 3418 ποινῇ,
2752 3343 2828 3406 ὡς
2860 3345 3056 3419 ςαῖτίαν
3099 3349 3327 3404 θανάτου
3357 3354 3658 3430 παρασχών
3695 3373 3708 3385 ·

2066 3427 2324 3491 ὡσαύτως
2355 3429 2444 3484 καὶ
2475 3431 2504 3485 6
2533 3438 2831 3508 προπετῶς
2860 3415 3044 3499 διδοὺς
3077 3439 3387 3515 φάρμακον.
3437 3415 3447 3426 ι
3543 3415 3580 3430 ﬁ

2135 3518 2195 3571 Οἱ
2257 3523 2672 3597 παραφρονῆσαί
2727 3544 2847 3578 τινα
2904 3528 3179 3604 φαρμάκῳ
3235 3534 3518 3593 ποιοῦντες
3597 3531 3706 3588 ἐνέ-

2063 3609 2259 3680 χονταί
2289 3613 2370 3680 τῷ
2397 3609 2520 3685 περὶ
2551 3607 2761 3688 ὕϐρεως
2799 3615 2978 3688 νόμῳ.

2134 3699 2228 3789 Τῷ.
2251 3697 2373 3773 περὶ
2423 3699 2627 3777 φονέων
2675 3701 2832 3777 νόμῳ
2864 3705 3142 3761 ὑπόκειται
3192 3709 3220 3762 6
3273 3706 3361 3764 διὰ
3407 3711 3471 3766 τὸ
3507 3715 3706 3789 φονεῦ-

2064 3807 2151 3876 σαι
2208 3785 2491 3862 ἄνθρωπον
2543 3795 2720 3846 ποιῶν
2791 3795 3098 3873 φάρμακον,
3157 3797 3192 3868 ἢ
3269 3785 3616 3876 πιπράσκων,
3668 3801 3705 3870 ἢ

2063 3870 2228 3953 ἔχων.

2134 3964 2198 4055 Et
2245 3965 2334 4021 καὶ
2382 3969 2458 4040 μὴ
2507 3974 2657 4042 κακῷ
2703 3992 2788 4035 τις
2853 3972 3106 4050 λογισμῷ
3156 3980 3430 4053 παράσχοι
3488 3980 3704 4055 γυναικὶ

2063 4052 2458 4145 συλληπτικὸν,
2505 4059 2594 4112 καὶ
2637 4058 2952 4134 τελευτήσει
2999 4066 3035 4134 ἡ
3088 4052 3372 4138 λαϐοῦσα,
3409 4052 3704 4145 ἐξορίζεται

2064 4143 2092 4196 ὀ
2129 4144 2451 4219 παρασχών.

2133 4229 2206 4326 EE’
2228 4253 2309 4326 τις
2349 4231 2650 4326 ἐλεύθερος,
2681 4237 2718 4307 ἢ
2767 4235 2990 4309 δοῦλος,
3022 4239 3112 4296 ἐπὶ
3162 4240 3454 4314 οἱᾳδήποτι
3502 4247 3709 4326 προφά-

2063 4340 2142 4374 σει
2173 4317 2298 4392 δοίη
2351 4326 2506 4397 πόμα
2557 4323 2663 4380 εἷ’τε
2711 4326 2888 4402 ἀνδρὶ,
2926 4329 3032 4384 εἴτε
3079 4333 3311 4408 γυναικὶ,
3357 4331 3464 4388 ε’ίτε
3508 4317 3707 4411 δούλῃ,

2061 4408 2172 4466 ε’ίτε
2221 4408 2500 4486 δεσποίνῃ,
2544 4415 2633 4470 καὶ
2691 4417 2750 4472 ἐκ
2801 4418 2997 4476 τούτου
3055 4421 3442 4494 ἀσθενήσαντες
3497 4408 3707 4480 ἀποθά-

2058 4519 2196 4554 νοιεν
2278 4501 2329 4555 οἶ
2415 4499 2717 4578 δεξάμενοι,
2799 4509 2942 4587 ξίφει
3027 4511 3056 4565 6
3150 4513 3446 4587 παρασχὼν
3511 4519 3708 4588 ζτιμω-

3319 3081 3580 3146 ὡσαύτως
3616 3083 3708 3139 καὶ

1984 4586 2032 4648 D
2065 4589 2276 4664 ρείσθω.

379 4691 506 4760 Qui,
539 4707 667 4761 quae
699 4685 947 4763 φυλακτᾶ
979 4687 1274 4752 dicuntur,
1307 4683 1550 4751 faciunt,
1585 4686 1642 4738 et
1678 4680 1958 4737 amatoria

307 4780 379 4838 ad
399 4780 712 4852 capiendos
735 4775 1000 4836 homines
1019 4774 1347 4848 ,publicatis
1369 4773 1538 4828 bonis
1560 4773 1956 4843 deportentur.

379 4869 750 4940 Sexagesima
780 4866 1006 4922 novella
1036 4863 1399 4934 imperatoris
1451 4861 1680 4926 Leonis,
1711 4860 1769 4914 Si
1799 4860 1952 4930 quis,

309 4959 518 5031 inquit,
553 4959 792 5012 omnino
826 4958 930 5011 has
962 4955 1216 5025 magicas
1263 4957 1414 5008 artes
1459 4949 1740 5006 adhibere
1796 4950 1952 5004 inve‘

307 5051 524 5118 niatur,
575 5049 696 5104 sive
753 5045 1014 5116 corporis
1072 5042 1307 5098 medelis
1366 5043 1660 5112 praetextu,
1716 5037 1835 5094 sive
1879 5039 1949 5093 ad

305 5139 682 5193 avertendum
723 5154 756 5192 a
787 5134 1074 5190 fructibus
1107 5132 1419 5198 damnum,
1454 5130 1503 5185 is
1547 5132 1949 5198 apostatarum

305 5243 534 5298 pmnam
559 5227 818 5294 subiens,
849 5223 1056 5280 ultimo
1087 5222 1378 5278 afficiatur
1412 5217 1720 5291 supplicio.

803 5403 956 5462 CAP.
989 5401 1062 5458 ΙΙ.
1099 5402 1170 5457 De
1198 5399 1452 5456 mollitie.

376 5495 658 5552 Consules
685 5497 754 5550 28
783 5511 911 5566 cap.
947 5492 1146 5549 litterae
1165 5493 1232 5546 K.

829 5583 981 5640 CAP.
1013 5582 1108 5638 III.
1143 5581 1212 5636 De
1241 5579 1431 5636 ebriis.

379 5677 613 5744 Quaeras
638 5673 711 5728 35
739 5690 861 5749 cap.
897 5673 1102 5730 littera:
1133 5672 1197 5728 K.

2137 4679 2204 4770 QZ
2261 4681 2326 4735 τὰ
2381 4680 2646 4757 λεγόμενα
2703 4691 2985 4751 ποιοῦντες
3056 4689 3326 4770 φυλακτά,
3383 4690 3472 4748 ἐπὶ
3546 4695 3703 4770 φίλίᾳ

2064 4769 2127 4822 τὸ
2158 4766 2332 4824 δοκεῖν
2361 4769 2678 4846 ἀνθρώπων,
2713 4754 3079 4852 δημευόμενοί
3109 4753 3569 4854 ιιὶξοριζὲσθωσαν.⁸

2133 4859 2193 4912 Ἡ
2255 4857 2310 4914 δὲ
2358 4861 2400 4930 ξ’
2459 4864 2619 4937 νεαρὰ
2675 4870 2772 4920 τοῦ
2833 4868 3104 4940 βασιλέως
3159 4871 3411 4940 Λέοντος,
3472 4872 3541 4930 Εἴ
3593 4895 3696 4945 τις,

2062 4948 2249 5036 φησὶν,
2303 4948 2450 5013 ὅλως
2494 4952 2560 5008 τὰ
2603 4959 2826 5010 τοιαῦτα
2873 4959 3149 5034 φωραθείη
3214 4963 3695 5036 μαγγανευόμενος,

2061 5035 2171 5092 εἴτε
2214 5041 2479 5116 προφάσει
2537 5043 2802 5116 σωμάτων
2862 5048 3165 5122 θεραπείας,
3219 5049 3325 5104 ε’ίτε
3381 5035 3694 5125 ἀποτροπῆς

2057 5135 2158 5198 τῆς
2205 5132 2312 5182 τῶν
2370 5132 2659 5205 καρπίμων
2720 5131 2959 5210 βλάϐης,
3009 5139 3108 5209 τήν
3160 5139 3399 5214 ἐσχάτην
3448 5141 3694 5216 εἰσπρατ-

2057 5219 2230 5274 τὲσθω
2279 5223 2498 5294 ποινὴν,
2546 5225 2644 5293 τήν
2675 5229 2788 5280 τῶν
2828 5227 3148 5285 ἀποστατῶν
3198 5229 3424 5286 κόλασιν
3477 5231 3699 5308 ὑφιστά-

2061 5329 2245 5381 μενος.

2394 5407 2652 5460 ΚΕΦΑΛ.
2695 5410 2766 5461 B'.
2810 5406 2968 5480 Περὶ
3011 5405 3370 5480 μαλακίας.

2125 5491 2284 5558 Ζήτει
2317 5489 2380 5545 τὸ
2409 5491 2495 5560 κη’
2523 5491 2815 5567 κεφάλαιον
2847 5499 2948 5550 τοῦ
2983 5503 3024 5551 Κ
3050 5501 3354 5574 στοιχείου.

2377 5584 2621 5637 ΚΕΦΑΛ.
2671 5583 2742 5640 I".
2787 5584 2944 5659 Περὶ
2978 5587 3376 5660 μεθυόντων.

2123 5669 2283 5741 Ζήτει
2315 5669 2376 5724 τὸ
2408 5667 2487 5726 λε’
2517 5669 2816 5752 κεφάλαιον
2840 5677 2939 5730 τοῦ
2969 5678 3010 5734 Κ
3039 5677 3340 5754 στοιχείου.

4043 1024 4060 1146 i,

4045 1147 4060 1204 ι

4047 1260 4060 1387 i

4044 1416 4060 1500 ί
