4080 6224
319 325 392 386 19

1597 313 1970 378 MATTH/El
2011 307 2436 372 BLASTARIS

3627 289 3706 350 20

315 462 666 517 ostendunt:
698 459 784 516 vel
817 461 887 515 de
932 458 1118 530 rigore
1161 471 1365 512 rursus
1413 470 1530 510 non
1576 451 1815 510 omnino
1864 466 2002 517 re-j

2112 445 2402 520 πιστροφὴν
2451 434 2914 510 ἐπιδεικνυμένοις
2946 452 2959 465 ·
3012 435 3046 503 ἢ
3097 434 3197 496 τῆς
3246 423 3527 504 ἀκριϐείας
3557 425 3706 488 αὖθις

317 548 568 619 mittere,
599 551 651 606 si
680 549 1026 620 castigatum
1077 547 1473 603 indili'crenter
1499 547 1556 599 et
1587 541 1830 597 remisse
1858 555 1956 608 per

315 639 725 695 correctionem
758 637 1108 709 dispositum
1146 653 1274 693 esse
1293 631 1797 689 animadverterit:
1821 645 1956 686 cum

317 728 472 784 enim
507 743 609 799 pro
641 728 824 782 forma
869 725 1172 782 ecclesiam
1217 723 1564 795 ingreditur,
1608 719 1815 776 salutis
1861 734 1956 772 ex-

245 845 248 854 ·
319 833 452 888 pers
484 825 660 888 atque
687 815 768 872 ita
795 815 1004 885 dignus
1051 813 1270 886 estqui
1320 831 1354 868 a
1399 810 1675 866 ﬁdelibus
1723 807 1960 880 quidem

321 910 642 977 separetur,
671 920 805 962 cum
825 903 1264 960 catechumenis
1291 917 1424 958 vero
1453 903 1512 955 et
1541 899 1876 968 stationem,
1905 902 1964 953 et

321 1012 354 1053 e
383 995 592 1066 templo
622 994 1014 1067 egressionem
1047 1006 1419 1050 communem
1449 989 1679 1045 habeat.

395 1179 606 1236 Eadem
657 1179 835 1234 etiam
893 1176 930 1230 2
984 1177 1189 1248 Ancyr.
1249 1191 1376 1248 syn.
1444 1189 1628 1228 canon
1686 1169 1968 1238 decernit,

321 1271 670 1343 potestatem
687 1267 976 1340 episcopis
1005 1266 1351 1332 concedens,
1376 1263 1548 1334 juxta
1577 1259 1964 1321 afﬂictionem,

325 1363 383 1415 et
427 1357 843 1422 humilitatem,
891 1359 951 1410 et
1001 1352 1509 1410 mansuetudinem
1571 1347 1973 1422 pmnitentiam

328 1449 578 1522 agentis,
609 1448 698 1504 vel
737 1445 924 1519 poenis
980 1446 1191 1501 addere
1245 1443 1332 1500 vel
1388 1443 1635 1500 auferre.
1688 1441 1862 1496 Porro
1918 1441 1978 1494 et

328 1538 573 1612 quintus
601 1541 666 1592 ut
689 1542 748 1593 et
775 1535 1061 1606 septimus
1109 1533 1398 1606 episcopis
1449 1535 1786 1603 potestatem
1837 1542 1976 1583 con-

329 1625 505 1694 cedit,
562 1621 980 1696 pmnitentibus
1029 1621 1312 1694 supplicia
1368 1625 1454 1676 vel
1522 1618 1820 1674 remittere
1895 1619 1981 1676 vel

332 1713 661 1781 extendere,
686 1711 1068 1770 ardentiorem
1116 1709 1400 1771 videlicet,
1451 1708 1604 1765 118
1645 1707 1736 1764 vel
1767 1705 1984 1762 remis-

2068 531 2328 608 μηδόλως
2381 531 2650 608 ὑφίεσθαι,
2700 527 2746 584 εἰ
2793 523 3102 600 ἀδιαφόρως
3149 520 3301 593 ὁρῴη
3352 519 3443 572 καὶ
3495 515 3707 589 ἀνειμέ-

2065 646 2171 688 νως
2219 625 2309 680 τὸν
2357 618 2748 694 ἐπιτιμηθέντα
2797 616 2933 693 πρὸς
2978 615 3076 683 τήν
3133 609 3448 682 ἐπιτίμησιν
3501 605 3705 662 διακεί-

2071 735 2251 788 μενον,
2309 714 2398 768 καὶ
2457 715 2535 784 τῷ
2593 711 2843 785 σχήματι
2915 707 3068 778 μόνῳ
3123 707 3222 770 τῆς
3279 698 3356 762 εἰς
3428 698 3522 754 τὸν
3581 697 3712 750 νεὼν

2069 801 2310 879 παρόδου
2353 801 2714 877 ἀρκούμενον,
2744 795 2834 851 καὶ
2881 795 2982 851 οὐκ
3028 793 3328 864 ἀνιώμενον
3359 788 3448 842 καὶ
3500 785 3716 856 ἀναξιο-

2071 896 2362 960 παθοῦντα,
2425 893 2508 946 ὅτι
2585 892 2696 943 τῶν
2759 887 2854 959 μὲν
2928 886 3131 940 πιστῶν
3202 875 3714 944 ἀποδιαστέλλεται,

2072 988 2188 1046 τοῖς
2241 981 2298 1037 δὲ
2352 977 2810 1055 κατηχουμένοις,
2874 980 2975 1044 τῆς
3031 992 3091 1026 τε
3147 968 3383 1029 στάσεως
3441 967 3718 1030 κοινωνεῖ,

2075 1073 2164 1128 καὶ
2193 1079 2293 1141 τῆς
2324 1070 2382 1125 ἐκ
2409 1073 2506 1124 τοῦ
2535 1067 2639 1123 νεὼ
2667 1064 3111 1143 ἀποφοιτήσεως.

2145 1166 2320 1216 Ταῦτα
2359 1158 2450 1214 καὶ
2500 1159 2528 1213 ὁ
2573 1157 2672 1226 τῆς
2721 1153 2774 1210 ἐν
2833 1152 3074 1230 Ἀγκύρα
3135 1149 3180 1225 β’
3239 1144 3556 1222 διορίζεται,
3616 1143 3719 1211 τήν

2080 1252 2321 1326 ἐξουσίαν
2373 1248 2492 1311 τοίς
2554 1243 2870 1304 ἐπισκόποις
2941 1239 3224 1310 ἀνατιθεὶς,
3286 1235 3420 1291 κατά
3490 1255 3554 1309 γε
3625 1231 3720 1286 τὸν

2081 1343 2346 1414 κάματον,
2398 1337 2490 1392 καὶ
2563 1333 2626 1392 τὸ
2690 1331 2940 1389 ταπεινὸν
3011 1332 3108 1384 τοῦ
3187 1327 3569 1400 μετανοοῦντος
3629 1320 3716 1374 καὶ

2082 1435 2278 1506 πρᾶον,
2327 1427 2363 1497 ἢ
2423 1422 2789 1500 προστιθέναι,
2833 1423 2868 1492 ἢ
2928 1419 3172 1497 ἀφαιρεῖν
3230 1419 3339 1471 τῶν
3401 1409 3719 1483 ἐπιτιμίων.

2084 1517 2260 1578 Ἀλλά
2305 1517 2394 1572 καὶ
2426 1515 2454 1570 ό
2503 1515 2540 1570 ε’
2568 1509 2647 1568 ἔτι
2695 1511 2786 1566 καὶ
2830 1511 2858 1564 ὁ
2891 1511 2937 1579 ζ’
2980 1512 3096 1569 τοῖς
3145 1502 3461 1564 ἐπισκόποις
3511 1497 3720 1574 ἐπιτρέ-

2087 1629 2175 1665 πει
2221 1607 2322 1676 τήν
2364 1603 2626 1676 ἐξουσίαν,
2673 1603 2708 1671 ἢ
2758 1599 2960 1654 ἀνεῖναι
2992 1597 3028 1666 ἢ
3080 1594 3342 1651 ἐπιτεῖναι
3387 1596 3504 1655 τοῖς
3559 1608 3724 1661 μετα·-

2086 1675 2287 1753 νοοῦσιγ
2320 1695 2386 1750 τά
2434 1693 2704 1766 ἐπιτίμια,
2749 1688 3078 1763 θερμότερον
3127 1679 3344 1754 δηλαδή
3388 1683 3424 1752 ἢ
3479 1675 3728 1766 ῥᾳθυμόξ

335 1805 550 1860 siorem
615 1800 1013 1876 paenitentiam
1087 1798 1571 1865 ostendentibus;
1656 1799 1978 1853 anteactam

2112 1806 2242 1861 τερον
2298 1786 2397 1853 τήν
2457 1783 2738 1856 μετάνοιαν
2795 1772 3260 1848 ἐπιδεικνυμένοις
3293 1791 3306 1806 ·
3386 1772 3604 1825 σκοπεῖν
3671 1762 3727 1820 δὲ

2160 1875 2165 1876 ,
2246 1875 2251 1876 γ
2601 1870 2650 1876 _.
2843 1869 2854 1876 .
3095 1865 3108 1876 ι
3197 1865 3211 1876 ι
3327 1861 3342 1876 ο
3387 1863 3398 1876 ι
3649 1855 3673 1876 π

253 1892 258 1900 ’
336 1907 566 1966 quoque
596 1907 820 1960 eorum,
870 1895 928 1947 et
973 1906 1097 1960 quae
1142 1892 1346 1962 postea
1395 1889 1710 1946 consecuta
1755 1883 1976 1950 est,vi-

335 1983 506 2040 vendi
536 1981 820 2038 rationem
851 1979 1180 2052 inspicere;
1216 1995 1360 2035 num
1399 1985 1573 2044 caste,
1604 1977 1692 2034 vel
1740 1974 1980 2032 remisse

339 2077 397 2128 et
426 2072 550 2128 laxe
577 2069 754 2127 vitam
785 2067 1029 2142 egerint,
1071 2072 1128 2124 et
1173 2067 1257 2124 sic
1295 2067 1665 2124 clementiam
1694 2080 1831 2136 erga
1848 2062 1982 2120 illos

339 2159 618 2219 adhibere
641 2158 828 2230 jubet.

413 2249 780 2306 Centesimus
825 2248 1122 2305 secundus
1172 2252 1343 2306 sextae
1390 2264 1514 2320 syn.
1563 2261 1772 2312 canon,
1813 2244 1982 2309 Eum,

341 2339 555 2412 inquit,
597 2338 698 2410 qui
745 2336 1004 2394 solvendi
1054 2343 1112 2392 et
1141 2337 1360 2406 ligandi
1402 2339 1743 2408 potestatem
1792 2351 1826 2389 a
1871 2331 1989 2388 Deo

345 2427 589 2501 accepit,
621 2426 842 2499 peccati
871 2424 1209 2499 qualitatem
1259 2425 1630 2482 considerare
1657 2425 1904 2496 oportet,
1935 2423 1994 2476 et

357 2519 487 2590 ejus
517 2517 616 2590 qui
649 2515 900 2588 peccavit
958 2516 1030 2572 ad
1077 2515 1512 2571 conversionem
1569 2511 1854 2577 studium,
1877 2509 1995 2565 sive

348 2613 548 2678 vergat
578 2607 648 2662 ad
680 2605 1014 2670 sanitatem,
1065 2604 1185 2662 sive
1213 2611 1414 2661 contra
1451 2601 1699 2675 propriis
1731 2599 1994 2657 moribus

349 2697 409 2752 in
439 2712 503 2752 se
533 2698 803 2768 provocet
844 2693 1137 2761 morbum,
1170 2701 1223 2750 et
1249 2693 1333 2750 sic
1371 2691 1594 2748 vulneri
1651 2687 1995 2747 convenien-

349 2789 468 2842 tem
528 2783 734 2840 at't‘erre
783 2783 1176 2851 medicinam;
1235 2799 1307 2839 ne
1365 2783 1416 2838 si
1463 2783 1522 2837 in
1582 2785 1828 2850 utroque
1882 2777 1998 2832 im-

353 2873 747 2930 moderatione
791 2875 1012 2940 utatur,
1072 2871 1144 2928 ab
1197 2873 1321 2942 ejus
1379 2871 1474 2943 qui
1540 2869 1764 2925 loberat
1819 2865 2000 2922 salute

353 2961 618 3019 excidat:
663 2961 856 3018 varius
916 2960 1073 3017 enim
1130 2965 1188 3018 et
1237 2959 1614 3017 multiformis
1651 2963 1738 3014 est
1783 2958 2012 3028 peccati

356 3051 616 3107 morbus.
648 3049 893 3106 Omnem
923 3049 1080 3106 enim
1127 3051 1406 3106 rationem
1454 3048 1564 3104 init
1610 3047 1786 3114 Deus,
1835 3044 2003 3116 isque

357 3141 452 3200 cui
484 3139 800 3246 pastoralis
831 3140 1080 3238 traditus
1110 3143 1200 3196 est
1226 3139 1606 3210 principatus,
1631 3140 1692 3192 ut
1710 3140 2001 3246 errantem
2035 3179 2076 3246 Ο

358 3243 522 3284 ovem
553 3225 815 3297 reducat,
845 3235 900 3283 et
927 3227 978 3282 ei
1009 3244 1136 3299 qua:
1167 3232 1258 3284 est
1286 3244 1320 3282 a
1367 3230 1635 3297 serpente
1679 3224 2003 3292 vulnerata,

360 3317 682 3385 medeatur,
725 3319 784 3372 et
837 3331 1026 3388 neque
1073 3333 1174 3388 per
1220 3313 1643 3386 desperationis
1690 3309 2006 3385 praecipitia

357 3405 640 3476 impellat,
673 3419 779 3461 nec
806 3405 880 3461 ad
903 3405 1032 3463 vitae
1061 3404 1501 3462 dissolutionem
1523 3408 1582 3460 et
1607 3405 2004 3472 contemptum

361 3496 524 3552 frena
555 3493 790 3564 relaxet,
821 3495 923 3552 sed
977 3510 1094 3551 uno
1154 3494 1347 3561 modo,
1405 3493 1525 3550 sive
1551 3509 1652 3566 per
1701 3491 1922 3548 acriora
1949 3493 2007 3544 et

363 3584 773 3657 astringentis,
805 3584 926 3640 sive
956 3599 1060 3656 per
1087 3583 1352 3641 molliora
1398 3588 1456 3640 et
1483 3583 1708 3640 leniora
1753 3578 2007 3636 medica-

364 3678 566 3730 menta
595 3672 884 3729 affectioni
933 3674 1186 3740 resistat,
1239 3677 1296 3728 et
1345 3673 1417 3729 ad
1467 3671 1675 3728 ulceris
1715 3669 2011 3726 obductio-

365 3777 500 3819 nem
535 3761 854 3832 adnitatur,
900 3763 1123 3820 fructus
1170 3761 1522 3834 poenitentiae
1561 3759 1922 3818 examinans,
1955 3761 2013 3811 et

367 3849 669 3922 sapienter
696 3848 1049 3920 dispensans
1077 3854 1134 3905 et
1189 3850 1516 3920 gubernans
1553 3847 1874 3913 hominem,
1916 3843 2014 3916 qui

367 3939 440 3994 ad
495 3937 848 4008 superiorem
909 3936 1400 3995 illuminaticnem
1448 3942 1702 3993 vocatur.
1761 3934 2015 4006 Utraque

367 4026 549 4100 igitur
590 4028 740 4084 scire
795 4032 1042 4098 oportet,
1090 4033 1150 4084 et
1200 4043 1326 4099 quae
1381 4035 1517 4083 sunt
1572 4026 1790 4082 summi
1844 4025 2014 4096 juris,

369 4122 428 4171 et
455 4132 584 4188 qua
615 4121 751 4173 sunt
789 4117 1226 4173 consuetudinis
1283 4116 1370 4173 vel
1429 4115 1788 4182 affectionis;
1855 4119 1912 4170 et
1957 4113 2017 4170 in

366 4196 621 4276 iis,quaa
678 4213 937 4262 extrema
965 4222 1082 4263 non
1138 4207 1474 4277 admittunt,
1529 4204 1848 4262 affectionis
1907 4218 2020 4259 mc-

371 4295 444 4350 do
477 4293 586 4361 uti,
615 4289 765 4352 sicut
819 4300 1060 4352 sanctus
1123 4300 1183 4353 et
1228 4312 1473 4369 magnus
1528 4296 1692 4351 docet
1757 4292 2020 4350 Basilius.

373 4401 440 4458 In
469 4386 640 4442 tertio
689 4388 847 4444 enim
886 4388 1016 4460 ejus
1071 4403 1316 4457 canone,
1376 4391 1440 4444 ln
1499 4402 1754 4455 summa,
1811 4385 2024 4458 inquit,

373 4476 560 4532 verior
587 4481 676 4532 est
697 4476 903 4549 lapsus
934 4477 1160 4533 medela
1193 4494 1226 4534 a
1275 4485 1510 4550 peccato
1562 4492 1819 4534 recessus
1844 4484 1897 4530 et
1927 4492 2030 4547 per

2084 1875 2296 1931 καὶτὸν
2345 1877 2554 1949 προτοῦ
2595 1870 2712 1946 βίον
2762 1869 2992 1936 τούτων,
3019 1865 3112 1922 καὶ
3158 1865 3248 1920 τὸν
3299 1861 3588 1928 εἰσέπειτα,
3620 1855 3728 1912 εἴτε

2089 1963 2410 2043 σωφρόνως,
2467 1960 2574 2016 εἶ’τε
2631 1957 2921 2032 ἀνειμένως
2981 1959 3116 2026 ζῶσι
3173 1953 3263 2007 καί
3333 1948 3568 2025 χαύνως,
3635 1945 3724 1999 καὶ

2091 2053 2234 2110 οὕτω
2263 2053 2363 2122 τὴν
2396 2049 2808 2129 φιλανθρωπίαν
2840 2045 3172 2121 ἐπιμετρεῖν.

2164 2233 2226 2290 Ὁ
2275 2229 2332 2286 δέ
2379 2232 2462 2306 ρβ¹
2507 2235 2608 2299 τῆς
2670 2231 2716 2292 ς’
2775 2222 3003 2282 συνόδου
3059 2221 3258 2290 κανὼν,
3301 2219 3408 2274 Τὸν
3465 2215 3728 2286 ἐξουσίαν,

2097 2322 2283 2398 φησὶν,
2329 2319 2591 2394 εἰληφότα
2645 2318 2790 2390 παρὰ
2844 2317 2978 2370 Θεοῦ
3031 2311 3178 2367 λύειν
3235 2328 3294 2364 τε
3347 2306 3434 2362 καὶ
3493 2301 3730 2375 δεσμεῖν,

2101 2415 2318 2468 σκοπεῖν
2361 2431 2418 2464 τε
2448 2410 2548 2478 τὴν
2581 2413 2680 2476 τῆς
2729 2403 2996 2478 ἁμαρτίας
3029 2399 3296 2470 ποιότητα
3343 2397 3480 2470 χρὴ,
3511 2393 3604 2447 καὶ
3631 2392 3734 2458 τήν

2101 2507 2199 2557 τοῦ
2256 2497 2646 2575 ἡμαρτηκότος
2705 2495 2840 2570 πρὸς
2893 2493 2992 2563 τήν
3067 2488 3400 2565 ἐπιστροφὴν
3481 2481 3740 2545 διάθεσιν,

2105 2590 2214 2648 εἷ’τε
2241 2591 2380 2665 πρὸς
2427 2590 2527 2659 τὴν
2565 2585 2764 2661 ὑγίειαν
2815 2585 3013 2653 νεύσει,
3044 2585 3080 2652 ἢ
3127 2575 3448 2636 τούναντίον
3501 2571 3589 2629 διὰ
3634 2575 3744 2627 τῶν

2105 2681 2319 2739 οἰκείων
2365 2681 2582 2755 τρόπων
2635 2674 3027 2753 προσκαλεῖται
3072 2672 3191 2728 καθ’
3241 2671 3434 2725 ἑαυτοῦ
3471 2666 3534 2720 τὸ
3576 2662 3746 2740 άρρώ-

2108 2793 2312 2846 στημα,
2337 2772 2430 2826 καὶ
2473 2769 2617 2824 οὕτω
2659 2763 3014 2834 κατάλληλον
3055 2761 3271 2836 ἐπάγειν
3317 2759 3418 2826 τὴν
3459 2750 3743 2830 θεραπείαν

2107 2841 2534 2935 υἷι-τραύματι,
2587 2855 2683 2911 ’ίνα
2743 2855 2842 2930 μὴ,
2898 2857 2968 2927 τῇ
3028 2851 3262 2925 ἀμετρίᾳ
3317 2848 3431 2902 καθ’
3492 2841 3743 2915 ἑκάτερον

2110 2952 2418 3026 χρώμενος,
2494 2943 2835 3022 ἀποσφαλείη
2910 2941 3044 3017 πρὸς
3117 2940 3216 3008 τὴν
3291 2934 3569 3008 σωτηρίαν
3644 2934 3748 2986 τοῦ

2111 3022 2414 3114 κάμνοντος
2450 3057 2462 3069 ·
2512 3031 2814 3102 πολυειδὴς
2861 3031 2964 3108 γὰρ
3009 3029 3100 3085 καὶ
3147 3025 3377 3096 ποικίλη
3425 3030 3524 3092 τῆς
3565 3022 3751 3095 ἀμαρ-

2111 3131 2231 3192 τίας
2271 3133 2304 3199 ἡ
2353 3127 2534 3189 νόσος.
2592 3129 2700 3188 [Ιᾶς
2753 3123 2934 3194 μέντοι
2983 3118 3150 3194 λόγος
3207 3120 3323 3189 Θεῷ
3363 3113 3456 3170 καὶ
3511 3116 3590 3181 τῷ
3645 3116 3747 3178 τὴν

2115 3221 2479 3292 ποιμαντικην
2525 3213 2818 3289 ἡγεμονίαν
2862 3206 3284 3289 ἐγχειρισθὲντι,
3332 3205 3395 3260 τὸ
3448 3201 3750 3274 πλανώμε-

2111 3331 2200 3364 νον
2248 3303 2524 3382 πρόϐατον
2569 3305 2940 3377 ἐπαναγαγεῖν,
2990 3300 3082 3354 καὶ
3137 3297 3200 3352 τὸ
3257 3293 3462 3370 τρωθὲν
3511 3292 3615 3346 ὑπὸ
3655 3293 3753 3344 τοῦ

2115 3398 2289 3477 ὄφεως
2340 3395 2666 3467 ἐξιάσασθαι,
2715 3392 2806 3447 καὶ
2860 3392 3000 3464 μήτε
3046 3388 3182 3443 κατὰ
3233 3383 3485 3459 κρημνοῦ
3542 3381 3752 3448 ὠθῆσαι

2113 3496 2214 3558 τῆς
2273 3485 2654 3562 ἀπογνώσεως,
2715 3482 2856 3554 μήτε
2909 3479 2977 3534 τά
3034 3475 3234 3552 χαλινὰ
3288 3469 3568 3528 ἐπιδοῦναι
3621 3468 3756 3542 πρὸς

2113 3584 2213 3648 τήν
2244 3583 2341 3632 τοῦ
2393 3575 2514 3650 βίου
2545 3570 2761 3630 ἔκλυσίν
2805 3591 2864 3626 τε
2891 3568 2982 3624 καὶ
3021 3563 3422 3644 καταφρόνησιν
3457 3581 3468 3594 ·
3524 3557 3650 3614 ἀλλ’
3683 3555 3759 3612 ἐνί

2117 3689 2180 3742 γε
2209 3673 2290 3740 τῷ
2336 3665 2544 3737 τρόπῳ.
2578 3660 2684 3718 είετε
2731 3658 2822 3716 διὰ
2867 3664 2976 3714 τῶν
3027 3653 3442 3728 αὖστηροτέρων
3489 3648 3580 3704 καὶ
3629 3668 3761 3701 στυ-

2119 3759 2351 3836 φόντων,
2386 3753 2491 3809 εἷ’τε
2541 3750 2630 3806 διά
2657 3755 2766 3805 τῶν
2809 3747 3176 3820 άπαλιοτέρων
3205 3764 3266 3798 τε
3305 3740 3393 3798 καἰ
3439 3737 3754 3814 πραοτέρων

2121 3846 2443 3926 φαρμάκων,
2492 3843 2628 3898 κατὰ
2675 3844 2772 3895 τοῦ
2821 3837 3024 3898 πάθους
3077 3837 3290 3900 στῆναι,
3334 3831 3424 3885 καὶ
3471 3828 3607 3902 πρὸς
3655 3827 3756 3895 τὴν

2122 3935 2458 3992 συνούλωσιν
2511 3936 2608 3988 τοῦ
2661 3928 2858 3990 ἕλκους
2915 3922 3397 4000 ἀνταγωνίσασθαι,
3453 3917 3582 3979 τοὺς
3656 3922 3758 3984 τῆς

2129 4023 2409 4099 μετανοίας
2466 4019 2707 4095 καρποὺς
2782 4016 3161 4089 δοκιμάζοντι,
3217 4009 3309 4066 καὶ
3385 4007 3760 4078 οἰκονομοῦντι

2126 4115 2308 4176 καλῶς
2353 4111 2444 4167 τόν
2497 4111 2635 4186 πρὸς
2677 4111 2777 4178 τὴν
2833 4105 2942 4162 ἄνω
3003 4102 3368 4176 λαμπρότητα
3423 4095 3765 4168 καλούμενον

2129 4205 2434 4279 ἄνθρωπον.
2469 4183 2777 4276 Ἀμφότερα
2821 4194 2999 4252 τοίνυν
3025 4189 3220 4248 εἰδέναι
3269 4189 3406 4264 χρὴ,
3436 4185 3526 4240 καὶ
3571 4183 3640 4238 τὰ
3666 4190 3768 4251 τῆς

2131 4288 2434 4366 ἀκριϐείας,
2463 4290 2553 4344 καὶ
2594 4289 2662 4344 τά
2691 4293 2790 4357 τῆς
2843 4282 3148 4353 συνηθείας,
3181 4278 3217 4348 ἢ
3269 4276 3628 4351 συμπαθείας,
3677 4271 3768 4326 καὶ

2135 4383 2222 4439 ἐπὶ
2277 4387 2386 4436 τῶν
2440 4382 2514 4454 μὴ
2565 4373 3015 4451 καταδεχομένων
3071 4371 3171 4440 τὴν
3218 4367 3512 4442 ἀκρότητα,
3534 4366 3625 4454 ,τῷ
3652 4367 3768 4454 -τῆς

2135 4451 2468 4546 συμπαθείας
2516 4467 2672 4539 τύπῳ
2709 4463 3036 4543 κεχρῆσθαι,
3066 4459 3140 4520 ὡς
3189 4459 3218 4513 ὁ
3267 4456 3410 4531 ἱερὸς
3441 4453 3550 4508 διαὶ
3601 4451 3769 4528 μέγας

375 4565 822 4638 temperantiam
855 4575 909 4624 et
939 4567 1314 4624 alﬂicticnem
1342 4583 1574 4624 carnem
1597 4566 1658 4622 in
1679 4541 2002 4622 servitutem

2131 4560 2372 4616 διδάσκει
2431 4556 2739 4618 Βασίλειος.
2778 4541 2882 4610 ν’ίΕν
2942 4551 3047 4626 γάρ
3097 4552 3178 4618 τῷ
3233 4547 3281 4621 γ’
3341 4543 3504 4600 αὐτοῦ
3560 4541 3770 4608 κανόνι,

377 4655 640 4728 redigere
677 4659 736 4711 et
774 4656 1009 4729 spiritui
1049 4657 1380 4728 subjicere;
1412 4657 1491 4712 ita
1520 4656 1676 4712 enim
1708 4655 1806 4727 qui
1840 4653 2024 4727 pumi-

377 4744 616 4800 tentiam
648 4745 786 4817 agit,
819 4746 1137 4816 perl‘ectum
1187 4746 1507 4802 curationis
1555 4761 1674 4800 suae
1717 4747 2028 4800 documen-

377 4837 504 4889 tum
549 4832 716 4890 nobis
744 4833 1056 4890 exhibebit.
1099 4834 1321 4890 Debent
1347 4850 1480 4890 vero
1511 4833 1841 4889 animarum
1873 4847 2030 4887 cura-

379 4932 531 4980 tores
556 4928 807 4996 utraque
853 4941 1044 4992 nosse,
1086 4928 1143 4981 et
1178 4941 1308 4998 quae
1357 4930 1498 4981 sunt
1537 4922 1948 4992 summijuris,
1975 4928 2034 4977 et

393 5031 520 5087 qua:
571 5021 711 5071 sunt
757 5016 1215 5073 consuetudinis.
1251 5017 1320 5072 Et
1349 5017 1397 5072 si
1437 5015 1699 5086 quidem,
1745 5030 1864 5084 quas
1896 5020 2033 5070 sunt

384 5105 602 5158 summi
641 5105 814 5175 juris,
867 5105 1176 5161 admittant
1222 5104 1308 5161 illi
1354 5105 1455 5176 qui
1491 5101 1924 5170 confessisunt,
1965 5117 2034 5155 ex

385 5191 510 5262 ejus
541 5195 878 5266 praescripto
909 5209 1042 5248 cum
1091 5193 1238 5265 ipsis
1287 5207 1492 5264 agere:
1525 5191 1616 5248 sin
1647 5195 1840 5247 autem
1871 5188 2037 5245 oblu-

389 5283 639 5347 ctentur,
653 5283 820 5356 sequi
835 5282 1210 5340 demissicnis
1222 5281 1699 5338 consuetudinem
1719 5279 2031 5336 debebunt.

390 5367 910 5445 ἐξομολογούμενοι,
970 5373 1087 5426 κατ’
1135 5369 1344 5441 ἐκείνην
1401 5370 1710 5443 οἰκονομεῖν
1765 5365 1963 5430 αὐτοὺς
1995 5385 2012 5404 ο

391 5452 756 5522 καταϐάσεως.

467 5550 530 5604 In
556 5548 628 5604 74
666 5565 800 5608 vero
849 5569 977 5608 can.
1033 5553 1199 5623 ejus:
1229 5552 1336 5620 Qui
1395 5551 1616 5624 ligandi
1673 5555 1728 5608 et
1775 5547 2037 5606 solvendi

397 5641 737 5712 potestatem
767 5659 802 5698 a
830 5641 947 5699 Deo
975 5650 1343 5715 acceperunt,
1373 5641 1454 5701 eis
1495 5658 1609 5699 non
1631 5649 1712 5700 est
1741 5640 1878 5697 vitio
1906 5655 2036 5696 ver-

2137 4650 2415 4720 Καθόλου,
2475 4649 2631 4726 φησὶ,
2680 4645 3042 4716 ἀληθέστερον
3101 4637 3235 4711 ἴαμα
3280 4637 3377 4690 τοῦ
3426 4631 3770 4711 σφάλματος,

2136 4744 2170 4812 ἡ
2211 4749 2310 4810 τῆς
2359 4739 2624 4813 ἁμαρτίας
2675 4735 3051 4812 ἀναχώρησις,
3099 4727 3186 4782 καὶ
3231 4727 3294 4780 τὸ
3345 4722 3415 4779 δι’
3461 4721 3771 4799 ἐγκρατείας

2135 4832 2226 4887 καὶ
2273 4831 2634 4891 κακοπαθείας
2661 4827 2759 4895 τὴν
2809 4826 2982 4899 σάρκα
3029 4817 3472 4892 δουλαγωγῆσαι,
3503 4812 3594 4866 καὶ
3637 4812 3774 4866 ὑπο-

2137 4921 2286 4991 τάξαι
2330 4924 2409 4991 τῷ
2455 4917 2768 4989 πνεύματι·
2819 4913 2964 4968 οὕτω
3009 4909 3111 4984 γὰρ
3154 4904 3366 4963 τελείαν
3405 4905 3544 4975 ἡμῖν
3597 4903 3626 4956 ὁ
3674 4921 3772 4974 νμε-

2136 5013 2342 5063 τανοῶν
2395 5004 2607 5080 παρέξει
2654 5009 2754 5073 τῆς
2805 4999 3126 5076 ἰατρεύσεως
3184 4993 3350 5050 αὐτοῦ
3396 4994 3496 5062 τήν
3553 4988 3772 5045 ἀπόδειο

2137 5099 2240 5168 ξιν.
2291 5101 2379 5152 Δεῖ
2430 5093 2487 5151 δέ
2533 5094 2658 5156 τοὺς
2713 5096 2820 5147 τῶν
2865 5092 3061 5164 ψυχῶν
3109 5083 3436 5157 οἰκονόμους
3472 5080 3775 5156 ἀμφότεροι

2141 5184 2360 5256 εἰδὲναι,
2419 5185 2509 5240 καὶ
2565 5185 2630 5239 τὰ
2687 5185 2787 5248 τῆς
2845 5173 3146 5254 ἀκριϐείας,
3196 5173 3287 5229 καὶ
3340 5170 3407 5226 τὰ
3458 5175 3560 5238 τῆς
3616 5189 3781 5238 συνηο

2143 5276 2285 5338 θείας
2320 5295 2334 5308 ·
2394 5275 2482 5329 καί
2545 5274 2590 5328 εἰ
2650 5273 2746 5347 μὲν
2803 5266 3196 5346 καταδέχρνται
3252 5262 3351 5330 τὴν
3405 5251 3678 5333 ἀκρίϐειαν
3726 5257 3779 5310 οἱ

2070 5367 2118 5423 εἰ
2167 5363 2222 5422 δὲ
2281 5365 2688 5440 σκληρόνοιντο,
2741 5359 2966 5418 ’ἔπεσθαι
3040 5361 3110 5432 τῇ
3169 5349 3420 5421 συνηθείᾳ
3493 5353 3592 5415 τῆς
3649 5367 3784 5420 συγ-

2217 5546 2305 5601 Ἐν
2352 5541 2406 5598 δὲ
2452 5548 2532 5616 τῷ
2582 5539 2678 5608 οδ’,
2714 5541 2775 5596 Οἱ
2826 5537 3044 5612 δεσμεῖν
3087 5534 3176 5590 καὶ
3225 5531 3372 5589 λύειν
3420 5526 3660 5600 ἐξουσίαν
3703 5525 3784 5580 εἰ-

2147 5633 2382 5710 ληφότες
2429 5631 2574 5708 παρὰ
2620 5634 2776 5699 Θεοῦ,
2830 5626 3096 5702 μεμπτέοι
3127 5624 3228 5682 οὐκ
3274 5620 3334 5677 ἃν
3385 5619 3514 5687 εἷεν,
3555 5615 3622 5685 εἰ,
3671 5619 3780 5671 τῶν
