4060 6228
243 351 318 410 21
1305 353 1743 416 SYNTAGMA
1785 356 2421 421 ALL’HABETICUM.
2467 393 2542 403 —
2585 361 2674 420 M.
2961 374 2967 382 ‘
3592 358 3670 418 22

249 455 787 556 ἐξομολογουμένων
861 482 1162 540 σπουδαίαν
1239 485 1330 540 καὶ
1405 485 1735 562 θερμοτέραν
1809 488 1903 556 τὴν

2029 491 2270 547 tendum
2301 491 2347 547 si
2361 491 2773 549 conﬁtentibus
2785 492 2998 548 seriam
3013 496 3071 548 et
3083 492 3470 550 ardentiorem
3493 491 3671 564 pmni.

261 575 568 646 μετάνοιαν
637 571 1112 647 ἐπιδεικνυμένων,
1187 574 1369 637 αὐτοῖς
1447 575 1680 651 ἀρέσειεν
1750 575 1912 632 ἐλατ-

261 670 458 720 τῶσαι
503 665 623 724 τοὺς
668 663 982 738 ὁρισθέντας
1028 668 1137 721 τῶν
1185 663 1476 738 ἐπιτιμίων
1524 665 1781 742 χρόνους,
1812 674 1914 736 τῆς

273 751 334 806 ἐν
403 758 516 812 ταῖς
573 757 609 804 Γ
613 757 800 827 ραιραῖς
860 752 1108 828 ἱστορίας
1164 751 1510 828 ἐγγυωμένης
1567 757 1726 828 ἡμῖν,
1782 755 1912 818 τοὺς

291 842 426 914 μετὰ
472 843 703 914 μείζονος
749 839 1302 917 ἐξομολογούμένους
1348 844 1541 915 πόνου,
1580 845 1769 899 θᾶττον
1810 846 1909 915 τήν

289 935 381 986 τοῦ
408 934 529 985 Θεοῦ
554 929 972 1008 φιλανθρωπίαν
1002 926 1457 1006 καταλαμϐάνειν.

355 1021 466 1078 ἐετί
512 1018 568 1076 δὲ
615 1025 718 1076 τοῦ
777 1021 1086 1094 ἀγιωτάτου
1127 1021 1472 1098 πατριάρχου
1521 1030 1704 1080 Λουκᾶ
1747 1045 1911 1099 στρα-

289 1112 435 1183 τώτῃ
481 1110 587 1164 τινὶ
649 1112 814 1188 φόνον
867 1111 1114 1167 ἑκούσιον
1166 1109 1442 1184 δράσαντι,
1490 1112 1782 1175 ἐπίσκοπός
1831 1136 1913 1178 τις

281 1200 352 1254 ἐπί
382 1199 594 1275 μετρίῳ
628 1201 768 1256 πάνυ
814 1205 990 1274 καιρῷ
1023 1199 1307 1278 ἐγγράφως
1339 1203 1488 1274 αὐτῷ
1515 1203 1614 1270 τήν
1661 1203 1909 1258 ἀθώωσιν

271 1287 488 1358 δέδωκε,
541 1289 638 1343 καὶ
684 1289 1090 1365 ἐγκαλούμενος
1147 1289 1293 1363 παρά
1341 1296 1442 1360 τῆς
1502 1289 1756 1360 συνόδου,
1817 1293 1908 1348 τὸν

265 1378 508 1452 παρόντα
555 1379 754 1434 κανόνα
800 1378 1102 1454 προέτεινεν
1136 1398 1150 1412 ο
1199 1379 1326 1436 ἀλλ’
1371 1380 1616 1450 ἤκουνεν,
1664 1383 1746 1438 ὅτι
1794 1385 1914 1446 τόῖς

261 1467 616 1542 ἀρχιερεῦσιν
665 1465 828 1539 ἐδόθη
879 1470 977 1542 μέν
1027 1466 1200 1538 αὔξειν
1250 1489 1308 1524 τε
1355 1471 1446 1524 καὶ
1497 1475 1680 1543 μειοῦν
1735 1471 1802 1526 τὰ
1855 1472 1915 1527 ἐκ

262 1560 368 1610 τῶν
396 1555 642 1610 κανόνων
691 1556 965 1629 ἐπιτίμια,
998 1556 1061 1612 οὐ
1113 1560 1220 1631 μήν
1257 1558 1583 1633 ἁνεξετάστῳ
1622 1560 1711 1615 καὶ
1754 1563 1916 1636 ὑπερ-

269 1640 558 1720 ϐαλλοῦσῃ
637 1650 876 1722 χρῆσθαι
949 1644 1358 1723 συγκαταϐἀσει.
1417 1651 1576 1706 Ὅθεν
1649 1652 1740 1707 τὸν
1822 1653 1916 1724 μὲν

267 1737 614 1806 στρατιώτην
658 1742 776 1799 τόῖς
818 1734 879 1792 ἐκ
911 1743 1022 1793 τῶν
1059 1739 1307 1794 ’κανόνων
1354 1737 1654 1813 ἐπιτιμίοις
1699 1743 1736 1811 ἡ
1788 1742 1915 1796 σύν-

2023 581 2266 637 teatiam
2300 581 2763 647 ostendentibus,
2796 580 2912 636 illis
2944 581 3133 653 placet
3161 581 3468 638 deﬁnitum
3489 597 3672 654 pennae

2021 672 2256 741 tempus
2331 673 2634 738 minuere;
2695 670 3002 742 Scriptura:
3071 669 3364 741 siquidem
3429 670 3672 726 historia

2023 759 2192 814 nobis
2225 759 2604 815 manifestum
2637 759 2901 820 faciente,
2935 761 3086 830 quod
3121 759 3219 830 qui
3248 760 3456 831 majori
3476 758 3668 814 labore

2021 851 2392 918 confitentur,
2421 866 2520 906 eos
2540 849 2638 906 Dei
2665 849 3122 906 misericordiam
3147 849 3319 906 citius
3351 850 3672 923 apprehen-

2022 941 2182 999 dere.

2093 1030 2378 1102 Tempore
2443 1045 2612 1100 porro
2672 1028 3033 1085 sanctissimi
3091 1027 3423 1100 patriarcha!
3483 1028 3669 1096 Lucae,

2022 1119 2204 1174 milite
2253 1121 2506 1190 quodam
2542 1119 2756 1174 caedem
2813 1117 3202 1173 voluntariam
3251 1117 3669 1184 committente,

2019 1210 2330 1278 episcOpus
2361 1207 2599 1278 quidam
2625 1212 2750 1276 post
2770 1205 2936 1260 valde
2955 1205 3246 1260 modicum
3269 1209 3500 1276 tempus
3517 1205 3672 1262 datis

2021 1295 2254 1366 scriptis
2304 1293 2733 1351 absolutionem
2780 1294 2864 1349 illi
2912 1293 3221 1362 concessit,
3269 1299 3326 1349 et
3372 1310 3405 1347 a
3451 1294 3670 1362 synodo

2021 1386 2448 1450 condemnatus,
2509 1388 2845 1456 praesentem
2922 1399 3202 1438 canonem
3279 1383 3336 1436 in
3415 1382 3670 1438 medium

2021 1476 2255 1532 attulit:
2299 1478 2398 1532 sed
2422 1489 2766 1546 responsum
2819 1474 3064 1544 accepit,
3115 1474 3270 1544 quod
3319 1472 3673 1528 antistitibus

2021 1581 2358 1621 concessum
2408 1565 2519 1619 fuit
2585 1579 2874 1619 canonum
2926 1579 3125 1633 poenas
3184 1561 3270 1617 vel
3327 1575 3535 1632 augere
3583 1561 3670 1616 vel

2023 1655 2306 1723 minuere,
2363 1669 2481 1710 non
2545 1657 2740 1708 autem
2808 1651 3167 1720 inexplorata
3235 1655 3290 1706 et
3367 1655 3672 1718 arrogante

2022 1743 2374 1801 demissione
2431 1743 2550 1812 uti;
2611 1743 2763 1798 unde
2821 1741 3066 1796 militem
3148 1740 3388 1812 quidem
3464 1740 3671 1812 poenis,

269 1822 403 1886 οδος
454 1821 800 1882 καθυπέϐαλε
829 1845 844 1860 ·
897 1827 990 1882 τὸν
1041 1825 1098 1883 δὲ
1138 1827 1399 1904 ἀρχιερέα
1445 1827 1596 1894 δίκας
1641 1831 1903 1906 ἀπῄτησε,

2023 1852 2164 1907 quas
2195 1850 2446 1891 canones
2477 1833 2733 1904 exigunt,
2757 1831 3013 1903 synodus
3033 1831 3306 1900 subjecit,
3327 1829 3400 1886 ab
3417 1829 3676 1886 antistite

269 1917 371 1982 τήν
400 1913 456 1969 ἐν
492 1915 781 1991 ὡρισμένῳ
811 1921 986 1992 καιρῷ
1011 1925 1110 1989 τῆς
1142 1916 1480 1995 λειτουργίας
1509 1919 1804 1998 ἐπίσχεσιν.

345 2096 406 2148 '0
437 2091 501 2149 δὲ
547 2097 759 2167 Νιισσης
810 2094 977 2171 μέγας
1027 2104 1352 2174 Γρηγοριος,
1401 2097 1452 2154 ἐν
1493 2119 1572 2171 τῳ
1616 2100 1663 2174 γ’
1708 2099 1914 2169 κανόνι,

265 2185 397 2240 Ἐπί
447 2189 562 2238 τῶν
605 2183 992 2260 σπουδαιοτέρᾳ
1038 2185 1421 2262 κεχρημένων,
1464 2190 1620 2265 φησί,
1666 2193 1735 2262 τῇ
1792 2189 1914 2244 ἐπι-

271 2278 516 2350 στροφῇ,
547 2272 638 2327 καὶ
673 2281 752 2348 τῷ
784 2275 888 2350 βίῳ
935 2273 1250 2332 δεικνύντων
1280 2279 1381 2346 τήν
1431 2279 1566 2350 πρὸς
1613 2279 1676 2333 τὸ
1717 2279 1910 2350 ἀγαθὸν

271 2361 563 2431 ἐπάνοδον,
595 2357 753 2431 ἕξιετι
801 2370 879 2436 τῷ
921 2365 1300 2438 οἰκονομοῦντι
1347 2367 1480 2440 πρὸς
1526 2369 1588 2422 τὸ
1639 2368 1912 2447 συμφέρον

272 2457 560 2525 συντεμεῖν
591 2453 682 2506 τὸν
715 2454 938 2531 χρόνον,
969 2454 1060 2510 καὶ
1105 2457 1302 2530 τάχιον
1350 2455 1647 2511 ἀποδοῦναι
1693 2457 1910 2520 τούτοις

272 2545 370 2612 τὴν
409 2542 912 2610 κοινωνίαν,ὅπως
959 2545 1020 2600 ἂν
1065 2545 1162 2614 τήν
1209 2549 1306 2599 τοῦ
1344 2547 1776 2619 θεραπευομένου
1821 2567 1912 2600 κα-

278 2634 531 2686 tia-uan
577 2627 934 2702 δοκιμᾶσειεν.
985 2636 1188 2709 ’Ὠσπερ
1245 2636 1350 2711 γὰρ
1405 2635 1465 2689 τὸ
1520 2640 1635 2698 τοῖς
1694 2635 1908 2710 χοίροις

278 2723 486 2796 ῥίπτειν
532 2718 674 2780 τοὺς
729 2723 1050 2798 μαργαρίτας
1106 2723 1418 2795 ἀπείρηται,
1470 2723 1613 2781 οὕτω
1669 2725 1731 2780 τὸ
1779 2726 1910 2780 ἁπο-

271 2815 479 2885 στερεῖν
532 2810 637 2864 τοῦ
693 2805 869 2880 τιμίω
921 2813 1258 2886 μαργαρίτου
1313 2815 1404 2868 τὸν
1457 2811 1568 2883 ἤδη
1627 2812 1911 2888 ἄνθρωπον

268 2899 358 2955 δια
403 2907 512 2967 τῆς
559 2895 924 2970 καθαρότητίς
973 2921 1030 2956 τε
1077 2902 1163 2956 καὶ
1212 2909 1314 2970 τῆς
1371 2901 1629 2966 ἀπαθείας
1677 2924 1908 2977 γενομε-

263 3011 384 3054 νον,
433 2993 551 3044 τῶν
602 2986 824 3041 ἀτόπων
873 2983 992 3045 ἐστι.
1045 2995 1328 3065 Πανταχοῦ
1373 2991 1476 3064 γὰρ
1534 2989 1588 3046 ἐν
1637 2990 1910 3066 πλημμε-

266 3077 530 3150 λήματος
564 3073 703 3132 εἴδει
751 3075 912 3129 τοῦτο
958 3080 1174 3153 ιαθορᾷν
1214 3081 1478 3153 προσήκει
1520 3083 1627 3156 πρὸ
1673 3082 1906 3150 πάντων,

269 3167 362 3224 οἶα
423 3167 578 3222 ἐστὶν
636 3167 674 3234 ἡ
731 3167 829 3218 τοῦ
886 3165 1301 3240 θερξπευομένου
1357 3169 1610 3239 διάθεσις,
1669 3170 1758 3225 καὶ
1828 3173 1904 3245 μή

270 3258 368 3312 τὸν
400 3257 612 3334 χρόνον
662 3251 870 3308 οἴεσθαι
914 3235 1034 3326 τέρά
1073 3235 1356 3334 θεραπείαν
1401 3235 1606 3332 ἀρκεῖν,
1647 3260 1752 3334 (τίς
1935 3235 1980 3304 c

271 3347 331 3400 ἰν
365 3346 432 3400 ἐκ
483 3351 584 3399 τοῦ
617 3343 822 3422 χρόνου
873 3340 1016 3401 ἴασις
1045 3346 1261 3424 γένοιτο
1281 3351 1324 3420 ς)
1370 3347 1518 3403 ἀλλά
1557 3350 1656 3418 τήν
1705 3349 1908 3423 προαί-

267 3458 418 3510 ρεσιν
454 3439 556 3490 τοῦ
597 3435 785 3490 ἑαυτὸν
827 3430 900 3487 δι’
938 3430 1256 3516 ἐπισοοοιρῆς
1307 3438 1711 3511 θεραπεύοντος.
1753 3439 1907 3494 Ἐστι

268 3524 350 3592 δὲ,
407 3538 570 3603 φησι,
631 3521 868 3599 διαφορά
907 3541 993 3584 τις
1038 3517 1088 3574 ἐν
1124 3531 1204 3600 τῷ
1261 3526 1414 3604 λόγῳ
1465 3535 1564 3596 τῆς
1625 3529 1908 3599 μετανοίας

275 3615 508 3678 τοιαύτη
544 3633 559 3643 ⁸
621 3613 651 3666 ὁ
705 3611 802 3683 μὲν
859 3609 951 3686 ἀφ’
1008 3609 1176 3669 ἑαυτῶ
1231 3617 1369 3689 πρὸς
1421 3618 1521 3685 τήν
1573 3615 1907 3691 ἐξαγόρευσιν

273 3711 372 3770 τῆς
437 3700 713 3775 ἁμαρτίας
775 3699 1050 3774 ὁρμήσας,
1107 3698 1214 3759 αὖ’ὸ
1267 3706 1330 3759 τὸ
1395 3703 1776 3774 καταδέξασθαι
1835 3704 1906 3760 δι’

275 3791 485 3852 οἰκείας
753 3787 997 3864 γενέσθαι
1035 3790 1142 3840 τῶν
1190 3793 1409 3870 ηυφίων
1449 3797 1780 3868 κατήγορος,
1830 3796 1904 3856 ὡς

277 3880 388 3949 ἤδη
441 3887 544 3948 τῆς
593 3877 878 3952 θεραπείας
924 3876 1242 3950 ἀρξάμενος,
1271 3883 1323 3938 ἐν
1367 3883 1905 3962 φιλανθρωποτέροις

278 3971 485 4043 γίνεται
516 3975 638 4028 τοῖς
677 3967 1005 4039 ἐπιτιμίοις.
1035 3969 1093 4020 Ὃ
1227 3973 1470 4039 φωίαθεῖς
1500 3971 1586 4026 ἐπὶ
1625 3977 1703 4043 τῷ
1733 3979 1904 4044 κακῷ,

279 4063 315 4129 ἢ
349 4058 446 4114 δια
472 4079 623 4118 τινος
657 4058 892 4130 ὑποψίας
925 4055 961 4125 ἢ
1001 4051 1326 4128 κατηγορίις
1348 4061 1697 4140 ὶπελεγχθεὶς
1738 4064 1902 4117 ἀκου-

279 4149 440 4210 σίως,
501 4147 558 4202 ἐν
613 4145 973 4220 ἐπιτεταμένῃ
1030 4146 1232 4218 γίνεται
1287 4144 1357 4213 τῇ
1389 4151 1712 4227 ἐπιστροφῇ,
1767 4150 1905 4207 ὥστε

279 4239 680 4312 καθαρισθέντα
731 4233 802 4290 δι’
857 4229 1133 4306 ἀκριϐείας
1197 4230 1382 4298 αὐτὸν,
1427 4239 1588 4301 δῦτως
1651 4239 1739 4294 ἐπὶ
1801 4242 1900 4308 τήν

278 4334 391 4382 τῶν
435 4327 797 4401 ἁγιασματων
836 4325 1012 4379 ἐλθεῖν
1063 4319 1366 4377 κοινωνίαν.
1419 4325 1546 4384 Ζ¹τει
1591 4329 1680 4385 καὶ
1725 4329 1776 4384 ἐν
1822 4335 1902 4402 τῷ

283 4414 374 4487 λβ’
407 4436 535 4492 κεφ.
585 4417 686 4468 τοῦ
733 4417 775 4469 Ε
819 4411 1100 4488 στοιχείου
1139 4406 1337 4464 κανόνα
1385 4409 1484 4460 τοῦ
1506 4415 1750 4493 μεγάλου
1797 4423 1904 4472 Ba-

279 4503 497 4560 σιλείου
540 4503 658 4576 πβ’,
698 4501 788 4556 καὶ
829 4501 882 4557 ἐν
916 4505 998 4572 τῷ
1032 4499 1112 4576 κγ’
1149 4516 1269 4576 κεφ.
1309 4498 1406 4550 τοῦ
1449 4500 1488 4547 Κ
1525 4504 1770 4580 τοιχείου
1811 4526 1902 4560 κα-

280 4596 415 4650 νόνα
463 4589 568 4646 τοῦ
603 4591 768 4646 αὐτοῦ
805 4591 906 4660 ξα’,
942 4589 1034 4644 καὶ
1072 4587 1124 4644 ἐν
1168 4590 1248 4659 τῷ
1297 4585 1348 4655 η’
1393 4605 1514 4658 κεφ.
1551 4599 1620 4648 ἐὖ
1661 4601 1701 4648 Σ
1752 4615 1896 4650 στοι..

279 4685 445 4758 pios
482 4681 687 4736 κανόνα
723 4683 821 4736 τοῦ
859 4677 1026 4734 αῧτοῦ
1063 4678 1129 4748 θ’,
1157 4674 1248 4731 καὶ
1287 4673 1340 4729 ἐν
1374 4677 1455 4745 τῷ
1493 4673 1571 4747 κγ’
1613 4705 1694 4760 ιφ,
1730 4687 1828 4739 τοῦ
1859 4689 1902 4738 Κ

281 4771 577 4847 στοιχείου
606 4767 800 4824 κανόνα
831 4767 1132 4844 Γρηγορίου
1161 4769 1260 4822 τοῦ
1291 4771 1686 4836 Θαυματουργδ
1722 4774 1806 4832 ια’,

349 4864 419 4920 Ὁ
470 4859 532 4916 δέ
583 4862 734 4922 θεῖος
783 4858 1186 4934 Χρυσόστομος,
1235 4855 1288 4910 ἐν
1330 4857 1408 4924 τῷ
1461 4853 1512 4926 β’
1561 4854 1804 4937 τῶνπερξ
1835 4864 1907 4916 ὶε-

275 4952 545 5028 ρωοῦνης
600 4944 780 5023 λόγῳ,
843 4948 969 5022 Οὐχ
1020 4944 1235 5013 ἁπλῶς,
1289 4941 1446 5018 φησὶ,
1504 4941 1640 5005 πρὸς
1794 4956 1902 5006 τῶν

273 5026 707 5116 ἆμαρτημὰτων
767 5039 961 5110 μέτρον
1029 5034 1112 5090 δεῖ
1181 5035 1283 5102 τὴν
1345 5029 1619 5103 ἐπιτιμίαν
1697 5026 1902 5114 ἐτξγειν,

271 5131 424 5188 ἀλλὰ
474 5130 576 5186 καὶ
625 5130 728 5192 τῆς
777 5130 884 5181 τῶν
934 5125 1352 5198 ἁμαρτανόντων
1395 5119 1753 5194 στοχάζεσται
1782 5150 1903 5204 τρο..

276 5221 569 5294 περέσεως,
613 5218 694 5290 μή
736 5235 872 5270 ποτε
909 5213 1076 5289 ῥάψαι
1113 5212 1175 5268 τὸ
1223 5209 1520 5288 διερῥωγὸς
1573 5207 1896 5284 βουλόμεος,

275 5319 462 5387 χεῖρον
507 5311 576 5364 τὸ
627 5307 849 5382 σχίσμα
885 5307 1144 5378 ποιήσῃς,
1173 5302 1262 5358 καὶ
1311 5301 1612 5372 ἀνορθῶσαι
1661 5297 1725 5352 τὸ
1775 5317 1901 5362 και-

277 5401 566 5464 πεπτωκὸς
620 5393 971 5464 σπουδάζων,
1021 5393 1243 5466 μείζονα
1294 5391 1496 5466 ἐργάσῃ
1554 5391 1653 5458 τήν
1704 5391 1895 5452 πτὼσι⁸

2025 1926 2334 1996 autemjus
2364 1923 2648 1996 exigebat,
2681 1937 2889 1993 nempe
2919 1921 2992 1976 ad
3025 1924 3314 1976 statutum
3350 1923 3578 1991 tempus
3599 1919 3670 1974 ab

2023 2013 2528 2071 administratione
2565 2011 3032 2084 suspensionem.

2095 2104 2339 2173 Magnus
2395 2102 2699 2173 Gregorius
2745 2099 3037 2172 Nyssenus
3087 2097 3146 2153 in
3204 2097 3374 2153 tertio
3431 2113 3672 2167 canone,

2023 2191 2120 2260 Iis,
2162 2191 2264 2263 qui
2293 2190 2649 2263 diligentiori
2681 2188 3056 2246 conversione
3086 2185 3177 2243 usi
3201 2185 3438 2252 fuerint,
3458 2186 3670 2258 inquit,

2023 2287 2080 2337 et
2107 2281 2220 2337 vita
2248 2280 2320 2336 ad
2357 2280 2415 2334 id
2446 2279 2602 2351 quod
2637 2278 2852 2336 bonum
2883 2281 2972 2334 est
3001 2277 3254 2333 reditum
3290 2274 3670 2342 oslenderint,

2021 2371 2156 2426 licet
2186 2371 2260 2436 ei,
2290 2370 2386 2440 qui
2425 2370 2745 2440 dispensat,
2778 2384 2883 2439 pro
2925 2365 3171 2422 utilitate
3189 2370 3420 2436 tempus
3441 2372 3672 2420 contra-

2021 2459 2178 2528 here,
2209 2464 2268 2514 et
2295 2457 2542 2515 celerius
2573 2457 2692 2513 illis
2723 2455 3200 2513 communionem
3221 2454 3484 2521 reddere,
3506 2461 3674 2525 prout

2019 2549 2168 2619 ejus,
2203 2547 2295 2603 cui
2330 2546 2558 2601 medela
2587 2545 2918 2611 adhibetur,
2951 2543 3422 2599 constitutionem
3457 2557 3674 2612 appro-

2020 2637 2189 2691 barit.
2225 2635 2730 2700 Quemadmodum
2761 2633 2917 2688 enim
2952 2631 3144 2704 porcis
3175 2629 3515 2703 margaritas
3535 2646 3669 2699 pro-

2009 2725 2189 2796 jicere
2223 2725 2451 2781 vetitum
2477 2727 2584 2789 est,
2615 2722 2698 2779 ita
2725 2731 2780 2779 et
2819 2722 3072 2793 pretiosa
3110 2719 3426 2790 margarita
3446 2717 3672 2792 privare

2017 2831 2175 2881 eum,
2207 2814 2307 2885 qui
2339 2814 2472 2884 jam
2515 2829 2618 2886 per
2674 2811 3080 2884 purgationem
3145 2815 3204 2866 et
3258 2808 3666 2865 alienationem

2018 2904 2220 2960 avitio
2286 2905 2475 2961 factus
2530 2906 2620 2958 est
2660 2901 2858 2970 homo,
2912 2899 3236 2956 absurdum
3282 2905 3389 2954 est.
3438 2897 3666 2969 Ubique

2017 2995 2174 3047 enim
2204 2991 2265 3046 in
2305 2989 2524 3060 peccati
2573 2989 2764 3062 specie
2802 2987 2912 3044 hoc
2951 2987 3276 3060 perspicere
3302 2990 3436 3044 ante
3475 2985 3669 3043 omnia

2017 3081 2304 3147 convenit,
2344 3079 2532 3151 qualis
2559 3085 2652 3134 est
2691 3077 2870 3146 illius,
2923 3078 3015 3133 cui
3063 3074 3286 3132 medela
3334 3075 3664 3143 adhibetur,

2017 3169 2341 3240 dispositio,
2393 3174 2451 3224 et
2503 3184 2620 3224 non
2667 3166 2742 3222 ad
2795 3165 3080 3222 medelam
3128 3163 3395 3221 sufﬁcere
3433 3173 3662 3236 tempus

2017 3257 2370 3324 existimare,
2404 3257 2556 3327 (nam
2581 3270 2850 3328 quisnam
2884 3253 3106 3310 medela
3145 3271 3179 3309 a
3207 3253 3356 3310 119
3406 3257 3662 3324 tempore

2016 3346 2146 3417 fit?)
2175 3347 2275 3402 sed
2307 3345 2464 3402 illius
2493 3345 2874 3411 aﬂ'ectionem,
2925 3342 3026 3414 qui
3085 3359 3188 3414 per
3232 3342 3664 3398 conversionem

2014 3437 2125 3493 sibi
2159 3435 2441 3492 medetur.
2465 3438 2566 3490 Est
2593 3449 2748 3503 vero,
2781 3432 2996 3504 inquit,
3037 3431 3305 3504 quaedam
3337 3429 3664 3486 diti'erentia

2015 3527 2075 3582 in
2118 3523 2470 3597 poenitentiae
2523 3523 2764 3590 ratione,
2832 3521 3162 3592 ejusmodi;
3220 3520 3320 3592 qui
3378 3521 3534 3576 enim
3593 3535 3662 3576 ex

2015 3617 2205 3686 seipso
2237 3614 2307 3668 ad
2341 3629 2581 3668 suorum
2605 3616 2971 3683 peccatorum
2999 3609 3424 3665 confessionem
3450 3607 3664 3678 impul-

2013 3723 2116 3760 sus
2142 3709 2249 3771 est,
2280 3721 2347 3758 eo
2377 3705 2530 3774 quod
2563 3721 2668 3758 sua
2713 3706 2920 3771 sponte
2967 3699 3325 3756 occultorum
3357 3703 3660 3755 accusator

2013 3812 2141 3851 esse
2196 3793 2462 3860 voluerit,
2520 3796 2584 3846 ut
2640 3793 2735 3861 qui
2789 3793 2910 3860 jam
2973 3788 3322 3844 medicinam
3381 3788 3659 3844 adhibere

2013 3884 2268 3952 coeperit,
2301 3880 2628 3936 mitioribus
2672 3880 2855 3948 pmnis
2905 3879 3242 3933 mulctatur.
3305 3877 3411 3944 Qui
3461 3880 3657 3932 autem

2015 3973 2072 4026 in
2133 3971 2285 4025 malo
2343 3973 2739 4040 deprehensus
2794 3972 2902 4033 est,
2960 3967 3046 4021 vel
3109 3971 3345 4037 propter
3398 3965 3655 4038 aliquam

2012 4060 2408 4132 suspicionem
2423 4057 2508 4114 vel
2521 4057 2945 4113 accusationem
2964 4055 3223 4126 ingratiis
3234 4055 3534 4111 convictus
3545 4057 3656 4120 est,

2013 4151 2246 4221 longius
2285 4148 2368 4204 illi
2399 4147 2796 4204 conversionis
2827 4149 3054 4215 tempus
3074 4146 3268 4205 datur.
3293 4149 3357 4199 ut
3383 4144 3656 4214 deinceps

2012 4239 2261 4312 perfecte
2291 4242 2595 4310 purgatus,
2626 4235 2710 4292 sic
2739 4236 2810 4290 ad
2850 4238 3344 4290 sacramentorum
3394 4247 3656 4289 commu-

2013 4331 2245 4385 nionem
2295 4328 2656 4382 admittatur.
2706 4328 2938 4390 Quaeras
2987 4324 3042 4377 in
3071 4325 3142 4376 32
3188 4340 3312 4393 cap.
3363 4321 3566 4378 litteras
3613 4321 3654 4375 E

2011 4433 2286 4473 canonem
2315 4416 2386 4472 82
2418 4416 2615 4486 magni
2647 4412 2864 4481 Basilii,
2919 4417 2976 4468 et
3005 4413 3062 4467 in
3110 4411 3182 4466 23
3224 4428 3330 4483 cap
3375 4410 3579 4466 littera:
3609 4409 3654 4464 K

2011 4506 2274 4578 ejusdem
2306 4505 2490 4561 sancti
2521 4519 2799 4560 canonem
2833 4502 2924 4570 61,
2975 4505 3032 4556 et
3062 4500 3119 4556 in
3149 4501 3184 4554 8
3223 4516 3350 4571 cap.
3383 4499 3587 4555 litterae
3615 4503 3656 4550 Σ

1930 4596 2269 4680 Dejusdcm
2324 4609 2604 4649 canonem
2658 4593 2751 4660 70,
2810 4596 2868 4646 et
2922 4589 2983 4646 in
3027 4590 3098 4645 23
3153 4605 3280 4661 cap.
3341 4587 3545 4645 litteras
3601 4585 3646 4641 K

2013 4683 2272 4756 Gregorii
2303 4682 2724 4754 Tbaumaturgi
2757 4699 2883 4738 can.
2917 4681 3004 4735 tt.

2084 4865 2264 4920 Divus
2312 4864 2485 4919 etiam
2535 4861 2981 4934 Chrysostomus
3029 4860 3088 4916 in
3131 4862 3165 4914 2
3205 4861 3275 4917 de
3332 4857 3653 4916 sacerdotio

2013 4971 2300 5019 sermone,
2347 4953 2473 5009 Non
2531 4951 2896 5021 simpliciter,
2947 4950 3158 5022 inquit,
3189 4951 3260 5006 ad
3309 4949 3652 5004 delictorum

2012 5045 2257 5116 gradum
2291 5041 2566 5098 mulctam
2595 5045 2819 5112 oportet
2844 5045 3136 5108 statuere;
3169 5040 3270 5095 sed
3300 5037 3654 5108 exploranda

2012 5141 2097 5188 est
2147 5133 2512 5203 peccantium
2555 5130 2896 5198 dispositio:
2950 5145 3022 5186 ne
3064 5129 3204 5184 dum
3252 5141 3534 5182 censuere
3562 5125 3648 5182 vis

2012 5221 2167 5294 quod
2192 5225 2423 5290 ruptum
2464 5224 2572 5286 est,
2605 5218 2922 5274 scissuram
2964 5217 3306 5273 deteriorem
3346 5213 3554 5280 facias;
3587 5232 3652 5270 ac

2008 5311 2171 5378 dum,
2203 5310 2357 5381 quod
2385 5310 2612 5380 lapsum
2639 5317 2744 5374 est,
2775 5307 2994 5379 erigere
3018 5323 3084 5362 ac
3105 5303 3410 5361 emendare
3431 5307 3650 5374 studes,

2008 5407 2211 5456 casum
2256 5399 2448 5470 ipsum
2496 5397 2775 5468 majorem
2827 5397 3052 5452 reddas.
3101 5396 3245 5449 Nam
3285 5392 3386 5464 qui
3431 5392 3650 5457 infirmi

281 5495 336 5546 υἱ
379 5495 485 5567 γὰρ
531 5489 787 5548 ἀσθενεῖς
825 5484 916 5538 καὶ
966 5479 1377 5560 διακεχυμένοι,
1424 5479 1513 5534 καὶ
1552 5480 1616 5532 τὸ
1654 5475 1822 5531 πλέον
1865 5495 1903 5528 τ·

2021 5493 2144 5545 iunt
2181 5507 2247 5545 ac
2278 5491 2526 5557 remissi,
2555 5495 2612 5544 et
2643 5505 2852 5560 magna
2879 5505 2946 5543 ex
2979 5491 3134 5557 parte
3177 5484 3382 5541 mundi
3426 5485 3651 5541 deliciis

292 5589 372 5638 τοῦ
393 5565 633 5656 κόσμου
683 5574 973 5647 δεδεμένοι
1021 5576 1222 5648 τρυφῇ,
1264 5565 1343 5626 ἔτι
1391 5571 1482 5625 καὶ
1530 5569 1619 5624 ἐπὶ
1668 5567 1806 5643 γένει
1845 5586 1903 5619 κα

2021 5578 2299 5651 llaqueati
2334 5623 2348 5648 ,
2381 5580 2600 5652 quique
2631 5597 2664 5633 a
2692 5578 2915 5650 generis
2970 5577 3228 5633 claritate
3280 5583 3334 5631 et
3373 5576 3647 5646 potentia,

302 5653 558 5746 iamsi;
633 5670 781 5745 μέγα
849 5667 1062 5742 φρονεῖν
1129 5654 1364 5738 ἔχοντες,
1433 5658 1612 5736 ἡρέμα
1683 5656 1778 5732 μὶν
1846 5674 1903 5710 κα

2021 5669 2160 5728 inde
2189 5669 2417 5727 animos
2465 5683 2810 5740 magnopere
2849 5663 3076 5739 tollant,
3129 5666 3378 5724 habent:
3427 5664 3648 5723 sensim
