  <div class='ocr_page' id='page_1' title='image "/cluster/home/n/w/nwhite01/storage/ocr_20150623/145/hvd.32044054086921/017.png"; bbox 0 0 4080 6224; ppageno 0'>
   <div class='ocr_carea' id='block_1_1' title="bbox 347 282 3747 390">
    <p class='ocr_par' dir='ltr' id='par_1_1' title="bbox 347 282 3747 390">
     <span class='ocr_line' id='line_1_1' title="bbox 347 282 3747 390; baseline -0 -1"><span class='ocrx_word' id='word_1_1' title='bbox 347 329 424 389; x_wconf 77' lang='lat'><strong>23</strong></span> <span class='ocrx_word' id='word_1_2' title='bbox 949 282 952 290; x_wconf 59' lang='grc'><em>’</em></span> <span class='ocrx_word' id='word_1_3' title='bbox 1635 326 2007 389; x_wconf 68' lang='lat' dir='ltr'><strong>MATTH/EI</strong></span> <span class='ocrx_word' id='word_1_4' title='bbox 2052 323 2480 390; x_wconf 80' lang='lat' dir='ltr'><strong>BLASTARIS</strong></span> <span class='ocrx_word' id='word_1_5' title='bbox 3671 327 3747 390; x_wconf 71' lang='grc' dir='ltr'><strong>ει</strong></span> 
     </span>
    </p>
   </div>
   <div class='ocr_carea' id='block_1_2' title="bbox 344 460 2009 539">
    <p class='ocr_par' dir='ltr' id='par_1_2' title="bbox 344 463 2008 538">
     <span class='ocr_line' id='line_1_2' title="bbox 344 463 2008 538; baseline 0 -17"><span class='ocrx_word' id='word_1_6' title='bbox 344 468 403 521; x_wconf 92' lang='lat' dir='ltr'><strong>et</strong></span> <span class='ocrx_word' id='word_1_7' title='bbox 428 464 713 538; x_wconf 75' lang='lat' dir='ltr'><strong>paulatim</strong></span> <span class='ocrx_word' id='word_1_8' title='bbox 738 483 770 520; x_wconf 91' lang='lat' dir='ltr'><strong>a</strong></span> <span class='ocrx_word' id='word_1_9' title='bbox 798 465 1072 536; x_wconf 74' lang='lat' dir='ltr'><strong>peccatis,</strong></span> <span class='ocrx_word' id='word_1_10' title='bbox 1097 463 1314 536; x_wconf 84' lang='lat' dir='ltr'><strong>quibus</strong></span> <span class='ocrx_word' id='word_1_11' title='bbox 1331 463 1616 531; x_wconf 81' lang='lat' dir='ltr'><strong>laborant,</strong></span> <span class='ocrx_word' id='word_1_12' title='bbox 1639 464 1843 536; x_wconf 87' lang='lat' dir='ltr'><strong>pedem</strong></span> <span class='ocrx_word' id='word_1_13' title='bbox 1867 463 2008 521; x_wconf 84' lang='lat' dir='ltr'><strong>refe-</strong></span> 
     </span>
    </p>
   </div>
   <div class='ocr_carea' id='block_1_3' title="bbox 2125 460 3746 539">
    <p class='ocr_par' dir='ltr' id='par_1_3' title="bbox 2125 460 3746 539">
     <span class='ocr_line' id='line_1_3' title="bbox 2125 460 3746 539; baseline -0.001 -21"><span class='ocrx_word' id='word_1_14' title='bbox 2125 460 2257 518; x_wconf 79' lang='grc' dir='ltr'>κατὰ</span> <span class='ocrx_word' id='word_1_15' title='bbox 2314 463 2508 537; x_wconf 75' lang='grc' dir='ltr'>μικρὸν</span> <span class='ocrx_word' id='word_1_16' title='bbox 2568 463 2622 519; x_wconf 81' lang='grc' dir='ltr'><strong>ἐν</strong></span> <span class='ocrx_word' id='word_1_17' title='bbox 2677 465 2760 528; x_wconf 81' lang='grc' dir='ltr'><strong>οἷς</strong></span> <span class='ocrx_word' id='word_1_18' title='bbox 2819 461 3215 538; x_wconf 80' lang='grc' dir='ltr'><strong>ἁμαρτάνουσιν</strong></span> <span class='ocrx_word' id='word_1_19' title='bbox 3281 461 3746 539; x_wconf 78' lang='grc' dir='ltr'>ἐπιστρεφόμενοι,</span> 
     </span>
    </p>
   </div>
   <div class='ocr_carea' id='block_1_4' title="bbox 346 553 2003 627">
    <p class='ocr_par' dir='ltr' id='par_1_4' title="bbox 346 553 2003 627">
     <span class='ocr_line' id='line_1_4' title="bbox 346 553 2003 627; baseline -0.001 -15"><span class='ocrx_word' id='word_1_20' title='bbox 346 561 561 626; x_wconf 84' lang='lat' dir='ltr'><strong>rentes,</strong></span> <span class='ocrx_word' id='word_1_21' title='bbox 583 555 719 612; x_wconf 89' lang='lat' dir='ltr'><strong>licet</strong></span> <span class='ocrx_word' id='word_1_22' title='bbox 750 571 880 619; x_wconf 77' lang='lat' dir='ltr'><strong>non,</strong></span> <span class='ocrx_word' id='word_1_23' title='bbox 899 553 1152 627; x_wconf 79' lang='lat' dir='ltr'><strong>penitus,</strong></span> <span class='ocrx_word' id='word_1_24' title='bbox 1176 555 1433 610; x_wconf 85' lang='lat' dir='ltr'><strong>attamen</strong></span> <span class='ocrx_word' id='word_1_25' title='bbox 1455 558 1617 626; x_wconf 86' lang='lat' dir='ltr'><strong>parte</strong></span> <span class='ocrx_word' id='word_1_26' title='bbox 1647 553 1842 626; x_wconf 87' lang='lat' dir='ltr'><strong>aliqua</strong></span> <span class='ocrx_word' id='word_1_27' title='bbox 1875 571 1939 610; x_wconf 91' lang='lat' dir='ltr'><strong>se</strong></span> <span class='ocrx_word' id='word_1_28' title='bbox 1967 571 2003 610; x_wconf 90' lang='lat' dir='ltr'><strong>a</strong></span> 
     </span>
    </p>
   </div>
   <div class='ocr_carea' id='block_1_5' title="bbox 348 641 2002 714">
    <p class='ocr_par' dir='ltr' id='par_1_5' title="bbox 348 641 2002 714">
     <span class='ocr_line' id='line_1_5' title="bbox 348 641 2002 714; baseline -0.001 -14"><span class='ocrx_word' id='word_1_29' title='bbox 348 645 519 700; x_wconf 82' lang='lat' dir='ltr'><strong>malis</strong></span> <span class='ocrx_word' id='word_1_30' title='bbox 561 645 802 701; x_wconf 87' lang='lat' dir='ltr'><strong>liberare</strong></span> <span class='ocrx_word' id='word_1_31' title='bbox 852 651 1110 714; x_wconf 90' lang='lat' dir='ltr'><strong>possunt.</strong></span> <span class='ocrx_word' id='word_1_32' title='bbox 1163 643 1222 698; x_wconf 87' lang='lat' dir='ltr'><strong>Si</strong></span> <span class='ocrx_word' id='word_1_33' title='bbox 1269 659 1405 697; x_wconf 89' lang='lat' dir='ltr'><strong>vero</strong></span> <span class='ocrx_word' id='word_1_34' title='bbox 1455 644 1818 713; x_wconf 88' lang='lat' dir='ltr'><strong>repentinam</strong></span> <span class='ocrx_word' id='word_1_35' title='bbox 1873 641 2002 700; x_wconf 86' lang='lat' dir='ltr'><strong>ani—</strong></span> 
     </span>
    </p>
   </div>
   <div class='ocr_carea' id='block_1_6' title="bbox 348 730 2002 802">
    <p class='ocr_par' dir='ltr' id='par_1_6' title="bbox 348 730 2002 802">
     <span class='ocr_line' id='line_1_6' title="bbox 348 730 2002 802; baseline -0.001 -14"><span class='ocrx_word' id='word_1_36' title='bbox 348 733 808 790; x_wconf 86' lang='lat' dir='ltr'><strong>madversionem</strong></span> <span class='ocrx_word' id='word_1_37' title='bbox 841 731 1116 787; x_wconf 86' lang='lat' dir='ltr'><strong>adhibeat</strong></span> <span class='ocrx_word' id='word_1_38' title='bbox 1163 731 1376 802; x_wconf 82' lang='lat' dir='ltr'><strong>aliquis</strong></span> <span class='ocrx_word' id='word_1_39' title='bbox 1415 730 1503 787; x_wconf 90' lang='lat' dir='ltr'><strong>vel</strong></span> <span class='ocrx_word' id='word_1_40' title='bbox 1554 731 2002 798; x_wconf 79' lang='lat' dir='ltr'><strong>correctionem,</strong></span> 
     </span>
    </p>
   </div>
   <div class='ocr_carea' id='block_1_7' title="bbox 352 819 2004 880">
    <p class='ocr_par' dir='ltr' id='par_1_7' title="bbox 352 819 2004 880">
     <span class='ocr_line' id='line_1_7' title="bbox 352 819 2004 880; baseline -0.001 -2"><span class='ocrx_word' id='word_1_41' title='bbox 352 823 522 880; x_wconf 86' lang='lat' dir='ltr'><strong>etiam</strong></span> <span class='ocrx_word' id='word_1_42' title='bbox 548 823 756 878; x_wconf 91' lang='lat' dir='ltr'><strong>minori</strong></span> <span class='ocrx_word' id='word_1_43' title='bbox 779 821 1134 877; x_wconf 78' lang='lat' dir='ltr'><strong>correctione</strong></span> <span class='ocrx_word' id='word_1_44' title='bbox 1163 824 1220 876; x_wconf 90' lang='lat' dir='ltr'><strong>et</strong></span> <span class='ocrx_word' id='word_1_45' title='bbox 1249 821 1751 876; x_wconf 89' lang='lat' dir='ltr'><strong>animadversione</strong></span> <span class='ocrx_word' id='word_1_46' title='bbox 1773 820 1904 876; x_wconf 88' lang='lat' dir='ltr'><strong>illos</strong></span> <span class='ocrx_word' id='word_1_47' title='bbox 1927 819 2004 876; x_wconf 84' lang='lat' dir='ltr'><strong>af—</strong></span> 
     </span>
    </p>
   </div>
   <div class='ocr_carea' id='block_1_8' title="bbox 349 910 2010 984">
    <p class='ocr_par' dir='ltr' id='par_1_8' title="bbox 349 910 2010 984">
     <span class='ocr_line' id='line_1_8' title="bbox 349 910 2010 984; baseline -0.001 -17"><span class='ocrx_word' id='word_1_48' title='bbox 349 912 523 968; x_wconf 83' lang='lat' dir='ltr'><strong>ﬁciet.</strong></span> <span class='ocrx_word' id='word_1_49' title='bbox 550 913 854 968; x_wconf 84' lang='lat' dir='ltr'><strong>Humanus</strong></span> <span class='ocrx_word' id='word_1_50' title='bbox 872 910 1028 966; x_wconf 91' lang='lat' dir='ltr'><strong>enim</strong></span> <span class='ocrx_word' id='word_1_51' title='bbox 1047 910 1305 980; x_wconf 91' lang='lat' dir='ltr'><strong>animus,</strong></span> <span class='ocrx_word' id='word_1_52' title='bbox 1328 915 1634 984; x_wconf 79' lang='lat' dir='ltr'><strong>postquam</strong></span> <span class='ocrx_word' id='word_1_53' title='bbox 1656 910 2010 967; x_wconf 68' lang='lat' dir='ltr'><strong>verecundiae</strong></span> 
     </span>
    </p>
   </div>
   <div class='ocr_carea' id='block_1_9' title="bbox 349 1000 2006 1073">
    <p class='ocr_par' dir='ltr' id='par_1_9' title="bbox 349 1000 2006 1073">
     <span class='ocr_line' id='line_1_9' title="bbox 349 1000 2006 1073; baseline -0.002 -14"><span class='ocrx_word' id='word_1_54' title='bbox 349 1002 566 1060; x_wconf 91' lang='lat' dir='ltr'><strong>limites</strong></span> <span class='ocrx_word' id='word_1_55' title='bbox 619 1001 913 1058; x_wconf 90' lang='lat' dir='ltr'><strong>transilire</strong></span> <span class='ocrx_word' id='word_1_56' title='bbox 975 1005 1210 1056; x_wconf 88' lang='lat' dir='ltr'><strong>coactus</strong></span> <span class='ocrx_word' id='word_1_57' title='bbox 1255 1005 1364 1068; x_wconf 89' lang='lat' dir='ltr'><strong>est,</strong></span> <span class='ocrx_word' id='word_1_58' title='bbox 1395 1001 1455 1055; x_wconf 93' lang='lat' dir='ltr'><strong>in</strong></span> <span class='ocrx_word' id='word_1_59' title='bbox 1533 1000 2006 1073; x_wconf 78' lang='lat' dir='ltr'><strong>desperationem</strong></span> 
     </span>
    </p>
   </div>
   <div class='ocr_carea' id='block_1_10' title="bbox 357 1089 2012 1164">
    <p class='ocr_par' dir='ltr' id='par_1_10' title="bbox 357 1089 2012 1164">
     <span class='ocr_line' id='line_1_10' title="bbox 357 1089 2012 1164; baseline -0.001 -17"><span class='ocrx_word' id='word_1_60' title='bbox 357 1091 672 1160; x_wconf 87' lang='lat' dir='ltr'><strong>dilabitur;</strong></span> <span class='ocrx_word' id='word_1_61' title='bbox 731 1101 784 1148; x_wconf 89' lang='lat' dir='ltr'><strong>et</strong></span> <span class='ocrx_word' id='word_1_62' title='bbox 833 1108 1022 1164; x_wconf 91' lang='lat' dir='ltr'><strong>neque</strong></span> <span class='ocrx_word' id='word_1_63' title='bbox 1066 1091 1298 1147; x_wconf 80' lang='lat' dir='ltr'><strong>blandis</strong></span> <span class='ocrx_word' id='word_1_64' title='bbox 1346 1089 1534 1146; x_wconf 87' lang='lat' dir='ltr'><strong>verbis</strong></span> <span class='ocrx_word' id='word_1_65' title='bbox 1591 1100 1770 1162; x_wconf 90' lang='lat' dir='ltr'><strong>paret,</strong></span> <span class='ocrx_word' id='word_1_66' title='bbox 1822 1107 2012 1162; x_wconf 91' lang='lat' dir='ltr'><strong>neque</strong></span> 
     </span>
    </p>
   </div>
   <div class='ocr_carea' id='block_1_11' title="bbox 355 1179 2012 1252">
    <p class='ocr_par' dir='ltr' id='par_1_11' title="bbox 355 1179 2012 1252">
     <span class='ocr_line' id='line_1_11' title="bbox 355 1179 2012 1252; baseline -0.001 -16"><span class='ocrx_word' id='word_1_67' title='bbox 355 1181 536 1236; x_wconf 89' lang='lat' dir='ltr'><strong>minis</strong></span> <span class='ocrx_word' id='word_1_68' title='bbox 565 1181 836 1248; x_wconf 84' lang='lat' dir='ltr'><strong>ﬂectitur,</strong></span> <span class='ocrx_word' id='word_1_69' title='bbox 879 1196 1068 1252; x_wconf 88' lang='lat' dir='ltr'><strong>neque</strong></span> <span class='ocrx_word' id='word_1_70' title='bbox 1108 1179 1408 1236; x_wconf 83' lang='lat' dir='ltr'><strong>beneﬁciis</strong></span> <span class='ocrx_word' id='word_1_71' title='bbox 1440 1185 1739 1236; x_wconf 87' lang='lat' dir='ltr'><strong>movetur:</strong></span> <span class='ocrx_word' id='word_1_72' title='bbox 1772 1181 1874 1235; x_wconf 92' lang='lat' dir='ltr'><strong>sed</strong></span> <span class='ocrx_word' id='word_1_73' title='bbox 1898 1179 2012 1234; x_wconf 85' lang='lat' dir='ltr'><strong>ista</strong></span> 
     </span>
    </p>
   </div>
   <div class='ocr_carea' id='block_1_12' title="bbox 351 1267 2008 1341">
    <p class='ocr_par' dir='ltr' id='par_1_12' title="bbox 351 1267 2008 1341">
     <span class='ocr_line' id='line_1_12' title="bbox 351 1267 2008 1341; baseline -0.002 -15"><span class='ocrx_word' id='word_1_74' title='bbox 351 1269 578 1326; x_wconf 89' lang='lat' dir='ltr'><strong>civitate</strong></span> <span class='ocrx_word' id='word_1_75' title='bbox 610 1273 797 1325; x_wconf 88' lang='lat' dir='ltr'><strong>multo</strong></span> <span class='ocrx_word' id='word_1_76' title='bbox 849 1270 1006 1341; x_wconf 86' lang='lat' dir='ltr'><strong>pejor</strong></span> <span class='ocrx_word' id='word_1_77' title='bbox 1051 1269 1135 1334; x_wconf 81' lang='lat' dir='ltr'><strong>ﬁt,</strong></span> <span class='ocrx_word' id='word_1_78' title='bbox 1184 1269 1274 1324; x_wconf 89' lang='lat' dir='ltr'><strong>cui</strong></span> <span class='ocrx_word' id='word_1_79' title='bbox 1321 1269 1678 1340; x_wconf 84' lang='lat' dir='ltr'><strong>exprobrans</strong></span> <span class='ocrx_word' id='word_1_80' title='bbox 1727 1267 2008 1340; x_wconf 88' lang='lat' dir='ltr'><strong>propheta</strong></span> 
     </span>
    </p>
   </div>
   <div class='ocr_carea' id='block_1_13' title="bbox 348 1356 2011 1428">
    <p class='ocr_par' dir='ltr' id='par_1_13' title="bbox 348 1356 2011 1428">
     <span class='ocr_line' id='line_1_13' title="bbox 348 1356 2011 1428; baseline -0.001 -15"><span class='ocrx_word' id='word_1_81' title='bbox 348 1358 532 1416; x_wconf 74' lang='lat' dir='ltr'><strong>dixit:</strong></span> <span class='ocrx_word' id='word_1_82' title='bbox 574 1382 602 1408; x_wconf 84' lang='lat'><strong>«</strong></span> <span class='ocrx_word' id='word_1_83' title='bbox 646 1359 814 1414; x_wconf 87' lang='lat' dir='ltr'><strong>Facta</strong></span> <span class='ocrx_word' id='word_1_84' title='bbox 843 1363 932 1414; x_wconf 84' lang='lat' dir='ltr'><strong>est</strong></span> <span class='ocrx_word' id='word_1_85' title='bbox 961 1357 1064 1413; x_wconf 90' lang='lat' dir='ltr'><strong>tibi</strong></span> <span class='ocrx_word' id='word_1_86' title='bbox 1118 1359 1443 1414; x_wconf 88' lang='lat' dir='ltr'><strong>meretricia</strong></span> <span class='ocrx_word' id='word_1_87' title='bbox 1487 1359 1686 1420; x_wconf 84' lang='lat' dir='ltr'><strong>facies.</strong></span> <span class='ocrx_word' id='word_1_88' title='bbox 1718 1356 2011 1428; x_wconf 90' lang='lat' dir='ltr'><strong>depuduit</strong></span> 
     </span>
    </p>
   </div>
   <div class='ocr_carea' id='block_1_14' title="bbox 359 1447 2006 1518">
    <p class='ocr_par' dir='ltr' id='par_1_14' title="bbox 359 1447 2006 1518">
     <span class='ocr_line' id='line_1_14' title="bbox 359 1447 2006 1518; baseline -0.002 -15"><span class='ocrx_word' id='word_1_89' title='bbox 359 1453 414 1504; x_wconf 92' lang='lat' dir='ltr'><strong>te</strong></span> <span class='ocrx_word' id='word_1_90' title='bbox 441 1449 717 1503; x_wconf 89' lang='lat' dir='ltr'><strong>adversus</strong></span> <span class='ocrx_word' id='word_1_91' title='bbox 747 1463 972 1503; x_wconf 88' lang='lat' dir='ltr'><strong>omnes.</strong></span> <span class='ocrx_word' id='word_1_92' title='bbox 1008 1468 1038 1496; x_wconf 88' lang='lat'><strong>»</strong></span> <span class='ocrx_word' id='word_1_93' title='bbox 1067 1447 1350 1514; x_wconf 86' lang='lat' dir='ltr'><strong>Quocirca</strong></span> <span class='ocrx_word' id='word_1_94' title='bbox 1388 1447 1575 1502; x_wconf 87' lang='lat' dir='ltr'><strong>multa</strong></span> <span class='ocrx_word' id='word_1_95' title='bbox 1615 1448 1830 1518; x_wconf 83' lang='lat' dir='ltr'><strong>pastori</strong></span> <span class='ocrx_word' id='word_1_96' title='bbox 1859 1462 2006 1516; x_wconf 89' lang='lat' dir='ltr'><strong>opus</strong></span> 
     </span>
    </p>
   </div>
   <div class='ocr_carea' id='block_1_15' title="bbox 359 1534 2007 1607">
    <p class='ocr_par' dir='ltr' id='par_1_15' title="bbox 359 1534 2007 1607">
     <span class='ocr_line' id='line_1_15' title="bbox 359 1534 2007 1607; baseline -0.002 -13"><span class='ocrx_word' id='word_1_97' title='bbox 359 1542 445 1594; x_wconf 84' lang='lat' dir='ltr'><strong>est</strong></span> <span class='ocrx_word' id='word_1_98' title='bbox 472 1536 804 1607; x_wconf 87' lang='lat' dir='ltr'><strong>prudentia,</strong></span> <span class='ocrx_word' id='word_1_99' title='bbox 843 1541 900 1592; x_wconf 92' lang='lat' dir='ltr'><strong>et</strong></span> <span class='ocrx_word' id='word_1_100' title='bbox 931 1535 1091 1592; x_wconf 90' lang='lat' dir='ltr'><strong>mille</strong></span> <span class='ocrx_word' id='word_1_101' title='bbox 1131 1535 1340 1604; x_wconf 89' lang='lat' dir='ltr'><strong>oculis,</strong></span> <span class='ocrx_word' id='word_1_102' title='bbox 1391 1541 1459 1591; x_wconf 85' lang='lat' dir='ltr'><strong>ut</strong></span> <span class='ocrx_word' id='word_1_103' title='bbox 1505 1536 1713 1592; x_wconf 63' lang='lat' dir='ltr'><strong>animae</strong></span> <span class='ocrx_word' id='word_1_104' title='bbox 1745 1534 2007 1590; x_wconf 89' lang='lat' dir='ltr'><strong>habitum</strong></span> 
     </span>
    </p>
   </div>
   <div class='ocr_carea' id='block_1_16' title="bbox 353 1621 2006 1698">
    <p class='ocr_par' dir='ltr' id='par_1_16' title="bbox 353 1621 2006 1698">
     <span class='ocr_line' id='line_1_16' title="bbox 353 1621 2006 1698; baseline -0.002 -18"><span class='ocrx_word' id='word_1_105' title='bbox 353 1626 614 1696; x_wconf 88' lang='lat' dir='ltr'><strong>undique</strong></span> <span class='ocrx_word' id='word_1_106' title='bbox 651 1625 1100 1698; x_wconf 85' lang='lat' dir='ltr'><strong>circumspiciat.</strong></span> <span class='ocrx_word' id='word_1_107' title='bbox 1151 1625 1652 1690; x_wconf 88' lang='lat' dir='ltr'><strong>Quemadmodum</strong></span> <span class='ocrx_word' id='word_1_108' title='bbox 1701 1623 1858 1680; x_wconf 89' lang='lat' dir='ltr'><strong>enim</strong></span> <span class='ocrx_word' id='word_1_109' title='bbox 1889 1621 2006 1677; x_wconf 88' lang='lat' dir='ltr'><strong>ani-</strong></span> 
     </span>
    </p>
   </div>
   <div class='ocr_carea' id='block_1_17' title="bbox 353 1712 2006 1786">
    <p class='ocr_par' dir='ltr' id='par_1_17' title="bbox 353 1712 2006 1786">
     <span class='ocr_line' id='line_1_17' title="bbox 353 1712 2006 1786; baseline -0.002 -16"><span class='ocrx_word' id='word_1_110' title='bbox 353 1731 518 1770; x_wconf 92' lang='lat' dir='ltr'><strong>mum</strong></span> <span class='ocrx_word' id='word_1_111' title='bbox 549 1715 915 1786; x_wconf 88' lang='lat' dir='ltr'><strong>despondent</strong></span> <span class='ocrx_word' id='word_1_112' title='bbox 947 1714 1139 1776; x_wconf 89' lang='lat' dir='ltr'><strong>multi,</strong></span> <span class='ocrx_word' id='word_1_113' title='bbox 1181 1719 1236 1770; x_wconf 89' lang='lat' dir='ltr'><strong>et</strong></span> <span class='ocrx_word' id='word_1_114' title='bbox 1264 1715 1324 1770; x_wconf 91' lang='lat' dir='ltr'><strong>in</strong></span> <span class='ocrx_word' id='word_1_115' title='bbox 1355 1730 1478 1770; x_wconf 69' lang='lat' dir='ltr'><strong>sua:</strong></span> <span class='ocrx_word' id='word_1_116' title='bbox 1509 1715 1715 1771; x_wconf 89' lang='lat' dir='ltr'><strong>salutis</strong></span> <span class='ocrx_word' id='word_1_117' title='bbox 1746 1712 2006 1784; x_wconf 76' lang='lat' dir='ltr'><strong>dispere-</strong></span> 
     </span>
    </p>
   </div>
   <div class='ocr_carea' id='block_1_18' title="bbox 351 1801 2008 1877">
    <p class='ocr_par' dir='ltr' id='par_1_18' title="bbox 351 1801 2008 1877">
     <span class='ocr_line' id='line_1_18' title="bbox 351 1801 2008 1877; baseline -0.002 -18"><span class='ocrx_word' id='word_1_118' title='bbox 351 1803 571 1861; x_wconf 90' lang='lat' dir='ltr'><strong>tionem</strong></span> <span class='ocrx_word' id='word_1_119' title='bbox 631 1809 935 1876; x_wconf 88' lang='lat' dir='ltr'><strong>proruunt,</strong></span> <span class='ocrx_word' id='word_1_120' title='bbox 995 1821 1060 1861; x_wconf 91' lang='lat' dir='ltr'><strong>eo</strong></span> <span class='ocrx_word' id='word_1_121' title='bbox 1109 1804 1259 1874; x_wconf 87' lang='lat' dir='ltr'><strong>quod</strong></span> <span class='ocrx_word' id='word_1_122' title='bbox 1323 1821 1439 1860; x_wconf 91' lang='lat' dir='ltr'><strong>non</strong></span> <span class='ocrx_word' id='word_1_123' title='bbox 1498 1808 1743 1877; x_wconf 90' lang='lat' dir='ltr'><strong>possunt</strong></span> <span class='ocrx_word' id='word_1_124' title='bbox 1801 1801 2008 1859; x_wconf 90' lang='lat' dir='ltr'><strong>acerba</strong></span> 
     </span>
    </p>
   </div>
   <div class='ocr_carea' id='block_1_19' title="bbox 352 1890 2005 1963">
    <p class='ocr_par' dir='ltr' id='par_1_19' title="bbox 352 1890 2005 1963">
     <span class='ocr_line' id='line_1_19' title="bbox 352 1890 2005 1963; baseline 0 -13"><span class='ocrx_word' id='word_1_125' title='bbox 352 1894 780 1952; x_wconf 89' lang='lat' dir='ltr'><strong>medicamenta</strong></span> <span class='ocrx_word' id='word_1_126' title='bbox 835 1895 1167 1960; x_wconf 84' lang='lat' dir='ltr'><strong>sustinere;</strong></span> <span class='ocrx_word' id='word_1_127' title='bbox 1219 1895 1299 1950; x_wconf 91' lang='lat' dir='ltr'><strong>ita</strong></span> <span class='ocrx_word' id='word_1_128' title='bbox 1358 1899 1495 1950; x_wconf 88' lang='lat' dir='ltr'><strong>sunt</strong></span> <span class='ocrx_word' id='word_1_129' title='bbox 1548 1893 1836 1963; x_wconf 88' lang='lat' dir='ltr'><strong>nonnulli,</strong></span> <span class='ocrx_word' id='word_1_130' title='bbox 1883 1890 2005 1962; x_wconf 63' lang='lat' dir='ltr'><strong>qui.</strong></span> 
     </span>
    </p>
   </div>
   <div class='ocr_carea' id='block_1_20' title="bbox 351 1982 2010 2058">
    <p class='ocr_par' dir='ltr' id='par_1_20' title="bbox 351 1982 2010 2058">
     <span class='ocr_line' id='line_1_20' title="bbox 351 1982 2010 2058; baseline -0.003 -20"><span class='ocrx_word' id='word_1_131' title='bbox 351 1984 505 2055; x_wconf 86' lang='lat' dir='ltr'><strong>quod</strong></span> <span class='ocrx_word' id='word_1_132' title='bbox 520 2000 721 2056; x_wconf 77' lang='lat' dir='ltr'><strong>poenas</strong></span> <span class='ocrx_word' id='word_1_133' title='bbox 735 1984 984 2054; x_wconf 80' lang='lat' dir='ltr'><strong>peccatis</strong></span> <span class='ocrx_word' id='word_1_134' title='bbox 998 1999 1166 2058; x_wconf 84' lang='lat' dir='ltr'><strong>pares</strong></span> <span class='ocrx_word' id='word_1_135' title='bbox 1179 1999 1293 2038; x_wconf 92' lang='lat' dir='ltr'><strong>non</strong></span> <span class='ocrx_word' id='word_1_136' title='bbox 1308 1982 1448 2038; x_wconf 90' lang='lat' dir='ltr'><strong>lueri</strong></span> <span class='ocrx_word' id='word_1_137' title='bbox 1459 1983 1605 2044; x_wconf 88' lang='lat' dir='ltr'><strong>nt,in</strong></span> <span class='ocrx_word' id='word_1_138' title='bbox 1619 1987 2010 2052; x_wconf 90' lang='lat' dir='ltr'><strong>contemptum</strong></span> 
     </span>
    </p>
   </div>
   <div class='ocr_carea' id='block_1_21' title="bbox 353 2072 2006 2144">
    <p class='ocr_par' dir='ltr' id='par_1_21' title="bbox 353 2072 2006 2144">
     <span class='ocr_line' id='line_1_21' title="bbox 353 2072 2006 2144; baseline 0.001 -17"><span class='ocrx_word' id='word_1_139' title='bbox 353 2072 702 2128; x_wconf 89' lang='lat' dir='ltr'><strong>dilabuntur</strong></span> <span class='ocrx_word' id='word_1_140' title='bbox 758 2079 815 2130; x_wconf 90' lang='lat' dir='ltr'><strong>et</strong></span> <span class='ocrx_word' id='word_1_141' title='bbox 873 2072 1058 2130; x_wconf 90' lang='lat' dir='ltr'><strong>multo</strong></span> <span class='ocrx_word' id='word_1_142' title='bbox 1102 2073 1415 2129; x_wconf 89' lang='lat' dir='ltr'><strong>deteriores</strong></span> <span class='ocrx_word' id='word_1_143' title='bbox 1475 2074 1640 2144; x_wconf 81' lang='lat' dir='ltr'><strong>ﬁunt,</strong></span> <span class='ocrx_word' id='word_1_144' title='bbox 1701 2078 1760 2130; x_wconf 88' lang='lat' dir='ltr'><strong>et</strong></span> <span class='ocrx_word' id='word_1_145' title='bbox 1816 2075 2006 2144; x_wconf 85' lang='lat' dir='ltr'><strong>majo-</strong></span> 
     </span>
    </p>
   </div>
   <div class='ocr_carea' id='block_1_22' title="bbox 351 2163 2007 2236">
    <p class='ocr_par' dir='ltr' id='par_1_22' title="bbox 351 2163 2007 2236">
     <span class='ocr_line' id='line_1_22' title="bbox 351 2163 2007 2236; baseline -0.001 -17"><span class='ocrx_word' id='word_1_146' title='bbox 351 2177 478 2220; x_wconf 87' lang='lat' dir='ltr'><strong>rem</strong></span> <span class='ocrx_word' id='word_1_147' title='bbox 510 2165 789 2236; x_wconf 88' lang='lat' dir='ltr'><strong>peccandi</strong></span> <span class='ocrx_word' id='word_1_148' title='bbox 820 2164 1114 2222; x_wconf 84' lang='lat' dir='ltr'><strong>licentiam</strong></span> <span class='ocrx_word' id='word_1_149' title='bbox 1137 2163 1255 2220; x_wconf 90' lang='lat' dir='ltr'><strong>sibi</strong></span> <span class='ocrx_word' id='word_1_150' title='bbox 1284 2163 1598 2221; x_wconf 81' lang='lat' dir='ltr'><strong>vindicant.</strong></span> <span class='ocrx_word' id='word_1_151' title='bbox 1633 2165 1834 2236; x_wconf 84' lang='lat' dir='ltr'><strong>Itaque</strong></span> <span class='ocrx_word' id='word_1_152' title='bbox 1856 2163 2007 2219; x_wconf 82' lang='lat' dir='ltr'><strong>nihil</strong></span> 
     </span>
    </p>
   </div>
   <div class='ocr_carea' id='block_1_23' title="bbox 353 2251 2010 2326">
    <p class='ocr_par' dir='ltr' id='par_1_23' title="bbox 353 2251 2010 2326">
     <span class='ocr_line' id='line_1_23' title="bbox 353 2251 2010 2326; baseline 0.002 -19"><span class='ocrx_word' id='word_1_153' title='bbox 353 2251 558 2308; x_wconf 89' lang='lat' dir='ltr'><strong>borum</strong></span> <span class='ocrx_word' id='word_1_154' title='bbox 586 2255 715 2311; x_wconf 89' lang='lat' dir='ltr'><strong>sine</strong></span> <span class='ocrx_word' id='word_1_155' title='bbox 731 2254 998 2310; x_wconf 83' lang='lat' dir='ltr'><strong>examine</strong></span> <span class='ocrx_word' id='word_1_156' title='bbox 1028 2253 1492 2325; x_wconf 61' lang='lat' dir='ltr'><strong>praetereundum</strong></span> <span class='ocrx_word' id='word_1_157' title='bbox 1515 2259 1620 2322; x_wconf 84' lang='lat' dir='ltr'><strong>est,</strong></span> <span class='ocrx_word' id='word_1_158' title='bbox 1645 2253 1785 2326; x_wconf 88' lang='lat' dir='ltr'><strong>quin</strong></span> <span class='ocrx_word' id='word_1_159' title='bbox 1813 2253 2010 2312; x_wconf 85' lang='lat' dir='ltr'><strong>omnia</strong></span> 
     </span>
    </p>
   </div>
   <div class='ocr_carea' id='block_1_24' title="bbox 353 2341 2010 2416">
    <p class='ocr_par' dir='ltr' id='par_1_24' title="bbox 353 2341 2010 2416">
     <span class='ocr_line' id='line_1_24' title="bbox 353 2341 2010 2416; baseline 0 -18"><span class='ocrx_word' id='word_1_160' title='bbox 353 2341 615 2400; x_wconf 82' lang='lat' dir='ltr'><strong>studiose</strong></span> <span class='ocrx_word' id='word_1_161' title='bbox 646 2348 1120 2416; x_wconf 87' lang='lat' dir='ltr'><strong>perscrutatum;</strong></span> <span class='ocrx_word' id='word_1_162' title='bbox 1151 2347 1272 2398; x_wconf 90' lang='lat' dir='ltr'><strong>tum</strong></span> <span class='ocrx_word' id='word_1_163' title='bbox 1313 2343 1469 2398; x_wconf 90' lang='lat' dir='ltr'><strong>enim</strong></span> <span class='ocrx_word' id='word_1_164' title='bbox 1515 2345 1750 2400; x_wconf 89' lang='lat' dir='ltr'><strong>demum</strong></span> <span class='ocrx_word' id='word_1_165' title='bbox 1783 2349 2010 2416; x_wconf 87' lang='lat' dir='ltr'><strong>oportet</strong></span> 
     </span>
    </p>
   </div>
   <div class='ocr_carea' id='block_1_25' title="bbox 355 2432 2008 2505">
    <p class='ocr_par' dir='ltr' id='par_1_25' title="bbox 355 2432 2008 2505">
     <span class='ocr_line' id='line_1_25' title="bbox 355 2432 2008 2505; baseline 0.001 -17"><span class='ocrx_word' id='word_1_166' title='bbox 355 2448 464 2488; x_wconf 89' lang='lat' dir='ltr'><strong>sua</strong></span> <span class='ocrx_word' id='word_1_167' title='bbox 519 2433 712 2505; x_wconf 89' lang='lat' dir='ltr'><strong>ipsius</strong></span> <span class='ocrx_word' id='word_1_168' title='bbox 769 2433 1027 2491; x_wconf 90' lang='lat' dir='ltr'><strong>remedia</strong></span> <span class='ocrx_word' id='word_1_169' title='bbox 1082 2432 1371 2504; x_wconf 84' lang='lat' dir='ltr'><strong>peccaturi</strong></span> <span class='ocrx_word' id='word_1_170' title='bbox 1446 2433 1673 2504; x_wconf 80' lang='lat' dir='ltr'><strong>aﬂ‘erre,</strong></span> <span class='ocrx_word' id='word_1_171' title='bbox 1748 2449 1822 2491; x_wconf 89' lang='lat' dir='ltr'><strong>ne</strong></span> <span class='ocrx_word' id='word_1_172' title='bbox 1880 2433 2008 2490; x_wconf 85' lang='lat' dir='ltr'><strong>fru-</strong></span> 
     </span>
    </p>
   </div>
   <div class='ocr_carea' id='block_1_26' title="bbox 353 2524 1088 2596">
    <p class='ocr_par' dir='ltr' id='par_1_26' title="bbox 353 2524 1088 2596">
     <span class='ocr_line' id='line_1_26' title="bbox 353 2524 1088 2596; baseline -0.001 -18"><span class='ocrx_word' id='word_1_173' title='bbox 353 2525 591 2580; x_wconf 88' lang='lat' dir='ltr'><strong>stranea</strong></span> <span class='ocrx_word' id='word_1_174' title='bbox 629 2525 707 2580; x_wconf 90' lang='lat' dir='ltr'><strong>sit</strong></span> <span class='ocrx_word' id='word_1_175' title='bbox 735 2524 864 2596; x_wconf 84' lang='lat' dir='ltr'><strong>ejus</strong></span> <span class='ocrx_word' id='word_1_176' title='bbox 891 2538 1088 2596; x_wconf 83' lang='lat' dir='ltr'><strong>Opera.</strong></span> 
     </span>
    </p>
   </div>
   <div class='ocr_carea' id='block_1_27' title="bbox 425 2704 2007 2782">
    <p class='ocr_par' dir='ltr' id='par_1_27' title="bbox 425 2704 2007 2782">
     <span class='ocr_line' id='line_1_27' title="bbox 425 2704 2007 2782; baseline -0.003 -16"><span class='ocrx_word' id='word_1_177' title='bbox 425 2713 670 2782; x_wconf 78' lang='lat' dir='ltr'><strong>Magnus</strong></span> <span class='ocrx_word' id='word_1_178' title='bbox 700 2722 834 2762; x_wconf 89' lang='lat' dir='ltr'><strong>vero</strong></span> <span class='ocrx_word' id='word_1_179' title='bbox 869 2704 1119 2762; x_wconf 88' lang='lat' dir='ltr'><strong>Basilius</strong></span> <span class='ocrx_word' id='word_1_180' title='bbox 1147 2705 1208 2760; x_wconf 92' lang='lat' dir='ltr'><strong>in</strong></span> <span class='ocrx_word' id='word_1_181' title='bbox 1237 2705 1307 2760; x_wconf 70' lang='grc' dir='ltr'><strong>ει</strong></span> <span class='ocrx_word' id='word_1_182' title='bbox 1347 2722 1588 2776; x_wconf 90' lang='lat' dir='ltr'><strong>canone,</strong></span> <span class='ocrx_word' id='word_1_183' title='bbox 1638 2711 1771 2763; x_wconf 65' lang='lat' dir='ltr'><strong>Hac</strong></span> <span class='ocrx_word' id='word_1_184' title='bbox 1813 2712 2007 2764; x_wconf 90' lang='lat' dir='ltr'><strong>autem</strong></span> 
     </span>
    </p>
   </div>
   <div class='ocr_carea' id='block_1_28' title="bbox 353 2794 2010 2868">
    <p class='ocr_par' dir='ltr' id='par_1_28' title="bbox 353 2794 2010 2868">
     <span class='ocr_line' id='line_1_28' title="bbox 353 2794 2010 2868; baseline -0.002 -11"><span class='ocrx_word' id='word_1_185' title='bbox 353 2800 538 2867; x_wconf 89' lang='lat' dir='ltr'><strong>omni,</strong></span> <span class='ocrx_word' id='word_1_186' title='bbox 596 2797 805 2868; x_wconf 89' lang='lat' dir='ltr'><strong>inquit,</strong></span> <span class='ocrx_word' id='word_1_187' title='bbox 874 2794 1210 2863; x_wconf 82' lang='lat' dir='ltr'><strong>scribimus,</strong></span> <span class='ocrx_word' id='word_1_188' title='bbox 1261 2798 1327 2849; x_wconf 90' lang='lat' dir='ltr'><strong>ut</strong></span> <span class='ocrx_word' id='word_1_189' title='bbox 1373 2795 1726 2866; x_wconf 69' lang='lat' dir='ltr'><strong>poenitentia:</strong></span> <span class='ocrx_word' id='word_1_190' title='bbox 1786 2797 2010 2853; x_wconf 75' lang='lat' dir='ltr'><strong>fructus</strong></span> 
     </span>
    </p>
   </div>
   <div class='ocr_carea' id='block_1_29' title="bbox 355 2884 2009 2964">
    <p class='ocr_par' dir='ltr' id='par_1_29' title="bbox 355 2884 2009 2964">
     <span class='ocr_line' id='line_1_29' title="bbox 355 2884 2009 2964; baseline -0.002 -18"><span class='ocrx_word' id='word_1_191' title='bbox 355 2889 700 2964; x_wconf 87' lang='lat' dir='ltr'><strong>probentur.</strong></span> <span class='ocrx_word' id='word_1_192' title='bbox 757 2885 882 2942; x_wconf 92' lang='lat' dir='ltr'><strong>Non</strong></span> <span class='ocrx_word' id='word_1_193' title='bbox 944 2884 1100 2941; x_wconf 91' lang='lat' dir='ltr'><strong>enim</strong></span> <span class='ocrx_word' id='word_1_194' title='bbox 1149 2884 1424 2955; x_wconf 87' lang='lat' dir='ltr'><strong>temporis</strong></span> <span class='ocrx_word' id='word_1_195' title='bbox 1483 2885 1637 2941; x_wconf 91' lang='lat' dir='ltr'><strong>circa</strong></span> <span class='ocrx_word' id='word_1_196' title='bbox 1705 2885 1850 2956; x_wconf 79' lang='lat' dir='ltr'><strong>haec,</strong></span> <span class='ocrx_word' id='word_1_197' title='bbox 1911 2890 2009 2944; x_wconf 87' lang='lat' dir='ltr'><strong>sed</strong></span> 
     </span>
    </p>
   </div>
   <div class='ocr_carea' id='block_1_30' title="bbox 357 2972 2008 3052">
    <p class='ocr_par' dir='ltr' id='par_1_30' title="bbox 357 2972 2008 3052">
     <span class='ocr_line' id='line_1_30' title="bbox 357 2972 2008 3052; baseline -0.004 -17"><span class='ocrx_word' id='word_1_198' title='bbox 357 2975 708 3052; x_wconf 72' lang='lat' dir='ltr'><strong>pmnitentiaa</strong></span> <span class='ocrx_word' id='word_1_199' title='bbox 757 2975 1042 3031; x_wconf 89' lang='lat' dir='ltr'><strong>rationem</strong></span> <span class='ocrx_word' id='word_1_200' title='bbox 1109 2972 1414 3028; x_wconf 86' lang='lat' dir='ltr'><strong>habemus.</strong></span> <span class='ocrx_word' id='word_1_201' title='bbox 1465 2974 1624 3039; x_wconf 88' lang='lat' dir='ltr'><strong>Quod</strong></span> <span class='ocrx_word' id='word_1_202' title='bbox 1680 2974 1729 3030; x_wconf 91' lang='lat' dir='ltr'><strong>si</strong></span> <span class='ocrx_word' id='word_1_203' title='bbox 1787 2993 1821 3029; x_wconf 91' lang='lat' dir='ltr'><strong>a</strong></span> <span class='ocrx_word' id='word_1_204' title='bbox 1885 2992 2008 3045; x_wconf 89' lang='lat' dir='ltr'><strong>pro-</strong></span> 
     </span>
    </p>
   </div>
   <div class='ocr_carea' id='block_1_31' title="bbox 354 3059 2008 3138">
    <p class='ocr_par' dir='ltr' id='par_1_31' title="bbox 354 3059 2008 3138">
     <span class='ocr_line' id='line_1_31' title="bbox 354 3059 2008 3138; baseline -0.002 -16"><span class='ocrx_word' id='word_1_205' title='bbox 354 3065 497 3138; x_wconf 90' lang='lat' dir='ltr'><strong>priis</strong></span> <span class='ocrx_word' id='word_1_206' title='bbox 529 3062 790 3120; x_wconf 86' lang='lat' dir='ltr'><strong>moribus</strong></span> <span class='ocrx_word' id='word_1_207' title='bbox 821 3078 936 3118; x_wconf 91' lang='lat' dir='ltr'><strong>non</strong></span> <span class='ocrx_word' id='word_1_208' title='bbox 979 3059 1148 3118; x_wconf 79' lang='lat' dir='ltr'><strong>facile</strong></span> <span class='ocrx_word' id='word_1_209' title='bbox 1196 3059 1533 3130; x_wconf 84' lang='lat' dir='ltr'><strong>avellantur,</strong></span> <span class='ocrx_word' id='word_1_210' title='bbox 1569 3065 1626 3116; x_wconf 90' lang='lat' dir='ltr'><strong>et</strong></span> <span class='ocrx_word' id='word_1_211' title='bbox 1671 3061 1866 3118; x_wconf 87' lang='lat' dir='ltr'><strong>carnis</strong></span> <span class='ocrx_word' id='word_1_212' title='bbox 1895 3079 2008 3118; x_wconf 88' lang='lat' dir='ltr'><strong>vo-</strong></span> 
     </span>
    </p>
   </div>
   <div class='ocr_carea' id='block_1_32' title="bbox 356 3149 2006 3228">
    <p class='ocr_par' dir='ltr' id='par_1_32' title="bbox 356 3149 2006 3228">
     <span class='ocr_line' id='line_1_32' title="bbox 356 3149 2006 3228; baseline -0.002 -18"><span class='ocrx_word' id='word_1_213' title='bbox 356 3153 683 3228; x_wconf 85' lang='lat' dir='ltr'><strong>luptatibus</strong></span> <span class='ocrx_word' id='word_1_214' title='bbox 711 3150 900 3222; x_wconf 79' lang='lat' dir='ltr'><strong>potius</strong></span> <span class='ocrx_word' id='word_1_215' title='bbox 945 3166 1118 3222; x_wconf 90' lang='lat' dir='ltr'><strong>quam</strong></span> <span class='ocrx_word' id='word_1_216' title='bbox 1154 3150 1394 3206; x_wconf 91' lang='lat' dir='ltr'><strong>Domino</strong></span> <span class='ocrx_word' id='word_1_217' title='bbox 1434 3151 1653 3206; x_wconf 89' lang='lat' dir='ltr'><strong>servire</strong></span> <span class='ocrx_word' id='word_1_218' title='bbox 1699 3149 2006 3219; x_wconf 89' lang='lat' dir='ltr'><strong>voluerint,</strong></span> 
     </span>
    </p>
   </div>
   <div class='ocr_carea' id='block_1_33' title="bbox 2117 545 3752 628">
    <p class='ocr_par' dir='ltr' id='par_1_33' title="bbox 2117 545 3752 628">
     <span class='ocr_line' id='line_1_33' title="bbox 2117 545 3752 628; baseline 0.001 -23"><span class='ocrx_word' id='word_1_219' title='bbox 2117 545 2352 606; x_wconf 86' lang='grc' dir='ltr'>δύναιντ⁹</span> <span class='ocrx_word' id='word_1_220' title='bbox 2399 553 2484 625; x_wconf 84' lang='grc' dir='ltr'>ἃν,</span> <span class='ocrx_word' id='word_1_221' title='bbox 2515 552 2564 609; x_wconf 71' lang='grc' dir='ltr'><strong>εἲ</strong></span> <span class='ocrx_word' id='word_1_222' title='bbox 2608 554 2695 608; x_wconf 74' lang='grc' dir='ltr'><strong>καὶ</strong></span> <span class='ocrx_word' id='word_1_223' title='bbox 2749 555 2824 628; x_wconf 80' lang='grc' dir='ltr'>μή</span> <span class='ocrx_word' id='word_1_224' title='bbox 2875 551 3086 624; x_wconf 70' lang='grc' dir='ltr'>τέλεον,</span> <span class='ocrx_word' id='word_1_225' title='bbox 3129 550 3256 608; x_wconf 81' lang='grc' dir='ltr'>ἀλλ’</span> <span class='ocrx_word' id='word_1_226' title='bbox 3305 551 3394 606; x_wconf 80' lang='grc' dir='ltr'><strong>οὖν</strong></span> <span class='ocrx_word' id='word_1_227' title='bbox 3448 552 3507 606; x_wconf 86' lang='grc' dir='ltr'><strong>ἐκ</strong></span> <span class='ocrx_word' id='word_1_228' title='bbox 3559 551 3752 624; x_wconf 90' lang='grc' dir='ltr'>μέρους</span> 
     </span>
    </p>
   </div>
   <div class='ocr_carea' id='block_1_34' title="bbox 2115 641 3750 722">
    <p class='ocr_par' dir='ltr' id='par_1_34' title="bbox 2115 641 3750 722">
     <span class='ocr_line' id='line_1_34' title="bbox 2115 641 3750 722; baseline 0.001 -26"><span class='ocrx_word' id='word_1_229' title='bbox 2115 645 2221 696; x_wconf 82' lang='grc' dir='ltr'>τῶν</span> <span class='ocrx_word' id='word_1_230' title='bbox 2292 642 2635 722; x_wconf 78' lang='grc' dir='ltr'><strong>κατεχόντων</strong></span> <span class='ocrx_word' id='word_1_231' title='bbox 2688 644 2888 708; x_wconf 80' lang='grc' dir='ltr'>αὐτοὺς</span> <span class='ocrx_word' id='word_1_232' title='bbox 2941 641 3332 720; x_wconf 69' lang='grc' dir='ltr'>ἀπαλλαγῆναι</span> <span class='ocrx_word' id='word_1_233' title='bbox 3391 647 3571 696; x_wconf 81' lang='grc' dir='ltr'>κακῶν</span> <span class='ocrx_word' id='word_1_234' title='bbox 3631 643 3750 698; x_wconf 83' lang='grc' dir='ltr'><strong>Ἐὰν</strong></span> 
     </span>
    </p>
   </div>
   <div class='ocr_carea' id='block_1_35' title="bbox 2117 727 3754 811">
    <p class='ocr_par' dir='ltr' id='par_1_35' title="bbox 2117 727 3754 811">
     <span class='ocr_line' id='line_1_35' title="bbox 2117 727 3754 811; baseline 0 -25"><span class='ocrx_word' id='word_1_235' title='bbox 2117 727 2173 786; x_wconf 77' lang='grc' dir='ltr'>δὲ</span> <span class='ocrx_word' id='word_1_236' title='bbox 2204 731 2398 806; x_wconf 83' lang='grc' dir='ltr'>ἀθρόον</span> <span class='ocrx_word' id='word_1_237' title='bbox 2437 754 2522 795; x_wconf 93' lang='grc' dir='ltr'><strong>τις</strong></span> <span class='ocrx_word' id='word_1_238' title='bbox 2569 731 2818 811; x_wconf 73' lang='grc' dir='ltr'>ἐπαγάγῃ</span> <span class='ocrx_word' id='word_1_239' title='bbox 2852 734 2950 802; x_wconf 75' lang='grc' dir='ltr'>τὴν</span> <span class='ocrx_word' id='word_1_240' title='bbox 2995 729 3296 802; x_wconf 74' lang='grc' dir='ltr'><strong>παίδευσιν,</strong></span> <span class='ocrx_word' id='word_1_241' title='bbox 3327 733 3414 786; x_wconf 76' lang='grc' dir='ltr'><strong>καὶ</strong></span> <span class='ocrx_word' id='word_1_242' title='bbox 3453 738 3557 801; x_wconf 84' lang='grc' dir='ltr'>τῆς</span> <span class='ocrx_word' id='word_1_243' title='bbox 3598 729 3754 786; x_wconf 85' lang='grc' dir='ltr'>ἐλάτ-</span> 
     </span>
    </p>
   </div>
   <div class='ocr_carea' id='block_1_36' title="bbox 2115 817 3755 898">
    <p class='ocr_par' dir='ltr' id='par_1_36' title="bbox 2115 817 3755 898">
     <span class='ocr_line' id='line_1_36' title="bbox 2115 817 3755 898; baseline -0.001 -22"><span class='ocrx_word' id='word_1_244' title='bbox 2115 841 2269 882; x_wconf 84' lang='grc' dir='ltr'>τονος</span> <span class='ocrx_word' id='word_1_245' title='bbox 2317 821 2514 886; x_wconf 78' lang='grc' dir='ltr'>αὐτοὺς</span> <span class='ocrx_word' id='word_1_246' title='bbox 2566 823 2923 898; x_wconf 74' lang='grc' dir='ltr'><strong>ἀποστερήσει</strong></span> <span class='ocrx_word' id='word_1_247' title='bbox 2971 819 3305 884; x_wconf 77' lang='grc' dir='ltr'>παιδεύσεως</span> <span class='ocrx_word' id='word_1_248' title='bbox 3347 841 3406 875; x_wconf 88' lang='grc' dir='ltr'><strong>τε</strong></span> <span class='ocrx_word' id='word_1_249' title='bbox 3461 822 3552 875; x_wconf 78' lang='grc' dir='ltr'><strong>καὶ</strong></span> <span class='ocrx_word' id='word_1_250' title='bbox 3601 817 3755 896; x_wconf 84' lang='grc' dir='ltr'>διορ-</span> 
     </span>
    </p>
   </div>
   <div class='ocr_carea' id='block_1_37' title="bbox 2123 909 3752 986">
    <p class='ocr_par' dir='ltr' id='par_1_37' title="bbox 2123 909 3752 986">
     <span class='ocr_line' id='line_1_37' title="bbox 2123 909 3752 986; baseline 0.001 -24"><span class='ocrx_word' id='word_1_251' title='bbox 2123 909 2340 971; x_wconf 83' lang='grc' dir='ltr'>θώσεως</span> <span class='ocrx_word' id='word_1_252' title='bbox 2374 929 2388 943; x_wconf 89' lang='grc'>·</span> <span class='ocrx_word' id='word_1_253' title='bbox 2439 913 2593 986; x_wconf 76' lang='grc' dir='ltr'>ψυχή</span> <span class='ocrx_word' id='word_1_254' title='bbox 2639 912 2764 985; x_wconf 81' lang='grc' dir='ltr'>γὰρ,</span> <span class='ocrx_word' id='word_1_255' title='bbox 2813 909 3028 966; x_wconf 75' lang='grc' dir='ltr'>ἐπειδάν</span> <span class='ocrx_word' id='word_1_256' title='bbox 3087 911 3470 983; x_wconf 84' lang='grc' dir='ltr'>ἀπερυθριάσαι</span> <span class='ocrx_word' id='word_1_257' title='bbox 3527 912 3752 983; x_wconf 83' lang='grc' dir='ltr'>βιασθῇ,</span> 
     </span>
    </p>
   </div>
   <div class='ocr_carea' id='block_1_38' title="bbox 2119 996 3754 1072">
    <p class='ocr_par' dir='ltr' id='par_1_38' title="bbox 2119 996 3754 1072">
     <span class='ocr_line' id='line_1_38' title="bbox 2119 996 3754 1072; baseline 0.002 -21"><span class='ocrx_word' id='word_1_258' title='bbox 2119 996 2194 1060; x_wconf 80' lang='grc' dir='ltr'>εἰς</span> <span class='ocrx_word' id='word_1_259' title='bbox 2253 998 2595 1054; x_wconf 70' lang='grc' dir='ltr'>ἀνελπιστίαν</span> <span class='ocrx_word' id='word_1_260' title='bbox 2645 998 2926 1072; x_wconf 78' lang='grc' dir='ltr'><strong>ἐμπίπτει,</strong></span> <span class='ocrx_word' id='word_1_261' title='bbox 2983 1000 3070 1054; x_wconf 88' lang='grc' dir='ltr'><strong>καὶ</strong></span> <span class='ocrx_word' id='word_1_262' title='bbox 3129 996 3252 1054; x_wconf 77' lang='grc' dir='ltr'>οὔτε</span> <span class='ocrx_word' id='word_1_263' title='bbox 3307 997 3600 1072; x_wconf 86' lang='grc' dir='ltr'>προσηνέσι</span> <span class='ocrx_word' id='word_1_264' title='bbox 3663 997 3754 1054; x_wconf 81' lang='grc' dir='ltr'><strong>λό-</strong></span> 
     </span>
    </p>
   </div>
   <div class='ocr_carea' id='block_1_39' title="bbox 2119 1083 3752 1160">
    <p class='ocr_par' dir='ltr' id='par_1_39' title="bbox 2119 1083 3752 1160">
     <span class='ocr_line' id='line_1_39' title="bbox 2119 1083 3752 1160; baseline 0.002 -21"><span class='ocrx_word' id='word_1_265' title='bbox 2119 1107 2238 1160; x_wconf 85' lang='grc' dir='ltr'>γοις</span> <span class='ocrx_word' id='word_1_266' title='bbox 2295 1085 2426 1141; x_wconf 71' lang='grc' dir='ltr'>εἴκει</span> <span class='ocrx_word' id='word_1_267' title='bbox 2487 1086 2701 1155; x_wconf 87' lang='grc' dir='ltr'>λοιπὸν,</span> <span class='ocrx_word' id='word_1_268' title='bbox 2759 1083 2882 1142; x_wconf 76' lang='grc' dir='ltr'>οὕτε</span> <span class='ocrx_word' id='word_1_269' title='bbox 2934 1083 3184 1148; x_wconf 80' lang='grc' dir='ltr'>ἀπειλαῖς</span> <span class='ocrx_word' id='word_1_270' title='bbox 3243 1087 3568 1160; x_wconf 83' lang='grc' dir='ltr'>λάμπτεται,</span> <span class='ocrx_word' id='word_1_271' title='bbox 3630 1087 3752 1142; x_wconf 83' lang='grc' dir='ltr'>οὕτε</span> 
     </span>
    </p>
   </div>
   <div class='ocr_carea' id='block_1_40' title="bbox 2120 1173 3752 1254">
    <p class='ocr_par' dir='ltr' id='par_1_40' title="bbox 2120 1173 3752 1254">
     <span class='ocr_line' id='line_1_40' title="bbox 2120 1173 3752 1254; baseline 0.001 -25"><span class='ocrx_word' id='word_1_272' title='bbox 2120 1173 2444 1250; x_wconf 79' lang='grc' dir='ltr'><strong>εὐεργεσίαις</strong></span> <span class='ocrx_word' id='word_1_273' title='bbox 2505 1176 2884 1250; x_wconf 72' lang='grc' dir='ltr'><strong>προτρέπεται,</strong></span> <span class='ocrx_word' id='word_1_274' title='bbox 2942 1175 3091 1230; x_wconf 74' lang='grc' dir='ltr'>ἀλλὰ</span> <span class='ocrx_word' id='word_1_275' title='bbox 3159 1175 3364 1252; x_wconf 89' lang='grc' dir='ltr'>γίνεται</span> <span class='ocrx_word' id='word_1_276' title='bbox 3421 1174 3565 1231; x_wconf 73' lang='grc' dir='ltr'>πολὺ</span> <span class='ocrx_word' id='word_1_277' title='bbox 3637 1175 3752 1254; x_wconf 86' lang='grc' dir='ltr'>χεί-</span> 
     </span>
    </p>
   </div>
   <div class='ocr_carea' id='block_1_41' title="bbox 2120 1263 3747 1341">
    <p class='ocr_par' dir='ltr' id='par_1_41' title="bbox 2120 1263 3747 1341">
     <span class='ocr_line' id='line_1_41' title="bbox 2120 1263 3747 1341; baseline 0.001 -23"><span class='ocrx_word' id='word_1_278' title='bbox 2120 1285 2228 1338; x_wconf 89' lang='grc' dir='ltr'>ρων</span> <span class='ocrx_word' id='word_1_279' title='bbox 2271 1271 2371 1333; x_wconf 86' lang='grc' dir='ltr'><strong>τῆς</strong></span> <span class='ocrx_word' id='word_1_280' title='bbox 2418 1264 2634 1327; x_wconf 85' lang='grc' dir='ltr'>πόλεως</span> <span class='ocrx_word' id='word_1_281' title='bbox 2685 1263 2918 1334; x_wconf 75' lang='grc' dir='ltr'>ἐκείνης,</span> <span class='ocrx_word' id='word_1_282' title='bbox 2965 1266 3028 1334; x_wconf 83' lang='grc' dir='ltr'><strong>ἣν</strong></span> <span class='ocrx_word' id='word_1_283' title='bbox 3089 1267 3118 1320; x_wconf 85' lang='grc' dir='ltr'><strong>ὁ</strong></span> <span class='ocrx_word' id='word_1_284' title='bbox 3175 1268 3468 1341; x_wconf 68' lang='grc' dir='ltr'>πρόφήτης</span> <span class='ocrx_word' id='word_1_285' title='bbox 3516 1266 3747 1335; x_wconf 76' lang='grc' dir='ltr'>κακίζων</span> 
     </span>
    </p>
   </div>
   <div class='ocr_carea' id='block_1_42' title="bbox 2118 1352 3750 1430">
    <p class='ocr_par' dir='ltr' id='par_1_42' title="bbox 2118 1352 3750 1430">
     <span class='ocr_line' id='line_1_42' title="bbox 2118 1352 3750 1430; baseline 0.002 -22"><span class='ocrx_word' id='word_1_286' title='bbox 2118 1352 2323 1430; x_wconf 78' lang='grc' dir='ltr'>ἔλεγεν.</span> <span class='ocrx_word' id='word_1_287' title='bbox 2369 1357 2532 1428; x_wconf 80' lang='grc' dir='ltr'>Ὄψις</span> <span class='ocrx_word' id='word_1_288' title='bbox 2571 1357 2780 1428; x_wconf 80' lang='grc' dir='ltr'>πόρνης</span> <span class='ocrx_word' id='word_1_289' title='bbox 2825 1353 3031 1428; x_wconf 77' lang='grc' dir='ltr'>ἐγένετό</span> <span class='ocrx_word' id='word_1_290' title='bbox 3079 1376 3186 1426; x_wconf 87' lang='grc' dir='ltr'>σοι,</span> <span class='ocrx_word' id='word_1_291' title='bbox 3245 1354 3750 1428; x_wconf 73' lang='grc' dir='ltr'>ἀπηναισχύντησας</span> 
     </span>
    </p>
   </div>
   <div class='ocr_carea' id='block_1_43' title="bbox 2116 1441 3749 1517">
    <p class='ocr_par' dir='ltr' id='par_1_43' title="bbox 2116 1441 3749 1517">
     <span class='ocr_line' id='line_1_43' title="bbox 2116 1441 3749 1517; baseline 0.002 -21"><span class='ocrx_word' id='word_1_292' title='bbox 2116 1443 2251 1516; x_wconf 82' lang='grc' dir='ltr'>πρὸς</span> <span class='ocrx_word' id='word_1_293' title='bbox 2310 1443 2534 1506; x_wconf 84' lang='grc' dir='ltr'>πάντας.</span> <span class='ocrx_word' id='word_1_294' title='bbox 2577 1446 2673 1498; x_wconf 83' lang='grc' dir='ltr'><strong>Διὰ</strong></span> <span class='ocrx_word' id='word_1_295' title='bbox 2725 1448 2886 1499; x_wconf 75' lang='grc' dir='ltr'>τοῦτο</span> <span class='ocrx_word' id='word_1_296' title='bbox 2945 1442 3164 1513; x_wconf 86' lang='grc' dir='ltr'>πολλῆς</span> <span class='ocrx_word' id='word_1_297' title='bbox 3220 1441 3303 1499; x_wconf 83' lang='grc' dir='ltr'><strong>δεῖ</strong></span> <span class='ocrx_word' id='word_1_298' title='bbox 3357 1445 3612 1505; x_wconf 84' lang='grc' dir='ltr'>συνέσεως</span> <span class='ocrx_word' id='word_1_299' title='bbox 3670 1449 3749 1517; x_wconf 80' lang='grc' dir='ltr'>τῷ</span> 
     </span>
    </p>
   </div>
   <div class='ocr_carea' id='block_1_44' title="bbox 2116 1531 3748 1612">
    <p class='ocr_par' dir='ltr' id='par_1_44' title="bbox 2116 1531 3748 1612">
     <span class='ocr_line' id='line_1_44' title="bbox 2116 1531 3748 1612; baseline 0.001 -25"><span class='ocrx_word' id='word_1_300' title='bbox 2116 1532 2355 1604; x_wconf 90' lang='grc' dir='ltr'>ποιμένι,</span> <span class='ocrx_word' id='word_1_301' title='bbox 2401 1534 2491 1587; x_wconf 77' lang='grc' dir='ltr'><strong>καὶ</strong></span> <span class='ocrx_word' id='word_1_302' title='bbox 2544 1533 2749 1606; x_wconf 79' lang='grc' dir='ltr'>μυρίων</span> <span class='ocrx_word' id='word_1_303' title='bbox 2811 1531 3132 1612; x_wconf 73' lang='grc' dir='ltr'>ὀφθαλμῶν,</span> <span class='ocrx_word' id='word_1_304' title='bbox 3191 1535 3328 1601; x_wconf 86' lang='grc' dir='ltr'>πρὸς</span> <span class='ocrx_word' id='word_1_305' title='bbox 3383 1534 3445 1588; x_wconf 88' lang='grc' dir='ltr'>τὸ</span> <span class='ocrx_word' id='word_1_306' title='bbox 3497 1553 3748 1603; x_wconf 73' lang='grc' dir='ltr'>περισκοο</span> 
     </span>
    </p>
   </div>
   <div class='ocr_carea' id='block_1_45' title="bbox 2115 1619 3748 1700">
    <p class='ocr_par' dir='ltr' id='par_1_45' title="bbox 2115 1619 3748 1700">
     <span class='ocr_line' id='line_1_45' title="bbox 2115 1619 3748 1700; baseline 0 -22"><span class='ocrx_word' id='word_1_307' title='bbox 2115 1627 2236 1678; x_wconf 79' lang='grc' dir='ltr'>πεῖν</span> <span class='ocrx_word' id='word_1_308' title='bbox 2283 1621 2542 1677; x_wconf 79' lang='grc' dir='ltr'>πάντοθεν</span> <span class='ocrx_word' id='word_1_309' title='bbox 2588 1623 2688 1690; x_wconf 82' lang='grc' dir='ltr'>τήν</span> <span class='ocrx_word' id='word_1_310' title='bbox 2737 1627 2838 1690; x_wconf 82' lang='grc' dir='ltr'>τῆς</span> <span class='ocrx_word' id='word_1_311' title='bbox 2887 1625 3074 1700; x_wconf 84' lang='grc' dir='ltr'>ψυχῆς</span> <span class='ocrx_word' id='word_1_312' title='bbox 3118 1619 3248 1692; x_wconf 75' lang='grc' dir='ltr'>ἕξιν.</span> <span class='ocrx_word' id='word_1_313' title='bbox 3280 1625 3484 1694; x_wconf 77' lang='grc' dir='ltr'>’Ὠσπερ</span> <span class='ocrx_word' id='word_1_314' title='bbox 3532 1622 3634 1697; x_wconf 69' lang='grc' dir='ltr'><strong>γάρ</strong></span> <span class='ocrx_word' id='word_1_315' title='bbox 3673 1623 3748 1685; x_wconf 83' lang='grc' dir='ltr'>εἰς</span> 
     </span>
    </p>
   </div>
   <div class='ocr_carea' id='block_1_46' title="bbox 2115 1707 3747 1786">
    <p class='ocr_par' dir='ltr' id='par_1_46' title="bbox 2115 1707 3747 1786">
     <span class='ocr_line' id='line_1_46' title="bbox 2115 1707 3747 1786; baseline -0.001 -18"><span class='ocrx_word' id='word_1_316' title='bbox 2115 1709 2372 1768; x_wconf 82' lang='grc' dir='ltr'>ἀπόνοιαν</span> <span class='ocrx_word' id='word_1_317' title='bbox 2401 1709 2645 1785; x_wconf 73' lang='grc' dir='ltr'>α’ίρονται</span> <span class='ocrx_word' id='word_1_318' title='bbox 2686 1709 2915 1779; x_wconf 85' lang='grc' dir='ltr'>πολλοὶ,</span> <span class='ocrx_word' id='word_1_319' title='bbox 2946 1711 3036 1766; x_wconf 78' lang='grc' dir='ltr'>καὶ</span> <span class='ocrx_word' id='word_1_320' title='bbox 3074 1710 3153 1774; x_wconf 83' lang='grc' dir='ltr'>εἷς</span> <span class='ocrx_word' id='word_1_321' title='bbox 3181 1707 3488 1786; x_wconf 82' lang='grc' dir='ltr'>ἀπόγνωσιν</span> <span class='ocrx_word' id='word_1_322' title='bbox 3528 1718 3622 1780; x_wconf 59' lang='grc' dir='ltr'>ἧς</span> <span class='ocrx_word' id='word_1_323' title='bbox 3653 1711 3747 1766; x_wconf 80' lang='grc' dir='ltr'>αὖ·</span> 
     </span>
    </p>
   </div>
   <div class='ocr_carea' id='block_1_47' title="bbox 2114 1798 3746 1876">
    <p class='ocr_par' dir='ltr' id='par_1_47' title="bbox 2114 1798 3746 1876">
     <span class='ocr_line' id='line_1_47' title="bbox 2114 1798 3746 1876; baseline 0 -21"><span class='ocrx_word' id='word_1_324' title='bbox 2114 1804 2223 1876; x_wconf 82' lang='grc' dir='ltr'><strong>τῶν</strong></span> <span class='ocrx_word' id='word_1_325' title='bbox 2275 1799 2674 1856; x_wconf 87' lang='grc' dir='ltr'>καταπίπτουσι</span> <span class='ocrx_word' id='word_1_326' title='bbox 2707 1800 3000 1876; x_wconf 75' lang='grc' dir='ltr'>σωτηρίας,</span> <span class='ocrx_word' id='word_1_327' title='bbox 3031 1799 3140 1858; x_wconf 77' lang='grc' dir='ltr'><strong>ἀπὸ</strong></span> <span class='ocrx_word' id='word_1_328' title='bbox 3185 1805 3282 1855; x_wconf 80' lang='grc' dir='ltr'><strong>τοῦ</strong></span> <span class='ocrx_word' id='word_1_329' title='bbox 3331 1801 3407 1873; x_wconf 80' lang='grc' dir='ltr'>μή</span> <span class='ocrx_word' id='word_1_330' title='bbox 3457 1798 3746 1870; x_wconf 79' lang='grc' dir='ltr'>δυνηθῆναι</span> 
     </span>
    </p>
   </div>
   <div class='ocr_carea' id='block_1_48' title="bbox 2116 1873 3743 1968">
    <p class='ocr_par' dir='ltr' id='par_1_48' title="bbox 2116 1873 3743 1968">
     <span class='ocr_line' id='line_1_48' title="bbox 2116 1873 3743 1968; baseline 0.001 -25"><span class='ocrx_word' id='word_1_331' title='bbox 2116 1873 2323 1964; x_wconf 76' lang='grc' dir='ltr'>πικρῶν</span> <span class='ocrx_word' id='word_1_332' title='bbox 2384 1890 2707 1966; x_wconf 82' lang='grc' dir='ltr'>ἀνασχέσθαι</span> <span class='ocrx_word' id='word_1_333' title='bbox 2784 1891 3107 1968; x_wconf 73' lang='grc' dir='ltr'>φαρμάκων,</span> <span class='ocrx_word' id='word_1_334' title='bbox 3165 1889 3337 1952; x_wconf 78' lang='grc' dir='ltr'>οὕτως</span> <span class='ocrx_word' id='word_1_335' title='bbox 3410 1889 3505 1945; x_wconf 80' lang='grc' dir='ltr'>εἰσι</span> <span class='ocrx_word' id='word_1_336' title='bbox 3578 1910 3743 1961; x_wconf 89' lang='grc' dir='ltr'>τινες,</span> 
     </span>
    </p>
   </div>
   <div class='ocr_carea' id='block_1_49' title="bbox 2117 1977 3744 2052">
    <p class='ocr_par' dir='ltr' id='par_1_49' title="bbox 2117 1977 3744 2052">
     <span class='ocr_line' id='line_1_49' title="bbox 2117 1977 3744 2052; baseline 0 -18"><span class='ocrx_word' id='word_1_337' title='bbox 2117 1979 2194 2049; x_wconf 75' lang='grc' dir='ltr'>οἳ,</span> <span class='ocrx_word' id='word_1_338' title='bbox 2244 1977 2333 2033; x_wconf 71' lang='grc' dir='ltr'>διὰ</span> <span class='ocrx_word' id='word_1_339' title='bbox 2379 1981 2442 2034; x_wconf 88' lang='grc' dir='ltr'>τὸ</span> <span class='ocrx_word' id='word_1_340' title='bbox 2496 1981 2572 2052; x_wconf 80' lang='grc' dir='ltr'>μή</span> <span class='ocrx_word' id='word_1_341' title='bbox 2619 1977 2805 2034; x_wconf 75' lang='grc' dir='ltr'>δοῦναι</span> <span class='ocrx_word' id='word_1_342' title='bbox 2853 1979 3124 2052; x_wconf 83' lang='grc' dir='ltr'>τιμωρίαν</span> <span class='ocrx_word' id='word_1_343' title='bbox 3182 1983 3289 2033; x_wconf 80' lang='grc' dir='ltr'>τῶν</span> <span class='ocrx_word' id='word_1_344' title='bbox 3338 1979 3744 2052; x_wconf 65' lang='grc' dir='ltr'>ἁμαρτημάτων</span> 
     </span>
    </p>
   </div>
   <div class='ocr_carea' id='block_1_50' title="bbox 2117 2067 3742 2145">
    <p class='ocr_par' dir='ltr' id='par_1_50' title="bbox 2117 2067 3742 2145">
     <span class='ocr_line' id='line_1_50' title="bbox 2117 2067 3742 2145; baseline -0.001 -20"><span class='ocrx_word' id='word_1_345' title='bbox 2117 2069 2463 2145; x_wconf 77' lang='grc' dir='ltr'>ἂντίρῥοπον,</span> <span class='ocrx_word' id='word_1_346' title='bbox 2517 2069 2592 2133; x_wconf 81' lang='grc' dir='ltr'>εἷς</span> <span class='ocrx_word' id='word_1_347' title='bbox 2643 2067 2940 2145; x_wconf 85' lang='grc' dir='ltr'>ὀλιγωρίαν</span> <span class='ocrx_word' id='word_1_348' title='bbox 3000 2067 3365 2143; x_wconf 78' lang='grc' dir='ltr'>ἐκτρέπονται,</span> <span class='ocrx_word' id='word_1_349' title='bbox 3415 2067 3494 2126; x_wconf 64' lang='grc' dir='ltr'>δαὶ</span> <span class='ocrx_word' id='word_1_350' title='bbox 3543 2067 3742 2142; x_wconf 83' lang='grc' dir='ltr'>πολλῷ</span> 
     </span>
    </p>
   </div>
   <div class='ocr_carea' id='block_1_51' title="bbox 2115 2158 3737 2238">
    <p class='ocr_par' dir='ltr' id='par_1_51' title="bbox 2115 2158 3737 2238">
     <span class='ocr_line' id='line_1_51' title="bbox 2115 2158 3737 2238; baseline -0.001 -23"><span class='ocrx_word' id='word_1_351' title='bbox 2115 2160 2354 2238; x_wconf 86' lang='grc' dir='ltr'>γίνονται</span> <span class='ocrx_word' id='word_1_352' title='bbox 2413 2161 2664 2236; x_wconf 86' lang='grc' dir='ltr'>χείπους,</span> <span class='ocrx_word' id='word_1_353' title='bbox 2723 2161 2812 2216; x_wconf 82' lang='grc' dir='ltr'><strong>καὶ</strong></span> <span class='ocrx_word' id='word_1_354' title='bbox 2868 2161 3004 2235; x_wconf 87' lang='grc' dir='ltr'>πρὸς</span> <span class='ocrx_word' id='word_1_355' title='bbox 3061 2162 3123 2215; x_wconf 86' lang='grc' dir='ltr'>τὸ</span> <span class='ocrx_word' id='word_1_356' title='bbox 3185 2166 3369 2233; x_wconf 83' lang='grc' dir='ltr'>μεῖζον</span> <span class='ocrx_word' id='word_1_357' title='bbox 3417 2158 3737 2232; x_wconf 76' lang='grc' dir='ltr'>ἁμαρτάνειν</span> 
     </span>
    </p>
   </div>
   <div class='ocr_carea' id='block_1_52' title="bbox 2116 2248 3738 2325">
    <p class='ocr_par' dir='ltr' id='par_1_52' title="bbox 2116 2248 3738 2325">
     <span class='ocr_line' id='line_1_52' title="bbox 2116 2248 3738 2325; baseline 0 -21"><span class='ocrx_word' id='word_1_358' title='bbox 2116 2251 2462 2325; x_wconf 80' lang='grc' dir='ltr'>προάγονται.</span> <span class='ocrx_word' id='word_1_359' title='bbox 2519 2250 2640 2324; x_wconf 83' lang='grc' dir='ltr'><strong>Χρή</strong></span> <span class='ocrx_word' id='word_1_360' title='bbox 2695 2251 2875 2306; x_wconf 84' lang='grc' dir='ltr'>τοίνυν</span> <span class='ocrx_word' id='word_1_361' title='bbox 2927 2248 3094 2324; x_wconf 78' lang='grc' dir='ltr'>μηδὲν</span> <span class='ocrx_word' id='word_1_362' title='bbox 3140 2249 3347 2306; x_wconf 89' lang='grc' dir='ltr'>τούτων</span> <span class='ocrx_word' id='word_1_363' title='bbox 3394 2248 3738 2319; x_wconf 76' lang='grc' dir='ltr'>ἀνεξέταστον</span> 
     </span>
    </p>
   </div>
   <div class='ocr_carea' id='block_1_53' title="bbox 2117 2333 3740 2415">
    <p class='ocr_par' dir='ltr' id='par_1_53' title="bbox 2117 2333 3740 2415">
     <span class='ocr_line' id='line_1_53' title="bbox 2117 2333 3740 2415; baseline 0 -19"><span class='ocrx_word' id='word_1_364' title='bbox 2117 2341 2348 2412; x_wconf 77' lang='grc' dir='ltr'>ἀφεῖναι,</span> <span class='ocrx_word' id='word_1_365' title='bbox 2397 2340 2546 2397; x_wconf 83' lang='grc' dir='ltr'><strong>άλλὰ</strong></span> <span class='ocrx_word' id='word_1_366' title='bbox 2592 2341 2763 2396; x_wconf 87' lang='grc' dir='ltr'>πάντα</span> <span class='ocrx_word' id='word_1_367' title='bbox 2811 2336 3284 2415; x_wconf 82' lang='grc' dir='ltr'>διερευνησάμενον</span> <span class='ocrx_word' id='word_1_368' title='bbox 3333 2333 3583 2414; x_wconf 76' lang='grc' dir='ltr'>ὁκριϐὦς,</span> <span class='ocrx_word' id='word_1_369' title='bbox 3615 2361 3740 2396; x_wconf 86' lang='grc' dir='ltr'>κατ-</span> 
     </span>
    </p>
   </div>
   <div class='ocr_carea' id='block_1_54' title="bbox 2116 2429 3736 2506">
    <p class='ocr_par' dir='ltr' id='par_1_54' title="bbox 2116 2429 3736 2506">
     <span class='ocr_line' id='line_1_54' title="bbox 2116 2429 3736 2506; baseline -0.001 -20"><span class='ocrx_word' id='word_1_370' title='bbox 2116 2429 2386 2502; x_wconf 74' lang='grc' dir='ltr'>αλληλως</span> <span class='ocrx_word' id='word_1_371' title='bbox 2441 2431 2510 2488; x_wconf 80' lang='grc' dir='ltr'>τὰ</span> <span class='ocrx_word' id='word_1_372' title='bbox 2555 2437 2682 2506; x_wconf 87' lang='grc' dir='ltr'>παρ’</span> <span class='ocrx_word' id='word_1_373' title='bbox 2731 2432 2925 2486; x_wconf 76' lang='grc' dir='ltr'>ἑαυτοῦ</span> <span class='ocrx_word' id='word_1_374' title='bbox 2971 2431 3265 2505; x_wconf 83' lang='grc' dir='ltr'>προσάγειν</span> <span class='ocrx_word' id='word_1_375' title='bbox 3313 2431 3379 2501; x_wconf 64' lang='grc' dir='ltr'>τῷ</span> <span class='ocrx_word' id='word_1_376' title='bbox 3431 2448 3736 2505; x_wconf 80' lang='grc' dir='ltr'>προσερχο-</span> 
     </span>
    </p>
   </div>
   <div class='ocr_carea' id='block_1_55' title="bbox 2121 2514 3534 2596">
    <p class='ocr_par' dir='ltr' id='par_1_55' title="bbox 2121 2514 3534 2596">
     <span class='ocr_line' id='line_1_55' title="bbox 2121 2514 3534 2596; baseline -0.002 -22"><span class='ocrx_word' id='word_1_377' title='bbox 2121 2521 2289 2593; x_wconf 85' lang='grc' dir='ltr'>μένῳ,</span> <span class='ocrx_word' id='word_1_378' title='bbox 2316 2517 2410 2574; x_wconf 70' lang='grc' dir='ltr'>’ίνα</span> <span class='ocrx_word' id='word_1_379' title='bbox 2443 2521 2517 2592; x_wconf 79' lang='grc' dir='ltr'>μὴ</span> <span class='ocrx_word' id='word_1_380' title='bbox 2555 2519 2784 2593; x_wconf 88' lang='grc' dir='ltr'>μάταιος</span> <span class='ocrx_word' id='word_1_381' title='bbox 2814 2518 2962 2594; x_wconf 80' lang='grc' dir='ltr'>αὐτῷ</span> <span class='ocrx_word' id='word_1_382' title='bbox 2990 2516 3215 2596; x_wconf 84' lang='grc' dir='ltr'>γένηται</span> <span class='ocrx_word' id='word_1_383' title='bbox 3245 2522 3279 2590; x_wconf 82' lang='grc' dir='ltr'><strong>ἡ</strong></span> <span class='ocrx_word' id='word_1_384' title='bbox 3311 2514 3534 2589; x_wconf 71' lang='grc' dir='ltr'>επουδή.</span> 
     </span>
    </p>
   </div>
   <div class='ocr_carea' id='block_1_56' title="bbox 2185 2694 3744 2775">
    <p class='ocr_par' dir='ltr' id='par_1_56' title="bbox 2185 2694 3744 2775">
     <span class='ocr_line' id='line_1_56' title="bbox 2185 2694 3744 2775; baseline -0.001 -23"><span class='ocrx_word' id='word_1_385' title='bbox 2185 2699 2242 2752; x_wconf 81' lang='lat'><strong>&#39;0</strong></span> <span class='ocrx_word' id='word_1_386' title='bbox 2293 2694 2349 2752; x_wconf 74' lang='grc' dir='ltr'>δὲ</span> <span class='ocrx_word' id='word_1_387' title='bbox 2400 2698 2568 2775; x_wconf 87' lang='grc' dir='ltr'>μέγας</span> <span class='ocrx_word' id='word_1_388' title='bbox 2613 2697 2916 2767; x_wconf 83' lang='grc' dir='ltr'>Βασίλειος,</span> <span class='ocrx_word' id='word_1_389' title='bbox 2966 2697 3020 2753; x_wconf 85' lang='grc' dir='ltr'><strong>ἐν</strong></span> <span class='ocrx_word' id='word_1_390' title='bbox 3077 2697 3168 2754; x_wconf 87' lang='grc' dir='ltr'>πδ⁹</span> <span class='ocrx_word' id='word_1_391' title='bbox 3214 2695 3404 2760; x_wconf 62' lang='grc' dir='ltr'>κανόνι,</span> <span class='ocrx_word' id='word_1_392' title='bbox 3455 2697 3635 2752; x_wconf 86' lang='grc' dir='ltr'>Πάντα</span> <span class='ocrx_word' id='word_1_393' title='bbox 3685 2694 3744 2752; x_wconf 76' lang='grc' dir='ltr'>δὲ</span> 
     </span>
    </p>
   </div>
   <div class='ocr_carea' id='block_1_57' title="bbox 2116 2781 3742 2864">
    <p class='ocr_par' dir='ltr' id='par_1_57' title="bbox 2116 2781 3742 2864">
     <span class='ocr_line' id='line_1_57' title="bbox 2116 2781 3742 2864; baseline -0.001 -23"><span class='ocrx_word' id='word_1_394' title='bbox 2116 2791 2284 2841; x_wconf 80' lang='grc' dir='ltr'>ταῦτα</span> <span class='ocrx_word' id='word_1_395' title='bbox 2322 2787 2621 2863; x_wconf 60' lang='grc' dir='ltr'>γράφομεν,</span> <span class='ocrx_word' id='word_1_396' title='bbox 2663 2788 2848 2864; x_wconf 75' lang='grc' dir='ltr'>φησὶν,</span> <span class='ocrx_word' id='word_1_397' title='bbox 2890 2787 3030 2842; x_wconf 81' lang='grc' dir='ltr'>ὥστε</span> <span class='ocrx_word' id='word_1_398' title='bbox 3065 2787 3193 2850; x_wconf 70' lang='grc' dir='ltr'>τοὺς</span> <span class='ocrx_word' id='word_1_399' title='bbox 3219 2783 3461 2856; x_wconf 67' lang='grc' dir='ltr'>καρποὺς</span> <span class='ocrx_word' id='word_1_400' title='bbox 3502 2781 3742 2860; x_wconf 86' lang='grc' dir='ltr'>δοκιμά-</span> 
     </span>
    </p>
   </div>
   <div class='ocr_carea' id='block_1_58' title="bbox 2122 2873 3742 2950">
    <p class='ocr_par' dir='ltr' id='par_1_58' title="bbox 2122 2873 3742 2950">
     <span class='ocr_line' id='line_1_58' title="bbox 2122 2873 3742 2950; baseline 0 -20"><span class='ocrx_word' id='word_1_401' title='bbox 2122 2880 2298 2944; x_wconf 79' lang='grc' dir='ltr'>ζεσθαι</span> <span class='ocrx_word' id='word_1_402' title='bbox 2351 2883 2452 2945; x_wconf 76' lang='grc' dir='ltr'>τῆς</span> <span class='ocrx_word' id='word_1_403' title='bbox 2513 2877 2820 2949; x_wconf 83' lang='grc' dir='ltr'>μετανοίας.</span> <span class='ocrx_word' id='word_1_404' title='bbox 2871 2877 2948 2932; x_wconf 80' lang='grc' dir='ltr'><strong>Οὐ</strong></span> <span class='ocrx_word' id='word_1_405' title='bbox 3004 2879 3110 2950; x_wconf 74' lang='grc' dir='ltr'>γὰρ</span> <span class='ocrx_word' id='word_1_406' title='bbox 3167 2873 3366 2934; x_wconf 68' lang='grc' dir='ltr'>πάντως</span> <span class='ocrx_word' id='word_1_407' title='bbox 3419 2879 3500 2946; x_wconf 78' lang='grc' dir='ltr'>τῷ</span> <span class='ocrx_word' id='word_1_408' title='bbox 3557 2873 3742 2950; x_wconf 83' lang='grc' dir='ltr'>χρόνῳ</span> 
     </span>
    </p>
   </div>
   <div class='ocr_carea' id='block_1_59' title="bbox 2117 2959 3741 3038">
    <p class='ocr_par' dir='ltr' id='par_1_59' title="bbox 2117 2959 3741 3038">
     <span class='ocr_line' id='line_1_59' title="bbox 2117 2959 3741 3038; baseline 0.001 -20"><span class='ocrx_word' id='word_1_409' title='bbox 2117 2965 2368 3038; x_wconf 81' lang='grc' dir='ltr'>κρίνομεν</span> <span class='ocrx_word' id='word_1_410' title='bbox 2404 2965 2472 3019; x_wconf 78' lang='grc' dir='ltr'><strong>τά</strong></span> <span class='ocrx_word' id='word_1_411' title='bbox 2509 2969 2752 3033; x_wconf 76' lang='grc' dir='ltr'>τοιαῦτα,</span> <span class='ocrx_word' id='word_1_412' title='bbox 2789 2963 2937 3020; x_wconf 81' lang='grc' dir='ltr'><strong>ἀλλᾶ</strong></span> <span class='ocrx_word' id='word_1_413' title='bbox 2973 2970 3053 3038; x_wconf 80' lang='grc' dir='ltr'>τῷ</span> <span class='ocrx_word' id='word_1_414' title='bbox 3090 2959 3266 3033; x_wconf 76' lang='grc' dir='ltr'>τιόπῳ</span> <span class='ocrx_word' id='word_1_415' title='bbox 3307 2965 3406 3027; x_wconf 80' lang='grc' dir='ltr'><strong>τῆς</strong></span> <span class='ocrx_word' id='word_1_416' title='bbox 3447 2967 3741 3036; x_wconf 83' lang='grc' dir='ltr'>μετανοίας</span> 
     </span>
    </p>
   </div>
   <div class='ocr_carea' id='block_1_60' title="bbox 2120 3045 3736 3131">
    <p class='ocr_par' dir='ltr' id='par_1_60' title="bbox 2120 3045 3736 3131">
     <span class='ocr_line' id='line_1_60' title="bbox 2120 3045 3736 3131; baseline 0 -22"><span class='ocrx_word' id='word_1_417' title='bbox 2120 3055 2488 3131; x_wconf 70' lang='grc' dir='ltr'>προσέχομεν.</span> <span class='ocrx_word' id='word_1_418' title='bbox 2551 3054 2671 3108; x_wconf 80' lang='grc' dir='ltr'>Ἐὰν</span> <span class='ocrx_word' id='word_1_419' title='bbox 2731 3051 2790 3109; x_wconf 74' lang='grc' dir='ltr'>δὲ</span> <span class='ocrx_word' id='word_1_420' title='bbox 2860 3050 3310 3112; x_wconf 73' lang='grc' dir='ltr'>δυσαποστάστως</span> <span class='ocrx_word' id='word_1_421' title='bbox 3380 3045 3554 3126; x_wconf 78' lang='grc' dir='ltr'>ἔχωσι</span> <span class='ocrx_word' id='word_1_422' title='bbox 3627 3059 3736 3109; x_wconf 82' lang='grc' dir='ltr'><strong>τῶν</strong></span> 
     </span>
    </p>
   </div>
   <div class='ocr_carea' id='block_1_61' title="bbox 2121 3140 3734 3215">
    <p class='ocr_par' dir='ltr' id='par_1_61' title="bbox 2121 3140 3734 3215">
     <span class='ocr_line' id='line_1_61' title="bbox 2121 3140 3734 3215; baseline 0.006 -20"><span class='ocrx_word' id='word_1_423' title='bbox 2121 3140 2275 3196; x_wconf 77' lang='grc' dir='ltr'>ἰδίων</span> <span class='ocrx_word' id='word_1_424' title='bbox 2324 3141 2482 3204; x_wconf 77' lang='grc' dir='ltr'>ἐθῶν,</span> <span class='ocrx_word' id='word_1_425' title='bbox 2529 3142 2617 3197; x_wconf 81' lang='grc' dir='ltr'><strong>καὶ</strong></span> <span class='ocrx_word' id='word_1_426' title='bbox 2670 3149 2788 3206; x_wconf 81' lang='grc' dir='ltr'>ταῖς</span> <span class='ocrx_word' id='word_1_427' title='bbox 2841 3140 3204 3212; x_wconf 76' lang='grc' dir='ltr'>ἡδοναῖς’τῆς</span> <span class='ocrx_word' id='word_1_428' title='bbox 3263 3141 3458 3215; x_wconf 74' lang='grc' dir='ltr'>σαρκὸς</span> <span class='ocrx_word' id='word_1_429' title='bbox 3521 3142 3734 3215; x_wconf 81' lang='grc' dir='ltr'>μᾶλλον</span> 
     </span>
    </p>
   </div>
   <div class='ocr_carea' id='block_1_62' title="bbox 356 3215 2009 3315">
    <p class='ocr_par' dir='ltr' id='par_1_62' title="bbox 356 3215 2005 3315">
     <span class='ocr_line' id='line_1_62' title="bbox 356 3215 2005 3315; baseline -0.004 -15"><span class='ocrx_word' id='word_1_430' title='bbox 356 3215 652 3315; x_wconf 70' lang='lat' dir='ltr'><strong>vitamque</strong></span> <span class='ocrx_word' id='word_1_431' title='bbox 675 3215 744 3297; x_wconf 54' lang='lat' dir='ltr'><strong>e-x</strong></span> <span class='ocrx_word' id='word_1_432' title='bbox 774 3215 1082 3313; x_wconf 75' lang='lat' dir='ltr'><strong>Evangelia</strong></span> <span class='ocrx_word' id='word_1_433' title='bbox 1132 3238 1462 3296; x_wconf 84' lang='lat' dir='ltr'><strong>institutam</strong></span> <span class='ocrx_word' id='word_1_434' title='bbox 1513 3255 1630 3296; x_wconf 92' lang='lat' dir='ltr'><strong>non</strong></span> <span class='ocrx_word' id='word_1_435' title='bbox 1673 3215 2005 3309; x_wconf 71' lang='lat' dir='ltr'><strong>admittant,</strong></span> 
     </span>
    </p>
   </div>
   <div class='ocr_carea' id='block_1_63' title="bbox 2125 3215 3735 3315">
    <p class='ocr_par' dir='ltr' id='par_1_63' title="bbox 2125 3225 3735 3315">
     <span class='ocr_line' id='line_1_63' title="bbox 2125 3225 3735 3315; baseline 0.001 -29"><span class='ocrx_word' id='word_1_436' title='bbox 2125 3229 2394 3286; x_wconf 70' lang='grc' dir='ltr'>δουλεύειν</span> <span class='ocrx_word' id='word_1_437' title='bbox 2442 3230 2722 3304; x_wconf 81' lang='grc' dir='ltr'>ἐθέλωσιν,</span> <span class='ocrx_word' id='word_1_438' title='bbox 2770 3233 2806 3304; x_wconf 72' lang='grc' dir='ltr'><strong>ἢ</strong></span> <span class='ocrx_word' id='word_1_439' title='bbox 2854 3237 2934 3304; x_wconf 77' lang='grc' dir='ltr'>τῷ</span> <span class='ocrx_word' id='word_1_440' title='bbox 2985 3225 3168 3315; x_wconf 63' lang='grc' dir='ltr'>Κρίῳ,</span> <span class='ocrx_word' id='word_1_441' title='bbox 3219 3229 3308 3284; x_wconf 81' lang='grc' dir='ltr'><strong>καὶ</strong></span> <span class='ocrx_word' id='word_1_442' title='bbox 3349 3231 3449 3298; x_wconf 83' lang='grc' dir='ltr'>τὴν</span> <span class='ocrx_word' id='word_1_443' title='bbox 3497 3232 3633 3287; x_wconf 88' lang='grc' dir='ltr'>κατὰ</span> <span class='ocrx_word' id='word_1_444' title='bbox 3671 3233 3735 3288; x_wconf 86' lang='grc' dir='ltr'>τὸ</span> 
     </span>
    </p>
   </div>
   <div class='ocr_carea' id='block_1_64' title="bbox 357 3328 2010 3390">
    <p class='ocr_par' dir='ltr' id='par_1_64' title="bbox 357 3328 2010 3390">
     <span class='ocr_line' id='line_1_64' title="bbox 357 3328 2010 3390; baseline -0.004 0"><span class='ocrx_word' id='word_1_445' title='bbox 357 3333 518 3390; x_wconf 90' lang='lat' dir='ltr'><strong>nulla</strong></span> <span class='ocrx_word' id='word_1_446' title='bbox 546 3335 634 3387; x_wconf 86' lang='lat' dir='ltr'><strong>est</strong></span> <span class='ocrx_word' id='word_1_447' title='bbox 663 3329 833 3387; x_wconf 91' lang='lat' dir='ltr'><strong>nobis</strong></span> <span class='ocrx_word' id='word_1_448' title='bbox 864 3345 998 3387; x_wconf 92' lang='lat' dir='ltr'><strong>cum</strong></span> <span class='ocrx_word' id='word_1_449' title='bbox 1050 3328 1123 3386; x_wconf 88' lang='lat' dir='ltr'><strong>iis</strong></span> <span class='ocrx_word' id='word_1_450' title='bbox 1154 3329 1484 3386; x_wconf 91' lang='lat' dir='ltr'><strong>communis</strong></span> <span class='ocrx_word' id='word_1_451' title='bbox 1513 3329 1682 3386; x_wconf 89' lang='lat' dir='ltr'><strong>ratio.</strong></span> <span class='ocrx_word' id='word_1_452' title='bbox 1715 3333 1832 3385; x_wconf 86' lang='lat' dir='ltr'><strong>Nos</strong></span> <span class='ocrx_word' id='word_1_453' title='bbox 1855 3329 2010 3386; x_wconf 91' lang='lat' dir='ltr'><strong>enim</strong></span> 
     </span>
    </p>
   </div>
   <div class='ocr_carea' id='block_1_65' title="bbox 358 3417 2010 3490">
    <p class='ocr_par' dir='ltr' id='par_1_65' title="bbox 358 3417 2010 3490">
     <span class='ocr_line' id='line_1_65' title="bbox 358 3417 2010 3490; baseline -0.003 -13"><span class='ocrx_word' id='word_1_454' title='bbox 358 3422 420 3479; x_wconf 87' lang='lat' dir='ltr'><strong>in</strong></span> <span class='ocrx_word' id='word_1_455' title='bbox 467 3421 833 3478; x_wconf 90' lang='lat' dir='ltr'><strong>inobediente</strong></span> <span class='ocrx_word' id='word_1_456' title='bbox 861 3423 918 3475; x_wconf 89' lang='lat' dir='ltr'><strong>et</strong></span> <span class='ocrx_word' id='word_1_457' title='bbox 937 3419 1377 3475; x_wconf 87' lang='lat' dir='ltr'><strong>contradicente</strong></span> <span class='ocrx_word' id='word_1_458' title='bbox 1400 3417 1614 3490; x_wconf 91' lang='lat' dir='ltr'><strong>populo</strong></span> <span class='ocrx_word' id='word_1_459' title='bbox 1630 3419 1831 3475; x_wconf 90' lang='lat' dir='ltr'><strong>audire</strong></span> <span class='ocrx_word' id='word_1_460' title='bbox 1852 3418 2010 3476; x_wconf 89' lang='lat' dir='ltr'><strong>docti</strong></span> 
     </span>
    </p>
   </div>
   <div class='ocr_carea' id='block_1_66' title="bbox 356 3501 1939 3578">
    <p class='ocr_par' dir='ltr' id='par_1_66' title="bbox 356 3501 1939 3578">
     <span class='ocr_line' id='line_1_66' title="bbox 356 3501 1939 3578; baseline -0.008 -12"><span class='ocrx_word' id='word_1_461' title='bbox 356 3524 588 3578; x_wconf 87' lang='lat' dir='ltr'><strong>sumus,</strong></span> <span class='ocrx_word' id='word_1_462' title='bbox 619 3531 648 3559; x_wconf 88' lang='grc'><em>‹‹</em></span> <span class='ocrx_word' id='word_1_463' title='bbox 679 3507 932 3564; x_wconf 87' lang='lat' dir='ltr'><strong>Servans</strong></span> <span class='ocrx_word' id='word_1_464' title='bbox 966 3520 1133 3562; x_wconf 89' lang='lat' dir='ltr'><strong>serva</strong></span> <span class='ocrx_word' id='word_1_465' title='bbox 1158 3505 1414 3562; x_wconf 89' lang='lat' dir='ltr'><strong>animam</strong></span> <span class='ocrx_word' id='word_1_466' title='bbox 1446 3509 1629 3560; x_wconf 88' lang='lat' dir='ltr'><strong>tuam.</strong></span> <span class='ocrx_word' id='word_1_467' title='bbox 1666 3527 1694 3554; x_wconf 74' lang='grc' dir='ltr'><strong>η</strong></span> <span class='ocrx_word' id='word_1_468' title='bbox 1935 3501 1939 3504; x_wconf 80' lang='grc'><em>’</em></span> 
     </span>
    </p>
   </div>
   <div class='ocr_carea' id='block_1_67' title="bbox 430 3774 2014 3848">
    <p class='ocr_par' dir='ltr' id='par_1_67' title="bbox 430 3774 2014 3848">
     <span class='ocr_line' id='line_1_67' title="bbox 430 3774 2014 3848; baseline 0 -16"><span class='ocrx_word' id='word_1_469' title='bbox 430 3778 493 3833; x_wconf 92' lang='lat' dir='ltr'><strong>In</strong></span> <span class='ocrx_word' id='word_1_470' title='bbox 555 3777 626 3832; x_wconf 88' lang='lat'>85</span> <span class='ocrx_word' id='word_1_471' title='bbox 681 3791 813 3832; x_wconf 90' lang='lat' dir='ltr'><strong>vero</strong></span> <span class='ocrx_word' id='word_1_472' title='bbox 871 3774 1164 3831; x_wconf 85' lang='lat' dir='ltr'><strong>antistites</strong></span> <span class='ocrx_word' id='word_1_473' title='bbox 1223 3777 1282 3830; x_wconf 90' lang='lat' dir='ltr'><strong>et</strong></span> <span class='ocrx_word' id='word_1_474' title='bbox 1339 3791 1565 3845; x_wconf 88' lang='lat' dir='ltr'><strong>omnes,</strong></span> <span class='ocrx_word' id='word_1_475' title='bbox 1629 3777 1729 3848; x_wconf 89' lang='lat' dir='ltr'><strong>qui</strong></span> <span class='ocrx_word' id='word_1_476' title='bbox 1797 3776 2014 3833; x_wconf 81' lang='lat' dir='ltr'><strong>habent</strong></span> 
     </span>
    </p>
   </div>
   <div class='ocr_carea' id='block_1_68' title="bbox 359 3863 2010 3940">
    <p class='ocr_par' dir='ltr' id='par_1_68' title="bbox 359 3863 2010 3940">
     <span class='ocr_line' id='line_1_68' title="bbox 359 3863 2010 3940; baseline -0.001 -18"><span class='ocrx_word' id='word_1_477' title='bbox 359 3866 578 3940; x_wconf 83' lang='lat' dir='ltr'><strong>ligandi</strong></span> <span class='ocrx_word' id='word_1_478' title='bbox 611 3871 668 3921; x_wconf 92' lang='lat' dir='ltr'><strong>et</strong></span> <span class='ocrx_word' id='word_1_479' title='bbox 697 3863 958 3921; x_wconf 86' lang='lat' dir='ltr'><strong>solvendi</strong></span> <span class='ocrx_word' id='word_1_480' title='bbox 999 3867 1369 3936; x_wconf 85' lang='lat' dir='ltr'><strong>potestatem,</strong></span> <span class='ocrx_word' id='word_1_481' title='bbox 1415 3864 1698 3932; x_wconf 86' lang='lat' dir='ltr'><strong>hortatur,</strong></span> <span class='ocrx_word' id='word_1_482' title='bbox 1759 3882 1830 3920; x_wconf 84' lang='lat' dir='ltr'><strong>ne</strong></span> <span class='ocrx_word' id='word_1_483' title='bbox 1881 3883 2010 3937; x_wconf 84' lang='lat' dir='ltr'><strong>pec-</strong></span> 
     </span>
    </p>
   </div>
   <div class='ocr_carea' id='block_1_69' title="bbox 360 3953 2013 4019">
    <p class='ocr_par' dir='ltr' id='par_1_69' title="bbox 360 3953 2013 4019">
     <span class='ocr_line' id='line_1_69' title="bbox 360 3953 2013 4019; baseline -0.001 -6"><span class='ocrx_word' id='word_1_484' title='bbox 360 3956 634 4012; x_wconf 90' lang='lat' dir='ltr'><strong>cantibus</strong></span> <span class='ocrx_word' id='word_1_485' title='bbox 657 3954 1042 4019; x_wconf 89' lang='lat' dir='ltr'><strong>consentiant,</strong></span> <span class='ocrx_word' id='word_1_486' title='bbox 1073 3959 1132 4009; x_wconf 90' lang='lat' dir='ltr'><strong>et</strong></span> <span class='ocrx_word' id='word_1_487' title='bbox 1159 3953 1638 4011; x_wconf 89' lang='lat' dir='ltr'><strong>communionem</strong></span> <span class='ocrx_word' id='word_1_488' title='bbox 1670 3956 2013 4012; x_wconf 86' lang='lat' dir='ltr'><strong>sustinendo</strong></span> 
     </span>
    </p>
   </div>
   <div class='ocr_carea' id='block_1_70' title="bbox 362 4042 2013 4116">
    <p class='ocr_par' dir='ltr' id='par_1_70' title="bbox 362 4042 2013 4116">
     <span class='ocr_line' id='line_1_70' title="bbox 362 4042 2013 4116; baseline 0 -14"><span class='ocrx_word' id='word_1_489' title='bbox 362 4061 493 4103; x_wconf 90' lang='lat' dir='ltr'><strong>cum</strong></span> <span class='ocrx_word' id='word_1_490' title='bbox 523 4044 598 4102; x_wconf 89' lang='lat' dir='ltr'><strong>iis</strong></span> <span class='ocrx_word' id='word_1_491' title='bbox 646 4043 747 4116; x_wconf 87' lang='lat' dir='ltr'><strong>qui</strong></span> <span class='ocrx_word' id='word_1_492' title='bbox 799 4043 860 4098; x_wconf 92' lang='lat' dir='ltr'><strong>in</strong></span> <span class='ocrx_word' id='word_1_493' title='bbox 911 4042 1162 4114; x_wconf 89' lang='lat' dir='ltr'><strong>peccatis</strong></span> <span class='ocrx_word' id='word_1_494' title='bbox 1211 4047 1605 4114; x_wconf 87' lang='lat' dir='ltr'><strong>perseverant,</strong></span> <span class='ocrx_word' id='word_1_495' title='bbox 1651 4043 1830 4100; x_wconf 88' lang='lat' dir='ltr'><strong>simul</strong></span> <span class='ocrx_word' id='word_1_496' title='bbox 1879 4062 2013 4102; x_wconf 92' lang='lat' dir='ltr'><strong>cum</strong></span> 
     </span>
    </p>
   </div>
   <div class='ocr_carea' id='block_1_71' title="bbox 360 4131 2017 4206">
    <p class='ocr_par' dir='ltr' id='par_1_71' title="bbox 360 4131 2017 4206">
     <span class='ocr_line' id='line_1_71' title="bbox 360 4131 2017 4206; baseline 0.001 -17"><span class='ocrx_word' id='word_1_497' title='bbox 360 4133 480 4190; x_wconf 90' lang='lat' dir='ltr'><strong>illis</strong></span> <span class='ocrx_word' id='word_1_498' title='bbox 511 4139 784 4206; x_wconf 82' lang='lat' dir='ltr'><strong>pereant;</strong></span> <span class='ocrx_word' id='word_1_499' title='bbox 826 4131 944 4187; x_wconf 91' lang='lat' dir='ltr'><strong>imo</strong></span> <span class='ocrx_word' id='word_1_500' title='bbox 976 4137 1149 4188; x_wconf 89' lang='lat' dir='ltr'><strong>noctu</strong></span> <span class='ocrx_word' id='word_1_501' title='bbox 1179 4137 1238 4188; x_wconf 89' lang='lat' dir='ltr'><strong>et</strong></span> <span class='ocrx_word' id='word_1_502' title='bbox 1267 4131 1543 4200; x_wconf 89' lang='lat' dir='ltr'><strong>interdiu,</strong></span> <span class='ocrx_word' id='word_1_503' title='bbox 1592 4137 1650 4189; x_wconf 92' lang='lat' dir='ltr'><strong>et</strong></span> <span class='ocrx_word' id='word_1_504' title='bbox 1698 4133 1930 4204; x_wconf 89' lang='lat' dir='ltr'><strong>publice</strong></span> <span class='ocrx_word' id='word_1_505' title='bbox 1959 4141 2017 4190; x_wconf 93' lang='lat' dir='ltr'><strong>et</strong></span> 
     </span>
    </p>
   </div>
   <div class='ocr_carea' id='block_1_72' title="bbox 361 4220 2016 4294">
    <p class='ocr_par' dir='ltr' id='par_1_72' title="bbox 361 4220 2016 4294">
     <span class='ocr_line' id='line_1_72' title="bbox 361 4220 2016 4294; baseline 0.001 -16"><span class='ocrx_word' id='word_1_506' title='bbox 361 4221 632 4294; x_wconf 86' lang='lat' dir='ltr'><strong>privatim</strong></span> <span class='ocrx_word' id='word_1_507' title='bbox 662 4221 809 4294; x_wconf 87' lang='lat' dir='ltr'><strong>ipsis</strong></span> <span class='ocrx_word' id='word_1_508' title='bbox 838 4220 1162 4288; x_wconf 79' lang='lat' dir='ltr'><strong>testificari,</strong></span> <span class='ocrx_word' id='word_1_509' title='bbox 1209 4236 1344 4276; x_wconf 89' lang='lat' dir='ltr'><strong>cum</strong></span> <span class='ocrx_word' id='word_1_510' title='bbox 1400 4237 1602 4278; x_wconf 88' lang='lat' dir='ltr'><strong>eorum</strong></span> <span class='ocrx_word' id='word_1_511' title='bbox 1660 4227 1851 4279; x_wconf 87' lang='lat' dir='ltr'><strong>autem</strong></span> <span class='ocrx_word' id='word_1_512' title='bbox 1903 4225 2016 4279; x_wconf 88' lang='lat' dir='ltr'><strong>im-</strong></span> 
     </span>
    </p>
   </div>
   <div class='ocr_carea' id='block_1_73' title="bbox 363 4309 2013 4385">
    <p class='ocr_par' dir='ltr' id='par_1_73' title="bbox 363 4309 2013 4385">
     <span class='ocr_line' id='line_1_73' title="bbox 363 4309 2013 4385; baseline -0.001 -18"><span class='ocrx_word' id='word_1_513' title='bbox 363 4309 753 4385; x_wconf 87' lang='lat' dir='ltr'><strong>probitatibue</strong></span> <span class='ocrx_word' id='word_1_514' title='bbox 807 4325 922 4366; x_wconf 91' lang='lat' dir='ltr'><strong>non</strong></span> <span class='ocrx_word' id='word_1_515' title='bbox 981 4309 1357 4377; x_wconf 84' lang='lat' dir='ltr'><strong>consentire;</strong></span> <span class='ocrx_word' id='word_1_516' title='bbox 1414 4311 1532 4366; x_wconf 90' lang='lat' dir='ltr'><strong>imo</strong></span> <span class='ocrx_word' id='word_1_517' title='bbox 1607 4327 1706 4366; x_wconf 89' lang='lat' dir='ltr'><strong>eos</strong></span> <span class='ocrx_word' id='word_1_518' title='bbox 1777 4311 2013 4383; x_wconf 85' lang='lat' dir='ltr'><strong>quidem</strong></span> 
     </span>
    </p>
   </div>
   <div class='ocr_carea' id='block_1_74' title="bbox 360 4397 2014 4472">
    <p class='ocr_par' dir='ltr' id='par_1_74' title="bbox 360 4397 2014 4472">
     <span class='ocr_line' id='line_1_74' title="bbox 360 4397 2014 4472; baseline 0 -16"><span class='ocrx_word' id='word_1_519' title='bbox 360 4398 698 4458; x_wconf 78' lang='lat' dir='ltr'><strong>lucrifacere</strong></span> <span class='ocrx_word' id='word_1_520' title='bbox 745 4403 972 4472; x_wconf 89' lang='lat' dir='ltr'><strong>optare,</strong></span> <span class='ocrx_word' id='word_1_521' title='bbox 1003 4402 1060 4454; x_wconf 88' lang='lat' dir='ltr'><strong>et</strong></span> <span class='ocrx_word' id='word_1_522' title='bbox 1101 4417 1134 4455; x_wconf 91' lang='lat' dir='ltr'><strong>a</strong></span> <span class='ocrx_word' id='word_1_523' title='bbox 1178 4397 1318 4454; x_wconf 91' lang='lat' dir='ltr'><strong>mali</strong></span> <span class='ocrx_word' id='word_1_524' title='bbox 1366 4398 1572 4470; x_wconf 89' lang='lat' dir='ltr'><strong>laqueo</strong></span> <span class='ocrx_word' id='word_1_525' title='bbox 1622 4400 1860 4472; x_wconf 88' lang='lat' dir='ltr'><strong>eripere.</strong></span> <span class='ocrx_word' id='word_1_526' title='bbox 1912 4402 2014 4457; x_wconf 91' lang='lat' dir='ltr'><strong>Sin</strong></span> 
     </span>
    </p>
   </div>
   <div class='ocr_carea' id='block_1_75' title="bbox 362 4486 2016 4558">
    <p class='ocr_par' dir='ltr' id='par_1_75' title="bbox 362 4486 2016 4558">
     <span class='ocr_line' id='line_1_75' title="bbox 362 4486 2016 4558; baseline -0.001 -11"><span class='ocrx_word' id='word_1_527' title='bbox 362 4493 578 4557; x_wconf 83' lang='lat' dir='ltr'><strong>autem,</strong></span> <span class='ocrx_word' id='word_1_528' title='bbox 609 4487 824 4558; x_wconf 88' lang='lat' dir='ltr'><strong>inquit,</strong></span> <span class='ocrx_word' id='word_1_529' title='bbox 863 4487 974 4542; x_wconf 91' lang='lat' dir='ltr'><strong>hoc</strong></span> <span class='ocrx_word' id='word_1_530' title='bbox 1025 4486 1212 4543; x_wconf 79' lang='lat' dir='ltr'><strong>facere</strong></span> <span class='ocrx_word' id='word_1_531' title='bbox 1244 4503 1360 4542; x_wconf 88' lang='lat' dir='ltr'><strong>non</strong></span> <span class='ocrx_word' id='word_1_532' title='bbox 1400 4503 1738 4558; x_wconf 87' lang='lat' dir='ltr'><strong>possumus,</strong></span> <span class='ocrx_word' id='word_1_533' title='bbox 1789 4495 2016 4546; x_wconf 78' lang='lat' dir='ltr'><strong>nostras</strong></span> 
     </span>
    </p>
   </div>
   <div class='ocr_carea' id='block_1_76' title="bbox 2118 3314 3738 3398">
    <p class='ocr_par' dir='ltr' id='par_1_76' title="bbox 2118 3314 3738 3398">
     <span class='ocr_line' id='line_1_76' title="bbox 2118 3314 3738 3398; baseline -0.002 -20"><span class='ocrx_word' id='word_1_534' title='bbox 2118 3320 2453 3398; x_wconf 74' lang='grc' dir='ltr'>Εὐαγγέλιον</span> <span class='ocrx_word' id='word_1_535' title='bbox 2514 3323 2660 3390; x_wconf 70' lang='grc' dir='ltr'>ζωὴν</span> <span class='ocrx_word' id='word_1_536' title='bbox 2732 3323 2809 3394; x_wconf 83' lang='grc' dir='ltr'>μή</span> <span class='ocrx_word' id='word_1_537' title='bbox 2876 3314 3302 3396; x_wconf 66' lang='grc' dir='ltr'>παραὶέχωνται,</span> <span class='ocrx_word' id='word_1_538' title='bbox 3356 3316 3535 3382; x_wconf 78' lang='grc' dir='ltr'>οὐδεὶς</span> <span class='ocrx_word' id='word_1_539' title='bbox 3601 3323 3738 3394; x_wconf 84' lang='grc' dir='ltr'>ἡμῖν</span> 
     </span>
    </p>
   </div>
   <div class='ocr_carea' id='block_1_77' title="bbox 2119 3406 3735 3485">
    <p class='ocr_par' dir='ltr' id='par_1_77' title="bbox 2119 3406 3735 3485">
     <span class='ocr_line' id='line_1_77' title="bbox 2119 3406 3735 3485; baseline 0.001 -20"><span class='ocrx_word' id='word_1_540' title='bbox 2119 3411 2302 3472; x_wconf 83' lang='grc' dir='ltr'>κοινὸς</span> <span class='ocrx_word' id='word_1_541' title='bbox 2341 3410 2476 3483; x_wconf 83' lang='grc' dir='ltr'>πρὸς</span> <span class='ocrx_word' id='word_1_542' title='bbox 2514 3410 2714 3474; x_wconf 76' lang='grc' dir='ltr'>αὐτοὺς</span> <span class='ocrx_word' id='word_1_543' title='bbox 2752 3409 2942 3485; x_wconf 87' lang='grc' dir='ltr'>λόγος.</span> <span class='ocrx_word' id='word_1_544' title='bbox 2979 3411 3150 3478; x_wconf 68' lang='grc' dir='ltr'>Ἡμεῖς</span> <span class='ocrx_word' id='word_1_545' title='bbox 3187 3406 3287 3480; x_wconf 68' lang='grc' dir='ltr'>γὰρ</span> <span class='ocrx_word' id='word_1_546' title='bbox 3328 3407 3381 3462; x_wconf 80' lang='grc' dir='ltr'><strong>ἐν</strong></span> <span class='ocrx_word' id='word_1_547' title='bbox 3425 3408 3544 3482; x_wconf 80' lang='grc' dir='ltr'>λαῷ</span> <span class='ocrx_word' id='word_1_548' title='bbox 3579 3409 3735 3465; x_wconf 81' lang='grc' dir='ltr'>ἀπει-</span> 
     </span>
    </p>
   </div>
   <div class='ocr_carea' id='block_1_78' title="bbox 2139 3494 3738 3576">
    <p class='ocr_par' dir='ltr' id='par_1_78' title="bbox 2139 3494 3738 3576">
     <span class='ocr_line' id='line_1_78' title="bbox 2139 3494 3738 3576; baseline 0.003 -24"><span class='ocrx_word' id='word_1_549' title='bbox 2139 3500 2224 3553; x_wconf 84' lang='grc' dir='ltr'><strong>θεῖ</strong></span> <span class='ocrx_word' id='word_1_550' title='bbox 2248 3501 2341 3554; x_wconf 74' lang='grc' dir='ltr'><strong>καὶ</strong></span> <span class='ocrx_word' id='word_1_551' title='bbox 2372 3498 2706 3575; x_wconf 83' lang='grc' dir='ltr'>ἀντιλέγοντι</span> <span class='ocrx_word' id='word_1_552' title='bbox 2735 3495 3070 3576; x_wconf 84' lang='grc' dir='ltr'>δεδιδάγιεθα</span> <span class='ocrx_word' id='word_1_553' title='bbox 3101 3494 3339 3566; x_wconf 78' lang='grc' dir='ltr'>ἀκούειν,</span> <span class='ocrx_word' id='word_1_554' title='bbox 3363 3499 3448 3553; x_wconf 82' lang='grc' dir='ltr'>ὅτι</span> <span class='ocrx_word' id='word_1_555' title='bbox 3479 3523 3507 3552; x_wconf 79' lang='grc' dir='ltr'><strong>ιι</strong></span> <span class='ocrx_word' id='word_1_556' title='bbox 3539 3500 3601 3556; x_wconf 78' lang='grc' dir='ltr'><strong>Ὀ</strong></span> <span class='ocrx_word' id='word_1_557' title='bbox 3633 3501 3738 3555; x_wconf 82' lang='grc' dir='ltr'><strong>σώ-</strong></span> 
     </span>
    </p>
   </div>
   <div class='ocr_carea' id='block_1_79' title="bbox 2123 3592 3058 3664">
    <p class='ocr_par' dir='ltr' id='par_1_79' title="bbox 2123 3592 3058 3664">
     <span class='ocr_line' id='line_1_79' title="bbox 2123 3592 3058 3664; baseline -0.027 -6"><span class='ocrx_word' id='word_1_558' title='bbox 2123 3593 2226 3658; x_wconf 77' lang='grc' dir='ltr'><strong>ζων</strong></span> <span class='ocrx_word' id='word_1_559' title='bbox 2259 3593 2398 3659; x_wconf 84' lang='grc' dir='ltr'><strong>σῶζε</strong></span> <span class='ocrx_word' id='word_1_560' title='bbox 2427 3592 2528 3659; x_wconf 77' lang='grc' dir='ltr'>τὴν</span> <span class='ocrx_word' id='word_1_561' title='bbox 2559 3594 2784 3645; x_wconf 82' lang='grc' dir='ltr'>σεαυτοῦ</span> <span class='ocrx_word' id='word_1_562' title='bbox 2813 3593 2996 3664; x_wconf 66' lang='grc' dir='ltr'>ψυχιν.</span> <span class='ocrx_word' id='word_1_563' title='bbox 3029 3606 3058 3634; x_wconf 89' lang='grc'>››</span> 
     </span>
    </p>
   </div>
   <div class='ocr_carea' id='block_1_80' title="bbox 2190 3765 3729 3845">
    <p class='ocr_par' dir='ltr' id='par_1_80' title="bbox 2190 3765 3729 3845">
     <span class='ocr_line' id='line_1_80' title="bbox 2190 3765 3729 3845; baseline 0.006 -30"><span class='ocrx_word' id='word_1_564' title='bbox 2190 3770 2276 3824; x_wconf 84' lang='grc' dir='ltr'><strong>Ἐν</strong></span> <span class='ocrx_word' id='word_1_565' title='bbox 2325 3767 2380 3825; x_wconf 67' lang='grc' dir='ltr'><strong>δὲ</strong></span> <span class='ocrx_word' id='word_1_566' title='bbox 2417 3775 2496 3841; x_wconf 75' lang='grc' dir='ltr'><strong>τῷ</strong></span> <span class='ocrx_word' id='word_1_567' title='bbox 2542 3771 2626 3825; x_wconf 66' lang='grc' dir='ltr'>πί</span> <span class='ocrx_word' id='word_1_568' title='bbox 2673 3766 2898 3845; x_wconf 66' lang='grc' dir='ltr'>παραινεῖ</span> <span class='ocrx_word' id='word_1_569' title='bbox 2944 3768 3060 3825; x_wconf 83' lang='grc' dir='ltr'>τοῖς</span> <span class='ocrx_word' id='word_1_570' title='bbox 3110 3765 3421 3840; x_wconf 78' lang='grc' dir='ltr'>ἀρχιερεῦσι</span> <span class='ocrx_word' id='word_1_571' title='bbox 3462 3770 3552 3822; x_wconf 88' lang='grc' dir='ltr'>καί</span> <span class='ocrx_word' id='word_1_572' title='bbox 3601 3774 3729 3824; x_wconf 85' lang='grc' dir='ltr'>πᾶσι</span> 
     </span>
    </p>
   </div>
   <div class='ocr_carea' id='block_1_81' title="bbox 2118 3848 3734 3930">
    <p class='ocr_par' dir='ltr' id='par_1_81' title="bbox 2118 3848 3734 3930">
     <span class='ocr_line' id='line_1_81' title="bbox 2118 3848 3734 3930; baseline 0.001 -20"><span class='ocrx_word' id='word_1_573' title='bbox 2118 3863 2233 3919; x_wconf 81' lang='grc' dir='ltr'>τοῖς</span> <span class='ocrx_word' id='word_1_574' title='bbox 2286 3855 2498 3930; x_wconf 81' lang='grc' dir='ltr'>δεσμεῖν</span> <span class='ocrx_word' id='word_1_575' title='bbox 2550 3859 2638 3914; x_wconf 73' lang='grc' dir='ltr'><strong>καὶ</strong></span> <span class='ocrx_word' id='word_1_576' title='bbox 2673 3859 2806 3914; x_wconf 69' lang='grc' dir='ltr'>λύειο</span> <span class='ocrx_word' id='word_1_577' title='bbox 2845 3848 3064 3925; x_wconf 81' lang='grc' dir='ltr'>ἔχουσιν</span> <span class='ocrx_word' id='word_1_578' title='bbox 3111 3853 3374 3926; x_wconf 79' lang='grc' dir='ltr'>ἐξουσίαν,</span> <span class='ocrx_word' id='word_1_579' title='bbox 3423 3859 3499 3928; x_wconf 82' lang='grc' dir='ltr'><strong>μή</strong></span> <span class='ocrx_word' id='word_1_580' title='bbox 3547 3879 3734 3912; x_wconf 88' lang='grc' dir='ltr'>συναι-</span> 
     </span>
    </p>
   </div>
   <div class='ocr_carea' id='block_1_82' title="bbox 2119 3938 3733 4020">
    <p class='ocr_par' dir='ltr' id='par_1_82' title="bbox 2119 3938 3733 4020">
     <span class='ocr_line' id='line_1_82' title="bbox 2119 3938 3733 4020; baseline 0.01 -35"><span class='ocrx_word' id='word_1_581' title='bbox 2119 3952 2224 4001; x_wconf 74' lang='grc' dir='ltr'>νεῖν</span> <span class='ocrx_word' id='word_1_582' title='bbox 2269 3952 2389 4008; x_wconf 73' lang='grc' dir='ltr'><strong>τοῖς</strong></span> <span class='ocrx_word' id='word_1_583' title='bbox 2442 3949 2841 4020; x_wconf 65' lang='grc' dir='ltr'>ἁμαρτάνουιιν,</span> <span class='ocrx_word' id='word_1_584' title='bbox 2891 3938 2942 3994; x_wconf 89' lang='grc' dir='ltr'><strong>ἐν</strong></span> <span class='ocrx_word' id='word_1_585' title='bbox 2991 3945 3069 4012; x_wconf 76' lang='grc' dir='ltr'>τῷ</span> <span class='ocrx_word' id='word_1_586' title='bbox 3111 3948 3214 4011; x_wconf 85' lang='grc' dir='ltr'>τῆς</span> <span class='ocrx_word' id='word_1_587' title='bbox 3269 3943 3555 4008; x_wconf 80' lang='grc' dir='ltr'>κοινωνίας</span> <span class='ocrx_word' id='word_1_588' title='bbox 3613 3948 3733 4002; x_wconf 83' lang='grc' dir='ltr'>ἀνέ-</span> 
     </span>
    </p>
   </div>
   <div class='ocr_carea' id='block_1_83' title="bbox 2122 4031 3730 4109">
    <p class='ocr_par' dir='ltr' id='par_1_83' title="bbox 2122 4031 3730 4109">
     <span class='ocr_line' id='line_1_83' title="bbox 2122 4031 3730 4109; baseline 0.007 -29"><span class='ocrx_word' id='word_1_589' title='bbox 2122 4037 2314 4109; x_wconf 73' lang='grc' dir='ltr'>χεσθαι</span> <span class='ocrx_word' id='word_1_590' title='bbox 2357 4040 2462 4090; x_wconf 73' lang='grc' dir='ltr'><strong>τῶν</strong></span> <span class='ocrx_word' id='word_1_591' title='bbox 2511 4036 2844 4109; x_wconf 64' lang='grc' dir='ltr'>ἐπιμενάτων</span> <span class='ocrx_word' id='word_1_592' title='bbox 2902 4034 3018 4091; x_wconf 87' lang='grc' dir='ltr'>ταῖς</span> <span class='ocrx_word' id='word_1_593' title='bbox 3074 4031 3391 4106; x_wconf 73' lang='grc' dir='ltr'>ἁμαρτίαις,</span> <span class='ocrx_word' id='word_1_594' title='bbox 3447 4034 3730 4092; x_wconf 74' lang='grc' dir='ltr'>κάντεῦθεν</span> 
     </span>
    </p>
   </div>
   <div class='ocr_carea' id='block_1_84' title="bbox 2123 4117 3732 4197">
    <p class='ocr_par' dir='ltr' id='par_1_84' title="bbox 2123 4117 3732 4197">
     <span class='ocr_line' id='line_1_84' title="bbox 2123 4117 3732 4197; baseline 0.011 -34"><span class='ocrx_word' id='word_1_595' title='bbox 2123 4125 2340 4185; x_wconf 59' lang='grc' dir='ltr'><strong>τούτοις</strong></span> <span class='ocrx_word' id='word_1_596' title='bbox 2390 4117 2808 4181; x_wconf 67' lang='grc' dir='ltr'>συναπόλλνσϐαι</span> <span class='ocrx_word' id='word_1_597' title='bbox 2843 4137 2856 4149; x_wconf 94' lang='grc'><strong>·</strong></span> <span class='ocrx_word' id='word_1_598' title='bbox 2915 4117 3064 4174; x_wconf 82' lang='grc' dir='ltr'><strong>ἀλλὰ</strong></span> <span class='ocrx_word' id='word_1_599' title='bbox 3121 4119 3582 4197; x_wconf 80' lang='grc' dir='ltr'>διαμαρτύρασθαι</span> <span class='ocrx_word' id='word_1_600' title='bbox 3635 4127 3732 4197; x_wconf 83' lang='grc' dir='ltr'><strong>μὶν</strong></span> 
     </span>
    </p>
   </div>
   <div class='ocr_carea' id='block_1_85' title="bbox 2123 4206 3730 4286">
    <p class='ocr_par' dir='ltr' id='par_1_85' title="bbox 2123 4206 3730 4286">
     <span class='ocr_line' id='line_1_85' title="bbox 2123 4206 3730 4286; baseline 0.007 -29"><span class='ocrx_word' id='word_1_601' title='bbox 2123 4213 2306 4273; x_wconf 68' lang='grc' dir='ltr'>αὐτοῖς</span> <span class='ocrx_word' id='word_1_602' title='bbox 2359 4214 2547 4275; x_wconf 77' lang='grc' dir='ltr'>νυκτὸς</span> <span class='ocrx_word' id='word_1_603' title='bbox 2720 4206 2950 4281; x_wconf 74' lang='grc' dir='ltr'>ἡμέρας,</span> <span class='ocrx_word' id='word_1_604' title='bbox 3001 4209 3090 4262; x_wconf 85' lang='grc' dir='ltr'>καί</span> <span class='ocrx_word' id='word_1_605' title='bbox 3316 4211 3405 4264; x_wconf 80' lang='grc' dir='ltr'><strong>καὶ</strong></span> <span class='ocrx_word' id='word_1_606' title='bbox 3465 4209 3730 4286; x_wconf 80' lang='grc' dir='ltr'>δημοσίᾳ,</span> 
     </span>
    </p>
   </div>
   <div class='ocr_carea' id='block_1_86' title="bbox 2129 4290 3733 4377">
    <p class='ocr_par' dir='ltr' id='par_1_86' title="bbox 2129 4290 3733 4377">
     <span class='ocr_line' id='line_1_86' title="bbox 2129 4290 3733 4377; baseline 0.006 -29"><span class='ocrx_word' id='word_1_607' title='bbox 2129 4305 2204 4375; x_wconf 70' lang='grc' dir='ltr'>μὴ</span> <span class='ocrx_word' id='word_1_608' title='bbox 2257 4303 2623 4377; x_wconf 64' lang='grc' dir='ltr'>συνιπάγεσθσ</span> <span class='ocrx_word' id='word_1_609' title='bbox 2674 4290 2731 4348; x_wconf 75' lang='grc' dir='ltr'>δὲ</span> <span class='ocrx_word' id='word_1_610' title='bbox 2775 4294 2982 4350; x_wconf 88' lang='grc' dir='ltr'>τούτων</span> <span class='ocrx_word' id='word_1_611' title='bbox 3023 4300 3092 4370; x_wconf 81' lang='grc' dir='ltr'>τῇ</span> <span class='ocrx_word' id='word_1_612' title='bbox 3141 4300 3397 4373; x_wconf 80' lang='grc' dir='ltr'>πονηρίᾳ,</span> <span class='ocrx_word' id='word_1_613' title='bbox 3438 4301 3528 4356; x_wconf 85' lang='grc' dir='ltr'><strong>καὶ</strong></span> <span class='ocrx_word' id='word_1_614' title='bbox 3572 4299 3733 4377; x_wconf 71' lang='grc' dir='ltr'>εὔχε-</span> 
     </span>
    </p>
   </div>
   <div class='ocr_carea' id='block_1_87' title="bbox 2124 4380 3732 4464">
    <p class='ocr_par' dir='ltr' id='par_1_87' title="bbox 2124 4380 3732 4464">
     <span class='ocr_line' id='line_1_87' title="bbox 2124 4380 3732 4464; baseline 0.006 -26"><span class='ocrx_word' id='word_1_615' title='bbox 2124 4394 2242 4448; x_wconf 78' lang='grc' dir='ltr'>σθαι</span> <span class='ocrx_word' id='word_1_616' title='bbox 2299 4392 2392 4464; x_wconf 68' lang='grc' dir='ltr'><strong>μὲν</strong></span> <span class='ocrx_word' id='word_1_617' title='bbox 2439 4392 2637 4447; x_wconf 70' lang='grc' dir='ltr'>τούτυς</span> <span class='ocrx_word' id='word_1_618' title='bbox 2689 4380 2960 4457; x_wconf 80' lang='grc' dir='ltr'>κερδᾶναι,</span> <span class='ocrx_word' id='word_1_619' title='bbox 3000 4383 3092 4440; x_wconf 83' lang='grc' dir='ltr'>καί</span> <span class='ocrx_word' id='word_1_620' title='bbox 3133 4390 3232 4452; x_wconf 79' lang='grc' dir='ltr'>τῆς</span> <span class='ocrx_word' id='word_1_621' title='bbox 3273 4386 3504 4464; x_wconf 83' lang='grc' dir='ltr'>παγίδος</span> <span class='ocrx_word' id='word_1_622' title='bbox 3555 4389 3732 4462; x_wconf 82' lang='grc' dir='ltr'>ἐξελέ-</span> 
     </span>
    </p>
   </div>
   <div class='ocr_carea' id='block_1_88' title="bbox 2125 4470 3726 4554">
    <p class='ocr_par' dir='ltr' id='par_1_88' title="bbox 2125 4470 3726 4554">
     <span class='ocr_line' id='line_1_88' title="bbox 2125 4470 3726 4554; baseline 0.009 -34"><span class='ocrx_word' id='word_1_623' title='bbox 2125 4484 2242 4536; x_wconf 67' lang='grc' dir='ltr'><strong>σθαι</strong></span> <span class='ocrx_word' id='word_1_624' title='bbox 2273 4486 2368 4536; x_wconf 65' lang='grc' dir='ltr'><strong>τοῦ</strong></span> <span class='ocrx_word' id='word_1_625' title='bbox 2402 4475 2636 4554; x_wconf 42' lang='lat' dir='ltr'><strong>“omne.</strong></span> <span class='ocrx_word' id='word_1_626' title='bbox 2672 4472 2732 4526; x_wconf 84' lang='grc' dir='ltr'><strong>Εἰ</strong></span> <span class='ocrx_word' id='word_1_627' title='bbox 2764 4470 2821 4527; x_wconf 75' lang='grc' dir='ltr'>δὲ</span> <span class='ocrx_word' id='word_1_628' title='bbox 2855 4479 2932 4545; x_wconf 79' lang='grc' dir='ltr'>μὴ</span> <span class='ocrx_word' id='word_1_629' title='bbox 2963 4476 3074 4529; x_wconf 79' lang='grc' dir='ltr'>οἶοί</span> <span class='ocrx_word' id='word_1_630' title='bbox 3115 4496 3191 4539; x_wconf 80' lang='grc' dir='ltr'><strong>τε,</strong></span> <span class='ocrx_word' id='word_1_631' title='bbox 3236 4477 3391 4550; x_wconf 72' lang='grc' dir='ltr'>φησὶ,</span> <span class='ocrx_word' id='word_1_632' title='bbox 3421 4479 3726 4554; x_wconf 86' lang='grc' dir='ltr'>γενοίμεθα,</span> 
     </span>
    </p>
   </div>
   <div class='ocr_carea' id='block_1_89' title="bbox 364 4561 2009 4643">
    <p class='ocr_par' dir='ltr' id='par_1_89' title="bbox 364 4575 2009 4634">
     <span class='ocr_line' id='line_1_89' title="bbox 364 4575 2009 4634; baseline -0.001 0"><span class='ocrx_word' id='word_1_633' title='bbox 364 4576 572 4634; x_wconf 89' lang='lat' dir='ltr'><strong>saltem</strong></span> <span class='ocrx_word' id='word_1_634' title='bbox 601 4575 825 4634; x_wconf 86' lang='lat' dir='ltr'><strong>animas</strong></span> <span class='ocrx_word' id='word_1_635' title='bbox 880 4576 951 4630; x_wconf 89' lang='lat' dir='ltr'><strong>ab</strong></span> <span class='ocrx_word' id='word_1_636' title='bbox 1001 4581 1214 4630; x_wconf 63' lang='lat' dir='ltr'><strong>eterna</strong></span> <span class='ocrx_word' id='word_1_637' title='bbox 1263 4576 1748 4633; x_wconf 90' lang='lat' dir='ltr'><strong>condemnatione</strong></span> <span class='ocrx_word' id='word_1_638' title='bbox 1796 4594 2009 4634; x_wconf 72' lang='lat' dir='ltr'><strong>servare</strong></span> 
     </span>
    </p>
   </div>
   <div class='ocr_carea' id='block_1_90' title="bbox 2125 4561 3728 4643">
    <p class='ocr_par' dir='ltr' id='par_1_90' title="bbox 2127 4561 3728 4643">
     <span class='ocr_line' id='line_1_90' title="bbox 2127 4561 3728 4643; baseline 0.007 -30"><span class='ocrx_word' id='word_1_639' title='bbox 2127 4570 2222 4631; x_wconf 67' lang='grc' dir='ltr'><strong>τὰς</strong></span> <span class='ocrx_word' id='word_1_640' title='bbox 2273 4573 2402 4643; x_wconf 68' lang='grc' dir='ltr'>γοῦν</span> <span class='ocrx_word' id='word_1_641' title='bbox 2459 4564 2630 4627; x_wconf 63' lang='grc' dir='ltr'>ὲττῶν</span> <span class='ocrx_word' id='word_1_642' title='bbox 2689 4561 2870 4636; x_wconf 77' lang='grc' dir='ltr'>ψυχὰς</span> <span class='ocrx_word' id='word_1_643' title='bbox 2926 4569 3026 4632; x_wconf 85' lang='grc' dir='ltr'>τῆς</span> <span class='ocrx_word' id='word_1_644' title='bbox 3084 4563 3311 4620; x_wconf 84' lang='grc' dir='ltr'>αἰωνίου</span> <span class='ocrx_word' id='word_1_645' title='bbox 3363 4569 3728 4643; x_wconf 86' lang='grc' dir='ltr'>κατακρίσεως</span> 
     </span>
    </p>
   </div>
   <div class='ocr_carea' id='block_1_91' title="bbox 363 4667 732 4724">
    <p class='ocr_par' dir='ltr' id='par_1_91' title="bbox 363 4667 732 4724">
     <span class='ocr_line' id='line_1_91' title="bbox 363 4667 732 4724; baseline -0.011 0"><span class='ocrx_word' id='word_1_646' title='bbox 363 4667 732 4724; x_wconf 85' lang='lat' dir='ltr'><strong>studeamus.</strong></span> 
     </span>
    </p>
   </div>
   <div class='ocr_carea' id='block_1_92' title="bbox 435 4842 2017 4916">
    <p class='ocr_par' dir='ltr' id='par_1_92' title="bbox 435 4842 2017 4916">
     <span class='ocr_line' id='line_1_92' title="bbox 435 4842 2017 4916; baseline 0 -14"><span class='ocrx_word' id='word_1_647' title='bbox 435 4846 590 4904; x_wconf 78' lang='lat'><strong>180</strong></span> <span class='ocrx_word' id='word_1_648' title='bbox 682 4842 1178 4916; x_wconf 80' lang='lat' dir='ltr'><strong>Quadragesimus</strong></span> <span class='ocrx_word' id='word_1_649' title='bbox 1263 4852 1463 4900; x_wconf 80' lang='lat' dir='ltr'><strong>sextus</strong></span> <span class='ocrx_word' id='word_1_650' title='bbox 1548 4843 2017 4916; x_wconf 86' lang='lat' dir='ltr'><strong>Carthaginensis</strong></span> 
     </span>
    </p>
   </div>
   <div class='ocr_carea' id='block_1_93' title="bbox 363 4932 2018 5010">
    <p class='ocr_par' dir='ltr' id='par_1_93' title="bbox 363 4932 2018 5010">
     <span class='ocr_line' id='line_1_93' title="bbox 363 4932 2018 5010; baseline -0.002 -16"><span class='ocrx_word' id='word_1_651' title='bbox 363 4934 572 5010; x_wconf 81' lang='lat' dir='ltr'><strong>synodi</strong></span> <span class='ocrx_word' id='word_1_652' title='bbox 603 4932 816 4990; x_wconf 87' lang='lat' dir='ltr'><strong>mimos</strong></span> <span class='ocrx_word' id='word_1_653' title='bbox 847 4937 904 4988; x_wconf 91' lang='lat' dir='ltr'><strong>et</strong></span> <span class='ocrx_word' id='word_1_654' title='bbox 933 4933 1194 4988; x_wconf 90' lang='lat' dir='ltr'><strong>scenicos</strong></span> <span class='ocrx_word' id='word_1_655' title='bbox 1217 4940 1270 4987; x_wconf 92' lang='lat' dir='ltr'><strong>et</strong></span> <span class='ocrx_word' id='word_1_656' title='bbox 1291 4949 1492 4988; x_wconf 91' lang='lat' dir='ltr'><strong>omnes</strong></span> <span class='ocrx_word' id='word_1_657' title='bbox 1514 4933 1617 5002; x_wconf 89' lang='lat' dir='ltr'><strong>qui</strong></span> <span class='ocrx_word' id='word_1_658' title='bbox 1637 4933 2018 5006; x_wconf 90' lang='lat' dir='ltr'><strong>incomposite</strong></span> 
     </span>
    </p>
   </div>
   <div class='ocr_carea' id='block_1_94' title="bbox 363 5021 2016 5093">
    <p class='ocr_par' dir='ltr' id='par_1_94' title="bbox 363 5021 2016 5093">
     <span class='ocr_line' id='line_1_94' title="bbox 363 5021 2016 5093; baseline -0.002 -12"><span class='ocrx_word' id='word_1_659' title='bbox 363 5026 588 5092; x_wconf 83' lang='lat' dir='ltr'><strong>vivunt,</strong></span> <span class='ocrx_word' id='word_1_660' title='bbox 619 5031 674 5078; x_wconf 90' lang='lat' dir='ltr'><strong>et</strong></span> <span class='ocrx_word' id='word_1_661' title='bbox 698 5022 831 5079; x_wconf 90' lang='lat' dir='ltr'><strong>aliis</strong></span> <span class='ocrx_word' id='word_1_662' title='bbox 870 5021 1152 5078; x_wconf 84' lang='lat' dir='ltr'><strong>dissolute</strong></span> <span class='ocrx_word' id='word_1_663' title='bbox 1180 5021 1406 5078; x_wconf 90' lang='lat' dir='ltr'><strong>vivendi</strong></span> <span class='ocrx_word' id='word_1_664' title='bbox 1454 5038 1682 5078; x_wconf 87' lang='lat' dir='ltr'><strong>causam</strong></span> <span class='ocrx_word' id='word_1_665' title='bbox 1735 5023 2016 5093; x_wconf 71' lang='lat' dir='ltr'><strong>praebent,</strong></span> 
     </span>
    </p>
   </div>
   <div class='ocr_carea' id='block_1_95' title="bbox 366 5109 2018 5187">
    <p class='ocr_par' dir='ltr' id='par_1_95' title="bbox 366 5109 2018 5187">
     <span class='ocr_line' id='line_1_95' title="bbox 366 5109 2018 5187; baseline -0.004 -17"><span class='ocrx_word' id='word_1_666' title='bbox 366 5113 818 5187; x_wconf 67' lang='lat' dir='ltr'><strong>praestigiatores</strong></span> <span class='ocrx_word' id='word_1_667' title='bbox 847 5115 906 5167; x_wconf 89' lang='lat' dir='ltr'><strong>et</strong></span> <span class='ocrx_word' id='word_1_668' title='bbox 938 5109 1268 5178; x_wconf 85' lang='lat' dir='ltr'><strong>saltatores,</strong></span> <span class='ocrx_word' id='word_1_669' title='bbox 1319 5109 1460 5182; x_wconf 90' lang='lat' dir='ltr'><strong>quin</strong></span> <span class='ocrx_word' id='word_1_670' title='bbox 1492 5112 1548 5164; x_wconf 89' lang='lat' dir='ltr'><strong>et</strong></span> <span class='ocrx_word' id='word_1_671' title='bbox 1577 5115 1894 5181; x_wconf 86' lang='lat' dir='ltr'><strong>apostatas,</strong></span> <span class='ocrx_word' id='word_1_672' title='bbox 1918 5127 2018 5182; x_wconf 70' lang='lat' dir='ltr'><strong>qui</strong></span> 
     </span>
    </p>
   </div>
   <div class='ocr_carea' id='block_1_96' title="bbox 365 5198 2019 5272">
    <p class='ocr_par' dir='ltr' id='par_1_96' title="bbox 365 5198 2019 5272">
     <span class='ocr_line' id='line_1_96' title="bbox 365 5198 2019 5272; baseline 0.001 -18"><span class='ocrx_word' id='word_1_673' title='bbox 365 5198 876 5256; x_wconf 83' lang='lat' dir='ltr'><strong>Christianismum</strong></span> <span class='ocrx_word' id='word_1_674' title='bbox 918 5198 1138 5256; x_wconf 83' lang='lat' dir='ltr'><strong>scilicet</strong></span> <span class='ocrx_word' id='word_1_675' title='bbox 1183 5199 1568 5272; x_wconf 82' lang='lat' dir='ltr'><strong>abnegarunt,</strong></span> <span class='ocrx_word' id='word_1_676' title='bbox 1599 5215 1702 5270; x_wconf 91' lang='lat' dir='ltr'><strong>per</strong></span> <span class='ocrx_word' id='word_1_677' title='bbox 1731 5200 2019 5268; x_wconf 77' lang='lat' dir='ltr'><strong>pmniten-</strong></span> 
     </span>
    </p>
   </div>
   <div class='ocr_carea' id='block_1_97' title="bbox 365 5287 2020 5354">
    <p class='ocr_par' dir='ltr' id='par_1_97' title="bbox 365 5287 2020 5354">
     <span class='ocr_line' id='line_1_97' title="bbox 365 5287 2020 5354; baseline 0.001 -11"><span class='ocrx_word' id='word_1_678' title='bbox 365 5287 509 5344; x_wconf 88' lang='lat' dir='ltr'><strong>tiam</strong></span> <span class='ocrx_word' id='word_1_679' title='bbox 526 5305 587 5344; x_wconf 78' lang='lat' dir='ltr'><strong>se</strong></span> <span class='ocrx_word' id='word_1_680' title='bbox 601 5291 672 5345; x_wconf 91' lang='lat' dir='ltr'><strong>ad</strong></span> <span class='ocrx_word' id='word_1_681' title='bbox 695 5295 873 5346; x_wconf 91' lang='lat' dir='ltr'><strong>Deum</strong></span> <span class='ocrx_word' id='word_1_682' title='bbox 897 5293 1318 5354; x_wconf 88' lang='lat' dir='ltr'><strong>convertentes,</strong></span> <span class='ocrx_word' id='word_1_683' title='bbox 1338 5305 1448 5343; x_wconf 93' lang='lat' dir='ltr'><strong>non</strong></span> <span class='ocrx_word' id='word_1_684' title='bbox 1473 5304 1600 5344; x_wconf 91' lang='lat' dir='ltr'><strong>esse</strong></span> <span class='ocrx_word' id='word_1_685' title='bbox 1621 5289 2020 5345; x_wconf 81' lang='lat' dir='ltr'><strong>amendandos</strong></span> 
     </span>
    </p>
   </div>
   <div class='ocr_carea' id='block_1_98' title="bbox 361 5375 2017 5451">
    <p class='ocr_par' dir='ltr' id='par_1_98' title="bbox 361 5375 2017 5451">
     <span class='ocr_line' id='line_1_98' title="bbox 361 5375 2017 5451; baseline -0.001 -19"><span class='ocrx_word' id='word_1_686' title='bbox 361 5375 546 5451; x_wconf 83' lang='lat' dir='ltr'><strong>jubet.</strong></span> <span class='ocrx_word' id='word_1_687' title='bbox 600 5379 700 5434; x_wconf 87' lang='lat' dir='ltr'><strong>sed</strong></span> <span class='ocrx_word' id='word_1_688' title='bbox 775 5378 846 5434; x_wconf 88' lang='lat' dir='ltr'><strong>iis</strong></span> <span class='ocrx_word' id='word_1_689' title='bbox 905 5379 1099 5449; x_wconf 91' lang='lat' dir='ltr'><strong>potius</strong></span> <span class='ocrx_word' id='word_1_690' title='bbox 1145 5378 1400 5432; x_wconf 89' lang='lat' dir='ltr'><strong>dandam</strong></span> <span class='ocrx_word' id='word_1_691' title='bbox 1445 5392 1575 5432; x_wconf 84' lang='lat' dir='ltr'><strong>esse</strong></span> <span class='ocrx_word' id='word_1_692' title='bbox 1620 5377 1864 5448; x_wconf 80' lang='lat' dir='ltr'><strong>gratiam</strong></span> <span class='ocrx_word' id='word_1_693' title='bbox 1917 5395 2017 5432; x_wconf 89' lang='lat' dir='ltr'><strong>seu</strong></span> 
     </span>
    </p>
   </div>
   <div class='ocr_carea' id='block_1_99' title="bbox 369 5465 2020 5538">
    <p class='ocr_par' dir='ltr' id='par_1_99' title="bbox 369 5465 2020 5538">
     <span class='ocr_line' id='line_1_99' title="bbox 369 5465 2020 5538; baseline -0.001 -16"><span class='ocrx_word' id='word_1_694' title='bbox 369 5473 734 5538; x_wconf 86' lang='lat' dir='ltr'><strong>peccatorum</strong></span> <span class='ocrx_word' id='word_1_695' title='bbox 791 5467 1195 5523; x_wconf 88' lang='lat' dir='ltr'><strong>remissionem</strong></span> <span class='ocrx_word' id='word_1_696' title='bbox 1265 5465 1779 5536; x_wconf 83' lang='lat' dir='ltr'><strong>(quemadmodum</strong></span> <span class='ocrx_word' id='word_1_697' title='bbox 1855 5465 2020 5520; x_wconf 80' lang='lat' dir='ltr'><strong>divus</strong></span> 
     </span>
    </p>
   </div>
   <div class='ocr_carea' id='block_1_100' title="bbox 368 5551 2023 5622">
    <p class='ocr_par' dir='ltr' id='par_1_100' title="bbox 368 5551 2023 5622">
     <span class='ocr_line' id='line_1_100' title="bbox 368 5551 2023 5622; baseline -0.001 -12"><span class='ocrx_word' id='word_1_698' title='bbox 368 5551 584 5610; x_wconf 87' lang='lat' dir='ltr'><strong>Paulus</strong></span> <span class='ocrx_word' id='word_1_699' title='bbox 614 5554 716 5612; x_wconf 89' lang='lat' dir='ltr'><strong>ait.</strong></span> <span class='ocrx_word' id='word_1_700' title='bbox 749 5577 778 5605; x_wconf 90' lang='grc'><strong>‹‹</strong></span> <span class='ocrx_word' id='word_1_701' title='bbox 809 5556 1007 5611; x_wconf 88' lang='lat' dir='ltr'><strong>Gratia</strong></span> <span class='ocrx_word' id='word_1_702' title='bbox 1036 5555 1178 5611; x_wconf 91' lang='lat' dir='ltr'><strong>salvi</strong></span> <span class='ocrx_word' id='word_1_703' title='bbox 1231 5553 1368 5609; x_wconf 79' lang='lat' dir='ltr'><strong>tacti</strong></span> <span class='ocrx_word' id='word_1_704' title='bbox 1421 5552 1601 5619; x_wconf 89' lang='lat' dir='ltr'><strong>estis;</strong></span> <span class='ocrx_word' id='word_1_705' title='bbox 1639 5574 1660 5602; x_wconf 75' lang='grc' dir='ltr'><strong>ι</strong></span> <span class='ocrx_word' id='word_1_706' title='bbox 1693 5553 1715 5622; x_wconf 87' lang='lat'><strong>)</strong></span> <span class='ocrx_word' id='word_1_707' title='bbox 1752 5559 1806 5610; x_wconf 90' lang='lat' dir='ltr'><strong>et</strong></span> <span class='ocrx_word' id='word_1_708' title='bbox 1837 5556 2023 5611; x_wconf 89' lang='lat' dir='ltr'><strong>conci-</strong></span> 
     </span>
    </p>
   </div>
   <div class='ocr_carea' id='block_1_101' title="bbox 368 5636 1570 5715">
    <p class='ocr_par' dir='ltr' id='par_1_101' title="bbox 368 5636 1570 5715">
     <span class='ocr_line' id='line_1_101' title="bbox 368 5636 1570 5715; baseline -0.002 -17"><span class='ocrx_word' id='word_1_709' title='bbox 368 5636 666 5702; x_wconf 86' lang='lat' dir='ltr'><strong>liationem</strong></span> <span class='ocrx_word' id='word_1_710' title='bbox 708 5645 828 5702; x_wconf 88' lang='lat' dir='ltr'><strong>sive</strong></span> <span class='ocrx_word' id='word_1_711' title='bbox 857 5645 1284 5702; x_wconf 89' lang='lat' dir='ltr'><strong>absolutionem</strong></span> <span class='ocrx_word' id='word_1_712' title='bbox 1315 5659 1350 5698; x_wconf 88' lang='lat' dir='ltr'><strong>a</strong></span> <span class='ocrx_word' id='word_1_713' title='bbox 1379 5655 1570 5715; x_wconf 67' lang='lat' dir='ltr'><strong>pana.</strong></span> 
     </span>
    </p>
   </div>
   <div class='ocr_carea' id='block_1_102' title="bbox 2123 4651 2940 4733">
    <p class='ocr_par' dir='ltr' id='par_1_102' title="bbox 2123 4651 2940 4733">
     <span class='ocr_line' id='line_1_102' title="bbox 2123 4651 2940 4733; baseline -0.004 -19"><span class='ocrx_word' id='word_1_714' title='bbox 2123 4656 2485 4733; x_wconf 68' lang='grc' dir='ltr'>σπουδάσωμν</span> <span class='ocrx_word' id='word_1_715' title='bbox 2515 4651 2940 4722; x_wconf 80' lang='grc' dir='ltr'>περισώσασθαι.</span> 
     </span>
    </p>
   </div>
   <div class='ocr_carea' id='block_1_103' title="bbox 2197 4827 3734 4914">
    <p class='ocr_par' dir='ltr' id='par_1_103' title="bbox 2197 4827 3734 4914">
     <span class='ocr_line' id='line_1_103' title="bbox 2197 4827 3734 4914; baseline -0.007 -20"><span class='ocrx_word' id='word_1_716' title='bbox 2197 4842 2253 4894; x_wconf 88' lang='lat'>&#39;0</span> <span class='ocrx_word' id='word_1_717' title='bbox 2301 4832 2484 4914; x_wconf 52' lang='lat' dir='ltr'><strong>Sitit:</strong></span> <span class='ocrx_word' id='word_1_718' title='bbox 2543 4827 2595 4884; x_wconf 84' lang='grc' dir='ltr'><strong>ἐν</strong></span> <span class='ocrx_word' id='word_1_719' title='bbox 2656 4829 2971 4906; x_wconf 74' lang='grc' dir='ltr'>Καρθαγένῃ</span> <span class='ocrx_word' id='word_1_720' title='bbox 3027 4833 3113 4904; x_wconf 86' lang='grc' dir='ltr'>μς⁹</span> <span class='ocrx_word' id='word_1_721' title='bbox 3176 4832 3403 4906; x_wconf 84' lang='grc' dir='ltr'>μίμους,</span> <span class='ocrx_word' id='word_1_722' title='bbox 3454 4836 3544 4892; x_wconf 86' lang='grc' dir='ltr'><strong>καὶ</strong></span> <span class='ocrx_word' id='word_1_723' title='bbox 3601 4859 3734 4910; x_wconf 75' lang='grc' dir='ltr'>σκη-</span> 
     </span>
    </p>
   </div>
   <div class='ocr_carea' id='block_1_104' title="bbox 2123 4917 3732 4998">
    <p class='ocr_par' dir='ltr' id='par_1_104' title="bbox 2123 4917 3732 4998">
     <span class='ocr_line' id='line_1_104' title="bbox 2123 4917 3732 4998; baseline 0.01 -31"><span class='ocrx_word' id='word_1_724' title='bbox 2123 4927 2326 4996; x_wconf 59' lang='grc' dir='ltr'>νικοὺς,</span> <span class='ocrx_word' id='word_1_725' title='bbox 2364 4917 2433 4973; x_wconf 76' lang='grc' dir='ltr'><strong>,αἱ</strong></span> <span class='ocrx_word' id='word_1_726' title='bbox 2480 4917 2682 4981; x_wconf 85' lang='grc' dir='ltr'>πάντας</span> <span class='ocrx_word' id='word_1_727' title='bbox 2728 4918 2856 4982; x_wconf 80' lang='grc' dir='ltr'>τοὺς</span> <span class='ocrx_word' id='word_1_728' title='bbox 2913 4919 3266 4996; x_wconf 82' lang='grc' dir='ltr'>πλημμελῶς</span> <span class='ocrx_word' id='word_1_729' title='bbox 3319 4923 3590 4998; x_wconf 74' lang='grc' dir='ltr'>βιοῦντας,</span> <span class='ocrx_word' id='word_1_730' title='bbox 3639 4929 3732 4984; x_wconf 87' lang='grc' dir='ltr'><strong>καὶ</strong></span> 
     </span>
    </p>
   </div>
   <div class='ocr_carea' id='block_1_105' title="bbox 2126 5005 3734 5091">
    <p class='ocr_par' dir='ltr' id='par_1_105' title="bbox 2126 5005 3734 5091">
     <span class='ocr_line' id='line_1_105' title="bbox 2126 5005 3734 5091; baseline 0.004 -32"><span class='ocrx_word' id='word_1_731' title='bbox 2126 5021 2242 5080; x_wconf 78' lang='grc' dir='ltr'><strong>τοῖς</strong></span> <span class='ocrx_word' id='word_1_732' title='bbox 2272 5016 2432 5071; x_wconf 69' lang='grc' dir='ltr'>ἅλιοις</span> <span class='ocrx_word' id='word_1_733' title='bbox 2472 5005 2682 5068; x_wconf 73' lang='grc' dir='ltr'>αἰτίους</span> <span class='ocrx_word' id='word_1_734' title='bbox 2718 5015 2821 5078; x_wconf 78' lang='grc' dir='ltr'>τῆς</span> <span class='ocrx_word' id='word_1_735' title='bbox 2861 5007 3263 5084; x_wconf 79' lang='grc' dir='ltr'>διακεχυμένης</span> <span class='ocrx_word' id='word_1_736' title='bbox 3306 5018 3472 5083; x_wconf 80' lang='grc' dir='ltr'>ζωῆς,</span> <span class='ocrx_word' id='word_1_737' title='bbox 3509 5036 3734 5091; x_wconf 82' lang='grc' dir='ltr'>τερατο-</span> 
     </span>
    </p>
   </div>
   <div class='ocr_carea' id='block_1_106' title="bbox 2126 5093 3732 5177">
    <p class='ocr_par' dir='ltr' id='par_1_106' title="bbox 2126 5093 3732 5177">
     <span class='ocr_line' id='line_1_106' title="bbox 2126 5093 3732 5177; baseline 0.009 -30"><span class='ocrx_word' id='word_1_738' title='bbox 2126 5107 2378 5162; x_wconf 44' lang='lat' dir='ltr'><strong>romane</strong></span> <span class='ocrx_word' id='word_1_739' title='bbox 2411 5097 2502 5152; x_wconf 83' lang='grc' dir='ltr'><strong>καὶ</strong></span> <span class='ocrx_word' id='word_1_740' title='bbox 2543 5098 2842 5177; x_wconf 83' lang='grc' dir='ltr'>ὀρχηστὰς,</span> <span class='ocrx_word' id='word_1_741' title='bbox 2874 5093 2953 5156; x_wconf 76' lang='grc' dir='ltr'>ἔτι</span> <span class='ocrx_word' id='word_1_742' title='bbox 2992 5122 3053 5176; x_wconf 90' lang='grc' dir='ltr'><strong>γε</strong></span> <span class='ocrx_word' id='word_1_743' title='bbox 3097 5105 3206 5173; x_wconf 78' lang='grc' dir='ltr'>μὴν</span> <span class='ocrx_word' id='word_1_744' title='bbox 3248 5105 3572 5176; x_wconf 81' lang='grc' dir='ltr'>ἀποστατάς,</span> <span class='ocrx_word' id='word_1_745' title='bbox 3603 5107 3732 5172; x_wconf 76' lang='grc' dir='ltr'>τοὺς</span> 
     </span>
    </p>
   </div>
   <div class='ocr_carea' id='block_1_107' title="bbox 2127 5186 3730 5266">
    <p class='ocr_par' dir='ltr' id='par_1_107' title="bbox 2127 5186 3730 5266">
     <span class='ocr_line' id='line_1_107' title="bbox 2127 5186 3730 5266; baseline 0.011 -31"><span class='ocrx_word' id='word_1_746' title='bbox 2127 5197 2194 5250; x_wconf 66' lang='grc' dir='ltr'><strong>τά</strong></span> <span class='ocrx_word' id='word_1_747' title='bbox 2226 5191 2529 5257; x_wconf 68' lang='grc' dir='ltr'>χιστιανῶν</span> <span class='ocrx_word' id='word_1_748' title='bbox 2572 5186 3004 5261; x_wconf 84' lang='grc' dir='ltr'>ἐξομοσαμένους</span> <span class='ocrx_word' id='word_1_749' title='bbox 3044 5187 3284 5261; x_wconf 74' lang='grc' dir='ltr'>δηλαδὴ,</span> <span class='ocrx_word' id='word_1_750' title='bbox 3315 5189 3404 5248; x_wconf 78' lang='grc' dir='ltr'>διὰ</span> <span class='ocrx_word' id='word_1_751' title='bbox 3446 5198 3730 5266; x_wconf 84' lang='grc' dir='ltr'>μετανοίας</span> 
     </span>
    </p>
   </div>
   <div class='ocr_carea' id='block_1_108' title="bbox 2129 5272 3729 5362">
    <p class='ocr_par' dir='ltr' id='par_1_108' title="bbox 2129 5272 3729 5362">
     <span class='ocr_line' id='line_1_108' title="bbox 2129 5272 3729 5362; baseline 0.007 -33"><span class='ocrx_word' id='word_1_752' title='bbox 2129 5287 2244 5362; x_wconf 61' lang='grc' dir='ltr'>πρὸ,</span> <span class='ocrx_word' id='word_1_753' title='bbox 2299 5272 2431 5330; x_wconf 74' lang='grc' dir='ltr'><strong>Θεὸν</strong></span> <span class='ocrx_word' id='word_1_754' title='bbox 2499 5275 2935 5354; x_wconf 69' lang='grc' dir='ltr'>ἐπιστρέφοντας,</span> <span class='ocrx_word' id='word_1_755' title='bbox 2997 5282 3073 5353; x_wconf 81' lang='grc' dir='ltr'>μὴ</span> <span class='ocrx_word' id='word_1_756' title='bbox 3153 5281 3569 5355; x_wconf 84' lang='grc' dir='ltr'>ἀποπέμπεσθαι</span> <span class='ocrx_word' id='word_1_757' title='bbox 3643 5306 3729 5340; x_wconf 87' lang='grc' dir='ltr'>κε-</span> 
     </span>
    </p>
   </div>
   <div class='ocr_carea' id='block_1_109' title="bbox 2133 5363 3728 5450">
    <p class='ocr_par' dir='ltr' id='par_1_109' title="bbox 2133 5363 3728 5450">
     <span class='ocr_line' id='line_1_109' title="bbox 2133 5363 3728 5450; baseline 0.008 -35"><span class='ocrx_word' id='word_1_758' title='bbox 2133 5373 2264 5430; x_wconf 77' lang='grc' dir='ltr'>λειιι,</span> <span class='ocrx_word' id='word_1_759' title='bbox 2295 5363 2443 5418; x_wconf 77' lang='grc' dir='ltr'>ἀλλὰ</span> <span class='ocrx_word' id='word_1_760' title='bbox 2487 5365 2702 5436; x_wconf 82' lang='grc' dir='ltr'>μᾶλλον</span> <span class='ocrx_word' id='word_1_761' title='bbox 2735 5363 2938 5422; x_wconf 79' lang='grc' dir='ltr'>διδόναι</span> <span class='ocrx_word' id='word_1_762' title='bbox 2977 5369 3195 5430; x_wconf 79' lang='grc' dir='ltr'>τούτοις</span> <span class='ocrx_word' id='word_1_763' title='bbox 3229 5373 3415 5446; x_wconf 85' lang='grc' dir='ltr'>χάριν,</span> <span class='ocrx_word' id='word_1_764' title='bbox 3448 5373 3572 5439; x_wconf 78' lang='grc' dir='ltr'>ἤτοι</span> <span class='ocrx_word' id='word_1_765' title='bbox 3601 5371 3728 5450; x_wconf 76' lang='grc' dir='ltr'><strong>ἄφε-</strong></span> 
     </span>
    </p>
   </div>
   <div class='ocr_carea' id='block_1_110' title="bbox 2133 5455 3726 5536">
    <p class='ocr_par' dir='ltr' id='par_1_110' title="bbox 2133 5455 3726 5536">
     <span class='ocr_line' id='line_1_110' title="bbox 2133 5455 3726 5536; baseline 0.006 -31"><span class='ocrx_word' id='word_1_766' title='bbox 2133 5487 2184 5519; x_wconf 68' lang='grc' dir='ltr'>σ,</span> <span class='ocrx_word' id='word_1_767' title='bbox 2227 5458 2336 5507; x_wconf 80' lang='grc' dir='ltr'><strong>τῶν</strong></span> <span class='ocrx_word' id='word_1_768' title='bbox 2386 5455 2794 5528; x_wconf 73' lang='grc' dir='ltr'>ἡμαρτημένων</span> <span class='ocrx_word' id='word_1_769' title='bbox 2842 5456 2940 5529; x_wconf 82' lang='grc' dir='ltr'><strong>(ὥς</strong></span> <span class='ocrx_word' id='word_1_770' title='bbox 2989 5480 3094 5512; x_wconf 90' lang='grc' dir='ltr'><strong>που</strong></span> <span class='ocrx_word' id='word_1_771' title='bbox 3150 5463 3230 5529; x_wconf 80' lang='grc' dir='ltr'>τῷ</span> <span class='ocrx_word' id='word_1_772' title='bbox 3280 5461 3529 5534; x_wconf 85' lang='grc' dir='ltr'>μακαρίῳ</span> <span class='ocrx_word' id='word_1_773' title='bbox 3577 5461 3726 5536; x_wconf 73' lang='grc' dir='ltr'>εῗρη-</span> 
     </span>
    </p>
   </div>
   <div class='ocr_carea' id='block_1_111' title="bbox 2129 5541 3724 5629">
    <p class='ocr_par' dir='ltr' id='par_1_111' title="bbox 2129 5541 3724 5629">
     <span class='ocr_line' id='line_1_111' title="bbox 2129 5541 3724 5629; baseline 0.009 -35"><span class='ocrx_word' id='word_1_774' title='bbox 2129 5556 2182 5629; x_wconf 36' lang='grc' dir='ltr'>γι</span> <span class='ocrx_word' id='word_1_775' title='bbox 2215 5541 2440 5616; x_wconf 76' lang='grc' dir='ltr'>Παύλῳ.</span> <span class='ocrx_word' id='word_1_776' title='bbox 2465 5544 2663 5616; x_wconf 73' lang='grc' dir='ltr'>Χαριτί</span> <span class='ocrx_word' id='word_1_777' title='bbox 2692 5543 2810 5600; x_wconf 87' lang='grc' dir='ltr'>ἐστε</span> <span class='ocrx_word' id='word_1_778' title='bbox 2841 5548 3214 5620; x_wconf 75' lang='grc' dir='ltr'>σεσωσμένοι),</span> <span class='ocrx_word' id='word_1_779' title='bbox 3235 5548 3322 5602; x_wconf 78' lang='grc' dir='ltr'><strong>καὶ</strong></span> <span class='ocrx_word' id='word_1_780' title='bbox 3356 5549 3724 5628; x_wconf 76' lang='grc' dir='ltr'>καταλλαγὴν,</span> 
     </span>
    </p>
   </div>
   <div class='ocr_carea' id='block_1_112' title="bbox 2114 5631 2882 5708">
    <p class='ocr_par' dir='ltr' id='par_1_112' title="bbox 2114 5631 2882 5708">
     <span class='ocr_line' id='line_1_112' title="bbox 2114 5631 2882 5708; baseline 0.008 -22"><span class='ocrx_word' id='word_1_781' title='bbox 2114 5636 2219 5698; x_wconf 63' lang='lat' dir='ltr'><strong>[tet</strong></span> <span class='ocrx_word' id='word_1_782' title='bbox 2252 5631 2405 5687; x_wconf 81' lang='grc' dir='ltr'>λύσιν</span> <span class='ocrx_word' id='word_1_783' title='bbox 2433 5637 2540 5687; x_wconf 82' lang='grc' dir='ltr'>τῶν</span> <span class='ocrx_word' id='word_1_784' title='bbox 2573 5631 2882 5708; x_wconf 77' lang='grc' dir='ltr'>ἐπιτιμίων.</span> 
     </span>
    </p>
   </div>
  </div>
