4080 6224
313 392 383 453 25
1332 377 1770 442 SYNTAGMA
1811 372 2454 440 ALPHABETICUM.
2501 409 2576 420 -—
2624 375 2704 436 M.
3625 374 3700 436 26

315 526 544 581 ΕΕΦΔᾹ.
610 524 688 572 H'.
751 516 878 572 ’Ότι
929 513 1013 570 δεῖ
1067 513 1192 577 τοὺς
1257 510 1336 570 ἔτι
1380 517 1792 587 μετανοοῦντας,
1830 514 1930 582 τῆς

2067 511 2211 587 JAP.
2233 511 2383 567 VIII.
2407 511 2570 582 Quod
2617 515 2821 582 Oportet
2850 514 3234 587 paenitentiam
3263 513 3442 587 adhuc
3461 517 3702 584 agentes.

385 591 683 660 τελευτῆς
733 587 1219 666 ἐςρισταμίένμῃς,⁵
1257 585 1391 666 τῆςζ
1426 586 1628 666 θείας,
1677 585 1932 666 ἀξιοῦσ-

395 669 484 719 Θαι
523 655 874 722 κοινωνίας
907 680 920 694 ·
973 655 1028 714 εἰ
1079 657 1147 714 δὲ
1195 657 1665 728 ἀνακληθεῖεν,
1695 655 1939 726 ταύτης

400 735 567 792 πάλιν
595 732 998 811 ἀπέχεσθαι.

409 888 452 938 Ὼ
495 888 547 955 ιγ’
600 886 702 947 τῆς
761 881 812 932 α’
862 874 1086 932 συνόδου
1145 877 1317 931 κανὼν
1379 875 1509 938 τοὺς
1565 873 1644 931 ἔτι
1685 881 1798 937 τοῖς
1840 882 1940 944 τῆς

361 969 583 1044 μετανοίας
641 965 946 1038 ἐπιτιμίοις
1007 964 1388 1040 ἐνεχομένους,
1447 965 1536 1018 καὶ
1591 965 1738 1032 νόσῳ
1795 961 1942 1036 δεινῇ

353 1056 793 1130 περιπεπτωκόται,
843 1057 968 1110 ὅσον
1039 1055 1269 1122 εἰκάσαι,
1323 1056 1427 1122 τήν
1483 1051 1748 1128 ἐκδημίαν
1807 1053 1942 1108 ἐπα-

351 1147 586 1220 πειλούοῃ,
635 1151 732 1200 τοῦ
777 1143 993 1200 τελείου
1049 1143 1137 1199 καί
1207 1145 1636 1220 ἀναγκαιοτάτου
1696 1141 1940 1223 ἐφοδίου,

343 1246 414 1305 τῆς
453 1239 552 1290 τῶν
605 1233 777 1308 ἁγίων
847 1234 1162 1306 μυστηρίων
1223 1233 1368 1312 φημὶ
1421 1231 1807 1308 μεταλήψεως,
1855 1253 1942 1287 κε-

334 1325 550 1397 λεύειμή
595 1325 898 1398 στέρεσθαι,
937 1321 1087 1378 ἀλλᾶ
1137 1323 1270 1396 μετὰ
1316 1320 1644 1394 δοκιμασίας
1687 1327 1784 1376 τοῦ
1829 1321 1942 1377 ἐπι-

328 1413 504 1469 σκόπου
531 1411 586 1467 ἐν
621 1418 742 1473 ταῖς
779 1408 1116 1472 τελευταίαις
1151 1411 1456 1481 ξάναπνοαῖς
1501 1410 1707 1465 τούτων
1753 1410 1942 1484 ἀξιοῦ-

327 1505 427 1557 σθαι
456 1521 469 1532 '
513 1505 619 1574 τῇς
663 1501 826 1555 νόσου
870 1497 948 1568 δὲ,
1007 1499 1054 1554 εἷ
1111 1499 1258 1554 οὕτω
1315 1493 1581 1572 συμϐαίη,
1635 1498 1942 1573 ῥαίσαντας,

325 1591 398 1646 καὶ
446 1591 575 1664 πρὸς
631 1591 735 1659 τήν
795 1589 996 1662 ὑγίειαν
1056 1587 1388 1657 ἐπανιόντας,
1447 1595 1548 1657 τῆς
1611 1589 1707 1660 μὲν
1796 1590 1942 1651 θείας

327 1681 565 1756 εἴργεσθαι
612 1679 923 1749 κοινωνίας,
973 1677 1024 1734 ἐν
1092 1682 1160 1753 τῇ
1214 1678 1375 1754 χώρᾳ
1437 1675 1494 1734 δὲ
1555 1677 1704 1740 αὖθις
1753 1686 1942 1748 στῆναι

321 1775 414 1825 τῶν
471 1769 751 1845 προτέρων
795 1768 1105 1842 ἐπιτιμίων,
1161 1765 1268 1830 ἕως
1335 1766 1394 1822 ἂν
1467 1769 1496 1822 ὁ
1559 1765 1943 1842 νενομισμένος

323 1859 472 1914 αὐτῶν
499 1859 704 1934 χρόνος
744 1858 1078 1933 έκμετρηϐῇ.

381 1953 538 2004 Ταῦτα
597 1950 687 2002 καὶ
745 1949 774 2004 ὁ
964 1955 1065 2016 τῆς
1123 1946 1174 2002 ἐν
1225 1945 1458 2022 Ἀγκύρᾳ
1506 1943 1822 2018 διορίζεται,
1867 1951 1947 2019 τῷ

319 2036 388 2095 ἔτι
425 2042 789 2111 μετανοοῦντι,
841 2035 890 2093 εἷ
934 2033 1182 2098 κίνδυνός
1241 2031 1602 2108 ἐπισυμόαίη,
1649 2038 1737 2091 καὶ
1782 2057 1950 2112 προσ-

320 2126 457 2183 δοκία
502 2130 738 2184 θανάτου
777 2126 840 2182 ἐκ
889 2127 1072 2196 νόσου,
1120 2126 1154 2196 ἢ
1226 2123 1404 2196 ἄλλης
1474 2127 1690 2180 οἱασοῦν
1745 2131 1953 2202 προφά-

319 2238 455 2281 σεως,
485 2221 682 2272 τοῦτον
713 2217 789 2278 εἰς
821 2214 1108 2271 κοινωνίαν
1149 2216 1268 2286 μὲν,
1299 2214 1427 2270 ἀλλ’
1457 2213 1545 2270 ἐπὶ
1585 2213 1697 2289 ὅρῳ
1745 2214 1951 2292 δεχθῆ-

315 2326 423 2361 ναι·
466 2307 553 2361 τᾶν
614 2306 841 2361 θάνατον
897 2305 996 2380 γὰρ
1046 2303 1339 2386 ἐκφυγόντι
1387 2311 1667 2360 κοινωνεῖν
1701 2307 1803 2362 οὐκ
1840 2305 1952 2379 ἐξέ-

317 2416 442 2464 σται,
491 2399 596 2450 τοῦ
654 2393 970 2471 ὡρισμένου
1026 2395 1103 2467 μή
1190 2394 1478 2468 ἐξήκοντος
1561 2400 1758 2468 καιροῦ
1843 2400 1950 2452 τῶν

317 2485 605 2558 ἐπιτιμίων.
1211 2479 1227 2492 ⁸

381 2575 436 2628 Ὃ
481 2571 533 2628 δὲ
575 2575 616 2629 ε’
665 2577 768 2629 τοῦ
831 2571 1071 2648 μεγάλου
1129 2571 1432 2648 Γρηγορῖου
1497 2572 1736 2644 Νύσσης.
1770 2574 1833 2631 Εἴ
1892 2573 1950 2631 δέ

328 2681 420 2730 τις,
446 2663 580 2739 φησί,
617 2663 702 2736 μὴ
753 2659 1053 2735 πληρώσας
1094 2662 1187 2716 τὸν
1233 2659 1458 2735 χρόνον,
1487 2662 1577 2716 τὸν
1627 2661 1685 2717 ἐκ
1713 2667 1823 2718 τῶν
1854 2683 1950 2718 κα-

326 2752 472 2808 νόνων
512 2752 922 2828 ἀφωρισμένον,
952 2748 1184 2820 ἐξοδεύει
1235 2755 1333 2804 τοῦ
1369 2749 1514 2823 βίου,
1543 2749 1751 2806 κελεύει
1778 2755 1812 2822 ἡ
1845 2757 1952 2807 τῶν

321 2845 544 2917 Πατέρων
602 2841 1015 2920 φιλανθρωπία,
1085 2839 1426 2916 μετασχόντα
1499 2847 1608 2896 τῶν
1683 2843 1952 2918 ἁγιασμά-

313 2953 426 3003 των,
459 2933 533 3006 μή
587 2933 751 2987 κενὸν
789 2935 888 2984 τοῦ
937 2927 1158 3008 ἐφοδίου
1204 2927 1342 3005 πρός
1389 2931 1489 3000 τὴν
1544 2929 1777 3006 ἐσχάτην
1820 2932 1952 2987 ἐκεί-

311 3043 396 3089 νην
449 3022 536 3076 καὶ
598 3021 819 3095 μακρὰν
873 3015 1190 3092 ἀποδημίαν
1247 3018 1618 3093 ἐκπεμφθῆναι
1679 3040 1692 3053 ·
1771 3022 1818 3074 εί
1893 3019 1948 3077 δὲ

312 3109 588 3185 μετασχὼν
637 3113 740 3164 τοῦ
799 3107 1136 3182 ἁγιάσματος
1193 3105 1358 3162 πάλιν
1388 3109 1463 3169 εἰς
1519 3108 1619 3176 τὴν
1646 3111 1792 3178 ζωήν
1822 3110 1950 3164 ἐπαι-

1981 1842 2030 1909 Β

2127 586 2370 657 inrtante
2403 589 2606 657 morte,
2623 587 2812 657 sancta
2839 585 3220 657 communione
3245 585 3577 657 participare
3607 603 3626 641 :
3654 587 3710 642 si

2120 656 2533 724 convaluerint,
2566 653 2676 711 illa
2705 671 2927 712 rursum
2956 653 3257 712 abstinere;
3444 653 3456 657 “
3551 693 3558 698 ς

2126 872 2334 929 Prima:
2392 891 2520 946 syn.
2583 891 2771 930 canon
2804 875 2890 939 13,
2949 875 3046 946 qui
3099 875 3448 946 pmnitentiae
3515 877 3703 948 pmnis

2045 963 2238 1019 adhuc
2266 964 2496 1018 obnoxii
2529 967 2688 1030 sunt,
2717 969 2775 1019 et
2804 964 2863 1018 in
2907 981 3136 1035 gravem
3179 965 3448 1021 morbum
3481 965 3704 1022 incide-

2049 1057 2211 1122 runt,
2245 1052 2345 1123 qui
2397 1067 2428 1106 e
2477 1051 2596 1106 vita
2653 1068 2956 1109 excessum
3013 1051 3270 1108 minitari
3321 1053 3608 1118 videatur,
3643 1058 3710 1110 ut

2051 1139 2262 1197 ultimo
2321 1146 2379 1197 et
2437 1141 2688 1196 maxime
2745 1141 3074 1198 necessario
3127 1142 3356 1211 viatico,
3405 1159 3706 1199 sacrorum

2051 1230 2461 1301 mysteriorum
2523 1229 2654 1286 dico
2705 1229 3166 1302 participatione,
3217 1247 3334 1287 non
3384 1231 3704 1304 priventur,

2041 1319 2253 1389 jubet;
2287 1321 2388 1375 sed
2422 1320 2481 1374 in
2511 1323 2770 1375 extremo
2812 1320 3026 1392 spiritu
3070 1336 3204 1375 cum
3252 1321 3535 1392 espiscopi
3565 1337 3706 1377 con-

2051 1424 2230 1464 sensu
2287 1408 2404 1464 illis
2462 1409 2626 1481 digni
2666 1409 3030 1480 judicentur.
3083 1409 3347 1466 Morbum
3398 1415 3618 1478 autem,
3649 1412 3701 1468 si

2049 1497 2133 1553 ita
2161 1497 2471 1570 contingit.
2503 1497 2808 1565 solventes,
2841 1505 2897 1553 et
2941 1499 3015 1554 ad
3047 1498 3301 1556 salutem
3331 1505 3700 1570 revertentes,

2053 1587 2253 1642 divina
2293 1587 2531 1660 quidem
2590 1587 3002 1644 communione
3057 1588 3265 1656 arceri,
3297 1589 3356 1644 in
3414 1587 3541 1646 loco
3571 1605 3704 1646 vero

2053 1675 2264 1731 iterum
2312 1676 2586 1732 constitui
2649 1675 2901 1748 priorum
2952 1694 3280 1749 pmnarum,
3325 1678 3510 1734 donec
3561 1695 3707 1751 prae-

2054 1764 2324 1821 stitutum
2358 1765 2473 1820 illis
2501 1770 2731 1837 tempus
2759 1765 3074 1838 impletum
3103 1765 3298 1823 fuerit.

2125 1949 2337 2005 Eadem
2368 1948 2536 2004 etiam
2566 1951 2602 2004 6
2630 1948 2694 2005 in
2741 1951 2968 2022 Ancyra
3017 1951 3220 2023 synodi
3265 1965 3452 2007 canon
3501 1950 3708 2006 decer-

2058 2039 2140 2094 nit
2174 2055 2188 2094 :
2219 2038 2278 2095 Si
2301 2041 2428 2110 jam
2467 2039 2867 2111 paenitentiam
2901 2039 3094 2112 agenti
3125 2039 3210 2096 vel
3244 2037 3705 2111 periculum,vel

2059 2131 2265 2188 mortis
2323 2132 2674 2201 exspectatio
2704 2148 2772 2188 ex
2804 2130 3006 2186 morbo
3036 2127 3124 2184 vel
3168 2127 3366 2200 aliqua
3393 2127 3510 2186 alia
3538 2145 3708 2185 occa-

2055 2221 2220 2277 sione
2257 2219 2532 2289 evenerit,
2568 2221 2616 2277 is
2668 2222 2740 2278 ad
2791 2215 3264 2276 communionem
3307 2217 3564 2288 quidem,
3604 2217 3706 2273 sed

2057 2309 2168 2366 sub
2197 2308 2532 2366 deﬁnitione
2563 2309 2878 2381 recipiatur
2906 2324 2920 2363 :
2974 2306 3026 2363 ei
3065 2311 3286 2374 autem,
3317 2307 3418 2378 qui
3466 2309 3712 2363 mortem

2060 2399 2328 2466 evaserit,
2359 2399 2794 2456 communicare
2833 2414 2950 2452 non
2991 2395 3208 2466 licebit,
3240 2395 3568 2467 praestituto
3595 2412 3720 2467 pm-

2063 2503 2273 2544 narum
2303 2489 2568 2558 tempore
2598 2503 2714 2543 non
2744 2492 2999 2558 peracto.

2131 2577 2382 2642 Quintus
2412 2578 2587 2633 etiam
2621 2576 2818 2649 magni
2849 2573 3109 2648 Gregorii
3157 2573 3426 2646 Nysseni.
3459 2573 3518 2630 Si
3551 2573 3709 2646 quis,

2057 2665 2268 2737 inquit,
2296 2673 2524 2738 tempus
2543 2683 2577 2723 a
2598 2665 2922 2722 canonibus
2945 2667 3233 2720 statutum
3257 2679 3373 2719 non
3398 2679 3705 2736 peragens,

2058 2773 2090 2814 e
2111 2757 2223 2812 vita
2253 2756 2584 2818 excesserit.
2603 2756 2767 2827 iubet
2795 2756 3034 2812 Patrum
3067 2753 3406 2810 humanitas
3437 2752 3602 2808 illum
3623 2771 3710 2810 sa-

2058 2860 2286 2902 crorum
2327 2846 2730 2917 mysteriorum
2772 2844 3111 2918 participem
3150 2845 3390 2904 factum,
3418 2842 3611 2898 viatici
3637 2843 3708 2899 ad

2059 2932 2326 2989 ultimum
2352 2933 2521 2989 illum
2550 2939 2609 2990 et
2637 2933 2875 3005 longum
2917 2933 3246 2989 discessum
3291 2948 3543 2986 vacuum
3593 2947 3707 2987 non

2057 3022 2247 3078 emitti
2279 3039 2292 3077 :
2327 3023 2373 3078 si
2403 3040 2540 3079 vero
2573 3031 2880 3094 postquam
2914 3037 3213 3077 sacrorum
3253 3019 3490 3076 illorum
3532 3021 3712 3092 parti-

2057 3127 2193 3182 ceps
2214 3111 2327 3167 fuit
2348 3113 2416 3166 ad
2443 3112 2611 3167 vitam
2639 3110 3320 3179 revertatur,ordinatum
3336 3113 3565 3180 tempus
3589 3125 3711 3165 ma-

307 3198 505 3269 νέλθοι,
551 3199 836 3272 ἀναμένειν
880 3197 970 3251 τὸν
1014 3197 1346 3270 τεταγμένον
1402 3197 1623 3272 χρόνον,
1671 3197 1730 3254 ἐκ
1759 3199 1944 3274 ἐκείνῳ

2067 3208 2211 3269 neat,
2243 3201 2305 3256 in
2336 3201 2538 3258 eodem
2566 3200 2744 3272 gradu
2794 3199 3172 3266 constitutus,
3203 3197 3264 3253 in
3297 3215 3412 3270 quo
3450 3201 3572 3254 erat
3601 3214 3710 3254 an-

307 3291 379 3358 τῷ
437 3289 638 3362 βαθμῳ
692 3286 1006 3362 γενόμενον,
1037 3287 1084 3359 ᾧ
1140 3287 1206 3355 ἦν
1261 3286 1366 3358 πρὸ
1421 3293 1522 3356 τῆς
1560 3289 1676 3342 κατ’
1705 3287 1944 3365 ἀνάγκην

305 3372 546 3447 δοθείσης
577 3376 734 3448 αὐτῷ
763 3374 1074 3436 κοινωνίας.

367 3469 539 3520 Ταῦτα
593 3467 633 3534 ἡ
693 3468 800 3518 τῶν
878 3462 1128 3539 Πατέρων
1213 3461 1604 3542 φιλάνθρωπος
1687 3465 1946 3540 βούλεται

299 3555 515 3628 γνώμη,
573 3553 623 3608 εἰ
683 3550 1078 3628 προσπελάσειε
1124 3553 1186 3608 τὸ
1214 3552 1410 3628 ξχρεὼν
1464 3557 1543 3625 τῷ
1581 3547 1659 3608 ἔτι
1687 3557 1949 3630 καθαιρο-

305 3643 444 3715 μένῳ
500 3649 621 3704 τοῖς
673 3643 980 3717 φαρμάκοις
1035 3647 1135 3711 τῆς
1189 3641 1490 3716 μετανοίας,
1548 3641 1634 3697 καί
1692 3646 1726 3714 ἡ
1786 3645 1948 3722 κυρία

299 3739 543 3806 παρεῖναι
598 3731 777 3802 δοκεῖ,
827 3730 1068 3809 ἐφεῖσθαι
1113 3737 1230 3792 τοῖς
1281 3727 1688 3807 πρεσϐυτέροις,
1753 3755 1950 3791 κοινω-

301 3843 410 3875 νιαν
461 3823 612 3894 αὐτῷ
681 3819 1022 3895 μεταδοῦναι,
1083 3823 1157 3883 ὡς
1209 3824 1285 3893 μή
1357 3817 1666 3876 ἀποϐιῶναι
1742 3824 1945 3896 μηδένα

298 3915 422 3986 παρ’
477 3913 671 3974 αὐτοῖς
729 3909 1010 3983 δεδεμένον
1045 3931 1058 3943 ⁸
1107 3909 1516 3985 ἀναῤῥωσθέντα
1567 3909 1622 3966 δὲ
1651 3912 1815 3968 πάλιν
1853 3917 1944 3972 τὸν

301 4002 466 4070 μήπω
517 4001 582 4055 τὸ
621 4004 723 4055 τοῦ
769 4004 962 4074 καιροῦ
1011 4000 1416 4073 πεπληρωκότα
1483 3998 1780 4075 διάστημα,
1828 4011 1943 4067 τοῖς

295 4091 580 4164 προτέροις
642 4087 906 4144 ὑπόδικον
963 4091 1097 4144 εἶναι
1145 4089 1235 4144 καί
1295 4091 1440 4164 παρᾶ
1489 4097 1598 4146 τῶν
1651 4089 1945 4168 πρεσϐυτέ-

296 4200 400 4252 ρων
453 4178 774 4254 περιμένειν
842 4185 944 4248 τῆς
1002 4179 1331 4255 συγγνώμης
1389 4181 1451 4235 τὸ
1519 4182 1790 4255 σύνθημα,
1849 4187 1945 4238 τοῦ

295 4267 494 4342 χρόνου
551 4264 778 4337 δηλαδή
835 4274 936 4337 τῆς
995 4269 1304 4342 μετανοίας,
1339 4267 1472 4340 μετᾶ
1514 4275 1612 4324 τοῦ
1644 4271 1816 4344 ῥύπου
1843 4279 1943 4342 τῆς

293 4357 561 4432 ἁμαρτίας
592 4353 1022 4428 δαπανηθέντος.

293 4485 548 4569 ΚΕΦΑᾼ.
584 4481 994 4569 Θξςοτιιτῶν
1034 4464 1943 4569 μετανοούντωνεξτοῦςλογι-

359 4552 573 4630 σμοὺς
615 4550 957 4630 δέχεσθαι,
1005 4550 1117 4630 κάξ
1161 4552 1346 4630 λύειν
1396 4554 1502 4608 καὶ
1549 4550 1820 4630 δεσμεῖν
1867 4550 1945 4610 τὰ

357 4623 838 4699 ᾖμαρτημένα,
908 4629 1052 4699 τοῖς
1100 4625 1500 4699 ἐπισκόποις
1543 4623 1768 4699 ἐδόθη,
1816 4629 1948 4682 κατ’

355 4693 746 4772 ἐπιτροπὴν
779 4693 1122 4752 δὲτούτων
1145 4697 1422 4758 καὶτοῖς
1453 4693 1949 4774 πρεσϐυτέροις.

357 4809 414 4858 Ὁ
445 4806 525 4880 ς’
581 4811 694 4874 τῆς
742 4801 796 4858 ἐν
851 4801 1152 4880 Καρθαγένῃ
1199 4801 1424 4858 συνόδου
1481 4804 1656 4858 κανὼν
1716 4806 1815 4874 τήν
1855 4809 1952 4860 τοῦ

296 4893 600 4970 χρίσματος
633 4893 887 4964 ποίησιν,
919 4892 1019 4960 τὴν
1067 4895 1166 4946 τοῦ
1194 4892 1357 4966 ἁγίου
1391 4889 1578 4964 μύρομ
1608 4889 1822 4963 δηλαδὴ
1855 4914 1944 4948 τε-

296 4981 467 5053 λετήν,
518 4983 618 5038 καὶ
671 4983 773 5052 τήν
825 4985 930 5035 τῶν
981 4985 1162 5055 κορῶν
1210 4981 1522 5058 ἀφιέρωσιν,
1555 4980 1688 5034 κατά
1733 5002 1784 5036 τι
1841 5003 1944 5036 πα-

295 5069 440 5128 λαιὸν
497 5073 808 5149 γινομένην
856 5067 996 5139 ἔθος,
1043 5071 1135 5125 καὶ
1185 5072 1287 5141 τήν
1333 5075 1442 5125 τῶν
1506 5071 1941 5139 μεταννοούντων

299 5162 675 5239 κεταλλαγὴν,
734 5161 866 5235 ὅπερ
921 5159 1064 5216 ἐστὶν
1119 5161 1154 5230 ἡ
1214 5163 1322 5214 τῶν
1389 5161 1673 5234 λογισμῶν
1729 5159 1946 5238 ἐξαγγε-

303 5247 393 5321 ὶία,
435 5253 528 5306 καὶ
592 5253 632 5320 ἡ
697 5253 804 5303 τῶν
861 5252 1113 5325 ψυχικῶν
1181 5247 1392 5322 ἰατρεία
1449 5249 1796 5322 τραυμάτων,
1856 5249 1946 5306 διὰ

302 5344 390 5394 τῶν
426 5349 531 5410 τῆς
601 5337 896 5412 μετανοίας
935 5337 1246 5412 ἐπιτιμίων,
1277 5339 1367 5393 καί
1397 5345 1498 5407 τῆς
1543 5338 1648 5410 πρὸ
1677 5339 1740 5392 τὸ
1769 5345 1944 5412 κρεῖτ-

303 5448 372 5482 τον
400 5430 756 5507 ἐπιστροφῆς
775 5428 942 5499 (οὕτω
991 5431 1094 5504 γὰρ
1139 5429 1168 5482 ὁ
1219 5427 1506 5502 ἅνθρωπος
1551 5432 1632 5499 τῷ
1684 5433 1800 5500 Θεῷ
1855 5449 1946 5482 κα-

310 5517 708 5588 ταλλάττεται),
744 5521 912 5572 ταῦτα
949 5518 1120 5574 πάντα
1168 5519 1313 5591 παρὰ
1351 5513 1739 5592 πρεσϐυτέροις
1789 5517 1946 5572 ἀπείο

320 5626 418 5678 me
475 5609 782 5686 γίνεσθαι·
831 5613 946 5669 τοῖς
1019 5609 1122 5685 γὰρ
1195 5608 1538 5684 ἀρχιερεῦσιν
1620 5609 1654 5676 ἡ
1736 5606 1945 5662 τούτων

322 5693 481 5755 ἀνεῖται
545 5697 856 5769 διοίκησις,
909 5697 998 5754 ἅτε
1047 5694 1261 5771 δεσμεῖν
1308 5697 1398 5752 καὶ
1448 5696 1598 5753 λύειν
1647 5693 1946 5770 δεδυνημέ-

2059 3299 2316 3362 tequam,
2349 3291 2401 3346 ei
2433 3307 2502 3346 ex
2532 3290 2881 3346 necessitate
2909 3289 3047 3344 data
3091 3287 3201 3344 fuit
3229 3286 3706 3344 communicatio.

2127 3473 2256 3528 Ilaec
2285 3472 2526 3528 Patrum
2551 3471 2808 3528 humana
2835 3471 2961 3528 vult
2989 3469 3302 3538 sententia,
3333 3469 3385 3525 si
3417 3485 3578 3524 mors
3607 3485 3711 3541 ap-

2056 3561 2530 3634 prepinquaverit
2556 3560 2664 3628 illi,
2723 3560 2823 3633 qui
2876 3559 3229 3634 poenitentia
3261 3558 3706 3616 medicamentis

2053 3653 2244 3707 adhuc
2275 3655 2574 3724 purgatur,
2597 3655 2654 3706 et
2683 3667 2997 3722 supremus
3017 3650 3143 3706 dies
3168 3649 3390 3706 instare
3418 3649 3705 3716 videatur,

2055 3741 2410 3814 presbyteris
2466 3740 2703 3796 concedi
2763 3739 3240 3795 communionem
3288 3736 3372 3792 illi
3431 3736 3591 3803 dare,
3636 3741 3701 3792 ut

2054 3830 2254 3886 nullus
2287 3831 2356 3885 ub
2383 3831 2468 3886 eis
2499 3830 2712 3901 ligatus
2743 3829 3005 3886 discedat
3035 3846 3050 3884 ε
3083 3829 3133 3884 si
3163 3843 3296 3884 vero
3326 3843 3531 3883 rursus
3561 3843 3704 3883 con-

2055 3920 2311 3988 valuerit,
2331 3920 2611 3990 temporis
2641 3920 2828 3990 spatio
2850 3919 3106 3974 nondum
3131 3920 3380 3988 peracto,
3406 3914 3696 3988 prioribus

2056 4011 2238 4080 prauis
2267 4007 2580 4064 obnoxium
2630 4025 2796 4073 esse;
2829 4027 2861 4063 a
2911 4005 3260 4080 presbyteris
3307 4021 3438 4060 vero
3486 4004 3700 4059 remis-

2053 4099 2238 4157 sionis
2270 4098 2625 4170 promissum
2655 4102 3011 4170 exspectare,
3038 4095 3316 4167 temporis
3345 4094 3570 4152 scilicet
3597 4111 3709 4167 pur

2053 4187 2335 4255 nitentia,
2369 4204 2504 4243 cum
2536 4187 2759 4259 peccati
2793 4188 2994 4242 sordes
3023 4185 3368 4258 dissipatur.

2056 4487 2216 4545 181
2293 4488 2452 4545 CAP.
2513 4488 2610 4546 IX.
2683 4487 2832 4557 Quod
2897 4489 3274 4558 pwuitentium
3345 4489 3704 4558 confessiones

2129 4559 2390 4632 accipere,
2440 4563 2490 4616 et
2531 4561 2756 4620 solvere.
2801 4564 2856 4616 et
2893 4559 3064 4630 ligare
3105 4567 3406 4631 peccatore:
3447 4561 3707 4629 episcopis

2130 4632 2490 4689 conceditur:
2548 4632 2774 4688 illorum
2837 4647 2960 4688 vero
3035 4646 3296 4686 consensu
3360 4633 3530 4688 etiam
3583 4639 3708 4702 pre-

2131 4705 2383 4776 sbyteris.

2133 4811 2343 4867 Sextus
2377 4809 2855 4884 Carthaginensis
2887 4811 3091 4883 synodi
3139 4825 3327 4866 canon
3373 4806 3710 4864 chrismatis

2059 4899 2504 4968 coniectionem,
2537 4916 2746 4972 nempe
2783 4899 2972 4956 sancti
3021 4899 3306 4971 unguenti
3337 4894 3710 4955 administra-

2061 4989 2302 5050 tionem,
2325 4995 2383 5045 et
2413 4989 2734 5061 puellarqu
2758 4988 3274 5056 consecrationem,
3290 4988 3458 5058 juxta
3480 4999 3701 5039 morem

2055 5079 2359 5150 antiquum
2389 5079 2621 5142 factam,
2647 5085 2704 5135 et
2729 5077 3126 5151 pmnitentiam
3147 5075 3669 5134 reconciliationem
3689 5101 3710 5130 ι

2055 5184 2181 5239 que
2211 5175 2297 5225 est
2341 5169 2775 5226 confessionum
2824 5167 3210 5232 denuntiatio,
3244 5170 3301 5222 et
3329 5167 3534 5220 animae
3564 5161 3698 5217 vul-

2057 5273 2277 5325 nerum,
2339 5276 2439 5330 per
2497 5257 2848 5330 poenitentiae
2908 5272 3131 5327 pmnas,
3179 5258 3237 5310 et
3299 5254 3370 5309 ad
3433 5252 3486 5308 id
3545 5251 3698 5322 quod

2059 5347 2270 5403 melius
2317 5355 2405 5405 est
2453 5348 2885 5404 conversionem
2941 5345 3168 5401 medela
3232 5344 3327 5412 (ita
3385 5341 3540 5398 enim
3593 5342 3710 5397 Deo

2056 5437 2463 5494 reconciliatur
2493 5439 2706 5504 homo),
2732 5436 2928 5492 omnia
2971 5435 3090 5488 haec
3131 5451 3164 5487 a
3195 5431 3548 5504 presbyteris
3579 5430 3703 5486 lieri

2059 5526 2368 5596 prohibuit.
2396 5528 2608 5584 Horum
2641 5527 2853 5583 etenim
2880 5523 3308 5581 administratio
3339 5521 3700 5579 antistitibus

2057 5615 2414 5683 conceditur,
2459 5617 2677 5690 quippe
2707 5614 2805 5687 qui
2839 5612 3053 5685 ligandi
3078 5616 3136 5667 et
3171 5611 3426 5668 solvendi
3459 5617 3706 5683 potesta-

2057 5707 2174 5760 tem
2221 5703 2522 5776 habentes,
2555 5703 2950 5778 apostolorum
3000 5705 3204 5775 typum
3244 5701 3458 5773 ferunt,
3491 5698 3702 5772 quibus
