4080 6224
300 289 378 348 97
1565 273 1946 344 MATTHEI
1993 275 2424 344 BLASTARIS
3623 279 3702 338 28

299 420 482 478 talem
537 425 874 494 potestatem
933 419 1223 476 concessit
1269 419 1551 476 Christus.
1601 419 1790 482 Quare
1837 413 1998 486 qui;

2117 433 2186 479 ις,
2215 409 2384 465 τύπον
2433 410 2651 487 φέρουσι
2701 413 2810 466 τῶν
2854 408 3204 478 ἂποστόλων,
3256 410 3339 470 οἷς
3394 410 3492 478 τὴν
3557 407 3701 480 ἐξου-

301 510 432 568 sine
460 510 717 582 episcopi
749 526 1040 566 concensu
1074 509 1469 565 confessiones
1511 506 1816 562 hominum
1849 519 1954 559 ex-

2111 500 2184 554 ἶαν
2236 499 2437 571 ταύτην
2497 500 2526 554 ὁ
2583 501 2824 573 Χριστὸς
2871 498 3229 574 ἐνεχείρισεν·
3273 495 3411 552 ὥστε
3446 497 3499 550 o't
3530 497 3704 575 χωρὶς

2305 596 2332 607 η
2405 588 2420 607 9
2575 589 2586 608 ο
2624 609 2629 610 ,
2672 609 2675 610 ,
2753 585 2878 610 δνμᾲθ
2992 609 3024 610 κν
3080 585 3324 610 ‘,,A_,,_,‘
3357 607 3371 610 -
3417 586 3648 610 1.,_n-_’.__
3680 607 3704 610 ..

303 599 526 671 cipiunt
581 601 804 655 sacradi
861 598 1150 667 monachi,
1203 598 1350 653 niale
1404 597 1628 652 faciunt
1691 603 1749 650 et
1794 591 1960 648 valde

2111 596 2368 665 τιτροπῆς
2402 588 2699 644 ἐπισκόπου
2749 585 3031 665 δεχόμενει
3080 585 3371 662 λογισγοὶις
3411 586 3705 660 ἀνθρώπων

304 687 668 760 periculose;
721 705 904 760 neque
954 687 1108 744 enim
1168 687 1452 753 solvendi,
1502 699 1688 756 neque
1740 681 1959 754 ligandi

2111 679 2359 751 ιρωμένοι
2394 677 2633 753 μοναχοί
2663 683 2841 733 κακῶς
2873 682 3115 744 ποιοῦσι,
3146 677 3236 731 καὶ
3267 674 3390 732 λίαν
3437 671 3712 731 ἐπικινδύ-

305 777 648 834 facultatem
683 777 940 846 habent;
976 777 1158 832 multo
1191 777 1376 848 magis
1401 791 1534 832 vero
1565 773 1791 848 profani
1831 787 1963 825 mo-

2111 789 2177 830 ως
2203 788 2216 802 ⁸
2252 765 2496 846 οὔτεγὰρ
2529 768 2700 839 λύειν,
2741 765 2866 824 οὔτε
2914 769 3129 842 δεσμεῖν
3171 764 3392 846 ἔχουσιν
3445 765 3714 836 ἐξουσίαν,

305 865 521 934 nachi;
553 865 668 922 illis
701 866 858 922 enim
891 866 1129 923 omnino
1159 865 1522 938 permittere,
1554 867 1622 918 ut
1643 857 1966 918 confessio-

2111 857 2272 931 ηολλῷ
2305 856 2362 914 δὲ
2416 855 2628 933 μᾶλλον
2684 859 2737 913 οἱ
2782 859 2982 934 ἀνίεροι
3031 857 3263 932 μοναχοί
3295 877 3309 889 ’
3358 855 3575 917 τούτοις
3607 853 3717 928 γὰρ

312 971 418 1011 nes
477 955 783 1012 hominum
845 956 1134 1028 excipiant
1180 964 1232 1010 et
1283 953 1564 1026 judicent,
1598 961 1966 1021 nequaquam

313 1044 540 1101 licitum
573 1049 680 1101 est.
711 1045 824 1102 Sed
853 1051 912 1101 et
941 1047 1226 1116 septimus
1257 1042 1662 1116 paenitentiam
1708 1035 1970 1096 reconci-

313 1133 636 1204 liationem,
691 1135 740 1190 si
784 1137 853 1190 de
901 1135 1018 1190 vita
1085 1131 1502 1204 periclitentur,
1533 1129 1660 1186 sine
1701 1116 1970 1197 episcopi

315 1225 608 1297 permissu
681 1227 1047 1298 presbyteros
1104 1225 1287 1280 facere
1347 1229 1608 1294 oportere
1677 1235 1796 1274 non
1845 1215 1971 1272 exi-

317 1315 540 1374 elimat.

259 1485 270 1496 ί
390 1407 608 1496 Eadem
643 1406 818 1463 etiam
851 1408 920 1462 46
950 1407 1270 1462 decernens
1294 1421 1305 1457 :
1329 1403 1386 1456 Si
1406 1417 1537 1456 vero
1558 1399 1732 1463 absit,
1757 1395 1970 1467 inquit,

323 1495 654 1566 episcopus,
678 1500 735 1550 et
765 1496 815 1552 is
845 1496 942 1567 qui
973 1491 1372 1566 paenitentiam
1406 1489 1520 1560 agit
1552 1487 1611 1542 in
1642 1483 1967 1558 periculum

329 1585 619 1642 adductus
640 1585 736 1652 sit,
763 1583 924 1638 illum
950 1581 1280 1639 reconciliet
1300 1578 1618 1651 presbyter.
1636 1576 1840 1640 Quaere
1863 1577 1920 1628 et
1939 1573 1974 1626 8

331 1690 460 1745 cap.
513 1675 717 1730 littera:
763 1675 826 1742 K,
857 1681 910 1729 et
953 1673 1014 1727 in
1063 1672 1126 1725 31
1177 1687 1304 1742 cap.
1340 1667 1425 1722 lit.
1477 1671 1516 1720 E
1563 1681 1692 1721 can.
1727 1663 1796 1718 40
1843 1677 1971 1733 syn.

326 1763 828 1822 Neocaesarieusis.

328 1974 482 2046 Quod
545 1971 796 2030 civilibus
846 1975 1034 2041 postea
1079 1965 1283 2046 (sgittis
1314 1958 1750 2046 humanioribus
1791 1959 1972 2012 visum

942 2041 1221 2113 suppliciis
1243 2037 1346 2093 uti.

403 2233 553 2297 Quin
585 2231 758 2288 etiam
781 2226 1130 2284 vetustiores
1153 2225 1306 2296 leges
1335 2222 1394 2278 in
1425 2218 1765 2287 humanius,
1781 2221 1840 2273 et
1859 2232 1974 2271 non

334 2324 506 2397 quale
543 2323 707 2394 prius
756 2319 1103 2384 habuerunt,
1132 2312 1442 2386 judicium,
1470 2311 1530 2366 in
1577 2310 1736 2364 dicta
1781 2307 1973 2377 legum

329 2413 576 2486 repetita
643 2409 976 2466 recensione
1061 2406 1532 2469 commutantur;
1607 2400 1734 2470 ipsa
1820 2394 1976 2450 enim

331 2505 575 2575 abrogat
607 2517 824 2557 morem
857 2497 1058 2553 statim
1090 2491 1477 2551 interﬁciendi
1509 2506 1608 2545 eos
1638 2487 1736 2560 qui
1766 2486 1828 2541 in
1859 2500 1980 2540 ma-

333 2593 466 2666 gnis
497 2589 842 2648 criminibus
871 2583 1218 2656 deprehensi
1259 2586 1420 2638 sunt.
1453 2582 1773 2650 Imperator
1801 2575 1980 2640 enim,

337 2663 436 2753 qui
495 2681 666 2737 istam
725 2677 1030 2749 repetitam
1088 2671 1500 2730 correctionem
1559 2667 1714 2732 fecit,
1753 2663 1983 2719 nullum

336 2786 564 2838 eorum,
595 2785 722 2842 qua:
780 2769 921 2822 sunt
972 2765 1033 2819 in
1089 2761 1330 2834 digestis
1384 2757 1471 2813 vel
1527 2753 1807 2812 institutis
1849 2769 1986 2807 cru-

339 2859 468 2916 dele
504 2839 858 2930 supplicium
887 2851 1190 2925 probavit;
1231 2864 1420 2920 neque
1467 2845 1619 2900 enim
1649 2842 1839 2914 capite
1867 2839 1983 2912 ple-

341 2956 495 3005 clere
525 2945 799 3011 decrevit,
831 2957 1016 3014 neque
1063 2938 1356 3011 lapidibus
1403 2935 1666 3000 obruere,
1696 2930 1784 2986 vel
1823 2944 1991 2986 com-

343 3037 576 3101 burere,
607 3034 695 3090 vel
725 3033 959 3104 laqueos
1002 3027 1340 3092 intendere;
1387 3021 1691 3096 prohibuit
1719 3018 1897 3074 etiam
1929 3017 1990 3072 in

343 3126 522 3182 maris
579 3122 971 3196 profunditate
1037 3115 1495 3172 suﬂ'ocationem.
1561 3111 1718 3165 Licet
1795 3111 1985 3162 autem

346 3195 626 3286 quaedam
675 3210 952 3282 capitales
1001 3209 1140 3264 dare
1199 3220 1398 3276 pmnas
1455 3199 1766 3270 aliquando
1802 3195 1990 3265 jubet,

355 3320 472 3360 non
503 3308 722 3368 tamen,
752 3301 966 3371 inquit,
1001 3297 1350 3357 mortiferas,
1376 3291 1475 3346 sed
1509 3288 1701 3344 solum
1734 3284 2002 3356 relegari,

353 3393 444 3450 vel
503 3393 566 3447 in
623 3406 916 3446 carcerem
971 3387 1214 3452 includi,
1255 3381 1553 3439 oculorum
1608 3375 2003 3440 eﬂ’ossionem,

363 3498 575 3539 manus
609 3480 1128 3544 abscissionem,et
1182 3473 1358 3528 aliam
1417 3467 1674 3538 corporis
1731 3465 2004 3535 injuriam

363 3571 507 3645 pati,
564 3585 689 3643 quae
747 3567 1138 3625 conversionis
1195 3557 1688 3634 opportunitatem
1743 3552 1852 3622 illi,
1907 3552 2009 3624 qui

369 3663 702 3734 puniendus
750 3664 857 3725 est,
914 3655 1188 3728 temporis
1235 3654 1570 3709 extensione
1633 3648 1900 3716 praebeat.
1955 3649 2012 3698 et

367 3753 486 3809 illis
517 3755 618 3824 qui
645 3751 793 3823 lapsi
832 3753 972 3805 sunt
1018 3744 1501 3817 resipiscentiam.
1535 3741 1824 3797 Omnibus
1851 3736 2007 3792 enim

368 3842 720 3899 novellarum
753 3839 980 3910 legibus
1009 3834 1325 3891 humanius
1365 3832 1594 3888 videtur
1625 3829 2010 3901 praecedentes

363 3935 524 4003 leges
554 3929 942 4001 interpretari,
976 3930 1034 3980 et
1075 3925 1159 3981 sic
1210 3922 1528 3980 sententias
1579 3917 1735 3975 ferri.
1770 3918 1830 3972 Si
1879 3933 2011 3971 vero

369 4025 522 4094 leges
553 4021 754 4079 civiles
803 4017 1224 4073 humanitatem
1275 4014 1415 4070 adeo
1463 4016 1784 4074 exerceant,
1829 4005 2010 4062 multo

369 4115 558 4186 magis
605 4110 1030 4168 ecclesiasticae.
1063 4111 1348 4161 Docemur
1395 4101 1548 4156 enim
1581 4116 1615 4154 a
1655 4097 2012 4154 Christiano-

366 4219 502 4259 rum
551 4217 788 4273 corpore
834 4196 1169 4256 exscindere
1215 4189 1532 4260 hmreticos,
1583 4191 1644 4244 ut
1688 4191 1746 4242 et
1787 4200 1882 4242 eos
1911 4183 2010 4256 qui

369 4292 644 4349 absurdis
669 4293 940 4346 tenentur
969 4283 1316 4342 criminibus
1339 4325 1355 4350 ,
1389 4278 1596 4352 punire
1621 4293 1754 4332 vero
1784 4291 1899 4330 non
1930 4273 2010 4328 di-

367 4381 643 4447 dicimus,
667 4381 763 4436 sed
812 4374 1167 4434 incurahiles
1222 4371 1337 4443 legi
1384 4367 1536 4425 civili
1585 4366 1828 4432 tradere,
1873 4367 1936 4418 ut
1977 4379 2010 4416 a

368 4468 804 4542 magistratibus
829 4465 1004 4522 illatae
1033 4465 1314 4519 adversus
1336 4475 1434 4514 eos
1455 4455 1752 4512 sententiae
1783 4467 2012 4510 exsecu-

369 4559 515 4620 tioni
546 4559 916 4616 mandentur.

375 4741 528 4798 182
559 4742 708 4798 CAP.
742 4741 811 4796 X.
845 4741 918 4796 De
967 4739 1038 4794 iis
1084 4737 1179 4810 qui
1223 4731 1462 4804 impuris
1517 4728 1652 4786 cibis
1706 4729 2022 4786 vescuntur,

446 4833 695 4890 Sanctus
769 4829 1083 4901 Gregorius
1157 4827 1628 4892 Thaumaturgus
1701 4817 1762 4871 in
1831 4812 2022 4885 primo

375 4939 484 4980 suo
530 4937 770 4991 canone,
797 4919 923 4974 Non
971 4933 1128 4989 gave,
1160 4914 1370 4986 inquit,
1421 4911 1587 4966 affert
1633 4908 1942 4967 damnum,
1971 4901 2021 4957 si

377 5013 702 5087 prohibitos
731 4990 789 5065 io
831 5007 1092 5064 barbaris
1125 5005 1305 5071 cibos,
1336 5001 1424 5057 vel
1457 5000 1630 5055 etiam
1681 5011 1806 5066 quis
1853 4990 2023 5048 idolis

377 5102 798 5162 sacrificantur,
849 5099 1228 5170 degustarent
1273 5089 1506 5162 captivi,
1553 5093 1785 5159 propter
1831 5096 2024 5137 neces-

379 5191 610 5246 sitatem
631 5195 688 5247 et
714 5191 831 5246 vim
862 5169 1222 5259 corporalem
1247 5187 1456 5238 natura
1475 5177 1673 5234 cibum
1695 5169 2022 5228 necessario

381 5281 658 5353 exigente.
693 5281 820 5351 Ipse
858 5257 1016 5335 enim
1044 5273 1234 5346 inquit
1263 5272 1551 5333 Servator,
1585 5287 1613 5314 «
1647 5263 1771 5318 Non
1804 5275 1930 5332 quae
1962 5257 2020 5312 in

383 5351 644 5428 ven—trem
703 5371 924 5426 intrant
975 5363 1354 5436 coinquinant
1412 5355 1734 5416 hominem,
1766 5351 1866 5406 sed
1899 5363 2023 5419 quae

386 5461 780 5535 egrediuntur.
817 5479 842 5510 ι
881 5458 1054 5528 [gitur
1126 5451 1223 5522 qui
1281 5448 1442 5505 cibos
1520 5443 1782 5514 impuros
1830 5453 2025 5494 come-

385 5527 580 5610 derint
620 5551 816 5605 minus
865 5527 1208 5620 puniuntur,
1241 5540 1292 5596 si
1341 5533 1802 5602 servitutisjugo
1858 5527 2018 5583 labo-

383 5650 570 5706 tantes
599 5645 657 5698 et
681 5619 926 5710 legitimi
955 5633 1218 5692 alimenti
1258 5625 1461 5700 inopia
1506 5622 1714 5679 vetitos
1757 5619 1916 5675 cibos
1945 5621 2022 5671 te-

2074 948 2256 1004 καὶτὸ
2295 949 2576 1024 ἐπιτρέψαι
2625 945 2772 1010 ὅλως
2823 946 3126 1023 λογισμοὺς
3175 947 3472 1017 ἀνθρώπων
3523 941 3713 999 ἀναδέ-

2075 1041 2266 1114 χεσθαι
2323 1039 2412 1094 καὶ
2467 1041 2664 1115 κρίνειν
2719 1039 2913 1108 ἥκιστα
2975 1037 3214 1111 θεμιτόν.
3281 1033 3460 1092 Ἀλλᾶ
3516 1033 3606 1088 καὶ
3683 1033 3712 1086 6

2074 1123 2312 1201 ἕϐδομος
2365 1129 2465 1198 τήν
2545 1126 2900 1204 καταλλαγὴν
2965 1131 3074 1183 τῶν
3158 1125 3582 1198 μετανοούντων,
3663 1119 3710 1174 εἰ

2078 1216 2200 1292 περὶ
2230 1218 2328 1285 τήν
2381 1221 2526 1288 ζωὴν
2571 1214 2992 1286 κινδυνεύουσιν,
3040 1215 3142 1270 οὐκ
3197 1213 3364 1269 οἴεται
3433 1209 3539 1266 δεῖν
3584 1208 3711 1270 τοὺς

2078 1302 2475 1383 πρεσϐυτέρους
2515 1312 2716 1373 ποιεῖν,
2747 1307 3049 1380 ἐπισροπῆς
3082 1301 3204 1358 ἄνευ
3263 1306 3360 1358 τοῦ
3394 1299 3714 1356 ἐπισκόπου.

2150 1399 2331 1449 Ταῦτα
2367 1397 2457 1450 καὶ
2506 1397 2534 1449 6
2588 1400 2676 1470 μγ’
2725 1392 3122 1468 διοριζόμενος,
3166 1390 3226 1446 Ei
3267 1388 3326 1445 δὲ
3360 1387 3571 1455 ἄπεστι,
3619 1409 3719 1465 φη-

2081 1483 2186 1552 σὶν,
2231 1485 2260 1538 6
2304 1483 2624 1553 ἐπίσκοπος,
2669 1481 2760 1538 καὶ
2808 1483 2836 1537 ὁ
2906 1481 2956 1538 ἐν
3007 1479 3262 1554 μετανοίᾳ
3311 1478 3387 1532 ὤν
3436 1475 3488 1532 ἐν
3539 1476 3722 1550 χρόνῳ

2079 1571 2332 1629 κινδύνου
2407 1574 2717 1648 γεγένηται,
2773 1569 3192 1626 καταλλαττέτω
3265 1571 3456 1623 τοῦτον
3529 1565 3617 1620 καὶ
3695 1565 3724 1618 6

2080 1659 2466 1738 πρεσϐύτερος.
2500 1664 2660 1732 Ζήτει
2689 1660 2866 1715 καὶτὸ
2910 1661 2959 1730 η’
3002 1679 3122 1735 κεφ.
3169 1661 3268 1713 τοῦ
3325 1662 3374 1712 Κ
3420 1653 3724 1728 στοιχείου,

1999 1788 2048 1854 Β
2083 1755 2173 1809 καί
2202 1754 2254 1809 ἐν
2285 1758 2362 1825 τῷ
2391 1752 2475 1808 λα’
2503 1774 2623 1830 κεφ.
2655 1754 2752 1807 τοί)⁹
2799 1754 2842 1807 Ε
2889 1748 3166 1826 στοιχείου
3205 1747 3404 1802 κανόνα
3438 1747 3490 1818 μ’
3537 1746 3636 1814 τῆς
3669 1742 3722 1798 ἐν

2076 1845 2465 1918 Νεοκαισαρείᾳ
2489 1841 2737 1899 συνόδου.

2078 1959 2222 2008 ’Ότι
2273 1953 2538 2012 καὶτοῖς
2581 1953 2970 2022 πολιτικοῖς
3005 1949 3284 2022 ὕστερον
3329 1944 3572 2022 νόμοις
3620 1964 3719 2016 φι-

2154 2024 2706 2097 λανθρωπότερον
2751 2021 2940 2091 ἔδοξε
2968 2025 3114 2082 ταῖς
3161 2016 3526 2093 τιμωρίαις
3570 2034 3720 2090 κεχ-

2153 2097 2418 2170 ρῆσθαι.

2157 2200 2334 2259 Ἀλλὰ
2378 2201 2468 2258 καὶ
2514 2203 2566 2256 οἱ
2613 2196 2966 2276 πρεσϐύτεροι
3012 2204 3120 2254 τῶν
3163 2198 3347 2270 νόμων
3395 2194 3484 2250 ἐπὶ
3537 2195 3598 2248 τὸ
3647 2215 3728 2270 φι·

2085 2290 2560 2366 λανθρωπότερον,
2591 2290 2679 2344 καὶ
2709 2289 2815 2364 οὐχ
2845 2289 2920 2348 ὡς
2968 2289 3120 2362 εἶχον
3167 2283 3427 2361 πρότερον
3473 2284 3724 2358 κρίσεως,

2085 2380 2138 2436 ἐν
2167 2383 2237 2453 τῇ
2264 2380 2536 2456 λεγομένῃ
2569 2384 2679 2434 τῶν
2727 2379 2908 2450 νόμων
2957 2375 3314 2449 ἀνακαθάρσει
3364 2367 3732 2445 μεταδέϐλην-

2086 2491 2174 2526 ται
2207 2490 2222 2502 °
2284 2469 2487 2541 ἀναιρεῖ
2543 2469 2648 2544 γὰρ
2705 2465 2840 2538 αὕτη
2905 2466 2968 2520 τὸ
3025 2465 3185 2527 εὐθὺς
3233 2463 3566 2539 ἀναιρεῖσθαι
3607 2459 3733 2522 τούς

2094 2557 2356 2635 μεγάλοις
2409 2555 2720 2618 έαλῶκότας
2769 2554 3131 2631 ἐγκλήμασιν.
3193 2558 3250 2608 '0
3305 2553 3406 2628 γὰρ
3450 2552 3549 2619 τήν
3608 2549 3738 2604 ἀνα-

2094 2651 2348 2722 κάθαρσιν
2430 2647 2631 2715 ταύτην
2738 2642 3058 2716 συνθέμενος
3153 2640 3406 2717 βασιλεὺς
3480 2635 3738 2711 οὐδεμίαν

2097 2741 2174 2792 οῶ
2233 2735 2284 2792 ἐν
2343 2741 2466 2798 τοῖς
2535 2733 2806 2810 διγέστοις
2851 2735 2887 2803 ἢ
2942 2736 3062 2792 ταῖς
3121 2727 3416 2802 διατάξεσιν
3461 2727 3742 2802 ἀπάνθρω-

2095 2848 2197 2882 πον
2228 2826 2425 2894 ποινήν
2455 2826 2771 2900 προσήκατο
2805 2842 2818 2855 °
2871 2822 2996 2876 οὔτε
3052 2819 3156 2896 γὰρ
3203 2817 3445 2896 κεφαλῆς
3497 2816 3744 2893 ἀφαιρεῖν

2099 2914 2393 2984 ἐθέσπισεν,
2443 2910 2566 2967 οὔτε
2618 2909 2958 2981 καταλεύειν,
3006 2909 3042 2978 ἢ
3095 2907 3282 2978 καίειν,
3314 2909 3350 2978 ἢ
3385 2907 3594 2981 βρόχον
3636 2905 3749 2976 ἐξα-

2099 3023 2289 3061 πτειν’
2353 3003 2616 3074 ἀπείρηκε
2673 2999 2730 3059 δὲ
2778 3002 2864 3057 καὶ
2931 3001 3030 3070 τὴν
3080 2997 3132 3054 ἐν
3191 3003 3272 3070 τῷ
3335 3005 3437 3068 τῆς
3469 2997 3748 3067 θαλάττης

2105 3096 2256 3170 βυθῷ
2285 3097 2610 3168 πνιγμονήν.
2664 3091 2728 3148 Εἰ
2775 3089 2833 3146 δὲ
2878 3089 2968 3145 καὶ
3012 3091 3276 3162 ὑποσχεῖν
3327 3107 3478 3149 τινας
3523 3083 3747 3163 κεφαλι-

2020 3157 2066 3226 c
2108 3183 2204 3245 κάς
2241 3178 2350 3236 ἔσθ’
2381 3181 2470 3236 ὅτε
2523 3179 2735 3235 κελεύει
2791 3181 3005 3243 ποινᾶς,
3062 3177 3188 3232 ἀλλ’
3245 3177 3308 3232 ού
3362 3177 3459 3238 τὰς
3513 3178 3753 3244 θανατη-

2111 3273 2314 3348 φόρους
2348 3270 2549 3332 ἐκείνας
2582 3271 2736 3348 φησί,
2783 3271 2846 3324 τὸ
2895 3269 2952 3324 δέ
2995 3265 3332 3341 ύπερορίσαι,
3361 3267 3398 3336 ἢ
3451 3263 3504 3320 ἐν
3563 3267 3752 3337 εἱρκτῇ

2113 3361 2441 3438 περιορίσαι,
2485 3361 2584 3428 τὴν
2646 3365 2753 3414 τῶν
2802 3359 3104 3435 ὀφθαλμῶν
3151 3355 3414 3427 ἐκκοπὴν,
3445 3356 3543 3423 τὴν
3589 3353 3755 3430 ἀφαί-

2115 3471 2256 3526 ρεσιν
2287 3458 2387 3520 τῆς
2419 3450 2630 3524 χειρὸς,
2659 3449 2750 3503 καὶ
2777 3450 2876 3518 τήν
2918 3446 3096 3518 ἄλλην
3153 3445 3277 3522 περὶ
3319 3446 3381 3499 τὸ
3430 3449 3592 3516 σῶμα
3634 3443 3758 3499 λώ-

2115 3539 2242 3613 ϐην,
2273 3542 2308 3610 ἢ
2363 3539 2562 3594 δύναιτ’
2593 3539 2652 3593 ἂν
2697 3541 2788 3592 καὶ
2836 3537 3166 3615 ἐπιστροφῆς
3215 3555 3404 3609 καιρον
3453 3537 3754 3607 παρασχεῖν

2115 3637 2194 3704 τῷ
2245 3630 2670 3706 τιμωρουμέγῳ.
2727 3632 2796 3700 τῇ
2843 3631 2941 3682 τού
3005 3625 3211 3704 χρόνου
3276 3623 3593 3698 παρατάσει,
3666 3625 3757 3677 καὶ

2114 3726 2220 3778 τῶν
2271 3720 2640 3794 ἐπταισμένων
2693 3719 3000 3791 μετάνοιαν.
3065 3721 3197 3769 llic:
3257 3713 3361 3790 γὰρ
3405 3717 3522 3774 τοῖς
3562 3713 3755 3784 νόμοις

2115 3817 2223 3868 τῶν
2250 3816 2452 3886 νεαρῶν
2487 3811 2573 3864 ἐπὶ
2602 3810 2664 3865 τὸ
2694 3805 3203 3885 φιλανθρωπότερον
3252 3802 3402 3858 δοκεῖ
3445 3804 3572 3864 τοὺς
3617 3821 3758 3875 προ-

2121 3901 2386 3964 λαϐόντας
2426 3900 2816 3976 ἑρμηνεύεσθαι
2866 3897 3094 3970 νόμους,
3143 3895 3233 3950 καὶ
3289 3894 3432 3949 οὕτω
3474 3893 3568 3955 τὰς
3620 3893 3755 3946 ἀπο-

2119 3995 2306 4073 φάσεις
2337 3993 2594 4068 γίνεσθαι.
2632 3989 2696 4048 Ei
2735 3986 2794 4043 δὲ
2842 3988 2893 4042 oi.
2941 3985 3222 4041 πολιτικοὶ
3252 3985 3415 4054 νόμοι
3465 3981 3609 4037 οὕτω
3661 4003 3759 4055 με·

2117 4071 2469 4141 ταποιοῦνται
2527 4077 2959 4161 φιλανθρωπίας,
3017 4075 3215 4146 πολλῷ
3268 4071 3482 4146 μᾶλλον
3539 4073 3592 4126 οἱ
3658 4079 3760 4140 τῆς

2115 4175 2442 4246 Ἐκκλησίας
2477 4193 2490 4206 ·
2542 4173 2818 4228 ἐκκόπτειν
2867 4167 2968 4241 γὰρ
3015 4169 3112 4220 τοῦ
3160 4162 3414 4236 σώματος
3460 4166 3566 4216 τῶν
3618 4163 3758 4235 Χρι-

2119 4277 2342 4328 στιανῶν
2395 4268 2522 4327 τοὺς
2578 4257 2883 4338 αἱρετικοὺς
2921 4253 3300 4330 δεδιδάγμεθα,
3356 4254 3490 4325 πρὸς
3555 4247 3613 4304 δὲ
3668 4248 3760 4305 καὶ

2117 4363 2244 4422 νοὺς
2300 4355 2528 4416 ἀεόποις
2593 4346 2946 4428 ἐνεχομένους
3009 4343 3343 4420 ἐγκλήμασι,
3403 4342 3763 4414 τιμωρεῖσθαι

2120 4448 2177 4506 δὲ
2221 4450 2282 4504 οὐ
2335 4445 2748 4522 μεμαθήκαμεν,
2798 4436 2924 4494 ἀλλ’
2971 4434 3316 4509 ἀμεταθέτως
3384 4429 3634 4510 ἔχοντας,
3684 4436 3764 4504 τῷ

2045 4537 2092 4602 D
2121 4539 2396 4610 πολιτικῷ
2422 4536 2578 4608 νόμῳ
2625 4525 3003 4605 παραδιδόναι,
3035 4529 3109 4587 ὼς
3164 4523 3302 4596 πρὸς
3340 4526 3447 4577 τῶν
3482 4521 3764 4597 ἀρχόντων

2117 4632 2210 4692 τὰς
2242 4633 2360 4684 κατ’
2381 4628 2558 4682 αὐτῶν
2589 4620 2884 4696 ἆπόφάσεις
2914 4616 3248 4696 ἐκφέρεσθαι.

2339 4719 2598 4774 ΚΕΦΔΛ.
2628 4719 2680 4768 l'.
2711 4707 2868 4784 Περὶ
2903 4702 3568 4783 μιαροφαγησάντων.

2201 4809 2268 4866 Ὁ
2323 4807 2476 4884 ἅγιος
2532 4773 2833 4876 Γρηγόριος
2887 4773 2916 4850 6
2979 4773 3400 4866 Θαυματουργὸς
3459 4791 3511 4846 ἐν
3582 4773 3663 4864 tt]:
3739 4813 3772 4847 α

2131 4899 2334 4960 κανόνι,
2368 4877 2458 4952 .ού
2517 4895 2736 4968 βαρεῖαν
2799 4887 3038 4960 ἐμποιεῖ,
3069 4881 3224 4959 φησὶ,
3276 4882 3376 4951 τήν
3439 4877 3674 4955 βλάϐην,
3725 4883 3772 4937 εἰ

2131 4993 2238 5042 τῶν
2282 4985 2332 5040 ἐν
2392 4987 2508 5044 τοῖς
2559 4974 2854 5057 βαρϐάροις
2911 4970 3377 5047 ἀπηγορευμένων
3441 4971 3771 5045 βρωμάτων,

2132 5078 2168 5147 ἢ
2225 5076 2314 5130 καὶ
2369 5071 2748 5128 εἰδωλοθύτων
2807 5064 3092 5141 ἐγεύσαντο
3150 5062 3203 5116 οἱ
3259 5057 3643 5135 αἰχμάλωτοι,
3697 5057 3771 5115 δι’

2133 5167 2363 5240 ἀνάγκην
2420 5165 2510 5217 καὶ
2565 5159 2686 5235 βίαν
2745 5155 3087 5230 σωματικὴν,
3133 5156 3234 5219 τῆς
3299 5148 3508 5224 φύσεως
3559 5155 3772 5226 τραφῆ-

2130 5235 2615 5330 ναι-βιαζομένης.
2675 5244 2846 5307 Αὐτὸς
2901 5243 3005 5318 γὰρ
3059 5238 3275 5316 εἴρηκεν
3330 5237 3358 5290 6
3409 5238 3626 5308 Σωτήρ,
3685 5235 3770 5290 ὅτι

2133 5368 2163 5398 ‹‹
2184 5345 2260 5400 Οὐ
2289 5345 2354 5398 τὰ
2391 5339 2814 5411 εἶσπορευόμενα
2843 5335 2919 5399 είς
2947 5337 3044 5403 τὴν
3090 5329 3306 5386 κοιλίαν
3348 5331 3530 5382 κοινοῖ
3558 5326 3650 5378 τὸν
3684 5322 3769 5378 ἄν-

2133 5435 2372 5507 θρωπον,
2413 5428 2559 5484 ἀλλὰ
2613 5427 2680 5482 τὰ
2735 5423 3154 5500 ἐκπορευόμενα.
3209 5437 3236 5470 s
3275 5413 3371 5472 Διά
3425 5435 3485 5486 γε
3536 5415 3644 5484 μὴν
3669 5415 3770 5481 τὴν

2135 5520 2498 5600 μιαροφαγίαν
2538 5519 2775 5587 ἡττόνως
2843 5512 3350 5584 ἐπιτιμηθήσονται,
3411 5505 3457 5557 εἱ
3513 5503 3602 5556 καὶ
3667 5509 3768 5572 τῆς

2131 5591 2526 5684 νενομισμένης
2605 5612 2811 5684 τροφῆς
2893 5599 3094 5676 ἀπορίᾳ
3190 5602 3298 5652 τῶν
3387 5591 3770 5668 ἀπειρημένων
