4080 6224
302 310 370 373 29
787 273 800 286 ’
1307 311 1730 375 SYNTAGMA
1772 313 2408 377 ALPHABETICUM.
2459 342 2534 358 —
2580 316 2654 376 ιι.
3613 315 3691 374 30

306 445 514 517 ἥψαντο,
557 437 813 504 δουλείας
891 439 1036 517 ζυγῷ
1099 441 1452 516 πιεζόμενον
1513 442 1559 499 εἰ
1609 441 1666 499 δὲ
1719 445 1927 521 τρυφὴν

2048 447 2303 518 tigerunt
2335 462 2349 501 :
2377 445 2494 503 sint
2523 462 2651 502 vero
2676 445 2834 501 luxui
2867 445 3119 501 maxime
3146 446 3354 503 deditit
3377 447 3469 502 sin
3499 450 3557 504 et
3585 463 3690 503 vo-

311 534 426 608 περὶ
459 531 700 592 πλείονος
747 531 1069 604 ποιούμενοι
1119 532 1210 586 καὶ
1258 529 1612 609 ἀδδηφαγίαν,
1647 531 1772 588 οὐδὲ
1821 538 1928 587 τῶν

326 623 714 698 μεμολυσμένων
762 621 1092 697 ἀπέσχοντο,
1145 619 1558 695 διαϐέϐληνται,
1591 623 1676 682 διὸ
1730 623 1798 694 δὴ
1841 626 1931 680 καὶ

329 711 645 792 σφοδρότερον
704 712 1220 784 ἐπιτιμηθήσονται.
1281 716 1439 784 Ζήτει
1500 715 1588 769 καὶ
1649 715 1701 769 ἐν
1763 718 1842 786 τῷ
1890 733 1936 769 α’

335 806 599 881 κεφ.τοῦᾼ
652 803 935 877 στοιχείου
979 803 1173 858 κανόνα
1221 805 1262 874 ζ’
1289 807 1388 870 τῆς
1436 803 1490 858 έν
1521 803 1756 879 Ἀγκόρᾳ
1797 826 1931 859 συν-

343 890 452 948 ὁδου.

417 1003 654 1058 ΚΕΦΑΛ.
693 1003 804 1060 ῙΑ’.
839 1001 994 1075 Περὶ
1039 1000 1260 1074 μίμων
1301 1003 1411 1056 καὶ
1451 1007 1805 1074 σκηνικῶν.

385 1093 426 1145 ’0
471 1091 542 1164 ξγ¹
584 1099 689 1161 τῆς
749 1091 802 1146 έν
884 1089 1182 1166 Καρθαγένῃ
1257 1088 1480 1146 συνόδου
1554 1093 1730 1148 κανὼν
1805 1093 1931 1154 τοὺς

326 1184 496 1253 μίμους
535 1183 629 1236 καὶ
685 1179 1006 1250 σκηνικοὺς,
1053 1180 1114 1235 ἐκ
1153 1188 1254 1250 τῆς
1298 1180 1599 1252 έλληνικῆς
1658 1183 1934 1257 ὡρμημέ-

318 1291 416 1330 νους
467 1271 780 1344 θρησκείας,
837 1271 926 1325 καὶ
988 1271 1441 1344 βαπτισαμένους,
1501 1272 1577 1343 μή
1633 1271 1934 1346 ἀναγκάζε-

317 1363 416 1414 σθαι
443 1359 592 1422 αὖθις
625 1364 897 1434 παρεγγυᾷ
930 1360 1035 1414 ὑπὸ
1076 1363 1174 1414 τοῦ
1222 1357 1405 1433 δήμου
1442 1360 1510 1416 τὰ
1553 1363 1652 1430 τῆς
1698 1360 1932 1424 παλαιᾶς

315 1449 527 1524 μετιέναι
575 1449 790 1515 κακίας,
835 1447 881 1504 εἶ
930 1450 1021 1504 καὶ
1067 1447 1250 1524 ὥσπερ
1311 1470 1364 1505 τι
1421 1449 1796 1526 λειτούργημα
1839 1453 1931 1506 καὶ

309 1539 657 1614 ἀπαραίτητον
691 1536 852 1612 χρέος
903 1538 992 1592 καὶ
1030 1537 1247 1600 ἄκοντες
1290 1536 1538 1595 εἶ’λκοντο
1585 1544 1754 1595 ταῦτα
1811 1539 1931 1594 ἐπι-

310 1627 618 1697 δείκνυσθαι,
653 1629 791 1682 κατά
824 1649 876 1683 τι
924 1627 1158 1684 παλαιὸν
1208 1626 1350 1698 ἔθος,
1379 1627 1434 1684 ἐν
1480 1633 1597 1692 ταῖς
1650 1628 1928 1704 μεγίσταις

305 1717 384 1772 καὶ
433 1717 670 1790 μάλιστα
723 1720 832 1773 τῶν
889 1714 1126 1787 πόλεων,
1158 1714 1283 1773 ἔνθα
1338 1718 1428 1774 καὶ
1481 1719 1548 1774 τὰ
1599 1717 1795 1792 θέατρα
1842 1720 1926 1787 ἦν.

2043 536 2295 603 racitati,
2353 551 2543 606 neque
2600 535 2672 588 ab
2719 535 2963 606 impuris
3021 533 3454 603 abstinuerunt,
3506 535 3698 607 pmniq

2042 624 2272 680 obnoxii
2305 629 2445 678 sunt
2469 640 2482 678 :
2517 640 2632 695 qua
2663 628 2896 694 propter
2924 627 2982 678 et
3008 623 3253 693 graviori
3280 623 3562 696 supplicio
3581 641 3686 696 pu-

2043 715 2296 769 nientur.
2317 715 2518 780 Quaere
2537 711 2714 767 etiam
2747 711 2805 767 in
2840 712 2865 766 1
2890 711 3076 780 capite
3107 712 3308 769 littera:
3333 715 3379 768 A
3407 728 3687 769 canonem

2040 803 2075 856 7
2104 805 2420 876 Anoyranae
2447 800 2668 873 synodi.

2377 1001 2534 1058 CAP.
2567 999 2670 1056 XI.
2703 1000 2776 1055 De
2799 1001 2985 1055 mimis
3016 1006 3070 1054 et
3097 999 3344 1056 scenicis.

2114 1090 2584 1164 Carthaginensis
2615 1106 2740 1159 syn.
2778 1088 2848 1143 63
2896 1103 3084 1145 canon
3135 1088 3342 1145 mimos
3390 1093 3450 1144 et
3492 1090 3688 1147 sceni-

2043 1199 2141 1237 cos
2173 1199 2242 1236 ex
2268 1179 2594 1237 Graecorum
2628 1177 3034 1250 superstitione
3062 1193 3366 1234 conversos
3404 1182 3463 1234 et
3493 1179 3689 1250 bapti-

2039 1279 2196 1328 zatos
2228 1288 2261 1327 a
2289 1269 2504 1341 populo
2534 1268 2842 1340 antiquam
2869 1266 3151 1322 malitiam
3182 1283 3388 1322 rursus
3416 1268 3688 1325 exhibere

2040 1362 2166 1434 cogi
2197 1361 2536 1426 interdicit;
2567 1360 2698 1415 licet
2736 1362 3017 1429 tanquam
3058 1358 3318 1414 ofﬁcium
3363 1357 3600 1430 aliquod
3630 1365 3689 1416 et

2039 1449 2432 1508 inexcusabile
2474 1449 2735 1506 debitum
2791 1448 2963 1504 etiam
3013 1447 3178 1504 inviti
3239 1447 3311 1503 ad
3363 1464 3434 1504 ea
3488 1449 3688 1505 munia

2035 1541 2200 1611 juxta
2227 1539 2529 1612 antiquam
2559 1536 2816 1609 aliquam
2857 1536 3343 1593 consuetudinem
3372 1536 3684 1594 traheban-

2037 1635 2152 1698 tur,
2185 1631 2243 1685 in
2295 1629 2516 1700 magnis
2563 1626 2886 1700 praesrtim
2933 1625 3291 1692 civitatibus,
3326 1625 3424 1682 ubi
3456 1625 3688 1683 theatra

2037 1721 2288 1777 fuerunt.
2337 1719 2651 1775 Mimorum
2703 1733 2870 1788 porro
2913 1721 2970 1772 et
3017 1715 3407 1784 scenicornm,
3451 1715 3546 1787 qui
3596 1715 3686 1772 di-

305 1803 506 1874 Τῶνδή
540 1805 727 1879 μίμων
770 1806 859 1862 καὶ
901 1811 1197 1877 σκηνικῖω,
1227 1811 1335 1863 τῶν
1387 1805 1618 1884 διάφορα
1659 1807 1928 1883 πρόσωπα

2048 1825 2232 1866 versas
2297 1808 2521 1866 scilicet
2595 1822 2876 1879 personas
2934 1805 3244 1862 imitantur
3299 1811 3356 1861 et
3408 1803 3688 1860 simulant

307 1893 504 1966 δηλαδὴ
589 1895 948 1970 μιμουμένων
1027 1897 1116 1952 καὶ
1202 1897 1646 1973 ὑποκρινομένων
1713 1901 1937 1970 (σκηνήν

304 1986 398 2059 γὰρ
452 1986 675 2059 λέγουσι
733 1986 833 2053 τήν
882 1985 1212 2060 ὑπόκρισιν),
1241 1987 1370 2049 τοὺς
1417 1988 1511 2061 μὲν
1566 1989 1656 2044 ὑπ’
1686 1985 1809 2062 ὄψιν
1840 1993 1936 2045 τοῖ’)

306 2072 557 2148 βασιλέως
628 2077 801 2129 ταῦτα
877 2071 1365 2147 ὑποκρινομένους,
1422 2073 1673 2148 ἐντίμους
1746 2071 1935 2150 ἔχουσι

301 2170 393 2231 τῆς
419 2163 696 2226 πολιτείας
730 2164 782 2217 οἱ
812 2161 974 2234 νόμοι
1006 2181 1020 2196 ·
1054 2159 1109 2218 οἵ
1139 2183 1202 2238 γε
1232 2163 1340 2236 μὴν
1371 2163 1423 2218 ἐν
1469 2163 1802 2240 πανηγύρεσι
1847 2154 1941 2222 καἱ

303 2250 482 2326 δήμων
509 2251 715 2314 ἄλλαις
741 2253 984 2321 συνάξεσι
1015 2249 1235 2328 γέλωτα
1262 2257 1379 2314 τοῖς
1420 2254 1589 2328 ὁρῶσι
1636 2259 1936 2318 κινοῦντες.

301 2351 403 2408 τοῖς
455 2344 538 2400 ἐπὶ
599 2343 809 2420 κόῤῥης
867 2343 1167 2417 ῥαπίσμασι
1223 2343 1314 2398 καὶ
1379 2346 1690 2423 ψοφήμασι,
1748 2344 1934 2420 ἄτιμοι

303 2440 410 2495 τοῖς
437 2433 628 2506 νόμοις
664 2431 1002 2508 λογίζονται.

371 2527 510 2593 Ζήτει
560 2523 616 2578 ἐν
667 2527 749 2594 τῷ
796 2525 849 2592 η’
877 2543 998 2600 nep.
1027 2527 1126 2576 τοῦ
1176 2529 1212 2576 Δ
1261 2524 1544 2600 στοιχείου
1590 2525 1783 2580 κανόνα
1822 2518 1939 2600 ρκθ’

308 2619 396 2680 τῆς
421 2611 469 2667 ἐν
513 2611 832 2688 Καρθαγένῃ
882 2609 1128 2682 συνόδου,
1162 2611 1250 2667 καὶ
1296 2610 1348 2666 ἐν
1395 2617 1476 2685 τῷ
1517 2615 1564 2667 α’
1601 2636 1722 2689 κεφ.
1754 2620 1852 2671 τοῦ
1896 2625 1937 2674 Θ

303 2703 560 2778 στοιχείου
588 2703 788 2758 κανόνα
807 2703 884 2756 ναί
911 2708 1011 2771 τῆς
1043 2703 1087 2765 ς’
1118 2699 1367 2759 συνόδου.

567 2810 834 2867 ΚΕΦΑΛ.
878 2810 981 2864 ΙΒ’.
1022 2807 1178 2881 Περὶ
1222 2806 1630 2879 μισθώσεως.

988 2899 1224 2972 Νόμομ

359 2991 478 3044 Ἐὰν
521 2989 704 3066 χωρὶς
734 2987 917 3051 αἰτίας
955 2988 1260 3062 καταλείπῃ
1291 2988 1384 3044 τὸν
1432 2989 1599 3066 ἆγρὸν
1649 2992 1678 3046 ὁ
1731 2995 1940 3065 μισθω-

297 3080 536 3150 σάμενος,
594 3083 706 3148 πρὸ
772 3076 1224 3152 συμπληρώσεως
1278 3083 1373 3133 τοῦ
1429 3081 1660 3154 χρόνου,
1718 3081 1937 3139 δίδωσιν

293 3166 420 3221 ὅλου
447 3171 543 3222 τοῦ
575 3167 785 3242 χρόνου
817 3167 910 3222 τὸν
941 3167 1151 3238 μισθόν.

359 3261 413 3312 '0
445 3257 864 3330 μισθωσάμενος
903 3254 1076 3310 ’ίππον
1105 3253 1192 3311 ἐπὶ
1241 3255 1306 3311 τὸ
1358 3257 1617 3329 βαστάσαι
1645 3279 1696 3314 τι
1738 3257 1932 3335 δῆλον,

2036 1899 2300 1971 (scenam
2339 1897 2496 1954 enim
2527 1896 2963 1953 simulationem
3012 1893 3248 1965 vocant)
3277 1909 3377 1950 eos
3418 1892 3682 1965 quidem,

2039 1989 2137 2061 qui
2161 1989 2220 2045 in
2252 1987 2618 2062 imperatoris
2638 1990 2950 2058 conspectu
2981 1985 3103 2040 haec
3122 1983 3422 2052 simulant,
3442 1983 3683 2042 honora-

2040 2079 2185 2136 biles
2215 2080 2488 2151 judicant
2515 2077 2672 2150 leges
2701 2075 2941 2143 civiles;
2971 2073 3074 2148 qui
3103 2091 3234 2132 vero
3271 2074 3332 2131 in
3361 2087 3680 2146 congrega-

2038 2170 2294 2226 tionibus
2339 2172 2399 2224 et
2434 2166 2564 2224 aliis
2614 2163 2963 2238 populorum
3003 2163 3388 2221 conventibus
3453 2161 3678 2218 mutuis

2037 2258 2377 2315 verberibus
2407 2256 2594 2312 risum
2639 2254 3059 2328 spectatoribus
3105 2262 3356 2321 movent,
3385 2269 3421 2310 a
3448 2251 3679 2324 legibus

2036 2349 2288 2406 infames
2309 2345 2671 2420 judicantur.

2109 2538 2308 2600 Quare
2336 2533 2396 2590 in
2425 2533 2460 2587 8
2489 2532 2676 2600 capite
2719 2529 2910 2584 littera
2952 2533 2988 2579 Δ
3023 2543 3151 2584 can.
3189 2527 3292 2582 129
3344 2526 3680 2599 Carthagin.

2039 2639 2192 2695 syn.,
2225 2626 2283 2678 et
2311 2621 2370 2678 in
2403 2620 2588 2693 primo
2617 2615 2806 2690 capite
2845 2615 3044 2671 littera:
3075 2623 3114 2668 Θ
3154 2631 3283 2672 can.
3313 2616 3379 2671 51
3411 2619 3554 2672 sext.
3587 2632 3684 2688 sy-

2039 2713 2196 2770 nodL

2480 2818 2636 2874 CAP.
2669 2814 2788 2872 XII.
2821 2817 2899 2870 De
2926 2813 3242 2871 elocutione.

2768 2906 2949 2972 Leges.

2111 2999 2170 3055 Si
2199 2998 2514 3055 conductor
2541 3000 2677 3052 ante
2697 2999 2931 3066 tempus
2954 2990 3360 3050 conductionis
3390 2990 3686 3063 expletum

2041 3091 2168 3147 sine
2200 3104 2379 3144 causa
2409 3086 2658 3142 fundum
2689 3083 3030 3153 deseruerit,
3058 3083 3238 3138 totius
3277 3081 3555 3153 temporis
3597 3097 3687 3138 re-

1963 3197 2008 3264 c
2045 3181 2232 3236 ditum
2263 3176 2552 3252 persolvit.

2113 3271 2174 3326 Si
2204 3269 2339 3342 quis
2369 3281 2583 3340 equum
2619 3262 2958 3321 conduxerit
2988 3263 3056 3318 ad
3095 3265 3321 3320 certum
3363 3276 3510 3317 onus
3550 3275 3683 3332 por-

292 3347 374 3401 καί
422 3349 724 3422 βαρύτερον
781 3345 984 3408 ἐπιθεὶς
1050 3345 1140 3400 καὶ
1201 3345 1441 3421 βλάψας,
1500 3347 1740 3423 ἐνέχεται
1803 3353 1930 3429 ὑπὲρ

2048 3360 2582 3429 tandum,eumque
2629 3353 2876 3424 graviori
2925 3369 3100 3408 onere
3139 3351 3414 3423 imposito
3454 3349 3684 3416 laeserit,

292 3443 383 3506 τῆς
416 3432 654 3511 βλάϐης.

358 3527 478 3582 Ἐᾶν
535 3527 818 3606 χρήσηταί
868 3546 950 3587 τις
998 3523 1156 3597 ἵππῳ
1215 3521 1320 3588 ἕως
1369 3526 1675 3602 ὡρισμένου
1739 3530 1935 3605 τόπου,

297 3619 424 3693 ὑπὲρ
477 3617 536 3672 δὲ
590 3621 785 3672 τοῦτον
833 3615 1102 3692 ἀπενέγκῃ
1156 3614 1192 3684 ἢ
1249 3615 1465 3692 πέμψῃ,
1501 3620 1602 3687 τήν
1653 3615 1930 3692 συμϐᾶσαν

295 3708 370 3762 ἐπ’
415 3709 565 3778 αὐτῷ
619 3703 835 3779 βλάϐην
866 3704 902 3773 ἢ
944 3707 1194 3774 θάνατον,
1224 3706 1316 3760 τὸν
1370 3708 1718 3780 χρησάμενον
1778 3711 1931 3783 ὁρᾷν,

294 3799 373 3852 καὶ
401 3799 463 3852 τὸ
491 3799 731 3870 ἀζήμιον
760 3797 1033 3852 ποιεῖσθαι
1061 3798 1158 3850 τοῦ
1187 3795 1376 3870 κυρίου
1409 3801 1510 3850 τοῦ
1536 3795 1730 3853 ἵππου.

357 3961 430 4014 Οὐ
478 3956 702 4014 δύναται
751 3953 1002 4012 ἐκϐαλεῖν
1048 3956 1246 4012 ἄκοντα
1293 3958 1382 4012 τὸν
1440 3959 1850 4032 μισθωσάμενον
1899 3962 1928 4016 ὁ

299 4051 583 4120 μισθώσας,
615 4050 722 4122 πρὸ
747 4051 842 4102 τοῦ
872 4045 1180 4120 ὡρισμένου
1215 4047 1436 4121 χρόνου,
1467 4049 1564 4102 κᾶν
1610 4049 1784 4111 ἄλλος
1833 4047 1930 4106 αὓ-

293 4142 381 4192 τοῦ
425 4137 657 4194 πλείονα
714 4136 979 4212 εἰσαγάγῃ
1043 4137 1394 4209 μισθώματα,
1439 4137 1529 4192 καὶ
1596 4136 1656 4192 ἂν
1721 4139 1925 4212 εὐγνω⁹

298 4234 429 4303 μονῇ
459 4227 659 4290 ἐκεῖνος
688 4227 815 4301 περὶ
861 4227 892 4282 ’ὀ
922 4223 1259 4301 ὡμολόγησε
1291 4223 1470 4281 δοῦναι
1516 4227 1792 4302 μίσθωμα.

583 4357 836 4409 ΚΕΦΛΓ.
879 4351 977 4409 ΙΓ’.
1021 4351 1180 4426 Περὶ
1232 4351 1613 4424 μνηστείας.

980 4457 1228 4532 Νόμος,

2041 3465 2110 3505 ex
2140 3449 2354 3504 damno
2383 3451 2629 3502 tenetur.

2109 3537 2171 3594 Si
2202 3536 2332 3609 quis
2361 3537 2432 3591 ad
2463 3536 2658 3592 locum
2691 3547 2877 3603 usque
2907 3531 3276 3604 designatum
3319 3528 3684 3586 commodato

2039 3627 2324 3698 acceperit
2349 3641 2592 3697 equum,
2625 3625 2776 3681 ultra
2806 3630 3000 3680 autem
3049 3620 3213 3676 illum
3247 3619 3332 3674 vel
3374 3617 3556 3690 egerit
3593 3616 3681 3675 vel

2039 3717 2283 3785 miserit,
2314 3719 2384 3772 de
2417 3718 2633 3772 damno
2670 3717 2757 3772 vel
2811 3718 3014 3780 morte,
3047 3728 3171 3782 quas
3217 3709 3300 3764 illi
3349 3707 3684 3779 contingere

2036 3806 2282 3878 possint,
2306 3806 2514 3862 viderit
2536 3806 2679 3878 ipse,
2703 3805 2803 3878 qui
2835 3808 3038 3860 mutuo
3070 3801 3332 3872 accepit;
3365 3803 3441 3866 et,
3468 3801 3532 3854 ut
3546 3797 3678 3868 equi

2035 3895 2309 3952 dominus
2339 3895 2634 3952 indemnis
2664 3895 2761 3963 sit,
2791 3910 2990 3950 curare
3015 3897 3260 3948 tenetur.

2109 3991 2346 4043 Locator
2373 3991 2508 4042 ante
2554 3986 2938 4042 constitutum
2984 3988 3218 4053 tempus
3266 3978 3675 4036 conductorem

2035 4077 2277 4132 invitum
2309 4077 2515 4147 ejicere
2545 4092 2660 4132 non
2694 4078 2898 4148 potest,
2927 4074 3061 4129 licet
3098 4071 3249 4128 alius
3298 4069 3549 4141 majores
3579 4066 3678 4122 illo

2023 4165 2256 4221 ‘tlederit
2285 4165 2627 4236 pensiones;
2651 4165 2697 4220 si
2731 4163 2979 4220 libenter
3007 4161 3180 4218 etiam
3215 4159 3574 4232 pensionem,
3607 4157 3679 4213 de

2035 4269 2152 4326 qua
2183 4255 2332 4327 pacti
2364 4259 2528 4324 sunt,
2554 4254 2798 4311 dederit.

2343 4359 2496 4416 188
2525 4359 2679 4417 CAP.
2713 4359 2864 4416 XIII.
2895 4360 2968 4416 De
2995 4355 3364 4431 sponsalibus.

2791 4467 2920 4522 Lex.

357 4551 414 4608 '0
449 4554 546 4621 τήν
604 4548 742 4605 ἰδίαν
793 4551 1032 4622 μνηστὴν
1070 4549 1176 4622 πρὸ
1213 4556 1315 4619 τῆς
1350 4544 1518 4620 ἥϐης,
1546 4548 1670 4620 ἤτοι
1714 4555 1809 4606 to?)
1857 4541 1930 4628 ιγ’

2105 4556 2212 4621 Qui
2269 4573 2432 4612 suam
2491 4573 2768 4629 sponsam
2831 4560 2966 4611 ante
3020 4558 3272 4622 aetatem,
3333 4551 3553 4608 scilicet
3609 4551 3676 4606 13

295 4643 506 4717 χρόνου,
539 4640 785 4720 φθείρας,
819 4639 865 4693 εἰ
899 4639 994 4712 μὶν
1027 4640 1078 4694 οἱ
1118 4646 1218 4708 τῆς
1249 4641 1418 4714 κόρης
1459 4647 1639 4716 γονεῖς
1679 4641 1740 4696 οὐ
1791 4641 1928 4718 βούες

296 4725 468 4784 λονται
518 4731 620 4798 τήν
669 4727 926 4798 τοιαύτην
971 4725 1224 4784 διαλῦσαι
1271 4729 1587 4801 μνηστείαν,
1619 4731 1923 4803 ἀναμενέτω

294 4822 378 4872 τοῦ
423 4821 608 4894 γάμου
653 4819 746 4873 τὸν
789 4816 1014 4896 χρόνον.
1056 4817 1118 4874 Εἰ
1165 4815 1222 4873 δὲ
1267 4815 1355 4872 διὰ
1401 4820 1500 4888 τὴν
1557 4820 1756 4898 φθορὰν
1809 4817 1926 4875 δια-

297 4903 439 4962 λῦσαι
473 4907 792 4982 βούλονται,
823 4903 1316 4981 ἀπαρεμποδίστως
1439 4928 1662 4976 τοιαυτη
1716 4907 1926 4964 λυέσθω

300 4996 563 5066 μνηστεία,
613 4995 702 5050 καὶ
762 4996 790 5049 ὁ
842 4993 1072 5072 φθορεὺς
1125 5001 1224 5064 τῆς
1283 4993 1420 5057 ἰδίας
1476 4995 1641 5050 αὐτοῦ
1691 4997 1925 5054 ὑποστά-

297 5105 413 5149 σεως
465 5089 530 5142 τὸ
584 5086 770 5161 τρίτον
829 5085 992 5160 μέρος
1037 5090 1117 5158 τῷ
1177 5083 1326 5162 μέρει
1375 5083 1576 5142 διδότω
1603 5094 1704 5157 τῆς
1735 5088 1922 5164 κόρης.

301 5178 436 5245 Ζήτει
466 5177 556 5231 καὶ
588 5178 651 5231 τὸ
687 5177 746 5231 ιε’
772 5196 892 5252 xeo.
922 5180 1020 5231 τοῦ
1050 5182 1088 5230 Γ
1119 5177 1418 5251 στοιχείου.

603 5288 860 5340 ΚΕΦΔΛ.
901 5285 1004 5340 ῙΔ⁹.
1039 5283 1198 5358 Περί
1250 5283 1584 5359 μοιχείας.

370 5377 410 5428 Ο
469 5373 692 5443 Νύσσης
754 5370 924 5447 μέγας
998 5373 1298 5447 Γρηγόριος
1348 5375 1402 5428 ’ev
1460 5377 1540 5446 τῷ
1595 5372 1666 5429 δι’
1719 5373 1920 5442 κανόνι,

307 5464 492 5534 Ἦρεσε,
544 5463 701 5538 φησί,
751 5463 858 5516 τισί
909 5466 1018 5517 τῶν
1077 5457 1490 5536 ἀκριϐεστέρων,
1538 5463 1626 5518 καὶ
1673 5465 1736 5519 τὸ
1788 5465 1922 5518 κατά

310 5549 382 5616 τήν
421 5553 672 5624 πορνείαν
725 5551 1125 5625 πλημμέλημκ
1166 5553 1419 5626 μοιχείαν
1472 5553 1604 5608 εἶναι
1654 5553 1916 5625 νομίζειν,

315 5631 421 5693 διότι
477 5641 574 5713 μία
639 5642 783 5697 ἐστὶν
842 5643 878 5711 ἡ
934 5639 1169 5716 νόμιμος
1246 5644 1473 5717 συζυγία
1547 5643 1634 5699 καὶ
1703 5645 1914 5720 γυναικί

2034 4661 2343 4713 annorum,
2375 4645 2558 4712 vitiat,
2588 4645 2639 4702 si
2686 4646 2920 4717 quidem
2970 4642 3213 4716 virginis
3262 4647 3526 4714 parentes
3558 4641 3676 4695 hac

2033 4734 2328 4806 sponsalia
2379 4733 2695 4791 dissolvere
2758 4733 2981 4800 nolunt,
3033 4731 3391 4790 matrimonii
3446 4738 3677 4800 tempus

2031 4829 2340 4896 exspectet.
2373 4824 2472 4880 Sin
2526 4839 2656 4880 vero
2705 4830 2940 4896 propter
2994 4821 3422 4894 corruptionem
3471 4818 3675 4875 volunt

2031 4911 2365 4974 dissolvere,
2412 4913 2537 4969 sine
2584 4913 2999 4984 impedimento
3047 4911 3334 4983 ejusmodi
3384 4907 3672 4981 sponsalia

2029 4999 2440 5070 dissolvantur,
2496 5007 2553 5058 et
2607 5008 2906 5074 corruptor
2973 5001 3256 5073 suiipsius
3330 4995 3671 5054 substantia:

2030 5089 2258 5145 tertiam
2293 5095 2514 5162 partem
2544 5091 2786 5164 virginis
2817 5092 2965 5162 parti
3003 5092 3117 5146 det.
3146 5090 3346 5154 Quaere
3388 5096 3442 5142 et
3473 5085 3544 5140 15
3573 5101 3667 5141 ca-

2029 5183 2134 5249 put
2156 5178 2360 5234 iltterm
2393 5184 2451 5234 I‘.

2476 5287 2628 5344 CAP.
2661 5289 2804 5345 XIV.
2838 5291 2916 5347 De
2941 5287 3232 5345 adulterio.

2098 5375 2346 5446 Magnus
2368 5378 2680 5450 Gregorius
2701 5379 3066 5453 Nyssenusin
3090 5378 3262 5434 tertio
3282 5378 3410 5449 ejus
3421 5391 3666 5446 canone,

2024 5466 2270 5532 Placuit,
2301 5467 2514 5540 inquit,
2545 5471 2916 5528 subtiliorum
2943 5469 3219 5526 nonnulis
3265 5471 3440 5526 etiam
3489 5469 3664 5526 forni-

2022 5555 2268 5612 cationis
2299 5564 2598 5628 peccatum
2623 5561 2973 5617 adulterium
2997 5577 3122 5618 esse
3152 5562 3504 5628 existimare,
3526 5578 3660 5633 quo-

2019 5645 2175 5702 niam
2211 5662 2327 5702 una
2349 5651 2437 5704 est
2467 5648 2725 5722 legitima
2752 5651 3111 5723 conjunctio,
3142 5660 3196 5711 et
3229 5651 3493 5710 mulieris
3522 5667 3655 5708 cum
