4080 6224
339 380 414 442 31
1611 395 1664 454 Μ
1673 396 1878 457 ATTH
1888 397 1981 457 (ΕΙ

2100 396 2456 458 ρΑδΤΑΙίῙΞ
3650 399 3727 460 32

338 515 562 604 firmet
608 520 714 576 viri
744 535 874 576 cum
925 520 1183 578 muliere.
1217 527 1509 599 Quidquid
1561 548 1692 602 ergo
1740 551 1854 590 non
1895 533 1986 587 est

2100 529 2234 603 πρὸς
2287 525 2473 604 ἄνδρα,
2503 528 2594 583 καὶ
2651 525 2800 602 ἀνδρὶ
2857 528 2993 604 πρὸς
3047 533 3294 603 γυναῖκα.
3350 532 3459 584 [Ιᾶν
3527 529 3617 584 οῦν
3668 550 3730 588 το

339 585 688 678 1egitimum,
710 616 800 666 est
827 611 1066 668 omnino
1097 612 1203 686 legi
1237 621 1590 678 contrarium
1617 641 1632 690 ;
1655 628 1712 679 et
1741 625 1840 696 qui
1866 642 1980 681 non

343 697 518 754 habet
564 701 880 772 proprium,
914 700 1090 759 habet
1135 707 1374 766 omnino
1422 711 1698 768 alienum.
1748 713 1981 770 Homini

343 789 501 845 enim
551 805 724 845 unaa
778 794 890 846 Deo
937 793 1072 849 data
1117 801 1204 852 est
1249 799 1600 866 auxiliatrix,
1653 805 1709 858 et
1754 804 1982 860 mulieri

345 895 529 934 unum
557 879 890 951 appositum
921 887 1011 938 est
1039 891 1237 956 caput.
1270 888 1416 960 Ergo
1465 891 1512 946 si
1558 891 1694 963 quis
1743 894 1979 965 quidem

343 970 640 1038 proprium
674 985 772 1024 vas
801 987 974 1027 suum
995 974 1084 1043 (ut
1111 975 1343 1032 divinus
1363 979 1676 1050 Apostolus
1697 982 1983 1054 nominat)

343 1057 454 1114 sibi
485 1057 593 1129 ipsi
643 1061 988 1129 possederit,
1027 1063 1078 1119 ei
1125 1064 1212 1120 lex
1261 1071 1482 1124 natura:
1527 1071 1754 1140 justum
1807 1087 1980 1128 usum

343 1149 622 1204 concedit.
657 1149 715 1204 Si
747 1151 878 1222 quis
907 1157 1095 1209 autem
1131 1163 1290 1211 extra
1320 1159 1618 1230 preprium
1667 1177 1982 1218 conversus

343 1237 538 1304 fuerit,
561 1239 668 1294 erit
697 1241 932 1297 omnino
965 1243 1021 1298 in
1053 1243 1271 1314 alieno;
1321 1247 1376 1302 id
1427 1253 1618 1305 autem
1669 1251 1982 1324 unicuique

341 1327 597 1384 alienum
620 1335 726 1398 est,
751 1332 904 1400 quod
954 1350 1068 1388 non
1119 1343 1205 1389 est
1253 1337 1574 1410 proprium,
1597 1341 1823 1397 etiamsi
1855 1342 1981 1398 nul-

343 1417 463 1472 lum
494 1418 798 1474 dominum
827 1421 884 1474 in
917 1423 1177 1479 confesso
1207 1424 1434 1484 habeat.
1466 1427 1592 1484 Non
1640 1429 1808 1503 longe
1845 1448 1981 1502 ergo

344 1515 638 1576 apeccato
695 1508 960 1564 aduletrii
1009 1511 1446 1570 fornicationem
1505 1516 1723 1574 distare
1781 1521 1852 1576 ab
1909 1521 1983 1577 iis

341 1595 439 1666 qui
486 1611 606 1651 rem
664 1597 836 1666 paulo
893 1599 1231 1670 diligentius
1277 1605 1632 1674 examinant,
1683 1611 1981 1666 ostensum

342 1697 446 1761 est,
473 1711 606 1750 cum
639 1694 794 1752 dicat
821 1696 994 1752 etiam
1024 1715 1191 1756 saera
1217 1701 1531 1774 Scriptura.
1556 1705 1638 1760 Ne
1667 1705 1882 1762 multus
1902 1707 1984 1764 sis

343 1795 473 1833 cum
505 1779 710 1836 aliena.
747 1781 856 1837 Sed
891 1782 1022 1852 quia
1053 1801 1086 1839 a
1125 1785 1392 1842 Palribus
1440 1787 1801 1862 indulgentia
1833 1808 1986 1863 quie-

2095 618 2170 689 μή
2205 619 2462 690 νόμιμον,
2495 617 2808 692 παράνομον
2853 619 3088 686 πάντως,
3137 617 3228 672 καὶ
3285 618 3312 672 6
3361 619 3436 690 μὴ
3487 619 3548 674 τὸ
3599 616 3735 674 ἴδιον

2088 702 2235 784 ἔχων
2285 703 2500 776 δηλαδὴ
2559 706 2622 762 τὸ
2663 705 2958 782 ἀλλότριον
3003 703 3122 785 ἔχει
3155 725 3170 738 ·
3209 710 3288 778 τῷ
3334 707 3436 782 γὰρ
3467 707 3736 782 ἀνθρώπῳ

2093 793 2193 868 μία
2223 792 2434 850 δέδοται
2481 797 2630 872 παρά
2679 800 2775 852 τοῦ
2823 800 2958 852 Θεοῦ
3014 796 3240 870 βοηθός,
3269 795 3359 851 καὶ
3409 799 3478 870 τῇ
3526 797 3738 872 γυναικὶ

2093 882 2190 956 μία
2246 883 2584 961 ἑφήρμοσται
2651 885 2885 964 κεφαλή.
2945 883 3183 954 Ούκοῦν,
3241 884 3286 940 εἰ
3347 886 3442 958 μὲν
3517 907 3602 948 τις
3674 885 3739 940 τὸ

2088 973 2230 1031 ἴδιον
2281 974 2442 1030 αὐτοῦ
2485 980 2692 1048 σκεῦος,
2739 977 2917 1040 καθὼς
2975 975 3232 1050 ὀνομάζει
3280 976 3308 1030 6
3375 978 3517 1038 θεῖος
3569 976 3740 1033 Ἀπόο

2091 1063 2286 1126 στολος
2337 1064 2514 1136 ἑαυτῴ
2563 1066 2850 1136 κτήσαιτο,
2883 1071 3164 1142 συγχωρεῖ
3208 1067 3236 1120 6
3275 1067 3441 1139 νόμος
3487 1074 3590 1136 τῆς
3639 1067 3737 1144 φύ-

2088 1173 2226 1216 σεως
2281 1153 2380 1221 τὴν
2430 1151 2640 1210 δικαίαν
2692 1162 2913 1230 χρῆσιν.
2947 1155 3010 1214 Εἰ
3061 1153 3120 1211 δέ
3153 1178 3238 1220 τις
3291 1151 3392 1229 ἔξω
3447 1162 3544 1212 τοῦ
3593 1153 3735 1211 ἰδίου

2087 1243 2342 1318 τραπείη,
2391 1241 2442 1298 ἐν
2484 1243 2768 1318 ἀλλοτρίῳ
2813 1245 3028 1308 πάντως
3073 1247 3392 1321 γενήσεται·
3441 1243 3734 1320 ἀλλότριον

2089 1331 2147 1389 δὲ
2175 1335 2386 1408 ἑκάστῳ
2414 1341 2516 1390 πᾶν
2565 1336 2630 1390 τὸ
2685 1336 2761 1408 μή
2802 1331 2974 1403 Ἶδιον,
3007 1335 3102 1390 κᾶν
3158 1338 3234 1410 μή
3287 1335 3731 1410 ὁμολογούμενον

2089 1421 2192 1500 ἔχῃ
2223 1424 2316 1479 τὸν
2355 1424 2686 1497 κυριεύοντα.
2721 1424 2930 1480 Οὐκοῦν
2980 1423 3042 1478 οὐ
3085 1423 3275 1498 πόῤῥω
3313 1426 3408 1480 τοῦ
3445 1426 3580 1480 κατά
3633 1426 3734 1494 τήν

2093 1511 2356 1590 μοιχείαν
2403 1510 2898 1586 πλημμελήματος
2955 1514 3046 1568 καὶ
3113 1515 3148 1582 ἡ
3204 1513 3425 1588 πορνεία
3483 1519 3593 1576 ςοῖς
3644 1515 3736 1568 τὸν

2089 1597 2471 1676 ἀκριϐέστερον
2548 1601 2852 1673 ἐξετάζουσι
2920 1600 3186 1676 λογισμὸν
3251 1599 3496 1678 ἐδείχθη,
3546 1603 3740 1678 λεγοό-

2091 1711 2190 1761 σης
2215 1692 2436 1760 καὶτῆς
2470 1691 2612 1754 Θείας
2663 1695 2904 1770 Γραφῆς,
2935 1693 3026 1762 Μὴ
3075 1690 3250 1754 πολὺς
3294 1691 3413 1746 ’ίσθι
3453 1694 3588 1768 πρὸς
3638 1692 3742 1748 ἀλ-

2090 1779 2330 1854 λοτρίαν.
2383 1781 2538 1850 Πλὴν
2594 1781 2722 1836 ἀλλ’
2764 1777 2954 1850 ἐπειδὴ
3000 1786 3118 1844 τοῖς
3174 1781 3571 1856 ἀσθενεστέροις
3620 1782 3743 1857 ἐγέ-

341 1871 474 1924 dam
499 1885 778 1926 concessa
818 1871 929 1927 fuit
957 1873 1456 1943 imbecillioribus,
1488 1878 1573 1934 vel
1615 1880 1983 1937 administra-

2100 1871 2210 1926 νετό
2261 1891 2346 1932 τις
2408 1869 2553 1945 παρά
2633 1875 2741 1925 τῶν
2801 1869 3054 1946 Πατέρων
3111 1870 3510 1950 συμπεριφορά,
3562 1870 3740 1928 ε’ίτουν

343 1958 423 2015 tio
478 1963 531 2014 et
591 1959 890 2028 demissio,
945 1961 1284 2018 distinctum
1360 1969 1448 2021 est
1522 1973 1820 2039 peccatum
1878 1969 1986 2026 hac

346 2048 601 2120 generali
635 2049 944 2118 divisione,
979 2054 1126 2122 quod
1175 2054 1478 2112 fornicatio
1508 2058 1741 2128 quidem
1773 2059 1990 2116 dicitur

346 2136 609 2192 libidinis
659 2137 929 2209 expletio,
971 2156 1102 2210 quas
1145 2142 1212 2196 fit
1257 2142 1382 2198 sine
1419 2143 1540 2200 ulla
1589 2144 1837 2218 alicujus
1881 2147 1986 2202 viri

350 2225 602 2296 injuria;
635 2226 982 2284 adulterium
1032 2246 1185 2296 vero,
1227 2231 1450 2288 insidia:
1498 2239 1554 2290 et
1597 2234 1832 2306 injuria,
1863 2253 1986 2306 quae

353 2313 520 2372 alteri
576 2314 697 2372 viro
753 2316 1096 2374 inferuntur.
1130 2319 1461 2378 Universale
1511 2323 1683 2379 etiam
1741 2330 1832 2381 est
1859 2325 1988 2395 ejus

353 2405 694 2472 remedium,
728 2409 853 2462 uta
883 2407 1164 2466 concitata
1209 2410 1267 2466 in
1321 2411 1608 2482 ejusmodi
1665 2413 1989 2486 voluptates

354 2493 513 2550 rabie
535 2511 635 2566 per
663 2497 1063 2568 paenitentiam
1099 2497 1273 2555 homo
1305 2517 1483 2573 purus
1513 2501 1816 2559 efficiatur.
1843 2505 1985 2572 Quo-

353 2582 512 2639 niam
544 2589 737 2641 autem
773 2587 845 2641 ab
890 2585 962 2642 iis
1013 2587 1112 2659 qui
1163 2589 1536 2646 fornicatione
1584 2591 1790 2663 polluti
1827 2596 1986 2662 sunt,

349 2673 564 2742 injuria
595 2673 790 2745 aliqua
819 2691 951 2730 cum
987 2675 1095 2731 hoc
1123 2683 1352 2748 peccato
1385 2695 1496 2735 non
1540 2685 1629 2736 est
1658 2682 1984 2750 commissa,

349 2767 658 2834 propterea
702 2763 946 2836 duplum
1003 2767 1398 2824 conversionis
1449 2774 1682 2842 tempus
1729 2771 1800 2826 iis
1845 2789 1989 2843 prae-

349 2852 636 2923 scriptum
687 2859 798 2920 est,
847 2855 949 2926 qui
992 2855 1278 2912 adulterio
1316 2859 1604 2930 inquinati
1651 2865 1813 2929 sunt,
1845 2877 1988 2933 quo-

346 2941 502 2996 niam
537 2942 775 3013 duplum
805 2949 894 3000 est
923 2962 1122 3000 eorum
1153 2952 1452 3016 peccatum
1483 2967 1496 3015 ;
1531 2965 1708 3004 unum
1751 2951 1985 3022 quidem

346 3031 405 3087 in
436 3031 644 3088 illicita
674 3033 988 3106 voluptate,
1021 3035 1267 3092 alterum
1297 3043 1510 3106 autem,
1545 3040 1697 3110 quod
1739 3040 1800 3095 in
1829 3039 1989 3112 inju-

347 3121 452 3188 ria,
485 3139 609 3194 ηοω
662 3124 828 3180 alteri
885 3126 968 3192 fit,
1001 3127 1283 3182 consistit.
1322 3127 1464 3192 Quia
1506 3128 1686 3199 igitur
1727 3130 1825 3202 qui
1879 3131 1989 3186 for-

345 3211 634 3269 nicatione
659 3213 864 3284 polluti
911 3219 1068 3279 sunt,
1103 3221 1234 3286 post
1265 3232 1468 3273 novem
1499 3235 1683 3274 annos
1726 3235 1988 3275 commu-

348 3303 520 3358 nione
550 3303 706 3374 digni
723 3305 1082 3373 judicantur,
1103 3305 1372 3361 adulterii
1406 3315 1705 3378 peccatum
1727 3313 1986 3380 tempore

347 3391 696 3462 duplicatur,
745 3393 820 3448 ad
852 3393 1168 3450 octodecim
1226 3411 1414 3450 annos
1459 3400 1854 3467 protractum;
1908 3413 1992 3453 se-

347 3481 606 3536 cundum
639 3480 924 3554 inquinati
956 3488 1150 3539 autem
1191 3483 1651 3555 dispositionem,
1685 3485 1771 3541 vel
1816 3485 1990 3542 citius

345 3571 434 3626 vel
467 3568 686 3627 tardius
729 3571 882 3628 sacri
915 3572 1172 3640 mysterii
1225 3572 1584 3644 participatio
1633 3575 1986 3632 conceditur.

347 3662 548 3726 Quaere
574 3660 743 3716 etiam
767 3661 1021 3732 primum
1045 3663 1174 3731 ejus
1195 3678 1472 3718 canonem
1500 3661 1560 3717 in
1583 3663 1772 3734 primo
1804 3665 1992 3735 capite

347 3747 548 3803 litteras
577 3751 642 3803 A.

417 3837 664 3909 Magnus
696 3839 947 3894 Basilius
979 3839 1039 3895 in
1065 3841 1138 3894 58
1165 3855 1294 3896 can.
1329 3841 1652 3897 adulterum
1688 3859 1788 3915 per
1818 3843 1989 3915 quin-

345 3927 531 3984 decim
563 3945 746 3984 annos
773 3947 804 3982 ιι
837 3931 1245 3987 communione
1275 3931 1446 4000 ejicit.

423 4019 745 4074 Vicesimus
774 4022 1091 4092 Ancyranae
1122 4038 1251 4093 syn.
1284 4039 1438 4088 cau.,
1471 4022 1716 4078 adulteri
1750 4027 1806 4078 et
1834 4023 1994 4078 adul-

347 4113 480 4164 terze
513 4124 743 4180 panum
776 4110 845 4164 ad
875 4114 1099 4180 septem
1130 4127 1314 4167 annos
1340 4112 1708 4179 contrahens,
1740 4117 1869 4184 post
1897 4113 1994 4170 ho-

351 4212 483 4251 rum
524 4194 906 4268 expletionem
961 4197 1113 4268 quod
1161 4198 1481 4270 perfectum
1539 4208 1625 4256 est
1671 4200 1802 4258 illos
1848 4216 1996 4260 asse-

352 4285 449 4358 qui
477 4285 716 4357 dignum
749 4290 960 4342 censet.

419 4374 824 4446 Sexagesimus
876 4376 1098 4446 primus
1144 4392 1276 4433 vero
1325 4381 1659 4436 sanctorum
1710 4382 1997 4454 apostolo-

357 4479 510 4531 rum,
535 4479 671 4520 eum
703 4464 800 4536 qui
850 4465 1270 4535 fornicationis,
1302 4469 1392 4524 vel
1441 4469 1733 4540 adulterii,
1763 4471 1849 4526 vel
1901 4472 1994 4528 ali-

346 4555 519 4625 cujus
547 4552 700 4609 alius
731 4553 1033 4626 prohibitis
1061 4557 1306 4612 actionis
1347 4558 1653 4616 manifesto
1697 4560 1994 4617 convictus

2097 1960 2388 2031 οἰκονομία
2435 1959 2527 2014 καὶ
2589 1955 3002 2033 συγκατάϐασις,
3050 1957 3292 2036 διεκρίθη
3351 1959 3414 2016 τὸ
3473 1959 3741 2035 πλημμέ-

2098 2048 2255 2122 λημα
2303 2053 2372 2123 τῇ
2420 2053 2608 2124 γενικῇ
2659 2047 2918 2124 διαιρέσει
2963 2051 3159 2124 ταύτῃ,
3208 2051 3282 2112 ὡς
3337 2052 3585 2125 πορνείαν
3639 2053 3736 2126 μὶν

2100 2139 2348 2214 λέγεσθαι
2394 2141 2492 2207 τήν
2547 2141 2724 2218 χωρὶς
2770 2137 2981 2202 ἀδικίας
3031 2140 3214 2217 ἑτέρου
3271 2141 3566 2216 γινομένην
3629 2144 3737 2198 τινὶ

2094 2235 2196 2298 τῆς
2241 2227 2533 2302 ἐπιθυμίας
2595 2227 2963 2304 ἐκπλήρωσιν,
3017 2228 3266 2304 μοιχείαν
3335 2227 3412 2302 δὲ,
3457 2232 3559 2300 τήν
3618 2230 3737 2288 ἐπι-

2096 2311 2302 2387 ϐουλήν
2329 2336 2388 2372 τε
2435 2316 2524 2371 καὶ
2573 2315 2783 2373 ἀδικίαν
2811 2322 2909 2374 τοῦ
2955 2317 3276 2393 ἀλλοτρίου.
3319 2319 3416 2373 Καὶ
3462 2320 3734 2390 καθολική

2099 2405 2192 2480 μὲν
2244 2405 2354 2461 ἐστι
2415 2403 2615 2477 ταύτης
2677 2407 2953 2482 θεραπεία,
3009 2409 3072 2464 τὸ
3129 2415 3230 2478 τῆς
3286 2406 3558 2481 ἐμπαθοῦς
3607 2408 3738 2465 λύσ-

2098 2516 2220 2565 σης,
2249 2503 2350 2564 τῆς
2387 2495 2511 2569 περί
2561 2496 2656 2558 τὰς
2707 2497 2962 2560 τοιαύτας
3009 2495 3225 2568 ἡδονὰς,
3254 2499 3486 2572 καθαρὸν
3537 2497 3594 2554 ἐκ
3645 2521 3743 2574 με-

2094 2583 2384 2656 ταμελείας
2427 2585 2669 2658 γενέσθαι
2717 2587 2812 2641 τὸν
2872 2584 3180 2661 ἄνθρωπον.
3231 2589 3386 2644 Ἐπεὶ
3437 2585 3496 2642 δὲ
3535 2586 3640 2644 τῶν
3692 2588 3744 2643 ὲν

2095 2675 2324 2749 πορνείᾳ
2373 2673 2750 2746 μολυνθὲντων
2793 2673 2976 2732 ἀδικία
3015 2699 3100 2739 τις
3154 2679 3224 2750 τῇ
3288 2677 3528 2752 ἁμαρτίᾳ
3575 2679 3746 2754 ταύτῃ

2097 2763 2158 2819 οὐ
2207 2761 2640 2836 καταμέμικται,
2683 2762 2774 2820 διὰ
2819 2771 2982 2822 τοῦτο
3032 2763 3333 2821 διπλασίων
3387 2766 3597 2841 ὡρίσθη
3648 2775 3752 2837 τῆς

2095 2851 2430 2928 ἐπιστροφῆς
2462 2853 2491 2906 ὁ
2527 2853 2730 2926 χρόνος
2759 2857 2878 2915 τοῖς
2907 2851 2959 2907 ἐν
3014 2853 3239 2928 μοιχείᾳ
3272 2857 3598 2929 μιανθεῖσιν,
3631 2855 3750 2912 ἐπεὶ

2095 2941 2186 2996 καὶ
2234 2939 2405 3010 διπλῆ
2463 2943 2685 3005 τούτοις
2744 2945 2780 3012 ἡ
2823 2943 3088 3017 ἁμαρτία,
3133 2943 3229 3016 μία
3288 2946 3404 3016 μὲν,
3457 2948 3596 3001 κατὰ
3651 2949 3750 3018 τὴν

2094 3033 2326 3104 ἄθεσμον
2373 3029 2598 3100 ἡδονὴν,
2647 3031 2802 3104 ἒτέρα
2849 3027 2928 3101 δὲ,
2978 3033 3012 3100 ἠ
3071 3031 3204 3087 κατά
3258 3033 3358 3100 τὴν
3413 3038 3513 3088 τοῦ
3569 3033 3751 3090 ἀλλο-

2094 3121 2250 3194 τρίου
2298 3117 2511 3175 ἀδικίαν
2551 3121 2932 3192 σσνισταμὲνη.
2965 3121 3117 3178 Ἐπεὶ
3161 3121 3344 3176 τοίνυν
3396 3123 3448 3176 οἱ
3508 3121 3562 3178 ἐν
3605 3143 3750 3197 πορ-

2095 3207 2215 3279 νείᾳ
2303 3207 2658 3282 μολυνθέντες
2734 3206 2805 3263 δι’
2862 3209 2994 3264 ἐτῶν
3054 3209 3202 3264 ἐννέα
3280 3217 3381 3280 τῆς
3464 3213 3748 3273 κοινωνίας

2099 3297 2394 3367 ἀξιοῦνται,
2429 3301 2463 3367 ἡ
2505 3299 2644 3354 κατά
2689 3299 2790 3366 τὴν
2838 3297 3089 3373 μοιχείαν
3141 3300 3382 3373 αμαρτία
3437 3305 3516 3373 τῷ
3558 3300 3747 3376 χρόνῳ

2099 3383 2531 3458 διπλασιάζεται,
2586 3389 2662 3450 εἷς
2707 3386 2983 3443 δεκαοκτὼ
3059 3387 3290 3462 χρόνους
3357 3388 3744 3462 ἐκτει·θομὲνη’

2096 3477 2233 3551 πρὸς
2281 3473 2337 3530 δὲ
2388 3478 2486 3546 τὴν
2533 3481 2630 3532 τοῦ
2682 3475 3048 3550 μολυνθέντος
3096 3474 3354 3546 διάθεσιν,
3386 3480 3421 3549 ἢ
3457 3480 3676 3548 θᾶττον,
3709 3481 3744 3551 ἢ

2095 3561 2451 3640 βραδύτερον,
2504 3567 2540 3635 ἡ
2612 3569 2708 3620 τοῦ
2768 3564 2970 3641 ἀγαθοῦ
3033 3563 3292 3638 μετουσία
3351 3572 3746 3642 συγχωρεῖται.

2097 3655 2255 3722 Ζήτει
2306 3655 2396 3708 καὶ
2453 3654 2544 3710 τὸν
2595 3655 2642 3709 α’
2669 3652 2865 3709 τούτου
2912 3654 3108 3708 κανόνα
3155 3651 3208 3708 ἐν
3255 3657 3334 3725 τῷ
3378 3659 3428 3708 a'
3462 3653 3750 3733 κεφαλαίῳ

2096 3747 2193 3798 τοῦ
2223 3747 2268 3800 Α
2299 3745 2600 3820 στοιχείου.

2171 3835 2231 3890 Ὁ
2281 3830 2338 3887 δὲ
2381 3834 2542 3908 μέγας
2595 3833 2894 3904 Βασίλειος,
2928 3832 2979 3887 ἐν
3028 3837 3107 3905 τῷ
3155 3836 3234 3902 νη
3263 3833 3451 3889 κανόνι
3499 3834 3591 3888 τὸν
3633 3854 3752 3907 μοι·

2101 3922 2200 3997 χόν
2229 3923 2304 3985 εἰς
2337 3919 2621 3978 δεκαπέντε
2650 3919 2742 3992 ἔτη
2774 3929 2872 3991 τῆς
2902 3921 3187 3986 κοινωνίας
3219 3917 3501 3980 ἐκϐάλλει.

2173 4019 2228 4067 ‘0
2260 4013 2316 4069 δὲ
2375 4023 2473 4084 τῆς
2522 4016 2574 4070 ἐν
2629 4015 2869 4089 ’Λγκύρᾳ
2923 4017 2968 4070 κ’
3007 4015 3179 4069 κανὼν
3236 4019 3333 4070 τοῦ
3393 4020 3600 4089 μοιχοῦ
3657 4017 3746 4070 καί

2098 4112 2198 4173 τῆς
2280 4102 2614 4180 μοιχαλίδος
2669 4108 2731 4159 τὸ
2790 4103 3063 4176 ἐπιτίμιον
3123 4106 3320 4180 μέχρις
3379 4106 3422 4174 ζ’
3465 4103 3750 4168 συστείλας

2102 4193 2278 4262 ἔτους,
2312 4195 2446 4266 μετὰ
2491 4197 2588 4264 τήν
2638 4195 2841 4250 τούτων
2884 4195 3208 4269 ἐκμέτρησιν
3260 4195 3350 4249 καὶ
3397 4198 3493 4248 τοῦ
3528 4192 3747 4249 τελείου

2100 4291 2286 4360 τυχεῖν
2320 4283 2514 4347 αὖτοὺς
2545 4285 2708 4358 ἀξιοῖ.

2169 4375 2238 4430 ““Ο
2259 4395 2317 4450 γε
2361 4375 2470 4448 μὴν
2502 4376 2576 4447 ξα⁸
2603 4378 2708 4429 τῶν
2755 4373 2924 4448 ἁγίων
2973 4372 3297 4430 ἀποστόλων
3347 4373 3439 4428 τὸν
3488 4372 3576 4428 ἐπὶ
3620 4393 3744 4446 μοι-

2104 4467 2250 4542 χείᾳ,
2289 4467 2324 4535 ἢ
2385 4463 2630 4540 πορνείᾳ,
2685 4464 2720 4534 ἢ
2766 4462 3064 4536 οἷ’ᾳδήποτε
3121 4465 3460 4539 ἀπειρημένῃ
3535 4463 3746 4538 πράξει,

2101 4561 2344 4640 φανερῶς
2412 4553 2758 4632 ἐλεγχθέντα,
2811 4555 2888 4627 μὴ
2958 4553 3041 4608 ὅτι
3123 4575 3186 4630 γε
3264 4552 3340 4616 εἷς
3420 4553 3747 4626 ἱερωσύνην,

346 4643 537 4713 fuerit,
569 4660 685 4699 non
743 4643 934 4699 solum
983 4644 1044 4700 in
1103 4645 1512 4714 sacerdotium,
1545 4648 1646 4704 sed
1695 4665 1882 4723 neque
1928 4651 1985 4706 in

2100 4643 2227 4700 ἀλλ’
2285 4640 2408 4698 οὐδὲ
2465 4643 2541 4706 εἰς
2615 4641 2824 4719 κλῆρον
2895 4640 3150 4721 ἔρχεσθαι
3203 4642 3267 4698 τὸ
3325 4641 3554 4697 σύνολον
3607 4662 3743 4715 συγ·-

347 4732 564 4789 clerum
594 4732 834 4790 omnino
863 4735 1187 4804 promoveri
1215 4737 1498 4792 concedit.

417 4825 665 4880 Octavus
703 4823 1182 4880 Neocaesariensis
1231 4841 1359 4898 syn.
1411 4841 1621 4894 canon,
1652 4826 1987 4883 adulterata

352 4911 548 4968 uxoris
580 4912 875 4979 maritum,
909 4913 967 4967 in
1013 4914 1417 4986 cujuscunque
1465 4917 1682 4989 gradus
1739 4915 2000 4972 ministe.

357 5003 511 5058 rium
561 5001 712 5058 181
773 5003 1150 5072 constituere,
1177 5021 1292 5059 non
1349 5021 1478 5060 esse
1525 5005 1848 5078 legitimum
1883 5007 1998 5060 edi-

351 5093 476 5148 cit:
531 5109 698 5148 sacro
755 5093 1153 5158 verol’ordine
1209 5093 1523 5165 initiatum,
1568 5095 1618 5151 si
1679 5111 1818 5152 uxor
1867 5095 1996 5164 ejus

347 5183 674 5238 adulterata
731 5182 830 5250 sit,
901 5181 990 5238 vel
1047 5181 1208 5238 illius
1287 5186 1709 5240 consuetudine
1765 5174 1998 5259 sejungi

345 5271 528 5341 jubet,
557 5272 644 5327 vel
677 5271 933 5342 separari
968 5288 1084 5328 non
1129 5271 1410 5328 volentem
1464 5272 1780 5330 sacerdotio
1829 5291 1994 5332 amo-

345 5359 484 5414 veri.
515 5360 660 5415 Nam
693 5361 926 5432 polluta:
971 5361 1380 5432 conjunctione
1424 5363 1856 5418 contaminatus
1884 5381 1990 5420 non

349 5454 438 5504 est
457 5449 688 5519 dignus,
707 5451 973 5521 impurus
1005 5468 1136 5506 cum
1169 5452 1264 5520 sit,
1291 5469 1436 5522 pura
1464 5458 1521 5508 et
1549 5458 1749 5508 sancta
1779 5459 1990 5524 myste-

349 5537 858 5596 ria'contrectare.
891 5541 1009 5596 Etsi
1060 5541 1216 5596 enim
1266 5541 1387 5597 viro
1439 5541 1572 5597 licet
1619 5542 1746 5598 sine
1777 5541 1989 5597 discri-

350 5629 506 5683 mine
556 5627 936 5686 adulteratam
984 5631 1266 5704 accipere,
1319 5637 1377 5688 et
1424 5637 1724 5703 peccatum
1773 5631 1990 5689 condo-

349 5735 490 5776 nare
523 5735 536 5774 :
569 5721 810 5776 sacratis
836 5727 1034 5779 autem
1063 5722 1173 5780 hoc
1203 5739 1320 5781 non
1349 5723 1700 5787 conceditur,
1733 5723 1901 5796 juxta
1927 5723 1992 5779 18

2143 4753 2294 4788 ωοει.

2098 4751 2294 4807 χωρει.

2169 4825 2226 4876 Ὁ
2273 4817 2330 4876 δὲ
2383 4824 2437 4892 η’
2467 4827 2565 4890 τῆς
2608 4821 2659 4876 ἐν
2707 4821 3096 4896 Νεοκαισαρείᾳ
3143 4818 3372 4876 συνόδου
3421 4821 3597 4876 κανὼν
3656 4820 3748 4876 τὸν

2103 4918 2202 4982 τῆς
2253 4910 2638 4986 μοιχευθείσης
2685 4910 2938 4988 γυναικός
2990 4909 3177 4987 ἄνδρα,
3215 4913 3276 4966 οὐ
3343 4911 3568 4984 θεμιτὸν
3616 4911 3750 4965 εἶναι

2105 5001 2342 5070 θεσπίζει
2393 5003 2468 5064 εἷς
2530 5003 2823 5077 ὑπηρεσίαν
2885 5000 3231 5072 οἱουδήτινος
3291 5000 3426 5057 ίέναι
3495 5003 3747 5076 βαθμοῦ·

2104 5093 2196 5152 τόν
2252 5093 2307 5150 δὲ
2361 5095 2679 5170 ἱερωμένον,
2727 5103 2827 5165 τῆς
2892 5095 3144 5172 γυναικὸς
3213 5095 3378 5149 αὐτοῦ
3438 5092 3753 5169 μοιχευθεί·

2107 5184 2289 5258 angi}
2328 5181 2647 5260 διαζυγῆναι
2687 5185 2886 5256 ταύτης
2933 5183 3166 5255 κελεύει,
3197 5183 3233 5253 ἢ
3288 5185 3365 5256 μή
3415 5181 3753 5258 βουλόμενον

2105 5273 2426 5344 ἀποστῆναι,
2483 5279 2584 5343 τῆς
2664 5273 2962 5348 ἱερωσύνης
3029 5274 3371 5352 ἀφίστασθαι.
3430 5271 3756 5343 Μολυνόμεο

2101 5383 2194 5425 νος
2250 5361 2356 5438 γὰρ
2410 5367 2480 5437 τῇ
2544 5370 2644 5431 τῆς
2697 5364 3076 5436 μεμιασμένης
3124 5361 3342 5437 ὁμιλίᾳ,
3401 5362 3501 5416 οὐκ
3555 5360 3618 5414 ἃν
3664 5358 3745 5427 εἴη

2103 5449 2334 5522 δίκαιος,
2395 5453 2696 5526 ἀκάθαρτος
2764 5451 2860 5524 ὢν⁹
2918 5456 3048 5516 τῶν,
3109 5454 3356 5526 καθαρῶν
3419 5453 3513 5503 καῖ
3584 5445 3750 5522 ἁγίων

2105 5541 2418 5614 μυστηρίων
2472 5540 2817 5620 ἐφάπτεσθαι.
2855 5542 2916 5596 Εἰ
2959 5543 3062 5616 γὰρ
3108 5543 3198 5594 καὶ
3240 5535 3404 5610 ἔξεστι
3459 5541 3536 5606 τῷ
3594 5533 3750 5610 ἀνδρὶ

2101 5626 2396 5691 ἀκινδύνως
2459 5625 2761 5703 λαμϐάνειν
2833 5631 2933 5698 τήν
3013 5630 3414 5705 μοιχευθεῖσαν,
3471 5625 3556 5679 καὶ
3611 5645 3748 5699 συγ-

2104 5723 2308 5795 χωρεῖν
2363 5717 2426 5774 τὸ
2488 5717 2806 5794 ἁμάρτημα,
2861 5717 3010 5774 ἀλλά
3073 5724 3188 5782 τοῖς
3245 5715 3534 5796 ἱερωμένοι
3593 5717 3753 5770 τοῦτο
