4060 6228
291 385 357 447 33
1273 377 1713 442 SYNTAGMA
1753 380 2382 442 ALPHABETICUM.
2428 417 2504 426 —
2549 383 2625 443 M.
3561 391 3635 450 34

296 517 358 572 οὗ
403 511 765 583 δέδοται,κατά
810 511 902 566 τὸν
941 510 1229 566 κελεύοντα
1277 515 1350 582 ιη’
1390 511 1752 568 ἀποστολικὸν
1793 533 1888 568 κα-

2023 515 2384 586 ipostolicum
2443 531 2570 570 can.
2615 515 2708 586 qui
2754 516 2940 586 jubet,
2990 536 3124 575 cum
3163 522 3344 592 ejecta
3393 521 3634 576 muliere

303 605 436 674 νόνα,
475 604 538 676 μή
574 603 798 676 ἱερᾶσθαι
843 603 936 654 τὸν
989 596 1398 676 διαϐεϐλημένῃ
1449 604 1661 676 γυναικὶ
1709 623 1888 657 συνοι-

313 691 569 760 κοῦντα,ὂν
602 692 686 746 καί
732 693 886 762 ζήτει
939 690 994 746 ἐν
1038 695 1118 764 τῷ
1167 688 1213 745 δ’
1261 690 1456 766 κεφαλ.
1505 697 1604 746 τοῦ
1649 699 1683 746 l‘
1737 712 1888 747 στοι-

325 783 470 858 laico.

391 877 486 936 '03”:
516 879 665 954 μέγας
709 875 998 942 Βασίλειος
1039 877 1091 932 ἐν
1133 883 1213 950 τῷ
1259 876 1344 934 λδ¹
1375 879 1578 947 κανόνι,
1610 879 1712 942 Τὰς
1767 899 1890 951 μοι·

339 967 553 1043 γεσθείσας,
593 969 749 1047 φησὶ,
788 968 879 1022 καὶ
923 964 995 1022 δι’
1038 963 1322 1023 εὐλάϐειαν
1375 969 1464 1022 καὶ
1499 968 1591 1022 τὸν
1630 972 1730 1034 τῆς
1763 967 1894 1042 μελ-

340 1058 476 1126 λσῦσης
507 1057 730 1131 κρίσεως
777 1051 950 1134 φόϐον
989 1058 1088 1125 τὴν
1133 1056 1397 1130 ἁμαρτίαν
1443 1055 1892 1132 ἐξομολὸγουμέ-

332 1145 552 1214 ιιιςάκαὶ
605 1147 858 1200 ὁπωσοῦν
891 1143 1258 1222 ἐλεγχομένας
1315 1143 1418 1199 ὑπό
1473 1165 1533 1200 τε
1577 1150 1674 1198 τοῦ
1723 1141 1891 1220 ὄγκου

321 1237 437 1310 τσχὸν
476 1242 568 1305 τῆς
641 1235 898 1310 γαστρὸς,
956 1234 993 1303 ἢ
1049 1234 1140 1288 καὶ
1205 1233 1312 1288 ἀπὸ
1387 1237 1486 1288 τοῦ
1560 1235 1624 1288 τὸ
1694 1233 1892 1312 βρέφος

309 1327 548 1395 ἀποτεκεῖν,
597 1321 895 1396 ἀποδήμου
941 1325 1038 1378 τοῦ
1094 1320 1237 1378 ῗδίου
1305 1321 1457 1385 ὄντος
1515 1319 1733 1399 ἀνδρὸς,
1795 1323 1894 1378 οὐκ

300 1411 456 1490 ἔρισαν
490 1411 591 1468 δεῖν
637 1414 692 1468 οἱ
739 1410 970 1487 Ηατέρες
1023 1411 1219 1475 ταύτας
1275 1410 1642 1486 δημοσιεύειν,
1685 1409 1746 1467 ἐκ
1793 1416 1892 1467 τοῦ

295 1502 397 1566 τοὺς
420 1503 604 1568 τόπους
631 1507 742 1558 τῶν
775 1499 1070 1576 ἐπιτιμίων
1118 1502 1434 1578 ἀναγκάζειν
1475 1501 1641 1565 αὐτὰς
1677 1499 1889 1571 διϊέναι,

291 1595 365 1650 τὸν
402 1598 488 1649 τοῦ
539 1590 972 1668 προσκλαίοντός
1013 1613 1180 1670 φημι,
1224 1596 1322 1648 τοῦ
1370 1591 1742 1668 ἀκροωμένου,
1803 1591 1892 1646 καὶ

291 1687 367 1738 τοῦ
397 1681 804 1752 ὑπο-πίπτοντος,
833 1679 929 1736 ⁹ίνα
981 1683 1056 1754 μή
1101 1682 1332 1737 θανάτου
1385 1681 1557 1736 αἰτίαν
1601 1679 1894 1756 παράσχω-

291 1793 368 1846 μεν
405 1771 785 1848 ἐλεγχθείσαις.
837 1771 894 1825 Ὀ
938 1769 1043 1846 γὰρ
1080 1777 1180 1840 τῆς
1230 1772 1490 1842 τοιαύτης
1539 1771 1676 1844 ἀνὴρ
1720 1769 1891 1840 ἐξιοῦ-

286 1882 366 1917 σαν
410 1869 502 1932 τῆς
565 1860 858 1931 ἐκκλησίας
917 1861 1056 1933 ὁρῶν
1112 1861 1250 1933 μετά
1315 1865 1424 1915 τῶν
1479 1858 1531 1914 ἐν
1592 1858 1892 1932 ἐπιτιμίοις

285 1951 444 2021 ὄντων,
493 1951 580 2006 καὶ
637 1948 1089 2026 περιφανεστέρας
1161 1949 1224 2004 ού
1301 1947 1512 2016 δεηθεὶς
1594 1947 1892 2024 μαρτυρίας

281 2046 363 2096 τοῦ
405 2043 488 2097 τὸν
531 2041 710 2117 γάμον
757 2039 906 2110 αύτῷ
963 2035 1308 2115 διορυγῆναι,
1344 2039 1536 2094 αὐτίκα
1592 2036 1894 2112 διαχρήσε-

679 2130 894 2191 Μεστὸς
947 2129 1050 2204 γὰρ
1120 2128 1316 2198 ζήλου,
1359 2128 1496 2184 κατά
1560 2128 1656 2182 τὸν
1715 2125 1894 2182 Σολο-

279 2223 454 2290 prima,
503 2220 676 2292 θυμὸς
730 2216 924 2289 ἀνδρὸς
982 2217 1187 2288 αὐτῆς·
1236 2218 1405 2292 ταύτῃ
1463 2239 1548 2272 τοι
1597 2215 1688 2271 καί
1745 2213 1897 2271 συνί-

279 2151 350 2184 ται
401 2131 588 2200 ταύτην
609 2151 624 2163 ο

2000 603 2370 659 matrimonio
2417 605 2790 674 conjunctum
2856 623 2971 662 non
3040 608 3160 664 fieri
3189 613 3580 680 {sacerdotem
3619 627 3632 675 ;

1999 708 2170 764 quem
2203 693 2374 748 etiam
2407 710 2630 766 quaeras
2657 693 2714 749 in
2741 696 2772 748 4
2798 711 2924 768 cap.
2959 698 3041 753 lit.
3073 702 3132 752 Γ.

2069 783 2318 854 Magnus
2347 782 2600 839 Basilius
2627 784 2688 838 in
2719 785 2788 839 34
2818 802 2969 854 can.,
3012 787 3308 845 Adulterio
3357 789 3630 862 pollutas,

2000 871 2212 944 inquit,
2244 877 2301 928 et
2329 873 2401 928 ob
2435 873 2709 944 pietatem
2739 882 2796 930 et
2825 874 3002 931 futuri
3027 877 3230 946 judicii
3263 883 3482 936 metum
3517 896 3638 952 pec-

2001 966 2196 1016 catum
2230 961 2592 1030 confitentes,
2631 961 2720 1019 vel
2761 965 3278 1038 quomodoounque
3320 969 3636 1038 convictas,

1999 1050 2180 1106 veluti
2211 1052 2284 1106 ab
2317 1050 2463 1107 uteri
2496 1057 2746 1120 tumore,
2778 1052 2863 1108 vel
2913 1055 3085 1110 etiam
3127 1057 3197 1112 ab
3241 1057 3392 1113 edito
3441 1062 3635 1128 partu,

2001 1140 2144 1195 dum
2176 1139 2370 1196 mariti
2416 1156 2616 1196 earum
2651 1141 2818 1214 longe
2851 1145 3307 1212 peregrinantur,
3343 1147 3638 1213 publicare

2001 1244 2117 1284 non
2165 1230 2423 1284 siverunt
2472 1229 2669 1285 Patres
2715 1231 2917 1298 nostri,
2961 1249 3260 1304 poenarum
3314 1236 3468 1291 locos
3509 1235 3639 1292 illas

2001 1319 2229 1390 ingredi
2285 1321 2565 1392 cogendo,
2634 1321 2826 1376 ﬂentis
2883 1321 3170 1388 videlicet,
3231 1325 3544 1394 audientis,
3585 1328 3643 1383 et

2002 1409 2300 1476 substrati,
2329 1424 2401 1464 ne
2431 1409 2710 1466 convictis
2747 1411 2948 1467 mortis
2989 1428 3222 1468 causam
3258 1414 3639 1486 praebeamus.

2005 1497 2168 1553 Illius
2197 1497 2354 1553 enim
2385 1499 2648 1567 maritus,
2674 1499 2862 1570 ipsam
2886 1504 3050 1557 extra
3070 1502 3327 1560 ecclesiae
3355 1507 3642 1564 ambitum

2001 1593 2312 1642 exeuntum
2336 1586 2556 1656 videns,
2588 1603 2723 1644 cum
2755 1588 2828 1643 iis
2858 1590 2956 1660 qui
2992 1592 3179 1660 poenis
3229 1593 3638 1663 subjiciuntur,

2002 1680 2059 1731 et
2090 1675 2589 1732 manifestioribus
2620 1677 2970 1734 testimoniis
2995 1697 3107 1736 non
3131 1697 3330 1754 egens,
3353 1685 3508 1755 quod
3534 1702 3646 1741 ma-

2002 1763 2261 1820 trimonii
2317 1763 2476 1836 leges
2527 1765 2782 1833 violavit,
2832 1767 3030 1824 statim
3073 1770 3234 1825 illam
3283 1772 3642 1834 interﬁciat:

1928 1896 1970 1961 Β
2004 1854 2210 1924 plenus
2253 1854 2408 1910 enim
2456 1855 2595 1924 zelo,
2623 1857 2790 1926 juxta
2825 1857 3206 1929 Salomonem,
3257 1863 3490 1919 animus
3536 1865 3643 1920 viri

2002 1943 2209 2015 ipsius.
2249 1944 2500 2015 [deoque
2547 1946 2870 2002 consistere
2916 1948 3152 2018 quidem
3197 1967 3331 2006 cum
3379 1952 3646 2011 ﬁdelibus

2001 2032 2374 2101 ordinarunt,
2399 2039 2455 2088 et
2505 2051 2622 2090 una
2671 2035 2888 2104 precari
2935 2037 3160 2108 absque
3209 2043 3643 2115 communione,

2003 2121 2188 2178 donec
2217 2121 2509 2193 expletum
2547 2125 2716 2178 fuerit
2747 2125 3095 2196 poenitentiae
3141 2133 3392 2201 tempus.

276 2312 464 2363 στασθαι
515 2315 638 2372 τοῖς
695 2313 914 2370 πιστοῖς
970 2307 1240 2380 ἐπέταξαν,
1299 2308 1388 2362 καὶ
1464 2305 1815 2381 συνεύχεσθαι
1893 2303 2071 2380 χωρὶς
2141 2303 2448 2371 κοινωνίας,
2505 2302 2672 2378 ἄχρις
2729 2303 2789 2357 ἂν
2846 2307 2874 2359 ὁ
2933 2313 3034 2376 τῆς
3097 2311 3375 2381 μετανοίας
3442 2311 3639 2390 χρόνος

274 2395 320 2450 ἐκ
327 2417 438 2472 μετρ
445 2419 475 2466 η
482 2399 548 2470 θῇ
557 2441 572 2453 .

334 2490 409 2542 Ἐν
453 2485 508 2542 δὲ
537 2492 618 2559 τῷ
651 2486 760 2558 λζ’,
791 2487 849 2540 '0
889 2485 1156 2560 ἀλλοτρίᾳ
1186 2490 1422 2561 γαμετῇ,
1453 2487 1488 2556 ἢ
1547 2505 1885 2559 μεμνηστευ-

282 2578 390 2649 μὲ-οῃ
441 2577 604 2652 ἑτέρῳ
659 2575 1148 2653 συμοθειρόμενος,
1179 2577 1292 2645 καὶ,
1355 2575 1487 2648 μετὰ
1541 2577 1604 2629 τὸ
1663 2574 1890 2671 ἀφαιρεῖ

281 2666 408 2734 θῆναι
474 2667 707 2735 ταύτην,
779 2670 995 2740 γαμετῇ
1063 2667 1409 2734 συνοικήσας,
1493 2663 1582 2720 ἐπὶ
1653 2665 1746 2734 μὲν
1820 2663 1888 2736 τῇ

279 2755 438 2828 πρώτῃ
497 2754 757 2830 μοιχείαν
817 2753 1257 2829 ἒγκληθήσεταιο
1316 2753 1405 2808 ἐπὶ
1455 2751 1510 2806 δὲ
1557 2755 1626 2824 τῇ
1675 2750 1893 2824 δευτέρᾳ

277 2841 580 2915 ἀνέγκλητος
611 2842 764 2912 ἔστα,
807 2839 1068 2917 ἐλευθέρᾳ
1099 2840 1232 2914 οὔσῃ
1254 2839 1464 2918 ἀνδρός.

334 2933 407 2987 Ἐν
463 2931 518 2990 δὲ
572 2938 658 3004 τῷ
716 2932 817 2990 λθ’.
848 2933 913 2988 Ἦ
969 2939 1049 3005 τῷ
1111 2937 1300 3006 μοιχῷ
1357 2935 1572 3002 συζῶσα
1629 2929 1893 3009 μοιχαλίς

276 3018 388 3087 ἐστι,
418 3023 568 3098 φησί,
593 3018 877 3077 τουτέστιν
932 3023 968 3090 ἡ
1031 3022 1383 3097 μοιχευθεῖσα
1435 3041 1563 3089 τινι,
1613 3020 1702 3074 καὶ
1764 3019 1898 3091 μετά

273 3111 472 3168 θάνατον
500 3117 600 3168 τοῦ
641 3112 884 3185 νομίμου
933 3108 1122 3186 ἀνδρὸς
1162 3115 1242 3182 τῷ
1296 3109 1504 3185 μοιχῷ,
1537 3109 1694 3184 νόμῳ
1737 3107 1894 3177 δῆθεν

2072 2483 2132 2538 In
2165 2483 2234 2537 37
2255 2499 2427 2538 vero:
2460 2483 2568 2546 Qui
2599 2483 2845 2540 alienam
2899 2505 3131 2546 uxorem
3185 2493 3268 2548 vel
3312 2495 3488 2552 alicui
3541 2499 3642 2554 de-

2001 2577 2340 2644 sponsatam
2373 2575 2710 2646 corrumpit,
2733 2581 2790 2631 et
2815 2583 3123 2649 postquam
3147 2599 3214 2638 ea
3234 2585 3423 2641 ablata
3446 2587 3644 2660 fuerit,

2004 2678 2238 2718 uxorem
2267 2663 2444 2731 ducit,
2479 2661 2537 2718 in
2570 2663 2757 2734 prima
2789 2666 3020 2736 quidem
3054 2671 3324 2728 adulterii
3355 2678 3647 2733 accusabi-

2005 2760 2133 2817 tur;
2165 2751 2224 2805 in
2243 2752 2500 2807 secunda
2532 2759 2722 2809 autem
2757 2769 2886 2811 rens
2920 2773 3034 2814 non
3069 2767 3290 2833 agetur,
3323 2765 3490 2821 uxo'a
3523 2767 3646 2824 viro

2005 2841 2208 2896 libera.

2077 2929 2140 2985 In
2169 2930 2240 2983 39
2293 2929 2488 2998 etiam,
2539 2932 2673 2997 Quae
2719 2933 2878 3005 vivit,
2930 2936 3139 3009 inquit,
3189 2957 3322 2996 cum
3365 2943 3648 3014 adultero,

2005 3019 2271 3074 adultera
2303 3022 2437 3086 est;
2473 3020 2528 3074 id
2570 3027 2678 3087 est,
2721 3039 2846 3092 quae
2897 3041 3030 3080 cum
3078 3028 3273 3100 aliquo
3327 3031 3650 3090 adulterata

2007 3110 2118 3172 est,
2160 3110 2217 3162 et
2246 3111 2376 3177 post
2406 3107 2648 3177 legitimi
2687 3112 2778 3165 sui
2833 3115 3028 3170 mariti
3077 3123 3318 3174 mortem
3370 3119 3651 3190 adultero,

272 3199 429 3274 γςίμου
468 3207 731 3276 μιγεῖσα·
781 3201 847 3256 ού
890 3201 995 3276 γὰρ
1043 3205 1410 3274 συγχωρεῖται
1467 3199 1645 3272 τούτῳ
1710 3217 1894 3252 συνοι-

2023 3195 2362 3250 natrimonii
2393 3195 2613 3252 scilicet
2659 3197 2805 3270 lege,
2838 3204 3148 3272 conjuncta
3179 3212 3286 3262 est.
3320 3207 3445 3265 Non
3495 3212 3650 3268 enim

271 3295 366 3343 κεῖν
416 3293 451 3360 ἡ
505 3289 763 3361 τοιαύτη,
814 3287 938 3344 οὔτε
1011 3291 1155 3365 παρὰ
1223 3293 1334 3344 τῶν
1391 3291 1492 3354 τῆς
1522 3285 1894 3360 ,Ἐκκλησίας,

273 3376 379 3433 οὔτε
421 3383 565 3455 παρὰ
610 3385 723 3435 τῶν
772 3377 1074 3435 πολιτικῶν
1115 3378 1337 3452 νόμων·
1386 3379 1476 3432 καὶ
1527 3377 1571 3432 εἰ
1634 3379 1710 3450 μὴ
1757 3377 1899 3430 ἀπο-

273 3473 436 3540 σταίη,
465 3469 528 3524 οὗ
574 3469 765 3525 λύεται
813 3469 1016 3538 ταύτης
1063 3470 1098 3537 ἡ
1131 3469 1391 3542 ἁμαρτία,
1419 3467 1507 3522 καί
1558 3466 1601 3522 εἷ
1635 3466 1730 3521 τὸν
1764 3463 1899 3540 χρό-

273 3577 346 3612 νον
391 3556 690 3613 ἐπιτελέσειε
741 3562 850 3612 τῶν
901 3555 1211 3630 ἐπιτιμίων.
1246 3559 1403 3627 Ζήτει
1451 3557 1541 3612 καὶ
1587 3555 1651 3611 τὸ
1699 3557 1738 3609 ε’
1778 3574 1896 3631 κειρ.

275 3650 356 3700 τοῦ
384 3653 418 3702 Γ
448 3647 756 3726 στοιχείου,
790 3645 938 3702 ἀλλά
969 3643 1036 3714 δὴ
1067 3645 1156 3700 καὶ
1188 3647 1251 3700 τὸ
1283 3653 1368 3708 ις’.

954 3733 1198 3808 Νόμυμ

337 3827 397 3881 Ὀ
423 3824 510 3881 ἐπὶ
552 3823 785 3903 μοιχείᾳ
819 3825 1070 3900 γυναικὸς
1117 3823 1520 3899 κατηγορηθεὶς
1570 3824 1632 3878 ob
1681 3817 1903 3875 δύναται

275 3914 460 3984 ταύτην
485 3915 733 3991 γαμετὴν
763 3912 1076 3991 ἀγαγέσθαι.

341 4004 537 4066 Πάντας
597 4005 718 4058 ὅσοι
776 4004 875 4066 τάς
942 4009 1196 4080 γυναῖκας
1269 4003 1444 4057 αὐτῶν
1504 3998 1905 4075 μοιχευομένας

275 4091 600 4166 εὑρίσκοντες
658 4095 732 4168 μή
795 4092 1120 4164 ἀπολύουσι,
1169 4093 1528 4166 τιμωρεῖσθαι
1587 4091 1904 4164 κελεύομεν.

279 4178 647 4256 Πορνοϐοσκός
709 4181 850 4237 ἐστιν
901 4183 930 4237 ὁ
973 4185 1072 4252 τὴν
1119 4183 1314 4238 ἑαυτοῦ
1379 4182 1623 4256 γαμετὴν
1678 4198 1908 4254 μοιχευ-

277 4271 437 4325 θεῖσαν
469 4273 548 4344 μὴ
578 4269 879 4340 ἀπολύσας,
915 4269 976 4324 ού
1010 4271 1117 4344 μὴν
1151 4271 1180 4324 6
1209 4268 1389 4344 ψιλῶς
1421 4267 1785 4328 ὑποπτεύσας.

343 4358 513 4416 Ἀλλά
556 4363 742 4430 τανῦν,
789 4359 880 4414 καὶ
941 4361 1078 4432 μετὰ
1120 4359 1224 4427 τήν
1263 4354 1582 4426 καταδίκην,
1615 4354 1831 4410 δύναται
1879 4355 1908 4409 ὁ

277 4447 400 4524 ἀνὴρ
445 4445 740 4504 ἀναλαϐεῖν
787 4447 848 4504 ἐκ
893 4453 992 4504 τοῦ
1043 4447 1408 4522 μοναστηρίου
1451 4448 1551 4516 τὴν
1603 4446 1914 4520 μοιχευθεῖ·

280 4560 365 4594 σαν
421 4539 586 4596 αύτοῦ
653 4544 907 4616 γυναῖκα,
963 4540 1098 4594 κατὰ
1165 4539 1268 4608 τὴν
1327 4539 1425 4614 ριζ¹
1485 4534 1909 4593 Ἰουστινιάνειον

2007 3284 2108 3340 illa
2138 3301 2255 3340 una
2287 3301 2422 3340 cum
2455 3301 2523 3341 eo
2539 3286 2730 3342 vivere
2755 3293 3132 3364 permittitur,
3159 3313 3346 3369 neque
3375 3299 3448 3354 ab
3479 3300 3654 3356 eccle-

2009 3373 2261 3430 siasticis
2293 3390 2480 3446 neque
2505 3392 2539 3430 a
2568 3375 2832 3433 civilibus
2877 3379 3121 3453 legibus,
3155 3391 3211 3440 et
3242 3388 3354 3442 nisi
3386 3389 3650 3457 desistat,

2007 3463 2137 3532 ejus
2177 3471 2475 3534 peccatum
2508 3480 2620 3520 non
2655 3465 2914 3536 solvitur,
2937 3469 3068 3525 licet
3093 3489 3395 3544 pmnarum
3421 3485 3654 3550 tempus

2013 3552 2330 3622 perfecerit.
2365 3553 2566 3617 Quaere
2605 3557 2662 3610 et
2688 3556 2724 3609 5
2755 3572 2883 3629 cup.
2919 3559 2998 3618 lit.
3035 3565 3092 3629 Γ,
3117 3563 3256 3634 quin
3283 3570 3340 3621 et
3371 3567 3454 3620 16.

2754 3739 2932 3809 Leges.

2086 3821 2193 3886 Qui
2225 3821 2497 3879 adulterii
2537 3839 2672 3880 cum
2711 3828 2950 3884 muliere
2980 3831 3274 3888 commissi
3325 3841 3654 3908 accusatur,

2014 3909 2176 3965 illam
2207 3927 2445 3968 uxorem
2477 3913 2688 3971 ducere
2721 3932 2834 3972 non
2876 3924 3087 3990 potest.

2087 4000 2428 4071 Quicunque
2450 4017 2658 4060 uxores
2683 4022 2818 4061 suas
2840 4009 3164 4068 adulterare
3193 4013 3657 4089 deprehendunt,

2015 4093 2198 4144 etnon
2216 4089 2538 4159 dimittunt,
2557 4093 2747 4169 puniri
2763 4097 3168 4167 eosjubemus.
3191 4102 3346 4160 Leno
3367 4107 3522 4162 enim
3547 4118 3655 4176 est,

2015 4177 2112 4250 qui
2145 4179 2441 4250 propriam
2484 4199 2653 4238 suam
2697 4201 2924 4242 uxorem
2969 4189 3350 4250 adulteratam
3398 4213 3512 4252 non
3564 4199 3647 4253 di-

2017 4266 2200 4322 mittit
2231 4284 2387 4338 ;non
2417 4283 2552 4325 vero
2583 4271 2678 4342 qui
2705 4277 2938 4331 tantum
2970 4289 3294 4352 suspectam
3319 4283 3512 4342 habet.

2091 4357 2256 4415 Nunc
2277 4364 2494 4428 autem,
2525 4365 2584 4417 et
2613 4366 2745 4432 post
2791 4367 3360 4441 condemnationem,
3391 4373 3476 4430 vir
3514 4393 3658 4432 uxo-

2017 4461 2140 4502 rem
2170 4462 2333 4504 suam
2365 4449 2686 4507 adulteram
2709 4467 2779 4509 ex
2797 4459 3150 4516 monasterio
3171 4463 3432 4534 accipere
3454 4469 3660 4536 potest,

2015 4537 2178 4606 juxta
2209 4537 2310 4591 117
2337 4537 2657 4597 Justiniani
2683 4544 2994 4613 novellam,
3019 4565 3146 4620 quae
3169 4551 3342 4608 dicit:
3375 4555 3660 4610 Jubemus

279 4630 482 4704 νεαρὰν,
563 4627 894 4702 Κελεύομεν,
979 4626 1271 4704 λέγουσαν,
1305 4707 1316 4709 Α
1345 4628 1443 4695 τήν
1533 4624 1901 4698 μοιχευθεῖσαι

2023 4624 2328 4682 mulierem
2382 4627 2710 4686 adulteram
2770 4610 3056 4707 congruis.
3119 4639 3302 4709 pmnis
3372 4644 3661 4698 subditam

280 4723 516 4792 γυναῖκα,
565 4721 689 4777 ταῖς
735 4715 1142 4789 προσηκούσαις
1179 4707 1641 4786 ὑποϐαλλομένην
1689 4713 1915 4778 τοιναῖς,

287 4807 632 4878 μοναστηρίῳ
687 4800 1089 4878 ἐμϐάλλεσθαι·
1139 4803 1231 4858 καὶ
1279 4803 1324 4858 εί
1375 4803 1466 4876 μὲν
1501 4799 1631 4856 εἶ’σω
1661 4798 1859 4862 διετίας
1887 4799 1916 4852 6

285 4896 408 4972 ἀνὴρ
439 4899 610 4968 αὐτὴν
659 4891 948 4952 ἀναλαϐεῖν
997 4893 1327 4971 βουληθείη,
1357 4893 1597 4964 ἐξουσίαν
1638 4893 1788 4962 αύτῷ
1836 4888 1918 4944 δί-

287 4982 439 5059 δομεν
467 4991 636 5042 τοῦτο
683 4991 878 5056 ποιεῖν,
909 4985 998 5040 καὶ
1049 4988 1318 5039 συνοικεῖν
1363 4981 1523 5054 αὐτῇ,
1559 4978 1765 5054 μηδένα
1808 4980 1920 5035 κίν-

288 5073 431 5132 δυνον
467 5075 709 5132 ἐντεῦθεν
753 5069 1178 5148 εὐλαϐουμένῳο
1226 5072 1288 5127 ού
1333 5071 1436 5148 γὰρ
1483 5066 1921 5126 καταϐλάπτεταί

293 5167 514 5241 ὂγάμος
576 5163 669 5220 διὰ
720 5164 790 5219 τὰ
845 5163 899 5218 ἐν
954 5167 1034 5235 τῷ
1094 5162 1290 5236 μεταξὸ
1343 5161 1625 5238 γεγονότα.
1682 5159 1742 5214 Εἰ
1797 5157 1856 5213 δὲ
1893 5159 1922 5212 6

294 5257 682 5332 προειρημένος
707 5273 720 5286 °
755 5253 956 5330 χρόνος
983 5251 1270 5328 παρέλθοι,
1317 5252 1346 5322 ἢ
1380 5251 1408 5306 6
1439 5251 1598 5326 ἀνὴρ,
1625 5247 1753 5324 πρὶν
1789 5247 1924 5302 ἀνα-

297 5341 466 5402 λαϐεῖν
530 5345 726 5416 αὐτὴν,
775 5343 1144 5414 τελευτήσειε.
1189 5339 1488 5414 κελεύομεν
1546 5339 1926 5414 ἀποκείρεσθαι

295 5435 380 5504 τὴν
407 5441 662 5511 γυναῖκα,
693 5432 787 5487 καὶ
812 5432 876 5486 τὸ
903 5431 1208 5508 μοναχικὸν
1237 5435 1433 5530 σχῆμα
1463 5423 1789 5530 λαμϐάνειν.
1869 5515 1882 5530 ἢ

359 5523 415 5578 Ei
444 5524 572 5600 περὶ
607 5519 866 5598 μοιχείας
896 5522 925 5576 6
955 5521 1088 5596 ἀνὴρ
1119 5519 1497 5592 κατηγορήσας
1527 5522 1627 5586 τῆς
1668 5519 1926 5592 γυναικὸς

310 5611 618 5690 ὰτιιλέγεειε,
671 5615 983 5682 νηνικαῦτα,
1037 5611 1330 5686 χωρισμοῦ
1397 5605 1714 5682 γενομένου,
1781 5602 1928 5679 ἔχειν

315 5701 380 5760 τὸν
423 5701 590 5781 ἄνδρα
636 5699 958 5779 κελεύομεν,
987 5701 1123 5781 πρὸς
1163 5700 1232 5776 τῇ
1263 5697 1369 5777 πρὸ
1396 5695 1576 5776 γάμου
1607 5692 1808 5771 δωρεᾷ,
1837 5693 1928 5752 καὶ

2023 4711 2085 4767 in
2116 4716 2532 4772 monasterium
2564 4719 2772 4789 conjici
2806 4738 2820 4776 :
2854 4728 2911 4778 et
2939 4724 2988 4780 si
3028 4726 3179 4783 intra
3208 4729 3506 4786 biennium
3537 4749 3666 4787 ma—

2026 4803 2174 4858 ritus
2205 4804 2339 4860 velit
2365 4821 2492 4863 eam
2535 4811 2830 4880 reducere,
2864 4815 3072 4872 damus
3103 4818 3154 4872 ei
3185 4825 3524 4888 potestatem
3558 4823 3668 4878 hoc

2028 4894 2298 4963 faciendi,
2331 4906 2386 4951 et
2417 4915 2532 4956 una
2579 4917 2716 4958 cum
2761 4921 2829 4961 ea
2876 4905 3197 4978 habitandi,
3254 4913 3413 4969 nullo
3460 4914 3666 4970 exinde

2027 4981 2374 5041 imminente
2402 4986 2486 5043 illi
2518 4991 2790 5060 periculo.
2828 4995 3066 5053 Nullum
3089 5001 3242 5054 enim
3268 5003 3667 5073 praejudicium

2031 5072 2244 5144 accipit
2273 5076 2712 5136 matrimonium
2745 5099 2814 5137 ex
2857 5083 2949 5140 his
2999 5103 3126 5158 quae
3177 5072 3672 5164 medioitemporo

2033 5161 2150 5217 fata
2182 5171 2340 5220 sunt.
2379 5166 2480 5221 Sin
2531 5173 2726 5225 autem
2775 5175 3114 5242 praedictum
3165 5186 3392 5248 tempus
3435 5161 3674 5252 praeter-

2032 5249 2188 5317 ierit,
2246 5257 2348 5308 aut
2412 5256 2680 5326 maritus,
2746 5261 3086 5333 priusquam
3143 5264 3300 5320 illum
3372 5249 3672 5340 receperit,

2033 5339 2260 5408 abierit,
2285 5341 2560 5412 jubemus
2589 5351 2654 5402 ut
2695 5351 3005 5406 tondeatur
3055 5352 3282 5421 mulier,
3316 5360 3372 5410 et
3406 5339 3669 5414 habitum

2036 5429 2422 5487 monasticam
2451 5431 2670 5492 induat.

2107 5516 2259 5574 185
2308 5519 2367 5574 Si
2416 5519 2687 5580 adulterii
2743 5525 2830 5580 vir
2897 5544 3128 5585 uxorem
3187 5547 3354 5589 suam
3389 5535 3676 5593 damnans

2037 5605 2372 5677 oonvicerit,
2429 5613 2556 5668 tum
2613 5614 2974 5686 separatione
3040 5617 3194 5676 facta
3257 5623 3536 5693 jubemus
3587 5627 3676 5680 vi-

2039 5711 2168 5753 rum
2199 5703 2408 5769 praeter
2436 5700 2808 5763 donationem
2833 5710 2967 5764 ante
2989 5710 3227 5783 nuptias
3257 5713 3467 5772 iactam
3498 5715 3673 5773 etiam
