4080 6224
396 369 472 428 35
703 375 706 379 ’
1660 367 2015 429 ΜΑΤἸἪᾸΕῙ

2137 365 2508 430 LASTARIS
3229 379 3248 406 ο
3711 361 3790 422 36

395 497 590 554 dotem
620 497 832 555 habere
861 515 874 556 :
908 501 964 556 et
993 499 1062 554 ad
1096 499 1224 567 hoc,
1249 497 1302 554 si
1333 498 1483 556 ﬁlios
1516 515 1631 557 non
1659 500 1890 562 habeat.
1915 509 2015 556 tan!

2144 499 2244 567 τήν
2275 503 2475 572 προῖκα
2500 514 2510 528 ⁸
2549 492 2639 549 καὶ
2670 493 2804 568 πρὸς
2835 493 3070 561 τούτοις,
3093 491 3141 546 εἷ
3169 487 3369 553 παῖδας
3401 492 3479 566 μή
3512 489 3789 568 ἕχοι,τοσ-

395 589 523 642 tum
554 589 814 660 accipere
844 601 914 642 ex
961 586 1077 642 alia
1117 587 1311 644 uxoris
1359 589 1708 658 substantia,
1750 597 2038 663 quantum

397 675 549 732 dotis
595 677 766 732 tertia
813 692 949 746 pars
1007 692 1137 733 esse
1184 679 1576 750 cognoscitur,
1627 683 1691 736 ut
1738 679 1864 748 ejus
1913 693 2037 750 pro-

397 765 630 834 prietati
657 771 715 821 et
744 767 849 823 dos
877 775 932 822 et
963 784 997 822 a
1027 767 1196 826 nobis
1227 769 1468 826 deﬁnita
1501 785 1668 842 pmna
1690 768 2038 842 applicetur.

394 856 452 909 Si
481 854 635 910 enim
669 855 818 912 ﬁlios
849 856 1126 914 habuerit
1163 875 1228 915 ex
1261 861 1388 930 ejus
1419 859 1802 928 matrimonio,
1832 865 1890 916 et
1929 861 2040 915 do—

393 946 511 999 tem
542 943 832 1017 aliamque
866 945 1132 1002 mulieris
1174 949 1566 1005 substantiam
1615 949 1752 1006 filiis
1799 967 2041 1009 conser-

396 1032 537 1100 vari,
585 1037 642 1089 et
686 1033 772 1090 ita
827 1035 1159 1092 adulterum
1217 1036 1474 1109 legitime
1538 1039 1863 1096 convictum
1925 1059 2041 1099 una

392 1135 526 1176 cum
585 1139 762 1178 uxore
812 1124 1028 1195 puniri.
1058 1125 1126 1180 Et
1171 1125 1221 1182 si
1267 1127 1502 1197 quidem
1544 1143 1781 1186 uxorem
1829 1129 2041 1188 habeat

392 1209 634 1280 adulter,
667 1229 793 1268 eam
825 1217 883 1270 et
913 1214 1102 1270 dotem
1133 1220 1192 1271 et
1222 1219 1356 1272 ante
1387 1217 1620 1288 nuptias
1663 1219 2036 1277 donationem

392 1301 690 1373 accipere:
744 1301 920 1358 aliam
961 1321 1094 1360 vero
1145 1306 1338 1361 mariti
1381 1307 1798 1376 substantiam,
1830 1311 1878 1364 si
1920 1312 2039 1366 sint

389 1388 624 1457 quidem
679 1391 1059 1447 ascendentes
1106 1391 1194 1448 vel
1244 1394 1664 1451 descendentes
1721 1412 1908 1468 usque
1963 1401 2033 1454 ad

389 1477 628 1532 tertium
659 1477 931 1551 gradum,
957 1479 1088 1536 illos
1111 1496 1241 1537 eam
1261 1481 1520 1556 accipere
1545 1500 1559 1552 ;
1583 1483 1674 1540 sin
1696 1489 1894 1542 autem
1920 1504 2034 1544 non

391 1565 530 1632 sint,
561 1583 689 1623 eam
724 1567 866 1624 fisco
897 1569 1238 1639 adjudicari.

411 1790 419 1796 .
459 1747 755 1804 Adulteris
782 1749 1102 1806 verberatis
1130 1756 1190 1807 et
1223 1751 1406 1806 tonsis
1455 1766 1626 1806 nares
1676 1751 2033 1808 abscinden-

2148 591 2305 642 οὖτον
2357 579 2656 658 λαμϐάνειν
2705 581 2764 637 ἐκ
2792 585 2905 654 ξτῆς
2945 579 3124 652 ἄλλης
3155 587 3255 650 τῆς
3283 583 3538 654 γυναικὸς
3567 602 3787 654 περιου-

2147 677 2289 747 σίας,
2321 677 2444 730 ὅσον
2476 680 2576 744 τῆς
2601 672 2827 746 προικὸς
2858 671 2920 726 τό
2951 668 3133 746 τρίτον
3160 669 3324 746 μέρος
3357 671 3494 726 εἶναι
3525 673 3787 746 γινώσκε-

2145 787 2232 820 ται
2257 784 2270 796 ·
2304 764 2444 820 ὥστε
2469 769 2540 838 τῇ
2571 761 2735 817 αὐτοῦ
2766 758 3052 832 δεσποτεία
3081 760 3170 815 καὶ
3192 761 3292 828 τήν
3321 766 3521 834 προῖκα
3563 762 3656 816 καὶ
3687 763 3787 830 τήν

2146 859 2272 927 παρ’
2308 856 2469 926 ἡμῶν
2517 853 2817 926 ὁρισθεῖσαν
2866 851 3064 919 ποινήν
3095 853 3551 924 προσκυροῦσθαι.
3587 850 3649 908 Εἰ
3681 851 3785 927 γὰρ

2145 940 2343 1004 παῖδας
2373 939 2495 1016 ἔχοι
2527 939 2586 995 ἐκ
2613 943 2709 996 τοῦ
2739 939 2906 1008 αὐτῆς
2934 937 3294 1009 συνοικεσίου,
3325 939 3417 994 καὶ
3447 941 3548 1010 τὴν
3580 945 3786 1015 προῖκα

2146 1032 2235 1087 καὶ
2276 1033 2375 1101 τήν
2420 1029 2600 1102 ἄλλην
2649 1036 2750 1098 τῆς
2801 1027 3050 1104 ρυναικὸς
3096 1028 3404 1100 περιουσίαν
3460 1034 3575 1090 τοῖς
3627 1030 3784 1085 παισί

2148 1119 2526 1201 φυλάττεσθαι,
2559 1117 2648 1175 καὶ
2697 1117 2840 1174 οὕτω
2881 1117 2974 1174 τὸν
3017 1119 3220 1193 μοιχὸν
3249 1118 3501 1193 νομίμως
3541 1117 3785 1196 ἐλεγχό-

2152 1232 2330 1284 μενον,
2365 1205 2476 1283 ἅμα
2507 1214 2576 1284 τῇ
2608 1209 2822 1284 γυναικὶ
2868 1210 3248 1282 τιμωρεῖσθαι.
3283 1211 3381 1264 Καὶ
3425 1210 3470 1264 εἰ
3519 1210 3614 1283 μὲν
3663 1207 3784 1286 ἔχει

2147 1302 2174 1354 ὁ
2211 1306 2410 1376 μοιχὸς
2439 1301 2708 1374 γαμετὴν,
2739 1300 2842 1368 τὴν
2899 1303 3102 1374 προῖκα
3159 1297 3248 1353 καὶ
3304 1301 3406 1368 τήν
3445 1301 3550 1372 πρὸ
3596 1299 3782 1375 γάμου

2146 1385 2350 1462 δωρεὰν
2383 1388 2520 1462 αὐτῇ
2549 1387 2963 1463 περισώζεσθαι,
2995 1387 3094 1454 τήν
3133 1383 3191 1440 δὲ
3238 1383 3415 1457 ἄλλην
3457 1389 3552 1444 τὸῦ
3588 1387 3782 1463 ἀνδρὸς

2145 1476 2312 1546 αὐτῆς
2359 1474 2692 1550 περιουσίαν,
2726 1473 2774 1528 εί
2822 1473 2916 1546 μέν
2949 1474 3081 1528 εἰσιν
3125 1471 3359 1537 ἀνιόντες
3401 1477 3436 1546 ἢ
3485 1476 3776 1546 κατιόντες,

2140 1562 2245 1628 ἕως
2289 1565 2474 1641 τρίτου
2527 1566 2742 1640 βαθμοῦ
2786 1564 2988 1634 ταύτην
3039 1559 3336 1638 λαμϐάνειν
3383 1564 3612 1629 αὐτούς’
3645 1565 3692 1620 εί
3723 1563 3782 1621 δὲ

2145 1658 2246 1730 μὴ,
2277 1656 2712 1728 προσκυροῦσθαι
2742 1651 2942 1724 ταύτην
2969 1657 3048 1726 τῷ
3079 1651 3352 1728 δημοσίῳ.

2208 1746 2277 1804 Οἱ
2319 1745 2535 1820 μοιχοὶ,
2563 1745 2901 1816 τυπτόμενοι
2949 1743 3038 1797 καὶ
3087 1744 3501 1820 κουρευόμενοι.
3562 1745 3778 1820 ῥινοκο-

388 1839 505 1890 tur.
539 1837 888 1893 Internuntii
933 1853 1062 1894 vero
1111 1846 1162 1894 et
1207 1837 1373 1910 impii
1423 1839 1720 1912 hujusque
1758 1839 2015 1897 facinori:

2138 1833 2471 1890 πείσθωσαν·
2522 1833 2572 1889 οἳ
2623 1829 2680 1887 δὲ
2719 1830 2875 1906 μέσοι
2921 1830 3016 1886 καὶ
3065 1833 3326 1907 ὑπουργοὶ
3368 1837 3466 1888 τοῦ
3521 1837 3779 1889 τοιούτου

387 1926 720 1983 administri
751 1928 1034 1985 verberati
1065 1932 1124 1984 et
1154 1928 1304 1984 tonsi
1331 1927 1388 1983 in
1421 1933 1764 2001 perpetuum
1798 1930 2026 1987 mittan-

387 2017 481 2070 tur
507 2015 796 2074 exsilium.

454 2103 599 2169 Quin
659 2105 834 2162 etiam
885 2110 942 2161 et
990 2107 1060 2162 32
1109 2105 1332 2162 novella
1397 2105 1765 2176 imperatoris
1818 2107 2025 2164 Leonis

381 2207 668 2264 congruas
699 2211 901 2266 pmnas
932 2195 1208 2251 adulteris
1228 2195 1368 2250 viris
1390 2201 1449 2250 et
1473 2196 1756 2252 adulteris
1789 2197 2026 2253 feminis

383 2281 605 2336 statuit.

449 2369 769 2425 'l‘ricesima
798 2375 996 2426 octava
1025 2388 1156 2426 vero
1189 2373 1415 2428 novella
1436 2371 1762 2428 adulterum
1787 2378 1844 2428 et
1863 2373 2026 2428 adul-

378 2461 561 2512 teram
599 2459 826 2513 narium
859 2459 1220 2515 abscissione
1249 2461 1438 2531 punit,
1471 2467 1528 2515 et
1559 2461 1834 2530 decernit,
1867 2462 2022 2532 quod

381 2547 626 2602 maritus
656 2546 932 2603 adultera:
954 2547 1145 2604 dotem
1179 2548 1474 2617 lucretur;
1508 2549 1670 2604 illam
1723 2555 1914 2605 autem
1963 2551 2022 2604 in

379 2636 736 2692 monasterio
783 2637 1020 2704 includi,
1061 2654 1164 2694 nec
1215 2643 1407 2694 tamen
1453 2638 1697 2694 invitam
1747 2640 2017 2711 tonderi;

379 2741 506 2796 quae
540 2741 674 2781 vero
707 2727 854 2782 ultra
885 2728 1079 2782 dotem
1121 2732 1262 2783 sunt
1295 2727 1601 2783 facultates
1631 2729 1756 2798 ejus
1788 2729 1936 2785 ﬁlios
1966 2737 2023 2785 et

378 2816 798 2872 monasterium
850 2818 1150 2885 dividere;
1201 2820 1290 2873 sin
1333 2824 1525 2873 autem
1565 2835 1678 2873 non
1730 2820 1904 2876 habet
1948 2821 2020 2876 li-

375 2905 568 2975 beros,
591 2907 715 2978 ejus
743 2913 1014 2978 parentes
1054 2911 1137 2964 vel
1179 2909 1323 2967 alios
1371 2927 1440 2967 ex
1481 2913 1608 2982 ejus
1656 2911 2017 2982 cognatione.

449 3083 612 3140 Actio
653 3082 942 3140 aldulterii
981 3083 1330 3154 intenditur,
1373 3102 1488 3142 non
1537 3085 1729 3142 solum
1771 3085 1844 3140 ob
1877 3085 2017 3156 legi-

381 3171 539 3228 timae
573 3173 766 3229 uxoris
803 3180 1123 3245 struprum,
1157 3175 1259 3230 sed
1290 3174 1464 3230 etiam
1513 3189 1688 3247 super
1717 3174 2018 3230 matrimo-

377 3226 760 3334 nium,qu6d
795 3226 1123 3319 conisistere'
1141 3279 1258 3320 non
1290 3267 1500 3336 potest,
1533 3226 2014 3336 etrillegitimum,
2047 3226 2094 3297 θ

376 3355 435 3408 et
463 3351 783 3423 sponsalia,
813 3356 870 3408 et
899 3354 1376 3410 concubinatum.

443 3441 550 3506 Qui
597 3441 927 3498 adulterum
969 3443 1380 3516 cumjpropria
1427 3459 1606 3500 uxore
1634 3443 1694 3499 in
1725 3443 1852 3516 ipso
1885 3449 2015 3500 actu

369 3531 772 3602 deprehendit,
824 3533 874 3590 si
923 3533 1226 3605 contingat
1272 3549 1404 3590 eum
1449 3533 1733 3600 occidere,
1784 3550 1897 3590 non
1951 3539 2016 3589 ut

369 3619 664 3676 homicida
693 3621 933 3693 punitur
965 3639 979 3690 ;
1031 3621 1089 3676 in
1121 3639 1230 3678 sua
1259 3625 1416 3678 enim
1451 3623 1683 3696 propria
1730 3623 1904 3679 domo
1954 3624 2009 3679 in

362 3709 493 3780 ipso
523 3714 656 3766 actu
688 3710 924 3766 maritus
954 3711 1289 3767 adulterum
1343 3713 1669 3768 interﬁcere
1717 3717 1923 3784 potest,
1955 3719 2012 3769 et

363 3797 535 3854 illum
575 3801 872 3855 scenicum
919 3799 1007 3856 vel
1038 3800 1342 3858 infamem.
1389 3801 1613 3858 Meritis
1659 3806 1851 3858 autem
1892 3818 2006 3858 non

361 3888 701 3946 conceditur
728 3889 1022 3946 adulteras
1051 3907 1190 3947 suas
1223 3907 1428 3948 uxores
1455 3891 1800 3948 interﬁcere.

427 4065 678 4124 Diversae
708 4066 920 4124 deinde
948 4068 1107 4142 leges
1143 4070 1381 4141 jubent,
1414 4070 1718 4128 mulierem
1751 4088 1866 4129 non
1900 4073 2004 4128 ali-

355 4161 442 4213 ter
476 4158 852 4214 condemnari
901 4164 969 4215 ut
1020 4160 1370 4230 adulteram,
1411 4177 1582 4232 quam
1637 4178 1739 4233 per
1777 4173 2005 4235 apertas

354 4246 746 4317 probationes,
799 4249 855 4304 id
909 4251 1018 4310 est.
1061 4265 1164 4320 per
1209 4249 1468 4322 quinque
1519 4255 1696 4307 testes
1735 4252 2004 4321 jurantes

353 4354 418 4394 se
445 4339 659 4396 vidisse
687 4341 748 4396 in
787 4340 916 4414 ipso
965 4347 1098 4400 actu
1143 4342 1269 4399 ﬁeri
1309 4342 1690 4400 adulterium.
1744 4344 1858 4400 Hac
1905 4361 2004 4400 ra-

352 4431 510 4486 tione
539 4447 648 4488 nec
678 4449 882 4490 omnes
909 4439 1156 4506 possunt
1184 4435 1454 4491 adulterii
1488 4435 1779 4492 actionem
1813 4435 2000 4492 inten-

352 4519 506 4589 dere,
549 4522 649 4578 sed
705 4523 964 4595 quinque
1003 4523 1193 4581 solum
1243 4541 1528 4596 personae,
1579 4525 1846 4591 maritus,
1895 4541 1998 4596 pa-

2135 1920 2483 1997 ἀσεϐήματος
2517 1921 2822 1998 γεγονότες,
2849 1921 3179 1994 τυπτόμενοι
3227 1921 3317 1977 καὶ
3364 1924 3777 1999 κουρευόμενοι,

2137 2011 2370 2084 διηνεκεῖ
2400 2013 2951 2091 παραπιμφθήτωσαν
2982 2007 3179 2084 ἒξορίᾳ.

2207 2101 2380 2159 Ἀλλά
2425 2103 2514 2158 καί
2560 2105 2596 2172 ἡ
2640 2099 2730 2178 λβ¹
2759 2102 2923 2176 νεαρᾶ
2964 2105 3062 2157 τοῦ
3103 2098 3376 2175 βασιλέως
3409 2101 3639 2166 Λέοντος
3683 2105 3777 2164 τὰς

2135 2193 2515 2268 πρυσηκοόσας
2547 2192 2736 2252 ποινὰς
2769 2188 3061 2264 διορίζεται
3105 2194 3226 2250 τοῖς
3270 2195 3496 2264 μοιχοῖς
3535 2190 3622 2246 καὶ
3656 2198 3774 2253 ταῖς

2139 2279 2478 2355 μοιχαλίσιν.

2205 2375 2267 2426 Ἠ
2318 2367 2374 2424 δὲ
2414 2369 2503 2439 λη’
2533 2371 2696 2444 ῥινῶν
2743 2368 2950 2442 ἐκτομῇ
2996 2368 3083 2422 τὸν
3141 2369 3342 2443 μοιχὸν
3374 2369 3461 2422 καὶ
3493 2371 3589 2439 τήν
3646 2392 3768 2443 μοι·

2137 2457 2342 2534 χαλίδα
2384 2460 2626 2528 κολάζει,
2677 2458 2765 2513 καὶ
2814 2455 3128 2528 διορίζεται,
3171 2459 3262 2514 τὸν
3313 2459 3412 2530 μὲα
3458 2455 3621 2533 ἄνδρα
3670 2468 3769 2529 τῆς

2139 2552 2523 2623 μοιχευθείσης
2591 2546 2888 2623 κερδαίνειν
2943 2550 3044 2616 τήν
3099 2553 3319 2621 προῖκα,
3377 2550 3540 2617 αὐτὴν
3603 2547 3655 2603 δὲ
3719 2549 3770 2604 ἐν

2136 2641 2489 2712 μοναστηρίῳ
2545 2637 2970 2714 περιορίζεσθαι,
3000 2637 3089 2692 καὶ
3145 2637 3378 2692 ἄκουσαν
3428 2641 3504 2710 μὴ
3553 2639 3773 2693 ἀποκεί-

2135 2731 2313 2802 ρεσθαι
2340 2750 2352 2761 ’
2402 2732 2470 2784 τὰ
2513 2729 2569 2783 δί
2611 2736 2710 2798 τῆς
2757 2729 2986 2802 προικὸς
3033 2724 3274 2782 ἐπέκεινα
3323 2728 3618 2804 πράγματα
3646 2730 3774 2792 τοὺς

2131 2818 2328 2881 παῖδας
2379 2817 2546 2886 αὑτῆς
2595 2821 2684 2873 καί
2731 2821 2792 2872 τὸ
2851 2819 3217 2890 μοναστήριον
3269 2813 3658 2890 διανέμεσθαι·
3713 2819 3771 2889 ἢ,

2130 2906 2339 2962 παίδων
2374 2909 2450 2982 μή
2501 2903 2694 2976 ὄντων,
2721 2905 2850 2970 τοὺς
2898 2905 3090 2982 γονέας
3137 2906 3302 2976 αὐτῆς
3343 2906 3378 2976 ἢ
3436 2907 3571 2962 κατὰ
3618 2907 3772 2984 γένος

2129 2995 2321 3060 ἄλλως
2355 2998 2754 3070 προσήκοντας.

2199 3089 2266 3143 εΗ
2311 3087 2538 3162 μοιχεία
2585 3086 2648 3141 οὐ
2698 3087 2861 3158 μόνον
2909 3083 2998 3140 ἐπὶ
3047 3086 3222 3165 φθορᾷ
3256 3086 3504 3160 νομίμου
3527 3095 3776 3161 γαμετῆς

2130 3181 2376 3246 κινεῖται,
2407 3173 2557 3231 ἀλλὰ
2602 3175 2691 3230 καὶ
2733 3173 2822 3230 ἐπὶ
2869 3171 3190 3247 ἀσυστάτου,
3220 3175 3312 3231 καὶ
3359 3175 3617 3250 ἀθεμίτου
3667 3177 3771 3253 γά-

2135 3287 2262 3340 μου,
2293 3265 2381 3320 καὶ
2417 3263 2725 3338 μνηστείας,
2755 3265 2844 3320 καὶ
2875 3263 3286 3338 παλλακισμοῦ.

2194 3449 2257 3501 Ὁ
2313 3446 2406 3500 τὸν
2467 3445 2667 3518 μοιχὸν
2729 3443 2863 3516 μετᾶ
2909 3450 3012 3513 τῆς
3063 3440 3200 3504 ἰδίας
3230 3443 3479 3515 γυναικὸς
3525 3443 3578 3498 ἐν
3629 3465 3768 3517 συμο

2121 3535 2306 3609 πλοκῇ
2359 3528 2704 3604 καταλαϐὼν,
2763 3531 2852 3587 ἐὰν
2909 3527 3094 3608 συμϐῇ
3154 3533 3318 3588 αὐτὸν
3373 3531 3603 3601 ἀνελεῖν,
3660 3535 3763 3587 οὑκ

2122 3623 2392 3678 εὐθύνεται
2445 3623 2518 3685 ὡς
2562 3619 2890 3698 ἀνδροφόνος
2916 3641 2929 3654 ’
2966 3621 3016 3676 ἐν
3070 3623 3222 3694 μόνῳ
3265 3621 3370 3698 γὰρ
3414 3627 3492 3694 τῷ
3523 3620 3645 3696 ἰδίῳ
3677 3621 3760 3677 0?-

2119 3736 2199 3787 κῳ
2253 3714 2334 3769 ἐπ’
2377 3713 2684 3786 αὐτοφώρῳ
2761 3711 2980 3766 δύναται
3042 3713 3284 3786 φονεύειν
3333 3713 3428 3766 τὸν
3481 3713 3684 3790 μοιχὸν
3729 3715 3758 3767 ὁ

2119 3806 2274 3879 ἀνὴρ,
2305 3803 2396 3857 καὶ
2441 3806 2630 3856 τοῦτον
2684 3801 2941 3872 σκηνικὸν
2987 3801 3023 3870 ἢ
3072 3799 3266 3875 ἄτιμον
3313 3797 3461 3858 ὄντα.
3493 3799 3570 3858 Οὔ
3610 3800 3759 3857 3&3!)-

2115 3918 2201 3952 ται
2253 3895 2309 3950 δὲ
2347 3901 2463 3958 τοῖς
2505 3891 2724 3967 ἀνδράσι
2773 3894 3010 3973 φονεύειν
3059 3894 3155 3955 τας
3217 3892 3602 3972 μοιχευοείσας
3652 3896 3754 3950 αὖ-

2113 3991 2220 4042 τῶν
2248 3991 2526 4061 γυναῖκας,

2185 4075 2446 4150 Διάφοροι
2504 4071 2561 4129 δὲ
2617 4073 2780 4147 νόμοι
2857 4071 3186 4142 θεσπίζουςι,
3250 4075 3327 4146 μὴ
3404 4071 3592 4134 ἄλλως
3647 4081 3750 4142 τήν

2114 4171 2343 4242 γυναῖκα
2394 4167 2774 4238 μοιχευθεῖσαν
2814 4162 3242 4236 κατακρίνεσθαι,
3285 4163 3330 4216 εἰ
3391 4163 3468 4236 μὴ
3511 4161 3600 4216 διὰ
3647 4183 3742 4239 (ξαρ

2111 4260 2279 4330 νερῶν
2359 4252 2704 4324 ἀποδείξεων,
2763 4251 3030 4320 τουτέστι,
3087 4248 3176 4306 διὰ
3243 4249 3399 4306 πέντε
3457 4252 3750 4326 μαρτύρων

2109 4345 2426 4417 ὁμνυόντων
2463 4341 2596 4397 ἶδεῖν
2646 4342 2729 4396 ἐπ’
2767 4340 3070 4420 αὐτοφώρῳ
3115 4343 3215 4411 τήν
3263 4341 3516 4416 μοιχείαν
3557 4339 3751 4396 τελου-

2111 4431 2302 4506 μένην.
2335 4431 2481 4487 Κατὰ
2525 4434 2688 4486 τοῦτο
2737 4431 2840 4506 γὰρ
2891 4429 3020 4485 οὐδὲ
3057 4430 3256 4492 πάντες
3299 4427 3548 4484 δύνανται
3587 4435 3751 4484 κινεῖν

2105 4523 2168 4578 τὸ
2221 4525 2320 4589 τῇς
2381 4520 2633 4596 μοιχείας
2688 4517 2962 4594 ἔγκλημα,
3021 4517 3172 4574 ἀλλὰ
3224 4521 3493 4594 πρόσωπα
3553 4519 3750 4575 πέντε·

349 4615 438 4666 ter
463 4613 612 4684 ejus,
638 4613 836 4685 frater,
868 4618 1134 4686 patruus,
1165 4613 1488 4673 avunculus
1521 4631 1536 4684 ;
1569 4615 1652 4672 ita
1680 4615 1836 4674 enim
1867 4630 1995 4671 ma-

2137 4613 2264 4687 νὴρ,
2294 4612 2474 4687 πατὴρ
2504 4611 2696 4680 αὐτῆς,
2727 4607 2989 4688 ἀδελφὸς,
3020 4610 3165 4672 θεῖος
3197 4610 3334 4682 πρὸς
3363 4611 3587 4684 πατρὸς,
3607 4611 3752 4672 θεῖος

349 4699 440 4772 gis
497 4701 791 4759 credibilis
840 4703 906 4758 tit
955 4704 1299 4775 quaestionis
1358 4709 1689 4777 praetextus.
1740 4705 1802 4760 Si
1861 4721 1995 4762 vero

348 4791 470 4846 sint
495 4793 790 4864 peregrini
829 4794 927 4864 qui
959 4799 1258 4862 accusant,
1291 4795 1341 4850 si
1371 4795 1610 4866 quidem
1643 4797 1996 4851 demonstra-

348 4879 566 4936 tionem
637 4881 923 4950 adferant,
977 4883 1204 4938 narium
1261 4883 1621 4941 abscissione
1669 4885 1998 4956 puniuntur

347 4969 597 5026 adulteri
631 4993 647 5038 ;
675 4970 766 5025 sin
797 4975 992 5028 autem
1023 4977 1260 5044 propter
1290 4973 1630 5030 inimicitias
1661 4974 1995 5030 accusatio-

348 5073 479 5112 nem
512 5057 791 5114 detulisse
833 5059 1277 5131 convincantur,
1317 5061 1432 5134 ipsi
1463 5062 1732 5119 eamdem
1764 5078 1991 5134 poenam

347 5147 624 5206 subeunt.
657 5149 869 5204 Mulier
896 5156 1116 5220 autem,
1146 5167 1270 5221 quae
1302 5168 1364 5208 se
1390 5150 1708 5208 adulteram
1740 5152 1869 5223 ipsa
1907 5151 1992 5206 fa-

345 5239 518 5307 tetur,
552 5255 666 5294 non
699 5240 1124 5295 condemnatur
1155 5257 1169 5308 ;
1211 5243 1364 5312 quod
1399 5241 1574 5298 etiam
1626 5259 1835 5323 novum
1885 5245 1991 5298 est.

419 5323 522 5388 Qui
553 5328 699 5382 duas
735 5343 942 5384 uxores
982 5328 1180 5397 habet,
1229 5332 1558 5386 verberetur
1591 5347 1604 5386 :
1649 5330 1892 5402 expulsa
1919 5329 1992 5386 ab

347 5413 474 5485 ipso
541 5431 716 5472 uxore
781 5417 1216 5490 superinducta,
1275 5423 1332 5476 et
1385 5419 1587 5477 liberis
1661 5437 1729 5476 ex
1775 5437 1842 5483 ea
1892 5435 1992 5476 na-

345 5503 449 5559 tis.

419 5592 528 5658 Qui
561 5593 706 5650 duas
735 5594 949 5654 habere
997 5615 1207 5655 uxores
1258 5599 1648 5672 pra-sumpsit,
1680 5615 1795 5656 non
1844 5598 1989 5671 lege;

349 5685 450 5742 sed
498 5682 650 5740 facto
698 5686 951 5758 consilii,
1001 5688 1272 5746 adulterii
1321 5689 1608 5764 supplicio
1657 5690 1989 5763 subjicitur.

2105 4703 2240 4778 πρὸς
2313 4702 2545 4777 μητρός,
2603 4699 2748 4756 οὕτω
2815 4701 2916 4775 γὰρ
2979 4698 3332 4774 εὖπιστοτέρα
3390 4701 3426 4768 ἡ
3481 4699 3752 4776 πρόφασις

2103 4796 2204 4860 τῆς
2236 4791 2488 4860 ζητήσεω
2518 4791 2743 4866 γίνεται.
2775 4787 2840 4844 Εἰ
2872 4785 2930 4842 δὲ
2959 4786 3098 4860 ξὲνοι
3130 4787 3233 4842 εἶεν
3281 4788 3334 4842 οἱ
3379 4793 3753 4862 κατηγοροῦν-

2103 4899 2214 4952 τες,
2245 4878 2290 4934 εἰ
2317 4880 2412 4952 μὶν
2443 4877 2844 4952 ἀποδείξουσιν,
2875 4877 3083 4952 ἐκτομῇ
3111 4881 3220 4932 τῶν
3255 4876 3416 4951 ῥινῶν
3450 4877 3501 4931 οἱ
3553 4879 3749 4952 μοιχοὶ

2103 4974 2508 5043 τιμωροῦνται⁶
2558 4967 2617 5023 ἂν
2700 4965 2757 5022 δὲ
2809 4965 3214 5041 ἀπελεγχθῶσι,
3263 4964 3333 5020 δι’
3391 4961 3590 5041 ἔχθραν
3645 4969 3746 5036 τήν

2103 5058 2444 5134 κατηγορίαν
2484 5055 2867 5127 πεποιηκότες,
2901 5055 3051 5110 οὗτοι
3099 5055 3197 5123 τήν
3239 5059 3504 5124 τοιαύτην
3551 5055 3746 5124 ποινὴν

2105 5147 2466 5222 ὑπομένουσιν
2503 5167 2516 5180 ·
2577 5144 2705 5201 ἀλλ’
2747 5141 2872 5199 οὓδὶ
2927 5143 3062 5213 αὐτή
3114 5145 3148 5212 ἡ
3199 5145 3336 5219 γυνή
3395 5139 3744 5218 ὁμολογοῦσα

2108 5238 2474 5314 μοιχευθῆναι
2503 5232 2939 5303 καταδικάζεται,
2971 5232 3102 5306 ὅπερ
3133 5233 3223 5287 καὶ
3254 5228 3365 5288 ἔστι
3398 5235 3603 5288 καινόν.

2173 5329 2229 5383 Ὀ
2288 5324 2384 5381 δύο
2453 5324 2689 5400 γαμετὰς
2745 5319 2888 5398 ἔχων
2963 5323 3282 5378 τυπτέσθω·
3338 5319 3736 5394 ἐκδιωκομένης

2101 5417 2228 5490 παρ’
2275 5415 2439 5470 αὐτοῦ
2492 5421 2592 5485 τῆς
2646 5413 2963 5470 ἐπεισάκτου
3021 5410 3297 5488 γυναικὸς,
3333 5411 3465 5484 μετά
3511 5416 3618 5465 τῶν
3649 5432 3740 5466 τε-

2101 5505 2343 5581 χθέντων
2377 5501 2428 5576 ἒξ
2459 5504 2627 5573 αὐτῆς
2654 5499 2886 5558 παίδων.

2170 5595 2226 5647 Ὁ
2281 5591 2376 5647 δύο
2431 5593 2668 5668 γαμετὰς
2723 5587 2870 5666 ἔχειν
2925 5591 3199 5665 πειραθεὶς
3251 5589 3312 5644 οὐ
3358 5587 3533 5662 νόμῳ,
3591 5588 3739 5646 ἀλλὰ

2103 5684 2292 5766 φάκτῳ
2340 5681 2729 5758 προαιρέσεως,
2764 5679 3045 5737 ὑπόκειται
3090 5683 3170 5754 τῷ
3206 5685 3308 5750 τῆς
3355 5681 3611 5756 μοιχείας
3645 5679 3739 5759 ἐγ-
