4060 6228
177 390 262 454 3⁸1
1224 390 1660 453 SYNTAGMA
1705 389 2328 454 ALPHABETICUM.
2373 425 2452 438 —
2493 395 2584 455 M.
3529 401 3609 461 38

184 525 474 597 κλήματι.
523 526 578 576 ’0
639 525 734 597 μὲν
791 525 894 597 γὰρ
957 527 1090 596 μετὰ
1147 523 1432 598 ἐλευθέρας
1488 521 1854 596 συμπλακεὶς,

1981 524 2072 588 )ui
2102 523 2251 580 enim
2284 531 2414 580 cum
2465 525 2688 594 liberta,
2743 527 2964 583 vivente
3008 529 3196 600 ipsius
3235 548 3428 601 uxore,
3479 549 3600 590 rem

187 615 378 684 ζώσης
408 621 519 684 τῆς
556 615 726 668 αὐτοῦ
761 615 1034 687 γυναικὸς,
1067 613 1142 674 ὡς
1189 612 1390 686 πόρνος
1427 614 1803 686 κατακρίνεται
1837 630 1854 643 ·

190 707 220 760 6
256 702 317 759 δὲ
363 703 518 758 κατᾶ
563 703 746 778 γάμου
796 703 1079 758 κοινωνίαν
1132 700 1386 778 δευτέραν
1433 702 1727 777 ἀγόμενος,
1780 701 1857 763 ὡς

207 794 403 867 μοιχὸς
431 797 796 867 τιμωρεῖται.

281 879 493 938 Εἰδέναι
555 879 617 936 δὲ
672 878 774 950 δεῖ,
827 879 913 936 δτι
971 881 1073 936 εἶσὶ
1129 882 1399 954 πρόσωπα
1456 879 1854 954 ἁμαρτάνοντα,

222 971 293 1024 καί
335 971 440 1026 οὐκ
504 969 822 1026 εὐθύνονται
855 992 869 1005 ο
931 972 959 1026 6
1012 990 1290 1046 μοιχευων
1339 973 1442 1039 τὴν
1495 975 1724 1046 γυναῖκα
1758 973 1856 1023 τοῦ

220 1059 532 1116 ἁποδούλου
581 1061 772 1131 αὐτοῦ,
821 1061 913 1116 καὶ
957 1061 986 1115 6
1040 1059 1317 1135 μοιχεύων
1367 1059 1718 1136 πολύφθορον
1768 1059 1857 1113 καὶ

215 1148 548 1204 adducam
595 1147 891 1224 ὕπανδρον,
945 1153 1026 1221 τῷ
1077 1152 1178 1214 τῆς
1239 1148 1492 1223 μοιχείας
1550 1145 1858 1222 ἐγκλήματι

211 1239 302 1312 ώχ
352 1238 676 1307 ὑπόκειται,
720 1238 765 1292 εί
811 1240 887 1310 μὴ
933 1243 1015 1310 τῷ
1055 1245 1156 1306 τῆς
1200 1237 1450 1312 πορνείας
1486 1258 1499 1271 ·
1549 1238 1639 1290 καὶ
1686 1237 1713 1289 6
1765 1237 1856 1308 μὲν

232 1331 328 1402 νήρ
384 1333 722 1401 τιμωρεῖται
755 1327 830 1390 ὡς
879 1327 1102 1401 μοιχὸς,
1132 1331 1168 1396 ἡ
1219 1325 1277 1380 δὲ
1315 1329 1450 1402 γυνή
1499 1327 1600 1381 οὐκ
1646 1325 1859 1380 εὐθύνε-

199 1438 304 1485 ται,
335 1416 436 1471 ὅτε
490 1415 726 1470 ἄκουσαν
771 1415 862 1469 καὶ
916 1412 1283 1489 βεϐιασμένην
1330 1416 1500 1484 αὐτὴν
1547 1414 1695 1488 χειρὶ
1733 1433 1862 1487 κρα-

200 1507 362 1580 τήσῃ,
398 1505 452 1560 εἰ
501 1506 592 1559 καὶ
643 1505 778 1573 αὐτή
827 1502 1145 1578 ἐρυθριῶσα,
1177 1505 1241 1558 τὸ
1283 1503 1508 1580 γεγονὸς
1558 1502 1714 1566 εὐθὺς
1761 1501 1859 1556 οὐκ

203 1595 504 1670 ἀνήγγειλε
533 1592 617 1666 τῷ
647 1592 803 1668 ἀνδρὶ
833 1594 1023 1664 αὐτῆς.

208 1779 465 1830 ΚΕΦΔᾹ.
511 1777 620 1829 IE'.
654 1773 817 1848 Περί
861 1771 1334 1846 μοναστηρίων
1375 1771 1482 1826 καὶ
1525 1773 1854 1844 μοναχῶν.

1965 613 2159 680 habet,
2212 617 2276 668 ut
2330 615 2641 670 fornicator
2686 617 3125 676 condemnatur.
3167 619 3274 682 Qui
3307 621 3363 677 in
3398 624 3602 678 matri-

1965 704 2162 758 monio
2181 706 2496 760 secundam
2527 706 2995 764 communionem
3031 708 3258 780 recipit,
3283 714 3347 765 ut
3376 711 3605 769 adulter

1965 794 2226 864 punitur.

2037 881 2193 938 Scire
2235 889 2426 938 autem
2467 888 2710 954 oportet,
2759 885 2910 955 quod
2959 891 3098 942 sunt
3145 903 3426 958 personae,
3475 906 3606 962 quas

1966 975 2228 1042 peccant,
2272 972 2425 1027 186
2474 979 2530 1027 et
2579 989 2693 1028 non
2743 976 3114 1046 corriguntur
3155 993 3168 1031 :
3225 994 3454 1049 nempe,
3507 979 3610 1050 qui

1966 1061 2119 1116 servi
2149 1062 2239 1116 sui
2281 1079 2518 1118 uxorem
2557 1062 2840 1119 adulterio
2870 1065 3049 1133 vitiat,
3081 1071 3138 1120 et
3171 1067 3272 1137 qui
3323 1069 3604 1124 feminam

1967 1153 2086 1204 viro
2109 1151 2453 1220 subjectum,
2489 1168 2615 1219 qua:
2649 1169 2762 1207 non
2796 1170 3008 1224 paucos
3057 1155 3128 1209 ad
3176 1155 3606 1226 impudicitiam

1968 1238 2185 1304 allexit,
2217 1244 2425 1293 etcum
2460 1240 2664 1294 multis
2696 1241 3031 1308 concubuit,
3064 1247 3316 1314 stuprat,
3338 1243 3609 1300 adulterii

1967 1328 2200 1382 crimini
2233 1344 2347 1383 non
2397 1327 2721 1398 subjicitur,
2756 1331 2851 1383 sed
2903 1330 3308 1386 fornicationis
3356 1337 3608 1390 tantum.

1968 1417 2037 1472 Et
2081 1415 2166 1472 vir
2208 1417 2442 1488 quidem
2491 1427 2762 1486 tanquam
2815 1419 3044 1475 adulter
3094 1423 3351 1492 punitur,
3400 1423 3612 1478 mulier

1966 1521 2101 1560 vero
2139 1521 2252 1561 non
2290 1505 2622 1577 corrigitur,
2653 1508 2889 1578 quando
2929 1507 3173 1565 invitam
3211 1514 3268 1565 et
3297 1511 3610 1583 impulsam

1962 1592 2133 1649 illam
2164 1597 2218 1650 vi
2244 1594 2462 1662 vicerit,
2497 1594 2629 1650 licet
2672 1594 2773 1650 illa
2821 1598 3194 1665 erubescens,
3247 1599 3456 1656 marito
3501 1616 3610 1657 suo

1967 1686 2117 1752 quod
2152 1684 2363 1738 factum
2396 1687 2509 1749 est,
2542 1683 2736 1739 statim
2773 1701 2885 1740 non
2916 1687 3375 1744 annuntiaverit.

2179 1771 2334 1827 CAP.
2369 1773 2493 1828 XV.
2527 1773 2600 1828 De
2625 1776 2971 1830 monasteriis
2998 1783 3048 1832 et
3090 1779 3396 1845 monachis.

269 1869 328 1917 '0
369 1869 478 1930 τῆς
535 1860 842 1936 λεγομένης
891 1862 1114 1934 πρώτης
1171 1860 1260 1915 καὶ
1321 1857 1570 1932 δευτέρας
1629 1857 1856 1913 συνόδου

2039 1861 2243 1916 Prima.-
2273 1869 2327 1917 et
2374 1863 2640 1916 secundae
2689 1863 2851 1919 dictas
2900 1864 3105 1936 synodi
3154 1882 3336 1922 canon
3387 1866 3612 1939 primus

210 1951 382 2007 κανὼν
415 1956 640 2028 πρῶτος
692 1953 768 2023 μή
814 1949 1005 2021 ἐξεῖναι
1037 1949 1244 2005 κελεύει
1297 1950 1657 2024 μοναστήριον
1707 1948 1859 2004 οἰκο-

215 2039 401 2114 δομεῖν
457 2044 585 2096 ἄνευ
637 2043 870 2114 γνώμης
919 2044 1018 2095 τοῦ
1072 2038 1395 2108 ἒπίσκόπου,
1451 2039 1551 2106 τήν
1607 2038 1858 2092 εἰωθυῖαν

219 2129 478 2202 πρότερον
507 2127 895 2189 ἐπιτελοῦντος
929 2129 1119 2202 εὐχὴν,
1153 2128 1203 2182 ἐν
1232 2124 1437 2204 βρεϐίῳ
1463 2125 1520 2181 δὲ
1551 2125 1679 2180 αὐτό
1709 2147 1766 2181 τε
1796 2127 1858 2179 τὸ

224 2222 582 2290 μοναστήριον
630 2217 1017 2295 ἐγγράφεσθαι,
1065 2218 1152 2270 καὶ
1203 2218 1301 2270 ὅσα
1347 2219 1483 2291 πρὸς
1533 2220 1631 2271 τοῦ
1675 2213 1861 2287 δειμα-

227 2307 384 2380 μένου
429 2306 582 2379 αυτῷ
632 2307 956 2384 ἀφιέρωται,
999 2308 1088 2360 καὶ
1136 2308 1198 2360 τὸ
1249 2301 1466 2380 βρέϐιον
1511 2311 1590 2377 τῷ
1640 2304 1861 2358 ἐπισκό-

225 2418 308 2469 trp
391 2397 908 2472 προσαποτίθεσθαι,
995 2397 1069 2456 ὡς
1159 2397 1352 2467 μηκέτι
1437 2392 1688 2448 δύνασθαι
1770 2395 1860 2446 τὸν

231 2488 585 2560 ἁσιερώσαντα
637 2482 781 2542 ἔστιν
832 2487 866 2540 ἃ
905 2487 1114 2541 τούτων
1162 2488 1314 2548 αὖθις
1368 2485 1715 2556 ἐξιδιοῦσθαι.
1770 2488 1861 2539 Ὧν

241 2577 341 2650 γὰρ
385 2575 691 2644 ἆπεξένωσεν
755 2577 945 2630 ἑαυτὸν
1001 2573 1087 2630 διὰ
1140 2580 1242 2642 τῇς
1302 2582 1473 2648 μονῆς
1524 2575 1732 2636 ἀναθείς
1781 2578 1861 2646 τῷ

252 2669 383 2735 Θεῷ,
412 2669 517 2726 πῶς
558 2667 668 2728 οἰός
709 2686 790 2735 τε,
823 2668 920 2720 οἷα
963 2663 1254 2735 δεσπότης,
1285 2671 1452 2720 ταῦτα
1498 2663 1721 2734 διέπειν,
1755 2665 1866 2737 οὐχ

247 2753 389 2816 ὅπως
417 2757 498 2808 καί
541 2754 738 2816 ἄλλοις
772 2753 1228 2829 διαπιπράσκειν;
1279 2755 1342 2809 οὗ
1377 2757 1484 2826 μὴν
1532 2754 1656 2809 οὐδὲ
1694 2755 1863 2826 ἡγού-

242 2866 388 2916 μενον
417 2847 594 2900 ἑαυτὸν
629 2847 834 2914 ταύτης
884 2844 944 2915 ἐᾷ
973 2845 1289 2900 καθιστάναι
1319 2847 1462 2919 παρὰ
1510 2845 1738 2921 γνώμην
1767 2848 1865 2898 τοῦ

233 2934 538 3004 ἐπισκόπου,
585 2933 706 2989 οὐδ’
750 2931 937 3008 ἕτερον
994 2934 1103 2988 ἀνθ’
1161 2935 1352 2989 ἑαυτοῦ
1401 2932 1864 3008 προχειρίζεσθαι.

231 3023 290 3078 ΕΞ
318 3025 415 3098 γὰρ
435 3026 501 3078 τὰ
527 3024 840 3098 ἀνθρώποις
871 3022 1227 3100 δεδωρημένα
1248 3023 1347 3078 οὐκ
1376 3021 1451 3078 ἔνι
1474 3022 1650 3098 χωρὶς
1682 3022 1869 3098 εὐπρο-

231 3114 406 3170 σώπου
443 3114 624 3177 αἰτίας
661 3118 756 3171 τὸν
803 3111 1189 3189 δωρησάμενον
1237 3109 1548 3182 ἀναλαϐεῖν,
1582 3109 1766 3186 σχολῇ
1809 3135 1870 3188 γε

231 3207 332 3258 τῶν
361 3201 792 3277 ἂνατεθειμένων
821 3207 937 3274 Θεῷ
966 3205 1064 3273 τήν
1095 3202 1392 3278 κυριότητα
1424 3204 1452 3258 6
1482 3203 1696 3265 ἀναθεὶς
1729 3200 1870 3258 ἴδιο-

1967 1950 2259 2006 interdicit
2318 1953 2738 2007 monasterium
2812 1954 3098 2010 aedificare
3167 1957 3390 2027 absque
3455 1957 3615 2029 epis-

1967 2038 2095 2110 copi
2131 2041 2436 2106 sententia,
2471 2040 2729 2096 debitam
2754 2043 2942 2112 primo
2964 2043 3424 2100 benedictionem
3456 2062 3614 2115 pera-

1967 2127 2154 2198 gentis
2187 2145 2200 2192 ;
2235 2128 2291 2182 in
2327 2129 2481 2182 brevi
2512 2134 2706 2185 autem
2739 2136 2796 2185 et
2824 2131 3016 2201 ipsum
3067 2134 3486 2189 monasterium
3515 2134 3608 2190 in-

1966 2217 2164 2282 scribi,
2213 2221 2270 2272 et
2320 2233 2678 2288 quiscunque
2711 2236 2744 2274 a
2781 2221 3080 2276 conditore
3128 2221 3208 2276 illi
3258 2223 3601 2292 donantur;

1967 2309 2025 2360 et
2057 2306 2221 2361 breve
2265 2307 2319 2360 in
2354 2305 2577 2361 aedibus
2625 2308 3054 2379 episcopalibus
3100 2311 3322 2380 reponi,
3373 2318 3438 2366 ut
3488 2329 3602 2368 nou

1973 2395 2152 2465 possit
2183 2395 2279 2450 ille
2309 2395 2408 2463 qui
2449 2397 2755 2466 dedicavit,
2789 2397 2889 2452 illa
2909 2398 2966 2453 in
2993 2401 3292 2471 proprium
3314 2418 3482 2456 usum
3511 2404 3610 2458 ite-

1971 2499 2102 2538 rum
2145 2490 2495 2540 convertere.
2537 2486 2670 2550 Quaa
2719 2486 2873 2542 enim
2926 2487 3034 2543 sibi
3076 2490 3208 2560 quis
3256 2491 3614 2560 abjudieavit

1972 2589 2074 2644 per
2103 2573 2518 2629 monasterium
2569 2576 2678 2632 Deo
2727 2576 3024 2646 addicens,
3057 2581 3346 2649 quomodo
3401 2585 3612 2651 potest,

1973 2679 2038 2717 ac
2076 2661 2126 2717 si
2170 2662 2362 2719 adhuc
2407 2671 2557 2720 esset
2605 2665 2899 2736 dominus,
2949 2666 3050 2722 illa
3098 2667 3508 2724 administrare
3556 2674 3613 2724 et

1974 2751 2104 2807 aliis
2133 2751 2488 2808 divendere?
2511 2752 2626 2810 Nec
2657 2754 2833 2810 etiam
2883 2757 3221 2812 monasterii
3272 2759 3608 2828 praefectum

1975 2843 2196 2913 absque
2243 2842 2496 2914 episcopi
2543 2845 2832 2899 sententia
2881 2843 3046 2900 illum
3095 2845 3351 2916 seipsum
3391 2848 3612 2902 consti-

1975 2937 2160 2997 tuere,
2191 2947 2296 2986 nec
2326 2931 2505 2987 alium
2535 2934 2664 3002 ejus
2682 2932 2804 2988 loco
2821 2934 3070 3005 deligere
3097 2935 3337 3006 patitur.
3358 2936 3610 3004 Etenim,

1978 3021 2028 3075 si
2079 3036 2204 3092 quis
2277 3021 2500 3076 homini
2558 3021 2850 3093 quispiam
2901 3022 3145 3094 largitus
3201 3028 3308 3092 est,
3361 3025 3616 3096 amplius

1980 3111 2207 3165 auferre
2226 3109 2350 3165 sine
2379 3125 2575 3178 causa,
2609 3111 2710 3182 qui
2743 3111 2994 3180 donavit,
3025 3111 3181 3168 haud
3213 3119 3402 3184 potest
3433 3130 3448 3181 ;
3498 3130 3614 3185 quo

1973 3199 2126 3270 jure,
2159 3213 2283 3271 quis
2314 3198 2430 3255 Deo
2477 3199 2742 3256 dedicata
2787 3204 2944 3268 sunt,
2977 3200 3035 3256 in
3068 3218 3234 3257 suam
3286 3204 3619 3274 possessio-

235 3292 539 3361 ποιήσεται,
569 3263 646 3352 ὡς
704 3263 1056 3365 προσηγορία
1114 3263 1250 3363 μένῃ
1307 3263 1397 3344 καὶ
1459 3291 1534 3362 μή
1595 3291 1868 3366 πράγματι

1981 3263 2139 3360 nem,
2163 3263 2260 3360 qui
2279 3289 2534 3359 donavit,
2567 3289 2774 3362 rapiat,
2799 3263 3078 3362 tanquam
3105 3263 3339 3348 nomine
3357 3297 3613 3362 tantum,

235 3382 326 3449 τήν
350 3380 654 3458 ἀφοσίωσιν
685 3381 841 3436 εἶναι.

301 3470 363 3527 Ὀ
392 3467 452 3524 δὲ
495 3466 581 3524 κδ’
606 3476 708 3538 τῆς
758 3468 801 3524 δ’
832 3464 1056 3524 συνόδου
1101 3468 1303 3534 κανὼν,
1335 3461 1414 3522 ἔτι
1463 3465 1520 3523 δὲ
1565 3471 1651 3524 καὶ
1691 3475 1791 3538 τῆς
1825 3470 1874 3533 ς’

243 3560 271 3610 6
302 3560 408 3630 μθ’,
455 3560 523 3613 τα
571 3555 708 3628 ἅπαξ
759 3559 1152 3630 καθιερωθέντα
1201 3559 1562 3630 μοναστήρια,
1592 3559 1728 3612 κατᾶ
1772 3559 1871 3627 τήν

250 3648 460 3720 γνώμην
492 3653 586 3703 τοῦ
635 3647 957 3715 ἐπισκόπου,
991 3648 1048 3702 ὃν
1097 3641 1218 3709 ἔθος
1258 3646 1428 3725 εὐχήν
1479 3643 1872 3720 προκαταϐάλ-

253 3735 430 3790 λεσθαι
471 3744 568 3806 τῆς
615 3735 960 3810 οἰκοδομίας,
1003 3735 1186 3811 ὥσπερ
1228 3737 1347 3791 τινα
1398 3737 1649 3810 θεμέλιον
1707 3735 1875 3811 ἁρῥα-

246 3830 338 3900 γῆ,
385 3825 726 3881 ἐπιτάττουσι
780 3827 954 3898 μένειν
997 3825 1072 3887 εἰς
1121 3827 1184 3880 τὸ
1227 3823 1470 3894 διηνεκὲς
1521 3829 1875 3900 μοναστήρια,

245 3917 330 3967 καί
385 3915 450 3969 τὰ
508 3917 846 3990 προσήκοντα
901 3915 1116 3977 τούτοις
1171 3913 1467 3991 πράγματα
1515 3914 1875 3990 φυλάττεσθαι

242 4006 589 4078 ἁνεκποίητα,
662 4005 752 4061 καὶ
823 4007 1017 4078 μηκέτι
1090 4005 1330 4081 γίνεσθαι
1398 4010 1564 4061 ταῦτα
1638 4009 1876 4080 κοσμικᾶ

239 4099 539 4170 καταγώγια
571 4115 585 4125 ’
633 4095 760 4157 τοὺς
811 4093 869 4150 δὲ
910 4099 1072 4150 τοῦτο
1105 4096 1182 4168 μὴ
1231 4099 1531 4168 τηροῦντας
1578 4102 1876 4158 κανονικῶς

240 4185 570 4255 εὐθύνεσθαι,
643 4185 978 4260 ἱερωμένους
1066 4185 1160 4256 μὶν
1245 4182 1458 4255 δηλαδή
1547 4186 1880 4268 καθαιρέσει,

240 4275 456 4337 λαϊκοὺς
496 4271 556 4330 δὲ
606 4269 1095 4348 ὓποὸαλλομένους
1147 4277 1456 4348 ἆφορισμῷ.
1491 4277 1649 4345 κήτει
1697 4277 1786 4332 καὶ
1825 4276 1878 4332 ἐν

235 4369 311 4436 τῷ
341 4366 412 4439 ιβ’
458 4385 582 4436 κεφ,
616 4368 712 4419 τοῦ
761 4366 803 4420 E
831 4363 1105 4439 στοιχείου
1149 4365 1349 4420 κανόνα
1396 4369 1462 4434 ιζ’
1512 4372 1616 4435 τῆς
1662 4368 1706 4436 ζ“
1751 4388 1877 4422 συν-

239 4452 386 4512 ὁδου.

300 4547 362 4600 Ὀ
411 4543 469 4598 δὲ
522 4542 726 4614 ταύτης
771 4549 816 4598 κ’
867 4543 967 4598 οὐκ
1015 4540 1184 4598 οἳεται
1231 4540 1342 4598 δεῖν
1391 4541 1496 4598 ἐιπό
1539 4565 1600 4621 γε
1645 4549 1742 4600 τοῦ
1789 4548 1878 4600 νῦν

1983 3394 2101 3434 non
2132 3393 2191 3433 re
2223 3377 2374 3434 facta
2402 3379 2610 3436 fuisset
2639 3380 2923 3435 dedicatio
2943 3381 2972 3434 ’ἒ

2051 3468 2378 3526 Vicesimus
2425 3475 2666 3540 quartus
2713 3487 2838 3543 syn.
2887 3487 2942 3524 ιν
2988 3487 3195 3541 canon,
3244 3490 3416 3545 porro
3463 3483 3516 3531 et
3559 3491 3614 3530 v1

1983 3558 2190 3631 synodi
2219 3559 2310 3625 49,
2357 3573 2486 3628 qua:
2533 3558 2709 3614 semel
2749 3560 2914 3629 juxta
2962 3561 3215 3634 episcopi
3259 3562 3616 3621 voluntatem

1984 3651 2320 3704 consecrata
2350 3651 2488 3702 sunt
2519 3647 2896 3714 monasteria,
2928 3666 3060 3705 cum
3083 3657 3241 3706 esset
3259 3657 3616 3709 consuetudo

1986 3736 2378 3809 precationem
2397 3735 2740 3807 praemittere
2752 3738 3430 3812 exstructioui,tanquam
3447 3744 3620 3812 quod-

1985 3827 2119 3882 dam
2160 3826 2608 3882 fundamentum
2647 3826 3040 3898 infrangibile,
3071 3835 3350 3900 perpetuo
3383 3848 3618 3887 manere

1987 3914 2333 3972 monasteria
2352 3915 2643 3984 ordinant,
2661 3919 2718 3970 et
2738 3931 2982 3987 res,quae
3002 3916 3076 3972 ad
3098 3933 3165 3972 ea
3185 3919 3613 3990 pertinent,nou

1985 4005 2327 4061 alienandas
2358 4005 2595 4072 servari,
2627 4020 2810 4075 eaque
2853 4021 2968 4060 non
3000 4006 3252 4078 amplius
3283 4009 3405 4064 fieri
3438 4027 3620 4064 szecu-

1984 4093 2129 4150 laria
2159 4092 2490 4149 habitacula
2521 4110 2534 4148 :
2567 4109 2664 4149 eos
2709 4097 2927 4163 autem,
2957 4094 3058 4166 qui
3107 4095 3213 4152 hoc
3261 4113 3378 4153 non
3417 4099 3619 4154 obser-

1986 4188 2125 4239 vant
2151 4181 2430 4240 canonice
2468 4183 2684 4254 puniri,
2717 4189 2976 4240 sacratos
3004 4185 3242 4256 quidem
3272 4188 3623 4258 depositioni

1988 4272 2380 4344 subjiciendus
2409 4288 2573 4342 esse;
2602 4271 2782 4328 laicos
2810 4289 2940 4329 vero
2980 4275 3386 4346 segregationi.
3419 4281 3622 4343 Qumre

1986 4363 2161 4419 etiam
2211 4363 2268 4417 in
2297 4361 2368 4418 l2
2395 4378 2520 4433 cap.
2553 4360 2638 4417 lit.
2689 4362 2730 4416 E
2779 4378 3058 4420 canonem
3106 4363 3172 4418 17
3220 4365 3480 4436 septimas
3525 4385 3626 4440 sy-

1987 4451 2147 4508 nodi.

2057 4539 2245 4612 Hujus
2275 4555 2409 4596 vero
2437 4539 2510 4594 20
2537 4553 2757 4595 canone
2787 4539 3000 4596 dehinc
3031 4541 3397 4600 interdicitur
3417 4546 3628 4619 duplex

238 4628 396 4686 διπλᾶ
431 4633 673 4707 γίνεσθαι
723 4633 1079 4706 μοναστήρια,
1111 4633 1202 4686 καὶ
1247 4636 1365 4696 τοῖς
1416 4639 1684 4708 μοναχοῖς
1733 4631 1868 4710 ἔγγι-

1987 4627 2404 4686 monasterium
2437 4629 2494 4685 in
2525 4628 2731 4685 iisdem
2763 4630 3004 4700 aedibus,
3032 4636 3090 4686 et
3112 4649 3288 4704 prope
3312 4636 3626 4692 monachos

239 4741 331 4776 στα
383 4724 482 4784 τὰς
548 4721 889 4796 μοναζούσας
959 4721 1130 4776 οἰκεῖν
1160 4739 1174 4754 ⁸
1252 4719 1560 4804 σκανδῄλου
1617 4725 1720 4799 γὰρ
1789 4722 1879 4778 καὶ

235 4812 664 4884 προσκόμματος
712 4814 832 4872 τοῖς
883 4808 1124 4873 πολλοῖς
1165 4807 1340 4864 α’ίτιον
1384 4811 1546 4865 τοῦτό
1594 4831 1676 4886 γε.
1721 4810 1878 4868 Ἀλλ’

237 4899 378 4960 ὅσοις
407 4898 580 4973 ἤρεσε
627 4901 764 4971 μετὰ
809 4903 918 4953 τῶν
968 4895 1122 4953 ἰδίων
1171 4899 1535 4970 ἀποτάξασθαι
1585 4904 1876 4976 συγγενῶν,

235 4987 283 5039 οἱ
341 4989 440 5061 μὲν
485 4984 676 5061 ἄνδρες
719 4986 796 5048 εἷς
848 4984 1084 5062 ἀνδρῶν,
1133 4989 1188 5042 αἱ
1248 4985 1306 5042 δὲ
1358 4993 1604 5063 γυναῖκες
1655 4988 1733 5052 εἷς
1778 5012 1878 5063 γυ-

234 5083 427 5132 ναικῶν
489 5077 798 5148 εἷσίτωσαν,
857 5078 1014 5154 φησὶ,
1072 5079 1430 5152 μοναστήρια.
1488 5080 1562 5133 Τὰ
1630 5076 1687 5132 δὲ
1745 5078 1879 5158 ἄχρι

239 5167 314 5220 καὶ
361 5169 616 5241 τήμερον
668 5164 1018 5239 διαρκέσαντα
1075 5165 1246 5222 διπλᾶ
1309 5171 1672 5242 μοναστήρια,
1733 5168 1881 5224 αἰδοῖ

240 5260 322 5308 τοῦ
380 5257 541 5310 ταῦθ’
599 5254 775 5316 οὕτως
826 5254 971 5332 ἔχειν
1037 5257 1394 5322 τυπώσαντος
1449 5257 1594 5312 θείου
1673 5260 1880 5332 Πατρὸς

245 5343 390 5415 ἡμῶν
453 5343 766 5416 Βασιλείου,
823 5346 1336 5416 οἰκονομείσθωοαν,
1393 5346 1468 5408 ὡς
1545 5347 1745 5410 ἐκεῖνός
1815 5369 1878 5422 γε

239 5428 575 5490 δια-τάσσεται
610 5453 622 5464 ·
706 5431 1107 5490 συνδιαιτᾶσθαι
1179 5433 1236 5490 δὲ
1299 5435 1392 5490 καὶ
1467 5438 1876 5514 συναναστρέφε-

239 5523 349 5575 σθαι
386 5521 674 5598 μοναχοὺς
723 5523 1071 5598 μοναστρίαις
1101 5523 1170 5578 οὐ
1207 5522 1310 5595 δεῖ,
1342 5525 1434 5580 ἅτε
1486 5521 1752 5601 βλαϐερὸν
1785 5526 1875 5580 καὶ

241 5608 488 5682 ἀθέμιτον
520 5630 536 5644 ⁶
588 5608 714 5668 οὔτε
759 5612 1065 5689 παρῥησίαν
1115 5613 1251 5688 πρὸς
1308 5613 1470 5676 αὐτὰς
1527 5611 1692 5690 ἔχειν,
1755 5612 1876 5670 οὔτε

243 5693 354 5754 iii:
397 5701 782 5778 προσομιλεῖν,
836 5703 915 5779 μή
969 5702 1050 5760 ὅτι
1107 5704 1248 5761 κατὰ
1297 5702 1462 5784 μόνας
1519 5705 1707 5767 αὐταῖς
1755 5725 1874 5762 συν·

1991 4718 2309 4774 monachas
2341 4718 2600 4774 habitare
2633 4733 2648 4774 :
2688 4717 2832 4773 illud
2863 4719 3018 4775 enim
3071 4721 3331 4778 scandali
3361 4729 3418 4779 et
3445 4725 3629 4779 oli‘cn-

1989 4807 2170 4863 sionis
2200 4824 2438 4864 causam
2483 4807 2682 4864 multis
2729 4809 2958 4880 prabet.
3009 4810 3120 4866 Sed
3170 4813 3623 4885 quibuscunque

1988 4895 2207 4966 placuit
2241 4913 2376 4952 cum
2427 4897 2675 4968 propriis
2707 4899 2969 4968 cognatis
2992 4899 3236 4969 imundo
3268 4903 3624 4969 renuntiare,

1991 4985 2094 5039 viri
2125 4985 2362 5056 quidem
2412 4986 2471 5040 in
2504 4987 2782 5053 virorum,
2818 4986 3044 5042 feminze
3095 5005 3224 5045 vero
3272 4989 3332 5045 in
3383 4991 3625 5046 femina-

1989 5091 2140 5144 rum,
2172 5075 2382 5146 inquit,
2411 5075 2764 5131 mouasteria
2791 5075 3216 5148 ingrediantur.
3258 5081 3395 5144 Quae
3425 5087 3621 5137 autem

1989 5164 2294 5236 hucusque
2331 5169 2674 5236 permanent
2723 5165 2973 5237 duplicia
3022 5169 3391 5236 monasteria,
3440 5170 3622 5225 divini

1989 5252 2173 5308 nostri
2206 5254 2394 5310 Patris
2429 5252 2626 5309 Basilii
2672 5253 2793 5310 hac
2835 5253 2918 5310 ita
2956 5271 3018 5310 se
3047 5256 3255 5312 habere
3299 5258 3626 5314 ordinantis

1988 5342 2321 5407 reverentia,
2389 5343 2892 5411 administrentur,
2943 5349 3115 5414 prout
3170 5344 3295 5416 ipse
3354 5347 3626 5403 instituit.

1987 5430 2176 5487 Simul
2203 5446 2338 5486 vero
2368 5432 2572 5502 degere
2589 5436 2646 5487 et
2663 5433 2876 5489 versari
2903 5433 3216 5489 monachos
3234 5438 3290 5490 et
3313 5438 3628 5493 monachus

1987 5537 2102 5577 non
2133 5525 2396 5592 oportet;
2429 5521 2646 5594 quippe
2683 5521 3070 5594 periculosum
3094 5527 3151 5578 et
3181 5523 3452 5581 illicitum
3489 5527 3630 5582 illud

1983 5613 2094 5665 est.
2125 5608 2324 5681 Neque
2355 5609 2472 5667 illis
2502 5611 2856 5666 concedatur
2886 5609 3136 5672 licentia,
3172 5617 3236 5669 ut
3266 5613 3438 5670 simul
3458 5615 3630 5671 collo-

1984 5699 2086 5775 qui
2127 5704 2362 5772 queant,
2403 5715 2593 5773 neque
2639 5715 2756 5756 una
2799 5714 2931 5755 cum
2979 5697 3096 5758 illis
3138 5702 3332 5761 cibum
3382 5713 3630 5777 capere;
