4080 6224
375 368 454 427 39
1646 358 2011 424 ΜΛΤΤΗΛἘΙ

2124 359 2498 421 LASTARIS
3697 365 3780 426 40

370 505 429 558 et
457 517 586 573 qua:
636 501 763 555 vita;
812 495 1137 554 necessaria
1167 511 1199 551 a
1227 493 1366 552 viris
1396 496 1466 551 ad
1499 496 1794 569 regulares
1836 497 2011 554 femi-

2124 495 2362 549 εσθίειν·
2438 495 2505 547 τὰ
2581 491 2637 547 δέ
2714 513 2777 569 γε
2856 497 3196 570 κομιζόμενα
3272 505 3388 562 ταῖς
3467 505 3774 563 κανονικαῖς

375 608 481 647 nas
509 591 865 655 deferuntur,
897 590 1058 642 extra
1088 589 1312 656 portam
1333 584 1454 641 haec
1479 586 1724 658 accipiat
1752 587 2018 658 prafecta

372 696 507 738 cum
529 679 644 736 alia
671 676 863 735 vetula
892 673 1195 731 monacha.
1229 675 1288 731 Si
1326 675 1458 746 quis
1489 675 1665 732 etiam
1691 675 2017 732 monachus

376 767 708 827 necessario
730 765 956 837 negotio
976 767 1283 836 cognatam
1308 779 1475 821 suam
1497 767 1681 820 visere
1705 764 2014 821 vehemen-

373 861 462 915 ter
491 856 804 923 desiderat,
829 858 1108 926 praesente
1148 853 1418 926 praetecta
1459 869 1592 908 cum
1621 868 1690 908 ea
1719 849 2016 925 colloqua-

371 949 469 1003 tur
495 948 697 1017 exiguo
735 951 790 1002 et
836 941 994 1000 brevi
1025 957 1316 1011 sermone,
1347 945 1406 998 et
1428 941 1618 998 statim
1661 941 1733 997 ab
1763 956 1832 998 ea
1860 956 2015 998 recc-

367 1033 492 1090 dat.

439 1212 746 1277 Quatustv
777 1209 981 1284 synodi
1030 1226 1214 1266 canon
1266 1210 1686 1266 monasterium
1734 1208 2015 1265 aediﬁcare

365 1300 456 1360 vel
505 1301 817 1358 oratoriam
873 1301 1136 1366 domum,
1186 1303 1398 1371 praeter
1451 1298 1704 1354 civitatis
1760 1297 2013 1370 episcopi

365 1390 739 1459 sententiam,
773 1388 1148 1446 inhonestum
1170 1387 1330 1443 ducit
1359 1403 1376 1456 ;
1429 1385 1745 1442 monachos
1794 1391 2011 1450 autem,

366 1479 468 1552 qui
515 1478 739 1535 sincere
774 1481 832 1534 et
860 1492 979 1534 non
1025 1479 1303 1549 pristextu
1353 1476 1732 1532 monasticam
1785 1473 2012 1545 elegere

362 1570 565 1636 vitam,
604 1567 754 1624 187
807 1567 1070 1640 quietem
1117 1582 1230 1621 non
1277 1566 1464 1622 obiter
1491 1563 1924 1632 baberejubet,
1954 1565 2012 1618 et

362 1659 720 1730 solijejunio
752 1663 810 1714 et
839 1658 1086 1713 orationi
1107 1672 1334 1724 vacare,
1356 1660 1413 1712 et
1433 1657 1492 1712 in
1517 1656 1734 1728 quibus
1762 1653 2012 1710 ordinati

362 1753 505 1804 sunt
533 1747 676 1804 locis
707 1747 930 1803 fortiter
952 1761 1340 1818 perseverare.
1359 1744 1466 1808 Qui
1487 1743 1669 1816 igitur
1690 1743 1769 1798 ita
1790 1742 2008 1808 vivunt,

365 1851 600 1938 equum
629 1843 795 1940 esset.
832 1839 897 1890 ut
925 1834 1198 1940 prai‘aliis
1231 1833 1536 1940 monachis
1559 1829 1862 1935 privilegia
1881 1845 2004 1932 sor—
2041 1875 2091 1940 Β

365 1929 625 1984 tiantur:
657 1927 862 1982 cedant
920 1925 1306 1981 nihilominus
1358 1923 1531 1980 etilli
1583 1921 1836 1994 regionis
1885 1921 2011 1993 epi-

367 2032 576 2090 scOpo,
609 2014 1101 2088 quemadmodum
1134 2013 1363 2071 clericis
1407 2013 1574 2083 jubet
1621 2011 1733 2080 lex,
1765 2015 1822 2067 et
1869 2009 2011 2065 nihil

367 2105 723 2164 sacerdotale
751 2111 1158 2176 exsequantur,
1193 2103 1250 2158 in
1285 2101 1460 2158 aliam
1501 2101 1790 2168 regionem
1824 2099 2014 2155 disce—

364 2197 588 2262 dentes,
620 2195 840 2266 absque
868 2191 1126 2265 episcopi
1154 2189 1411 2264 pacificis
1431 2195 1490 2246 et
1517 2187 2012 2245 commendatitiis

359 2286 592 2342 litteris.
627 2284 734 2348 Qui
768 2283 998 2356 pr0pria
1028 2281 1370 2351 relinquunt
1403 2279 1779 2344 monasteria,
1812 2281 1870 2333 et
1917 2276 2004 2332 ci-

358 2375 562 2436 vitates
594 2373 952 2444 negligenter
983 2377 1041 2428 et
1068 2370 1401 2427 inordinate
1429 2369 1726 2424 circumcu
1741 2375 1923 2436 rsant,
1952 2371 2010 2420 et

362 2461 750 2520 ecclesiastica
779 2466 836 2516 et
855 2460 1048 2515 civilia
1076 2458 1309 2531 negotia
1343 2457 1702 2528 perturbant,
1728 2462 1793 2511 ut
1822 2469 2010 2526 neque

369 2552 566 2610 divina
587 2569 620 2606 a
652 2551 801 2618 suis,
823 2566 1011 2620 neque
1033 2549 1292 2603 humana
1313 2547 1635 2602 secundum
1659 2545 2011 2601 convenien-

366 2646 486 2699 tem
524 2642 783 2699 ordinem
833 2637 1232 2694 administrari
1283 2639 1480 2693 sinant
1511 2653 1526 2704 ;
1570 2652 1696 2707 quae
1727 2637 1796 2691 ad
1831 2635 2008 2690 vitam

366 2731 591 2787 scilicet
620 2735 882 2801 spectant
912 2746 946 2782 a
984 2727 1170 2792 laicis,
1204 2745 1237 2782 a
1269 2725 1570 2781 monachis
1591 2730 1779 2781 autem
1812 2729 1870 2778 et
1900 2723 2007 2777 cle-

365 2820 500 2876 ricis
529 2837 594 2876 ea
623 2835 748 2890 qua:
765 2823 908 2873 sunt
928 2818 1042 2873 Deo
1062 2817 1320 2871 dedicata
1347 2836 1361 2881 ;
1396 2814 1503 2870 hos
1534 2814 1618 2869 vel
1651 2815 1862 2868 invitos
1885 2829 2005 2866 mo-

363 2908 633 2966 nasteriis
665 2908 884 2964 includi
911 2907 1098 2978 jubet,
1125 2906 1236 2960 nisi
1261 2905 1500 2976 quidam
1524 2905 1596 2958 ad
1621 2901 2005 2958 necessariam

364 3001 556 3058 forsan
611 2999 872 3056 civilium
923 2995 1287 3069 negotiorum
1353 2995 1920 3051 administrationem
1975 3011 2008 3048 a

367 3089 622 3145 civitatis
652 3089 924 3159 episcopo
965 3086 1194 3142 veniam
1247 3083 1544 3140 consecuti
1575 3083 1718 3150 sint,
1747 3082 1845 3154 qui
1893 3081 2010 3137 sci—

367 3178 503 3234 licet
547 3195 579 3234 ο
633 3176 859 3234 clericis
899 3181 959 3231 et
1000 3174 1166 3230 laicis
1223 3179 1362 3229 tunc
1417 3172 1832 3228 exsistentibus
1889 3170 2010 3226 haec

2126 583 2385 657 ἀναγκαῖα
2414 586 2508 636 τοῦ
2558 582 2680 656 βίου
2711 585 2847 657 πρὸς
2895 588 3004 639 τῶν
3047 584 3280 662 ἀνδρῶν,
3313 587 3508 658 ἔξωθεν
3554 595 3656 658 τῆς
3688 591 3777 642 θύ-

2126 692 2224 746 ρας
2264 675 2298 742 ἡ
2346 673 2623 747 ἡγουμένη
2673 676 2842 728 ταῦτα
2889 671 3364 750 παραλαμϐανέτω
3420 680 3538 752 μεθ’
3587 680 3776 753 ἑτέρας

2095 762 2453 838 ’μοναστρίας
2499 761 2686 837 γραός.
2730 762 2794 819 Εἰ
2844 760 2900 818 δὲ
2944 765 3034 819 καί
3079 770 3188 822 τῶν
3235 773 3490 843 μοναχῶν
3537 790 3623 833 τις
3668 770 3770 837 τήν

2125 854 2242 908 καθ’
2271 855 2409 926 αἷμα
2452 853 2832 928 προσήκουσαν
2884 850 3017 908 ἰδεῖν
3049 855 3172 930 περὶ
3221 857 3480 913 πλείστου
3527 863 3769 914 ποιεῖται

2123 941 2418 1016 ἀναγκαίου
2502 943 2818 1018 πράγματος
2889 942 3036 1017 πέρι,
3113 948 3212 1011 τῆς
3285 948 3602 1022 ἡγουμένης
3681 947 3774 1003 ὑπ’

2125 1029 2247 1104 ὄψιν
2295 1030 2464 1105 ταύτῃ
2522 1029 2935 1106 προσομιλείτω
2985 1029 3056 1087 δι’
3113 1033 3317 1112 ὀλίγων
3377 1037 3467 1091 καὶ
3521 1041 3770 1114 σμικρῶν

2125 1118 2326 1194 λόγων,
2356 1121 2445 1175 καὶ
2474 1121 2688 1196 ταχέως
2718 1120 3106 1197 ὓποχωρείτω.

2196 1213 2252 1262 '0
2279 1205 2336 1264 δὲ
2367 1206 2411 1264 δ’
2441 1215 2540 1278 τῆς
2566 1207 2610 1263 δ’
2646 1207 2877 1265 συνόδου
2927 1212 3106 1267 κανὼν
3137 1215 3499 1289 μοναστήριον
3548 1213 3768 1271 οἰκοδο-

2127 1303 2245 1371 μεῖν
2278 1299 2312 1368 ﬁ
2346 1298 2632 1374 εὐκτήριον
2661 1299 2761 1354 οὐκ
2804 1299 2856 1354 ἐν
2890 1299 3046 1372 καλῷ
3092 1300 3320 1366 τίθεται.
3352 1303 3498 1378 παρᾶ
3541 1304 3768 1379 γνώμην

2123 1390 2221 1441 τοῦ
2275 1393 2375 1456 τῆς
2431 1384 2650 1449 πόλεως
2706 1386 3004 1445 ἐπισκόπου
3037 1411 3052 1425 ο
3102 1394 3210 1445 τῶν
3263 1392 3451 1464 μέντοι
3503 1394 3762 1470 μονάχῶν

2119 1473 2248 1536 τοὺς
2305 1472 2618 1550 εἰλικρινῶς
2670 1475 2759 1531 καὶ
2817 1478 2894 1551 μὴ
2954 1481 3310 1554 προσχήματι
3375 1481 3466 1536 τὸν
3547 1483 3761 1558 μονήρη

2126 1565 2408 1636 μετιόντας
2444 1565 2583 1640 βίον,
2616 1567 2714 1636 τήν
2761 1566 2994 1645 ἡσυχίαν
3030 1569 3106 1642 μή
3156 1567 3208 1624 ἐν
3257 1571 3516 1647 παρέργῳ
3562 1573 3766 1627 τιθέναι

2121 1652 2352 1721 κελεύει,
2387 1654 2521 1730 μόνῃ
2566 1676 2626 1710 τε
2674 1659 3026 1733 προσανέχειν
3073 1661 3142 1730 τῇ
3193 1659 3413 1732 νηστείᾳ
3461 1663 3552 1716 καὶ
3599 1681 3768 1737 προσ-

2123 1745 2285 1816 ευχῇ,
2334 1744 2424 1798 καὶ
2475 1743 2528 1798 ἐν
2573 1745 2656 1807 οἷς
2706 1745 3034 1816 ἀπετάξαντο
3087 1746 3280 1809 τόποις
3325 1757 3766 1825 προσκαρτερεῖν.

2121 1831 2182 1886 O't
2222 1836 2352 1907 γοῦν
2398 1832 2542 1889 οὕτω
2594 1835 2840 1907 βιοῦντες
2891 1833 3092 1890 δίκαιοι
3140 1834 3202 1890 ἂν
3249 1839 3349 1893 εἶεν
3399 1839 3466 1893 τὰ
3507 1835 3769 1914 πρεσϐεῖα

2121 1922 2255 1975 κατά
2283 1925 2389 1976 τῶν
2415 1920 2602 1978 ἄλλων
2653 1921 2902 1999 φέρεσθαι
2935 1929 3198 2003 μοναχῶν
3233 1945 3246 1958 ·
3301 1926 3540 1984 ὑπείκειν
3575 1929 3766 2002 μέντοι

2121 2010 2210 2064 καὶ
2267 2011 2491 2074 τούτους
2545 2016 2624 2084 τῷ
2681 2012 2940 2088 ἐγχωρίῳ
2997 2013 3300 2088 ἐπισκόπῳ,
3357 2013 3539 2092 ὥσπερ
3597 2018 3769 2086 νόμος

2119 2103 2236 2161 τοῖς
2281 2099 2592 2178 κληρικοῖς,
2622 2102 2712 2156 καὶ
2765 2099 2935 2176 μηδὲν
2987 2104 3256 2179 ἱερατικὸν
3304 2105 3577 2180 πράττειν,
3625 2107 3764 2182 πρὸς

2121 2189 2302 2260 ἑτέραν
2360 2188 2688 2266 ἀπαίροντας
2743 2189 3036 2265 ἐπαρχίαν,
3089 2194 3264 2267 χωρὶς
3327 2193 3668 2264 ἀπολυτικῆς
3727 2198 3764 2266 ἢ

2121 2280 2446 2347 συστατικῆς
2491 2283 2587 2332 τοῦ
2634 2278 2930 2334 ἐπισκόπου
2978 2287 3211 2356 γραφῆς.
3251 2280 3386 2344 Τούς
3433 2303 3497 2356 γε
3547 2285 3658 2356 μὴν
3697 2283 3767 2336 τὰ

2122 2365 2238 2422 ἴδια
2291 2367 2802 2441 καταλιμπάνοντας
2867 2373 3217 2442 μονασνήρια,
3270 2371 3358 2426 καὶ
3416 2371 3512 2435 τὰς
3567 2371 3761 2433 πόλεις

2121 2454 2431 2534 ἀδιαφόρως
2473 2459 2564 2511 καὶ
2595 2458 2838 2519 ἀτάκτως
2883 2461 3214 2533 περιΐόντας,
3242 2460 3333 2514 καὶ
3379 2461 3446 2514 τὰ
3492 2468 3594 2530 τῆς
3643 2463 3765 2516 Ἐκ.

2119 2545 2374 2616 κλησίας,
2427 2547 2563 2620 πρὸς
2623 2545 2679 2601 δὲ
2733 2549 2822 2602 καὶ
2879 2549 2945 2602 τὰ
2999 2547 3259 2603 πολιτικά
3315 2546 3768 2625 διαταράσσοντῖις

2121 2635 2435 2709 πράγματα,
2467 2636 2542 2696 ὡς
2597 2639 2736 2708 μήτε
2764 2635 2830 2690 τὰ
2881 2639 3000 2690 θεῖα
3039 2637 3190 2712 μέρει
3238 2635 3316 2709 τῷ
3365 2639 3593 2709 ἑαυτῶν,
3631 2642 3769 2711 μήτε

2118 2724 2184 2777 τὰ
2229 2726 2536 2798 ἀνθρώπινα
2579 2726 2715 2779 κατά
2763 2746 2826 2800 γε
2871 2726 2972 2794 την
3018 2729 3402 2799 προσήκουσαν
3448 2727 3593 2800 τάξιν
3633 2727 3770 2782 ἐῶν-

2116 2834 2211 2874 τας
2261 2810 2666 2887 διενεργεῖσθαι,
2701 2815 2804 2869 ὑπὸ
2855 2813 3062 2870 λαϊκῶν
3098 2816 3193 2888 μὲν
3239 2817 3306 2870 τὰ
3354 2817 3607 2890 βιωτικὰ,
3663 2819 3766 2872 ὑπὸ

2119 2899 2174 2955 δὲ
2209 2907 2470 2976 μοναχῶν
2512 2903 2602 2956 καὶ
2643 2901 2930 2977 κληρικῶν
2975 2903 3042 2958 τὰ
3069 2908 3150 2976 τῷ
3198 2903 3315 2978 Θεῷ
3359 2904 3766 2978 ἀνατεθειμένα,

2116 2990 2348 3051 τούτους
2403 2991 2494 3044 καὶ
2556 2988 2786 3054 ἄκοντας
2849 2995 2964 3054 τοῖς
3045 2992 3432 3068 μοναστηρίοις
3507 2993 3766 3068 ἐγκλείειν

2117 3078 2349 3149 κελεύει,
2401 3078 2450 3134 εἷ’
2501 3082 2575 3152 μή
2623 3100 2764 3141 τινες
2815 3079 2918 3156 ἄρα
2957 3080 3032 3143 εἷς
3077 3079 3382 3139 πολιτικῶν
3431 3083 3766 3158 πραγμάτων

2117 3169 2409 3243 ἀναγκαίαν
2460 3167 2729 3242 διοίκησιν
2779 3168 3120 3244 ὲπιτραπεῖεν
3166 3172 3314 3246 παρὰ
3359 3176 3457 3228 τοῦ
3504 3179 3605 3240 τῆς
3657 3172 3766 3226 πό-

366 3269 576 3326 melius
625 3268 1037 3325 administrare
1086 3273 1319 3322 norunt.
1377 3264 1639 3321 Decernit
1686 3265 1886 3334 etiam,
1946 3269 2011 3317 ut

2124 3259 2264 3320 λεως
2321 3259 2640 3326 ἐπισκόπου,
2699 3261 2789 3315 ἅτε
2842 3265 2951 3315 τῶν
3006 3265 3304 3330 τηνικαῦτα
3367 3261 3653 3336 κληρικῶν

366 3358 561 3415 nullus
607 3375 810 3414 servus
840 3374 874 3412 a
902 3356 1384 3412 monasteriorum
1429 3354 1717 3426 praefectis
1760 3353 1830 3408 ad
1879 3367 2009 3408 mo-

367 3449 654 3504 nasticam
724 3447 897 3504 vitam
966 3444 1333 3513 admittatur,
1381 3447 1588 3516 prater
1649 3441 1870 3498 domini
1918 3441 2008 3496 sui

358 3538 735 3603 voluntatem,
785 3552 856 3591 ne
925 3550 1136 3591 nomen
1185 3534 1283 3590 Dei
1335 3533 1816 3605 blasphematur;
1873 3547 2007 3587 eum

365 3643 522 3696 vero,
555 3625 652 3697 qui
681 3625 836 3681 hanc
865 3623 1266 3680 deﬁnitionem
1302 3621 1746 3694 transgreditur,
1779 3636 2010 3677 excom-

368 3715 787 3774 municandum
819 3729 943 3770 esse
975 3729 990 3768 :
1023 3711 1274 3768 civitatis
1303 3727 1472 3784 porro
1514 3711 1852 3782 episcopum
1879 3725 2007 3765 eam

367 3810 654 3880 oportere,
713 3819 883 3876 quam
940 3819 1048 3874 par
1101 3805 1211 3869 est,
1269 3801 1750 3857 monasteriorum
1810 3815 2010 3855 curam

367 3909 584 3966 gerere,
617 3908 690 3948 ne
736 3907 931 3948 rerum
982 3891 1053 3946 ad
1102 3889 1231 3945 illos
1281 3889 1696 3960 pertinentium
1750 3887 2012 3944 molestia

370 3982 789 4041 monachorum
840 3978 1180 4052 perturbent
1231 3979 1501 4050 quietem.
1536 3980 1730 4044 Quaere
1762 3978 1835 4032 22
1857 3981 1914 4032 et
1939 3979 2008 4031 25

361 4071 552 4146 capita
581 4070 788 4128 litterae
821 4070 880 4125 E.

367 4363 440 4420 De
465 4359 623 4418 modo
655 4374 760 4431 quo
788 4357 969 4428 accipi
1013 4353 1211 4410 debent
1256 4351 1350 4408 illi
1395 4351 1493 4424 qui
1539 4350 1762 4408 tonderi
1799 4350 2006 4406 volunt.

436 4525 632 4581 Canon
679 4525 874 4577 autem
914 4519 980 4574 43
1023 4513 1252 4572 concilii
1302 4513 1468 4582 sexti,
1501 4511 1872 4576 Conceditur,
1917 4507 2006 4563 in-

2120 3348 2320 3404 λαϊκῶν
2379 3349 2774 3426 ἀσφαλέστερον
2828 3353 2993 3404 ταῦτα
3052 3347 3312 3404 διαθεῖναι
3383 3352 3459 3423 μή
3539 3351 3766 3424 ἀμαθῶς

2117 3433 2360 3512 ἔχοντες.
2394 3439 2696 3493 Ἐπιτάττει
2753 3435 2810 3493 δὲ
2851 3439 2939 3492 καὶ
2996 3435 3201 3510 μηδένα
3250 3435 3446 3494 δοῦλον
3496 3438 3624 3500 τοὺς
3655 3443 3768 3493 τῶν

2122 3525 2501 3600 μοναστηρίων
2551 3531 2896 3602 προεστῶτας
2945 3525 3281 3603 εῗσδέχεσοαι
3341 3527 3428 3582 ἐπὶ
3484 3529 3546 3583 τὸ
3599 3528 3768 3601 μονά-

2119 3636 2207 3670 σαι
2265 3615 2409 3690 παρᾶ
2464 3617 2694 3690 γνώμην
2751 3615 2852 3671 τοῦ
2910 3613 3051 3671 ἰδίου
3108 3617 3394 3687 δεσπότου,
3437 3615 3528 3672 ἵνα
3579 3619 3656 3690 μή
3703 3617 3768 3671 τὸ

2119 3704 2295 3777 ὄνομα
2321 3709 2418 3759 τοῦ
2462 3709 2596 3760 Θεοῦ
2627 3705 3050 3784 βλασφημῆται,
3079 3707 3172 3760 τὸν
3220 3703 3277 3761 δὲ
3319 3707 3413 3761 τὸν
3466 3707 3592 3779 ὅρον
3641 3728 3771 3762 του-

2116 3795 2232 3850 τονὶ
2287 3791 2710 3870 παραῧαίνοντα,
2771 3795 3138 3866 ἆκοινώτητον
3200 3797 3333 3851 εἶναι
3366 3815 3380 3829 ·
3440 3797 3534 3851 τόν
3594 3817 3656 3872 γε
3700 3794 3771 3862 δὴ

2116 3890 2217 3954 τῆς
2275 3883 2490 3945 πόλεως
2544 3884 2837 3940 ἐπίσκοπον
2893 3891 3097 3960 χρῆναι
3157 3886 3256 3954 τήν
3317 3884 3538 3940 δὲουσαν
3590 3890 3766 3938 ποιεῖ-

2119 3973 2240 4027 σθαι
2296 3973 2554 4047 πρόνοιαν
2608 3977 2715 4028 τῶν
2781 3973 3188 4048 μοναστηρίων,
3243 3972 3339 4028 ’ίνα
3397 3975 3474 4046 μὴ
3529 3977 3599 4046 τῇ
3655 3977 3764 4027 τῶν

2118 4065 2429 4136 προσόντων
2474 4061 2659 4123 αὐτοῖς
2718 4062 2947 4137 όχκήσει
3002 4061 3334 4138 πραγμάτων
3397 4063 3764 4136 συνταράστη-

2117 4172 2204 4206 ται
2233 4156 2351 4214 τοῖς
2386 4155 2653 4226 μοναχοῖς
2681 4151 2744 4206 τὸ
2794 4149 3124 4230 φιλήσυχον.
3156 4153 3315 4222 Ζήτει
3358 4152 3421 4206 τὸ
3451 4152 3538 4227 κβ¹
3582 4151 3672 4206 καὶ
3704 4153 3768 4206 τὸ

2118 4261 2179 4295 κε
2220 4260 2338 4319 κεφ.
2373 4245 2469 4296 τοῦ
2498 4243 2538 4297 E
2573 4239 2876 4315 στοιχείου.

2121 4349 2277 4422 Περί
2328 4351 2441 4404 τοῦ
2498 4353 2633 4409 πῶς
2687 4348 2818 4422 χρὴ
2869 4345 3184 4422 δέχεσθαι
3235 4346 3387 4411 τοὺς
3446 4347 3767 4410 θέλοντας

2715 4421 3165 4494 ἆποκαρίῆναι.

2187 4510 2244 4564 '0
2295 4507 2350 4564 δὲ
2403 4513 2494 4584 μγ¹
2539 4515 2640 4578 τῆς
2669 4513 2716 4572 ς’
2767 4507 2997 4564 συνόδου
3046 4507 3246 4579 κανὼν,
3291 4509 3404 4564 Οὐκ
3453 4507 3768 4583 ἀπείρηται,

365 4615 513 4690 quit,
547 4612 727 4670 cuivis
756 4609 1108 4677 Christiano,
1139 4604 1371 4662 etiamsi
1403 4604 1649 4676 graviter
1679 4599 2009 4672 deliquerit,

2124 4597 2277 4679 φησὶ,
2336 4599 2495 4653 παντῖ
2564 4599 2890 4671 Χριστιανῷ,
2948 4597 3038 4652 καὶ
3111 4595 3323 4673 μεγάλα
3396 4598 3768 4672 ἡμαρτηκότι,

363 4708 577 4760 statum
612 4699 993 4757 monasticum
1024 4694 1277 4767 ingredi,
1310 4694 1409 4765 qui
1434 4693 1613 4749 vitam
1637 4691 1871 4762 quidem
1897 4705 2012 4762 pce-

365 4792 728 4851 nitentialem
760 4791 1031 4846 accurate
1058 4785 1226 4840 nobis
1249 4786 1620 4855 repraesentat
1644 4797 1658 4834 :
1693 4797 1828 4836 nam
1850 4777 2010 4834 velut

366 4883 639 4942 columna
667 4877 930 4951 quaedam
962 4873 1366 4946 paenitentiam
1398 4876 1634 4927 externo
1663 4869 1891 4936 habitu,
1924 4867 2006 4923 vi-

367 4977 486 5041 ctu,
521 4970 898 5038 moribusque
919 4962 1215 5036 exprimit,
1250 4970 1423 5032 atque
1455 4964 1684 5016 nosmet
1712 4959 1841 5028 ejus
1863 4972 2011 5012 sem-

369 5080 472 5133 per
503 5072 791 5116 memores
824 5056 1075 5128 praastat.
1111 5051 1308 5122 Neque
1338 5066 1472 5104 vero
1511 5053 1614 5104 aut
1663 5046 2009 5102 delictorum

370 5147 710 5214 multitudo,
743 5148 844 5200 aut
868 5141 1042 5197 etiam
1068 5138 1407 5210 magnitudo
1427 5135 1890 5208 desperationem
1917 5149 2016 5188 no-

369 5239 463 5294 bis
486 5240 684 5291 creet:
739 5247 925 5302 neque
963 5228 1172 5282 modus
1203 5225 1429 5281 vivendi
1483 5224 1758 5295 cuiquam
1803 5222 2013 5291 obstet,

370 5325 687 5399 quominus
717 5322 873 5376 hunc
901 5323 1022 5373 tam
1055 5320 1289 5388 gratum
1328 5316 1437 5370 Deo
1468 5329 1709 5385 scopum
1748 5310 2018 5382 attingat.

369 5413 526 5472 Dixit
554 5414 708 5468 enim
741 5409 1006 5465 Salvator
1035 5408 1272 5460 noster:
1308 5424 1336 5455 αι
1379 5403 1549 5458 Illum
1584 5401 1682 5472 qui
1705 5400 1775 5456 ad
1811 5415 1902 5455 me
1929 5415 2024 5453 vc-

374 5505 485 5574 nit,
516 5501 856 5573 neutiquam
882 5495 1111 5567 ejiciam
1145 5494 1317 5550 foras.
1355 5513 1382 5543 ››

443 5594 638 5649 Ganon
677 5605 814 5645 vero
851 5587 944 5654 40,
990 5583 1286 5652 Quamvis,
1328 5582 1540 5655 inquit,
1591 5581 1766 5639 hosce
1813 5578 1913 5651 qui
1952 5583 2018 5634 ut

370 5683 488 5744 Deo
519 5683 931 5754 jungerentur,
958 5673 1080 5746 jam
1133 5671 1307 5731 rebus
1351 5670 1731 5730 secularibus
1775 5669 2013 5740 longum

2119 4691 2219 4759 τήν
2275 4685 2573 4762 μοναδικήν
2628 4686 2904 4762 μετελθεῖν
2955 4686 3259 4757 πολιτείαν,
3313 4688 3435 4757 ἥτις
3483 4689 3622 4761 ἡμῖν
3671 4690 3771 4756 τὴν

2121 4779 2172 4833 ἐν
2234 4778 2494 4850 μετανοίᾳ
2543 4780 2688 4847 ζωήν
2737 4779 2830 4832 σὺν
2891 4772 3141 4851 ἀκριϐείᾳ
3199 4775 3572 4852 στηλογραφεῖ
3607 4797 3618 4808 ⁸
3676 4777 3772 4830 οἶά

2117 4890 2203 4931 τις
2245 4868 2346 4944 γὰρ
2399 4867 2578 4938 στήλη
2609 4869 2709 4938 τήν
2760 4869 3051 4942 μετάνοιαν
3097 4869 3236 4941 ἡμῖν
3263 4871 3343 4940 τῷ
3388 4864 3580 4938 ἔξωθεν
3623 4869 3772 4940 σχή-

2122 4979 2274 5032 ματι,
2321 4958 2411 5012 καὶ
2453 4963 2532 5029 τῷ
2573 4958 2698 5032 βίῳ,
2744 4957 2831 5012 καὶ
2889 4963 3005 5018 τοῖς
3062 4958 3248 5026 ἤθεσιν
3300 4958 3623 5036 ὑπογράφει,
3677 4956 3768 5011 καὶ

2119 5047 2320 5118 ταύτης
2375 5047 2457 5101 ἀεὶ
2521 5049 2826 5121 μεμνῆσθαι
2892 5048 3308 5123 παρασκευάζει.
3370 5048 3460 5115 Μὴ
3519 5045 3656 5115 δῆτα
3730 5047 3766 5112 ἡ

2120 5141 2229 5192 τῶν
2283 5136 2637 5209 πταισμάτων
2697 5135 2911 5205 πληθὺς
2964 5136 3056 5192 καὶ
3113 5137 3176 5192 τὸ
3238 5136 3403 5212 βάρος
3458 5135 3768 5210 ἀπόγνωσιν

2120 5229 2256 5300 ἡμῖν
2304 5225 2600 5299 ἐμποιείτω
2636 5245 2648 5258 ⁸
2703 5224 2845 5298 μηδέ
2870 5247 2951 5288 τις
2993 5228 3195 5299 τρόπος
3243 5223 3499 5299 ἐμποδὼν
3530 5223 3766 5298 γενέσθω

2119 5317 2228 5372 τινὶ
2257 5317 2394 5390 πρὸς
2425 5317 2524 5384 τὴν
2555 5321 2653 5372 τοῦ
2706 5315 2996 5390 θεοφιλοῦς
3025 5316 3223 5372 τούτου
3271 5319 3476 5370 σκοποῦ
3505 5309 3764 5380 ἀποπλή-

2124 5425 2314 5478 ρωσιν.
2343 5411 2397 5460 '0
2444 5407 2545 5482 γὰρ
2597 5405 2790 5480 Σωτὴρ
2836 5407 2997 5478 ἡμῶν
3039 5403 3226 5480 εἴρηκε
3258 5423 3272 5440 ο
3323 5404 3423 5458 Τὸν
3463 5401 3764 5474 ἐρχόμενον

2124 5497 2260 5570 πρός
2295 5515 2361 5568 με
2392 5495 2455 5549 οὐ
2491 5495 2567 5568 μή
2591 5489 2809 5550 ἐκϐάλω
2839 5489 2960 5564 ἔξω.

2192 5589 2250 5642 Ὀ
2283 5585 2340 5641 δὲ
2387 5591 2464 5660 μ’,
2499 5587 2561 5644 Εἰ
2609 5589 2698 5642 καὶ
2747 5587 2810 5642 τὸ
2859 5585 3164 5642 κολλᾶσθαι
3195 5589 3333 5655 Θεῷ,
3378 5584 3534 5661 φησὶ,
3581 5579 3770 5637 πολλὰ

2125 5676 2338 5755 χαίρειν
2386 5675 2652 5753 πρότερον
2692 5681 2809 5741 τοῖς
2857 5680 2954 5731 τοῦ
3001 5675 3126 5751 βίου
3175 5676 3475 5754 φράσαντας
3516 5672 3770 5750 πρ-ίγμα·
