  <div class='ocr_page' id='page_1' title='image "/cluster/home/n/w/nwhite01/storage/ocr_20150623/145/hvd.32044054086921/026.png"; bbox 0 0 4080 6224; ppageno 0'>
   <div class='ocr_carea' id='block_1_1' title="bbox 181 367 256 426">
    <p class='ocr_par' dir='ltr' id='par_1_1' title="bbox 181 367 256 426">
     <span class='ocr_line' id='line_1_1' title="bbox 181 367 256 426; baseline 0.013 -1"><span class='ocrx_word' id='word_1_1' title='bbox 181 367 256 426; x_wconf 77' lang='grc'><strong>41</strong></span> 
     </span>
    </p>
   </div>
   <div class='ocr_carea' id='block_1_2' title="bbox 1211 356 2582 424">
    <p class='ocr_par' dir='ltr' id='par_1_2' title="bbox 1211 356 2582 424">
     <span class='ocr_line' id='line_1_2' title="bbox 1211 356 2582 424; baseline -0.001 -2"><span class='ocrx_word' id='word_1_2' title='bbox 1211 358 1642 423; x_wconf 81' lang='lat' dir='ltr'><strong>SYNTAGMA</strong></span> <span class='ocrx_word' id='word_1_3' title='bbox 1683 356 2324 424; x_wconf 82' lang='lat' dir='ltr'><strong>ALPHABETICUM.</strong></span> <span class='ocrx_word' id='word_1_4' title='bbox 2373 395 2450 406; x_wconf 90' lang='lat'><strong><em>—</em></strong></span> <span class='ocrx_word' id='word_1_5' title='bbox 2493 363 2582 422; x_wconf 94' lang='lat' dir='ltr'><strong>M.</strong></span> 
     </span>
    </p>
   </div>
   <div class='ocr_carea' id='block_1_3' title="bbox 3521 369 3600 430">
    <p class='ocr_par' dir='ltr' id='par_1_3' title="bbox 3521 369 3600 430">
     <span class='ocr_line' id='line_1_3' title="bbox 3521 369 3600 430; baseline 0 0"><span class='ocrx_word' id='word_1_6' title='bbox 3521 369 3600 430; x_wconf 73' lang='grc'><strong>42</strong></span> 
     </span>
    </p>
   </div>
   <div class='ocr_carea' id='block_1_4' title="bbox 184 492 1866 576">
    <p class='ocr_par' dir='ltr' id='par_1_4' title="bbox 184 492 1840 573">
     <span class='ocr_line' id='line_1_4' title="bbox 184 492 1840 573; baseline -0.005 -15"><span class='ocrx_word' id='word_1_7' title='bbox 184 525 260 573; x_wconf 88' lang='grc' dir='ltr'><strong>σι,</strong></span> <span class='ocrx_word' id='word_1_8' title='bbox 316 503 421 566; x_wconf 71' lang='grc' dir='ltr'>τῆς</span> <span class='ocrx_word' id='word_1_9' title='bbox 506 499 714 554; x_wconf 76' lang='grc' dir='ltr'>ἐκεῖθεν</span> <span class='ocrx_word' id='word_1_10' title='bbox 801 497 1205 573; x_wconf 80' lang='grc' dir='ltr'><strong>μακαριότητος</strong></span> <span class='ocrx_word' id='word_1_11' title='bbox 1279 495 1670 572; x_wconf 73' lang='grc' dir='ltr'><strong>κληρονόμους</strong></span> <span class='ocrx_word' id='word_1_12' title='bbox 1729 492 1840 550; x_wconf 77' lang='grc' dir='ltr'>οἶδε</span> 
     </span>
    </p>
   </div>
   <div class='ocr_carea' id='block_1_5' title="bbox 1981 492 3604 576">
    <p class='ocr_par' dir='ltr' id='par_1_5' title="bbox 1981 495 3604 576">
     <span class='ocr_line' id='line_1_5' title="bbox 1981 495 3604 576; baseline 0.007 -25"><span class='ocrx_word' id='word_1_13' title='bbox 1981 495 2370 561; x_wconf 55' lang='grc' dir='ltr'><strong>νηιεᾶίχοτυηῐ,</strong></span> <span class='ocrx_word' id='word_1_14' title='bbox 2431 496 2597 552; x_wconf 87' lang='lat' dir='ltr'><strong>istius</strong></span> <span class='ocrx_word' id='word_1_15' title='bbox 2632 497 2926 556; x_wconf 87' lang='lat' dir='ltr'><strong>felicitatis</strong></span> <span class='ocrx_word' id='word_1_16' title='bbox 2962 500 3053 558; x_wconf 90' lang='lat' dir='ltr'><strong>hic</strong></span> <span class='ocrx_word' id='word_1_17' title='bbox 3085 503 3394 576; x_wconf 86' lang='lat' dir='ltr'><strong>participes</strong></span> <span class='ocrx_word' id='word_1_18' title='bbox 3415 505 3604 562; x_wconf 79' lang='lat' dir='ltr'><strong>facere</strong></span> 
     </span>
    </p>
   </div>
   <div class='ocr_carea' id='block_1_6' title="bbox 186 583 1844 658">
    <p class='ocr_par' dir='ltr' id='par_1_6' title="bbox 186 583 1844 658">
     <span class='ocr_line' id='line_1_6' title="bbox 186 583 1844 658; baseline -0.005 -12"><span class='ocrx_word' id='word_1_19' title='bbox 186 597 392 657; x_wconf 80' lang='grc' dir='ltr'>ποιεῖν,</span> <span class='ocrx_word' id='word_1_20' title='bbox 449 588 574 644; x_wconf 78' lang='grc' dir='ltr'>ἀλλ’</span> <span class='ocrx_word' id='word_1_21' title='bbox 630 587 991 658; x_wconf 74' lang='grc' dir='ltr'><strong>ἀνεξετάστως</strong></span> <span class='ocrx_word' id='word_1_22' title='bbox 1050 585 1112 642; x_wconf 85' lang='grc' dir='ltr'><strong>οὐ</strong></span> <span class='ocrx_word' id='word_1_23' title='bbox 1172 584 1329 641; x_wconf 72' lang='grc' dir='ltr'>δίον·</span> <span class='ocrx_word' id='word_1_24' title='bbox 1382 583 1508 641; x_wconf 77' lang='grc' dir='ltr'>οὐδὲ</span> <span class='ocrx_word' id='word_1_25' title='bbox 1562 585 1708 658; x_wconf 78' lang='grc' dir='ltr'>παρὰ</span> <span class='ocrx_word' id='word_1_26' title='bbox 1749 585 1844 639; x_wconf 88' lang='grc' dir='ltr'>τὸν</span> 
     </span>
    </p>
   </div>
   <div class='ocr_carea' id='block_1_7' title="bbox 185 671 1842 754">
    <p class='ocr_par' dir='ltr' id='par_1_7' title="bbox 185 671 1842 754">
     <span class='ocr_line' id='line_1_7' title="bbox 185 671 1842 754; baseline -0.005 -20"><span class='ocrx_word' id='word_1_27' title='bbox 185 680 534 754; x_wconf 71' lang='grc' dir='ltr'>προσήκοντα</span> <span class='ocrx_word' id='word_1_28' title='bbox 593 674 774 747; x_wconf 75' lang='grc' dir='ltr'>δήπου</span> <span class='ocrx_word' id='word_1_29' title='bbox 849 683 951 746; x_wconf 81' lang='grc' dir='ltr'><strong>τῆς</strong></span> <span class='ocrx_word' id='word_1_30' title='bbox 1012 673 1238 744; x_wconf 73' lang='grc' dir='ltr'>ἡλικίας</span> <span class='ocrx_word' id='word_1_31' title='bbox 1296 675 1509 746; x_wconf 88' lang='grc' dir='ltr'>καιρὸν,</span> <span class='ocrx_word' id='word_1_32' title='bbox 1565 672 1692 736; x_wconf 77' lang='grc' dir='ltr'>τοὺς</span> <span class='ocrx_word' id='word_1_33' title='bbox 1747 671 1842 728; x_wconf 85' lang='grc' dir='ltr'>τὸν</span> 
     </span>
    </p>
   </div>
   <div class='ocr_carea' id='block_1_8' title="bbox 199 765 1844 843">
    <p class='ocr_par' dir='ltr' id='par_1_8' title="bbox 199 765 1844 843">
     <span class='ocr_line' id='line_1_8' title="bbox 199 765 1844 843; baseline -0.005 -19"><span class='ocrx_word' id='word_1_34' title='bbox 199 771 413 843; x_wconf 81' lang='grc' dir='ltr'>μονήρη</span> <span class='ocrx_word' id='word_1_35' title='bbox 473 767 591 841; x_wconf 80' lang='grc' dir='ltr'>βίον</span> <span class='ocrx_word' id='word_1_36' title='bbox 645 766 1031 840; x_wconf 71' lang='grc' dir='ltr'>αἱρουμένους,</span> <span class='ocrx_word' id='word_1_37' title='bbox 1075 765 1169 820; x_wconf 78' lang='grc' dir='ltr'>τὸν</span> <span class='ocrx_word' id='word_1_38' title='bbox 1225 767 1326 832; x_wconf 82' lang='grc' dir='ltr'>τῆς</span> <span class='ocrx_word' id='word_1_39' title='bbox 1372 769 1548 836; x_wconf 76' lang='grc' dir='ltr'>μονῆς</span> <span class='ocrx_word' id='word_1_40' title='bbox 1604 781 1844 837; x_wconf 85' lang='grc' dir='ltr'>προστα-</span> 
     </span>
    </p>
   </div>
   <div class='ocr_carea' id='block_1_9' title="bbox 201 850 1844 930">
    <p class='ocr_par' dir='ltr' id='par_1_9' title="bbox 201 850 1844 930">
     <span class='ocr_line' id='line_1_9' title="bbox 201 850 1844 930; baseline -0.005 -16"><span class='ocrx_word' id='word_1_41' title='bbox 201 861 397 914; x_wconf 80' lang='grc' dir='ltr'>τοῦντα</span> <span class='ocrx_word' id='word_1_42' title='bbox 455 854 772 930; x_wconf 69' lang='grc' dir='ltr'><strong>προσίεσθαι</strong></span> <span class='ocrx_word' id='word_1_43' title='bbox 830 851 931 910; x_wconf 85' lang='grc' dir='ltr'>δεῖ.</span> <span class='ocrx_word' id='word_1_44' title='bbox 977 856 1064 925; x_wconf 82' lang='grc' dir='ltr'><strong>Τῷ</strong></span> <span class='ocrx_word' id='word_1_45' title='bbox 1134 850 1192 907; x_wconf 75' lang='grc' dir='ltr'>δὶ</span> <span class='ocrx_word' id='word_1_46' title='bbox 1246 851 1620 920; x_wconf 78' lang='grc' dir='ltr'>πλατυνθῆναι</span> <span class='ocrx_word' id='word_1_47' title='bbox 1690 870 1844 926; x_wconf 85' lang='grc' dir='ltr'>περι-</span> 
     </span>
    </p>
   </div>
   <div class='ocr_carea' id='block_1_10' title="bbox 214 940 1842 1024">
    <p class='ocr_par' dir='ltr' id='par_1_10' title="bbox 214 940 1842 1024">
     <span class='ocr_line' id='line_1_10' title="bbox 214 940 1842 1024; baseline -0.004 -22"><span class='ocrx_word' id='word_1_48' title='bbox 214 951 387 1024; x_wconf 71' lang='grc' dir='ltr'>φανῶς</span> <span class='ocrx_word' id='word_1_49' title='bbox 428 947 526 1014; x_wconf 81' lang='grc' dir='ltr'>τήν</span> <span class='ocrx_word' id='word_1_50' title='bbox 563 940 863 1014; x_wconf 71' lang='grc' dir='ltr'>εὐσέϐειαν,</span> <span class='ocrx_word' id='word_1_51' title='bbox 902 948 984 1016; x_wconf 78' lang='grc' dir='ltr'><strong>τῷ</strong></span> <span class='ocrx_word' id='word_1_52' title='bbox 1024 942 1269 1016; x_wconf 86' lang='grc' dir='ltr'>περιόντι</span> <span class='ocrx_word' id='word_1_53' title='bbox 1313 949 1414 1011; x_wconf 78' lang='grc' dir='ltr'>τῆς</span> <span class='ocrx_word' id='word_1_54' title='bbox 1473 941 1700 1017; x_wconf 86' lang='grc' dir='ltr'>χάριτος</span> <span class='ocrx_word' id='word_1_55' title='bbox 1743 945 1842 996; x_wconf 76' lang='grc' dir='ltr'><strong>τοῦ</strong></span> 
     </span>
    </p>
   </div>
   <div class='ocr_carea' id='block_1_11' title="bbox 221 1025 1844 1104">
    <p class='ocr_par' dir='ltr' id='par_1_11' title="bbox 221 1025 1844 1104">
     <span class='ocr_line' id='line_1_11' title="bbox 221 1025 1844 1104; baseline -0.006 -11"><span class='ocrx_word' id='word_1_56' title='bbox 221 1040 362 1100; x_wconf 82' lang='grc' dir='ltr'>Θεοῦ,</span> <span class='ocrx_word' id='word_1_57' title='bbox 387 1033 471 1088; x_wconf 74' lang='grc' dir='ltr'><strong>καὶ</strong></span> <span class='ocrx_word' id='word_1_58' title='bbox 520 1031 782 1103; x_wconf 67' lang='grc' dir='ltr'>δεκαέτης</span> <span class='ocrx_word' id='word_1_59' title='bbox 823 1027 896 1087; x_wconf 80' lang='grc' dir='ltr'><strong>ὤν</strong></span> <span class='ocrx_word' id='word_1_60' title='bbox 954 1051 1038 1093; x_wconf 91' lang='grc' dir='ltr'><strong>τις</strong></span> <span class='ocrx_word' id='word_1_61' title='bbox 1097 1033 1174 1104; x_wconf 85' lang='grc' dir='ltr'><strong>μὴ</strong></span> <span class='ocrx_word' id='word_1_62' title='bbox 1216 1025 1645 1101; x_wconf 74' lang='grc' dir='ltr'>ἀποϐεϐλήσθω,</span> <span class='ocrx_word' id='word_1_63' title='bbox 1679 1030 1844 1102; x_wconf 87' lang='grc' dir='ltr'>μόνον</span> 
     </span>
    </p>
   </div>
   <div class='ocr_carea' id='block_1_12' title="bbox 223 1116 1842 1196">
    <p class='ocr_par' dir='ltr' id='par_1_12' title="bbox 223 1116 1842 1196">
     <span class='ocr_line' id='line_1_12' title="bbox 223 1116 1842 1196; baseline -0.004 -15"><span class='ocrx_word' id='word_1_64' title='bbox 223 1125 262 1181; x_wconf 82' lang='grc' dir='ltr'><strong>εἰ</strong></span> <span class='ocrx_word' id='word_1_65' title='bbox 289 1125 400 1184; x_wconf 70' lang='grc' dir='ltr'>τοὺς</span> <span class='ocrx_word' id='word_1_66' title='bbox 429 1122 674 1196; x_wconf 79' lang='grc' dir='ltr'>τρόπους</span> <span class='ocrx_word' id='word_1_67' title='bbox 715 1116 1106 1195; x_wconf 75' lang='grc' dir='ltr'>συμϐαίνοντας</span> <span class='ocrx_word' id='word_1_68' title='bbox 1155 1117 1278 1195; x_wconf 79' lang='grc' dir='ltr'>ἔχοι</span> <span class='ocrx_word' id='word_1_69' title='bbox 1323 1123 1403 1191; x_wconf 82' lang='grc' dir='ltr'><strong>τῷ</strong></span> <span class='ocrx_word' id='word_1_70' title='bbox 1444 1117 1842 1196; x_wconf 72' lang='grc' dir='ltr'>ἐπαγγέλματι,</span> 
     </span>
    </p>
   </div>
   <div class='ocr_carea' id='block_1_13' title="bbox 222 1207 1454 1285">
    <p class='ocr_par' dir='ltr' id='par_1_13' title="bbox 222 1207 1454 1285">
     <span class='ocr_line' id='line_1_13' title="bbox 222 1207 1454 1285; baseline -0.003 -18"><span class='ocrx_word' id='word_1_71' title='bbox 222 1216 285 1285; x_wconf 81' lang='grc' dir='ltr'><strong>μὴ</strong></span> <span class='ocrx_word' id='word_1_72' title='bbox 315 1214 393 1267; x_wconf 80' lang='grc' dir='ltr'><strong>ὅτι</strong></span> <span class='ocrx_word' id='word_1_73' title='bbox 422 1212 516 1266; x_wconf 83' lang='grc' dir='ltr'><strong>καὶ</strong></span> <span class='ocrx_word' id='word_1_74' title='bbox 547 1212 611 1266; x_wconf 88' lang='grc' dir='ltr'>τὸ</span> <span class='ocrx_word' id='word_1_75' title='bbox 643 1209 865 1267; x_wconf 69' lang='grc' dir='ltr'>δέκατον</span> <span class='ocrx_word' id='word_1_76' title='bbox 894 1209 1271 1284; x_wconf 75' lang='grc' dir='ltr'>παριππεύσας</span> <span class='ocrx_word' id='word_1_77' title='bbox 1312 1207 1454 1270; x_wconf 82' lang='grc' dir='ltr'>ἔτος.</span> 
     </span>
    </p>
   </div>
   <div class='ocr_carea' id='block_1_14' title="bbox 271 1296 1844 1376">
    <p class='ocr_par' dir='ltr' id='par_1_14' title="bbox 271 1296 1844 1376">
     <span class='ocr_line' id='line_1_14' title="bbox 271 1296 1844 1376; baseline -0.002 -21"><span class='ocrx_word' id='word_1_78' title='bbox 271 1303 322 1355; x_wconf 90' lang='lat'><strong>&#39;0</strong></span> <span class='ocrx_word' id='word_1_79' title='bbox 381 1299 442 1355; x_wconf 70' lang='grc' dir='ltr'>δὲ</span> <span class='ocrx_word' id='word_1_80' title='bbox 493 1303 531 1355; x_wconf 87' lang='grc' dir='ltr'>ε’</span> <span class='ocrx_word' id='word_1_81' title='bbox 568 1307 668 1370; x_wconf 86' lang='grc' dir='ltr'><strong>τῆς</strong></span> <span class='ocrx_word' id='word_1_82' title='bbox 720 1299 1024 1376; x_wconf 70' lang='grc' dir='ltr'>λεγομένης</span> <span class='ocrx_word' id='word_1_83' title='bbox 1065 1301 1167 1354; x_wconf 77' lang='grc' dir='ltr'><strong>ΑΒ¹</strong></span> <span class='ocrx_word' id='word_1_84' title='bbox 1211 1296 1440 1353; x_wconf 83' lang='grc' dir='ltr'>συνόδου</span> <span class='ocrx_word' id='word_1_85' title='bbox 1485 1298 1687 1364; x_wconf 84' lang='grc' dir='ltr'>κανὼν,</span> <span class='ocrx_word' id='word_1_86' title='bbox 1715 1296 1844 1358; x_wconf 81' lang='grc' dir='ltr'>τοὺς</span> 
     </span>
    </p>
   </div>
   <div class='ocr_carea' id='block_1_15' title="bbox 203 1383 1844 1463">
    <p class='ocr_par' dir='ltr' id='par_1_15' title="bbox 203 1383 1844 1463">
     <span class='ocr_line' id='line_1_15' title="bbox 203 1383 1844 1463; baseline -0.002 -19"><span class='ocrx_word' id='word_1_87' title='bbox 203 1395 274 1461; x_wconf 81' lang='grc' dir='ltr'><strong>τῷ</strong></span> <span class='ocrx_word' id='word_1_88' title='bbox 305 1392 542 1462; x_wconf 74' lang='grc' dir='ltr'>μονήρει</span> <span class='ocrx_word' id='word_1_89' title='bbox 584 1389 908 1463; x_wconf 85' lang='grc' dir='ltr'>προσιόντας</span> <span class='ocrx_word' id='word_1_90' title='bbox 959 1385 1086 1462; x_wconf 84' lang='grc' dir='ltr'>βίῳ,</span> <span class='ocrx_word' id='word_1_91' title='bbox 1118 1383 1206 1442; x_wconf 67' lang='grc' dir='ltr'>ἐπὶ</span> <span class='ocrx_word' id='word_1_92' title='bbox 1235 1384 1472 1462; x_wconf 78' lang='grc' dir='ltr'>τριετίαν</span> <span class='ocrx_word' id='word_1_93' title='bbox 1511 1385 1562 1441; x_wconf 75' lang='grc' dir='ltr'>ἐν</span> <span class='ocrx_word' id='word_1_94' title='bbox 1603 1389 1671 1460; x_wconf 75' lang='grc' dir='ltr'><strong>τῇ</strong></span> <span class='ocrx_word' id='word_1_95' title='bbox 1703 1388 1844 1460; x_wconf 78' lang='grc' dir='ltr'>μονῇ</span> 
     </span>
    </p>
   </div>
   <div class='ocr_carea' id='block_1_16' title="bbox 198 1473 1846 1551">
    <p class='ocr_par' dir='ltr' id='par_1_16' title="bbox 198 1473 1846 1551">
     <span class='ocr_line' id='line_1_16' title="bbox 198 1473 1846 1551; baseline -0.002 -18"><span class='ocrx_word' id='word_1_96' title='bbox 198 1476 586 1550; x_wconf 68' lang='grc' dir='ltr'>δοκιμάζεσθαι</span> <span class='ocrx_word' id='word_1_97' title='bbox 663 1476 980 1551; x_wconf 78' lang='grc' dir='ltr'>διωρίσατο,</span> <span class='ocrx_word' id='word_1_98' title='bbox 1028 1476 1129 1545; x_wconf 84' lang='grc' dir='ltr'><strong>τὴν</strong></span> <span class='ocrx_word' id='word_1_99' title='bbox 1185 1476 1458 1549; x_wconf 87' lang='grc' dir='ltr'>κοσμικὴν</span> <span class='ocrx_word' id='word_1_100' title='bbox 1529 1473 1846 1550; x_wconf 70' lang='grc' dir='ltr'>περικειμέ-</span> 
     </span>
    </p>
   </div>
   <div class='ocr_carea' id='block_1_17' title="bbox 195 1562 1847 1641">
    <p class='ocr_par' dir='ltr' id='par_1_17' title="bbox 195 1562 1847 1641">
     <span class='ocr_line' id='line_1_17' title="bbox 195 1562 1847 1641; baseline -0.003 -19"><span class='ocrx_word' id='word_1_101' title='bbox 195 1590 316 1631; x_wconf 86' lang='grc' dir='ltr'>νους</span> <span class='ocrx_word' id='word_1_102' title='bbox 373 1564 457 1622; x_wconf 80' lang='grc' dir='ltr'>ἔτι</span> <span class='ocrx_word' id='word_1_103' title='bbox 512 1567 755 1638; x_wconf 82' lang='grc' dir='ltr'>στολήν·</span> <span class='ocrx_word' id='word_1_104' title='bbox 809 1566 1110 1641; x_wconf 84' lang='grc' dir='ltr'>ἀξιόχρεων</span> <span class='ocrx_word' id='word_1_105' title='bbox 1165 1562 1224 1620; x_wconf 80' lang='grc' dir='ltr'>δὲ</span> <span class='ocrx_word' id='word_1_106' title='bbox 1271 1565 1371 1634; x_wconf 84' lang='grc' dir='ltr'><strong>τὴν</strong></span> <span class='ocrx_word' id='word_1_107' title='bbox 1424 1563 1478 1619; x_wconf 68' lang='grc' dir='ltr'>ἐν</span> <span class='ocrx_word' id='word_1_108' title='bbox 1519 1563 1697 1637; x_wconf 82' lang='grc' dir='ltr'>τούτῳ</span> <span class='ocrx_word' id='word_1_109' title='bbox 1747 1566 1847 1618; x_wconf 78' lang='grc' dir='ltr'><strong>τοῦ</strong></span> 
     </span>
    </p>
   </div>
   <div class='ocr_carea' id='block_1_18' title="bbox 198 1651 1846 1733">
    <p class='ocr_par' dir='ltr' id='par_1_18' title="bbox 198 1651 1846 1733">
     <span class='ocr_line' id='line_1_18' title="bbox 198 1651 1846 1733; baseline -0.001 -23"><span class='ocrx_word' id='word_1_110' title='bbox 198 1657 406 1733; x_wconf 75' lang='grc' dir='ltr'>χρόνου</span> <span class='ocrx_word' id='word_1_111' title='bbox 437 1657 561 1731; x_wconf 79' lang='grc' dir='ltr'>περὶ</span> <span class='ocrx_word' id='word_1_112' title='bbox 609 1656 670 1712; x_wconf 83' lang='grc' dir='ltr'><strong>τὸ</strong></span> <span class='ocrx_word' id='word_1_113' title='bbox 717 1654 1042 1732; x_wconf 75' lang='grc' dir='ltr'>ἐπάγγελμα</span> <span class='ocrx_word' id='word_1_114' title='bbox 1087 1654 1339 1729; x_wconf 80' lang='grc' dir='ltr'>πρόθεσιν</span> <span class='ocrx_word' id='word_1_115' title='bbox 1386 1651 1846 1727; x_wconf 74' lang='grc' dir='ltr'>ἐπιδειξαμένους,</span> 
     </span>
    </p>
   </div>
   <div class='ocr_carea' id='block_1_19' title="bbox 198 1741 1846 1822">
    <p class='ocr_par' dir='ltr' id='par_1_19' title="bbox 198 1741 1846 1822">
     <span class='ocr_line' id='line_1_19' title="bbox 198 1741 1846 1822; baseline -0.002 -22"><span class='ocrx_word' id='word_1_116' title='bbox 198 1751 501 1815; x_wconf 79' lang='grc' dir='ltr'>τηνικαῦτα</span> <span class='ocrx_word' id='word_1_117' title='bbox 555 1746 618 1800; x_wconf 85' lang='grc' dir='ltr'>τὸ</span> <span class='ocrx_word' id='word_1_118' title='bbox 667 1745 968 1820; x_wconf 81' lang='grc' dir='ltr'>μοναχικὸν</span> <span class='ocrx_word' id='word_1_119' title='bbox 1029 1742 1411 1822; x_wconf 74' lang='grc' dir='ltr'>ἀμφιέννυσθαι</span> <span class='ocrx_word' id='word_1_120' title='bbox 1479 1748 1696 1820; x_wconf 81' lang='grc' dir='ltr'>σχῆμα.</span> <span class='ocrx_word' id='word_1_121' title='bbox 1743 1741 1846 1804; x_wconf 72' lang='grc' dir='ltr'>Τὰς</span> 
     </span>
    </p>
   </div>
   <div class='ocr_carea' id='block_1_20' title="bbox 199 1829 1850 1911">
    <p class='ocr_par' dir='ltr' id='par_1_20' title="bbox 199 1829 1850 1911">
     <span class='ocr_line' id='line_1_20' title="bbox 199 1829 1850 1911; baseline -0.003 -20"><span class='ocrx_word' id='word_1_122' title='bbox 199 1834 300 1911; x_wconf 69' lang='grc' dir='ltr'><strong>γὰρ</strong></span> <span class='ocrx_word' id='word_1_123' title='bbox 357 1835 610 1906; x_wconf 71' lang='grc' dir='ltr'>ἀκρίτους</span> <span class='ocrx_word' id='word_1_124' title='bbox 660 1835 751 1889; x_wconf 89' lang='grc' dir='ltr'>καὶ</span> <span class='ocrx_word' id='word_1_125' title='bbox 818 1831 1216 1906; x_wconf 81' lang='grc' dir='ltr'>ἀδοκιμάστους</span> <span class='ocrx_word' id='word_1_126' title='bbox 1276 1831 1546 1908; x_wconf 73' lang='grc' dir='ltr'>ἆποταγᾶς</span> <span class='ocrx_word' id='word_1_127' title='bbox 1601 1831 1678 1896; x_wconf 85' lang='grc' dir='ltr'><strong>ὡς</strong></span> <span class='ocrx_word' id='word_1_128' title='bbox 1733 1829 1850 1888; x_wconf 70' lang='grc' dir='ltr'>ἐπί-</span> 
     </span>
    </p>
   </div>
   <div class='ocr_carea' id='block_1_21' title="bbox 201 1919 1846 1997">
    <p class='ocr_par' dir='ltr' id='par_1_21' title="bbox 201 1919 1846 1997">
     <span class='ocr_line' id='line_1_21' title="bbox 201 1919 1846 1997; baseline -0.001 -18"><span class='ocrx_word' id='word_1_129' title='bbox 201 1947 308 1980; x_wconf 83' lang='grc' dir='ltr'><strong>παν</strong></span> <span class='ocrx_word' id='word_1_130' title='bbox 345 1925 498 1996; x_wconf 80' lang='grc' dir='ltr'>ἴσμεν</span> <span class='ocrx_word' id='word_1_131' title='bbox 553 1925 622 1995; x_wconf 76' lang='grc' dir='ltr'>τῇ</span> <span class='ocrx_word' id='word_1_132' title='bbox 677 1927 786 1978; x_wconf 87' lang='grc' dir='ltr'><strong>τῶν</strong></span> <span class='ocrx_word' id='word_1_133' title='bbox 849 1925 1106 1997; x_wconf 86' lang='grc' dir='ltr'>μοναχῶν</span> <span class='ocrx_word' id='word_1_134' title='bbox 1155 1921 1368 1993; x_wconf 77' lang='grc' dir='ltr'>εὐταξίᾳ</span> <span class='ocrx_word' id='word_1_135' title='bbox 1417 1919 1846 1993; x_wconf 69' lang='grc' dir='ltr'>λυμαινομένας.</span> 
     </span>
    </p>
   </div>
   <div class='ocr_carea' id='block_1_22' title="bbox 207 2008 1850 2090">
    <p class='ocr_par' dir='ltr' id='par_1_22' title="bbox 207 2008 1850 2090">
     <span class='ocr_line' id='line_1_22' title="bbox 207 2008 1850 2090; baseline -0.002 -21"><span class='ocrx_word' id='word_1_136' title='bbox 207 2017 272 2070; x_wconf 78' lang='grc' dir='ltr'><strong>Οἱ</strong></span> <span class='ocrx_word' id='word_1_137' title='bbox 305 2019 439 2090; x_wconf 74' lang='grc' dir='ltr'>γοῦν</span> <span class='ocrx_word' id='word_1_138' title='bbox 465 2018 750 2088; x_wconf 78' lang='grc' dir='ltr'>προπετῶς</span> <span class='ocrx_word' id='word_1_139' title='bbox 777 2011 1001 2074; x_wconf 74' lang='grc' dir='ltr'>ἑαυτοὺς</span> <span class='ocrx_word' id='word_1_140' title='bbox 1043 2015 1124 2082; x_wconf 78' lang='grc' dir='ltr'><strong>τῷ</strong></span> <span class='ocrx_word' id='word_1_141' title='bbox 1175 2013 1402 2084; x_wconf 81' lang='grc' dir='ltr'>μονήρει</span> <span class='ocrx_word' id='word_1_142' title='bbox 1443 2008 1850 2086; x_wconf 78' lang='grc' dir='ltr'>ἐπιῤῥίπτοντες</span> 
     </span>
    </p>
   </div>
   <div class='ocr_carea' id='block_1_23' title="bbox 210 2099 1855 2179">
    <p class='ocr_par' dir='ltr' id='par_1_23' title="bbox 210 2099 1855 2179">
     <span class='ocr_line' id='line_1_23' title="bbox 210 2099 1855 2179; baseline -0.002 -21"><span class='ocrx_word' id='word_1_143' title='bbox 210 2105 338 2179; x_wconf 78' lang='grc' dir='ltr'>βίῳ,</span> <span class='ocrx_word' id='word_1_144' title='bbox 370 2105 459 2158; x_wconf 82' lang='grc' dir='ltr'>καὶ</span> <span class='ocrx_word' id='word_1_145' title='bbox 489 2103 624 2177; x_wconf 85' lang='grc' dir='ltr'>πρὸς</span> <span class='ocrx_word' id='word_1_146' title='bbox 653 2101 718 2156; x_wconf 82' lang='grc' dir='ltr'>τὸ</span> <span class='ocrx_word' id='word_1_147' title='bbox 746 2100 923 2176; x_wconf 79' lang='grc' dir='ltr'>τραχὺ</span> <span class='ocrx_word' id='word_1_148' title='bbox 967 2100 1254 2174; x_wconf 82' lang='grc' dir='ltr'>μετέπειτα</span> <span class='ocrx_word' id='word_1_149' title='bbox 1296 2099 1387 2154; x_wconf 75' lang='grc' dir='ltr'><strong>καὶ</strong></span> <span class='ocrx_word' id='word_1_150' title='bbox 1438 2099 1692 2154; x_wconf 82' lang='grc' dir='ltr'>ἐπίπονον</span> <span class='ocrx_word' id='word_1_151' title='bbox 1754 2102 1855 2165; x_wconf 79' lang='grc' dir='ltr'><strong>τῆς</strong></span> 
     </span>
    </p>
   </div>
   <div class='ocr_carea' id='block_1_24' title="bbox 203 2187 1856 2269">
    <p class='ocr_par' dir='ltr' id='par_1_24' title="bbox 203 2187 1856 2269">
     <span class='ocr_line' id='line_1_24' title="bbox 203 2187 1856 2269; baseline -0.004 -21"><span class='ocrx_word' id='word_1_152' title='bbox 203 2195 484 2263; x_wconf 72' lang='grc' dir='ltr'>ἀσκήσεως</span> <span class='ocrx_word' id='word_1_153' title='bbox 537 2190 878 2256; x_wconf 82' lang='grc' dir='ltr'>ἀπειπόντες,</span> <span class='ocrx_word' id='word_1_154' title='bbox 909 2188 996 2244; x_wconf 77' lang='grc' dir='ltr'><strong>ἐπὶ</strong></span> <span class='ocrx_word' id='word_1_155' title='bbox 1050 2190 1142 2244; x_wconf 88' lang='grc' dir='ltr'>τὸν</span> <span class='ocrx_word' id='word_1_156' title='bbox 1201 2191 1535 2269; x_wconf 70' lang='grc' dir='ltr'>φιλόσαρκον</span> <span class='ocrx_word' id='word_1_157' title='bbox 1585 2189 1673 2244; x_wconf 83' lang='grc' dir='ltr'><strong>καὶ</strong></span> <span class='ocrx_word' id='word_1_158' title='bbox 1734 2187 1856 2244; x_wconf 83' lang='grc' dir='ltr'>ὑλι-</span> 
     </span>
    </p>
   </div>
   <div class='ocr_carea' id='block_1_25' title="bbox 204 2275 1855 2357">
    <p class='ocr_par' dir='ltr' id='par_1_25' title="bbox 204 2275 1855 2357">
     <span class='ocr_line' id='line_1_25' title="bbox 204 2275 1855 2357; baseline -0.004 -20"><span class='ocrx_word' id='word_1_159' title='bbox 204 2288 297 2338; x_wconf 76' lang='grc' dir='ltr'><strong>κόν</strong></span> <span class='ocrx_word' id='word_1_160' title='bbox 349 2282 473 2357; x_wconf 87' lang='grc' dir='ltr'>βίον</span> <span class='ocrx_word' id='word_1_161' title='bbox 523 2279 734 2342; x_wconf 79' lang='grc' dir='ltr'>ἀθλίως</span> <span class='ocrx_word' id='word_1_162' title='bbox 781 2278 943 2334; x_wconf 78' lang='grc' dir='ltr'>πάλιν</span> <span class='ocrx_word' id='word_1_163' title='bbox 994 2277 1508 2356; x_wconf 67' lang='grc' dir='ltr'>ἐπαναστρένρουσιν.</span> <span class='ocrx_word' id='word_1_164' title='bbox 1544 2277 1605 2334; x_wconf 77' lang='grc' dir='ltr'><strong>Εἰ</strong></span> <span class='ocrx_word' id='word_1_165' title='bbox 1657 2275 1714 2332; x_wconf 78' lang='grc' dir='ltr'>δέ</span> <span class='ocrx_word' id='word_1_166' title='bbox 1771 2296 1855 2339; x_wconf 89' lang='grc' dir='ltr'><strong>τις</strong></span> 
     </span>
    </p>
   </div>
   <div class='ocr_carea' id='block_1_26' title="bbox 204 2362 1858 2446">
    <p class='ocr_par' dir='ltr' id='par_1_26' title="bbox 204 2362 1858 2446">
     <span class='ocr_line' id='line_1_26' title="bbox 204 2362 1858 2446; baseline -0.005 -18"><span class='ocrx_word' id='word_1_167' title='bbox 204 2375 326 2446; x_wconf 85' lang='grc' dir='ltr'><strong>περί</strong></span> <span class='ocrx_word' id='word_1_168' title='bbox 391 2370 661 2426; x_wconf 78' lang='grc' dir='ltr'>πλείστου</span> <span class='ocrx_word' id='word_1_169' title='bbox 708 2367 974 2438; x_wconf 76' lang='grc' dir='ltr'>πεποίητο</span> <span class='ocrx_word' id='word_1_170' title='bbox 1029 2368 1095 2420; x_wconf 75' lang='grc' dir='ltr'><strong>τά</strong></span> <span class='ocrx_word' id='word_1_171' title='bbox 1131 2374 1233 2436; x_wconf 78' lang='grc' dir='ltr'>τῆς</span> <span class='ocrx_word' id='word_1_172' title='bbox 1265 2362 1548 2428; x_wconf 72' lang='grc' dir='ltr'>εὐλαϐείας</span> <span class='ocrx_word' id='word_1_173' title='bbox 1588 2366 1676 2422; x_wconf 71' lang='grc' dir='ltr'><strong>καὶ</strong></span> <span class='ocrx_word' id='word_1_174' title='bbox 1727 2367 1858 2441; x_wconf 83' lang='grc' dir='ltr'>ἀρε-</span> 
     </span>
    </p>
   </div>
   <div class='ocr_carea' id='block_1_27' title="bbox 203 2455 1858 2536">
    <p class='ocr_par' dir='ltr' id='par_1_27' title="bbox 203 2455 1858 2536">
     <span class='ocr_line' id='line_1_27' title="bbox 203 2455 1858 2536; baseline -0.004 -20"><span class='ocrx_word' id='word_1_175' title='bbox 203 2470 302 2532; x_wconf 78' lang='grc' dir='ltr'>τῆς</span> <span class='ocrx_word' id='word_1_176' title='bbox 337 2463 415 2523; x_wconf 80' lang='grc' dir='ltr'>ὡς</span> <span class='ocrx_word' id='word_1_177' title='bbox 442 2463 505 2514; x_wconf 78' lang='grc' dir='ltr'>τὸ</span> <span class='ocrx_word' id='word_1_178' title='bbox 537 2459 743 2536; x_wconf 60' lang='grc' dir='ltr'>φθάσαν</span> <span class='ocrx_word' id='word_1_179' title='bbox 775 2462 874 2512; x_wconf 80' lang='grc' dir='ltr'><strong>τοῦ</strong></span> <span class='ocrx_word' id='word_1_180' title='bbox 919 2457 1042 2530; x_wconf 84' lang='grc' dir='ltr'>βίου</span> <span class='ocrx_word' id='word_1_181' title='bbox 1088 2461 1186 2510; x_wconf 75' lang='grc' dir='ltr'><strong>τοῦ</strong></span> <span class='ocrx_word' id='word_1_182' title='bbox 1237 2455 1542 2530; x_wconf 71' lang='grc' dir='ltr'>μέλλοντος</span> <span class='ocrx_word' id='word_1_183' title='bbox 1587 2456 1858 2532; x_wconf 74' lang='grc' dir='ltr'>ὑπάρχειν</span> 
     </span>
    </p>
   </div>
   <div class='ocr_carea' id='block_1_28' title="bbox 211 2547 1857 2625">
    <p class='ocr_par' dir='ltr' id='par_1_28' title="bbox 211 2547 1857 2625">
     <span class='ocr_line' id='line_1_28' title="bbox 211 2547 1857 2625; baseline -0.002 -21"><span class='ocrx_word' id='word_1_184' title='bbox 211 2551 502 2625; x_wconf 63' lang='grc' dir='ltr'>ἐχέγγυον,</span> <span class='ocrx_word' id='word_1_185' title='bbox 567 2551 652 2604; x_wconf 73' lang='grc' dir='ltr'>καὶ</span> <span class='ocrx_word' id='word_1_186' title='bbox 723 2549 752 2602; x_wconf 88' lang='grc' dir='ltr'>ὁ</span> <span class='ocrx_word' id='word_1_187' title='bbox 831 2547 1184 2620; x_wconf 75' lang='grc' dir='ltr'>ὲξαμηνιαῖος</span> <span class='ocrx_word' id='word_1_188' title='bbox 1260 2547 1572 2624; x_wconf 71' lang='grc' dir='ltr'>ἀποχρήσει</span> <span class='ocrx_word' id='word_1_189' title='bbox 1646 2547 1857 2616; x_wconf 78' lang='grc' dir='ltr'>καιρόςο</span> 
     </span>
    </p>
   </div>
   <div class='ocr_carea' id='block_1_29' title="bbox 216 2634 1859 2712">
    <p class='ocr_par' dir='ltr' id='par_1_29' title="bbox 216 2634 1859 2712">
     <span class='ocr_line' id='line_1_29' title="bbox 216 2634 1859 2712; baseline -0.004 -17"><span class='ocrx_word' id='word_1_190' title='bbox 216 2640 380 2696; x_wconf 80' lang='grc' dir='ltr'>Ἀλλ’</span> <span class='ocrx_word' id='word_1_191' title='bbox 411 2637 532 2694; x_wconf 66' lang='grc' dir='ltr'>οὐδὲ</span> <span class='ocrx_word' id='word_1_192' title='bbox 557 2643 660 2692; x_wconf 84' lang='grc' dir='ltr'><strong>τῶν</strong></span> <span class='ocrx_word' id='word_1_193' title='bbox 697 2637 1170 2712; x_wconf 64' lang='grc' dir='ltr'>εἰσπραττομένων</span> <span class='ocrx_word' id='word_1_194' title='bbox 1217 2634 1295 2692; x_wconf 84' lang='grc' dir='ltr'>ἔτι</span> <span class='ocrx_word' id='word_1_195' title='bbox 1343 2639 1406 2690; x_wconf 84' lang='grc' dir='ltr'>τὸ</span> <span class='ocrx_word' id='word_1_196' title='bbox 1456 2635 1708 2708; x_wconf 84' lang='grc' dir='ltr'>δόκιμον,</span> <span class='ocrx_word' id='word_1_197' title='bbox 1740 2641 1859 2698; x_wconf 82' lang='grc' dir='ltr'>τοῖς</span> 
     </span>
    </p>
   </div>
   <div class='ocr_carea' id='block_1_30' title="bbox 221 2721 1862 2801">
    <p class='ocr_par' dir='ltr' id='par_1_30' title="bbox 221 2721 1862 2801">
     <span class='ocr_line' id='line_1_30' title="bbox 221 2721 1862 2801; baseline -0.003 -18"><span class='ocrx_word' id='word_1_198' title='bbox 221 2731 362 2800; x_wconf 77' lang='grc' dir='ltr'>νόσῳ</span> <span class='ocrx_word' id='word_1_199' title='bbox 420 2725 855 2801; x_wconf 68' lang='grc' dir='ltr'>περιπεπωκόσι</span> <span class='ocrx_word' id='word_1_200' title='bbox 902 2725 1114 2800; x_wconf 67' lang='grc' dir='ltr'>βαρείᾳ.</span> <span class='ocrx_word' id='word_1_201' title='bbox 1143 2725 1244 2794; x_wconf 84' lang='grc' dir='ltr'><strong>τὴν</strong></span> <span class='ocrx_word' id='word_1_202' title='bbox 1292 2721 1576 2779; x_wconf 76' lang='grc' dir='ltr'>τελείωσιν</span> <span class='ocrx_word' id='word_1_203' title='bbox 1635 2724 1862 2798; x_wconf 71' lang='grc' dir='ltr'>ὐπερθευ</span> 
     </span>
    </p>
   </div>
   <div class='ocr_carea' id='block_1_31' title="bbox 213 2810 1862 2892">
    <p class='ocr_par' dir='ltr' id='par_1_31' title="bbox 213 2810 1862 2892">
     <span class='ocr_line' id='line_1_31' title="bbox 213 2810 1862 2892; baseline -0.004 -19"><span class='ocrx_word' id='word_1_204' title='bbox 213 2819 331 2873; x_wconf 82' lang='grc' dir='ltr'>τέον</span> <span class='ocrx_word' id='word_1_205' title='bbox 387 2820 485 2872; x_wconf 78' lang='grc' dir='ltr'><strong>τοῦ</strong></span> <span class='ocrx_word' id='word_1_206' title='bbox 531 2817 847 2892; x_wconf 78' lang='grc' dir='ltr'>σχήματος.</span> <span class='ocrx_word' id='word_1_207' title='bbox 893 2813 1028 2876; x_wconf 81' lang='grc' dir='ltr'>Τοὺς</span> <span class='ocrx_word' id='word_1_208' title='bbox 1079 2811 1137 2868; x_wconf 61' lang='grc' dir='ltr'>δὲ</span> <span class='ocrx_word' id='word_1_209' title='bbox 1186 2813 1331 2888; x_wconf 81' lang='grc' dir='ltr'>παρὰ</span> <span class='ocrx_word' id='word_1_210' title='bbox 1378 2817 1546 2868; x_wconf 84' lang='grc' dir='ltr'>ταῦτα</span> <span class='ocrx_word' id='word_1_211' title='bbox 1595 2810 1862 2884; x_wconf 77' lang='grc' dir='ltr'>δρῶντας,</span> 
     </span>
    </p>
   </div>
   <div class='ocr_carea' id='block_1_32' title="bbox 206 2901 1861 2980">
    <p class='ocr_par' dir='ltr' id='par_1_32' title="bbox 206 2901 1861 2980">
     <span class='ocr_line' id='line_1_32' title="bbox 206 2901 1861 2980; baseline -0.005 -16"><span class='ocrx_word' id='word_1_212' title='bbox 206 2909 302 2964; x_wconf 84' lang='grc' dir='ltr'><strong>τόν</strong></span> <span class='ocrx_word' id='word_1_213' title='bbox 331 2928 393 2963; x_wconf 88' lang='grc' dir='ltr'><strong>τε</strong></span> <span class='ocrx_word' id='word_1_214' title='bbox 418 2913 518 2975; x_wconf 78' lang='grc' dir='ltr'><strong>τῆς</strong></span> <span class='ocrx_word' id='word_1_215' title='bbox 551 2911 727 2978; x_wconf 83' lang='grc' dir='ltr'>μονῆς</span> <span class='ocrx_word' id='word_1_216' title='bbox 759 2903 1144 2980; x_wconf 73' lang='grc' dir='ltr'>ἐξηγούμενον,</span> <span class='ocrx_word' id='word_1_217' title='bbox 1177 2903 1345 2980; x_wconf 79' lang='grc' dir='ltr'>φημὶ,</span> <span class='ocrx_word' id='word_1_218' title='bbox 1377 2903 1466 2957; x_wconf 77' lang='grc' dir='ltr'><strong>καὶ</strong></span> <span class='ocrx_word' id='word_1_219' title='bbox 1503 2903 1596 2957; x_wconf 83' lang='grc' dir='ltr'><strong>τὸν</strong></span> <span class='ocrx_word' id='word_1_220' title='bbox 1650 2901 1861 2978; x_wconf 76' lang='grc' dir='ltr'>είσαγό-</span> 
     </span>
    </p>
   </div>
   <div class='ocr_carea' id='block_1_33' title="bbox 209 2990 1864 3072">
    <p class='ocr_par' dir='ltr' id='par_1_33' title="bbox 209 2990 1864 3072">
     <span class='ocr_line' id='line_1_33' title="bbox 209 2990 1864 3072; baseline -0.005 -19"><span class='ocrx_word' id='word_1_221' title='bbox 209 3019 402 3072; x_wconf 80' lang='grc' dir='ltr'>μενον.</span> <span class='ocrx_word' id='word_1_222' title='bbox 429 2996 524 3052; x_wconf 83' lang='grc' dir='ltr'>τὸν</span> <span class='ocrx_word' id='word_1_223' title='bbox 559 2995 656 3068; x_wconf 77' lang='grc' dir='ltr'>μὶν</span> <span class='ocrx_word' id='word_1_224' title='bbox 701 2999 802 3062; x_wconf 84' lang='grc' dir='ltr'><strong>τῆς</strong></span> <span class='ocrx_word' id='word_1_225' title='bbox 832 2991 1016 3068; x_wconf 80' lang='grc' dir='ltr'>ἀρχῆς</span> <span class='ocrx_word' id='word_1_226' title='bbox 1047 2990 1346 3059; x_wconf 73' lang='grc' dir='ltr'>ἐκπίπτειν,</span> <span class='ocrx_word' id='word_1_227' title='bbox 1379 2992 1467 3046; x_wconf 76' lang='grc' dir='ltr'><strong>καὶ</strong></span> <span class='ocrx_word' id='word_1_228' title='bbox 1509 2991 1609 3060; x_wconf 80' lang='grc' dir='ltr'><strong>τὴν</strong></span> <span class='ocrx_word' id='word_1_229' title='bbox 1671 2991 1864 3044; x_wconf 80' lang='grc' dir='ltr'>ὑποτα-</span> 
     </span>
    </p>
   </div>
   <div class='ocr_carea' id='block_1_34' title="bbox 204 3078 1866 3162">
    <p class='ocr_par' dir='ltr' id='par_1_34' title="bbox 204 3078 1866 3162">
     <span class='ocr_line' id='line_1_34' title="bbox 204 3078 1866 3162; baseline -0.005 -21"><span class='ocrx_word' id='word_1_230' title='bbox 204 3091 310 3162; x_wconf 85' lang='grc' dir='ltr'><strong>γὴν</strong></span> <span class='ocrx_word' id='word_1_231' title='bbox 375 3084 817 3159; x_wconf 80' lang='grc' dir='ltr'>ὑπεισέρχεσθαι,</span> <span class='ocrx_word' id='word_1_232' title='bbox 848 3083 942 3136; x_wconf 86' lang='grc' dir='ltr'>τὸν</span> <span class='ocrx_word' id='word_1_233' title='bbox 972 3078 1028 3136; x_wconf 76' lang='grc' dir='ltr'>δὲ</span> <span class='ocrx_word' id='word_1_234' title='bbox 1076 3081 1152 3143; x_wconf 82' lang='grc' dir='ltr'><strong>είς</strong></span> <span class='ocrx_word' id='word_1_235' title='bbox 1203 3080 1386 3155; x_wconf 70' lang='grc' dir='ltr'>ἑτέραν</span> <span class='ocrx_word' id='word_1_236' title='bbox 1441 3082 1609 3154; x_wconf 79' lang='grc' dir='ltr'>μονὴν</span> <span class='ocrx_word' id='word_1_237' title='bbox 1659 3079 1866 3154; x_wconf 74' lang='grc' dir='ltr'>ἀπάγε-</span> 
     </span>
    </p>
   </div>
   <div class='ocr_carea' id='block_1_35' title="bbox 208 3165 1357 3248">
    <p class='ocr_par' dir='ltr' id='par_1_35' title="bbox 208 3165 1357 3248">
     <span class='ocr_line' id='line_1_35' title="bbox 208 3165 1357 3248; baseline -0.005 -17"><span class='ocrx_word' id='word_1_238' title='bbox 208 3179 352 3244; x_wconf 81' lang='grc' dir='ltr'>σθαι,</span> <span class='ocrx_word' id='word_1_239' title='bbox 393 3171 570 3246; x_wconf 70' lang='grc' dir='ltr'>μηδὲν</span> <span class='ocrx_word' id='word_1_240' title='bbox 603 3177 704 3240; x_wconf 75' lang='grc' dir='ltr'>τῆς</span> <span class='ocrx_word' id='word_1_241' title='bbox 729 3165 1006 3246; x_wconf 74' lang='grc' dir='ltr'>ἀκριϐείας</span> <span class='ocrx_word' id='word_1_242' title='bbox 1041 3167 1357 3248; x_wconf 72' lang='grc' dir='ltr'>ὑφιεμένην.</span> 
     </span>
    </p>
   </div>
   <div class='ocr_carea' id='block_1_36' title="bbox 210 3451 1872 3537">
    <p class='ocr_par' dir='ltr' id='par_1_36' title="bbox 210 3451 1872 3537">
     <span class='ocr_line' id='line_1_36' title="bbox 210 3451 1872 3537; baseline -0.005 -21"><span class='ocrx_word' id='word_1_243' title='bbox 210 3462 371 3537; x_wconf 78' lang='grc' dir='ltr'>Περὶ</span> <span class='ocrx_word' id='word_1_244' title='bbox 414 3464 542 3516; x_wconf 85' lang='grc' dir='ltr'><strong>τῶν</strong></span> <span class='ocrx_word' id='word_1_245' title='bbox 579 3456 796 3534; x_wconf 73' lang='grc' dir='ltr'>χωρὶς</span> <span class='ocrx_word' id='word_1_246' title='bbox 840 3458 1046 3537; x_wconf 41' lang='lat' dir='ltr'><strong>saxis</strong></span> <span class='ocrx_word' id='word_1_247' title='bbox 1089 3457 1577 3537; x_wconf 56' lang='lat' dir='ltr'><strong>16_povaztxov</strong></span> <span class='ocrx_word' id='word_1_248' title='bbox 1621 3451 1872 3530; x_wconf 83' lang='grc' dir='ltr'>ἔνδυμα</span> 
     </span>
    </p>
   </div>
   <div class='ocr_carea' id='block_1_37' title="bbox 719 3524 1358 3604">
    <p class='ocr_par' dir='ltr' id='par_1_37' title="bbox 719 3524 1358 3604">
     <span class='ocr_line' id='line_1_37' title="bbox 719 3524 1358 3604; baseline -0.002 -20"><span class='ocrx_word' id='word_1_249' title='bbox 719 3524 1096 3604; x_wconf 66' lang='grc' dir='ltr'>περιϐἷϐλη</span> <span class='ocrx_word' id='word_1_250' title='bbox 1117 3524 1358 3602; x_wconf 76' lang='grc' dir='ltr'>μενων.</span> 
     </span>
    </p>
   </div>
   <div class='ocr_carea' id='block_1_38' title="bbox 301 3617 1874 3695">
    <p class='ocr_par' dir='ltr' id='par_1_38' title="bbox 301 3617 1874 3695">
     <span class='ocr_line' id='line_1_38' title="bbox 301 3617 1874 3695; baseline -0.006 -16"><span class='ocrx_word' id='word_1_251' title='bbox 301 3624 364 3680; x_wconf 82' lang='lat' dir='ltr'><strong>Ei</strong></span> <span class='ocrx_word' id='word_1_252' title='bbox 418 3622 478 3678; x_wconf 76' lang='grc' dir='ltr'>δὲ</span> <span class='ocrx_word' id='word_1_253' title='bbox 530 3643 614 3683; x_wconf 86' lang='grc' dir='ltr'><strong>τις</strong></span> <span class='ocrx_word' id='word_1_254' title='bbox 672 3622 766 3676; x_wconf 79' lang='grc' dir='ltr'><strong>καὶ</strong></span> <span class='ocrx_word' id='word_1_255' title='bbox 813 3627 916 3690; x_wconf 85' lang='grc' dir='ltr'><strong>τῆς</strong></span> <span class='ocrx_word' id='word_1_256' title='bbox 965 3619 1200 3695; x_wconf 81' lang='grc' dir='ltr'>τριετίας</span> <span class='ocrx_word' id='word_1_257' title='bbox 1258 3619 1407 3680; x_wconf 71' lang='grc' dir='ltr'>ἐντὸς</span> <span class='ocrx_word' id='word_1_258' title='bbox 1463 3619 1526 3674; x_wconf 87' lang='grc' dir='ltr'>τὸ</span> <span class='ocrx_word' id='word_1_259' title='bbox 1573 3617 1874 3691; x_wconf 78' lang='grc' dir='ltr'>μοναχικὸν</span> 
     </span>
    </p>
   </div>
   <div class='ocr_carea' id='block_1_39' title="bbox 226 3703 1876 3788">
    <p class='ocr_par' dir='ltr' id='par_1_39' title="bbox 226 3703 1876 3788">
     <span class='ocr_line' id='line_1_39' title="bbox 226 3703 1876 3788; baseline -0.006 -19"><span class='ocrx_word' id='word_1_260' title='bbox 226 3715 318 3770; x_wconf 78' lang='grc' dir='ltr'>καί</span> <span class='ocrx_word' id='word_1_261' title='bbox 383 3713 558 3788; x_wconf 78' lang='grc' dir='ltr'>χωρὶς</span> <span class='ocrx_word' id='word_1_262' title='bbox 631 3711 815 3786; x_wconf 80' lang='grc' dir='ltr'>εὐχῶν</span> <span class='ocrx_word' id='word_1_263' title='bbox 895 3706 1102 3783; x_wconf 83' lang='grc' dir='ltr'>ἔνδυμα</span> <span class='ocrx_word' id='word_1_264' title='bbox 1155 3703 1572 3784; x_wconf 77' lang='grc' dir='ltr'>περιϐάλλοιτο,</span> <span class='ocrx_word' id='word_1_265' title='bbox 1633 3704 1876 3780; x_wconf 70' lang='grc' dir='ltr'>μεγάλας</span> 
     </span>
    </p>
   </div>
   <div class='ocr_carea' id='block_1_40' title="bbox 225 3793 1876 3877">
    <p class='ocr_par' dir='ltr' id='par_1_40' title="bbox 225 3793 1876 3877">
     <span class='ocr_line' id='line_1_40' title="bbox 225 3793 1876 3877; baseline -0.007 -19"><span class='ocrx_word' id='word_1_266' title='bbox 225 3803 413 3877; x_wconf 62' lang='grc' dir='ltr'>ὑφέξει</span> <span class='ocrx_word' id='word_1_267' title='bbox 473 3800 716 3868; x_wconf 80' lang='grc' dir='ltr'>δίκας,εἷ</span> <span class='ocrx_word' id='word_1_268' title='bbox 774 3797 1142 3854; x_wconf 76' lang='grc' dir='ltr'>ἀποδύσασθαι</span> <span class='ocrx_word' id='word_1_269' title='bbox 1197 3803 1360 3852; x_wconf 79' lang='grc' dir='ltr'>τοῦτο</span> <span class='ocrx_word' id='word_1_270' title='bbox 1421 3795 1743 3870; x_wconf 74' lang='grc' dir='ltr'>βουληθείη,</span> <span class='ocrx_word' id='word_1_271' title='bbox 1801 3793 1876 3856; x_wconf 85' lang='grc' dir='ltr'><strong>ὡς</strong></span> 
     </span>
    </p>
   </div>
   <div class='ocr_carea' id='block_1_41' title="bbox 230 3883 1880 3964">
    <p class='ocr_par' dir='ltr' id='par_1_41' title="bbox 230 3883 1880 3964">
     <span class='ocr_line' id='line_1_41' title="bbox 230 3883 1880 3964; baseline -0.008 -16"><span class='ocrx_word' id='word_1_272' title='bbox 230 3893 446 3962; x_wconf 70' lang='grc' dir='ltr'>παίζων</span> <span class='ocrx_word' id='word_1_273' title='bbox 479 3888 728 3964; x_wconf 76' lang='grc' dir='ltr'>ἄντικρυς</span> <span class='ocrx_word' id='word_1_274' title='bbox 763 3889 815 3942; x_wconf 79' lang='grc' dir='ltr'>ἐν</span> <span class='ocrx_word' id='word_1_275' title='bbox 845 3888 911 3943; x_wconf 87' lang='grc' dir='ltr'><strong>οὐ</strong></span> <span class='ocrx_word' id='word_1_276' title='bbox 941 3892 1193 3948; x_wconf 85' lang='grc' dir='ltr'>παικτοῖς</span> <span class='ocrx_word' id='word_1_277' title='bbox 1214 3905 1227 3920; x_wconf 76' lang='grc'><strong><em>⁸</em></strong></span> <span class='ocrx_word' id='word_1_278' title='bbox 1261 3885 1347 3939; x_wconf 73' lang='grc' dir='ltr'><strong>καὶ</strong></span> <span class='ocrx_word' id='word_1_279' title='bbox 1399 3883 1539 3941; x_wconf 70' lang='grc' dir='ltr'>ἄκων</span> <span class='ocrx_word' id='word_1_280' title='bbox 1586 3887 1686 3959; x_wconf 69' lang='grc' dir='ltr'><strong>γάρ</strong></span> <span class='ocrx_word' id='word_1_281' title='bbox 1718 3885 1880 3939; x_wconf 73' lang='grc' dir='ltr'>τοῦτο</span> 
     </span>
    </p>
   </div>
   <div class='ocr_carea' id='block_1_42' title="bbox 227 3976 1178 4055">
    <p class='ocr_par' dir='ltr' id='par_1_42' title="bbox 227 3976 1178 4055">
     <span class='ocr_line' id='line_1_42' title="bbox 227 3976 1178 4055; baseline -0.004 -19"><span class='ocrx_word' id='word_1_282' title='bbox 227 3976 668 4055; x_wconf 77' lang='grc' dir='ltr'>περιϐεϐλῆσθαι</span> <span class='ocrx_word' id='word_1_283' title='bbox 699 3979 1178 4053; x_wconf 72' lang='grc' dir='ltr'>ἀναγκασθήσεται.</span> 
     </span>
    </p>
   </div>
   <div class='ocr_carea' id='block_1_43' title="bbox 301 4059 1882 4142">
    <p class='ocr_par' dir='ltr' id='par_1_43' title="bbox 301 4059 1882 4142">
     <span class='ocr_line' id='line_1_43' title="bbox 301 4059 1882 4142; baseline -0.007 -17"><span class='ocrx_word' id='word_1_284' title='bbox 301 4076 362 4125; x_wconf 80' lang='grc' dir='ltr'>Ὀ</span> <span class='ocrx_word' id='word_1_285' title='bbox 417 4067 475 4124; x_wconf 70' lang='grc' dir='ltr'>δὲ</span> <span class='ocrx_word' id='word_1_286' title='bbox 633 4066 837 4137; x_wconf 87' lang='grc' dir='ltr'>ταύτης</span> <span class='ocrx_word' id='word_1_287' title='bbox 913 4067 988 4139; x_wconf 82' lang='grc' dir='ltr'><strong>μὴ</strong></span> <span class='ocrx_word' id='word_1_288' title='bbox 1051 4064 1352 4139; x_wconf 77' lang='grc' dir='ltr'>ἀποκείρειν</span> <span class='ocrx_word' id='word_1_289' title='bbox 1425 4064 1700 4118; x_wconf 65' lang='grc' dir='ltr'>ὁιθτιναοῦν</span> <span class='ocrx_word' id='word_1_290' title='bbox 1763 4059 1882 4115; x_wconf 82' lang='grc' dir='ltr'>ἐπι-</span> 
     </span>
    </p>
   </div>
   <div class='ocr_carea' id='block_1_44' title="bbox 227 4150 1879 4232">
    <p class='ocr_par' dir='ltr' id='par_1_44' title="bbox 227 4150 1879 4232">
     <span class='ocr_line' id='line_1_44' title="bbox 227 4150 1879 4232; baseline -0.008 -16"><span class='ocrx_word' id='word_1_291' title='bbox 227 4163 486 4232; x_wconf 75' lang='grc' dir='ltr'>σκήπτει,</span> <span class='ocrx_word' id='word_1_292' title='bbox 542 4158 634 4212; x_wconf 77' lang='grc' dir='ltr'>καί</span> <span class='ocrx_word' id='word_1_293' title='bbox 691 4159 756 4212; x_wconf 83' lang='grc' dir='ltr'>τὸ</span> <span class='ocrx_word' id='word_1_294' title='bbox 814 4157 1114 4230; x_wconf 81' lang='grc' dir='ltr'>μοναχικὸν</span> <span class='ocrx_word' id='word_1_295' title='bbox 1167 4161 1363 4230; x_wconf 77' lang='grc' dir='ltr'>σχῆμα</span> <span class='ocrx_word' id='word_1_296' title='bbox 1419 4151 1769 4228; x_wconf 73' lang='grc' dir='ltr'>περιτιθέναι,</span> <span class='ocrx_word' id='word_1_297' title='bbox 1820 4150 1879 4204; x_wconf 81' lang='grc' dir='ltr'><strong>ἃν</strong></span> 
     </span>
    </p>
   </div>
   <div class='ocr_carea' id='block_1_45' title="bbox 229 4237 1885 4324">
    <p class='ocr_par' dir='ltr' id='par_1_45' title="bbox 229 4237 1885 4324">
     <span class='ocr_line' id='line_1_45' title="bbox 229 4237 1885 4324; baseline -0.007 -20"><span class='ocrx_word' id='word_1_298' title='bbox 229 4253 313 4324; x_wconf 85' lang='grc' dir='ltr'><strong>μὴ</strong></span> <span class='ocrx_word' id='word_1_299' title='bbox 375 4249 640 4324; x_wconf 83' lang='grc' dir='ltr'>πρότερον</span> <span class='ocrx_word' id='word_1_300' title='bbox 701 4247 732 4300; x_wconf 88' lang='grc' dir='ltr'><strong>ὁ</strong></span> <span class='ocrx_word' id='word_1_301' title='bbox 793 4243 1012 4319; x_wconf 81' lang='grc' dir='ltr'>μέλλων</span> <span class='ocrx_word' id='word_1_302' title='bbox 1071 4243 1230 4300; x_wconf 84' lang='grc' dir='ltr'>αὐτὸν</span> <span class='ocrx_word' id='word_1_303' title='bbox 1291 4243 1368 4306; x_wconf 78' lang='grc' dir='ltr'>εἷς</span> <span class='ocrx_word' id='word_1_304' title='bbox 1430 4242 1702 4317; x_wconf 76' lang='grc' dir='ltr'>ὑποταγὴν</span> <span class='ocrx_word' id='word_1_305' title='bbox 1738 4237 1885 4314; x_wconf 78' lang='grc' dir='ltr'>ἔχειν</span> 
     </span>
    </p>
   </div>
   <div class='ocr_carea' id='block_1_46' title="bbox 221 4329 1886 4414">
    <p class='ocr_par' dir='ltr' id='par_1_46' title="bbox 221 4329 1886 4414">
     <span class='ocr_line' id='line_1_46' title="bbox 221 4329 1886 4414; baseline -0.007 -21"><span class='ocrx_word' id='word_1_306' title='bbox 221 4341 407 4414; x_wconf 78' lang='grc' dir='ltr'>παρῇ,</span> <span class='ocrx_word' id='word_1_307' title='bbox 434 4338 482 4408; x_wconf 84' lang='grc' dir='ltr'>ᾧ</span> <span class='ocrx_word' id='word_1_308' title='bbox 538 4339 637 4406; x_wconf 80' lang='grc' dir='ltr'><strong>τῆς</strong></span> <span class='ocrx_word' id='word_1_309' title='bbox 693 4337 939 4410; x_wconf 80' lang='grc' dir='ltr'>ψυχικῆς</span> <span class='ocrx_word' id='word_1_310' title='bbox 985 4333 1150 4388; x_wconf 78' lang='grc' dir='ltr'>αὐτοῦ</span> <span class='ocrx_word' id='word_1_311' title='bbox 1194 4331 1470 4407; x_wconf 78' lang='grc' dir='ltr'>σωτηρίας</span> <span class='ocrx_word' id='word_1_312' title='bbox 1507 4329 1756 4404; x_wconf 73' lang='grc' dir='ltr'>μελήσει,</span> <span class='ocrx_word' id='word_1_313' title='bbox 1785 4347 1886 4382; x_wconf 86' lang='grc' dir='ltr'>κα-</span> 
     </span>
    </p>
   </div>
   <div class='ocr_carea' id='block_1_47' title="bbox 219 4417 1884 4500">
    <p class='ocr_par' dir='ltr' id='par_1_47' title="bbox 219 4417 1884 4500">
     <span class='ocr_line' id='line_1_47' title="bbox 219 4417 1884 4500; baseline -0.008 -17"><span class='ocrx_word' id='word_1_314' title='bbox 219 4429 347 4490; x_wconf 85' lang='grc' dir='ltr'><strong>λῶς</strong></span> <span class='ocrx_word' id='word_1_315' title='bbox 428 4425 587 4486; x_wconf 82' lang='grc' dir='ltr'>αὐτὸς</span> <span class='ocrx_word' id='word_1_316' title='bbox 658 4425 928 4500; x_wconf 87' lang='grc' dir='ltr'>πρότερον</span> <span class='ocrx_word' id='word_1_317' title='bbox 1002 4420 1181 4498; x_wconf 80' lang='grc' dir='ltr'>ἔργοις</span> <span class='ocrx_word' id='word_1_318' title='bbox 1260 4421 1359 4489; x_wconf 84' lang='grc' dir='ltr'><strong>τὴν</strong></span> <span class='ocrx_word' id='word_1_319' title='bbox 1430 4420 1629 4494; x_wconf 84' lang='grc' dir='ltr'>ἀρετὴν</span> <span class='ocrx_word' id='word_1_320' title='bbox 1717 4417 1884 4488; x_wconf 79' lang='grc' dir='ltr'>ἀσκη-</span> 
     </span>
    </p>
   </div>
   <div class='ocr_carea' id='block_1_48' title="bbox 215 4507 1888 4588">
    <p class='ocr_par' dir='ltr' id='par_1_48' title="bbox 215 4507 1888 4588">
     <span class='ocr_line' id='line_1_48' title="bbox 215 4507 1888 4588; baseline -0.008 -15"><span class='ocrx_word' id='word_1_321' title='bbox 215 4519 366 4586; x_wconf 79' lang='grc' dir='ltr'>θεῖς,</span> <span class='ocrx_word' id='word_1_322' title='bbox 419 4515 513 4569; x_wconf 78' lang='grc' dir='ltr'><strong>καὶ</strong></span> <span class='ocrx_word' id='word_1_323' title='bbox 573 4515 688 4576; x_wconf 85' lang='grc' dir='ltr'>οἷος</span> <span class='ocrx_word' id='word_1_324' title='bbox 743 4513 882 4588; x_wconf 76' lang='grc' dir='ltr'>πρὸς</span> <span class='ocrx_word' id='word_1_325' title='bbox 935 4512 1136 4583; x_wconf 85' lang='grc' dir='ltr'>ταύτην</span> <span class='ocrx_word' id='word_1_326' title='bbox 1207 4511 1296 4566; x_wconf 70' lang='grc' dir='ltr'><strong>καὶ</strong></span> <span class='ocrx_word' id='word_1_327' title='bbox 1359 4507 1486 4570; x_wconf 70' lang='grc' dir='ltr'>τοὺς</span> <span class='ocrx_word' id='word_1_328' title='bbox 1558 4507 1662 4562; x_wconf 80' lang='grc' dir='ltr'>ὑπὸ</span> <span class='ocrx_word' id='word_1_329' title='bbox 1726 4510 1888 4584; x_wconf 85' lang='grc' dir='ltr'>χεῖρα</span> 
     </span>
    </p>
   </div>
   <div class='ocr_carea' id='block_1_49' title="bbox 210 4604 462 4680">
    <p class='ocr_par' dir='ltr' id='par_1_49' title="bbox 210 4604 462 4680">
     <span class='ocr_line' id='line_1_49' title="bbox 210 4604 462 4680; baseline -0.004 -19"><span class='ocrx_word' id='word_1_330' title='bbox 210 4604 462 4680; x_wconf 75' lang='grc' dir='ltr'>ἐνάγειν.</span> 
     </span>
    </p>
   </div>
   <div class='ocr_carea' id='block_1_50' title="bbox 285 4682 1876 4766">
    <p class='ocr_par' dir='ltr' id='par_1_50' title="bbox 285 4682 1876 4766">
     <span class='ocr_line' id='line_1_50' title="bbox 285 4682 1876 4766; baseline -0.009 -17"><span class='ocrx_word' id='word_1_331' title='bbox 285 4694 442 4754; x_wconf 80' lang='grc' dir='ltr'>Τοὺς</span> <span class='ocrx_word' id='word_1_332' title='bbox 503 4695 692 4766; x_wconf 74' lang='grc' dir='ltr'>μέντοι</span> <span class='ocrx_word' id='word_1_333' title='bbox 751 4686 842 4744; x_wconf 82' lang='grc' dir='ltr'><strong>διὰ</strong></span> <span class='ocrx_word' id='word_1_334' title='bbox 890 4689 1047 4744; x_wconf 86' lang='grc' dir='ltr'>νόσον</span> <span class='ocrx_word' id='word_1_335' title='bbox 1091 4687 1127 4758; x_wconf 67' lang='grc' dir='ltr'>ἢ</span> <span class='ocrx_word' id='word_1_336' title='bbox 1167 4685 1346 4756; x_wconf 79' lang='grc' dir='ltr'>λύπην</span> <span class='ocrx_word' id='word_1_337' title='bbox 1397 4682 1876 4758; x_wconf 78' lang='grc' dir='ltr'>ἀποκειρομένους,</span> 
     </span>
    </p>
   </div>
   <div class='ocr_carea' id='block_1_51' title="bbox 209 4772 1879 4861">
    <p class='ocr_par' dir='ltr' id='par_1_51' title="bbox 209 4772 1879 4861">
     <span class='ocr_line' id='line_1_51' title="bbox 209 4772 1879 4861; baseline -0.009 -22"><span class='ocrx_word' id='word_1_338' title='bbox 209 4784 296 4861; x_wconf 68' lang='grc' dir='ltr'><strong>ἐφ’</strong></span> <span class='ocrx_word' id='word_1_339' title='bbox 363 4785 414 4855; x_wconf 83' lang='grc' dir='ltr'>ᾧ</span> <span class='ocrx_word' id='word_1_340' title='bbox 476 4778 636 4851; x_wconf 81' lang='grc' dir='ltr'>δόξαν</span> <span class='ocrx_word' id='word_1_341' title='bbox 699 4778 866 4852; x_wconf 78' lang='grc' dir='ltr'>μόνον</span> <span class='ocrx_word' id='word_1_342' title='bbox 929 4772 1214 4838; x_wconf 74' lang='grc' dir='ltr'>εὐλαϐείας</span> <span class='ocrx_word' id='word_1_343' title='bbox 1261 4773 1496 4830; x_wconf 80' lang='grc' dir='ltr'>ἐντεῦθεν</span> <span class='ocrx_word' id='word_1_344' title='bbox 1555 4775 1879 4861; x_wconf 72' lang='grc' dir='ltr'>κτήσασθαι,</span> 
     </span>
    </p>
   </div>
   <div class='ocr_carea' id='block_1_52' title="bbox 207 4859 1881 4942">
    <p class='ocr_par' dir='ltr' id='par_1_52' title="bbox 207 4859 1881 4942">
     <span class='ocr_line' id='line_1_52' title="bbox 207 4859 1881 4942; baseline -0.01 -12"><span class='ocrx_word' id='word_1_345' title='bbox 207 4859 306 4930; x_wconf 74' lang='grc' dir='ltr'><strong>καὶ</strong></span> <span class='ocrx_word' id='word_1_346' title='bbox 358 4871 416 4927; x_wconf 79' lang='grc' dir='ltr'>ἐν</span> <span class='ocrx_word' id='word_1_347' title='bbox 469 4875 588 4930; x_wconf 84' lang='grc' dir='ltr'>τοῖς</span> <span class='ocrx_word' id='word_1_348' title='bbox 639 4866 803 4932; x_wconf 76' lang='grc' dir='ltr'>ἰδίοις</span> <span class='ocrx_word' id='word_1_349' title='bbox 840 4866 994 4928; x_wconf 77' lang='grc' dir='ltr'>αὖθις</span> <span class='ocrx_word' id='word_1_350' title='bbox 1024 4864 1448 4942; x_wconf 80' lang='grc' dir='ltr'>παρεδρεύοντας</span> <span class='ocrx_word' id='word_1_351' title='bbox 1480 4861 1675 4926; x_wconf 77' lang='grc' dir='ltr'>οἷ’κοις,</span> <span class='ocrx_word' id='word_1_352' title='bbox 1711 4859 1881 4933; x_wconf 76' lang='grc' dir='ltr'>μηδὲν</span> 
     </span>
    </p>
   </div>
   <div class='ocr_carea' id='block_1_53' title="bbox 213 4951 1888 5037">
    <p class='ocr_par' dir='ltr' id='par_1_53' title="bbox 213 4951 1888 5037">
     <span class='ocr_line' id='line_1_53' title="bbox 213 4951 1888 5037; baseline -0.01 -18"><span class='ocrx_word' id='word_1_353' title='bbox 213 4963 401 5037; x_wconf 69' lang='grc' dir='ltr'>μέλον</span> <span class='ocrx_word' id='word_1_354' title='bbox 461 4958 652 5020; x_wconf 85' lang='grc' dir='ltr'>αὐτοῖς</span> <span class='ocrx_word' id='word_1_355' title='bbox 710 4961 822 5012; x_wconf 88' lang='grc' dir='ltr'><strong>τῶν</strong></span> <span class='ocrx_word' id='word_1_356' title='bbox 877 4957 1184 5025; x_wconf 81' lang='grc' dir='ltr'>ἀσκητικῶν</span> <span class='ocrx_word' id='word_1_357' title='bbox 1239 4951 1483 5029; x_wconf 73' lang='grc' dir='ltr'>ἱδρώτων</span> <span class='ocrx_word' id='word_1_358' title='bbox 1542 4951 1632 5006; x_wconf 87' lang='grc' dir='ltr'><strong>καὶ</strong></span> <span class='ocrx_word' id='word_1_359' title='bbox 1680 4951 1888 5016; x_wconf 79' lang='grc' dir='ltr'>πόνων,</span> 
     </span>
    </p>
   </div>
   <div class='ocr_carea' id='block_1_54' title="bbox 208 5039 1890 5121">
    <p class='ocr_par' dir='ltr' id='par_1_54' title="bbox 208 5039 1890 5121">
     <span class='ocr_line' id='line_1_54' title="bbox 208 5039 1890 5121; baseline -0.01 -14"><span class='ocrx_word' id='word_1_360' title='bbox 208 5053 464 5110; x_wconf 83' lang='grc' dir='ltr'>τούτους</span> <span class='ocrx_word' id='word_1_361' title='bbox 523 5047 618 5121; x_wconf 74' lang='grc' dir='ltr'>μὲν</span> <span class='ocrx_word' id='word_1_362' title='bbox 675 5046 754 5108; x_wconf 85' lang='grc' dir='ltr'>εἷς</span> <span class='ocrx_word' id='word_1_363' title='bbox 811 5046 1087 5120; x_wconf 73' lang='grc' dir='ltr'>ὑποταγὴν</span> <span class='ocrx_word' id='word_1_364' title='bbox 1137 5043 1190 5097; x_wconf 79' lang='grc' dir='ltr'>ἐν</span> <span class='ocrx_word' id='word_1_365' title='bbox 1235 5039 1584 5115; x_wconf 79' lang='grc' dir='ltr'>μοναστηρίῳ</span> <span class='ocrx_word' id='word_1_366' title='bbox 1613 5040 1890 5108; x_wconf 81' lang='grc' dir='ltr'>καθιστᾷν,</span> 
     </span>
    </p>
   </div>
   <div class='ocr_carea' id='block_1_55' title="bbox 221 5125 1893 5212">
    <p class='ocr_par' dir='ltr' id='par_1_55' title="bbox 221 5125 1893 5212">
     <span class='ocr_line' id='line_1_55' title="bbox 221 5125 1893 5212; baseline -0.008 -19"><span class='ocrx_word' id='word_1_367' title='bbox 221 5139 271 5194; x_wconf 73' lang='grc' dir='ltr'>ἐν</span> <span class='ocrx_word' id='word_1_368' title='bbox 331 5141 384 5212; x_wconf 83' lang='grc' dir='ltr'>ᾧ</span> <span class='ocrx_word' id='word_1_369' title='bbox 437 5135 504 5192; x_wconf 79' lang='grc' dir='ltr'><strong>ἂν</strong></span> <span class='ocrx_word' id='word_1_370' title='bbox 541 5137 568 5191; x_wconf 85' lang='grc' dir='ltr'><strong>ὁ</strong></span> <span class='ocrx_word' id='word_1_371' title='bbox 600 5134 897 5197; x_wconf 84' lang='grc' dir='ltr'>ἐπίσκοπος</span> <span class='ocrx_word' id='word_1_372' title='bbox 948 5132 1260 5207; x_wconf 75' lang='grc' dir='ltr'>δοκιμάσῃ·</span> <span class='ocrx_word' id='word_1_373' title='bbox 1300 5133 1392 5186; x_wconf 87' lang='grc' dir='ltr'>τὸν</span> <span class='ocrx_word' id='word_1_374' title='bbox 1454 5127 1511 5184; x_wconf 72' lang='grc' dir='ltr'>δὲ</span> <span class='ocrx_word' id='word_1_375' title='bbox 1561 5125 1893 5202; x_wconf 75' lang='grc' dir='ltr'>παραλόγως</span> 
     </span>
    </p>
   </div>
   <div class='ocr_carea' id='block_1_56' title="bbox 223 5213 1892 5302">
    <p class='ocr_par' dir='ltr' id='par_1_56' title="bbox 223 5213 1892 5302">
     <span class='ocr_line' id='line_1_56' title="bbox 223 5213 1892 5302; baseline -0.01 -18"><span class='ocrx_word' id='word_1_376' title='bbox 223 5231 395 5285; x_wconf 81' lang='grc' dir='ltr'>αὐτὸν</span> <span class='ocrx_word' id='word_1_377' title='bbox 482 5224 850 5302; x_wconf 80' lang='grc' dir='ltr'>ἁποκείραντα</span> <span class='ocrx_word' id='word_1_378' title='bbox 922 5223 1316 5297; x_wconf 82' lang='grc' dir='ltr'>καθαιρεῖσθαι,</span> <span class='ocrx_word' id='word_1_379' title='bbox 1391 5220 1484 5275; x_wconf 77' lang='grc' dir='ltr'>οἷα</span> <span class='ocrx_word' id='word_1_380' title='bbox 1557 5223 1664 5273; x_wconf 88' lang='grc' dir='ltr'><strong>τῶν</strong></span> <span class='ocrx_word' id='word_1_381' title='bbox 1733 5213 1892 5270; x_wconf 90' lang='grc' dir='ltr'>θείων</span> 
     </span>
    </p>
   </div>
   <div class='ocr_carea' id='block_1_57' title="bbox 219 5303 1892 5392">
    <p class='ocr_par' dir='ltr' id='par_1_57' title="bbox 219 5303 1892 5392">
     <span class='ocr_line' id='line_1_57' title="bbox 219 5303 1892 5392; baseline -0.01 -19"><span class='ocrx_word' id='word_1_382' title='bbox 219 5313 565 5392; x_wconf 74' lang='grc' dir='ltr'>παραϐάτην</span> <span class='ocrx_word' id='word_1_383' title='bbox 621 5313 888 5384; x_wconf 85' lang='grc' dir='ltr'>κανόνων,</span> <span class='ocrx_word' id='word_1_384' title='bbox 938 5311 1028 5367; x_wconf 85' lang='grc' dir='ltr'>καὶ</span> <span class='ocrx_word' id='word_1_385' title='bbox 1095 5312 1195 5380; x_wconf 84' lang='grc' dir='ltr'><strong>τὴν</strong></span> <span class='ocrx_word' id='word_1_386' title='bbox 1274 5309 1582 5384; x_wconf 75' lang='grc' dir='ltr'>μοναχικὴν</span> <span class='ocrx_word' id='word_1_387' title='bbox 1651 5303 1892 5377; x_wconf 74' lang='grc' dir='ltr'>εὐταξίαν</span> 
     </span>
    </p>
   </div>
   <div class='ocr_carea' id='block_1_58' title="bbox 214 5393 1898 5487">
    <p class='ocr_par' dir='ltr' id='par_1_58' title="bbox 214 5393 1898 5487">
     <span class='ocr_line' id='line_1_58' title="bbox 214 5393 1898 5487; baseline -0.009 -25"><span class='ocrx_word' id='word_1_388' title='bbox 214 5407 571 5487; x_wconf 65' lang='grc' dir='ltr'>συγχέοντα.</span> <span class='ocrx_word' id='word_1_389' title='bbox 605 5405 706 5458; x_wconf 70' lang='grc' dir='ltr'>Διὰ</span> <span class='ocrx_word' id='word_1_390' title='bbox 734 5401 839 5478; x_wconf 80' lang='grc' dir='ltr'><strong>γάρ</strong></span> <span class='ocrx_word' id='word_1_391' title='bbox 865 5401 959 5460; x_wconf 77' lang='grc' dir='ltr'><strong>τὰς</strong></span> <span class='ocrx_word' id='word_1_392' title='bbox 992 5398 1244 5474; x_wconf 70' lang='grc' dir='ltr'>ἀκρίτους</span> <span class='ocrx_word' id='word_1_393' title='bbox 1284 5399 1482 5459; x_wconf 87' lang='grc' dir='ltr'>ταύτας</span> <span class='ocrx_word' id='word_1_394' title='bbox 1528 5395 1620 5451; x_wconf 83' lang='grc' dir='ltr'><strong>καὶ</strong></span> <span class='ocrx_word' id='word_1_395' title='bbox 1667 5393 1898 5468; x_wconf 74' lang='grc' dir='ltr'>ἐπισφα-</span> 
     </span>
    </p>
   </div>
   <div class='ocr_carea' id='block_1_59' title="bbox 217 5485 1898 5570">
    <p class='ocr_par' dir='ltr' id='par_1_59' title="bbox 217 5485 1898 5570">
     <span class='ocr_line' id='line_1_59' title="bbox 217 5485 1898 5570; baseline -0.009 -17"><span class='ocrx_word' id='word_1_396' title='bbox 217 5485 341 5557; x_wconf 67' lang='grc' dir='ltr'>λεῖς</span> <span class='ocrx_word' id='word_1_397' title='bbox 394 5495 757 5570; x_wconf 81' lang='grc' dir='ltr'>ἆποκάρσεις,</span> <span class='ocrx_word' id='word_1_398' title='bbox 811 5486 966 5566; x_wconf 79' lang='grc' dir='ltr'>ὕϐρις</span> <span class='ocrx_word' id='word_1_399' title='bbox 1016 5492 1111 5564; x_wconf 70' lang='grc' dir='ltr'>μὲν</span> <span class='ocrx_word' id='word_1_400' title='bbox 1169 5491 1248 5562; x_wconf 83' lang='grc' dir='ltr'>τῷ</span> <span class='ocrx_word' id='word_1_401' title='bbox 1301 5490 1586 5563; x_wconf 81' lang='grc' dir='ltr'>μονα-χικῷ</span> <span class='ocrx_word' id='word_1_402' title='bbox 1634 5485 1898 5560; x_wconf 79' lang='grc' dir='ltr'>προστρί-</span> 
     </span>
    </p>
   </div>
   <div class='ocr_carea' id='block_1_60' title="bbox 217 5570 1898 5659">
    <p class='ocr_par' dir='ltr' id='par_1_60' title="bbox 217 5570 1898 5659">
     <span class='ocr_line' id='line_1_60' title="bbox 217 5570 1898 5659; baseline -0.009 -18"><span class='ocrx_word' id='word_1_403' title='bbox 217 5583 384 5642; x_wconf 65' lang='lat' dir='ltr'><strong>Garat.</strong></span> <span class='ocrx_word' id='word_1_404' title='bbox 438 5584 575 5659; x_wconf 83' lang='grc' dir='ltr'>βίῳ,</span> <span class='ocrx_word' id='word_1_405' title='bbox 610 5584 742 5638; x_wconf 84' lang='grc' dir='ltr'>Θεὸν</span> <span class='ocrx_word' id='word_1_406' title='bbox 790 5579 848 5637; x_wconf 74' lang='grc' dir='ltr'>δὲ</span> <span class='ocrx_word' id='word_1_407' title='bbox 901 5579 1342 5657; x_wconf 79' lang='grc' dir='ltr'>βλασφημεῖσθαι</span> <span class='ocrx_word' id='word_1_408' title='bbox 1395 5571 1711 5656; x_wconf 56' lang='grc' dir='ltr'>συμϐαίνει.</span> <span class='ocrx_word' id='word_1_409' title='bbox 1744 5570 1898 5630; x_wconf 86' lang='grc' dir='ltr'>Ἀλλ’</span> 
     </span>
    </p>
   </div>
   <div class='ocr_carea' id='block_1_61' title="bbox 221 5665 1896 5748">
    <p class='ocr_par' dir='ltr' id='par_1_61' title="bbox 221 5665 1896 5748">
     <span class='ocr_line' id='line_1_61' title="bbox 221 5665 1896 5748; baseline -0.011 -14"><span class='ocrx_word' id='word_1_410' title='bbox 221 5673 363 5733; x_wconf 65' lang='grc' dir='ltr'>οὐδὲ</span> <span class='ocrx_word' id='word_1_411' title='bbox 395 5675 428 5728; x_wconf 75' lang='grc' dir='ltr'>ὁ</span> <span class='ocrx_word' id='word_1_412' title='bbox 459 5674 560 5742; x_wconf 85' lang='grc' dir='ltr'><strong>τὴν</strong></span> <span class='ocrx_word' id='word_1_413' title='bbox 599 5673 770 5748; x_wconf 86' lang='grc' dir='ltr'>τρίχα</span> <span class='ocrx_word' id='word_1_414' title='bbox 822 5671 960 5746; x_wconf 83' lang='grc' dir='ltr'>πρὸς</span> <span class='ocrx_word' id='word_1_415' title='bbox 1005 5673 1123 5732; x_wconf 84' lang='grc' dir='ltr'>ταῖς</span> <span class='ocrx_word' id='word_1_416' title='bbox 1176 5666 1514 5729; x_wconf 88' lang='grc' dir='ltr'>τελευταίαις</span> <span class='ocrx_word' id='word_1_417' title='bbox 1574 5665 1896 5725; x_wconf 82' lang='grc' dir='ltr'>ἀναπνοαῖς,</span> 
     </span>
    </p>
   </div>
   <div class='ocr_carea' id='block_1_62' title="bbox 575 5769 1262 5836">
    <p class='ocr_par' dir='ltr' id='par_1_62' title="bbox 575 5769 1262 5836">
     <span class='ocr_line' id='line_1_62' title="bbox 575 5769 1262 5836; baseline 0 0"><span class='ocrx_word' id='word_1_418' title='bbox 575 5775 836 5836; x_wconf 68' lang='lat' dir='ltr'><strong>Panos.</strong></span> <span class='ocrx_word' id='word_1_419' title='bbox 878 5774 994 5836; x_wconf 80' lang='lat' dir='ltr'><strong>Gn.</strong></span> <span class='ocrx_word' id='word_1_420' title='bbox 1037 5769 1262 5836; x_wconf 82' lang='lat' dir='ltr'><strong>CXLV.</strong></span> 
     </span>
    </p>
   </div>
   <div class='ocr_carea' id='block_1_63' title="bbox 1880 1880 1925 1943">
    <p class='ocr_par' dir='ltr' id='par_1_63' title="bbox 1880 1880 1925 1943">
     <span class='ocr_line' id='line_1_63' title="bbox 1880 1880 1925 1943; baseline 0 0"><span class='ocrx_word' id='word_1_421' title='bbox 1880 1880 1925 1943; x_wconf 85' lang='grc' dir='ltr'><strong>Β</strong></span> 
     </span>
    </p>
   </div>
   <div class='ocr_carea' id='block_1_64' title="bbox 1953 585 3598 666">
    <p class='ocr_par' dir='ltr' id='par_1_64' title="bbox 1953 585 3598 666">
     <span class='ocr_line' id='line_1_64' title="bbox 1953 585 3598 666; baseline 0.007 -25"><span class='ocrx_word' id='word_1_422' title='bbox 1953 601 2186 657; x_wconf 59' lang='lat' dir='ltr'><strong>aequum</strong></span> <span class='ocrx_word' id='word_1_423' title='bbox 2208 585 2306 655; x_wconf 87' lang='lat' dir='ltr'><strong>sit,</strong></span> <span class='ocrx_word' id='word_1_424' title='bbox 2347 589 2406 642; x_wconf 88' lang='lat' dir='ltr'><strong>at</strong></span> <span class='ocrx_word' id='word_1_425' title='bbox 2433 601 2564 642; x_wconf 89' lang='lat' dir='ltr'><strong>vero</strong></span> <span class='ocrx_word' id='word_1_426' title='bbox 2594 587 2816 660; x_wconf 84' lang='lat' dir='ltr'><strong>absque</strong></span> <span class='ocrx_word' id='word_1_427' title='bbox 2855 591 3121 647; x_wconf 82' lang='lat' dir='ltr'><strong>examine</strong></span> <span class='ocrx_word' id='word_1_428' title='bbox 3153 593 3396 650; x_wconf 90' lang='lat' dir='ltr'><strong>minime</strong></span> <span class='ocrx_word' id='word_1_429' title='bbox 3425 611 3598 666; x_wconf 87' lang='lat' dir='ltr'><strong>opor-</strong></span> 
     </span>
    </p>
   </div>
   <div class='ocr_carea' id='block_1_65' title="bbox 1955 674 3606 756">
    <p class='ocr_par' dir='ltr' id='par_1_65' title="bbox 1955 674 3606 756">
     <span class='ocr_line' id='line_1_65' title="bbox 1955 674 3606 756; baseline 0.006 -26"><span class='ocrx_word' id='word_1_430' title='bbox 1955 679 2063 731; x_wconf 86' lang='lat' dir='ltr'><strong>tet:</strong></span> <span class='ocrx_word' id='word_1_431' title='bbox 2093 674 2212 731; x_wconf 89' lang='lat' dir='ltr'><strong>imo</strong></span> <span class='ocrx_word' id='word_1_432' title='bbox 2234 690 2340 731; x_wconf 90' lang='lat' dir='ltr'><strong>nec</strong></span> <span class='ocrx_word' id='word_1_433' title='bbox 2361 674 2516 730; x_wconf 83' lang='lat' dir='ltr'><strong>citus</strong></span> <span class='ocrx_word' id='word_1_434' title='bbox 2535 674 2796 732; x_wconf 82' lang='lat' dir='ltr'><strong>debitum</strong></span> <span class='ocrx_word' id='word_1_435' title='bbox 2819 679 3004 736; x_wconf 80' lang='lat' dir='ltr'><strong>aetatis</strong></span> <span class='ocrx_word' id='word_1_436' title='bbox 3035 681 3296 752; x_wconf 67' lang='lat' dir='ltr'><strong>tempnis</strong></span> <span class='ocrx_word' id='word_1_437' title='bbox 3326 681 3480 751; x_wconf 88' lang='lat' dir='ltr'><strong>illos,</strong></span> <span class='ocrx_word' id='word_1_438' title='bbox 3503 682 3606 756; x_wconf 88' lang='lat' dir='ltr'><strong>qui</strong></span> 
     </span>
    </p>
   </div>
   <div class='ocr_carea' id='block_1_66' title="bbox 1957 763 3605 842">
    <p class='ocr_par' dir='ltr' id='par_1_66' title="bbox 1957 763 3605 842">
     <span class='ocr_line' id='line_1_66' title="bbox 1957 763 3605 842; baseline 0.008 -25"><span class='ocrx_word' id='word_1_439' title='bbox 1957 765 2132 820; x_wconf 84' lang='lat' dir='ltr'><strong>vitam</strong></span> <span class='ocrx_word' id='word_1_440' title='bbox 2167 763 2484 820; x_wconf 80' lang='lat' dir='ltr'><strong>solitariam</strong></span> <span class='ocrx_word' id='word_1_441' title='bbox 2515 779 2682 837; x_wconf 86' lang='lat' dir='ltr'><strong>agere</strong></span> <span class='ocrx_word' id='word_1_442' title='bbox 2729 765 2992 838; x_wconf 87' lang='lat' dir='ltr'><strong>cupiunt,</strong></span> <span class='ocrx_word' id='word_1_443' title='bbox 3025 786 3060 824; x_wconf 91' lang='lat' dir='ltr'><strong>a</strong></span> <span class='ocrx_word' id='word_1_444' title='bbox 3088 773 3358 842; x_wconf 68' lang='lat' dir='ltr'><strong>prastecto</strong></span> <span class='ocrx_word' id='word_1_445' title='bbox 3395 789 3605 830; x_wconf 87' lang='lat' dir='ltr'><strong>mona-</strong></span> 
     </span>
    </p>
   </div>
   <div class='ocr_carea' id='block_1_67' title="bbox 1954 853 3607 935">
    <p class='ocr_par' dir='ltr' id='par_1_67' title="bbox 1954 853 3607 935">
     <span class='ocr_line' id='line_1_67' title="bbox 1954 853 3607 935; baseline 0.004 -24"><span class='ocrx_word' id='word_1_446' title='bbox 1954 853 2113 910; x_wconf 87' lang='lat' dir='ltr'><strong>sterii</strong></span> <span class='ocrx_word' id='word_1_447' title='bbox 2144 853 2373 909; x_wconf 77' lang='lat' dir='ltr'><strong>admitti</strong></span> <span class='ocrx_word' id='word_1_448' title='bbox 2404 855 2490 910; x_wconf 82' lang='lat' dir='ltr'><strong>fas</strong></span> <span class='ocrx_word' id='word_1_449' title='bbox 2521 857 2628 935; x_wconf 80' lang='lat' dir='ltr'><strong>est.</strong></span> <span class='ocrx_word' id='word_1_450' title='bbox 2661 853 3076 914; x_wconf 81' lang='lat' dir='ltr'><strong>Verumtamen</strong></span> <span class='ocrx_word' id='word_1_451' title='bbox 3109 863 3174 916; x_wconf 92' lang='lat' dir='ltr'><strong>ut</strong></span> <span class='ocrx_word' id='word_1_452' title='bbox 3202 861 3476 932; x_wconf 69' lang='lat' dir='ltr'><strong>praeclare</strong></span> <span class='ocrx_word' id='word_1_453' title='bbox 3497 879 3607 918; x_wconf 87' lang='lat' dir='ltr'><strong>au-</strong></span> 
     </span>
    </p>
   </div>
   <div class='ocr_carea' id='block_1_68' title="bbox 1954 942 3610 1018">
    <p class='ocr_par' dir='ltr' id='par_1_68' title="bbox 1954 942 3610 1018">
     <span class='ocr_line' id='line_1_68' title="bbox 1954 942 3610 1018; baseline 0.007 -22"><span class='ocrx_word' id='word_1_454' title='bbox 1954 942 2162 1014; x_wconf 83' lang='lat' dir='ltr'><strong>geatur</strong></span> <span class='ocrx_word' id='word_1_455' title='bbox 2190 942 2396 1012; x_wconf 87' lang='lat' dir='ltr'><strong>pietas,</strong></span> <span class='ocrx_word' id='word_1_456' title='bbox 2429 942 2920 1012; x_wconf 88' lang='lat' dir='ltr'><strong>superabundanti</strong></span> <span class='ocrx_word' id='word_1_457' title='bbox 2943 946 3138 1018; x_wconf 85' lang='lat' dir='ltr'><strong>gratia</strong></span> <span class='ocrx_word' id='word_1_458' title='bbox 3158 947 3264 1005; x_wconf 87' lang='lat' dir='ltr'><strong>Dei</strong></span> <span class='ocrx_word' id='word_1_459' title='bbox 3297 949 3471 1006; x_wconf 89' lang='lat' dir='ltr'><strong>etiam</strong></span> <span class='ocrx_word' id='word_1_460' title='bbox 3502 951 3610 1006; x_wconf 90' lang='lat' dir='ltr'><strong>de-</strong></span> 
     </span>
    </p>
   </div>
   <div class='ocr_carea' id='block_1_69' title="bbox 1957 1031 3608 1106">
    <p class='ocr_par' dir='ltr' id='par_1_69' title="bbox 1957 1031 3608 1106">
     <span class='ocr_line' id='line_1_69' title="bbox 1957 1031 3608 1106; baseline 0.007 -20"><span class='ocrx_word' id='word_1_461' title='bbox 1957 1031 2173 1086; x_wconf 87' lang='lat' dir='ltr'><strong>cimum</strong></span> <span class='ocrx_word' id='word_1_462' title='bbox 2197 1031 2382 1088; x_wconf 68' lang='lat' dir='ltr'><strong>astatis</strong></span> <span class='ocrx_word' id='word_1_463' title='bbox 2399 1047 2617 1088; x_wconf 89' lang='lat' dir='ltr'><strong>annum</strong></span> <span class='ocrx_word' id='word_1_464' title='bbox 2639 1047 2818 1105; x_wconf 85' lang='lat' dir='ltr'><strong>agens</strong></span> <span class='ocrx_word' id='word_1_465' title='bbox 2836 1050 2908 1090; x_wconf 93' lang='lat' dir='ltr'><strong>ne</strong></span> <span class='ocrx_word' id='word_1_466' title='bbox 2938 1035 3253 1106; x_wconf 89' lang='lat' dir='ltr'><strong>rejiciatur,</strong></span> <span class='ocrx_word' id='word_1_467' title='bbox 3289 1039 3608 1097; x_wconf 84' lang='lat' dir='ltr'><strong>dummodo</strong></span> 
     </span>
    </p>
   </div>
   <div class='ocr_carea' id='block_1_70' title="bbox 1956 1119 3610 1201">
    <p class='ocr_par' dir='ltr' id='par_1_70' title="bbox 1956 1119 3610 1201">
     <span class='ocr_line' id='line_1_70' title="bbox 1956 1119 3610 1201; baseline 0.008 -26"><span class='ocrx_word' id='word_1_468' title='bbox 1956 1119 2165 1192; x_wconf 86' lang='lat' dir='ltr'><strong>dignos</strong></span> <span class='ocrx_word' id='word_1_469' title='bbox 2195 1120 2549 1192; x_wconf 83' lang='lat' dir='ltr'><strong>professione</strong></span> <span class='ocrx_word' id='word_1_470' title='bbox 2588 1137 2780 1178; x_wconf 90' lang='lat' dir='ltr'><strong>mores</strong></span> <span class='ocrx_word' id='word_1_471' title='bbox 2811 1123 3100 1194; x_wconf 67' lang='lat' dir='ltr'><strong>prabeat;</strong></span> <span class='ocrx_word' id='word_1_472' title='bbox 3147 1125 3266 1184; x_wconf 88' lang='lat' dir='ltr'><strong>imo</strong></span> <span class='ocrx_word' id='word_1_473' title='bbox 3289 1144 3397 1185; x_wconf 89' lang='lat' dir='ltr'><strong>nec</strong></span> <span class='ocrx_word' id='word_1_474' title='bbox 3423 1127 3478 1184; x_wconf 89' lang='lat' dir='ltr'><strong>is</strong></span> <span class='ocrx_word' id='word_1_475' title='bbox 3497 1133 3610 1201; x_wconf 87' lang='lat' dir='ltr'><strong>qui</strong></span> 
     </span>
    </p>
   </div>
   <div class='ocr_carea' id='block_1_71' title="bbox 1956 1206 3069 1268">
    <p class='ocr_par' dir='ltr' id='par_1_71' title="bbox 1956 1206 3069 1268">
     <span class='ocr_line' id='line_1_71' title="bbox 1956 1206 3069 1268; baseline 0.002 -6"><span class='ocrx_word' id='word_1_476' title='bbox 1956 1207 2246 1263; x_wconf 90' lang='lat' dir='ltr'><strong>decimum</strong></span> <span class='ocrx_word' id='word_1_477' title='bbox 2280 1206 2471 1264; x_wconf 87' lang='lat' dir='ltr'><strong>adhuc</strong></span> <span class='ocrx_word' id='word_1_478' title='bbox 2510 1216 2841 1265; x_wconf 90' lang='lat' dir='ltr'><strong>currentem</strong></span> <span class='ocrx_word' id='word_1_479' title='bbox 2875 1208 3069 1268; x_wconf 84' lang='lat' dir='ltr'><strong>habet.</strong></span> 
     </span>
    </p>
   </div>
   <div class='ocr_carea' id='block_1_72' title="bbox 2025 1295 3605 1369">
    <p class='ocr_par' dir='ltr' id='par_1_72' title="bbox 2025 1295 3605 1369">
     <span class='ocr_line' id='line_1_72' title="bbox 2025 1295 3605 1369; baseline 0.004 -18"><span class='ocrx_word' id='word_1_480' title='bbox 2025 1295 2242 1369; x_wconf 81' lang='lat' dir='ltr'><strong>Synodi</strong></span> <span class='ocrx_word' id='word_1_481' title='bbox 2299 1313 2431 1352; x_wconf 88' lang='lat' dir='ltr'><strong>vero</strong></span> <span class='ocrx_word' id='word_1_482' title='bbox 2475 1296 2671 1368; x_wconf 65' lang='lat' dir='ltr'><strong>prima;</strong></span> <span class='ocrx_word' id='word_1_483' title='bbox 2729 1307 2785 1354; x_wconf 89' lang='lat' dir='ltr'><strong>et</strong></span> <span class='ocrx_word' id='word_1_484' title='bbox 2831 1301 3104 1356; x_wconf 71' lang='lat' dir='ltr'><strong>secundae</strong></span> <span class='ocrx_word' id='word_1_485' title='bbox 3153 1300 3318 1358; x_wconf 69' lang='lat' dir='ltr'><strong>dicta</strong></span> <span class='ocrx_word' id='word_1_486' title='bbox 3349 1319 3540 1359; x_wconf 84' lang='lat' dir='ltr'><strong>canon</strong></span> <span class='ocrx_word' id='word_1_487' title='bbox 3569 1303 3605 1357; x_wconf 86' lang='lat'>5</span> 
     </span>
    </p>
   </div>
   <div class='ocr_carea' id='block_1_73' title="bbox 1953 1384 3609 1462">
    <p class='ocr_par' dir='ltr' id='par_1_73' title="bbox 1953 1384 3609 1462">
     <span class='ocr_line' id='line_1_73' title="bbox 1953 1384 3609 1462; baseline 0.003 -20"><span class='ocrx_word' id='word_1_488' title='bbox 1953 1400 2055 1442; x_wconf 89' lang='lat' dir='ltr'><strong>eos</strong></span> <span class='ocrx_word' id='word_1_489' title='bbox 2085 1384 2181 1458; x_wconf 87' lang='lat' dir='ltr'><strong>qui</strong></span> <span class='ocrx_word' id='word_1_490' title='bbox 2232 1387 2302 1440; x_wconf 90' lang='lat' dir='ltr'><strong>ad</strong></span> <span class='ocrx_word' id='word_1_491' title='bbox 2337 1385 2750 1442; x_wconf 89' lang='lat' dir='ltr'><strong>monachatum</strong></span> <span class='ocrx_word' id='word_1_492' title='bbox 2791 1389 3096 1457; x_wconf 87' lang='lat' dir='ltr'><strong>accedunt,</strong></span> <span class='ocrx_word' id='word_1_493' title='bbox 3147 1406 3250 1462; x_wconf 90' lang='lat' dir='ltr'><strong>per</strong></span> <span class='ocrx_word' id='word_1_494' title='bbox 3286 1390 3609 1448; x_wconf 86' lang='lat' dir='ltr'><strong>triennium</strong></span> 
     </span>
    </p>
   </div>
   <div class='ocr_carea' id='block_1_74' title="bbox 1954 1473 3608 1547">
    <p class='ocr_par' dir='ltr' id='par_1_74' title="bbox 1954 1473 3608 1547">
     <span class='ocr_line' id='line_1_74' title="bbox 1954 1473 3608 1547; baseline 0.003 -16"><span class='ocrx_word' id='word_1_495' title='bbox 1954 1474 2016 1531; x_wconf 91' lang='lat' dir='ltr'><strong>in</strong></span> <span class='ocrx_word' id='word_1_496' title='bbox 2075 1473 2452 1544; x_wconf 88' lang='lat' dir='ltr'><strong>monasterio,</strong></span> <span class='ocrx_word' id='word_1_497' title='bbox 2480 1478 2638 1530; x_wconf 82' lang='lat' dir='ltr'><strong>veste</strong></span> <span class='ocrx_word' id='word_1_498' title='bbox 2668 1475 2904 1547; x_wconf 87' lang='lat' dir='ltr'><strong>quidem</strong></span> <span class='ocrx_word' id='word_1_499' title='bbox 2947 1477 3208 1534; x_wconf 68' lang='lat' dir='ltr'><strong>seculari</strong></span> <span class='ocrx_word' id='word_1_500' title='bbox 3241 1478 3434 1536; x_wconf 88' lang='lat' dir='ltr'><strong>adhuc</strong></span> <span class='ocrx_word' id='word_1_501' title='bbox 3464 1480 3608 1535; x_wconf 87' lang='lat' dir='ltr'><strong>ami-</strong></span> 
     </span>
    </p>
   </div>
   <div class='ocr_carea' id='block_1_75' title="bbox 1957 1565 3614 1640">
    <p class='ocr_par' dir='ltr' id='par_1_75' title="bbox 1957 1565 3614 1640">
     <span class='ocr_line' id='line_1_75' title="bbox 1957 1565 3614 1640; baseline 0.003 -19"><span class='ocrx_word' id='word_1_502' title='bbox 1957 1569 2106 1632; x_wconf 91' lang='lat' dir='ltr'><strong>etos,</strong></span> <span class='ocrx_word' id='word_1_503' title='bbox 2137 1565 2468 1636; x_wconf 85' lang='lat' dir='ltr'><strong>probandos</strong></span> <span class='ocrx_word' id='word_1_504' title='bbox 2493 1565 2762 1622; x_wconf 80' lang='lat' dir='ltr'><strong>decrevit.</strong></span> <span class='ocrx_word' id='word_1_505' title='bbox 2807 1567 3059 1640; x_wconf 67' lang='lat' dir='ltr'><strong>IEquum</strong></span> <span class='ocrx_word' id='word_1_506' title='bbox 3087 1573 3286 1626; x_wconf 86' lang='lat' dir='ltr'><strong>tamen</strong></span> <span class='ocrx_word' id='word_1_507' title='bbox 3306 1585 3434 1627; x_wconf 87' lang='lat' dir='ltr'><strong>esse</strong></span> <span class='ocrx_word' id='word_1_508' title='bbox 3456 1569 3614 1640; x_wconf 86' lang='lat' dir='ltr'><strong>judi—</strong></span> 
     </span>
    </p>
   </div>
   <div class='ocr_carea' id='block_1_76' title="bbox 1957 1653 3610 1733">
    <p class='ocr_par' dir='ltr' id='par_1_76' title="bbox 1957 1653 3610 1733">
     <span class='ocr_line' id='line_1_76' title="bbox 1957 1653 3610 1733; baseline 0.005 -23"><span class='ocrx_word' id='word_1_509' title='bbox 1957 1654 2127 1724; x_wconf 84' lang='lat' dir='ltr'><strong>cavit,</strong></span> <span class='ocrx_word' id='word_1_510' title='bbox 2151 1659 2214 1710; x_wconf 83' lang='lat' dir='ltr'><strong>ut</strong></span> <span class='ocrx_word' id='word_1_511' title='bbox 2243 1653 2340 1726; x_wconf 89' lang='lat' dir='ltr'><strong>qui</strong></span> <span class='ocrx_word' id='word_1_512' title='bbox 2361 1669 2462 1724; x_wconf 90' lang='lat' dir='ltr'><strong>per</strong></span> <span class='ocrx_word' id='word_1_513' title='bbox 2491 1655 2547 1710; x_wconf 88' lang='lat' dir='ltr'><strong>id</strong></span> <span class='ocrx_word' id='word_1_514' title='bbox 2579 1655 2860 1728; x_wconf 89' lang='lat' dir='ltr'><strong>temporis</strong></span> <span class='ocrx_word' id='word_1_515' title='bbox 2903 1657 3084 1714; x_wconf 88' lang='lat' dir='ltr'><strong>animi</strong></span> <span class='ocrx_word' id='word_1_516' title='bbox 3117 1659 3212 1715; x_wconf 81' lang='lat' dir='ltr'><strong>sui</strong></span> <span class='ocrx_word' id='word_1_517' title='bbox 3243 1659 3610 1733; x_wconf 89' lang='lat' dir='ltr'><strong>propositum</strong></span> 
     </span>
    </p>
   </div>
   <div class='ocr_carea' id='block_1_77' title="bbox 1958 1743 3614 1817">
    <p class='ocr_par' dir='ltr' id='par_1_77' title="bbox 1958 1743 3614 1817">
     <span class='ocr_line' id='line_1_77' title="bbox 1958 1743 3614 1817; baseline 0.004 -17"><span class='ocrx_word' id='word_1_518' title='bbox 1958 1745 2032 1800; x_wconf 87' lang='lat' dir='ltr'><strong>de</strong></span> <span class='ocrx_word' id='word_1_519' title='bbox 2062 1743 2416 1816; x_wconf 89' lang='lat' dir='ltr'><strong>professione</strong></span> <span class='ocrx_word' id='word_1_520' title='bbox 2435 1744 2984 1817; x_wconf 88' lang='lat' dir='ltr'><strong>demonstraverint,</strong></span> <span class='ocrx_word' id='word_1_521' title='bbox 3014 1752 3138 1804; x_wconf 90' lang='lat' dir='ltr'><strong>tum</strong></span> <span class='ocrx_word' id='word_1_522' title='bbox 3169 1749 3407 1806; x_wconf 89' lang='lat' dir='ltr'><strong>demum</strong></span> <span class='ocrx_word' id='word_1_523' title='bbox 3441 1750 3614 1806; x_wconf 83' lang='lat' dir='ltr'><strong>habi-</strong></span> 
     </span>
    </p>
   </div>
   <div class='ocr_carea' id='block_1_78' title="bbox 1957 1833 3610 1896">
    <p class='ocr_par' dir='ltr' id='par_1_78' title="bbox 1957 1833 3610 1896">
     <span class='ocr_line' id='line_1_78' title="bbox 1957 1833 3610 1896; baseline 0.004 -8"><span class='ocrx_word' id='word_1_524' title='bbox 1957 1836 2085 1890; x_wconf 90' lang='lat' dir='ltr'><strong>tum</strong></span> <span class='ocrx_word' id='word_1_525' title='bbox 2141 1833 2532 1890; x_wconf 88' lang='lat' dir='ltr'><strong>monasticum</strong></span> <span class='ocrx_word' id='word_1_526' title='bbox 2590 1837 2916 1892; x_wconf 83' lang='lat' dir='ltr'><strong>assumant.</strong></span> <span class='ocrx_word' id='word_1_527' title='bbox 2974 1837 3328 1896; x_wconf 87' lang='lat' dir='ltr'><strong>lndiscretas</strong></span> <span class='ocrx_word' id='word_1_528' title='bbox 3366 1839 3520 1896; x_wconf 88' lang='lat' dir='ltr'><strong>enim</strong></span> <span class='ocrx_word' id='word_1_529' title='bbox 3553 1843 3610 1895; x_wconf 88' lang='lat' dir='ltr'><strong>et</strong></span> 
     </span>
    </p>
   </div>
   <div class='ocr_carea' id='block_1_79' title="bbox 1959 1923 3604 2002">
    <p class='ocr_par' dir='ltr' id='par_1_79' title="bbox 1959 1923 3604 2002">
     <span class='ocr_line' id='line_1_79' title="bbox 1959 1923 3604 2002; baseline 0.002 -21"><span class='ocrx_word' id='word_1_530' title='bbox 1959 1923 2100 1981; x_wconf 83' lang='lat' dir='ltr'><strong>citra</strong></span> <span class='ocrx_word' id='word_1_531' title='bbox 2148 1924 2550 1996; x_wconf 85' lang='lat' dir='ltr'><strong>probationem</strong></span> <span class='ocrx_word' id='word_1_532' title='bbox 2609 1925 2790 1983; x_wconf 84' lang='lat' dir='ltr'><strong>factas</strong></span> <span class='ocrx_word' id='word_1_533' title='bbox 2832 1929 3292 1986; x_wconf 88' lang='lat' dir='ltr'><strong>renuntiationes</strong></span> <span class='ocrx_word' id='word_1_534' title='bbox 3319 1934 3384 1986; x_wconf 92' lang='lat' dir='ltr'><strong>ut</strong></span> <span class='ocrx_word' id='word_1_535' title='bbox 3413 1929 3604 2002; x_wconf 84' lang='lat' dir='ltr'><strong>pluri-</strong></span> 
     </span>
    </p>
   </div>
   <div class='ocr_carea' id='block_1_80' title="bbox 1961 2015 3618 2092">
    <p class='ocr_par' dir='ltr' id='par_1_80' title="bbox 1961 2015 3618 2092">
     <span class='ocr_line' id='line_1_80' title="bbox 1961 2015 3618 2092; baseline 0.003 -22"><span class='ocrx_word' id='word_1_536' title='bbox 1961 2031 2125 2071; x_wconf 90' lang='lat' dir='ltr'><strong>mum</strong></span> <span class='ocrx_word' id='word_1_537' title='bbox 2165 2015 2354 2071; x_wconf 90' lang='lat' dir='ltr'><strong>ordini</strong></span> <span class='ocrx_word' id='word_1_538' title='bbox 2403 2017 2729 2072; x_wconf 92' lang='lat' dir='ltr'><strong>monastico</strong></span> <span class='ocrx_word' id='word_1_539' title='bbox 2780 2017 3136 2090; x_wconf 90' lang='lat' dir='ltr'><strong>perniciosae</strong></span> <span class='ocrx_word' id='word_1_540' title='bbox 3166 2035 3295 2077; x_wconf 90' lang='lat' dir='ltr'><strong>esse</strong></span> <span class='ocrx_word' id='word_1_541' title='bbox 3323 2021 3618 2092; x_wconf 86' lang='lat' dir='ltr'><strong>comperi-</strong></span> 
     </span>
    </p>
   </div>
   <div class='ocr_carea' id='block_1_81' title="bbox 1962 2104 3614 2177">
    <p class='ocr_par' dir='ltr' id='par_1_81' title="bbox 1962 2104 3614 2177">
     <span class='ocr_line' id='line_1_81' title="bbox 1962 2104 3614 2177; baseline 0.002 -15"><span class='ocrx_word' id='word_1_542' title='bbox 1962 2120 2114 2162; x_wconf 88' lang='lat' dir='ltr'><strong>mus.</strong></span> <span class='ocrx_word' id='word_1_543' title='bbox 2146 2104 2364 2160; x_wconf 84' lang='lat' dir='ltr'><strong>Idcirco</strong></span> <span class='ocrx_word' id='word_1_544' title='bbox 2419 2105 2520 2177; x_wconf 89' lang='lat' dir='ltr'><strong>qui</strong></span> <span class='ocrx_word' id='word_1_545' title='bbox 2569 2109 2788 2162; x_wconf 90' lang='lat' dir='ltr'><strong>temere</strong></span> <span class='ocrx_word' id='word_1_546' title='bbox 2838 2107 2895 2164; x_wconf 91' lang='lat' dir='ltr'><strong>in</strong></span> <span class='ocrx_word' id='word_1_547' title='bbox 2949 2112 3166 2165; x_wconf 88' lang='lat' dir='ltr'><strong>statum</strong></span> <span class='ocrx_word' id='word_1_548' title='bbox 3200 2109 3614 2166; x_wconf 64' lang='lat' dir='ltr'><strong>monacharutu</strong></span> 
     </span>
    </p>
   </div>
   <div class='ocr_carea' id='block_1_82' title="bbox 1965 2195 3619 2270">
    <p class='ocr_par' dir='ltr' id='par_1_82' title="bbox 1965 2195 3619 2270">
     <span class='ocr_line' id='line_1_82' title="bbox 1965 2195 3619 2270; baseline 0.004 -22"><span class='ocrx_word' id='word_1_549' title='bbox 1965 2211 2094 2250; x_wconf 89' lang='lat' dir='ltr'><strong>sese</strong></span> <span class='ocrx_word' id='word_1_550' title='bbox 2123 2195 2414 2267; x_wconf 84' lang='lat' dir='ltr'><strong>ingerunt,</strong></span> <span class='ocrx_word' id='word_1_551' title='bbox 2443 2195 2614 2268; x_wconf 89' lang='lat' dir='ltr'><strong>paulo</strong></span> <span class='ocrx_word' id='word_1_552' title='bbox 2656 2201 2787 2267; x_wconf 89' lang='lat' dir='ltr'><strong>post</strong></span> <span class='ocrx_word' id='word_1_553' title='bbox 2824 2197 3018 2270; x_wconf 89' lang='lat' dir='ltr'><strong>ipsum</strong></span> <span class='ocrx_word' id='word_1_554' title='bbox 3051 2199 3158 2270; x_wconf 65' lang='lat' dir='ltr'><strong>pia</strong></span> <span class='ocrx_word' id='word_1_555' title='bbox 3187 2200 3619 2256; x_wconf 81' lang='lat' dir='ltr'><strong>exercitationis</strong></span> 
     </span>
    </p>
   </div>
   <div class='ocr_carea' id='block_1_83' title="bbox 1965 2282 3620 2358">
    <p class='ocr_par' dir='ltr' id='par_1_83' title="bbox 1965 2282 3620 2358">
     <span class='ocr_line' id='line_1_83' title="bbox 1965 2282 3620 2358; baseline 0.002 -20"><span class='ocrx_word' id='word_1_556' title='bbox 1965 2282 2225 2338; x_wconf 90' lang='lat' dir='ltr'><strong>laborem</strong></span> <span class='ocrx_word' id='word_1_557' title='bbox 2273 2288 2626 2353; x_wconf 85' lang='lat' dir='ltr'><strong>recusantes,</strong></span> <span class='ocrx_word' id='word_1_558' title='bbox 2687 2302 2922 2341; x_wconf 89' lang='lat' dir='ltr'><strong>rursum</strong></span> <span class='ocrx_word' id='word_1_559' title='bbox 2974 2287 3045 2341; x_wconf 90' lang='lat' dir='ltr'><strong>ad</strong></span> <span class='ocrx_word' id='word_1_560' title='bbox 3096 2290 3318 2358; x_wconf 83' lang='lat' dir='ltr'><strong>gratam</strong></span> <span class='ocrx_word' id='word_1_561' title='bbox 3361 2287 3519 2342; x_wconf 84' lang='lat' dir='ltr'><strong>carni</strong></span> <span class='ocrx_word' id='word_1_562' title='bbox 3553 2303 3620 2342; x_wconf 88' lang='lat' dir='ltr'><strong>ac</strong></span> 
     </span>
    </p>
   </div>
   <div class='ocr_carea' id='block_1_84' title="bbox 1967 2370 3619 2447">
    <p class='ocr_par' dir='ltr' id='par_1_84' title="bbox 1967 2370 3619 2447">
     <span class='ocr_line' id='line_1_84' title="bbox 1967 2370 3619 2447; baseline 0.003 -20"><span class='ocrx_word' id='word_1_563' title='bbox 1967 2370 2301 2428; x_wconf 71' lang='lat' dir='ltr'><strong>saecularem</strong></span> <span class='ocrx_word' id='word_1_564' title='bbox 2332 2372 2508 2428; x_wconf 88' lang='lat' dir='ltr'><strong>vitam</strong></span> <span class='ocrx_word' id='word_1_565' title='bbox 2536 2372 2746 2429; x_wconf 86' lang='lat' dir='ltr'><strong>misere</strong></span> <span class='ocrx_word' id='word_1_566' title='bbox 2769 2375 2968 2430; x_wconf 88' lang='lat' dir='ltr'><strong>reverti</strong></span> <span class='ocrx_word' id='word_1_567' title='bbox 2987 2375 3195 2432; x_wconf 84' lang='lat' dir='ltr'><strong>solent.</strong></span> <span class='ocrx_word' id='word_1_568' title='bbox 3221 2376 3280 2432; x_wconf 91' lang='lat' dir='ltr'><strong>Si</strong></span> <span class='ocrx_word' id='word_1_569' title='bbox 3313 2375 3446 2447; x_wconf 90' lang='lat' dir='ltr'><strong>quis</strong></span> <span class='ocrx_word' id='word_1_570' title='bbox 3465 2376 3619 2432; x_wconf 74' lang='grc'><strong>188</strong></span> 
     </span>
    </p>
   </div>
   <div class='ocr_carea' id='block_1_85' title="bbox 1967 2462 3618 2536">
    <p class='ocr_par' dir='ltr' id='par_1_85' title="bbox 1967 2462 3618 2536">
     <span class='ocr_line' id='line_1_85' title="bbox 1967 2462 3618 2536; baseline 0.002 -22"><span class='ocrx_word' id='word_1_571' title='bbox 1967 2477 2100 2516; x_wconf 87' lang='lat' dir='ltr'><strong>vero</strong></span> <span class='ocrx_word' id='word_1_572' title='bbox 2130 2477 2503 2533; x_wconf 86' lang='lat' dir='ltr'><strong>summopere</strong></span> <span class='ocrx_word' id='word_1_573' title='bbox 2546 2463 2604 2517; x_wconf 89' lang='lat' dir='ltr'><strong>in</strong></span> <span class='ocrx_word' id='word_1_574' title='bbox 2639 2462 2730 2518; x_wconf 92' lang='lat' dir='ltr'><strong>his</strong></span> <span class='ocrx_word' id='word_1_575' title='bbox 2759 2480 2884 2534; x_wconf 64' lang='lat' dir='ltr'><strong>quin</strong></span> <span class='ocrx_word' id='word_1_576' title='bbox 2931 2465 3002 2519; x_wconf 90' lang='lat' dir='ltr'><strong>ad</strong></span> <span class='ocrx_word' id='word_1_577' title='bbox 3033 2463 3372 2536; x_wconf 83' lang='lat' dir='ltr'><strong>religionem</strong></span> <span class='ocrx_word' id='word_1_578' title='bbox 3406 2483 3471 2520; x_wconf 91' lang='lat' dir='ltr'><strong>ac</strong></span> <span class='ocrx_word' id='word_1_579' title='bbox 3513 2467 3618 2519; x_wconf 88' lang='lat' dir='ltr'><strong>vir-</strong></span> 
     </span>
    </p>
   </div>
   <div class='ocr_carea' id='block_1_86' title="bbox 1967 2551 3616 2622">
    <p class='ocr_par' dir='ltr' id='par_1_86' title="bbox 1967 2551 3616 2622">
     <span class='ocr_line' id='line_1_86' title="bbox 1967 2551 3616 2622; baseline 0.002 -16"><span class='ocrx_word' id='word_1_580' title='bbox 1967 2555 2152 2607; x_wconf 89' lang='lat' dir='ltr'><strong>tutem</strong></span> <span class='ocrx_word' id='word_1_581' title='bbox 2190 2551 2503 2622; x_wconf 88' lang='lat' dir='ltr'><strong>pertinent,</strong></span> <span class='ocrx_word' id='word_1_582' title='bbox 2561 2558 2744 2608; x_wconf 89' lang='lat' dir='ltr'><strong>semet</strong></span> <span class='ocrx_word' id='word_1_583' title='bbox 2807 2553 3147 2620; x_wconf 82' lang='lat' dir='ltr'><strong>exercuerit,</strong></span> <span class='ocrx_word' id='word_1_584' title='bbox 3207 2555 3349 2610; x_wconf 90' lang='lat' dir='ltr'><strong>adeo</strong></span> <span class='ocrx_word' id='word_1_585' title='bbox 3410 2565 3467 2610; x_wconf 87' lang='lat' dir='ltr'><strong>ut</strong></span> <span class='ocrx_word' id='word_1_586' title='bbox 3501 2555 3616 2610; x_wconf 86' lang='lat' dir='ltr'><strong>vita</strong></span> 
     </span>
    </p>
   </div>
   <div class='ocr_carea' id='block_1_87' title="bbox 1971 2637 3614 2712">
    <p class='ocr_par' dir='ltr' id='par_1_87' title="bbox 1971 2637 3614 2712">
     <span class='ocr_line' id='line_1_87' title="bbox 1971 2637 3614 2712; baseline 0.002 -18"><span class='ocrx_word' id='word_1_587' title='bbox 1971 2644 2238 2694; x_wconf 87' lang='lat' dir='ltr'><strong>anteacta</strong></span> <span class='ocrx_word' id='word_1_588' title='bbox 2265 2637 2466 2695; x_wconf 71' lang='lat' dir='ltr'><strong>futurae</strong></span> <span class='ocrx_word' id='word_1_589' title='bbox 2501 2656 2614 2695; x_wconf 88' lang='lat' dir='ltr'><strong>non</strong></span> <span class='ocrx_word' id='word_1_590' title='bbox 2636 2656 2786 2696; x_wconf 88' lang='lat' dir='ltr'><strong>vana</strong></span> <span class='ocrx_word' id='word_1_591' title='bbox 2815 2643 3053 2712; x_wconf 87' lang='lat' dir='ltr'><strong>sponsio</strong></span> <span class='ocrx_word' id='word_1_592' title='bbox 3084 2643 3278 2710; x_wconf 88' lang='lat' dir='ltr'><strong>fuerit,</strong></span> <span class='ocrx_word' id='word_1_593' title='bbox 3312 2642 3399 2698; x_wconf 88' lang='lat' dir='ltr'><strong>vel</strong></span> <span class='ocrx_word' id='word_1_594' title='bbox 3433 2659 3614 2700; x_wconf 82' lang='lat' dir='ltr'><strong>semc-</strong></span> 
     </span>
    </p>
   </div>
   <div class='ocr_carea' id='block_1_88' title="bbox 1971 2728 3622 2805">
    <p class='ocr_par' dir='ltr' id='par_1_88' title="bbox 1971 2728 3622 2805">
     <span class='ocr_line' id='line_1_88' title="bbox 1971 2728 3622 2805; baseline 0.002 -21"><span class='ocrx_word' id='word_1_595' title='bbox 1971 2731 2090 2785; x_wconf 89' lang='lat' dir='ltr'><strong>stre</strong></span> <span class='ocrx_word' id='word_1_596' title='bbox 2118 2733 2350 2800; x_wconf 90' lang='lat' dir='ltr'><strong>tempus</strong></span> <span class='ocrx_word' id='word_1_597' title='bbox 2403 2728 2672 2786; x_wconf 83' lang='lat' dir='ltr'><strong>sufficiet.</strong></span> <span class='ocrx_word' id='word_1_598' title='bbox 2713 2729 2994 2787; x_wconf 68' lang='lat' dir='ltr'><strong>Ceterum</strong></span> <span class='ocrx_word' id='word_1_599' title='bbox 3030 2747 3134 2787; x_wconf 91' lang='lat' dir='ltr'><strong>nec</strong></span> <span class='ocrx_word' id='word_1_600' title='bbox 3164 2731 3261 2802; x_wconf 91' lang='lat' dir='ltr'><strong>iis,</strong></span> <span class='ocrx_word' id='word_1_601' title='bbox 3296 2733 3398 2805; x_wconf 89' lang='lat' dir='ltr'><strong>qui</strong></span> <span class='ocrx_word' id='word_1_602' title='bbox 3433 2732 3622 2788; x_wconf 87' lang='lat' dir='ltr'><strong>adhuc</strong></span> 
     </span>
    </p>
   </div>
   <div class='ocr_carea' id='block_1_89' title="bbox 1973 2817 3618 2892">
    <p class='ocr_par' dir='ltr' id='par_1_89' title="bbox 1973 2817 3618 2892">
     <span class='ocr_line' id='line_1_89' title="bbox 1973 2817 3618 2892; baseline 0.002 -20"><span class='ocrx_word' id='word_1_603' title='bbox 1973 2817 2376 2890; x_wconf 86' lang='lat' dir='ltr'><strong>probationem</strong></span> <span class='ocrx_word' id='word_1_604' title='bbox 2399 2822 2638 2888; x_wconf 87' lang='lat' dir='ltr'><strong>agentes</strong></span> <span class='ocrx_word' id='word_1_605' title='bbox 2654 2818 2714 2874; x_wconf 89' lang='lat' dir='ltr'><strong>in</strong></span> <span class='ocrx_word' id='word_1_606' title='bbox 2737 2834 2970 2890; x_wconf 85' lang='lat' dir='ltr'><strong>gravem</strong></span> <span class='ocrx_word' id='word_1_607' title='bbox 2995 2821 3261 2878; x_wconf 89' lang='lat' dir='ltr'><strong>morbum</strong></span> <span class='ocrx_word' id='word_1_608' title='bbox 3283 2820 3618 2892; x_wconf 85' lang='lat' dir='ltr'><strong>inciderint,</strong></span> 
     </span>
    </p>
   </div>
   <div class='ocr_carea' id='block_1_90' title="bbox 1973 2905 3620 2976">
    <p class='ocr_par' dir='ltr' id='par_1_90' title="bbox 1973 2905 3620 2976">
     <span class='ocr_line' id='line_1_90' title="bbox 1973 2905 3620 2976; baseline 0.003 -14"><span class='ocrx_word' id='word_1_609' title='bbox 1973 2905 2194 2962; x_wconf 89' lang='lat' dir='ltr'><strong>ordinis</strong></span> <span class='ocrx_word' id='word_1_610' title='bbox 2224 2906 2655 2963; x_wconf 88' lang='lat' dir='ltr'><strong>consummatio</strong></span> <span class='ocrx_word' id='word_1_611' title='bbox 2677 2907 2998 2965; x_wconf 74' lang='lat' dir='ltr'><strong>differenda</strong></span> <span class='ocrx_word' id='word_1_612' title='bbox 3025 2913 3134 2965; x_wconf 90' lang='lat' dir='ltr'><strong>est.</strong></span> <span class='ocrx_word' id='word_1_613' title='bbox 3159 2910 3268 2976; x_wconf 90' lang='lat' dir='ltr'><strong>Qui</strong></span> <span class='ocrx_word' id='word_1_614' title='bbox 3287 2926 3423 2966; x_wconf 90' lang='lat' dir='ltr'><strong>vero</strong></span> <span class='ocrx_word' id='word_1_615' title='bbox 3452 2926 3620 2968; x_wconf 86' lang='lat' dir='ltr'><strong>secus</strong></span> 
     </span>
    </p>
   </div>
   <div class='ocr_carea' id='block_1_91' title="bbox 1975 2994 3626 3070">
    <p class='ocr_par' dir='ltr' id='par_1_91' title="bbox 1975 2994 3626 3070">
     <span class='ocr_line' id='line_1_91' title="bbox 1975 2994 3626 3070; baseline 0.002 -20"><span class='ocrx_word' id='word_1_616' title='bbox 1975 2994 2234 3061; x_wconf 84' lang='lat' dir='ltr'><strong>fecerint,</strong></span> <span class='ocrx_word' id='word_1_617' title='bbox 2275 2999 2414 3067; x_wconf 91' lang='lat' dir='ltr'><strong>puta</strong></span> <span class='ocrx_word' id='word_1_618' title='bbox 2452 2997 2538 3052; x_wconf 88' lang='lat' dir='ltr'><strong>vel</strong></span> <span class='ocrx_word' id='word_1_619' title='bbox 2563 2997 2892 3068; x_wconf 65' lang='lat' dir='ltr'><strong>praefectum</strong></span> <span class='ocrx_word' id='word_1_620' title='bbox 2925 2999 3284 3070; x_wconf 85' lang='lat' dir='ltr'><strong>monasterii,</strong></span> <span class='ocrx_word' id='word_1_621' title='bbox 3313 2999 3402 3056; x_wconf 87' lang='lat' dir='ltr'><strong>vel</strong></span> <span class='ocrx_word' id='word_1_622' title='bbox 3432 3001 3626 3056; x_wconf 88' lang='lat' dir='ltr'><strong>candi-</strong></span> 
     </span>
    </p>
   </div>
   <div class='ocr_carea' id='block_1_92' title="bbox 1975 3083 3628 3158">
    <p class='ocr_par' dir='ltr' id='par_1_92' title="bbox 1975 3083 3628 3158">
     <span class='ocr_line' id='line_1_92' title="bbox 1975 3083 3628 3158; baseline 0.004 -20"><span class='ocrx_word' id='word_1_623' title='bbox 1975 3085 2192 3152; x_wconf 87' lang='lat' dir='ltr'><strong>datum,</strong></span> <span class='ocrx_word' id='word_1_624' title='bbox 2224 3083 2396 3139; x_wconf 92' lang='lat' dir='ltr'><strong>illum</strong></span> <span class='ocrx_word' id='word_1_625' title='bbox 2441 3084 2680 3156; x_wconf 89' lang='lat' dir='ltr'><strong>quidem</strong></span> <span class='ocrx_word' id='word_1_626' title='bbox 2714 3085 2996 3158; x_wconf 87' lang='lat' dir='ltr'><strong>regimine</strong></span> <span class='ocrx_word' id='word_1_627' title='bbox 3023 3087 3286 3146; x_wconf 81' lang='lat' dir='ltr'><strong>excidere</strong></span> <span class='ocrx_word' id='word_1_628' title='bbox 3315 3088 3537 3154; x_wconf 90' lang='lat' dir='ltr'><strong>statuit,</strong></span> <span class='ocrx_word' id='word_1_629' title='bbox 3571 3093 3628 3145; x_wconf 88' lang='lat' dir='ltr'><strong>et</strong></span> 
     </span>
    </p>
   </div>
   <div class='ocr_carea' id='block_1_93' title="bbox 1975 3173 3626 3242">
    <p class='ocr_par' dir='ltr' id='par_1_93' title="bbox 1975 3173 3626 3242">
     <span class='ocr_line' id='line_1_93' title="bbox 1975 3173 3626 3242; baseline 0.002 -12"><span class='ocrx_word' id='word_1_630' title='bbox 1975 3173 2197 3230; x_wconf 87' lang='lat' dir='ltr'><strong>subditi</strong></span> <span class='ocrx_word' id='word_1_631' title='bbox 2249 3173 2647 3231; x_wconf 88' lang='lat' dir='ltr'><strong>conditionem</strong></span> <span class='ocrx_word' id='word_1_632' title='bbox 2697 3175 2913 3242; x_wconf 89' lang='lat' dir='ltr'><strong>subire,</strong></span> <span class='ocrx_word' id='word_1_633' title='bbox 2963 3175 3121 3233; x_wconf 90' lang='lat' dir='ltr'><strong>hunc</strong></span> <span class='ocrx_word' id='word_1_634' title='bbox 3151 3181 3346 3235; x_wconf 88' lang='lat' dir='ltr'><strong>autem</strong></span> <span class='ocrx_word' id='word_1_635' title='bbox 3376 3177 3436 3234; x_wconf 90' lang='lat' dir='ltr'><strong>in</strong></span> <span class='ocrx_word' id='word_1_636' title='bbox 3469 3177 3626 3234; x_wconf 84' lang='lat' dir='ltr'><strong>aliud</strong></span> 
     </span>
    </p>
   </div>
   <div class='ocr_carea' id='block_1_94' title="bbox 1893 3234 3628 3340">
    <p class='ocr_par' dir='ltr' id='par_1_94' title="bbox 1893 3234 3628 3340">
     <span class='ocr_line' id='line_1_94' title="bbox 1893 3234 3628 3340; baseline 0.003 -22"><span class='ocrx_word' id='word_1_637' title='bbox 1893 3234 1937 3301; x_wconf 78' lang='lat' dir='ltr'><strong>C</strong></span> <span class='ocrx_word' id='word_1_638' title='bbox 1975 3263 2392 3318; x_wconf 86' lang='lat' dir='ltr'><strong>monasterium</strong></span> <span class='ocrx_word' id='word_1_639' title='bbox 2439 3263 2673 3334; x_wconf 88' lang='lat' dir='ltr'><strong>abduci,</strong></span> <span class='ocrx_word' id='word_1_640' title='bbox 2729 3263 2830 3320; x_wconf 91' lang='lat' dir='ltr'><strong>ubi</strong></span> <span class='ocrx_word' id='word_1_641' title='bbox 2861 3234 3008 3321; x_wconf 81' lang='lat' dir='ltr'><strong>nihil</strong></span> <span class='ocrx_word' id='word_1_642' title='bbox 3066 3266 3274 3340; x_wconf 90' lang='lat' dir='ltr'><strong>rigoris</strong></span> <span class='ocrx_word' id='word_1_643' title='bbox 3314 3234 3628 3324; x_wconf 83' lang='lat' dir='ltr'><strong>monasticl</strong></span> 
     </span>
    </p>
   </div>
   <div class='ocr_carea' id='block_1_95' title="bbox 1980 3351 2320 3406">
    <p class='ocr_par' dir='ltr' id='par_1_95' title="bbox 1980 3351 2320 3406">
     <span class='ocr_line' id='line_1_95' title="bbox 1980 3351 2320 3406; baseline 0 0"><span class='ocrx_word' id='word_1_644' title='bbox 1980 3351 2320 3406; x_wconf 89' lang='lat' dir='ltr'><strong>remittitur.</strong></span> 
     </span>
    </p>
   </div>
   <div class='ocr_carea' id='block_1_96' title="bbox 2063 3449 3539 3580">
    <p class='ocr_par' dir='ltr' id='par_1_96' title="bbox 2063 3449 3539 3580">
     <span class='ocr_line' id='line_1_96' title="bbox 2063 3449 3539 3580; baseline 0.005 -76"><span class='ocrx_word' id='word_1_645' title='bbox 2063 3449 2138 3506; x_wconf 77' lang='lat' dir='ltr'><strong>De</strong></span> <span class='ocrx_word' id='word_1_646' title='bbox 2164 3451 2235 3505; x_wconf 78' lang='lat' dir='ltr'><strong>iis</strong></span> <span class='ocrx_word' id='word_1_647' title='bbox 2264 3453 2360 3520; x_wconf 71' lang='lat' dir='ltr'><strong>qui</strong></span> <span class='ocrx_word' id='word_1_648' title='bbox 2388 3451 2591 3524; x_wconf 83' lang='lat' dir='ltr'><strong>absque</strong></span> <span class='ocrx_word' id='word_1_649' title='bbox 2621 3454 2872 3580; x_wconf 43' lang='lat' dir='ltr'><strong>precibus</strong></span> <span class='ocrx_word' id='word_1_650' title='bbox 2893 3459 3258 3580; x_wconf 52' lang='lat' dir='ltr'><strong>itnonasticum</strong></span> <span class='ocrx_word' id='word_1_651' title='bbox 3289 3455 3539 3512; x_wconf 76' lang='lat' dir='ltr'><strong>habitum</strong></span> 
     </span>
     <span class='ocr_line' id='line_1_97' title="bbox 2681 3541 2941 3580; baseline 0 0"><span class='ocrx_word' id='word_1_652' title='bbox 2681 3543 2738 3580; x_wconf 78' lang='grc' dir='ltr'>ιη</span> <span class='ocrx_word' id='word_1_653' title='bbox 2782 3541 2894 3580; x_wconf 86' lang='lat' dir='ltr'><strong>uun</strong></span> <span class='ocrx_word' id='word_1_654' title='bbox 2929 3569 2941 3580; x_wconf 92' lang='lat'><strong>.</strong></span> 
     </span>
    </p>
   </div>
   <div class='ocr_carea' id='block_1_97' title="bbox 2681 3535 2941 3582">
    <p class='ocr_par' dir='ltr' id='par_1_97' title="bbox 2681 3535 2941 3582">
     <span class='ocr_line' id='line_1_98' title="bbox 2681 3535 2941 3582; baseline 0.008 -2"><span class='ocrx_word' id='word_1_655' title='bbox 2681 3535 2941 3582; x_wconf 74' lang='lat' dir='ltr'><strong>induunt.</strong></span> 
     </span>
    </p>
   </div>
   <div class='ocr_carea' id='block_1_98' title="bbox 2052 3607 3632 3679">
    <p class='ocr_par' dir='ltr' id='par_1_98' title="bbox 2052 3607 3632 3679">
     <span class='ocr_line' id='line_1_99' title="bbox 2052 3607 3632 3679; baseline 0.004 -15"><span class='ocrx_word' id='word_1_656' title='bbox 2052 3607 2396 3679; x_wconf 86' lang='lat' dir='ltr'><strong>Quicunque</strong></span> <span class='ocrx_word' id='word_1_657' title='bbox 2425 3625 2559 3665; x_wconf 90' lang='lat' dir='ltr'><strong>vero</strong></span> <span class='ocrx_word' id='word_1_658' title='bbox 2591 3610 2744 3667; x_wconf 90' lang='lat' dir='ltr'><strong>intra</strong></span> <span class='ocrx_word' id='word_1_659' title='bbox 2770 3612 3084 3670; x_wconf 86' lang='lat' dir='ltr'><strong>triennium</strong></span> <span class='ocrx_word' id='word_1_660' title='bbox 3119 3614 3507 3671; x_wconf 81' lang='lat' dir='ltr'><strong>monasticum</strong></span> <span class='ocrx_word' id='word_1_661' title='bbox 3533 3613 3632 3670; x_wconf 86' lang='lat' dir='ltr'><strong>ha-</strong></span> 
     </span>
    </p>
   </div>
   <div class='ocr_carea' id='block_1_99' title="bbox 1984 3697 3631 3776">
    <p class='ocr_par' dir='ltr' id='par_1_99' title="bbox 1984 3697 3631 3776">
     <span class='ocr_line' id='line_1_100' title="bbox 1984 3697 3631 3776; baseline 0.005 -25"><span class='ocrx_word' id='word_1_662' title='bbox 1984 3697 2172 3752; x_wconf 90' lang='lat' dir='ltr'><strong>bitum</strong></span> <span class='ocrx_word' id='word_1_663' title='bbox 2196 3697 2506 3768; x_wconf 86' lang='lat' dir='ltr'><strong>etquidem</strong></span> <span class='ocrx_word' id='word_1_664' title='bbox 2531 3701 2754 3772; x_wconf 81' lang='lat' dir='ltr'><strong>absque</strong></span> <span class='ocrx_word' id='word_1_665' title='bbox 2786 3703 3052 3772; x_wconf 89' lang='lat' dir='ltr'><strong>precibus</strong></span> <span class='ocrx_word' id='word_1_666' title='bbox 3074 3703 3282 3769; x_wconf 89' lang='lat' dir='ltr'><strong>induit,</strong></span> <span class='ocrx_word' id='word_1_667' title='bbox 3309 3719 3631 3776; x_wconf 70' lang='lat' dir='ltr'><strong>praegraves</strong></span> 
     </span>
    </p>
   </div>
   <div class='ocr_carea' id='block_1_100' title="bbox 1983 3785 3626 3860">
    <p class='ocr_par' dir='ltr' id='par_1_100' title="bbox 1983 3785 3626 3860">
     <span class='ocr_line' id='line_1_101' title="bbox 1983 3785 3626 3860; baseline 0.005 -20"><span class='ocrx_word' id='word_1_668' title='bbox 1983 3802 2182 3858; x_wconf 67' lang='lat' dir='ltr'><strong>pinnas</strong></span> <span class='ocrx_word' id='word_1_669' title='bbox 2231 3785 2374 3852; x_wconf 89' lang='lat' dir='ltr'><strong>luet,</strong></span> <span class='ocrx_word' id='word_1_670' title='bbox 2407 3789 2724 3846; x_wconf 89' lang='lat' dir='ltr'><strong>dummodo</strong></span> <span class='ocrx_word' id='word_1_671' title='bbox 2781 3791 2948 3848; x_wconf 90' lang='lat' dir='ltr'><strong>illum</strong></span> <span class='ocrx_word' id='word_1_672' title='bbox 2995 3810 3205 3849; x_wconf 90' lang='lat' dir='ltr'><strong>rursus</strong></span> <span class='ocrx_word' id='word_1_673' title='bbox 3235 3809 3440 3848; x_wconf 82' lang='lat' dir='ltr'><strong>exuere</strong></span> <span class='ocrx_word' id='word_1_674' title='bbox 3467 3793 3626 3860; x_wconf 87' lang='lat' dir='ltr'><strong>velit,</strong></span> 
     </span>
    </p>
   </div>
   <div class='ocr_carea' id='block_1_101' title="bbox 1983 3877 3642 3952">
    <p class='ocr_par' dir='ltr' id='par_1_101' title="bbox 1983 3877 3642 3952">
     <span class='ocr_line' id='line_1_102' title="bbox 1983 3877 3642 3952; baseline 0.005 -23"><span class='ocrx_word' id='word_1_675' title='bbox 1983 3880 2262 3946; x_wconf 88' lang='lat' dir='ltr'><strong>tanquam</strong></span> <span class='ocrx_word' id='word_1_676' title='bbox 2294 3891 2424 3932; x_wconf 88' lang='lat' dir='ltr'><strong>cum</strong></span> <span class='ocrx_word' id='word_1_677' title='bbox 2453 3877 2628 3934; x_wconf 90' lang='lat' dir='ltr'><strong>rebus</strong></span> <span class='ocrx_word' id='word_1_678' title='bbox 2653 3879 2859 3936; x_wconf 88' lang='lat' dir='ltr'><strong>ludens</strong></span> <span class='ocrx_word' id='word_1_679' title='bbox 2892 3881 3136 3937; x_wconf 89' lang='lat' dir='ltr'><strong>minime</strong></span> <span class='ocrx_word' id='word_1_680' title='bbox 3170 3881 3413 3937; x_wconf 89' lang='lat' dir='ltr'><strong>ludicris</strong></span> <span class='ocrx_word' id='word_1_681' title='bbox 3436 3899 3451 3949; x_wconf 90' lang='lat'><strong>;</strong></span> <span class='ocrx_word' id='word_1_682' title='bbox 3473 3897 3642 3952; x_wconf 88' lang='lat' dir='ltr'><strong>coge-</strong></span> 
     </span>
    </p>
   </div>
   <div class='ocr_carea' id='block_1_102' title="bbox 1987 3964 3641 4027">
    <p class='ocr_par' dir='ltr' id='par_1_102' title="bbox 1987 3964 3641 4027">
     <span class='ocr_line' id='line_1_103' title="bbox 1987 3964 3641 4027; baseline 0.002 -7"><span class='ocrx_word' id='word_1_683' title='bbox 1987 3970 2084 4020; x_wconf 87' lang='lat' dir='ltr'><strong>tur</strong></span> <span class='ocrx_word' id='word_1_684' title='bbox 2109 3964 2264 4020; x_wconf 85' lang='lat' dir='ltr'><strong>unim</strong></span> <span class='ocrx_word' id='word_1_685' title='bbox 2298 3965 2366 4020; x_wconf 82' lang='lat' dir='ltr'><strong>ad</strong></span> <span class='ocrx_word' id='word_1_686' title='bbox 2398 3964 2665 4023; x_wconf 83' lang='lat' dir='ltr'><strong>habitum</strong></span> <span class='ocrx_word' id='word_1_687' title='bbox 2698 3969 2879 4025; x_wconf 91' lang='lat' dir='ltr'><strong>istum</strong></span> <span class='ocrx_word' id='word_1_688' title='bbox 2909 3970 2998 4026; x_wconf 89' lang='lat' dir='ltr'><strong>vel</strong></span> <span class='ocrx_word' id='word_1_689' title='bbox 3022 3970 3224 4027; x_wconf 88' lang='lat' dir='ltr'><strong>nolens</strong></span> <span class='ocrx_word' id='word_1_690' title='bbox 3254 3969 3641 4025; x_wconf 89' lang='lat' dir='ltr'><strong>induendum.</strong></span> 
     </span>
    </p>
   </div>
   <div class='ocr_carea' id='block_1_103' title="bbox 2055 4054 3644 4130">
    <p class='ocr_par' dir='ltr' id='par_1_103' title="bbox 2055 4054 3644 4130">
     <span class='ocr_line' id='line_1_104' title="bbox 2055 4054 3644 4130; baseline 0.001 -20"><span class='ocrx_word' id='word_1_691' title='bbox 2055 4057 2230 4110; x_wconf 89' lang='lat' dir='ltr'><strong>Cavet</strong></span> <span class='ocrx_word' id='word_1_692' title='bbox 2287 4055 2460 4111; x_wconf 90' lang='lat' dir='ltr'><strong>etiam</strong></span> <span class='ocrx_word' id='word_1_693' title='bbox 2516 4054 2674 4111; x_wconf 87' lang='lat' dir='ltr'><strong>illius</strong></span> <span class='ocrx_word' id='word_1_694' title='bbox 2729 4058 2931 4130; x_wconf 78' lang='lat' dir='ltr'><strong>synodi</strong></span> <span class='ocrx_word' id='word_1_695' title='bbox 2975 4074 3160 4115; x_wconf 89' lang='lat' dir='ltr'><strong>canon</strong></span> <span class='ocrx_word' id='word_1_696' title='bbox 3203 4059 3260 4126; x_wconf 88' lang='lat'><strong>2,</strong></span> <span class='ocrx_word' id='word_1_697' title='bbox 3311 4075 3381 4114; x_wconf 82' lang='lat' dir='ltr'><strong>ne</strong></span> <span class='ocrx_word' id='word_1_698' title='bbox 3439 4062 3644 4114; x_wconf 84' lang='lat' dir='ltr'><strong>tensus</strong></span> 
     </span>
    </p>
   </div>
   <div class='ocr_carea' id='block_1_104' title="bbox 1989 4143 3647 4220">
    <p class='ocr_par' dir='ltr' id='par_1_104' title="bbox 1989 4143 3647 4220">
     <span class='ocr_line' id='line_1_105' title="bbox 1989 4143 3647 4220; baseline 0.004 -22"><span class='ocrx_word' id='word_1_699' title='bbox 1989 4143 2235 4216; x_wconf 89' lang='lat' dir='ltr'><strong>quilibet</strong></span> <span class='ocrx_word' id='word_1_700' title='bbox 2265 4146 2484 4200; x_wconf 91' lang='lat' dir='ltr'><strong>amictu</strong></span> <span class='ocrx_word' id='word_1_701' title='bbox 2535 4148 2862 4204; x_wconf 88' lang='lat' dir='ltr'><strong>monachali</strong></span> <span class='ocrx_word' id='word_1_702' title='bbox 2895 4154 3118 4216; x_wconf 87' lang='lat' dir='ltr'><strong>utatur,</strong></span> <span class='ocrx_word' id='word_1_703' title='bbox 3157 4147 3269 4204; x_wconf 92' lang='lat' dir='ltr'><strong>nisi</strong></span> <span class='ocrx_word' id='word_1_704' title='bbox 3301 4147 3465 4220; x_wconf 91' lang='lat' dir='ltr'><strong>prius</strong></span> <span class='ocrx_word' id='word_1_705' title='bbox 3495 4148 3647 4205; x_wconf 87' lang='lat' dir='ltr'><strong>adsit</strong></span> 
     </span>
    </p>
   </div>
   <div class='ocr_carea' id='block_1_105' title="bbox 1991 4232 3644 4310">
    <p class='ocr_par' dir='ltr' id='par_1_105' title="bbox 1991 4232 3644 4310">
     <span class='ocr_line' id='line_1_106' title="bbox 1991 4232 3644 4310; baseline 0.002 -22"><span class='ocrx_word' id='word_1_706' title='bbox 1991 4234 2092 4304; x_wconf 89' lang='lat' dir='ltr'><strong>qui</strong></span> <span class='ocrx_word' id='word_1_707' title='bbox 2127 4232 2291 4290; x_wconf 89' lang='lat' dir='ltr'><strong>illum</strong></span> <span class='ocrx_word' id='word_1_708' title='bbox 2328 4235 2384 4290; x_wconf 88' lang='lat' dir='ltr'><strong>in</strong></span> <span class='ocrx_word' id='word_1_709' title='bbox 2422 4235 2783 4306; x_wconf 84' lang='lat' dir='ltr'><strong>subjectione</strong></span> <span class='ocrx_word' id='word_1_710' title='bbox 2831 4242 3000 4310; x_wconf 89' lang='lat' dir='ltr'><strong>atque</strong></span> <span class='ocrx_word' id='word_1_711' title='bbox 3043 4237 3249 4294; x_wconf 87' lang='lat' dir='ltr'><strong>salutis</strong></span> <span class='ocrx_word' id='word_1_712' title='bbox 3278 4237 3484 4294; x_wconf 65' lang='lat' dir='ltr'><strong>anima:</strong></span> <span class='ocrx_word' id='word_1_713' title='bbox 3515 4238 3644 4309; x_wconf 89' lang='lat' dir='ltr'><strong>ejus</strong></span> 
     </span>
    </p>
   </div>
   <div class='ocr_carea' id='block_1_106' title="bbox 1991 4325 3644 4402">
    <p class='ocr_par' dir='ltr' id='par_1_106' title="bbox 1991 4325 3644 4402">
     <span class='ocr_line' id='line_1_107' title="bbox 1991 4325 3644 4402; baseline 0.001 -20"><span class='ocrx_word' id='word_1_714' title='bbox 1991 4340 2194 4382; x_wconf 91' lang='lat' dir='ltr'><strong>curam</strong></span> <span class='ocrx_word' id='word_1_715' title='bbox 2244 4325 2460 4382; x_wconf 80' lang='lat' dir='ltr'><strong>habere</strong></span> <span class='ocrx_word' id='word_1_716' title='bbox 2511 4327 2701 4395; x_wconf 79' lang='lat' dir='ltr'><strong>debet,</strong></span> <span class='ocrx_word' id='word_1_717' title='bbox 2741 4329 2866 4401; x_wconf 90' lang='lat' dir='ltr'><strong>ipse</strong></span> <span class='ocrx_word' id='word_1_718' title='bbox 2923 4330 3162 4402; x_wconf 87' lang='lat' dir='ltr'><strong>quidem</strong></span> <span class='ocrx_word' id='word_1_719' title='bbox 3215 4329 3339 4401; x_wconf 82' lang='lat' dir='ltr'><strong>jam</strong></span> <span class='ocrx_word' id='word_1_720' title='bbox 3395 4333 3530 4386; x_wconf 85' lang='lat' dir='ltr'><strong>ante</strong></span> <span class='ocrx_word' id='word_1_721' title='bbox 3583 4328 3644 4384; x_wconf 92' lang='lat' dir='ltr'><strong>in</strong></span> 
     </span>
    </p>
   </div>
   <div class='ocr_carea' id='block_1_107' title="bbox 1995 4413 3646 4491">
    <p class='ocr_par' dir='ltr' id='par_1_107' title="bbox 1995 4413 3646 4491">
     <span class='ocr_line' id='line_1_108' title="bbox 1995 4413 3646 4491; baseline 0.004 -23"><span class='ocrx_word' id='word_1_722' title='bbox 1995 4413 2270 4485; x_wconf 88' lang='lat' dir='ltr'><strong>operibus</strong></span> <span class='ocrx_word' id='word_1_723' title='bbox 2309 4415 2478 4471; x_wconf 90' lang='lat' dir='ltr'><strong>bonis</strong></span> <span class='ocrx_word' id='word_1_724' title='bbox 2509 4416 2776 4488; x_wconf 69' lang='lat' dir='ltr'><strong>praeclare</strong></span> <span class='ocrx_word' id='word_1_725' title='bbox 2806 4421 3175 4490; x_wconf 81' lang='lat' dir='ltr'><strong>exercitatus,</strong></span> <span class='ocrx_word' id='word_1_726' title='bbox 3207 4417 3646 4491; x_wconf 84' lang='lat' dir='ltr'><strong>discipulosque</strong></span> 
     </span>
    </p>
   </div>
   <div class='ocr_carea' id='block_1_108' title="bbox 1993 4504 3102 4583">
    <p class='ocr_par' dir='ltr' id='par_1_108' title="bbox 1993 4504 3102 4583">
     <span class='ocr_line' id='line_1_109' title="bbox 1993 4504 3102 4583; baseline 0.006 -23"><span class='ocrx_word' id='word_1_727' title='bbox 1993 4519 2129 4561; x_wconf 84' lang='lat' dir='ltr'><strong>suos</strong></span> <span class='ocrx_word' id='word_1_728' title='bbox 2158 4505 2228 4560; x_wconf 92' lang='lat' dir='ltr'><strong>ad</strong></span> <span class='ocrx_word' id='word_1_729' title='bbox 2261 4504 2528 4564; x_wconf 85' lang='lat' dir='ltr'><strong>virtutem</strong></span> <span class='ocrx_word' id='word_1_730' title='bbox 2556 4508 2837 4565; x_wconf 89' lang='lat' dir='ltr'><strong>incitandi</strong></span> <span class='ocrx_word' id='word_1_731' title='bbox 2858 4510 3102 4583; x_wconf 89' lang='lat' dir='ltr'><strong>peritus.</strong></span> 
     </span>
    </p>
   </div>
   <div class='ocr_carea' id='block_1_109' title="bbox 2060 4673 3644 4750">
    <p class='ocr_par' dir='ltr' id='par_1_109' title="bbox 2060 4673 3644 4750">
     <span class='ocr_line' id='line_1_110' title="bbox 2060 4673 3644 4750; baseline 0.004 -21"><span class='ocrx_word' id='word_1_732' title='bbox 2060 4673 2168 4739; x_wconf 89' lang='lat' dir='ltr'><strong>Qui</strong></span> <span class='ocrx_word' id='word_1_733' title='bbox 2203 4690 2335 4732; x_wconf 88' lang='lat' dir='ltr'><strong>vero</strong></span> <span class='ocrx_word' id='word_1_734' title='bbox 2364 4677 2453 4733; x_wconf 88' lang='lat' dir='ltr'><strong>vel</strong></span> <span class='ocrx_word' id='word_1_735' title='bbox 2490 4679 2678 4736; x_wconf 88' lang='lat' dir='ltr'><strong>morbi</strong></span> <span class='ocrx_word' id='word_1_736' title='bbox 2699 4680 2787 4737; x_wconf 85' lang='lat' dir='ltr'><strong>vel</strong></span> <span class='ocrx_word' id='word_1_737' title='bbox 2818 4680 3009 4737; x_wconf 89' lang='lat' dir='ltr'><strong>luctus</strong></span> <span class='ocrx_word' id='word_1_738' title='bbox 3030 4697 3209 4739; x_wconf 85' lang='lat' dir='ltr'><strong>causa</strong></span> <span class='ocrx_word' id='word_1_739' title='bbox 3234 4682 3644 4750; x_wconf 88' lang='lat' dir='ltr'><strong>detondeutur,</strong></span> 
     </span>
    </p>
   </div>
   <div class='ocr_carea' id='block_1_110' title="bbox 1990 4767 3645 4846">
    <p class='ocr_par' dir='ltr' id='par_1_110' title="bbox 1990 4767 3645 4846">
     <span class='ocr_line' id='line_1_111' title="bbox 1990 4767 3645 4846; baseline 0.005 -27"><span class='ocrx_word' id='word_1_740' title='bbox 1990 4767 2057 4819; x_wconf 88' lang='lat' dir='ltr'><strong>ut</strong></span> <span class='ocrx_word' id='word_1_741' title='bbox 2105 4780 2312 4838; x_wconf 86' lang='lat' dir='ltr'><strong>nempe</strong></span> <span class='ocrx_word' id='word_1_742' title='bbox 2345 4770 2557 4825; x_wconf 76' lang='lat' dir='ltr'><strong>famam</strong></span> <span class='ocrx_word' id='word_1_743' title='bbox 2613 4771 2801 4827; x_wconf 89' lang='lat' dir='ltr'><strong>solum</strong></span> <span class='ocrx_word' id='word_1_744' title='bbox 2837 4772 3065 4844; x_wconf 87' lang='lat' dir='ltr'><strong>pietatis</strong></span> <span class='ocrx_word' id='word_1_745' title='bbox 3107 4773 3431 4846; x_wconf 88' lang='lat' dir='ltr'><strong>acquirant.</strong></span> <span class='ocrx_word' id='word_1_746' title='bbox 3482 4777 3538 4828; x_wconf 88' lang='lat' dir='ltr'><strong>et</strong></span> <span class='ocrx_word' id='word_1_747' title='bbox 3587 4772 3645 4827; x_wconf 92' lang='lat' dir='ltr'><strong>in</strong></span> 
     </span>
    </p>
   </div>
   <div class='ocr_carea' id='block_1_111' title="bbox 1990 4855 3646 4934">
    <p class='ocr_par' dir='ltr' id='par_1_111' title="bbox 1990 4855 3646 4934">
     <span class='ocr_line' id='line_1_112' title="bbox 1990 4855 3646 4934; baseline 0.002 -24"><span class='ocrx_word' id='word_1_748' title='bbox 1990 4855 2242 4926; x_wconf 78' lang='lat' dir='ltr'><strong>propriis</strong></span> <span class='ocrx_word' id='word_1_749' title='bbox 2280 4857 2500 4914; x_wconf 61' lang='lat' dir='ltr'><strong>adibus</strong></span> <span class='ocrx_word' id='word_1_750' title='bbox 2531 4875 2734 4916; x_wconf 84' lang='lat' dir='ltr'><strong>rursus</strong></span> <span class='ocrx_word' id='word_1_751' title='bbox 2780 4862 3120 4926; x_wconf 85' lang='lat' dir='ltr'><strong>mansitant,</strong></span> <span class='ocrx_word' id='word_1_752' title='bbox 3157 4862 3439 4934; x_wconf 72' lang='lat' dir='ltr'><strong>religiosa:</strong></span> <span class='ocrx_word' id='word_1_753' title='bbox 3477 4875 3646 4916; x_wconf 80' lang='lat' dir='ltr'><strong>exer—</strong></span> 
     </span>
    </p>
   </div>
   <div class='ocr_carea' id='block_1_112' title="bbox 2000 4944 3648 5017">
    <p class='ocr_par' dir='ltr' id='par_1_112' title="bbox 2000 4944 3648 5017">
     <span class='ocr_line' id='line_1_113' title="bbox 2000 4944 3648 5017; baseline 0.002 -17"><span class='ocrx_word' id='word_1_754' title='bbox 2000 4944 2294 5002; x_wconf 90' lang='lat' dir='ltr'><strong>citationis</strong></span> <span class='ocrx_word' id='word_1_755' title='bbox 2351 4947 2596 5004; x_wconf 87' lang='lat' dir='ltr'><strong>sudores</strong></span> <span class='ocrx_word' id='word_1_756' title='bbox 2625 4957 2678 5004; x_wconf 89' lang='lat' dir='ltr'><strong>et</strong></span> <span class='ocrx_word' id='word_1_757' title='bbox 2709 4948 2934 5006; x_wconf 86' lang='lat' dir='ltr'><strong>labores</strong></span> <span class='ocrx_word' id='word_1_758' title='bbox 2966 4950 3108 5007; x_wconf 89' lang='lat' dir='ltr'><strong>nihil</strong></span> <span class='ocrx_word' id='word_1_759' title='bbox 3150 4958 3440 5017; x_wconf 86' lang='lat' dir='ltr'><strong>curantes,</strong></span> <span class='ocrx_word' id='word_1_760' title='bbox 3475 4949 3648 5004; x_wconf 87' lang='lat' dir='ltr'><strong>hosce</strong></span> 
     </span>
    </p>
   </div>
   <div class='ocr_carea' id='block_1_113' title="bbox 2002 5034 3649 5108">
    <p class='ocr_par' dir='ltr' id='par_1_113' title="bbox 2002 5034 3649 5108">
     <span class='ocr_line' id='line_1_114' title="bbox 2002 5034 3649 5108; baseline 0.002 -19"><span class='ocrx_word' id='word_1_761' title='bbox 2002 5034 2113 5090; x_wconf 91' lang='lat' dir='ltr'><strong>sub</strong></span> <span class='ocrx_word' id='word_1_762' title='bbox 2145 5035 2454 5108; x_wconf 88' lang='lat' dir='ltr'><strong>disciplina</strong></span> <span class='ocrx_word' id='word_1_763' title='bbox 2474 5038 2912 5094; x_wconf 89' lang='lat' dir='ltr'><strong>constituendos</strong></span> <span class='ocrx_word' id='word_1_764' title='bbox 2943 5040 3195 5096; x_wconf 90' lang='lat' dir='ltr'><strong>decernit</strong></span> <span class='ocrx_word' id='word_1_765' title='bbox 3221 5041 3276 5094; x_wconf 91' lang='lat' dir='ltr'><strong>in</strong></span> <span class='ocrx_word' id='word_1_766' title='bbox 3300 5037 3649 5094; x_wconf 84' lang='lat' dir='ltr'><strong>monasterio</strong></span> 
     </span>
    </p>
   </div>
   <div class='ocr_carea' id='block_1_114' title="bbox 2001 5125 3650 5200">
    <p class='ocr_par' dir='ltr' id='par_1_114' title="bbox 2001 5125 3650 5200">
     <span class='ocr_line' id='line_1_115' title="bbox 2001 5125 3650 5200; baseline 0.002 -21"><span class='ocrx_word' id='word_1_767' title='bbox 2001 5125 2061 5179; x_wconf 91' lang='lat' dir='ltr'><strong>in</strong></span> <span class='ocrx_word' id='word_1_768' title='bbox 2104 5142 2220 5197; x_wconf 92' lang='lat' dir='ltr'><strong>quo</strong></span> <span class='ocrx_word' id='word_1_769' title='bbox 2280 5128 2585 5200; x_wconf 86' lang='lat' dir='ltr'><strong>episcopus</strong></span> <span class='ocrx_word' id='word_1_770' title='bbox 2639 5127 2924 5197; x_wconf 87' lang='lat' dir='ltr'><strong>voluerit;</strong></span> <span class='ocrx_word' id='word_1_771' title='bbox 2957 5130 3124 5185; x_wconf 90' lang='lat' dir='ltr'><strong>illum</strong></span> <span class='ocrx_word' id='word_1_772' title='bbox 3172 5133 3360 5184; x_wconf 88' lang='lat' dir='ltr'><strong>autem</strong></span> <span class='ocrx_word' id='word_1_773' title='bbox 3394 5128 3492 5200; x_wconf 88' lang='lat' dir='ltr'><strong>qui</strong></span> <span class='ocrx_word' id='word_1_774' title='bbox 3523 5127 3650 5183; x_wconf 90' lang='lat' dir='ltr'><strong>sine</strong></span> 
     </span>
    </p>
   </div>
   <div class='ocr_carea' id='block_1_115' title="bbox 2002 5216 3646 5288">
    <p class='ocr_par' dir='ltr' id='par_1_115' title="bbox 2002 5216 3646 5288">
     <span class='ocr_line' id='line_1_116' title="bbox 2002 5216 3646 5288; baseline -0.001 -16"><span class='ocrx_word' id='word_1_775' title='bbox 2002 5231 2182 5272; x_wconf 86' lang='lat' dir='ltr'><strong>causa</strong></span> <span class='ocrx_word' id='word_1_776' title='bbox 2221 5222 2405 5272; x_wconf 89' lang='lat' dir='ltr'><strong>semet</strong></span> <span class='ocrx_word' id='word_1_777' title='bbox 2433 5216 2652 5284; x_wconf 86' lang='lat' dir='ltr'><strong>tondet,</strong></span> <span class='ocrx_word' id='word_1_778' title='bbox 2673 5221 2950 5288; x_wconf 86' lang='lat' dir='ltr'><strong>tanquam</strong></span> <span class='ocrx_word' id='word_1_779' title='bbox 2981 5219 3316 5274; x_wconf 86' lang='lat' dir='ltr'><strong>violatorem</strong></span> <span class='ocrx_word' id='word_1_780' title='bbox 3347 5231 3646 5272; x_wconf 89' lang='lat' dir='ltr'><strong>sacrorum</strong></span> 
     </span>
    </p>
   </div>
   <div class='ocr_carea' id='block_1_116' title="bbox 2003 5306 3649 5373">
    <p class='ocr_par' dir='ltr' id='par_1_116' title="bbox 2003 5306 3649 5373">
     <span class='ocr_line' id='line_1_117' title="bbox 2003 5306 3649 5373; baseline -0.002 -11"><span class='ocrx_word' id='word_1_781' title='bbox 2003 5320 2296 5362; x_wconf 84' lang='lat' dir='ltr'><strong>canonum</strong></span> <span class='ocrx_word' id='word_1_782' title='bbox 2331 5311 2388 5361; x_wconf 90' lang='lat' dir='ltr'><strong>et</strong></span> <span class='ocrx_word' id='word_1_783' title='bbox 2414 5306 2636 5362; x_wconf 90' lang='lat' dir='ltr'><strong>ordinis</strong></span> <span class='ocrx_word' id='word_1_784' title='bbox 2657 5307 2956 5363; x_wconf 89' lang='lat' dir='ltr'><strong>monastici</strong></span> <span class='ocrx_word' id='word_1_785' title='bbox 2978 5308 3470 5373; x_wconf 87' lang='lat' dir='ltr'><strong>conturbatorem,</strong></span> <span class='ocrx_word' id='word_1_786' title='bbox 3493 5319 3649 5360; x_wconf 86' lang='lat' dir='ltr'><strong>com-</strong></span> 
     </span>
    </p>
   </div>
   <div class='ocr_carea' id='block_1_117' title="bbox 2006 5392 3656 5468">
    <p class='ocr_par' dir='ltr' id='par_1_117' title="bbox 2006 5392 3656 5468">
     <span class='ocr_line' id='line_1_118' title="bbox 2006 5392 3656 5468; baseline 0 -18"><span class='ocrx_word' id='word_1_787' title='bbox 2006 5395 2286 5452; x_wconf 89' lang='lat' dir='ltr'><strong>munione</strong></span> <span class='ocrx_word' id='word_1_788' title='bbox 2309 5395 2675 5468; x_wconf 89' lang='lat' dir='ltr'><strong>privandum.</strong></span> <span class='ocrx_word' id='word_1_789' title='bbox 2719 5395 2862 5452; x_wconf 88' lang='lat' dir='ltr'><strong>Nam</strong></span> <span class='ocrx_word' id='word_1_790' title='bbox 2889 5400 3123 5468; x_wconf 90' lang='lat' dir='ltr'><strong>propter</strong></span> <span class='ocrx_word' id='word_1_791' title='bbox 3143 5394 3500 5468; x_wconf 78' lang='lat' dir='ltr'><strong>promiscuae</strong></span> <span class='ocrx_word' id='word_1_792' title='bbox 3521 5392 3656 5450; x_wconf 87' lang='lat' dir='ltr'><strong>illas</strong></span> 
     </span>
    </p>
   </div>
   <div class='ocr_carea' id='block_1_118' title="bbox 2005 5483 3655 5559">
    <p class='ocr_par' dir='ltr' id='par_1_118' title="bbox 2005 5483 3655 5559">
     <span class='ocr_line' id='line_1_119' title="bbox 2005 5483 3655 5559; baseline 0 -19"><span class='ocrx_word' id='word_1_793' title='bbox 2005 5488 2064 5540; x_wconf 86' lang='lat' dir='ltr'><strong>et</strong></span> <span class='ocrx_word' id='word_1_794' title='bbox 2091 5485 2344 5540; x_wconf 86' lang='lat' dir='ltr'><strong>incertas</strong></span> <span class='ocrx_word' id='word_1_795' title='bbox 2376 5490 2649 5542; x_wconf 89' lang='lat' dir='ltr'><strong>tonsuras</strong></span> <span class='ocrx_word' id='word_1_796' title='bbox 2688 5485 3010 5559; x_wconf 88' lang='lat' dir='ltr'><strong>ignominia</strong></span> <span class='ocrx_word' id='word_1_797' title='bbox 3045 5486 3173 5540; x_wconf 66' lang='lat' dir='ltr'><strong>vitae</strong></span> <span class='ocrx_word' id='word_1_798' title='bbox 3205 5484 3539 5542; x_wconf 72' lang='lat' dir='ltr'><strong>monasticm</strong></span> <span class='ocrx_word' id='word_1_799' title='bbox 3559 5483 3655 5541; x_wconf 89' lang='lat' dir='ltr'><strong>af-</strong></span> 
     </span>
    </p>
   </div>
   <div class='ocr_carea' id='block_1_119' title="bbox 2005 5573 3658 5646">
    <p class='ocr_par' dir='ltr' id='par_1_119' title="bbox 2005 5573 3658 5646">
     <span class='ocr_line' id='line_1_120' title="bbox 2005 5573 3658 5646; baseline -0.002 -16"><span class='ocrx_word' id='word_1_800' title='bbox 2005 5573 2269 5644; x_wconf 79' lang='lat' dir='ltr'><strong>fricatur,</strong></span> <span class='ocrx_word' id='word_1_801' title='bbox 2323 5575 2441 5631; x_wconf 91' lang='lat' dir='ltr'><strong>imo</strong></span> <span class='ocrx_word' id='word_1_802' title='bbox 2497 5580 2555 5631; x_wconf 89' lang='lat' dir='ltr'><strong>et.</strong></span> <span class='ocrx_word' id='word_1_803' title='bbox 2612 5575 2792 5630; x_wconf 91' lang='lat' dir='ltr'><strong>Deum</strong></span> <span class='ocrx_word' id='word_1_804' title='bbox 2826 5573 3215 5646; x_wconf 89' lang='lat' dir='ltr'><strong>blasphemari</strong></span> <span class='ocrx_word' id='word_1_805' title='bbox 3257 5574 3556 5645; x_wconf 81' lang='lat' dir='ltr'><strong>contingit.</strong></span> <span class='ocrx_word' id='word_1_806' title='bbox 3591 5576 3658 5628; x_wconf 79' lang='lat' dir='ltr'><strong>At</strong></span> 
     </span>
    </p>
   </div>
   <div class='ocr_carea' id='block_1_120' title="bbox 2004 5658 3656 5736">
    <p class='ocr_par' dir='ltr' id='par_1_120' title="bbox 2004 5658 3656 5736">
     <span class='ocr_line' id='line_1_121' title="bbox 2004 5658 3656 5736; baseline -0.003 -17"><span class='ocrx_word' id='word_1_807' title='bbox 2004 5678 2140 5720; x_wconf 87' lang='lat' dir='ltr'><strong>vero</strong></span> <span class='ocrx_word' id='word_1_808' title='bbox 2187 5677 2292 5719; x_wconf 89' lang='lat' dir='ltr'><strong>nec</strong></span> <span class='ocrx_word' id='word_1_809' title='bbox 2348 5661 2445 5718; x_wconf 91' lang='lat' dir='ltr'><strong>ille</strong></span> <span class='ocrx_word' id='word_1_810' title='bbox 2499 5661 2599 5736; x_wconf 92' lang='lat' dir='ltr'><strong>qui</strong></span> <span class='ocrx_word' id='word_1_811' title='bbox 2629 5662 2689 5718; x_wconf 92' lang='lat' dir='ltr'><strong>in</strong></span> <span class='ocrx_word' id='word_1_812' title='bbox 2718 5664 2974 5718; x_wconf 85' lang='lat' dir='ltr'><strong>extremo</strong></span> <span class='ocrx_word' id='word_1_813' title='bbox 3014 5660 3226 5730; x_wconf 86' lang='lat' dir='ltr'><strong>halitu,</strong></span> <span class='ocrx_word' id='word_1_814' title='bbox 3258 5665 3326 5718; x_wconf 91' lang='lat' dir='ltr'><strong>ut</strong></span> <span class='ocrx_word' id='word_1_815' title='bbox 3353 5658 3656 5718; x_wconf 87' lang='lat' dir='ltr'><strong>monachis</strong></span> 
     </span>
    </p>
   </div>
  </div>
