4060 6228
440 356 518 414 43
1717 344 2092 408 MATTH/E]

2206 345 2568 409 [.ASTARIS

3762 353 3848 415 44

437 502 562 541 mos
591 487 698 552 est,
733 495 994 539 rasuram
1023 478 1261 550 patitur,
1290 477 1423 533 licet
1444 494 1511 533 ex
1547 477 1928 547 respiratione
1957 479 2084 535 sola

2206 478 2272 543 ἷύς
2322 501 2383 555 γε
2439 478 2505 550 δὴ
2566 488 2840 557 μοναχοῖς
2893 479 3039 553 ἔθος,
3098 484 3408 559 ἀποκαρεῖς,
3451 486 3625 541 εἶκαὶ
3687 488 3845 562 μόνῳ

440 577 705 633 nondum
765 573 879 628 vita
919 571 1152 626 functus
1200 586 1327 627 esse
1374 570 1661 638 credatur,
1694 573 1752 624 et
1781 587 1909 641 quas
1940 570 2093 627 ﬁunt

438 664 680 721 minime
711 661 911 727 sentit,
935 659 1146 729 dignus
1178 661 1266 715 est
1295 658 1394 730 qui
1415 667 1570 715 veste
1593 658 1921 715 monachali
1942 660 2094 715 ami-

438 755 638 810 ciatur.
673 751 786 807 Sed
835 749 1103 805 habitum
1152 749 1487 805 saecularem
1528 764 1846 809 resumere,
1881 752 1981 804 aut
2010 748 2093 803 vi-

438 848 555 899 tam
584 856 789 896 rursus
841 838 1133 909 publicam
1187 852 1356 909 agere
1408 837 1518 908 ipsi
1562 838 1931 907 concedetur,
1973 821 2092 893 nisi

437 930 605 987 malit
633 927 1066 999 injunctionum
1124 925 1372 983 vinculis
1401 926 1635 996 subjici.
1673 928 2090 983 Verumtamen

435 1020 531 1087 iis,
557 1019 657 1091 qui
682 1022 901 1073 temere
920 1016 1183 1071 habitum
1205 1014 1625 1070 monachorum
1649 1015 1959 1088 arripiunt,
1981 1013 2092 1071 hoc

434 1126 549 1164 non
575 1107 955 1179 permittitur.

503 1197 702 1253 Canon
759 1200 951 1253 autem
986 1196 1049 1249 19
1106 1195 1312 1265 synodi
1360 1195 1624 1268 septimas
1683 1194 1955 1251 omnibus
1989 1194 2091 1265 qui

432 1288 752 1345 solitariam
771 1286 947 1341 vitam
970 1285 1030 1341 in
1060 1285 1183 1340 aede
1215 1283 1410 1356 aliqua
1438 1300 1607 1341 sacra
1630 1300 1799 1355 agere
1821 1284 2090 1356 cupiunt,

432 1387 495 1434 ut
521 1394 621 1451 per
676 1375 935 1448 pecunia:
993 1374 1365 1446 largitionem
1424 1374 1836 1430 admissiouem
1870 1374 1931 1430 in
1963 1390 2089 1429 eam

434 1476 531 1525 aut
588 1465 825 1522 omnino
912 1464 969 1519 in
1029 1464 1293 1519 ordinem
1382 1461 1841 1519 ecclesiasticum
1910 1462 2093 1533 impe-

433 1566 608 1624 trent,
657 1571 899 1628 prorsus
957 1552 1269 1609 interdicit.
1329 1552 1550 1626 Quippe
1607 1552 1761 1609 haud
1810 1552 1948 1608 lices
1978 1552 2091 1609 Deo

433 1648 647 1703 servire
677 1649 737 1701 et
776 1658 1147 1699 mammonae.
1199 1646 1319 1696 Imo
1368 1642 1538 1712 cujus
1576 1640 1923 1713 principium
1969 1656 2089 1713 pro.

432 1737 572 1793 bum
595 1751 710 1792 non
742 1742 848 1803 est,
872 1732 1197 1789 secundum
1240 1747 1522 1803 magnum
1574 1731 1878 1797 Basilium,
1913 1731 2089 1786 etiam

2200 571 2278 639 τῷ
2330 566 2579 623 ἀναπνεῖν
2634 572 2697 625 τὸ
2759 573 2836 647 μὴ
2910 573 3098 646 νεκρὸς
3165 574 3297 628 εἶναι
3369 577 3696 644 πιστεύεται,
3748 580 3842 632 καί

2195 656 2262 710 τὰ
2301 653 2383 712 ἐπ’
2412 657 2559 730 αὑτῷ
2595 657 2898 733 τελούμενα
2932 661 3195 735 μηδόλως
3228 663 3425 731 συνεὶς,
3458 666 3579 727 οἷός
3627 664 3687 720 τέ
3727 664 3837 721 ἐστι

2197 744 2296 813 τὴν
2332 749 2638 823 μοναχικήν
2669 747 3022 824 περιδυθῆναι
3054 749 3276 822 στολὴν,
3306 754 3397 808 καὶ
3435 754 3537 823 τήν
3564 757 3836 829 κοσμικὴν

2196 832 2349 898 αὖθις
2396 834 2732 908 ἐνδύσασθαι,
2761 838 2798 909 ἢ
2831 838 2884 895 ἐν
2932 843 3011 912 τῷ
3052 842 3244 915 κόσμῳ
3291 840 3499 917 διάγειν
3547 846 3843 923 συγχώρηο

2197 925 2440 995 θήσεται,
2473 925 2519 980 εἰ
2566 928 2643 999 μὴ
2700 926 2962 1002 βούλοιτο
3003 926 3226 1003 δεσμοῖς
3269 931 3559 1005 ἐπιτιμίων
3594 930 3852 1005 ὑποϐλη-

2197 1015 2378 1083 θῆναι.
2413 1014 2485 1069 Ού
2533 1016 2641 1088 μὴν
2696 1015 2822 1071 οὐδὲ
2861 1023 2977 1080 τοῖς
3022 1018 3084 1074 ἐκ
3120 1021 3445 1094 προπετείας
3492 1022 3556 1076 τὸ
3604 1042 3843 1098 μοναχι-

2197 1102 2289 1156 κὸν
2322 1106 2515 1177 σχῆμα
2547 1107 2972 1179 πιριτιθεμένοις
3000 1112 3160 1163 τοῦτο
3191 1106 3502 1179 δοθήσεται.

2265 1194 2323 1247 Ὀ
2380 1190 2437 1246 δὲ
2513 1194 2580 1246 ιϐ’
2636 1200 2739 1264 τῆς
2796 1199 2834 1263 ζ’
2886 1193 3114 1251 συνόδου
3187 1196 3473 1273 ἀπειρήκει
3528 1200 3838 1255 παντάπασι

2194 1285 2311 1359 τοῖς
2337 1281 2429 1335 τὸν
2460 1283 2675 1357 μονήρη
2711 1284 2830 1359 βίον
2875 1283 2928 1340 ἐν
2972 1287 3206 1359 σεμνείῳ
3250 1287 3526 1361 μετελθεῖν
3565 1290 3835 1363 προθεμέ-

2194 1391 2329 1438 νοις,
2358 1367 2448 1424 διᾶ
2504 1372 2810 1446 χρημάτων
2861 1376 2959 1444 τήν
3007 1374 3085 1438 εἷς
3133 1376 3263 1431 αὐτὸ
3293 1379 3563 1432 ποιεῖσθαι
3591 1377 3831 1434 εἰσὲλεῦ-

2197 1480 2302 1529 σιν,
2334 1457 2459 1515 ἀλλ’
2491 1458 2604 1515 οὐδ’
2635 1461 2709 1529 εἰς
2738 1457 2921 1537 ἕτερον
2951 1463 3220 1537 ἱερατικόν
3260 1487 3314 1520 τι
3359 1465 3542 1541 τάγμα
3563 1486 3577 1500 ⁸
3627 1468 3691 1523 ού
3726 1468 3830 1543 γὰρ

2196 1550 2311 1604 οἷόν
2357 1570 2416 1606 τε
2443 1553 2571 1625 ,Θεῷ
2619 1550 2895 1610 δουλεύειν
2946 1555 3036 1611 καὶ
3088 1562 3350 1632 μαμωνᾷ·
3393 1558 3484 1614 καὶ
3523 1558 3584 1614 οὗ
3615 1561 3650 1629 ἠ
3683 1558 3831 1635 ἀρχὴ

2196 1637 2482 1713 ἀδόκιμος,
2533 1642 2665 1696 κατὰ
2739 1643 2833 1698 τὸν
2890 1644 3052 1720 μέγαν
3117 1646 3419 1719 Βασίλειον,
3466 1648 3556 1703 καὶ
3611 1648 3673 1704 τὸ
3728 1654 3832 1703 πᾶν

2196 1723 2539 1799 ἀπόϐλητον.
2568 1732 2666 1785 Τὸν
2706 1728 2762 1786 δὲ
2812 1736 2971 1787 τοῦτο
3016 1731 3474 1811 διαπραττόμενον
3520 1736 3833 1807 ἐπίσκοπον,

431 1826 626 1898 ipsum
685 1828 873 1880 totum
926 1821 1372 1895 repudiandum.
1424 1820 1780 1892 Episcopum
1841 1835 1971 1876 vero
2002 1822 2086 1877 vel

2206 1818 2231 1887 ἢ
2272 1815 2595 1910 ᾑγούμενον,
2636 1822 2671 1891 ἢ
2728 1820 3031 1876 παύσασθαι
3085 1822 3293 1880 κελεύει
3341 1824 3377 1893 ἢ
3426 1827 3793 1897 καθαιρεῖσθαι
3821 1845 3835 1859 ·

433 1916 720 1982 abbatem,
772 1912 872 1984 qui
931 1911 1085 1966 istud
1137 1909 1569 1981 perpetraverit,
1605 1914 1702 1964 aut
1732 1925 1961 1965 cessare
1994 1912 2088 1964 aut

432 2004 641 2075 deponi
692 2003 882 2072 jubet.
935 2002 1215 2056 Caeterum
1274 1999 1322 2053 si
1383 1999 1565 2053 abbas
1625 1997 1931 2053 sacerdotii
1987 2013 2085 2053 ex-

432 2111 564 2166 pers
596 2092 770 2147 fuerit
812 2091 990 2162 (quod
1040 2088 1167 2143 ﬁeri
1198 2105 1351 2159 saepe
1382 2087 1692 2157 videmus),
1728 2104 1759 2141 e
1791 2092 2084 2142 monaste-

431 2186 516 2240 rio
548 2181 779 2254 expelli,
809 2186 867 2235 et
908 2181 965 2234 in
998 2179 1153 2233 aliud
1201 2176 1411 2232 deduci
1472 2176 1854 2247 subjectionis
1886 2193 2084 2232 causa.

432 2274 680 2329 Easdem
730 2286 932 2342 poenas
980 2268 1144 2325 dabit
1174 2272 1233 2324 et
1262 2267 1586 2336 abbatissa,
1620 2284 1748 2337 quae
1780 2265 1919 2321 talia
1950 2281 2088 2321 ausa

432 2360 625 2419 fuerit.

506 2452 873 2520 Quaecunque
901 2449 1091 2503 autem
1137 2447 1407 2518 parentes
1448 2461 1515 2499 ex
1554 2443 1868 2500 liberorum
1910 2443 2087 2500 haere-

435 2542 614 2599 ditate
671 2537 1021 2594 monasterio
1062 2535 1354 2603 dedicant,
1406 2538 1663 2604 repetere
1694 2549 1899 2588 rursus
1930 2532 2084 2588 haud

435 2631 567 2688 licet
591 2648 606 2690 ;
629 2631 1045 2685 consecrantur
1069 2625 1225 2681 enim
1259 2625 1392 2694 Deo,
1426 2623 1547 2679 sive
1569 2622 1620 2678 is
1647 2623 1747 2693 qui
1770 2621 2003 2690 obtulit,
2026 2622 2086 2679 in

437 2717 786 2777 monasterio
834 2721 1086 2782 maneat,
1135 2713 1255 2769 sive
1301 2713 1437 2767 inde
1462 2710 1751 2768 discedat:
1796 2710 1908 2765 nisi
1943 2712 2088 2767 forte

436 2811 562 2882 ejus
592 2806 691 2878 qui
751 2802 1102 2861 monasterio
1150 2801 1417 2874 praesidet
1463 2801 1633 2870 culpa
1680 2799 1874 2867 fuerit,
1933 2799 2084 2870 quod

437 2899 546 2955 iste
576 2895 899 2952 recesserit.

516 2985 669 3042 I89
701 2982 941 3040 Concilii
984 2997 1140 3048 vero,
1196 2980 1351 3052 quod
1386 2977 1636 3048 primum
1672 2981 1729 3033 et
1759 2977 2082 3033 secundum

438 3080 695 3144 vocatur,
754 3088 938 3128 canon
998 3085 1235 3126 numero
1291 3071 1512 3138 sextus,
1545 3066 1834 3136 Monachi,
1865 3065 2083 3135 inquit,

440 3165 587 3222 nihil
628 3162 926 3235 praprium
985 3158 1195 3214 habere
1235 3156 1467 3222 debent,
1516 3157 1717 3227 utpote
1765 3152 1865 3224 qui
1906 3169 2081 3224 prop-

2195 1904 2240 1959 εἷ
2272 1901 2327 1959 δὲ
2357 1907 2659 1980 ἱερωσύνης
2714 1909 2741 1962 6
2791 1909 3090 1984 ἡγούμενος
3138 1911 3384 1986 ἀμοιροῖ,
3424 1909 3835 1987 προϐέϐληνται

2196 1996 2299 2069 γὰρ
2340 1993 2448 2048 ἔσθ’
2478 1997 2566 2050 ὅτε
2621 1998 2710 2050 καὶ
2761 1996 2820 2052 ἐκ
2868 1999 3155 2069 τοιούτων,
3183 2005 3282 2054 τοῦ
3329 2003 3694 2076 μοναστηρίου
3742 2002 3834 2057 ἐκ.

2196 2078 2515 2154 ϐάλλεσθαι,
2547 2085 2636 2139 καὶ
2687 2086 2855 2160 ἑτέρῳ
2910 2090 3045 2163 πρὸς
3092 2089 3367 2163 ὑποταγὴν
3415 2089 3834 2167 παραδίδοσθαι.

2194 2177 2361 2228 Τοῦτο
2411 2171 2468 2227 δὲ
2513 2174 2602 2228 καὶ
2662 2176 2943 2251 ἡγουμένη
3002 2182 3224 2233 τοιαῦτα
3269 2177 3597 2251 τολμήσασα
3656 2182 3830 2258 ὑφὲξει

2194 2264 2256 2317 τὸ
2289 2261 2587 2338 ἐπιτίμιον.

2264 2445 2438 2500 "Attat
2469 2441 2527 2499 δὲ
2557 2446 2608 2499 οἱ
2652 2450 2828 2519 γονεῖς
2860 2444 2921 2501 ἐκ
2948 2451 3046 2502 τοῦ
3075 2446 3286 2523 κλήρου
3342 2454 3451 2504 τῶν
3505 2447 3717 2505 παίδων
3761 2457 3833 2527 τῇ

2198 2537 2341 2607 μονῇ
2413 2532 2783 2610 ἀφορίζουσιν,
2858 2534 3103 2614 ἀφαιρεῖν
3190 2535 3341 2601 αὖθις
3408 2539 3512 2593 οὐκ
3594 2535 3834 2610 ἔξεστινο

2193 2621 2489 2698 ἀφιέρωται
2530 2623 2634 2699 γὰρ
2666 2627 2746 2696 τῷ
2794 2628 2911 2697 Θεῷ
2955 2622 3052 2680 κᾶν
3086 2646 3145 2681 τε
3186 2625 3321 2701 μένῃ
3371 2625 3423 2682 ἐν
3455 2632 3539 2701 τῷ
3569 2649 3839 2702 μοναστη-

2197 2709 2324 2787 ρίῳ,
2353 2710 2449 2766 κᾶν
2492 2732 2552 2767 τε
2598 2711 2787 2787 ἐξέλθῃ
2821 2714 2849 2768 ὁ
2878 2718 3044 2769 ταῦτα
3070 2717 3440 2789 προσενεγκὼν
3462 2738 3476 2750 ·
3509 2717 3555 2771 εἰ
3608 2719 3684 2789 μὴ
3736 2718 3837 2792 ἄρα

2197 2800 2333 2875 πρὸς
2390 2804 2485 2855 τοῦ
2542 2802 2851 2877 ἡγουμένου
2908 2805 2943 2873 ἠ
3002 2802 3149 2859 αἷτία
3214 2800 3451 2879 συμϐαίη
3508 2807 3604 2877 τῇς
3663 2813 3835 2879 μονῆς

2193 2894 2391 2945 τοῦτον
2425 2890 2693 2968 ὑποχωρῇ
2705 2913 2810 2950 σαι.

2267 2979 2328 3036 Ὀ
2384 2976 2442 3034 δὲ
2498 2986 2542 3043 ς’
2596 2987 2697 3050 τῆς
2775 2980 3076 3055 λεγομένης
3143 2984 3364 3057 πρώτης
3422 2982 3512 3038 καὶ
3583 2981 3833 3058 δευτέρας

2193 3065 2447 3140 συνόδου,
2477 3070 2540 3124 Οἱ
2602 3071 2865 3145 μοναχοὶ,
2902 3071 3059 3147 φησὶ,
3090 3070 3249 3128 οὐδὲν
3305 3070 3444 3127 ἴδιον
3502 3065 3652 3151 ἔχειν
3698 3072 3841 3151 ὀφεί-

2207 3155 2417 3229 λουσιν,
2475 3156 2567 3213 ἇίτε
2634 3160 2986 3233 νεκρωθὲντες
3056 3165 3135 3234 τῷ
3198 3162 3392 3235 κόσμῳ
3471 3160 3561 3216 διὰ
3632 3164 3733 3230 τήν
3790 3159 3843 3216 ἐν

596 3219 772 3308 vitam
828 3250 887 3305 in
936 3247 1161 3303 Christo
1220 3219 1652 3302 abseconditam
1685 3219 1924 3299 mortui-
1958 3219 2092 3298 facti

2208 3251 2427 3321 Χριστῷ
2481 3247 2861 3324 κεκρυμμένην
2921 3252 3090 3320 ζωήν.
3132 3249 3286 3306 Οὕτω
3343 3250 3446 3326 γὰρ
3493 3251 3521 3305 6
3582 3252 3844 3326 μακάριος

454 3350 591 3401 sunt
638 3339 877 3397 mundo.
943 3338 1037 3393 Sic
1092 3335 1244 3391 enim
1304 3333 1368 3388 B.
1430 3334 1617 3389 Lucas
1673 3348 1772 3388 eos
1830 3331 1930 3403 qui
1968 3329 2099 3384 vitae

454 3433 784 3491 monasticae
816 3429 1059 3485 formam
1094 3427 1403 3494 dederunt,
1433 3423 1664 3479 eminus
1694 3421 1862 3477 nobis
1895 3435 2100 3491 reprae-

452 3526 714 3590 sentans,
760 3517 1062 3583 Fidelium,
1104 3514 1200 3585 ait,
1259 3529 1430 3568 nemo
1459 3527 1659 3567 eorum
1691 3509 1788 3582 qui
1838 3508 2100 3581 possides

452 3612 567 3679 bat,
601 3610 917 3680 quidquam
950 3622 1123 3661 suum
1172 3620 1300 3659 esse
1329 3602 1578 3670 dicebat,
1610 3601 1710 3655 sed
1763 3598 1962 3655 omnia
1993 3596 2102 3651 illi-

452 3703 618 3755 erant
668 3696 1022 3752 communia.
1082 3691 1244 3747 Unde
1301 3690 1400 3761 qui
1460 3690 1636 3745 vitam
1693 3686 2009 3743 solitariam
2049 3702 2103 3740 a-

452 3804 588 3862 gere
641 3785 861 3854 volunt,
921 3782 1082 3854 prius
1129 3781 1283 3835 bona
1339 3796 1445 3833 sua
1501 3778 1822 3849 diSponerc,
1876 3780 1933 3830 et
1967 3791 2095 3848 qut-

454 3881 567 3935 bus
623 3875 797 3932 velint
845 3871 1107 3945 personis
1158 3870 1550 3925 transmittere
1592 3867 1745 3931 licet,
1779 3866 1950 3920 modo
1983 3882 2098 3921 non

452 3970 570 4025 sint
622 3968 750 4039 jure
807 3962 957 4018 civili
1016 3960 1338 4034 probibitaa,
1397 3964 1460 4014 ut
1527 3955 1801 4023 haeretici,
1854 3960 1911 4010 et
1981 3956 2101 4010 nati

451 4058 654 4131 spurii.
700 4057 1009 4127 Postquam
1066 4051 1222 4107 enim
1272 4048 1515 4122 professi
1546 4048 1781 4116 fuerint,
1817 4046 2100 4102 bonorum

449 4148 711 4206 omnium
740 4147 811 4201 ad
845 4142 1261 4199 monasterium
1284 4141 1412 4210 ejus
1442 4135 1840 4193 etdominium
1867 4136 2101 4202 transit,

448 4254 637 4311 neque
696 4236 875 4291 ullam
933 4232 1004 4288 de
1087 4229 1259 4287 rebus
1321 4226 1570 4300 propriis
1641 4241 1836 4281 curam
1905 4240 2101 4297 gerere

447 4328 537 4385 vel
592 4326 897 4398 disponere
963 4322 1047 4377 eis
1105 4318 1453 4390 permissum
1505 4320 1614 4371 est.
1671 4314 1729 4371 Si
1789 4314 1921 4386 quis
1970 4330 2103 4370 vero

447 4414 874 4490 possessionem
933 4408 1270 4483 quampiam
1319 4407 1379 4462 in
1452 4404 1717 4478 proprios
1779 4419 1922 4458 usus
1977 4418 2105 4458 ver-

447 4513 579 4562 tens
652 4501 1138 4574 deprehendatur.
1216 4512 1344 4553 eam
1414 4492 1746 4550 monasterii
1800 4492 2104 4564 przelectus

2208 3339 2417 3398 Λουκᾶς
2474 3336 2602 3399 τοὺς
2656 3339 2757 3408 τήν
2819 3335 3118 3412 μοναδικὴν
3164 3339 3447 3395 πολιτείαν
3469 3340 3846 3410 τυπώσαντας,

2209 3422 2413 3496 δήλους
2461 3428 2599 3498 ἡμῖν
2648 3426 2929 3503 πόρῥωθεν
2974 3428 3251 3500 καθιστὰς,
3285 3433 3401 3484 Τῶν
3447 3429 3847 3485 πιστευσάντων

2208 3512 2403 3591 ἔφησεν
2453 3512 2630 3577 οὐδείς
2683 3520 2866 3578 τιτῶν
2897 3516 3255 3593 ὑπαρχόντων
3289 3517 3437 3592 αύτῷ
3467 3514 3651 3595 ἔλεγεν
3710 3516 3851 3573 ἴδιον

2210 3603 2361 3676 εἶναι,
2412 3604 2539 3661 ἀλλ’
2567 3606 2634 3675 ἦν
2690 3604 2875 3668 αὐτοῖς
2917 3608 3121 3661 ἅπαντα
3168 3606 3339 3665 κοινά.
3381 3609 3569 3665 Ἔνθεν
3624 3628 3710 3662 τοι
3757 3609 3851 3662 καὶ

2208 3699 2326 3756 τοῖς
2386 3694 2635 3769 μονάζειν
2692 3693 2967 3751 ἐθέλουσιν
3025 3690 3191 3767 ἔξεστι
3247 3697 3373 3772 περὶ
3420 3702 3530 3753 τῶν
3572 3694 3851 3775 ὑπαρχόν-

2209 3804 2315 3839 των
2375 3782 2559 3847 αύτοῖς
2612 3781 2940 3841 διατίθεσθαι
3004 3786 3292 3861 πρότερον,
3318 3788 3408 3842 καὶ
3468 3788 3548 3850 οἷς
3598 3788 3658 3842 ἂν
3710 3789 3845 3862 βού-

2211 3872 2401 3929 λοιντο
2443 3878 2610 3929 ταῦτα
2655 3876 3107 3950 παραπέμπεσθαι
3163 3877 3504 3951 προσώποις,
3539 3879 3614 3951 μὴ
3678 3897 3851 3932 κεκω-

2211 3961 2467 4035 λυμένοις
2520 3964 2665 4040 παρὰ
2706 3968 2804 4019 τοῦ
2846 3963 3043 4037 νόμου,
3075 3967 3193 4020 οἷον
3240 3966 3532 4041 αἱρετικοῖς
3579 3965 3614 4035 ἢ
3664 3967 3853 4030 νόθοις

2210 4052 2386 4109 παισί.
2448 4052 2595 4107 Μετὰ
2653 4053 2757 4128 γάρ
2814 4073 2900 4108 τοι
2955 4054 3019 4108 τὸ
3081 4075 3309 4126 μονασαι
3366 4059 3473 4111 τῶν
3535 4057 3852 4131 προσόντων

2210 4140 2398 4202 αὐτοῖς
2445 4141 2658 4197 πάντων
2705 4143 2768 4197 τὸ
2816 4144 3174 4218 μοναστήριον
3215 4140 3332 4218 ἔχει
3376 4145 3475 4213 τὴν
3525 4142 3849 4220 κυριότητα,

2210 4231 2297 4285 καὶ
2355 4226 2511 4284 οὐδὲν
2568 4230 2690 4306 περὶ
2747 4235 2854 4286 τῶν
2913 4231 3127 4286 οἰκείων
3179 4231 3479 4307 φροντίζειν
3536 4234 3570 4303 ἢ
3629 4230 3851 4288 διατάτο

2209 4319 2390 4374 τεσθαι
2447 4318 2660 4382 τούτοις
2717 4323 3202 4396 παρακεχώρηται.
3236 4320 3296 4376 Εἰ
3344 4319 3399 4376 δέ
3453 4343 3537 4385 τις
3565 4323 3848 4400 φωραθείη

2212 4415 2403 4478 κτῆσιν
2479 4412 2767 4480 ἡντιναοῦν
2839 4408 3342 4486 ἰδιοποιησάμενος,
3406 4411 3606 4483 ταύτην
3664 4414 3761 4485 μὶν
3822 4415 3855 4469 6

2212 4498 2524 4572 ἡγούμενος
2577 4506 2679 4570 τῆς
2738 4500 2992 4574 μονῆς,ἢ
3049 4502 3078 4555 ὁ
3133 4508 3234 4571 τῆς
3292 4501 3481 4579 χώρας
3530 4500 3855 4565 ἐπίσκοπος,

448 4600 550 4652 aut
594 4593 764 4649 istius
817 4590 924 4646 looi
970 4588 1279 4660 episcopus
1337 4583 1594 4656 recipiat,
1627 4586 1683 4637 et
1713 4597 1909 4637 coram
1942 4578 2092 4635 mul-

2208 4581 2390 4642 λαϐὼν
2449 4590 2539 4643 καὶ
2594 4587 2882 4661 πωλήσας,
2913 4588 3142 4645 πολλῶν
3203 4578 3490 4665 μαρτύρων
3551 4585 3856 4665 ἐπ’ὂψεσι,

446 4686 524 4743 tis
579 4681 828 4741 testibus
889 4678 1226 4746 divendens,
1275 4679 1337 4729 ut
1389 4690 1454 4728 ea
1514 4672 1737 4728 ratione
1788 4669 2095 4725 calumniae

445 4790 684 4834 causam
733 4772 919 4837 evitet,
961 4772 1019 4823 et
1066 4766 1418 4838 pauperibus
1476 4779 1543 4820 ac
1626 4760 1914 4817 mendicis
1972 4759 2097 4813 dis-

443 4867 682 4923 tribuat.
746 4865 931 4933 Atque
998 4859 1232 4928 insuper
1289 4871 1423 4912 cum
1489 4852 1586 4924 qui
1646 4851 1817 4907 talem
1877 4867 2099 4923 posses-

404 4946 687 5021 rsionem,
751 4951 829 5007 uti
889 4947 1140 5002 Ananias
1214 4946 1344 5011 iste,
1425 4943 1720 5014 surripere
1784 4942 2094 4998 meditatus

443 5052 551 5114 est,
591 5041 787 5099 debita
842 5036 1193 5094 correctione
1224 5034 1486 5105 castiget.
1522 5033 1684 5087 llisce
1734 5035 1929 5086 autem
1963 5048 2096 5087 om-

442 5137 617 5191 nibus
638 5135 696 5188 et
726 5126 1069 5185 monialium
1090 5123 1335 5179 societas
1359 5121 1605 5177 obnoxia
1631 5120 1758 5176 erit.

510 5224 684 5279 Porro
742 5222 938 5275 autem
986 5211 1221 5271 concilii
1294 5211 1438 5266 sexti
1487 5227 1673 5266 canon
1742 5209 1804 5263 41
1854 5208 2090 5265 omnino

438 5312 827 5384 periculosum
878 5320 1007 5362 esse
1058 5303 1282 5359 censuit
1342 5304 1407 5387 et
1455 5301 1827 5355 temerarium
1885 5316 1918 5354 a
1973 5300 2091 5353 vita

434 5402 707 5473 victuque
763 5393 1058 5453 communi
1109 5392 1394 5458 recedere,
1443 5406 1509 5446 ac
1559 5388 1755 5444 statim
1814 5396 1996 5443 semet
2028 5387 2085 5441 in

437 5496 684 5564 angusta
762 5485 972 5544 cellula
1035 5481 1354 5551 includere,
1421 5480 1648 5552 sibique
1731 5479 1873 5535 adeo
1942 5477 2088 5549 ipsis

434 5581 564 5638 vitas
619 5578 892 5635 solitariae
939 5578 1199 5633 auctores
1274 5586 1421 5628 esse.
1499 5569 1739 5643 Oportet
1808 5567 1961 5624 enim
2025 5567 2085 5623 in

435 5669 807 5738 monasterio,
886 5666 984 5723 ubi
1034 5680 1247 5738 magna
1302 5666 1390 5719 est
1448 5660 1686 5717 fratrum
1736 5658 2083 5733 frequentia,

2201 4678 2300 4745 τὴν
2357 4676 2594 4733 ἐντεῦθεν
2657 4675 2923 4749 διαϐολὴν
2984 4678 3415 4755 ιρυλαττόμενος,
3459 4684 3714 4757 πτωχοῖς
3759 4681 3857 4735 καὶ

2206 4765 2434 4839 ἀπόροις
2483 4764 2850 4841 διανειμάτω·
2907 4769 2997 4825 τὸν
3058 4766 3115 4823 δὲ
3180 4769 3282 4838 τήν
3347 4769 3606 4840 τοιαύτην
3659 4775 3860 4840 κτῆσιν

2206 4854 2322 4909 κατ’
2368 4853 2566 4911 ἐκεῖνον
2637 4858 2730 4913 τὸν
2776 4860 3025 4914 Ἀνανίαν
3100 4857 3375 4929 ὑποσυλᾷν
3451 4856 3854 4930 μελετήσαντα,

2202 4952 2282 5021 τῷ
2312 4949 2643 5022 προσήκοντι
2674 4948 2937 5023 ἐπιτιμίῳ
2969 4951 3380 5029 σωφρονισατω.
3413 4949 3641 5012 Τούτοις
3688 4955 3855 5006 πᾶσιν

2208 5037 2503 5101 ὑπεύθυνος
2526 5039 2615 5094 καὶ
2648 5041 2682 5109 ἠ
2714 5043 2822 5095 τῶν
2857 5044 3208 5114 μοναζουσῶν
3235 5035 3382 5093 ἔσται
3413 5037 3631 5116 φατρία.

2273 5220 2329 5272 Ὀ
2360 5213 2417 5271 δὲ
2450 5220 2543 5292 μα’
2574 5225 2675 5289 τῆς
2715 5221 2758 5284 ς’
2788 5218 3018 5276 συνόδου
3067 5218 3336 5300 σφαλερὸν
3387 5220 3632 5294 ἡγήσατο
3664 5216 3844 5290 πάντη

2199 5305 2288 5360 καὶ
2357 5305 2573 5378 ἰταμὸν,
2620 5310 2746 5371 τοὺς
2824 5316 2921 5380 τῆς
2990 5317 3266 5383 κοσμικῆς
3349 5304 3846 5384 ἄνακεχωρηκότας

2198 5391 2318 5469 ἄρτι
2367 5390 2579 5467 διαίτης
2636 5397 2856 5461 ἑαυτοὺς
2904 5398 3059 5461 εὐθὺς
3117 5396 3169 5453 ἐν
3226 5396 3446 5470 οίκίστῳ
3508 5395 3842 5470 βραχυτάτῳ

2196 5480 2597 5557 ἐγκλείειν,καὶ
2655 5484 2834 5564 σφίσιν
2888 5488 3074 5551 αὐτοῖς
3129 5488 3375 5567 γίνσσθαι
3416 5487 3513 5540 τοῦ
3559 5485 3844 5558 μονήρους

2199 5570 2323 5645 βίου
2398 5573 2733 5648 καθηγητὰς.
2794 5581 2887 5632 Δεῖ
2953 5577 3060 5653 γὰρ
3127 5578 3389 5651 πρότερον
3464 5570 3516 5627 ἐν
3585 5568 3844 5649 ἀδελφῶν

2193 5659 2461 5720 πλειόνων
2516 5667 2749 5743 σεμνείῳ
2802 5666 2865 5724 τδ
2920 5674 3021 5741 τῆς
3083 5669 3361 5753 ὑποταγῆς
3410 5662 3697 5751 γινόμενον
3748 5663 3818 5722 ἐπ
