4060 6228
406 367 482 430 4⁸7
1683 365 2062 429 MATTHJEI

2179 366 2533 431 QASTARIS

3725 363 3806 424 48

409 502 688 560 uxoribus
719 519 783 559 ac
816 501 1011 558 liberis
1034 502 1158 556 suis
1207 517 1323 557 una
1379 501 1664 570 habitant,
1713 505 2048 562 saecularem

2179 507 2343 576 τοῦτο,
2393 502 2439 557 εἰ
2493 501 2607 576 μετ’
2638 499 2986 580 εὐχαριστίας
3029 505 3132 568 τῆς
3181 499 3315 574 πρὸς
3363 499 3494 555 θεὸν
3542 503 3806 578 γίγνοιτο,

405 593 580 650 vitam
604 595 936 664 sequentes,
976 607 1110 647 cum
1144 591 1418 648 uxoribus
1465 594 1754 650 convivari
1807 595 2049 651 minime

403 683 806 756 prohibentur.
866 681 984 738 Hoc
1029 681 1186 738 enim
1255 681 1430 754 culpa
1489 688 1677 750 vacat,
1728 684 2048 741 dummodo

407 773 504 828 ﬁat
540 788 673 828 cum
720 771 1048 844 gratiarum
1089 787 1245 844 erga.
1305 771 1490 828 Deum
1539 773 1788 842 actione,
1829 779 1886 829 et
1932 791 2047 830 non

401 877 531 917 cum
563 859 1110 932 gesticulationibus
1141 860 1410 930 scenicis,
1443 866 1544 918 aut
1583 861 1860 918 satanicis
1911 879 2050 918 can-

2156 594 2358 667 καὶμὴ
2411 592 2546 667 μετά
2581 590 2889 665 θυμελικῶν
2937 585 3409 663 ἐπιτηδευμάτων,
3451 592 3544 645 καὶ
3593 613 3808 648 σατανι-

2157 685 2266 738 κῶν
2313 681 2590 755 ᾀσμάτων,
2637 678 2729 736 καὶ
2775 682 3046 756 πορνικῶν
3095 676 3473 756 λογισμάτων,
3525 681 3610 745 οἷς
3651 679 3804 754 ἐπέρ-

2157 790 2314 846 χεται
2345 773 2381 840 ἡ
2432 769 2748 850 προφητική
2780 767 2882 843 ἆρά
2911 786 2926 802 ⁸
2960 795 2989 820 «
3021 766 3154 823 Οὐαὶ
3186 768 3239 822 οἱ
3293 769 3428 841 μετά
3459 770 3688 845 κιθάρας
3715 780 3804 834 καὶ

2158 857 2469 934 ψαλτηρίου
2497 859 2588 915 τὸν
2623 859 2768 914 οἶνον
2799 855 3064 925 πίνοντες,
3099 879 3124 911 ι
3155 855 3246 912 καὶ
3277 856 3344 912 τὰ
3374 857 3520 927 έξῆς.

399 949 554 1015 ticis,
583 957 637 1005 et
667 949 1166 1008 modulationibus
1197 950 1564 1019 meretriciis,
1593 968 1722 1023 qua;
1767 951 2094 1007 maledictio
2137 950 2339 1007 isthasc
2372 949 2706 1024 prophetica
2756 948 3160 1022 prosequitur:
3196 969 3225 998 ι(
3261 948 3352 1003 Va:
3411 947 3530 1006 illis
3588 950 3686 1021 qui
3718 948 3794 1006 ad

399 1037 684 1094 citharam
749 1043 806 1095 et
854 1037 1189 1111 psallerium
1245 1040 1449 1096 vinum
1480 1040 1714 1108 bibunt,
1748 1062 1776 1091 »
1810 1044 1866 1097 et
1885 1057 2014 1112 quas
2038 1047 2389 1112 sequuntur.

473 1125 746 1189 Quinimo
773 1142 962 1199 neque
1011 1128 1294 1198 permittit
1349 1127 1582 1184 concilii
1630 1127 2050 1200 Carthaginen-

403 1215 487 1271 eis
543 1232 675 1272 can.
731 1217 802 1271 38
861 1217 1182 1274 monachos
1235 1222 1336 1274 aut
1391 1216 1631 1274 clericos
1676 1219 1920 1291 impune
1975 1217 2046 1272 ad

400 1306 653 1380 virgines
681 1306 767 1362 vel
799 1306 1003 1363 viduas
1043 1309 1154 1365 Deo
1193 1311 1558 1364 consecratas
1587 1309 1888 1378 accedere,
1923 1307 2053 1363 abs-

404 1411 517 1467 que
563 1411 854 1452 eonsensu
901 1395 1180 1469 episcOpi,
1212 1404 1331 1464 aut,
1381 1412 1448 1453 eo
1498 1397 1761 1465 absente,
1810 1396 2053 1470 presby-

403 1485 510 1539 teri
561 1483 812 1555 alicujus
858 1501 872 1536 :
923 1500 1029 1542 nec
1071 1490 1212 1542 tunc
1241 1486 1474 1556 quidem
1525 1485 1682 1542 solos
1729 1501 1863 1542 cum
1911 1481 2054 1540 solis

402 1573 648 1642 versari,
696 1572 796 1628 sed
837 1573 926 1632 vel
972 1573 1200 1630 clericis
1237 1575 1390 1641 aliis,
1439 1573 1528 1631 vel
1561 1574 1906 1632 Christianis
1956 1573 2056 1629 ho-

411 1662 593 1718 nestis
624 1679 691 1719 ac
722 1661 1006 1734 religiosis
1039 1665 1450 1736 prmsentibus,
1485 1669 1548 1722 ut
1576 1665 1816 1721 tollatur
1861 1664 2056 1720 omnis

407 1752 684 1824 suspicio.
727 1774 756 1803 ει
805 1751 960 1809 Citra
1015 1753 1358 1811 scandalum
1390 1755 1568 1824 enim,
1601 1755 1683 1811 ait
1713 1755 2057 1832 Apostolus,

410 1846 595 1898 estote
627 1848 683 1898 et
726 1841 947 1898 Judaeis
999 1847 1058 1898 et
1085 1843 1300 1900 Graecis
1339 1849 1397 1900 et
1450 1843 1717 1902 Ecclesia:
1749 1843 1868 1900 Dei.
1902 1864 1931 1893 »
1960 1841 2058 1897 Ju~

413 1931 622 1987 bemur
649 1932 792 1989 adeo
823 1932 1194 2004 suspiciones
1244 1934 1427 1990 malas
1457 1935 1690 2002 evitare,
1733 1934 1892 1991 l'alsm
1923 1932 2061 1988 licet

407 2021 646 2078 iuerint.

691 2210 761 2264 De
791 2212 1030 2265 transitu
1068 2224 1098 2265 ε
1117 2211 1454 2265 monasterio
1501 2208 1571 2262 ad
1589 2207 1764 2262 aliud.

484 2373 680 2428 Canon
714 2374 908 2427 autem
935 2372 1248 2428 vicesimus
1289 2371 1511 2443 primus
1556 2368 1763 2442 synodi
1800 2366 2056 2440 septimae

417 2464 566 2517 haud
597 2461 882 2532 permittit
903 2461 1258 2517 monachum
1291 2465 1393 2516 aut
1423 2458 1731 2515 monialem
1765 2456 2056 2528 propriam

413 2552 675 2608 deserere
714 2549 1094 2618 mansionem,
1125 2556 1184 2605 et
1221 2551 1281 2605 in
1319 2549 1493 2606 aliam
1527 2565 1590 2604 se
1641 2547 1920 2603 conferre.
1954 2545 2057 2600 Sin

412 2655 542 2696 vero
564 2639 673 2694 hoc
715 2639 835 2695 fieri
885 2639 1206 2712 contingat,
1250 2638 1544 2696 laudabile
1591 2653 1723 2694 esse
1764 2634 2062 2692 existimat

413 2732 472 2784 et
493 2727 735 2800 quidem
785 2728 1184 2784 necessarium
1230 2727 1403 2785 hosce
1441 2726 1695 2800 hospitio
1749 2724 1956 2795 excipi,
1988 2737 2060 2778 ne

413 2817 560 2873 forte
587 2815 968 2874 saecularibus
997 2821 1054 2874 et
1103 2817 1428 2888 promiscue
1466 2815 1793 2872 viventibus
1841 2828 1903 2869 se
1947 2812 2059 2866 im-

416 2905 662 2962 miscere
689 2909 1011 2978 cogantur;
1045 2906 1198 2962 haud
1231 2910 1428 2962 tamen
1447 2904 1624 2978 recipi
1657 2903 1784 2961 sine
1816 2917 2061 2958 consen-

413 3010 481 3051 su
515 3009 759 3050 suorum
787 2994 1210 3064 praefectorum.

491 3083 642 3138 Tum
689 3097 876 3140 canon
931 3083 966 3138 3
1030 3083 1230 3156 synodi
1270 3082 1468 3155 primas
1520 3083 1577 3138 et
1615 3079 1904 3146 secundae,
1937 3094 2063 3151 quas

419 3177 682 3238 vocatur,
739 3171 1332 3228 excommunicationi
1413 3171 1746 3244 prefectum
1804 3167 2065 3239 subjicit,

421 3263 522 3334 qui
555 3260 924 3331 aufugientes
957 3261 1298 3327 monachos,
1330 3259 1432 3332 qui
1457 3261 1529 3316 ad
1561 3257 1706 3315 ovile
1732 3273 1906 3314 suum
1935 3273 2063 3328 per-

419 3351 634 3418 tinent,
661 3365 777 3404 non
829 3365 962 3406 cum
1015 3349 1322 3422 diligentia
1364 3347 1752 3422 requisiverit,
1801 3350 1856 3401 et
1901 3359 2064 3401 ovem

2227 1123 2366 1183 Οὐδέ
2423 1126 2452 1179 6
2507 1131 2608 1195 τῆς
2665 1123 2718 1178 ἐν
2778 1123 3097 1200 Καρθαγένῃ
3169 1119 3400 1177 συνόδου
3461 1123 3553 1194 λη’
3625 1125 3809 1180 κανὼν

2157 1214 2340 1294 ἐφίησι
2400 1219 2668 1288 μοναχοῖς
2723 1215 2758 1283 ἢ
2819 1212 3109 1289 κληρικοῖς
3165 1209 3338 1274 ἀδεῶς
3396 1213 3616 1268 εἰσιέναι
3672 1214 3816 1288 πρὸς

2159 1301 2482 1376 παρθένους,
2513 1304 2549 1373 ἢ
2583 1302 2788 1376 χήρας,
2818 1301 2874 1356 αἳ
2925 1298 2992 1371 δή
3031 1303 3110 1372 τῷ
3141 1303 3258 1372 Θεῷ
3303 1299 3680 1376 καθιέρωνται,
3709 1301 3816 1358 τοῦ

2162 1390 2460 1447 ἐπισκόπου
2513 1392 2592 1466 μὴ
2639 1390 3081 1470 ἐπιτετραφότος,
3119 1388 3154 1459 ἢ
3203 1392 3302 1443 τοῦ
3349 1385 3732 1466 πρεσϐυτέρου,
3765 1391 3814 1446 εἰ

2163 1478 2364 1544 ἐκεῖνος
2419 1480 2585 1554 ἀπῄει
2620 1499 2634 1514 ο
2695 1478 2843 1535 am
2895 1479 2986 1534 καὶ
3041 1475 3164 1533 τότε
3225 1479 3300 1552 μὴ
3365 1479 3566 1552 μόνους
3623 1480 3813 1554 μόναις

2165 1568 2540 1646 ἐντυγχάνειν,
2587 1565 2733 1624 ἀλλὰ
2779 1567 3059 1643 παρόντων
3095 1566 3132 1630 ἢ
3181 1562 3466 1640 κληρικῶν
3511 1567 3733 1643 ἐτέρων,
3776 1568 3814 1638 ἢ

2165 1661 2498 1732 Χριστιανῶν
2545 1655 2774 1730 ἐντίμων
2828 1655 2919 1711 καὶ
2966 1649 3236 1723 εὐλαϐῶν,
3285 1652 3423 1710 ὥστε
3477 1660 3650 1712 πᾶσαν
3709 1658 3819 1713 ὑπ-

2167 1746 2324 1822 οψίαν
2381 1748 2796 1822 περιαιρεῖσθαι.
2860 1769 2887 1795 «ε
2949 1744 3322 1820 Ἀπρόσκοποι
3378 1745 3500 1820 γάρ,
3561 1746 3728 1824 φησὶν
3787 1748 3819 1802 ὁ

2167 1834 2526 1905 Ἀπόστολος,
2585 1835 2793 1913 γίνεσθε
2849 1836 2938 1890 καὶ
3004 1831 3314 1903 Ἰουδαίοις,
3387 1833 3478 1888 καὶ
3550 1833 3818 1907 Ἕλλησι,

2166 1926 2257 1982 καὶ
2312 1930 2382 2001 τῇ
2441 1923 2739 1997 Ἐκκλησία
2788 1928 2886 1980 τοῦ
2941 1927 3077 1979 θεοῦ
3110 1942 3125 1956 ο
3189 1947 3210 1974 ι
3276 1920 3391 1978 ἐπεὶ
3448 1923 3664 2003 φεύγειν
3722 1925 3820 1988 τὶς

2169 2017 2414 2090 πονηρὰς
2473 2011 2779 2088 ὑπολήψεις
2835 2013 3304 2090 προστετάγμεθα,
3363 2011 3460 2066 κᾶν
3527 2012 3630 2068 ὦσι
3685 2017 3815 2088 ψευο

2165 2103 2294 2168 δεῖς.

2165 2213 2320 2286 Περὶ
2374 2204 2800 2283 μεταϐάσεως
2852 2209 2996 2287 ἀπὸ,
3038 2213 3504 2287 μοναστηρίου
3551 2211 3646 2274 εἷς
3699 2234 3820 2286 μο-

2794 2285 3184 2356 ναστήριον.

2235 2376 2293 2429 Ὀ
2325 2371 2384 2428 δέ
2411 2379 2496 2428 κα⁶
2540 2379 2642 2442 τῆς
2693 2375 2733 2442 ζ’
2764 2371 2993 2428 συνόδου
3041 2373 3140 2428 οὑκ
3178 2373 3450 2449 ἐπιτρέπει
3501 2377 3745 2450 μοναχὸν
3781 2376 3818 2444 ἢ

2171 2463 2498 2538 μονάστριαν
2556 2465 2658 2532 τήν
2715 2461 2914 2516 οἶκείαν
2973 2461 3398 2534 καταλιμπάνειν
3469 2465 3666 2536 μονήν,
3724 2465 3820 2518 καὶ

2167 2553 2242 2615 εἷς
2291 2554 2474 2627 ἑτέραν
2521 2551 2757 2608 ἀπιέναι.
2809 2546 3031 2625 Σὸμὸἀν
3088 2548 3144 2606 δέ
3194 2553 3362 2622 οὕτω,
3421 2551 3822 2628 ξενοδοχεῖσθαι

2171 2643 2288 2717 μὶν,
2332 2643 2408 2704 ὡς
2451 2641 2770 2718 ἀναγκαῖον,
2816 2638 2886 2696 δι’
2931 2639 3152 2696 ἐπαίνου
3197 2641 3424 2711 τίθεται,
3452 2640 3546 2696 ἵνα
3595 2645 3672 2716 μή
3721 2664 3823 2696 κο-

2169 2735 2389 2805 σμικοῖς
2419 2731 2509 2786 καὶ
2537 2727 2851 2808 ἀδιαφόρως
2883 2730 3094 2805 βιοῦσιν
3133 2724 3464 2786 ἐκϐιασθεῖεν
3501 2729 3766 2804 συμμίξαι
3800 2748 3818 2764 ·

2168 2813 2683 2896 προσλαμϐάνεσθαι
2733 2815 2790 2874 δὲ
2817 2817 2878 2874 οὗ
2924 2816 3060 2888 δῆτα
3083 2816 3209 2874 ἄνευ
3250 2819 3475 2892 γνώμης
3520 2822 3628 2873 τῶν
3668 2822 3818 2895 σφῶν

2177 2907 2522 2985 ἡγουμένων.

2242 3088 2298 3143 '0
2329 3085 2386 3142 δέ
2415 3093 2466 3162 γ’
2503 3092 2603 3156 τῆς
2645 3084 2950 3162 λεγομένης
3000 3086 3224 3161 πρώτης
3265 3087 3352 3142 καὶ
3405 3083 3650 3160 δευτέρας
3695 3107 3818 3142 συν-

2173 3173 2305 3232 όδου
2335 3175 2629 3252 ἀφορισμῷ
2657 3175 2749 3230 τὸν
2778 3175 3078 3250 ἡγούμενον
3130 3175 3474 3247 ὑποτίθησιν,
3501 3176 3548 3230 εἰ
3582 3176 3659 3249 μὴ
3703 3174 3824 3231 ἐπι-

2176 3262 2360 3338 μελῶς
2402 3263 2699 3336 ἀναζητοίη
2747 3263 2876 3326 τοὺς
2924 3271 3024 3334 τῆς
3081 3265 3276 3320 ἐαυτοῦ
3332 3265 3571 3339 ποίμνης
3627 3263 3828 3320 ἀποδι-

2174 3353 2504 3431 δράσκοντας
2558 3353 2860 3428 μοναχοὺς,
2910 3354 3000 3408 καὶ
3043 3354 3180 3428 πρὸς
3233 3355 3323 3410 τὸν
3370 3355 3515 3428 ἱερὸν
3570 3353 3824 3430 ἐπανάγει

428 3437 752 3494 morbidam
787 3439 1227 3496 medicamentis
1257 3443 1518 3495 curatam
1543 3437 1615 3494 ad
1646 3451 1877 3493 sacrum
1911 3435 2062 3490 clau-

2180 3443 2366 3516 σηκὸν,
2413 3447 2483 3518 τῇ
2528 3440 2868 3515 καταλλήλῳ
2911 3443 3166 3518 θεραπείᾳ
3213 3444 3278 3499 τὸ
3325 3444 3617 3515 νενοσηκὸς
3665 3443 3829 3522 ἐπιρ-

429 3534 617 3583 strum
683 3528 993 3585 reduxerit.
1061 3528 1206 3584 Nam
1276 3529 1322 3584 si
1390 3526 1780 3583 animantium
1846 3524 2070 3580 ratione

430 3617 754 3673 carentium
808 3622 1025 3688 pastor,
1071 3617 1170 3690 qui
1220 3632 1356 3688 erga
1412 3631 1646 3688 gregem
1706 3612 2070 3685 negligenter

430 3723 558 3763 sese
587 3705 758 3778 gerit,
779 3711 933 3762 certo
973 3707 1113 3772 luat,
1167 3707 1435 3780 quisquis
1481 3706 1674 3762 ovium
1722 3703 1930 3758 Christi
1973 3718 2065 3757 sa-

424 3793 602 3850 lutem
636 3811 752 3866 pra:
782 3795 1047 3850 socordia
1073 3795 1399 3867 vilipendit,
1419 3793 1624 3864 quidni
1663 3789 2070 3862 indeprecabi-

422 3883 506 3937 les
556 3899 754 3954 pmnas
804 3883 1011 3939 dabit?
1057 3883 1374 3940 Monachus
1433 3899 1563 3937 vero
1613 3882 1696 3937 ita
1745 3885 2064 3944 revocatus,

421 3976 467 4029 si
528 3991 594 4030 eo
639 3975 828 4029 redire
894 3975 1268 4043 recusaverit,
1327 3976 1482 4030 unde
1533 3973 1824 4038 discessit,
1884 3971 1933 4027 si
1987 3972 2067 4026 ita

418 4064 690 4135 episcOpo
739 4063 925 4120 visum
963 4065 1154 4133 fuerit,
1187 4063 1603 4136 sogregahitur.

495 4241 639 4298 Dein
701 4259 886 4298 canon
937 4245 1179 4312 quartus
1233 4241 1611 4306 monachum,
1667 4241 1763 4312 qui
1839 4238 2067 4312 propria

429 4333 732 4388 mansione
763 4332 958 4388 relicta
982 4331 1041 4388 in
1072 4331 1248 4388 aliam
1296 4347 1360 4387 se
1388 4331 1628 4398 confert,
1676 4328 1760 4386 vel
1793 4329 1850 4384 in
1902 4329 2067 4384 habi-

424 4421 614 4493 taculo
646 4420 912 4476 szeculari
944 4419 1196 4494 turpiter
1223 4426 1605 4485 comessatur.
1639 4419 1837 4492 ipsum
1873 4417 2065 4484 illum,

421 4516 480 4566 et
508 4510 606 4582 qui
631 4511 968 4582 susceperit,
1001 4516 1280 4582 utrosque
1305 4510 1714 4567 communione
1754 4509 2067 4580 privandos

425 4601 710 4668 decernit,
744 4602 928 4657 donec
961 4601 1009 4654 is
1038 4600 1137 4672 qui
1165 4601 1491 4667 recesserit,
1526 4599 1581 4654 in
1623 4597 2064 4664 monasterium,

425 4691 582 4763 quod
629 4690 888 4763 improbe
927 4689 1197 4756 deseruit,
1247 4689 1422 4746 fuerit
1469 4705 1754 4746 reversus.
1786 4687 2068 4743 Sin-vero

2177 3535 2354 3610 ῥωνὺς
2407 3529 2704 3609 πρόϐατον.
2755 3530 2820 3586 Εἴ
2873 3531 2977 3608 γάρ
3023 3533 3052 3587 ὸ
3110 3533 3269 3602 ζώων
3327 3533 3542 3608 ἀλόγων
3588 3535 3824 3608 ποιμὴν,

2177 3621 2397 3696 ἀμελῶς
2455 3622 2579 3698 περὶ
2651 3622 2717 3677 τὸ
2788 3620 3046 3695 ποίμνιον
3121 3619 3477 3695 διακείμενος,
3551 3623 3825 3697 τιμωρίαν

2177 3713 2482 3789 ἀναγκαίως
2539 3711 2755 3786 ὑπέχει,
2805 3711 2834 3765 6
2890 3715 2998 3765 τῶν
3055 3715 3152 3767 τοῦ
3209 3714 3446 3786 Χριστοῦ
3501 3711 3828 3787 θρεμμάτων

2173 3805 2272 3871 τήν
2325 3801 2600 3877 σωτηρίαν
2648 3799 2772 3874 περὶ
2822 3799 3120 3876 ἐλαχίστου
3172 3797 3244 3854 δι’
3299 3799 3500 3856 οἰκείαν
3547 3802 3832 3875 ῥᾳστώνην

2173 3892 2476 3964 τιθέμενος,
2509 3893 2624 3950 πῶς
2669 3888 2770 3942 οὐκ
2808 3887 3176 3961 ἂπαραίτητον
3229 3889 3689 3966 εἶσπραχθήσεται
3739 3887 3831 3944 δί-

2175 4001 2276 4050 κην
2303 4007 2318 4046 ;
2350 3980 2611 4034 ’Δπειθῶν
2654 3974 2712 4032 δέ
2759 3978 2786 4031 6
2834 3976 3272 4052 ἀνακαλούμενος
3321 3981 3561 4055 μοναχὸς
3608 3979 3832 4034 ἐπανιέ-

2172 4089 2258 4123 ναι
2291 4068 2410 4122 ὅθεν
2441 4064 2577 4137 δῆτα
2605 4066 2694 4120 καὶ
2727 4065 3020 4139 ἐξελήλυθε
3069 4068 3204 4144 πρὸς
3233 4072 3331 4123 τοῦ
3363 4067 3664 4122 ἐπισκόπου
3715 4068 3828 4142 ἀφ-

2175 4158 2547 4232 ορισθήσεται.

2244 4247 2307 4303 Ὀ
2338 4242 2395 4300 δέ
2425 4241 2468 4300 δ’
2513 4245 2608 4300 τὸν
2656 4241 2966 4319 ἀποδράντα
3007 4252 3108 4316 τῆς
3155 4242 3295 4308 ἰδίας
3348 4253 3522 4319 μονῆς
3579 4247 3834 4326 μοναχὸν

2173 4336 2264 4391 καὶ
2313 4336 2448 4411 πρὸς
2505 4335 2688 4410 ἑτέραν
2753 4335 3274 4412 μετακεχωρηκότα,
3332 4338 3367 4406 ἢ
3429 4336 3504 4399 εἷς
3563 4337 3839 4412 κοσμικὸν

2175 4424 2422 4500 ἀσέμνως
2451 4423 2862 4498 εἰσκωμάσαντα
2909 4425 3281 4501 καταγώγιον,
3312 4425 3477 4482 αὐτόν
3508 4447 3566 4481 τε
3614 4425 3704 4481 καὶ
3735 4425 3840 4482 τὸν

2175 4519 2366 4571 τοῦτον
2453 4511 2854 4588 ὑποδεξάμενον
2928 4513 3308 4590 ἀφωρισμένον
3384 4515 3518 4570 εἶναι
3591 4513 3839 4588 κελεύει,

2171 4603 2278 4666 ἓως
2327 4604 2389 4659 ἂν
2439 4605 2468 4658 ὑ
2526 4603 2908 4681 ἀποφοιτήσας
2957 4605 3094 4680 πρὸς
3141 4605 3242 4674 τήν
3291 4607 3485 4678 μονὴν,
3531 4604 3598 4672 ἧς
3643 4611 3838 4671 κακῶς

2177 4690 2520 4764 ἐξελήλυθεν,
2578 4692 2840 4766 ἐπανήκῃ.
2877 4691 2940 4747 Εἴ
2997 4693 3179 4765 μέντοι
3229 4694 3258 4748 6
3316 4700 3417 4764 τῆς
3468 4696 3658 4770 χώρας
3703 4694 3836 4749 ἐπί-

423 4779 598 4836 istius
644 4779 752 4835 loci
801 4779 1105 4852 episcopus
1154 4779 1466 4836 monachos
1515 4778 1798 4850 quosdam
1855 4776 2062 4848 pietate

2179 4803 2403 4852 σκοπος,
2455 4780 2596 4837 ἔστιν
2654 4779 2746 4844 οὓς
2800 4785 2910 4836 τῶν
2965 4781 3051 4837 ἐπ’
3106 4778 3366 4855 εὐλαϐείᾳ
3420 4785 3842 4858 σεμνυνομένων

428 4871 517 4938 (ut
547 4868 626 4939 lit)
658 4869 1018 4941 perceiebres
1061 4869 1131 4923 de
1185 4867 1487 4924 mansione
1528 4866 1760 4940 propria
1809 4864 2066 4920 eximens

430 4961 488 5014 in
521 4959 652 5014 aliis
708 4957 1094 5025 constituerit,
1129 4963 1192 5014 ut
1240 4957 1531 5014 mansioni
1581 4957 1817 5028 praesint
1869 4955 2068 5025 (modo

431 5058 690 5120 utraeque
721 5047 805 5102 illi
838 5045 1110 5120 episcopo
1143 5048 1416 5118 subjectae
1449 5047 1709 5112 fuerint),
1742 5044 1828 5100 vel
1861 5045 2074 5101 domus

433 5138 673 5194 tutelam
707 5137 790 5192 eis
831 5137 1188 5193 commiserit
1231 5154 1243 5191 :
1281 5137 1469 5192 isthoc
1516 5135 1750 5206 quidem
1795 5149 1925 5188 cum
1977 5148 2075 5188 eos

435 5230 535 5300 qui
568 5229 920 5300 suscipiunt,
939 5233 1059 5284 tum
1085 5227 1400 5284 monachos
1427 5228 1586 5298 ipsos
1608 5225 1777 5298 culpa
1805 5223 1963 5280 omni
1989 5239 2074 5277 va-

435 5334 574 5374 cuos
607 5324 862 5390 praestat.

505 5407 652 5471 Quin
683 5407 798 5464 imo
847 5425 1032 5465 canon
1079 5408 1149 5462 80
1189 5406 1394 5479 synodi
1442 5407 1916 5480 Carthagincnsie
1954 5411 2074 5483 epi-

433 5513 675 5569 scopum
707 5498 900 5569 puniri
933 5499 1074 5566 vult,
1107 5497 1204 5570 qui
1229 5499 1579 5554 monachum
1615 5499 1871 5558 alienum
1895 5503 2076 5558 susci-

434 5586 536 5658 pii,
571 5585 716 5642 101
773 5591 944 5659 atque
989 5589 1062 5644 ad
1111 5586 1355 5661 gradum
1400 5587 1726 5646 clericalem
1775 5607 2076 5662 promove-

437 5675 531 5745 rit,
565 5680 664 5734 aut
689 5675 939 5748 alicujus
969 5695 1032 5735 ex
1065 5677 1312 5752 propriis
1351 5681 1718 5738 monasteriis
1769 5682 2075 5756 praefectu-

2183 4876 2462 4950 μοναχῶν,
2494 4869 2553 4924 ἐκ
2599 4876 2698 4940 τῆς
2749 4870 2950 4925 ἑαυτῶν
2998 4869 3268 4948 εἰληφὼς,
3301 4871 3376 4933 εἷς
3425 4873 3610 4949 ἑτέραν
3663 4872 3840 4949 ἐγκα-

2181 4963 2464 5031 ταστήσειε
2511 4959 2834 5036 προστασίαν
2897 4966 3088 5033 μονῆς,
3148 4960 3236 5015 καὶ
3294 4959 3616 5041 ἀμφοτέρων
3675 4963 3842 5037 αὐτῷ

2185 5046 2556 5120 ὑποκειμένων
2614 5043 2828 5116 δηλαδή
2879 5051 2986 5101 τῶν
3045 5052 3240 5122 μονῶν,
3301 5047 3337 5117 ἢ
3405 5051 3492 5104 καὶ
3553 5051 3839 5124 κοσμικὴν

2185 5137 2358 5190 οἰκίαν
2409 5133 2682 5206 ἐπιτηρεῖν
2739 5132 3062 5210 διορίσαιτο,
3117 5141 3278 5192 τοῦτο
3333 5137 3426 5193 καὶ
3495 5138 3621 5201 τοὺς
3689 5138 3842 5195 ὑπο-

2185 5222 2516 5300 δεχομένους
2589 5223 2681 5278 καὶ
2757 5225 2884 5287 τοὺς
2961 5227 3239 5301 μοναχοὺς
3309 5227 3619 5289 ἀνευθύνους
3695 5228 3839 5285 εἶναι

2184 5317 2358 5370 ποιεῖ.

2253 5402 2310 5457 '0
2361 5399 2418 5456 δέ
2464 5408 2516 5456 π’
2561 5404 2660 5468 τῆς
2719 5401 2772 5458 ἐν
2827 5403 3139 5482 Καρθαγένῃ
3197 5403 3424 5462 συνόδου
3477 5405 3840 5479 ἐπιτιμᾶσθαι

2182 5493 2274 5547 τὸν
2306 5490 2599 5546 ἐπίσκοπον
2644 5491 2808 5564 ἀξιοῖ,
2842 5494 2904 5556 ’ὸς
2950 5495 3040 5550 τὸν
3072 5494 3366 5571 ἀλλότριον
3418 5493 3843 5575 ὑποδεχόμενος

2187 5580 2433 5660 μοναχὸν
2475 5578 2553 5644 εἷς
2604 5582 2811 5658 βαθμὸν
2852 5585 3142 5656 καθίστησι
3187 5585 3423 5658 κλήρου,
3452 5587 3489 5657 ἢ
3535 5587 3627 5640 καὶ
3671 5588 3853 5664 ἡγου-

2187 5669 2394 5750 μενείαν
2443 5670 2651 5728 οἰκείου
2711 5673 3101 5752 μοναστηρίου,
3155 5673 3280 5731 ἄνευ
3337 5674 3681 5750 ἀπολυτικῆς
3736 5677 3849 5738 τοῦ
