4080 6224
248 357 319 416 49
1273 353 1691 417 SYNTAGMA
1734 355 2369 425 ALPHABETICUM.
2424 396 2487 408 —-
2536 363 2616 425 M.
3562 359 3641 420 50

246 488 444 543 οἶκείου
497 486 803 543 ἐπισκόπου
862 493 1098 565 γραφῆς.
1137 484 1235 541 Καὶ
1291 488 1383 541 τὸν
1444 486 1539 560 μὲν
1594 486 1879 544 ἐπίσκοπον

2003 510 2125 551 ram
2155 515 2171 565 ;
2204 496 2424 569 absque
2456 496 2661 553 litteris
2716 496 3066 552 dimissoriis
3095 495 3348 567 episcOpi
3382 494 3637 567 regionis

242 578 306 652 τῇ
338 582 436 632 τοῦ
485 574 637 632 ἰδίου
688 576 826 632 λαοῦ
875 574 1021 655 ἐφεὶς
1055 574 1313 646 κοινωνίᾳ
1342 576 1430 630 καί
1462 574 1646 650 μόνον,
1678 578 1893 655 ἑτέρους

244 668 381 740 αὐτῷ
434 667 653 724 κελεόει
714 670 792 742 μὴ
847 671 1163 722 κοινωνεῖν·
1210 668 1303 721 τὸν
1360 664 1419 721 δὲ
1476 669 1737 747 μοναχὸν,
1793 673 1891 724 τοῦ

241 759 445 833 κλήρου
486 758 526 827 ἢ
582 765 686 828 τῆς
731 756 1090 833 ἦγουμενείας
1136 754 1436 812 ἐκπίπτειν.
1480 758 1638 827 Ζήτει
1687 758 1779 813 καὶ
1826 759 1889 813 τὸ

250 850 558 924 ς’κεφ.τοῦ
618 849 671 904 Α
720 845 1022 925 στοιχείου,
1044 846 1131 900 καὶ
1186 843 1239 900 ἐν
1299 847 1344 899 θ’
1394 865 1513 923 κεφ.
1568 846 1667 902 τοῦ
1724 846 1889 903 αὐτοῦ

250 936 512 1013 στοιχείου
568 935 771 992 κανόνα
825 942 912 1011 κγ’
936 938 1034 1001 τῆς
1092 934 1139 990 δ’
1181 930 1428 1004 συνόδου,
1459 934 1549 989 καὶ
1594 933 1647 990 ἒν
1689 940 1771 1009 τῷ
1824 937 1887 991 ιθ⁹

256 1031 473 1105 κεφ.τοῦ
518 1033 557 1082 Γ
608 1024 890 1104 στοιχείου
938 1025 1133 1080 κανόνα
1183 1024 1259 1094 ιη’
1293 1029 1393 1093 τῆς
1439 1027 1480 1093 ζ’
1518 1020 1768 1096 συνόδου,
1794 1022 1885 1079 καὶ

255 1116 310 1170 τὸ
353 1116 426 1169 κθ⁸
469 1136 594 1194 κεφ.
652 1115 750 1171 τοῦ
806 1116 849 1172 Ε
903 1111 1214 1188 στοιχείου·
1267 1109 1345 1167 ἔτι
1412 1108 1470 1167 δὲ
1534 1114 1623 1168 καὶ
1683 1114 1746 1167 τὸ
1804 1110 1887 1188 λγ¹

253 1205 321 1258 καί
375 1205 436 1258 τὸ
499 1206 548 1260 κ’
604 1226 728 1282 κεφ.
772 1208 874 1260 τοῦ
925 1209 965 1259 K
1031 1200 1331 1277 στοιχείου,
1390 1202 1480 1257 καὶ
1551 1201 1604 1258 ἐν
1656 1206 1737 1273 τῷ
1796 1198 1885 1276 λβ⁹

244 1314 347 1369 ne.
404 1297 509 1347 τοῦ
582 1292 751 1349 αὐτοῦ
819 1289 1098 1368 στοιχείου
1147 1290 1345 1345 κανόνα
1402 1294 1444 1360 ζ’
1499 1296 1601 1360 τῆς
1665 1286 1709 1344 δ’
1765 1309 1885 1344 συν-

238 1378 378 1439 όδου.

294 1472 358 1529 Ὁ
401 1468 464 1525 δὲ
518 1472 583 1547 ιγ’
637 1477 741 1540 τῆς
793 1468 847 1526 ἑν
903 1468 1116 1546 Γάγγρᾳ
1173 1464 1398 1523 συνόδου
1451 1472 1532 1541 τῷ
1587 1466 1882 1540 άναθέματι

224 1559 581 1634 παραπέμπει
667 1560 796 1622 τοὺς
867 1559 1026 1614 τέκνα
1099 1553 1354 1633 ἔχοντας,
1436 1556 1526 1612 καὶ
1610 1558 1881 1634 προφάσει

221 1649 511 1720 ἀσκήσεως
574 1654 746 1706 ταῦτα
812 1648 1025 1725 χαίρειν
1092 1646 1317 1718 ἐῶντας,
1367 1647 1458 1701 καὶ
1509 1649 1586 1720 μὴ
1644 1649 1713 1702 τά
1778 1654 1881 1716 τῆς

221 1735 535 1802 θεοσεϐείας
586 1740 677 1794 καὶ
722 1738 926 1806 λοιπῆς
973 1736 1172 1812 ἄρετῆς
1219 1736 1590 1808 ἐξασκοῦντας,
1640 1736 1776 1811 πρὸς
1825 1734 1883 1789 δὲ

214 1828 303 1881 καὶ
359 1829 430 1882 τὰ
478 1833 561 1899 τῷ
613 1829 719 1902 βίῳ
767 1826 1009 1900 αὐτάρκη
1058 1823 1402 1900 πορίζοντας,
1434 1827 1524 1879 οἷα
1553 1824 1677 1898 περὶ
1726 1821 1880 1879 πλεί-

214 1937 351 1971 στου
390 1914 555 1986 δῆθεν
598 1918 701 1984 τήν
751 1911 1035 1970 εὐλάϐειαι
1086 1913 1450 1987 ποιουμένους
1491 1913 1580 1968 καὶ
1625 1912 1877 1983 ἄσκησιν,

209 2006 303 2059 καὶ
374 2007 454 2077 μή
507 2004 622 2076 ἐξὸν
674 2004 952 2078 σωτηρίας
998 2001 1193 2063 αὐτοὺς
1248 2001 1301 2057 ἐν
1341 2007 1422 2075 τῷ
1470 2001 1664 2075 κόσμῳ
1691 2000 1879 2057 ἐπιτυ-

209 2100 360 2169 χεῖν.
397 2095 547 2164 Φησί
579 2096 684 2170 γὰρ
717 2094 746 2149 ὀ
782 2091 945 2167 μέγας
980 2091 1196 2154 Παῦλος
1222 2111 1235 2125 ’
1273 2116 1301 2144 ιι
1330 2092 1404 2148 El'
1445 2111 1529 2153 τις
1559 2096 1668 2147 τῶν
1698 2088 1876 2161 ἰδίων,

206 2185 305 2238 καὶ
345 2184 589 2256 μάλιστα
617 2187 728 2239 τῶν
758 2182 977 2237 οίκείων
1005 2180 1067 2237 οὐ
1099 2185 1345 2255 προνοεῖ,
1375 2182 1533 2244 οὗτος
1561 2182 1662 2251 τήν
1695 2182 1878 2236 πίστιν

209 2269 462 2347 ἤρνηται
509 2271 603 2328 καὶ
651 2266 793 2328 ἔστιν
843 2270 1075 2327 ἀπίστου
1118 2270 1339 2346 χείρων.
1377 2294 1404 2321 ››
1458 2271 1553 2326 Καὶ
1604 2270 1729 2345 περὶ
1770 2271 1878 2326 τῶν

206 2367 418 2438 χηρῶν
463 2360 904 2435 διαταττόμενος,
935 2385 963 2412 ι(
1016 2361 1060 2415 εἰ
1111 2359 1592 2436 ἐτεκνοτρόφησαν,
1636 2383 1665 2410 »
1708 2379 1874 2433 προσ-

203 2453 443 2522 τίθησι·
478 2451 570 2507 καὶ
627 2455 748 2513 ταῖς
805 2448 1256 2527 άφηλικεστέραις
1311 2450 1406 2511 τάς
1455 2447 1578 2512 νέας
1612 2450 1877 2525 σωφρονί-

208 2547 330 2610 ζειν
390 2544 701 2617 παρεγγυᾷ,
752 2536 1082 2616 φιλάνδρους
1142 2539 1300 2605 εἶναι,
1347 2535 1735 2615 φιλοτέκνους·
1787 2538 1876 2593 καὶ

208 2628 268 2683 ἐν
317 2628 521 2691 ἄλλοις
570 2634 688 2693 τοῖς
729 2627 964 2705 πατράσι
1025 2626 1241 2706 τρέφειν
1270 2624 1599 2698 ἐπισκήπτει
1628 2627 1695 2682 τὰ
1722 2626 1880 2683 τέκνα

206 2719 266 2774 ἐν
325 2717 551 2790 παιδεία
605 2717 695 2773 καί
752 2716 1004 2788 νουθεσίᾳ
1077 2715 1309 2791 Κυρίου.
1367 2716 1456 2777 Ὠς
1507 2712 1622 2803 ἔστι
1679 2713 1879 2803 δεινὸν,

208 2808 394 2883 θῆρας
450 2807 546 2880 μὲν
592 2807 719 2868 τοὺς
771 2805 1062 2883 σφετέρους
1109 2803 1384 2877 σκύμνους
1430 2801 1645 2880 τρέφειν
1682 2824 1741 2859 τε
1786 2801 1878 2863 καὶ

207 2898 519 2970 περιέπειν,
579 2895 670 2949 καὶ
749 2894 918 2972 μέχρι
998 2893 1226 2948 θανάτου
1299 2892 1507 2947 τούτων
1590 2890 1879 2966 προκινδυ-

210 2986 416 3054 νεύειν,
473 2985 795 3059 ἀνθρώπους
882 2980 940 3038 δὲ
1015 2982 1106 3037 καὶ
1181 2983 1282 3051 τὴν
1353 2985 1463 3036 τῶν
1542 2983 1747 3055 Θηρίων
1826 2982 1879 3038 ἐν

207 3076 400 3149 τούτῳ
457 3073 815 3150 παρελαύνειν
871 3072 1156 3145 ὠμότητα.
1219 3069 1392 3129 Ἀλλὰ
1445 3074 1527 3142 τῷ
1575 3068 1685 3142 ἤδη
1746 3074 1877 3128 ἀπο-

210 3165 533 3240 κειραμένῳ
615 3161 714 3218 οὐκ
796 3162 999 3239 ἐφεῖται
1084 3166 1184 3229 τῆς
1256 3163 1366 3214 τῶν
1436 3160 1639 3214 τὲκνων
1709 3161 1875 3235 χάριν

2002 584 2264 642 alterius.
2293 586 2363 641 Et
2393 584 2665 658 episcopo
2689 585 2922 656 quidem
2973 601 3107 641 cum
3142 583 3303 655 plebe
3343 600 3451 638 sua
3483 599 3637 639 com-

2001 673 2295 731 municare
2342 674 2641 747 permittit,
2702 678 2757 730 et
2806 674 3170 730 solummodo
3214 677 3370 728 vetat
3418 687 3489 727 ne
3535 671 3631 728 alii

1999 778 2131 818 cum
2187 762 2312 833 ipso
2365 780 2483 818 una
2538 761 2972 818 communicent
3030 777 3044 815 :
3104 759 3454 816 monachum
3501 776 3635 814 vero

1996 849 2149 905 clero
2179 854 2281 906 aut
2325 852 2668 924 praefectura
2724 850 2984 906 excidere
3014 848 3156 907 vult.
3191 851 3394 915 Quaere
3437 864 3564 919 cap.
3596 849 3632 902 6

1994 937 2198 994 litteris
2230 941 2294 1001 A,
2327 948 2384 995 et
2415 940 2474 994 in
2508 957 2637 1006 cap.
2680 939 2715 993 9
2754 939 3012 1011 ejusdem
3049 937 3318 993 elementi
3353 950 3636 993 canonem

1992 1028 2063 1083 23
2092 1029 2299 1101 synodi
2333 1033 2576 1101 quartae,
2606 1032 2663 1084 et
2693 1030 2749 1084 in
2785 1045 2909 1099 cap.
2955 1027 3020 1082 19
3066 1028 3268 1082 litterae
3310 1030 3346 1079 Γ
3399 1042 3527 1082 can.
3566 1026 3629 1081 18

1994 1117 2250 1187 septimae
2291 1118 2513 1190 synodi,
2573 1128 2627 1173 et
2680 1135 2805 1189 cap.
2877 1118 2948 1172 29
3007 1116 3047 1171 E
3095 1116 3317 1172 litterae.
3390 1116 3632 1184 Insuper

1990 1204 2121 1262 vide
2158 1223 2286 1279 cap.
2339 1208 2408 1263 33
2466 1215 2522 1263 et
2549 1208 2620 1261 20
2651 1207 2736 1264 lit.
2768 1206 2835 1278 Κ,
2885 1211 2941 1263 et
2974 1206 3032 1261 in
3083 1222 3208 1276 cap.
3267 1205 3337 1260 32
3372 1204 3628 1276 ejusdem

1992 1293 2104 1351 litt.
2138 1313 2266 1353 can.
2296 1298 2325 1351 7
2348 1296 2581 1354 concilii
2612 1297 2820 1369 quarti.

2061 1475 2298 1533 Concilii
2347 1476 2705 1548 Gangrensis
2751 1492 2937 1532 canon
2989 1476 3052 1530 13
3109 1490 3208 1530 eos
3258 1471 3628 1529 anathemate

1991 1565 2273 1637 percellit,
2298 1566 2399 1639 qui
2430 1567 2640 1623 liberos
2687 1582 2824 1622 suos
2874 1565 2977 1636 piae
3008 1561 3433 1620 exercitationis
3481 1577 3626 1632 prm-

1991 1659 2149 1711 textu
2181 1673 2296 1712 non
2328 1664 2551 1724 curant,
2575 1664 2629 1712 et
2656 1655 2714 1710 in
2745 1655 2817 1711 iis
2848 1671 2972 1726 quae
3003 1656 3075 1709 ad
3112 1653 3452 1724 religionem
3493 1649 3628 1704 reli-

1990 1762 2249 1818 quasque
2276 1747 2517 1803 virtutes
2550 1746 2860 1819 pertinent,
2896 1744 3137 1800 minime
3174 1741 3470 1807 erudiunt,
3509 1738 3626 1793 imo

1909 1870 1960 1937 B
1991 1852 2179 1906 neque
2208 1836 2335 1892 vitae
2366 1835 2691 1893 necessaria
2718 1834 2835 1891 illis
2869 1835 3142 1935 praebent,
3175 1831 3344 1903 quasi
3388 1827 3628 1937 mainmji

1990 1924 2234 1981 fecerint
2280 1926 2557 1997 pietatem
2603 1934 2774 1997 atque
2817 1921 3314 1987 exercitationem,
3361 1923 3417 1974 et
3464 1916 3624 1972 haud

1986 2014 2208 2085 possint
2262 2015 2322 2070 in
2365 2016 2576 2072 saeculo
2608 2014 2847 2071 salutem
2919 2011 3214 2084 indipisci.
3294 2008 3445 2064 Dicit
3472 2007 3628 2062 enim

1986 2118 2239 2174 magnus
2287 2104 2550 2161 Paulus:
2615 2128 2637 2153 ι
2692 2105 2754 2162 Si
2810 2103 2939 2175 quis
2998 2117 3255 2168 suorum,
3295 2106 3351 2155 et
3378 2095 3632 2153 maxime

1985 2190 2437 2250 domesticorum
2453 2211 2655 2251 curam
2689 2211 2803 2250 non
2834 2194 3028 2263 habet,
3055 2192 3225 2247 tidem
3247 2190 3357 2245 iste
3374 2184 3625 2259 negavit,

1983 2286 2039 2337 et
2064 2280 2285 2339 infideli
2307 2285 2470 2356 pejor
2506 2289 2612 2341 est.
2647 2307 2676 2334 »
2719 2284 2869 2340 Tum
2901 2283 2973 2339 de
3022 2281 3214 2337 viduis
3263 2276 3623 2352 praecipiens,

1984 2391 2017 2422 cc
2046 2369 2106 2426 Si
2126 2369 2363 2440 liberos,
2410 2374 2632 2446 adjicit,
2679 2374 3101 2438 educaverunt;
3143 2393 3173 2421 »
3206 2373 3619 2437 matronasque

1975 2458 2147 2531 jubet
2168 2461 2430 2532 juniores
2486 2464 2813 2529 instituere,
2858 2463 2930 2518 ad
2975 2460 3218 2517 maritos
3283 2457 3616 2527 liberosque

1983 2565 2121 2605 suos
2194 2550 2543 2622 diligendos;
2605 2560 2776 2624 atque
2833 2551 2973 2608 alibi
3032 2555 3225 2623 patres
3274 2548 3616 2605 adhortatur

1986 2638 2138 2695 ﬁlios
2160 2657 2298 2696 suos
2328 2642 2387 2697 in
2411 2641 2716 2715 disciplina
2746 2646 2803 2698 et
2832 2641 2922 2712 pia
2953 2638 3349 2696 admonitione
3386 2635 3618 2693 Domini

1985 2728 2252 2786 educare.
2303 2731 2490 2797 Quam
2535 2732 2681 2788 mira
2719 2748 2809 2788 res
2866 2735 2958 2788 est
3006 2732 3155 2786 teras
3221 2744 3360 2785 suos
3406 2726 3632 2783 catulos

1986 2817 2160 2889 alere,
2213 2819 2420 2890 fovere,
2480 2830 2536 2878 et
2598 2822 2671 2878 ad
2741 2826 2986 2878 mortem
3048 2835 3233 2892 usque
3290 2817 3632 2883 defendere;

1986 2906 2250 2964 homines
2279 2925 2413 2965 vero
2446 2910 2596 2966 feras
2628 2911 2789 2983 ipsas
2837 2911 2947 2967 hac
2976 2927 3085 2966 sua
3126 2909 3344 2964 feritate
3381 2906 3631 2963 vincere.

1986 2995 2452 3071 Haudquaquam
2482 3003 2677 3057 tamen
2706 3000 2843 3057 inde
2890 3000 3130 3056 detonso
3164 3012 3511 3055 concessum
3542 2998 3632 3051 est

1986 3086 2298 3145 liberorum
2348 3090 2741 3147 curandorum
2798 3106 2978 3147 causa
3026 3087 3391 3144 mansionem
3456 3101 3623 3143 suam

1987 3175 2271 3246 deserere,
2320 3182 2377 3234 et
2429 3195 2563 3234 cum
2630 3178 3010 3236 saecularibus
3070 3176 3431 3244 conversari;
3510 3174 3628 3231 Deo

215 3235 546 3328 ἐπιμελείας
588 3251 687 3321 τήν
755 3235 926 3324 μονήν
997 3248 1107 3320 ξᾷν,
1164 3249 1257 3304 καὶ
1312 3248 1702 3323 ἐπιχωριάζειν
1758 3253 1876 3312 τοῖς

1993 3266 2144 3322 enim
2175 3283 2329 3325 curas
2354 3268 2483 3336 erit,
2517 3269 2613 3340 qui
2649 3276 2809 3340 pater
2828 3272 2914 3325 est
2943 3267 3339 3341 orphanorum
3369 3269 3427 3325 et
3450 3264 3629 3338 judex

218 3344 274 3400 ἑν
320 3348 404 3416 τῷ
444 3343 680 3415 κόσμῳ⁶
727 3339 956 3414 μελήσει
995 3338 1098 3415 γὰρ
1142 3342 1223 3411 τῷ
1262 3341 1400 3410 Θεῷ,
1431 3341 1512 3411 τῷ
1558 3337 1724 3411 πατρὶ
1769 3340 1878 3395 τῶν

219 3438 479 3516 ὀρφανῶν
551 3434 644 3490 καὶ
708 3436 869 3509 κριτῇ
931 3435 1041 3487 τῶν
1107 3435 1326 3507 χηρῶν,
1382 3430 1472 3487 καὶ
1541 3436 1642 3500 τῆς
1696 3431 1876 3487 τούτω

219 3524 510 3601 προνοίας.

291 3624 350 3674 '0
399 3614 458 3672 δὲ
501 3612 568 3669 ιδ’
616 3616 714 3668 τοῦ
760 3610 1094 3684 ἀναθέματος
1141 3609 1301 3681 ἀξίοῖ,
1350 3609 1441 3665 καὶ
1487 3612 1596 3665 τῶν
1636 3606 1871 3681 παίδων,

222 3708 344 3761 ὅσοι
398 3700 667 3781 προφάσει
692 3705 801 3770 τῆς
832 3698 1138 3769 ἀσκήσεως,
1171 3699 1249 3771 μὴ
1297 3696 1387 3752 διὰ
1425 3705 1594 3771 τιμῆς
1624 3697 1751 3759 τοὺς
1801 3698 1879 3753 οἶ-

220 3796 407 3855 κείους
463 3789 698 3867 πατέρας
754 3786 970 3862 ἄγουσι,
1031 3784 1171 3860 μηδὲ
1236 3783 1596 3862 γηροϐοσκεῖν
1658 3789 1879 3861 αἱροῦν-

220 3904 346 3940 ται·
384 3880 517 3937 αλλ’
544 3881 924 3952 ἀπρονοήτους
970 3876 1099 3932 ἐῶσι
1148 3875 1375 3938 πιστούς
1421 3898 1480 3931 τε
1508 3875 1688 3945 ὄντας,
1719 3875 1754 3945 ἢ
1786 3876 1876 3931 καὶ

220 3975 506 4032 ἀπίστους.
577 3966 959 4045 Προτιμητέον
1054 3966 1262 4038 μέντοι,
1340 3966 1490 4042 φησί,
1567 3965 1876 4021 παντάπασι

220 4067 319 4133 τήν
380 4057 678 4127 εὐσέϐειαν,
711 4058 835 4113 ὅταν
902 4058 954 4111 οἱ
1010 4055 1227 4112 ἄπιστοι
1276 4061 1457 4129 γονεῖς
1491 4053 1706 4127 δηλαδή
1740 4057 1875 4130 πρὸς

222 4157 320 4223 τήν
382 4151 591 4206 οἰκείαν
646 4142 962 4203 δυσσέϐειαν
1017 4145 1144 4207 τοὺς
1192 4143 1390 4207 παῖδας
1426 4142 1605 4201 ἕλκειν
1644 4150 1874 4222 πειρῶν-

224 4266 332 4301 ται.
364 4245 425 4298 Ὀ
476 4240 535 4296 δὲ
586 4241 670 4306 ιθ’,
703 4239 771 4294 Εἴ
803 4258 909 4308 τις,
942 4236 1100 4311 φησί,
1148 4240 1256 4292 τῶν
1300 4237 1734 4311 παρθενευὸντων
1781 4234 1874 4307 δῆ-

224 4336 307 4388 θεν
369 4331 465 4386 διά
517 4329 612 4384 τὸν
670 4326 1293 4401 Κύριον·κατεπαίροιτο
1322 4330 1427 4381 τῶν
1455 4325 1876 4400 γεγαμηκότων,

226 4424 470 4495 ἀνάθεμα
499 4417 660 4474 ἔστω.

718 4597 877 4671 Περὶ
932 4600 1392 4669 μοναζουσῶν.

292 4694 355 4750 Ὁ
413 4689 474 4746 δὲ
519 4693 605 4763 με’
665 4695 767 4759 τῆς
825 4688 869 4751 ς’
921 4684 1150 4742 συνόδου
1206 4684 1413 4742 κωλύει
1468 4687 1565 4747 τὰς
1612 4685 1878 4761 κείρεσθαι

230 4782 544 4856 μελλούσας
590 4782 701 4834 τῶν
747 4777 1043 4853 γυναικῶν,
1093 4773 1501 4850 λαμπροτέραις
1568 4775 1878 4848 κοσμουμέ-

226 4894 313 4934 νας
388 4870 645 4939 στολαῖς,
700 4870 785 4941 τῷ
861 4867 1231 4942 θυσιαστηρίῳ
1293 4868 1680 4942 προσάγεσθαι,
1724 4865 1880 4938 κάκεῖ

231 4965 323 5036 μὲν
377 4964 484 5031 τήν
546 4959 816 5039 φλυαρίαν
876 4956 1082 5029 ἐκείνην
1146 4954 1512 5033 περιδύεσθαι,
1572 4952 1880 5011 ἐνδιδύσκε-

230 5056 345 5107 σθαι
379 5050 443 5106 δὲ
469 5050 543 5104 τά
568 5052 679 5104 τῶν
712 5052 969 5123 μοναχῶν
1002 5043 1199 5125 ἅμφια.
1231 5047 1492 5121 Ταραχήν
1532 5045 1634 5122 γάρ
1680 5044 1880 5121 ἐπεγεί-

233 5140 493 5218 ρειτοῦτο
524 5144 594 5207 τῆ
625 5143 807 5214 ψυχῇ,
838 5139 913 5202 ὡς
959 5137 1331 5213 ἆποσπωμένῃ
1379 5141 1485 5192 τῶν
1530 5140 1627 5190 τοῦ
1667 5136 1878 5211 κόσμου

232 5234 426 5303 ἡδέων.

296 5329 352 5377 ‘0
412 5320 472 5377 δὶ
534 5322 623 5394 pr,“
672 5320 768 5381 τὰς
843 5318 936 5373 τὸν
1004 5316 1302 5388 ἂσκητικὸν
1375 5315 1699 5391 αἱρουμὲνας
1759 5314 1877 5391 βίον

234 5412 526 5489 ἁπροΐτους
582 5410 845 5485 βούλεται
903 5409 1077 5481 μένειν
1134 5406 1185 5462 ἐν
1245 5408 1315 5478 τῇ
1356 5410 1515 5479 μονῇ.
1554 5407 1883 5481 ’Δπαραιτή-

235 5524 323 5558 του
354 5500 411 5557 δὲ
441 5500 640 5580 χρείας
668 5496 1119 5571 τατεπειγούσης,
1158 5497 1272 5569 μετ’
1320 5494 1570 5569 εὐλογίας
1617 5495 1706 5550 καὶ
1758 5494 1879 5549 ἐπι-

238 5600 444 5665 τροπῆς
485 5598 589 5659 τῆς
619 5588 975 5664 προεστὼσης
1002 5585 1350 5661 ἐξέρχεσθαιο
1400 5586 1486 5641 καὶ
1534 5584 1657 5640 τότε
1700 5583 1881 5657 μέντοι

241 5683 314 5753 μή
364 5681 558 5755 μόνας,
592 5677 746 5735 ἀλλᾶ
790 5681 1372 5752 συμπαρομαρτουσῶν
1416 5674 1604 5737 αὐταῖς
1651 5692 1883 5749 πρεσου-

1982 3356 2315 3426 viduarum,
2339 3356 2588 3414 istorum
2627 3358 2916 3415 educatio.

2054 3628 2335 3685 Caeterum
2368 3646 2555 3685 canon
2590 3629 2655 3686 14
2685 3629 2943 3700 ejusdem
2976 3628 3183 3697 synodi
3233 3627 3444 3684 liberos
3481 3642 3626 3682 ana-

1982 3715 2240 3773 themate
2265 3718 2584 3788 condignos
2617 3722 2839 3785 censet,
2869 3722 3157 3790 quotquot
3196 3714 3626 3773 exercitationis

1981 3811 2257 3877 praetextu
2294 3812 2563 3878 parentes
2603 3824 2744 3864 suos
2772 3808 2989 3864 honore
3021 3824 3137 3864 non
3168 3809 3626 3878 prosequuntur,

1981 3896 2242 3968 nequein
2266 3902 2561 3953 senectute
2584 3898 2734 3955 alere
2756 3898 2955 3955 volunt
2981 3899 3110 3965 ;sed
3127 3897 3328 3969 inopes
3351 3897 3511 3969 ipsos
3536 3895 3631 3950 de-

1982 3990 2204 4054 serunt,
2224 3986 2345 4041 sint
2376 3986 2573 4043 ﬁdeles
2605 3988 3097 4045 sintveinﬁdeles.
3126 3986 3407 4043 Pietatem
3437 3993 3630 4041 tamen

1982 4091 2120 4147 erga
2133 4076 2309 4131 Deum
2326 4076 2564 4132 omnino
2587 4076 3076 4147 praefereudam,si
3089 4075 3320 4148 quando
3336 4082 3626 4147 parentes,

1981 4164 2248 4222 inﬁdeles
2288 4165 2530 4235 scilicet,
2564 4168 2635 4224 ad
2678 4184 2846 4223 suam
2878 4166 3283 4223 inﬁdelitatem
3314 4166 3465 4223 ﬁlios
3497 4181 3629 4236 per-

1981 4254 2212 4311 trahere
2242 4263 2543 4312 conentur.
2579 4257 2755 4314 Porro
2786 4261 2979 4314 autem
3030 4257 3096 4311 19
3125 4272 3331 4313 canon.
3363 4256 3424 4312 Si
3471 4255 3624 4326 quis,

1982 4344 2084 4412 ait,
2141 4360 2343 4400 eorum
2403 4345 2500 4416 qui
2562 4351 2795 4418 propter
2851 4345 3162 4402 Dominum
3229 4345 3625 4419 virginitatem

1985 4437 2238 4501 servant,
2270 4434 2554 4491 adversus
2605 4435 2948 4506 conjugatos
3002 4451 3123 4492 sese
3178 4432 3435 4504 extollat,
3484 4449 3629 4489 ana-

1990 4522 2189 4577 thema
2220 4525 2367 4578 esto.

2608 4613 2681 4667 De
2708 4613 3063 4669 mantelibus.

2060 4700 2277 4772 Synodi
2301 4701 2536 4773 quidem
2560 4707 2732 4758 sextae
2750 4718 2935 4760 canon
2959 4703 3029 4762 45
3043 4706 3219 4771 vetat,
3247 4718 3320 4758 ne
3335 4700 3632 4766 mulieres,

1989 4793 2300 4859 antequam
2333 4792 2702 4861 tondeantur,
2734 4792 3058 4863 splendidis
3097 4792 3354 4848 vestibus
3412 4800 3626 4847 ornata;

1989 4879 2060 4934 ad
2100 4877 2281 4934 altare
2302 4879 2604 4947 sistantur,
2639 4880 2835 4951 ibique
2855 4880 3251 4953 superﬂuitate
3300 4881 3411 4936 ista
3458 4880 3627 4951 depo—

1987 4968 2101 5024 sita
2130 4967 2474 5024 indumenta
2524 4969 2888 5026 monachalia
2925 4976 3252 5027 assumant.
3303 4970 3421 5025 Hoc
3468 4971 3625 5025 enim

1989 5057 2194 5112 turbas
2234 5057 2292 5111 in
2341 5057 2537 5114 animo
2596 5058 2724 5127 ciet,
2779 5063 3060 5133 tanquam
3117 5077 3152 5116 a
3207 5058 3427 5116 deliciis
3449 5057 3627 5129 hujus

1989 5145 2194 5202 mundi
2229 5162 2377 5219 aegre
2408 5146 2628 5205 avulso.

2064 5327 2199 5383 Dein
2228 5345 2412 5386 canon
2441 5333 2511 5386 46
2541 5332 2785 5388 feminas
2818 5349 2944 5406 quae
2985 5333 3158 5388 vitam
3205 5331 3427 5404 eligunt
3469 5349 3627 5387 asce-

1988 5417 2165 5473 ticam
2181 5417 2238 5473 in
2257 5422 2605 5477 monasterio
2622 5423 2937 5479 mansitare
2953 5422 3141 5494 jubet,
3167 5437 3350 5493 neque
3366 5439 3626 5493 unquam

1990 5502 2124 5559 inde
2153 5506 2328 5562 exire.
2362 5508 2421 5563 Si
2453 5525 2565 5578 qua
2612 5514 2806 5564 tamen
2851 5514 3049 5582 urgeat
3078 5510 3395 5566 necessitas
3444 5509 3632 5566 inevi-

1990 5593 2205 5663 tabilis,
2231 5614 2359 5652 cum
2395 5600 2797 5655 benedictione
2822 5615 2887 5654 ac
2909 5599 3289 5671 permissione
3318 5600 3626 5657 abbatissae

1989 5684 2183 5753 egredi
2222 5703 2234 5741 :
2261 5690 2319 5743 et
2349 5696 2467 5746 tum
2507 5690 2740 5761 quidem
2772 5705 2887 5747 non
2917 5706 3019 5762 per
3048 5707 3110 5749 se
3162 5689 3332 5761 solas,
3364 5693 3466 5751 sed
3496 5707 3629 5749 cum
