4080 6224
336 270 408 328 Si
1608 249 1997 316 ΜΑΤΤΗᾸΞΙ

2130 255 2471 318 ΛΞΤΑΒΙΞ
3654 258 3734 318 52

339 405 505 459 etate
542 395 950 473 grandioribus
997 396 1100 448 aut
1148 388 1454 464 praecipuis
1496 385 2017 458 monialium,qui,

2132 385 2282 457 ίδων,
2312 389 2349 459 ἢ
2405 389 2471 443 τα
2517 394 2709 462 πρῶτα
2752 396 2860 445 τῶν
2910 390 2965 445 ἐν
3009 395 3080 463 τῇ
3130 394 3270 463 μονῇ
3308 394 3609 466 φερουσῶν,
3639 390 3730 444 καὶ

338 492 409 547 de
440 491 585 561 ipsis
604 485 1033 558 respondeant;
1069 480 1317 537 maxime
1344 496 1480 535 vero
1511 478 1560 534 si
1583 478 1772 534 adhuc
1818 482 1988 533 tene-

342 596 419 635 ra
475 578 663 634 astatis
716 574 950 640 fuerint,
1010 572 1112 643 qui
1178 569 1365 625 oculis
1433 568 1685 623 incautis
1742 566 1987 638 laqueus

342 667 581 740 quidem
614 668 701 721 est
730 662 887 718 haud
922 661 1091 715 facile
1123 658 1578 730 praetereundus.
1629 657 1775 712 Nam
1826 656 1987 711 hisce

342 759 460 814 illis
512 764 709 829 praeter
755 753 1022 807 innatam
1080 748 1263 805 animi
1311 747 1544 804 feminei
1596 746 1987 802 lubrieitatem

343 845 596 903 multum
627 843 698 899 ad
725 842 1069 913 pravitatem
1095 837 1320 893 confert
1360 838 1487 906 ipsa
1529 837 1829 906 juventus.
1878 835 1984 888 Sed

343 950 449 992 nec
505 932 797 989 ullatenus
840 934 1003 985 extra
1057 927 1477 983 monasterium
1526 928 1860 997 pernoctare
1905 923 1990 979 eis

2098 477 2354 552 μάλιστα,
2396 480 2441 535 εί
2491 479 2610 534 νέαν
2656 479 2882 556 ἄγουσιν
2931 479 3131 536 ἐκεῖναι
3178 482 3277 548 τήν
3321 478 3569 549 ἡλικίαν,
3609 479 3731 548 ἥτις

2092 568 2184 622 καὶ
2233 568 2567 648 ἀφυλάκτοις
2613 567 2927 644 ὀφθαλμοῖς
2978 570 3146 647 παγίς
3175 569 3314 624 ἐστιν
3348 569 3458 643 οὐχ
3490 563 3733 642 ὑπερϐῆ-

2094 680 2182 713 ναι
2231 657 2389 733 ῥαᾶα
2414 679 2427 691 ⁸
2469 660 2560 713 καὶ
2610 659 2799 719 αὑταῖς
2850 659 3093 729 ταύταις,
3122 660 3257 733 πρὸς
3288 663 3370 730 τῷ
3407 659 3561 735 φύσει
3609 657 3732 713 ὀλι-

2097 751 2282 823 σθηρῷ
2329 753 2426 803 τοῦ
2468 748 2775 822 γυναικείου
2831 751 3209 823 σρονήματος,
3244 750 3383 825 μέγα
3435 744 3599 821 μέρος
3657 748 3734 809 εἰς

2095 839 2284 893 κακίαν
2328 838 2420 892 καὶ
2457 840 2492 905 ἡ
2531 837 2719 907 νεότης
2761 832 3157 909 συμϐἅλλεται.
3187 836 3348 892 Ἀλλ’
3375 836 3502 892 οὐδὲ
3547 838 3740 900 νυκτὸς

2097 924 2199 998 ἔξω
2252 933 2425 1001 μεῖναι
2472 934 2572 994 τῆς
2620 929 2792 999 μονῆς
2830 933 3110 1002 συγχωρεῖ
3152 927 3215 982 τὸ
3258 928 3528 1001 παράπαν.
3567 925 3635 982 Οἳ
3677 946 3741 1001 γε

345 1024 722 1097 permissum.
773 1017 1075 1075 Monacbis
1122 1032 1280 1082 vero,
1330 1020 1573 1087 urgente
1626 1013 1990 1079 necessitate,

344 1130 479 1170 eum
528 1111 934 1168 benedictione
996 1104 1256 1185 praefecti
1332 1104 1506 1161 etiam
1579 1120 1682 1176 per
1734 1121 1798 1159 se
1849 1103 1993 1159 solis

345 1202 543 1275 egredi
574 1200 742 1267 licet;
776 1199 918 1271 quin
958 1197 1078 1252 imo
1113 1195 1409 1250 interdum
1437 1198 1495 1249 et
1522 1198 1683 1249 extra
1731 1194 1991 1249 mansio—

346 1309 480 1350 nem
512 1295 869 1364 pernoctare.
896 1288 1027 1343 Haec
1056 1289 1251 1341 autem
1281 1284 1353 1340 de
1382 1284 1616 1339 feminit
1649 1284 1807 1339 dicta
1851 1287 1995 1355 puta

345 1382 418 1438 ob
448 1384 682 1436 aetatem
716 1383 977 1434 teneram
1008 1371 1320 1445 suspectis,
1352 1388 1467 1427 non
1499 1372 1571 1426 de
1610 1371 1705 1431 iis,
1744 1388 1992 1442 quarum

348 1469 510 1527 nulla
551 1472 641 1524 est
687 1465 775 1525 vel
824 1465 899 1520 ob
943 1466 1170 1519 etatem
1216 1460 1306 1517 vel
1338 1459 1683 1531 probitatem
1715 1461 1990 1531 suspicio.

422 1559 576 1615 192
625 1554 894 1627 Praecipit
949 1556 1144 1609 autem
1222 1550 1455 1607 concilii
1524 1549 1998 1622 Carlhaginensis

348 1665 529 1706 canon
564 1647 635 1702 44
664 1661 862 1702 sacras
890 1641 1147 1714 virgines
1178 1659 1212 1695 a
1242 1640 1583 1711 parentibus
1612 1643 1933 1712 separatas,
1963 1656 1998 1694 a

2102 1018 2213 1090 μὴν
2268 1018 2503 1095 μοναχοί
2556 1018 2744 1092 χρείας
2800 1016 3252 1091 κατεπειγούσης,
3304 1021 3421 1090 μετ’
3478 1015 3738 1089 εὐλογίας

2099 1111 2195 1162 τοῦ
2242 1107 2577 1182 ἡγουμένου,
2604 1108 2693 1161 καὶ
2742 1108 2860 1161 καθ’
2909 1107 3129 1169 ἑαυτοὺς
3178 1109 3423 1181 προῖέναι
3483 1106 3585 1160 οὐκ
3622 1105 3739 1179 εἴρ-

2100 1218 2312 1273 γονται,
2361 1197 2582 1270 προσέτι
2630 1196 2722 1249 καὶ
2765 1202 2868 1265 τῆς
2921 1203 3095 1267 μονῆς
3141 1195 3293 1257 ἐκτὸς
3340 1194 3482 1251 ἔστιν
3521 1196 3583 1249 οὗ
3620 1192 3739 1248 δια-

2099 1291 2464 1360 νυκτερεῦσαι.
2521 1289 2695 1340 Ταῦτα
2750 1283 2807 1340 δὲ
2864 1283 3075 1360 εἴρηται
3140 1287 3264 1359 περὶ
3313 1290 3422 1339 τῶν
3482 1286 3752 1340 ὑπόπτων

2102 1374 2195 1431 διὰ
2246 1376 2345 1444 τήν
2402 1376 2633 1445 νεότητα
2679 1379 2970 1449 γυναικῶν,
3000 1374 3063 1431 οὗ
3115 1376 3223 1448 μὴν
3273 1373 3594 1429 ἀνυπόπτων
3655 1371 3747 1427 διὰ

2103 1472 2281 1543 γῆρας
2313 1466 2399 1519 καὶ
2433 1464 2651 1538 ἀρετήν.

2172 1557 2235 1613 Ὀ
2282 1551 2342 1609 δὲ
2388 1557 2488 1620 τῆς
2526 1551 2579 1608 ἐν
2629 1553 2939 1630 Καρθαγένῃ
2976 1552 3065 1626 μδ¹
3096 1554 3191 1615 τὰς
3237 1554 3383 1627 ἱεράς
3422 1551 3750 1623 ἐπισκήπτει

2102 1645 2423 1719 παρθένους,
2473 1648 2582 1698 τῶν
2638 1644 2883 1718 πατέρων
2963 1642 3364 1718 χωριζομένας,
3417 1643 3505 1719 ὑφ’
3561 1643 3634 1696 ὧν
3693 1641 3752 1696 ἐν

350 1738 566 1811 quibus
609 1732 1056 1808 diligentissime
1106 1730 1510 1795 servabantur,
1557 1730 1834 1801 episcopi,
1882 1728 1993 1790 vel.

2130 1733 2373 1811 ἐσφαλείᾳ
2419 1730 2765 1806 διετηροῦντο
2808 1736 2879 1806 τῇ
2922 1736 3019 1786 τοῦ
3077 1732 3377 1788 ἐπισκόπου
3433 1732 3665 1805 προνοίᾳ
3712 1734 3750 1802 ἢ

2172 1828 2200 1837 -
2401 1819 2432 1837 ρ
2507 1822 2519 1837 .
2682 1824 2695 1837 .
2794 1819 2858 1837 ο..
3028 1820 3054 1837 ν
3225 1822 3240 1837 ,
3318 1822 3331 1837 ,
3567 1828 3589 1837 -

351 1829 452 1885 illo
479 1828 739 1894 absente,
763 1821 1080 1895 presbyteri
1104 1819 1457 1893 providentia
1481 1819 1998 1875 venerabilioribus

351 1916 589 1975 feminis
601 1911 1048 1972 cohabitationis
1061 1909 1250 1982 gratia
1279 1908 1694 1976 commendari,
1707 1912 1806 1963 aut
1825 1912 1999 1964 etiam

348 2006 614 2079 juniores
645 2001 822 2060 simul
854 2000 1116 2056 habitare
1152 2014 1168 2055 :
1209 1998 1354 2054 adeo
1404 2002 1466 2053 ut
1517 1997 1692 2053 simul
1732 1996 2001 2065 viventes,

355 2093 843 2169 seipsasiuvicem
872 2090 1180 2147 observent
1223 2088 1503 2144 continuo
1542 2104 1609 2142 ac
1657 2087 2004 2155 custodiant,

356 2201 544 2257 neque
600 2183 715 2239 huc
771 2180 1031 2251 illucque
1102 2177 1439 2248 devagando
1524 2177 2008 2233 existimationem

358 2292 426 2332 ac
456 2275 827 2331 honestatem
858 2267 1128 2326 Ecclesiae
1159 2266 1390 2321 lazdant.
1410 2265 1829 2322 Verumtamen
1852 2268 2004 2337 apud

362 2380 468 2421 nos
490 2364 615 2434 jam
646 2359 895 2417 exolevit
924 2357 1259 2429 promiscua
1272 2356 1528 2410 virorum
1548 2356 2011 2427 feminarumque

357 2455 659 2526 juniorum
723 2448 1028 2517 habitatio,
1087 2445 1356 2518 quamvis
1405 2445 1596 2501 adhuc
1652 2445 1712 2501 in
1759 2445 2013 2502 Ecclesia

367 2544 575 2601 Latina
605 2543 888 2597 servetur.

436 2632 698 2690 Posthac
744 2644 935 2685 canon
1003 2627 1107 2682 126
1157 2626 1450 2697 episcopo,
1498 2630 1556 2681 et
1597 2626 1834 2697 quidem
1882 2625 2013 2692 soli,

371 2737 589 2780 munus
646 2716 964 2776 committit
1021 2714 1277 2787 virgines
1314 2715 1566 2785 velandi,
1619 2715 1769 2771 baud
1817 2720 2011 2771 tamen

367 2817 471 2869 ant
498 2807 777 2865 253tatis
818 2821 1067 2875 annum,
1108 2803 1215 2859 nisi
1246 2804 1394 2859 forte
1434 2810 1637 2877 urgeat
1676 2806 2012 2863 necessitas.

368 2902 724 2973 Abrogatum
755 2900 951 2952 autem
982 2900 1073 2951 est
1102 2893 1291 2950 isthoc
1313 2893 1468 2949 dicto
1498 2910 1719 2951 canone
1765 2896 1836 2952 40
1872 2912 2018 2951 con-

370 2990 490 3047 cilii
520 2987 827 3057 sexti,quo
876 2983 1211 3041 decernitur
1268 2982 1440 3039 etiam
1488 2983 1689 3040 decem
1726 3002 2015 3042 annorum

371 3092 583 3151 pueros
611 3073 950 3147 puellasque
982 3072 1303 3129 detonderi.

441 3145 816 3222 Anathemati
868 3166 1063 3219 autem
1112 3160 1315 3218 subdit
1372 3160 1604 3218 concilii
1665 3161 2019 3235 Gangreusis
2049 3145 2093 3213 C

373 3271 562 3314 canon
609 3253 677 3308 15
724 3250 999 3307 mulieres
1061 3249 1217 3317 illas,
1276 3265 1401 3322 qua:
1443 3259 1676 3322 propter
1723 3252 2018 3324 pietatem,

376 3358 551 3416 quam
571 3344 802 3414 putant,
822 3355 1051 3395 comam
1068 3339 1622 3410 tondent,quateuus
1640 3341 2021 3412 subjectionis

377 3434 708 3509 symbolum
732 3431 1056 3489 dissolvunt
1079 3448 1094 3499 ;
1127 3432 1616 3503 quemadmodum
1637 3433 1851 3490 alicubi
1881 3435 2025 3491 dicit

376 3523 687 3598 Apostolus
719 3542 735 3581 :
778 3544 803 3575 ι
836 3521 1138 3579 Mulierem
1185 3525 1415 3593 oportet
1437 3527 1781 3594 potestatem
1814 3524 2025 3582 habere

378 3630 558 3687 super
585 3616 779 3686 caput,
811 3611 1045 3683 signum
1072 3608 1294 3667 scilicet
1322 3611 1700 3681 subjectionis
1731 3631 1848 3669 suae
1890 3632 2026 3687 erga

379 3703 594 3771 virum,
617 3719 718 3759 seu
741 3701 950 3758 crines.
975 3721 1004 3749 »
1037 3699 1104 3755 Et
1134 3716 1341 3755 rursus
1369 3717 1389 3753 :
1426 3721 1454 3750 ι(
1476 3700 1534 3756 Si
1584 3701 1815 3758 mulieri
1858 3708 2027 3776 turpe

373 3795 453 3850 sit
490 3792 718 3849 tonderi
750 3792 840 3847 vel
864 3790 1012 3859 radi,
1044 3790 1335 3846 veletur.»
1366 3790 1435 3845 Et
1467 3807 1481 3844 :
1525 3813 1553 3841 α
1588 3791 1821 3863 Mulier,
1856 3795 1904 3848 si
1936 3811 2028 3850 co-

378 3899 536 3939 mam
567 3881 706 3949 alat,
736 3880 922 3952 gloria
961 3878 1076 3951 ipsi
1111 3886 1200 3935 est
1230 3896 1245 3947 ;
1274 3894 1445 3935 coma
1473 3880 1630 3935 enim
1668 3881 1721 3937 ei
1774 3884 1912 3938 data
1940 3888 2028 3938 est

382 3990 493 4046 pro
538 3972 904 4029 velamine.»
961 3969 1081 4025 lmo
1132 3976 1338 4025 natura
1394 3970 1537 4026 adeo
1598 3972 1758 4028 novit
1800 3990 2027 4029 comam

384 4060 733 4119 mulieribus
760 4058 1107 4131 peculiarius
1136 4062 1484 4131 competere,
1511 4066 1578 4117 ut
1615 4078 1915 4134 nunquam
1945 4064 2029 4119 eis

385 4150 679 4208 calvitium
738 4150 903 4205 ferat.
937 4147 1132 4206 Nihilo
1182 4152 1379 4204 tamen
1442 4149 1631 4206 secius
1665 4151 1875 4207 mulier
1903 4169 2032 4224 quae

387 4242 566 4298 vitam
624 4238 1007 4297 monasticam
1055 4240 1250 4311 elegit,
1290 4240 1465 4295 etiam
1514 4240 1745 4298 nolente
1803 4244 2031 4314 marito,

385 4329 752 4387 tondebitur.

674 4438 748 4495 De
776 4435 1060 4495 monachis
1080 4452 1145 4493 ac
1172 4435 1511 4493 monialz'bus
1542 4438 1730 4511 lapsis.

468 4602 665 4660 Canon
750 4599 1097 4671 Gangrensis
1171 4599 1402 4657 concilii
1453 4617 1697 4658 numero
1753 4604 1819 4657 19
1892 4604 2044 4662 viros

394 4690 783 4761 feminasque,
834 4688 933 4761 qui
994 4688 1389 4762 virginitatem
1449 4691 1711 4761 professi,
1774 4695 2044 4764 quamvis

394 4778 712 4840 stolalaica
735 4777 926 4835 adhuc
973 4778 1164 4834 induti
1218 4779 1455 4847 fuerint,
1488 4779 1702 4837 nedum
1752 4781 1905 4838 inter
1946 4782 2045 4839 iu-

396 4871 592 4931 clusos
622 4867 809 4936 relati,
828 4872 928 4923 aut
949 4865 1148 4923 habitu
1182 4869 1502 4924 monastico
1534 4869 1818 4938 amicti,si
1846 4875 2044 4928 votum

400 4958 816 5019 suumirritum
844 4957 1102 5023 fecerint,
1123 4960 1182 5012 et
1200 4957 1271 5013 ad
1295 4958 1532 5028 nuptias
1548 4958 1844 5031 legitimas
1882 4948 2048 5017 delle-

401 5051 613 5115 xsrint,
646 5048 1012 5122 digamorum
1054 5047 1400 5117 definitioni,
1440 5048 1560 5103 sive
1610 5065 1790 5120 pcnna‘:
1833 5047 2046 5120 subjici

404 5139 683 5197 decernit.

478 5228 721 5302 Magnus
772 5227 945 5284 etiam
1009 5224 1259 5282 Basilius
1310 5242 1529 5282 canone
1567 5228 1748 5296 sexto,
1801 5227 2049 5285 Canoni-

406 5334 633 5386 eorum,
691 5316 794 5387 ait,
850 5315 1281 5382 fornicationes,
1338 5330 1543 5387 nempe
1590 5314 1934 5371 clericorum
1992 5322 2050 5372 et

412 5406 828 5465 monachorum
861 5410 918 5461 et
946 5420 1147 5462 earum
1179 5420 1304 5475 quae
1326 5419 1394 5459 ex
1424 5403 1673 5459 femineo
1705 5420 1844 5459 sexu
1885 5418 2048 5459 exet.

409 5495 672 5555 citationi
704 5511 766 5551 se
788 5495 1027 5564 dedunt,
1053 5510 1156 5566 pro
1190 5493 1565 5550 matrimonio
1598 5492 1839 5549 minime
1890 5509 2053 5564 repu-

411 5586 520 5644 tari
550 5586 930 5657 oportet.Non
954 5584 1112 5641 enim
1144 5583 1203 5640 id
1225 5582 1381 5655 apud
1412 5598 1520 5640 nos
1551 5581 1860 5645 obtinebit.
1896 5584 2048 5655 quod

2102 1819 2204 1881 τοῦ
2259 1819 2649 1896 πρεσϐυτέρου,
2680 1819 2974 1895 ἂποδήμου
3025 1820 3177 1885 ὄντος
3222 1822 3451 1891 ἐκείνου,
3496 1828 3616 1885 ταῖς
3663 1844 3753 1877 τι⁶

2112 1917 2408 1990 μιωτέραις
2488 1915 2693 1989 γυναιξὶ
2776 1914 3161 1989 παρατίθεσθαι
3238 1912 3313 1975 εἷς
3397 1913 3709 1983 συνοίκησιν

2110 2009 2146 2078 ἢ
2172 2005 2344 2066 πάσας
2391 2006 2486 2066 τὰς
2531 2003 2792 2077 νεωτέρας
2833 2004 2976 2077 ὁμοῦ
3030 2009 3295 2059 συνοικεῖν
3320 2023 3333 2036 ·
3364 2004 3455 2057 ’ἱνα
3514 2008 3756 2073 συζῶσαι

2112 2093 2379 2164 διηνεκῶς
2418 2089 2597 2170 ἔχοιεν
2628 2090 2882 2163 ἀλλήλας
2913 2094 3040 2167 aps»
3073 2094 3164 2147 καὶ
3204 2091 3499 2168 διατηρεῖν,
3529 2094 3618 2148 καὶ
3675 2095 3760 2165 μὴ

2111 2183 2245 2258 τῇδε
2298 2186 2514 2238 κάκεῖσε
2568 2186 2875 2256 περιιοῦσαι
2947 2186 3047 2252 την
3118 2183 3397 2257 ὑπόληψιν
3459 2180 3766 2257 βλάπτοιεν

2114 2275 2204 2329 καὶ
2248 2274 2544 2345 εὐκοσμίαν
2590 2278 2692 2341 τῆς
2734 2271 3089 2342 Ἐκκλησίας.
3123 2271 3281 2329 Ἀλλ’
3310 2275 3344 2341 ἠ
3400 2278 3509 2327 τῶν
3563 2272 3787 2327 νεωτέ-

2118 2384 2225 2437 ρων
2269 2360 2477 2435 ἀνδρῶν
2524 2383 2582 2417 τε
2636 2362 2727 2416 καὶ
2782 2367 3053 2436 γυναικῶν
3084 2359 3164 2440 ἐφ’
3190 2362 3264 2417 ἑνὶ
3323 2360 3631 2431 συνοίκησις
3673 2360 3763 2417 οἷ’-

2115 2473 2219 2524 κῳ,
2256 2453 2383 2526 παρ’
2425 2453 2561 2522 ⁴ἡμῖν
2605 2452 2702 2523 μὲν
2744 2449 2799 2504 ἐν
2846 2455 2925 2521 τῷ
2964 2449 3101 2513 τέως
3148 2449 3453 2523 ἠμέληται,
3498 2450 3646 2524 παρά
3710 2446 3772 2504 δὲ

2114 2546 2231 2604 τοῖς
2263 2542 2520 2603 Λατίνοις
2560 2540 2725 2596 είσὲτι
2756 2537 3106 2618 φυλάττεται.

2188 2634 2250 2691 '0
2282 2630 2338 2687 δὲ
2370 2633 2481 2707 ρκς¹
2508 2632 2587 2702 τῷ
2627 2630 2906 2703 ἑπισκόπῳ
2950 2630 3041 2684 καὶ
3096 2631 3247 2703 μόνῳ
3290 2629 3385 2692 τὰς
3431 2632 3596 2704 κόρας
3649 2651 3751 2701 με·-

2116 2723 2547 2798 τασχηματίζειν
2620 2719 2930 2791 ἀνατίθησι,
2985 2718 3131 2788 πλὴν
3206 2720 3283 2791 μή
3362 2720 3468 2792 πρὸ
3525 2723 3631 2773 τῶν
3687 2739 3749 2773 κε

2122 2813 2277 2882 έτῶν,
2335 2813 2383 2867 εί
2439 2813 2625 2884 μήπου
2697 2808 2768 2864 δι’
2823 2808 3084 2884 ἀνάγκην.
3141 2813 3309 2864 Τοῦτο
3382 2806 3441 2864 δὲ
3494 2807 3759 2882 ἀνῄρηται

2120 2903 2268 2977 παρᾶ
2332 2904 2430 2957 τοῦ
2504 2898 2795 2974 εἰρημένου
2860 2901 2913 2972 μ’
2960 2900 3183 2960 κανόνος
3245 2905 3346 2968 τῆς
3423 2899 3467 2963 ς’
3512 2895 3758 2966 συνόδου,

2122 2991 2389 3051 δεκαετεῖς
2464 2988 2839 3064 διοριζομένου
2922 2988 3301 3062 ἀποκείρεσθαι
3375 2988 3465 3042 καὶ
3537 2985 3759 3063 ἄρῤενας

2127 3078 2219 3135 καὶ
2248 3077 2493 3149 θηλείας.

2201 3173 2259 3224 '0
2290 3164 2349 3222 δὲ
2408 3166 2470 3221 ιε’
2508 3172 2609 3235 τῆς
2660 3165 2713 3220 ἐν
2762 3166 2972 3239 Γάγγρᾳ
3015 3161 3248 3220 συνόδου
3293 3164 3391 3227 τὰς
3430 3163 3520 3220 διὰ
3545 3171 3772 3240 νομιζο-

2131 3258 2297 3332 μένην
2356 3251 2659 3311 θεοσὲϐειαν
2715 3254 3148 3327 ἀποκειραμένας
3204 3259 3313 3309 τῶν
3340 3257 3608 3327 γυναικῶν
3642 3254 3778 3309 ὑπο-

2130 3346 2327 3406 ϐάλλει
2357 3347 2438 3421 τῷ
2465 3347 2778 3419 ἆναθέματι,
2810 3347 2925 3401 ἀνθ’
2965 3347 3038 3400 ὧν
3068 3343 3410 3419 παραλύουσι
3454 3347 3517 3401 τὸ
3564 3341 3778 3419 σύμϐο-

2132 3443 2227 3495 λον
2259 3445 2358 3507 τῆς
2409 3437 2716 3510 ὑποταγῆς⁶
2751 3435 2826 3499 ὥς
2864 3439 2973 3492 πού
3031 3457 3193 3514 φησιν
3232 3437 3261 3491 ὁ
3292 3435 3658 3505 Ἀπόστολος,
3690 3434 3778 3491 ὅτι

2133 3554 2162 3582 ‹‹
2193 3526 2427 3606 Ὀφείλει
2455 3530 2492 3596 ἡ
2521 3528 2653 3601 γυνὴ
2686 3525 2923 3599 ἐξουσίαν
2964 3521 3111 3601 ἔχειν
3151 3524 3239 3580 ἐπὶ
3281 3532 3382 3595 τῆς
3412 3525 3684 3605 κεφαλῆς,
3714 3527 3779 3581 τὸ

2133 3624 2361 3692 σημεῖον
2392 3614 2610 3687 δηλαδή
2649 3622 2749 3684 τῆς
2790 3616 2927 3689 πρὸς
2965 3615 3056 3670 τὸν
3105 3612 3269 3691 ἄνδρα
3317 3616 3617 3688 ὑποταγῆς,
3650 3613 3778 3684 ἤτοι

2132 3710 2225 3770 τας
2256 3709 2479 3782 τρίχας·
2506 3732 2528 3760 ι
2564 3705 2655 3760 καὶ
2685 3703 2839 3767 αὖθις
2860 3724 2874 3736 ο
2912 3728 2938 3758 α
2972 3703 3035 3760 Et
3065 3704 3295 3779 αἰσχρὸν
3334 3705 3549 3779 γυναικὶ
3574 3706 3638 3759 τὸ
3667 3704 3781 3759 κεί-

2137 3797 2325 3871 ρασθαι
2382 3796 2417 3863 ἢ
2475 3795 2752 3865 ξυρᾶσθαι,
2799 3791 3194 3848 καλυπτέσθω⁶
3238 3794 3367 3848 καί·
3423 3815 3450 3846 α
3498 3794 3636 3861 Γυνὴ
3689 3792 3780 3847 έάν

2133 3892 2302 3959 κομᾷ,
2352 3884 2479 3955 δόξα
2529 3884 2664 3959 αὐτῇ
2717 3884 2882 3954 ἐστιν,
2934 3883 3021 3941 ὅτι
3078 3887 3113 3953 ἡ
3170 3885 3320 3957 κόμη
3380 3884 3495 3940 ἀντὶ
3555 3879 3785 3958 περιϐο-

2136 3976 2295 4032 λαίου
2353 3972 2569 4030 δέδοται
2644 3972 2802 4048 αὐτῇ.
2868 3997 2895 4024 »ι
2955 3973 3052 4029 Καὶ
3101 3976 3135 4041 ἡ
3196 3979 3355 4047 φύσις
3416 3974 3519 4047 γὰρ
3576 3973 3783 4027 οἰκεῖον

2138 4064 2312 4122 εἰδυῖα
2362 4066 2463 4133 τὴν
2533 4065 2717 4137 κόμην
2786 4070 2905 4125 ταῖς
2963 4064 3224 4137 γυναιξῗν,
3282 4060 3407 4118 οὐδὲ
3480 4062 3789 4140 φαλάκρω-

2142 4175 2218 4227 μα
2269 4154 2488 4214 ταύταις
2554 4150 2861 4227 ἐργάζεται.
2923 4155 2985 4206 Ἥ
3056 4152 3241 4224 μέντοι
3302 4148 3594 4223 μοναδικήν
3655 4148 3788 4205 ελο-

2145 4242 2277 4317 μένη
2336 4240 2639 4309 πολιτείαν,
2692 4240 2785 4295 καὶ
2849 4239 3074 4303 ἄκοντος
3147 4244 3245 4295 τοῦ
3317 4236 3529 4313 ἀνδρὸς,
3577 4240 3790 4294 ἀποκα-

2143 4335 2386 4408 ρήσεται.

2228 4437 2384 4512 Περὶ
2426 4441 2737 4512 μοναχῶν
2779 4434 3068 4512 ἀῤῥένων
3109 4435 3217 4491 καὶ
3256 4434 3547 4505 θηλειῶν
3590 4434 3697 4490 ἐκ-

2759 4511 3163 4564 πιπτόντων.

2220 4602 2280 4655 Ὃ
2336 4595 2394 4653 δὲ
2445 4598 2510 4652 ιθ’
2536 4604 2637 4668 τῆς
2684 4596 2736 4652 ἐν
2765 4596 3004 4673 ’Δγκόρᾳ
3051 4594 3279 4652 συνόδου
3324 4596 3452 4659 τοὺς
3499 4596 3793 4673 παρθενίαν

2146 4687 2644 4765 ἐπαγγειλαμένους
2726 4683 2924 4761 ἄνδρας
3001 4707 3059 4741 τε
3113 4687 3202 4741 καὶ
3258 4692 3542 4762 γυναῖκας,
3592 4685 3795 4756 λαϊκήν

2148 4778 2470 4853 ἀμπεχόνην
2529 4772 2607 4832 ἔτι
2672 4777 3105 4852 περικειμένους,
3144 4778 3221 4850 μὴ
3278 4778 3462 4849 μέντοι
3520 4777 3790 4849 ἀποταξα-

2155 4867 2342 4940 μένους
2402 4865 2490 4920 καὶ
2552 4866 2853 4940 μοναχικὸν
2914 4864 3361 4940 ἐπανῃρημένους
3408 4863 3628 4939 ἔνδυμα,
3658 4866 3796 4921 τού-

2149 4978 2297 5027 τους,
2335 4957 2433 5024 τήν
2489 4954 2813 5031 ἐπαγγελίαν
2860 4956 3223 5027 ήθετηκότας,
3273 4956 3362 5009 καὶ
3417 4955 3554 5030 πρὸς
3613 4956 3793 5030 γάμον

2153 5042 2498 5107 ἒκκλίναντας
2526 5044 2785 5117 νόμιμον,
2816 5049 2898 5117 τῷ
2925 5050 3035 5099 τῶν
3077 5041 3326 5122 διγάμων
3374 5046 3488 5119 ὅρῳ
3534 5044 3623 5099 καὶ
3672 5042 3792 5098 im-

2152 5133 2324 5206 τιμίῳ
2355 5127 2759 5188 ὑποϐάλλεσθαι
2792 5131 3109 5207 διορίζεται.

2224 5225 2278 5278 Ὀ
2318 5220 2375 5277 δὲ
2435 5222 2597 5298 μέγας
2656 5221 2960 5294 Βασίλειος,
2989 5222 3041 5279 ἐν
3097 5227 3175 5295 τῷ
3221 5229 3265 5287 ς’
3294 5223 3498 5290 κανόνι,
3527 5225 3632 5284 Τὰς
3682 5227 3792 5278 τῶν

2154 5315 2444 5367 κανονικῶν
2521 5312 2795 5385 πορνείας,
2862 5310 3020 5387 φησὶ,
3086 5310 3369 5387 κληρικῶν
3431 5308 3647 5381 δηλαδὴ
3702 5310 3794 5365 καὶ

2159 5406 2439 5476 μοναχῶν,
2468 5402 2557 5456 καὶ
2612 5406 2719 5457 τῶν
2779 5402 3121 5475 ἀσκουμένων
3180 5408 3278 5458 τοῦ
3334 5402 3533 5473 θήλεος
3590 5401 3792 5474 γένους,

2154 5490 2228 5552 εἷς
2277 5490 2451 5565 γάμον
2502 5489 2563 5545 οὐ
2611 5492 2722 5565 χρὴ
2771 5491 3243 5566 καταλογίζεσθαι.
3276 5492 3351 5547 Οὐ
3381 5491 3483 5566 γὰρ
3514 5489 3649 5545 κατὰ
3702 5491 3795 5545 τὸν

2152 5576 2380 5658 λέγοντα
2437 5581 2723 5639 πυλιτικὸν
2772 5582 2861 5640 καὶ
2911 5582 2992 5660 ἐφ’
3022 5584 3187 5659 ἢμῖνλ
3208 5582 3353 5639 ἔσται
3393 5585 3588 5657 νόμον,
3620 5582 3703 5636 δτι
3763 5582 3793 5635 ὁ
