4080 6224
259 391 318 453 53
1231 386 1663 450 SYNTAGMA
1708 391 1870 451 ALP.

1986 390 2344 455 BETIGUM.
2393 425 2469 435 —
2512 392 2591 451 Μ.
3537 391 3615 454 54

260 529 373 601 πρὸς
398 524 671 598 ἐλευτέραν
722 522 1004 591 εἰσελθὼν,
1050 523 1128 596 μὴ
1176 522 1556 595 ποιησαμένην
1604 523 1773 597 πόρον
1806 522 1865 578 ἐκ

1986 526 2034 581 in
2060 526 2194 596 jure
2222 524 2377 582 civili
2406 525 2688 581 habetur:
2721 526 2828 592 Qui
2871 528 2945 583 ad
2984 525 3224 584 liberam
3272 527 3617 600 ingreditur,

258 623 337 674 τοῦ
368 614 494 672 ἰδίου
523 617 805 688 σώματος,
838 615 903 670 οὐ
934 612 1248 683 παλλακήν,
1280 610 1428 668 ἀλλά
1454 614 1693 686 γαμετὴν
1717 608 1866 687 ἔχειν

261 706 398 764 δοκεῖ.
431 704 605 764 Ἀλλά
651 704 812 762 παντὶ
838 705 1030 780 τρόπῳ
1078 702 1307 775 διασπᾷν
1360 700 1533 758 αὒτῶν
1578 703 1679 773 τὴν
1707 704 1866 759 συνά-

264 818 404 873 οειαν,
463 795 509 851 εἰ
574 796 664 851 καὶ
744 795 1022 870 αἱροῦνται
1099 799 1201 863 τῆς
1272 789 1476 862 ἡδονῆς
1549 791 1865 860 ἀπολαύειν,

267 883 416 954 ἐπειδή
462 904 524 958 γε
578 887 681 953 τῆς
740 889 912 957 τιμῆς
966 881 1367 938 ἐκπεπτώκασι.
1411 885 1581 936 Τοῦτο
1626 882 1728 957 γὰρ
1775 880 1867 935 καὶ

270 978 324 1048 τῇ
370 972 652 1046 Ἐκκλησία
709 972 1018 1045 λυσιτελὲς,
1076 969 1531 1046 ἀνακοπτομένων
1595 971 1686 1027 καὶ
1756 974 1865 1025 τῶν

271 1064 429 1118 λοιπῶν
481 1064 559 1136 μὴ
616 1066 846 1118 τοιαῦτα
922 1059 1157 1134 τολμᾷν,
1217 1062 1304 1115 καὶ
1381 1064 1499 1122 τοῖς
1575 1060 1870 1133 αἱρετικοῖς

269 1155 354 1207 καθ’
388 1155 538 1223 ἡμῶν
580 1152 646 1207 οὗ
698 1149 861 1207 δώσει
911 1145 1107 1221 λαϐὴν,
1140 1150 1215 1213 ὡς
1266 1147 1355 1204 διὰ
1400 1150 1499 1218 τήν
1545 1152 1642 1204 τοῦ
1685 1149 1867 1222 ἁμαρ-

265 1244 397 1296 τάνειν
464 1239 650 1298 ἄδειαν
730 1240 1129 1314 ἐπισπωμένων
1211 1239 1349 1311 πρὸς
1434 1238 1656 1301 ἑαυτοὺς
1737 1238 1865 1299 τοὺς

257 1331 295 1401 ἐξ
355 1331 525 1404 ἑτέρας
611 1332 925 1406 θρησκείας,
1007 1329 1264 1407 ἐφιέντων
1347 1328 1531 1391 αὐτοῖς
1616 1327 1864 1402 ἐμμένειν

251 1425 303 1493 τῇ
351 1423 600 1495 ἁμαρτίᾳ,
659 1420 755 1477 καὶ
804 1422 930 1483 τοὺς
996 1421 1268 1494 ἀθέσμους
1326 1419 1539 1495 γάμους
1618 1419 1694 1492 μὴ
1751 1439 1865 1473 κω-

250 1509 477 1565 λυόντων.

306 1601 378 1653 Έν
428 1596 484 1653 δὲ
534 1603 621 1671 τῷ
677 1601 770 1669 ιη’,
832 1598 897 1655 Εἴ
951 1597 1041 1654 καὶ
1102 1600 1154 1653 οἱ
1212 1598 1263 1653 ἐν
1323 1596 1556 1673 Ἀγκῦρᾳ
1611 1595 1864 1672 Πατέρες,

243 1688 375 1760 ςησί,
442 1687 536 1750 τάς
612 1689 1027 1751 ἐκπεπτωκυίας
1101 1688 1235 1762 μετά
1310 1688 1373 1743 τὸ
1444 1685 1867 1763 ἐπαγγείλασθαι

241 1777 572 1849 παρθενεύειν,
602 1779 744 1833 κατά
783 1778 918 1839 τοὺς
968 1774 1234 1854 διγάμους
1282 1775 1635 1850 ἐπιτιμᾶσθτι
1678 1774 1868 1849 κεκρί-

1976 631 2104 685 quas
2134 613 2389 685 corporis
2420 615 2513 670 sui
2543 618 2831 686 quaestum
2873 632 2985 672 non
3029 616 3185 685 fecit,
3217 617 3365 673 haud
3396 634 3617 674 concu-

1975 703 2174 759 binam
2222 703 2348 771 iste,
2401 705 2501 759 sed
2554 720 2790 760 uxorem
2848 705 3061 762 habere
3107 707 3355 763 videtur.
3407 708 3616 763 Verum

1974 793 2311 848 omnimodo
2334 793 2525 865 potius
2548 794 2819 850 dirimere
2839 794 3099 866 ipsorum
3123 796 3615 867 conjunctionem,

1976 882 2204 939 etiamsi
2227 882 2410 939 velint
2429 883 2724 954 voluptate
2752 882 2866 939 ista
2909 884 3041 956 frui,
3088 885 3362 956 quoniam
3413 884 3618 941 honori

1975 988 2084 1027 suo
2131 972 2485 1029 exciderunt.
2537 972 2669 1044 jHoc
2715 973 2871 1029 enim
2913 974 3181 1029 Ecclesiae
3233 974 3372 1030 utile
3418 974 3614 1041 fuerit,

1974 1061 2116 1117 dum
2163 1061 2350 1117 czsteri
2390 1078 2463 1117 ne
2509 1061 2644 1117 talia
2687 1063 2959 1129 audeant,
3014 1063 3120 1119 hoc
3168 1069 3336 1134 pacto
3384 1063 3616 1119 inhibe-

1976 1154 2173 1216 nntur,
2205 1166 2391 1221 neque
2409 1150 2644 1206 dabitur
2674 1150 2956 1207 baareticis
2980 1153 3291 1225 adversum
3322 1168 3429 1208 nos
3450 1169 3615 1219 ausa,

1976 1240 2144 1311 quasi
2174 1256 2277 1311 per
2306 1240 2602 1296 licentiam
2635 1241 2912 1312 peccandi
2944 1242 3178 1297 alterius
3222 1247 3387 1298 sectas
3417 1241 3616 1299 homi-

1976 1344 2080 1383 nes
2122 1329 2193 1383 ad
2243 1333 2472 1385 nosmet
2513 1330 2895 1398 traheremus,
2948 1332 3329 1402 permittendo
3380 1330 3614 1404 quidem

1974 1416 2129 1488 ipsos
2157 1418 2216 1474 in
2238 1417 2463 1475 delictis
2494 1436 2879 1492 perseverare,
2931 1425 2988 1477 et
3033 1420 3328 1493 legitimas
3380 1423 3617 1494 nuptias

1975 1507 2218 1565 minime
2242 1508 2618 1581 prohibendo.

2048 1598 2293 1668 Insuper
2350 1598 2409 1653 in
2477 1616 2696 1656 canone
2758 1600 2844 1670 18,
2903 1600 3171 1666 Quamvis
3235 1601 3449 1668 Patres,
3516 1602 3615 1665 ait,

1973 1686 2261 1758 Ancyraui
2290 1686 2544 1759 virgines
2566 1693 2693 1759 post
2713 1693 2912 1745 votum
2943 1689 3229 1746 castitatis
3259 1690 3454 1762 lapsas
3486 1706 3620 1746 cum

1976 1775 2229 1846 digamis
2252 1776 2423 1847 juxta
2453 1777 2782 1849 puniendas
2814 1779 3204 1847 decreverint;
3246 1781 3382 1852 quia
3427 1784 3623 1837 tamen

236 1886 391 1936 κασιν,
440 1866 569 1922 ἀλλ’
628 1866 749 1923 ἐπεί
804 1866 891 1923 τοί
946 1888 1007 1941 γε
1059 1868 1129 1922 τὰ
1172 1873 1273 1936 τῆς
1317 1865 1675 1937 Ἐκκλησίας,
1733 1867 1868 1921 Θεοῦ

1986 1864 2076 1921 Dei
2107 1864 2291 1935 gratia
2313 1866 2436 1936 jam
2473 1867 2652 1923 crevit
2685 1867 2957 1937 Ecclesia,
3006 1868 3182 1925 hasce
3226 1868 3623 1926 adulterarum

235 1957 420 2029 χάριτι,
466 1953 820 2027 ἐπιδέδωκεν,
869 1959 959 2012 οἷα
1011 1954 1349 2031 μοιχαλίδας
1405 1952 1615 2011 δίκαιον
1670 1954 1871 2016 ταύτας

238 2044 561 2116 κολάζεσθαι,
589 2045 656 2101 ἐκ
696 2042 971 2120 διαφόρων
1021 2044 1486 2121 ἐπιχειρημάτων
1531 2044 1621 2099 τὸν
1672 2042 1873 2104 οἰκεῖον

236 2136 628 2205 κατασκευάζων
673 2135 868 2213 λόγον.
921 2136 1163 2199 Ἐκείνας
1221 2133 1287 2191 δέ
1340 2156 1541 2215 φαμεν,
1582 2136 1660 2202 αἳ,
1690 2136 1784 2190 τὸν
1837 2156 1884 2199 ις

236 2224 265 2293 ἣ
303 2230 362 2294 ιζ’
389 2228 585 2301 χρόνον
615 2222 966 2298 ἀμείϐουσαι,
998 2227 1100 2297 τὴν
1148 2225 1385 2303 ἀγαμίαν
1415 2224 1673 2287 ἑκουσίως
1719 2226 1871 2298 ὡμο·

230 2312 492 2389 λογήκασι,
553 2315 748 2372 πολλά
798 2318 1010 2391 χαίρειν
1129 2315 1377 2370 εἷποῦσαι
1430 2316 1508 2387 τῷ
1566 2316 1730 2391 γάμῳ
1762 2332 1775 2345 ·
1852 2335 1880 2369 ο

234 2404 326 2473 μὴν
356 2403 414 2465 ἃς
448 2404 823 2481 προσάγουσιν
855 2407 908 2460 οἱ
955 2412 1157 2482 γονεῖς,
1187 2405 1223 2475 ἢ
1255 2406 1342 2459 καὶ
1390 2405 1441 2459 οἳ
1488 2401 1678 2467 ἄλλως
1708 2424 1873 2479 προσ.

232 2492 454 2562 ﬁxo-rrec,
511 2492 780 2566 βιωτικόν
833 2515 885 2549 τι
940 2492 1178 2549 ἐντεῦθεν
1244 2488 1422 2572 σφίσιν
1482 2491 1669 2556 αὐτοῖς
1726 2490 1873 2547 διοι-

230 2579 484 2653 κοῦμενοι,
544 2583 628 2656 μὴ
689 2584 1046 2658 εὐποροῦντες
1105 2581 1275 2657 τυχὸν
1334 2583 1437 2651 τὴν
1500 2582 1631 2658 ὑπὲρ
1691 2579 1868 2637 αὑτῶν

230 2670 454 2724 ἁποτίσαι
504 2676 737 2748 προῖκα.
792 2671 997 2734 Ταύτας
1068 2669 1136 2741 δὴ
1208 2674 1304 2733 τάς
1379 2672 1456 2745 μὴ
1534 2671 1869 2747 ὁρμηθείσας

228 2758 431 2830 οἴκοθεν,
481 2760 543 2814 οὐ
600 2758 687 2816 δεῖ
742 2758 942 2835 ῥᾳδίως
990 2757 1408 2836 προσδέχεσθαι,
1454 2757 1558 2824 ἕως
1604 2759 1665 2815 ἃν
1712 2780 1863 2838 φανε-

231 2853 323 2921 ρῶς
352 2851 447 2918 τήν
478 2847 626 2904 ἰδίαν
654 2851 835 2905 αὐτῶν
868 2848 1249 2924 ἐρευνήσωμεν
1279 2851 1530 2925 γνώμην.
1585 2848 1745 2907 Ἀλλ’
1775 2850 1867 2923 ἐπὶ

226 2942 321 2992 τῶν
379 2944 737 3009 μοναζουσῶν
787 2937 877 2994 καὶ
937 2937 1283 3011 ἀσκουμένων
1338 2944 1500 2993 τοῦτο
1561 2938 1658 2994 οὐκ
1708 2939 1865 2996 εἷ’ωθε

228 3024 447 3099 γίνεσθαι
480 3044 496 3058 ·
529 3025 635 3081 κᾶν
661 3026 766 3101 γὰρ
798 3025 850 3081 ἐν
904 3025 1091 3095 ἥττονι
1120 3030 1221 3092 τῆς
1265 3026 1571 3101 ὁρισθείσης
1617 3030 1697 3099 τῷ
1727 3026 1868 3103 ἁγίῳ

226 3114 512 3190 καὶάπαλῇ
563 3117 705 3170 πάνυ
733 3119 804 3190 τῇ
855 3115 1048 3186 ἡλικίᾳ
1086 3116 1186 3185 τήν
1234 3116 1506 3187 κοσμικὴν
1557 3115 1865 3174 ἀπόθωνται

226 3205 394 3279 τρίχα,
438 3201 639 3279 βεϐαία
686 3202 832 3261 ἔσται
880 3204 970 3261 καὶ
1020 3203 1099 3270 εἰς
1136 3205 1199 3259 τὸ
1248 3205 1368 3276 ἑξῆς
1415 3203 1593 3261 αὐτῶν
1638 3207 1673 3275 ἡ
1719 3206 1859 3279 ὁμο-

228 3290 396 3368 λογία.

289 3471 457 3531 Ἐνδέ
502 3479 590 3547 τῷ
641 3475 729 3547 ιϐ’,
781 3471 1021 3548 Ἀνδρῶν
1071 3472 1149 3544 δὲ,
1184 3473 1371 3552 φησὶν,
1423 3472 1729 3550 ὁμολογίαν
1772 3474 1871 3534 οὐκ

228 3563 463 3639 ἔγνωμεν,
492 3565 650 3635 πλὴν
700 3565 746 3620 εἰ
784 3567 859 3639 μή
891 3586 1035 3627 τινες
1089 3566 1318 3627 ἑαυτοὺς
1367 3569 1447 3636 τῷ
1475 3563 1710 3639 τᾶγματι
1758 3570 1868 3628 τῶν

232 3654 554 3725 μοναζὸντων
613 3653 1120 3730 ἐγκατηρίθμησαν,
1173 3653 1374 3717 οἵτινες
1426 3654 1563 3709 κατά
1619 3655 1681 3709 τὸ
1741 3676 1874 3710 σιω-

229 3747 457 3818 πώμενον
504 3743 731 3800 δοκοῦσι
781 3747 883 3814 τήν
936 3744 1175 3823 ἀγαμίαν
1224 3742 1653 3823 παραδέχεσθαι.
1696 3744 1874 3802 Ἀλλᾶ

231 3834 307 3887 καὶ
357 3834 592 3895 τούτους
647 3832 950 3909 ἐρωτᾶσθαι
1007 3841 1275 3908 προσῆκε,
1325 3836 1415 3889 καί
1474 3838 1720 3911 φανερῶς
1770 3836 1870 3905 τήν

233 3922 444 3993 ἀγαμίαν
490 3920 818 3995 ὁμολογεῖν,
860 3919 973 3988 ἵνα,
1025 3921 1116 3976 ἐάν
1168 3921 1471 3996 ψεύσωνται
1520 3924 1619 3992 τήν
1674 3924 1876 3995 ὁμολο-

233 4012 353 4084 γίαν,
380 4013 453 4072 ὡς
500 4010 855 4086 πορνεύοντες
903 4011 1327 4084 ἐπιτιμηθῶσιν,
1363 4012 1536 4067 Ἀλλά
1584 4034 1647 4088 γε
1691 4011 1781 4068 καί
1822 4016 1872 4069 οἱ

238 4102 303 4169 μὴ
333 4103 651 4171 ποιήσαντες
696 4102 939 4177 μοναχοὶ
984 4101 1244 4173 τοιαύτην
1295 4101 1627 4178 ὁμολογίαν.
1675 4102 1873 4177 ῥακεν-

237 4186 372 4242 θύται
422 4190 591 4261 μόνον
639 4193 944 4264 γεγονότες,
994 4192 1466 4269 μεταμφιάσασθαι
1517 4191 1604 4246 καὶ
1655 4192 1734 4254 εἰς
1774 4193 1875 4268 γά-

241 4300 327 4349 μον
355 4279 527 4335 ἐλθεῖν
554 4279 618 4334 οὐ
647 4276 909 4338 δύνανται.

298 4371 382 4425 Ἐν
435 4366 494 4423 δὲ
549 4373 630 4440 τῷ
683 4370 730 4437 ξ’
783 4370 887 4438 τὴν
942 4370 1229 4444 παρθενίαν
1290 4370 1735 4444 ὁμολογήσασαν,
1782 4375 1871 4428 καὶ

242 4456 557 4528 ἁθετήσασαν
616 4459 722 4527 τήν
778 4457 1140 4536 ἐπαγγελίαν,
1195 4461 1287 4515 τὸν
1347 4461 1549 4535 χρόνον
1614 4465 1712 4515 τοῦ
1786 4460 1877 4525 ἐπὶ

242 4553 327 4614 τῆς
382 4548 638 4623 μοιχείας
702 4549 1098 4621 ἁμαρτήματος
1173 4548 1483 4621 ἐκπληροῦν
1559 4551 1721 4619 ἀξιοῖ,
1780 4547 1873 4622 ἔτη

1989 1954 2176 2026 poenis
2226 1955 2436 2027 subjici
2492 1973 2726 2029 aequum
2787 1957 2981 2029 ibique
3046 1958 3220 2014 variis
3267 1958 3627 2029 argumentis

1988 2042 2138 2099 banc
2159 2045 2502 2101 sententiam
2532 2062 2699 2101 suam
2730 2047 3055 2103 confirmat.
3090 2047 3200 2105 Eas
3230 2051 3425 2104 autem
3466 2046 3631 2103 intol-

1984 2127 2246 2200 ligimus,
2275 2146 2406 2203 quas
2445 2146 2578 2186 cum
2611 2132 2899 2187 decimum
2924 2137 3149 2189 sextum
3180 2137 3281 2189 aut
3310 2132 3628 2206 septimum

1985 2219 2177 2275 aetatis
2218 2235 2439 2276 annum
2490 2225 2927 2295 transegerunt,
2971 2222 3343 2279 matrimonio
3388 2240 3627 2295 prorsus

1983 2307 2385 2366 renuntiantes
2412 2314 2617 2383 sponte
2647 2327 2749 2366 sua
2776 2310 3102 2367 castitatem
3145 2312 3417 2384 professis
3447 2316 3620 2368 sunt:

1983 2413 2099 2452 non
2145 2414 2279 2455 vero
2320 2399 2486 2469 istas,
2537 2416 2686 2472 quas
2737 2403 3004 2472 parentes
3066 2399 3155 2456 vel
3212 2400 3419 2457 affines
3480 2418 3627 2458 one-

1979 2493 2138 2555 runt,
2160 2488 2434 2545 saeculare
2463 2489 2760 2561 quidpiam
2792 2488 2998 2545 exinde
3026 2490 3265 2546 sibimet
3302 2507 3619 2563 procuran-

1981 2580 2095 2643 tcs,
2126 2595 2259 2634 cum
2293 2580 2402 2650 ipsi
2437 2580 2584 2636 forte
2617 2597 2731 2637 non
2762 2579 3012 2637 habeant
3041 2582 3195 2639 198
3227 2582 3381 2637 unde
3411 2598 3514 2655 pro
3550 2584 3622 2640 iis

1981 2667 2278 2723 elocandis
2333 2669 2525 2725 dotem
2596 2671 2951 2742 persolvant.
3020 2670 3203 2727 Hasce
3255 2671 3451 2743 igitur,
3496 2688 3624 2744 quin

1980 2758 2139 2811 motu
2171 2757 2401 2829 proprio
2434 2773 2549 2814 non
2595 2758 2883 2827 feruntur,
2915 2758 3079 2814 facile
3118 2758 3423 2817 admittere
3468 2760 3622 2817 haud

1979 2843 2162 2905 decet,
2196 2846 2379 2901 donec
2409 2852 2606 2918 aperte
2640 2847 2930 2919 pr0priam
2977 2848 3238 2919 ipsarum
3268 2850 3621 2906 sententiam

1978 2935 2322 3003 perscrutati
2352 2935 2655 2992 fuerimus.
2687 2937 2765 2992 De
2798 2936 3149 2993 monialibus
3189 2940 3385 2994 tamen
3421 2942 3479 2994 et
3506 2939 3621 2994 vir-

1977 3022 2232 3097 ginibus,
2263 3041 2387 3096 quae
2416 3024 2727 3083 asceticam
2779 3026 2957 3084 vitam
3005 3027 3370 3098 profitentur,
3403 3027 3462 3084 id
3504 3044 3619 3085 non

1977 3113 2216 3169 obtinet.
2271 3116 2541 3182 Quamvis
2587 3116 2744 3171 enim
2792 3116 2852 3172 in
2914 3115 3128 3173 minori
3184 3117 3376 3174 adhuc
3445 3134 3618 3189 quam

1936 3252 1951 3259 -
1977 3207 2215 3259 sanctus
2232 3202 2329 3259 ille
2368 3204 2458 3260 vir
2492 3204 2837 3273 definivit,et
2855 3207 3168 3263 admodum
3202 3205 3415 3264 tenella
3454 3210 3619 3263 astate

1887 3272 1937 3339 (ἶ
1968 3290 2189 3347 crinem
2220 3293 2555 3350 saacularem
2587 3294 2978 3367 deposuerint,
3014 3295 3075 3352 in
3107 3299 3407 3368 posterum
3435 3312 3620 3369 usque

1979 3378 2147 3435 firma
2169 3380 2280 3436 erit
2306 3382 2567 3453 ipsarum
2599 3382 2898 3456 professio.

2051 3468 2281 3526 Canone
2320 3475 2513 3527 autem
2555 3472 2641 3540 19,
2701 3472 2987 3541 Virorum,
3045 3472 3257 3546 inquit,
3298 3473 3617 3547 professio-

1979 3572 2112 3613 nem
2170 3574 2286 3614 non
2344 3560 2634 3629 novimus,
2685 3561 2799 3618 nisi
2857 3570 3144 3634 quatenus
3198 3564 3619 3620 monachorum

1980 3645 2169 3703 ordini
2191 3652 2375 3704 semet
2396 3654 2808 3719 annumerant,
2825 3652 2921 3724 qui
2945 3651 3183 3722 quidem
3203 3653 3377 3708 tacite
3421 3653 3621 3709 viden-

1981 3745 2073 3793 tur
2118 3739 2447 3795 ccelibatum
2513 3740 2822 3811 suscipere.
2884 3743 2994 3796 Sed
3064 3746 3260 3798 tamen
3331 3746 3388 3798 et
3451 3742 3623 3798 hosce

1981 3828 2365 3900 interrogatos
2394 3835 2614 3899 oportet
2644 3834 2842 3902 aperte
2863 3830 3196 3887 caelibatum
3229 3832 3504 3902 profiteri,
3537 3837 3620 3900 ut,

1982 3917 2033 3973 si
2063 3920 2297 3989 quando
2327 3920 2743 3990 professionem
2775 3920 2970 3975 datam
3004 3919 3229 3991 fallant,
3264 3925 3329 3976 ut
3369 3920 3626 3977 fornica-

1982 4008 2162 4062 tionis
2195 4009 2271 4062 rei
2300 4008 2635 4078 puniantur.
2658 4012 2775 4064 lmo
2797 4026 2922 4064 vers
2950 4010 3243 4077 monachi,
3270 4009 3391 4082 qui,
3413 4012 3624 4082 pannis

1982 4101 2209 4153 tantum
2231 4096 2438 4164 induti,
2462 4096 2634 4153 talem
2656 4098 3071 4169 professionem
3087 4099 3346 4155 nondum
3366 4100 3625 4157 fecerint.

1959 4179 2173 4258 neque
2205 4192 2431 4244 mutare
2454 4188 2720 4244 habitum
2752 4192 3014 4258 possunt,
3049 4204 3237 4260 neque
3270 4190 3342 4245 ad
3392 4191 3627 4264 nuptias

1984 4279 2313 4349 procedere.

2057 4367 2120 4422 In
2145 4368 2215 4421 60
2228 4384 2358 4423 vero
2372 4384 2498 4424 can.
2515 4385 2641 4424 eam
2656 4385 2784 4439 quae
2802 4368 3193 4440 virginitatem
3215 4369 3478 4440 professa
3515 4373 3626 4440 est,

1984 4462 2041 4512 et
2074 4475 2106 4512 a
2142 4457 2531 4529 promissione
2560 4457 2747 4529 lapsa,
2785 4456 3055 4513 adulterii
3095 4457 3361 4514 criminis
3398 4462 3629 4530 tempus

1984 4547 2303 4620 adimplere
2334 4564 2563 4620 equum
2614 4564 2743 4603 esse
2794 4552 3007 4616 censet,
3048 4564 3231 4603 annos
3282 4546 3500 4604 scilicet
3539 4549 3625 4603 15.

246 4631 442 4705 δηλαδὴ
485 4639 563 4693 ιε’.
610 4637 686 4692 Τὸ
718 4635 845 4692 αὖτὸ
892 4639 983 4693 καί
1026 4638 1115 4694 ἐπὶ
1157 4644 1265 4695 τῶν
1316 4640 1684 4713 μοναζόντων,
1718 4639 1870 4717 φησὶ,

1986 4636 2142 4692 [dem
2171 4635 2423 4692 etiamin
2456 4636 2527 4692 iis
2558 4636 2658 4708 qui
2700 4636 3085 4693 monasticam
3143 4637 3318 4693 vitam
3379 4637 3621 4710 professi

246 4748 316 4801 γιν
326 4728 477 4784 ἐσθω.

308 4815 474 4871 Ἀλλά
521 4816 614 4872 καὶ
647 4817 677 4871 ὁ
729 4817 869 4891 ἱερὸς
899 4818 1286 4895 Χρυσόστομος
1333 4819 1385 4874 ἐν
1434 4822 1503 4893 τῇ
1555 4819 1691 4891 πρὸς
1740 4819 1876 4874 Θεό-

252 4903 407 4980 δωρον
559 4905 853 4981 ἐπιστολῇ,
901 4910 995 4964 Τὸν
1045 4911 1149 4987 γάρ
1204 4911 1284 4983 τῷ
1331 4908 1658 4985 ἐπουρανίῳ,
1718 4909 1874 4986 φησὶ,

256 4997 561 5074 συναφθέντα
607 4997 849 5073 νυμφίῳ,
878 5001 1071 5053 τοῦτον
1125 4998 1223 5071 μὲν
1277 5000 1508 5076 ἀφεῖναι,
1555 4998 1772 5074 γυναικὶ
1820 4995 1876 5052 δὲ

255 5085 420 5141 ἑαυτὸν
468 5087 722 5161 συνάψαι,
776 5086 1024 5162 μοιχείας
1075 5087 1187 5143 ἐστὶ
1238 5094 1486 5162 πρᾶγμα,
1534 5085 1629 5142 κᾶν
1684 5087 1876 5162 μυριά-

257 5195 325 5235 κις
352 5176 508 5231 αὐτὸν
540 5179 602 5230 σὺ
632 5176 814 5251 γάμον
862 5174 1034 5249 καλῇς
1067 5194 1081 5208 ·
1138 5175 1351 5249 μᾶλλον
1395 5175 1452 5231 δὲ
1498 5178 1586 5231 καὶ
1621 5176 1875 5250 μοιχείας

260 5268 397 5320 τοῦτο
422 5267 835 5342 χαλεπώτερον,
860 5265 971 5337 ὅσῳ
1009 5266 1268 5341 κρείττων
1318 5267 1620 5341 ἀνθρώπων
1647 5267 1675 5320 ὁ
1722 5268 1870 5328 Θεὸς.

262 5350 314 5404 Εἰ
353 5354 451 5425 γὰρ
500 5357 535 5421 ἡ
597 5356 736 5431 γυνή
778 5356 879 5407 τοῦ
927 5349 1061 5407 ίδίου
1112 5354 1365 5425 σώματος
1412 5352 1509 5407 οὐκ
1557 5354 1873 5425 ἐξουσιάζει,

264 5436 371 5493 ἀλλ’
396 5441 423 5493 ὁ
452 5442 605 5515 ἀνῆρ,
636 5440 836 5512 πολλῷ
882 5438 1089 5513 μᾶλλον
1129 5443 1181 5496 οἱ
1212 5440 1263 5496 ἐν
1308 5446 1522 5515 Χριστῷ
1553 5446 1748 5511 ζῶντες
1778 5440 1881 5496 οὔκ

265 5526 313 5579 ἂν
341 5530 435 5584 εἷεν
460 5530 611 5586 αὐτοὶ
639 5534 739 5585 τοῦ
769 5531 1021 5602 σώματος
1050 5531 1224 5585 αὐτῶν
1249 5532 1452 5603 κύριοι.

325 5620 380 5675 Ὀ
426 5617 483 5673 δὲ
527 5618 614 5692 μδ¹
641 5626 741 5689 τῆς
788 5621 826 5680 ς’
855 5616 1076 5673 συνόδου
1124 5619 1215 5674 τὸν
1264 5618 1465 5675 ἀλόντα
1512 5619 1733 5694 πορνείᾳ
1784 5641 1882 5692 μο-

269 5709 439 5781 ναχὸν,
474 5709 560 5763 καὶ
610 5708 945 5785 μεταμελείᾳ
993 5710 1121 5783 μετά
1178 5713 1343 5766 τοῦτο
1389 5709 1737 5787 χρησάμενον
1792 5712 1883 5764 καὶ

1982 4731 2139 4795 sunt,
2162 4744 2344 4784 canon
2377 4727 2535 4795 dicit,
2568 4729 2686 4784 fiat.

2052 4817 2229 4872 Porro
2259 4825 2314 4871 et
2355 4822 2595 4874 sanctus
2626 4817 3071 4891 Cbrysostomus
3128 4819 3186 4873 in
3246 4818 3503 4874 secunda
3551 4819 3622 4873 ad

1980 4903 2348 4960 Theodorum
2382 4905 2648 4977 epistola,
2680 4905 2896 4962 caelesti
2928 4923 3165 4977 sponso,
3209 4906 3423 4978 inquit,
3449 4906 3623 4976 junc-

1982 4998 2133 5057 tum,
2168 4992 2333 5049 illum
2368 4995 2607 5065 quidem
2640 4995 2983 5067 relinquere,
3017 4995 3244 5052 mulieri
3276 5000 3470 5050 autem
3499 5010 3623 5051 sese

1981 5084 2339 5155 conjungere
2371 5084 2719 5140 adulterium
2751 5092 2857 5152 est,
2882 5084 3014 5140 licet
3059 5083 3272 5140 millies
3315 5083 3623 5139 matrimo-

1983 5175 2145 5229 nium
2188 5179 2248 5229 tu
2294 5176 2415 5245 ipse
2472 5176 2579 5231 hoc
2619 5192 2805 5231 voces.
2874 5176 3017 5231 Illud
3069 5175 3225 5230 enim
3266 5183 3351 5231 est
3394 5174 3622 5229 adulte-

1983 5265 2067 5318 rio
2099 5269 2262 5319 tanto
2314 5265 2570 5337 gravius,
2604 5271 2822 5339 quanto
2881 5265 3221 5320 hominibus
3279 5263 3482 5318 melior
3538 5269 3626 5320 cst

1982 5358 2155 5410 Deus.
2189 5357 2248 5411 Si
2270 5359 2423 5412 enim
2460 5357 2669 5411 mulier
2709 5358 2927 5427 proprii
2982 5355 3237 5426 corporis
3290 5371 3401 5408 non
3453 5354 3627 5411 habet

1984 5448 2351 5515 potestatem,
2385 5448 2481 5503 sed
2515 5448 2618 5514 vir,
2654 5445 2838 5500 multo
2872 5445 3050 5513 magis
3104 5444 3164 5510 ii,
3198 5444 3297 5513 qui
3356 5444 3412 5498 in
3468 5443 3623 5499 Clu-i.

1986 5541 2072 5591 sto
2095 5535 2311 5604 vivunt,
2343 5553 2453 5593 non
2486 5543 2624 5593 sunt
2652 5531 3141 5608 prepriicorporis
3171 5532 3413 5588 domini.

2056 5629 2240 5681 Sextaa
2284 5642 2411 5699 syn,
2453 5626 2521 5681 44
2569 5625 2919 5681 monachum
2968 5621 3369 5678 fornicationis
3426 5621 3622 5679 convi-

1989 5720 2171 5782 ctum,
2198 5719 2256 5771 et
2276 5715 2616 5787 poenitentia
2641 5719 2700 5771 et
2727 5712 3094 5771 confessione
3123 5726 3318 5780 usum,
3363 5706 3622 5769 clemen-
