4080 6224
366 274 445 332 55
1617 285 1989 348 MAT'l‘H/El
2033 287 2329 350 BLASTA
2341 289 2464 351 HIS
3679 291 3755 352 56

368 403 490 498 tius
515 405 734 498 aliquid
760 424 1106 498 agens,non
1129 411 1314 484 magis
1341 429 1511 485 quam
1536 415 1880 475 iornicantes
1900 436 2005 491 pu-

2135 419 2536 494 tisﬁopooyrﬁoet,
2611 417 3119 498 φιλανθρωπότερόν
3189 423 3243 477 τί
3316 427 3516 490 ποιῶν,
3587 420 3755 496 μηδὲν

371 491 482 550 uiri
506 495 688 566 jubet.
738 497 926 568 Atque
964 497 1120 554 hunc
1168 501 1402 572 quidem
1451 520 1754 576 canonem,
1795 507 2010 580 quippe

369 590 499 652 post
516 582 660 640 alios
689 585 928 652 editum,
951 601 1021 642 ex
1049 589 1322 646 omnibus
1343 589 1590 648 arbitror
1611 593 2011 654 retinendum.

367 671 570 736 Quaere
607 677 664 728 et
694 672 755 728 11
790 678 966 745 caput
997 675 1107 732 litt.
1137 681 1194 745 Γ,
1218 683 1276 734 et
1311 678 1371 734 in
1407 682 1470 736 12
1501 683 1686 754 capite
1735 683 1940 741 litterae
1973 690 2010 739 Δ

370 775 647 818 canonem
669 761 702 816 4
731 763 940 834 synodi
971 769 1212 836 quartas,
1243 771 1300 824 et
1330 767 1389 824 in
1422 770 1489 824 12
1519 770 1704 842 capite
1736 771 1938 830 litterae
1975 779 2012 831 E

373 861 657 906 cauonem
689 849 758 905 17
779 851 987 924 synodi
1023 855 1078 910 7.

1095 1131 1274 1204 Leges.

439 1217 791 1275 Monasteria
812 1234 928 1276 non
951 1218 1027 1275 ita
1049 1219 1398 1292 alienantur,
1421 1225 1484 1278 ut
1505 1229 1730 1280 sacrata
1752 1225 1938 1282 forma
1953 1225 2013 1282 in

367 1306 659 1378 privatum
679 1310 899 1364 statum
947 1309 1411 1378 transformetur,
1443 1311 1705 1384 alioquin
1755 1318 2010 1385 potesta-

369 1399 488 1452 tem
520 1394 736 1452 habent
791 1395 1045 1469 episcopi
1091 1397 1423 1456 vindicandi
1481 1405 1538 1457 et
1592 1401 1652 1457 in
1709 1403 2013 1474 pristinam

369 1483 616 1542 formam
649 1485 988 1542 reducendi.

439 1577 518 1633 Ex
552 1576 648 1632 131
673 1575 984 1634 Justiniani
1015 1577 1239 1634 novella
1295 1578 1488 1635 discas
1547 1579 1808 1653 quidem,
1859 1583 2015 1654 quod

371 1665 600 1738 regulas
629 1681 757 1738 quas
787 1683 822 1722 a
851 1666 1258 1724 fundatoribus
1303 1666 1363 1724 in
1412 1669 1783 1727 monasteriis
1845 1671 2016 1744 ﬁunt,

371 1755 463 1828 pie
483 1754 782 1826 suscipere
802 1755 1036 1822 debent,
1053 1755 1166 1812 nisi
1192 1757 1520 1814 canonibus
1541 1759 1974 1818 contrariantur
1995 1783 2010 1832 ;

368 1843 487 1900 illis
515 1842 671 1900 enim
716 1859 834 1902 non
879 1845 1014 1901 licet
1063 1845 1320 1902 locorum
1378 1847 1682 1920 episcopos
1732 1851 2012 1907 canonico

363 1935 499 2005 jure
516 1933 742 2007 privare
769 1934 833 1992 in
862 1937 1250 2006 monasteriis,
1281 1955 1404 2010 quae
1427 1938 1499 1995 ab
1524 1938 1597 1996 iis
1627 1940 2011 1998 aedificantur.

369 2024 568 2096 Neque
597 2025 887 2082 antistites
918 2025 1272 2082 monasteria
1296 2025 1648 2085 (adiﬁcantes
1697 2031 2011 2088 succeden~

368 2117 458 2169 tes
500 2111 789 2172 antistites
833 2114 941 2170 sub
983 2130 1155 2186 pcena
1201 2113 1461 2188 obligare
1517 2123 1785 2189 possunt,
1826 2135 2016 2191 neque

371 2200 558 2258 ullum
585 2201 740 2260 circa
769 2219 863 2260 res
891 2203 1178 2274 ejusmodi
1205 2203 1305 2275 jus
1361 2203 1609 2274 habere;
1661 2208 2017 2264 convertitur

366 2289 524 2350 enim
551 2291 754 2365 iniqua
781 2291 1104 2366 segregatio
1134 2293 1194 2350 in
1224 2293 1461 2351 illorum
1486 2296 1695 2368 capita.

441 2562 760 2636 Episcopus
800 2561 1071 2618 abbatem
1101 2560 1190 2618 vel
1240 2560 1762 2620 archimandrilam
1811 2563 2016 2620 unius-

373 2653 660 2724 cujusque
693 2651 1028 2708 monasterii
1067 2668 1183 2707 non
1226 2651 1466 2706 omnino
1515 2653 1840 2708 secundum
1880 2668 2014 2724 gra-

371 2743 482 2797 dus
521 2746 890 2813 promoveat;
913 2742 1010 2798 sed
1042 2757 1214 2812 quem
1249 2739 1335 2796 vel
1365 2757 1571 2797 omnes
1604 2741 1897 2809 monachi,
1928 2740 2016 2799 vel

368 2830 468 2906 qui
497 2829 753 2888 melioris
777 2830 1245 2900 existimationis,
1276 2830 1578 2903 elegerint,
1611 2847 1787 2904 super
1833 2833 2014 2888 Evan-

369 2920 521 2992 gelio
551 2919 834 2993 iurantes,
865 2921 1024 2992 quod
1054 2936 1168 2976 non
1212 2934 1316 2992 per
1363 2919 1682 2977 amicitiam
1742 2921 1830 2976 vel
1885 2939 2016 2993 gra—

371 3010 512 3066 tiam
534 3009 699 3066 illum
731 3010 1051 3082 elegerunt,
1081 3010 1182 3066 sed
1214 3010 1369 3082 quod
1411 3016 1626 3068 norunt
1667 3010 1834 3067 illum
1890 3029 2017 3069 esse

371 3099 718 3166 ﬁdeirectaa,
749 3104 806 3156 et
834 3100 966 3156 vita
1014 3102 1206 3168 castae,
1266 3103 1326 3155 et
1381 3098 1882 3158 administratione
1925 3102 2012 3158 di-

2109 505 2278 564 πλὲον
2339 513 2446 564 τῶν
2503 509 2878 584 πορνευόντων
2949 507 3299 584 ἐπιτιμᾶσθαι
3369 509 3601 568 κελεύει.
3659 510 3759 566 Οἶ-

2117 618 2216 671 μαι
2281 595 2458 652 τοίνυν
2535 597 2748 653 τουτονὶ
2807 598 2899 653 τὸν
2971 599 3166 655 κανόνα
3240 598 3474 666 δεόντως
3541 606 3754 676 κρατεῖν

2115 687 2213 740 οἷα
2281 690 2390 741 τῶν
2471 683 2659 742 ἄλλων
2739 687 3200 764 μεταγενέστερον.
3283 691 3442 762 Ζήτει
3519 689 3609 744 καὶ
3692 694 3755 746 τὸ

2116 776 2184 830 ια’
2240 796 2361 853 κειρ.
2425 779 2522 830 τοῦ
2583 782 2619 832 Γ
2695 776 2994 852 στοιχείου,
3053 777 3142 832 καὶ
3219 777 3274 834 ἐν
3347 783 3430 851 τῷ
3489 780 3564 855 ιβ’
3634 799 3755 857 κεφ.

2112 867 2210 920 τοῦ
2269 869 2306 918 Δ
2375 862 2654 942 στοιχείου
2728 865 2925 920 κανόνα
2981 863 3028 920 δ’
3079 869 3180 932 τῆς
3254 863 3298 922 δ’
3360 865 3612 936 συνόδου,
3667 871 3758 922 καί

2115 951 2169 1009 ἐν
2219 957 2300 1025 τῷ
2361 954 2434 1028 ιβ’
2491 973 2614 1033 κειρ.
2638 958 2814 1010 τοῦΕ
2872 953 3149 1032 στοιχείου
3196 957 3388 1012 κανόνα
3449 957 3510 1026 ιζ’
3563 963 3662 1027 τῆς
3713 959 3762 1028 ζ’

2119 1038 2368 1098 συνόδου.

2822 1132 3056 1207 Νόμομ

2190 1218 2512 1290 Ἐκποίησις
2570 1219 2940 1296 μοναστηρίου
3000 1222 3076 1294 μή
3136 1221 3386 1298 γινέσθω,
3443 1221 3526 1300 ἐφ’
3597 1223 3643 1294 ᾧ
3699 1224 3762 1278 τὸ

2116 1309 2389 1383 ἱερατικὸν
2445 1316 2642 1385 σχῆμα
2697 1311 2774 1374 εἰς
2837 1308 3118 1382 ἰδιωτικὴν
3191 1313 3764 1388 μετασχηματίζεσθαι

2119 1395 2422 1474 διαγωγὴν,
2455 1397 2570 1454 ἐπεὶ
2599 1397 2776 1456 ἄδειαν
2825 1395 3048 1478 ἔχουσιν
3081 1403 3134 1456 οἱ
3183 1401 3470 1458 ἐπίσκοποι
3508 1399 3764 1472 ἐκδικεῖν,

2119 1487 2212 1545 καὶ
2244 1488 2319 1552 εἷς
2347 1491 2412 1544 τὸ
2443 1489 2705 1566 πρότερον
2736 1489 3019 1567 ἐπανάγειν
3052 1499 3268 1568 σχῆμα.

2193 1579 2333 1635 Ἀπὸ
2391 1576 2448 1634 δὲ
2503 1581 2603 1645 τῆς
2659 1577 2776 1654 ρλα⁸
2839 1579 3266 1637 Ἰουστινιανείου
3317 1587 3509 1657 νεαρᾶς
3579 1583 3766 1658 γνοίης

2122 1667 2203 1738 ἂν,
2235 1669 2319 1724 δτι
2346 1668 2414 1722 τὰ
2455 1667 2716 1744 γινόμενα
2753 1669 2900 1745 παρὰ
2927 1673 3035 1725 τῶν
3076 1669 3361 1744 κτητόρων
3403 1669 3455 1726 ἐν
3501 1677 3616 1734 τοῖς
3661 1693 3767 1746 μο-

2118 1756 2437 1832 ναστηρίοις
2497 1759 2698 1814 τυπικᾶ
2757 1757 2997 1834 στέργειν
3058 1757 3392 1838 ὀφείλουσιν,
3451 1761 3496 1816 εἰ
3577 1763 3768 1834 μήπου

2120 1851 2239 1906 τοῖς
2286 1848 2502 1902 κανόσιν
2565 1845 2978 1904 ἐναντιοῦνται·
3037 1847 3098 1904 οὐ
3152 1847 3254 1925 γὰρ
3311 1845 3508 1920 ἔξεστιν
3582 1851 3770 1914 αὐτοῖς

2124 1935 2399 2011 ἀπείργειν
2453 1933 2579 1998 τοὺς
2631 1934 2936 2012 ἐγχωρίους
3003 1936 3330 2001 ἐπισκόπους
3385 1943 3494 1992 τῶν
3551 1959 3772 1994 κανονι-

2125 2028 2233 2080 κῶν
2282 2021 2508 2080 δικαίων
2556 2024 2610 2080 ἐν
2655 2031 2772 2088 τοῖς
2813 2027 2941 2098 παρ’
2984 2026 3163 2082 αὐτῶν
3212 2025 3555 2101 κτιζομὲνοις
3601 2049 3771 2101 μονα-

2127 2115 2392 2189 στηρίοις.
2445 2111 2584 2171 Οὐδὲ
2632 2116 2682 2170 οἱ
2729 2113 3093 2190 ἀνεγείροντες
3149 2116 3428 2192 ἀρχιερεῖς
3488 2119 3772 2190 μοναστή-

2126 2223 2216 2278 ρια
2272 2201 2622 2273 ἐπισκήπτειν
2678 2205 2791 2276 μετ’
2850 2203 3130 2278 ἐπιτιμίου
3182 2203 3431 2260 δύνανται
3483 2211 3602 2268 τοῖς
3655 2207 3774 2281 μετ’

2126 2292 2320 2354 αὐτοὺς
2379 2293 2712 2372 ἀρχιερεῦσι,
2775 2291 2906 2365 μηδ’
2963 2295 3144 2349 ὁτιοῦν
3204 2293 3281 2358 εἰς
3336 2299 3502 2351 ταῦτα
3561 2293 3769 2352 δίκαιον

2125 2375 2272 2455 ἔχειν
2302 2399 2316 2413 ·
2353 2381 2639 2459 στρέφεται
2665 2382 2768 2458 γὰρ
2799 2384 2829 2438 ὁ
2877 2379 3193 2458 παράλογος
3225 2384 3530 2462 ἀφορισμὸς
3569 2385 3646 2450 είς
3673 2385 3771 2449 τὰς

2125 2468 2338 2525 ἐκείνων
2371 2469 2632 2549 κεφαλάς.

2195 2561 2252 2616 Ὀ
2311 2559 2604 2623 ἐπίσκοπος
2670 2559 2765 2616 τὸν
2835 2555 3006 2615 ἆϐϐἆν
3059 2563 3094 2632 ἢ
3168 2563 3262 2617 τὸν
3339 2562 3772 2639 ἀρχιμανδρίτην

2127 2648 2351 2706 ἑκάστου
2413 2649 2779 2722 μοναστηρίου
2832 2651 2909 2723 μὴ
2968 2651 3185 2713 πάντως
3234 2653 3370 2706 κατᾶ
3423 2653 3510 2707 τὸν
3559 2654 3770 2728 βαθμὸν

2126 2735 2548 2812 προϐαλλέσθω,
2579 2739 2708 2796 ἀλλ’
2737 2741 2796 2795 ’ὸν
2825 2741 2878 2796 οἱ
2911 2743 3148 2817 μονοιχοί
3183 2743 3380 2804 πάντες
3412 2744 3443 2812 ἤ
3477 2743 3527 2797 οἱ
3576 2743 3773 2798 εύϋπό-

2129 2829 2332 2900 ληπτοι
2382 2829 2758 2903 ἐπιλὲξωνται,
2809 2829 2894 2885 ἐπὶ
2946 2834 3054 2884 τῶν
3106 2829 3450 2906 Εὐαγγελίων
3497 2830 3770 2906 λέγοντες,

2127 2919 2203 2982 ὡς
2248 2919 2311 2974 ού
2362 2916 2450 2973 διὰ
2498 2917 2684 2996 φιλίαν
2733 2920 2768 2989 ἢ
2816 2920 2982 2994 χάριν
3032 2918 3194 2975 αὐτὸν
3244 2919 3580 2992 ἐπελέξαντο,
3623 2921 3775 2978 ἄλλα

2125 3009 2483 3082 γινώσκοντες
2530 3007 2688 3065 αὐτὸν
2739 3007 3052 3082 ὀρθόδοξον,
3083 3010 3172 3064 καὶ
3223 3009 3493 3086 σώφρονα,
3531 3011 3622 3065 καὶ
3671 3017 3775 3080 τῆς

2129 3094 2453 3168 διοικήσεως
2496 3097 2666 3168 ἄξιον,
2713 3097 2806 3152 καὶ
2852 3094 3150 3172 δυνάμενον
3209 3097 3440 3176 φυλάξαι
3499 3099 3600 3169 τὴν
3657 3099 3778 3154 ἐπι-

371 3206 576 3262 gnum,
605 3194 664 3247 et
693 3190 789 3260 qui
823 3187 1243 3244 monachorum
1291 3187 1666 3260 disciplinam
1697 3194 1756 3246 et
1785 3207 2015 3248 omnem

2135 3184 2346 3260 στήμην
2403 3191 2510 3242 τῶν
2574 3191 2860 3260 μοναχῶν,
2916 3187 3007 3242 καὶ
3063 3188 3164 3258 τήν
3232 3191 3330 3242 τοῦ
3409 3187 3778 3264 μοναστηρίου

373 3278 717 3336 monasterii
739 3282 958 3336 statum
980 3278 1265 3335 custodire
1278 3279 1482 3351 possit.
1515 3278 1728 3336 Eadem
1749 3279 1926 3338 etiam
1947 3282 2019 3339 de

374 3367 691 3425 mulierum
723 3367 1092 3425 monasteriis
1120 3375 1174 3424 et
1204 3367 1522 3424 asceteriis.

443 3459 601 3514 I94
629 3456 958 3514 Centesima
994 3457 1268 3514 vicesima
1315 3457 1486 3514 tertia
1514 3473 1670 3524 vero,
1700 3458 1762 3514 In
1821 3461 2017 3516 omni-

372 3547 502 3616 bus,
534 3547 745 3620 inquit,
785 3547 1176 3616 monasteriis,
1224 3563 1352 3619 qua
1399 3547 1664 3604 cmnobia
1717 3554 2020 3620 vocantur,

368 3640 539 3710 juxta
568 3637 800 3709 regulas
829 3636 1502 3707 monasticasjubemus,
1529 3641 1595 3692 ut
1624 3637 1684 3692 in
1708 3653 1828 3694 una
1846 3639 2019 3696 domo

374 3743 578 3784 omnes
599 3725 884 3796 habitent,
907 3731 965 3783 et
993 3724 1386 3782 communiter
1405 3726 1716 3782 comedunt
1733 3733 1792 3783 et
1814 3727 1872 3782 in
1905 3745 2021 3784 una

375 3818 549 3874 domo
578 3834 783 3874 omnes
811 3814 1122 3888 separatim
1153 3815 1462 3880 dormiant,
1523 3820 1589 3872 ut
1618 3815 1874 3874 vicissim
1905 3817 2020 3874 sibi

374 3906 518 3979 ipsis
563 3912 733 3964 castis
763 3907 887 3963 vita
917 3904 1246 3978 exemplum
1276 3905 1611 3962 exhibeant.
1645 3905 1780 3964 Haec
1823 3913 2020 3964 autem

375 3996 577 4055 omnia
601 3999 662 4054 et
684 3996 754 4053 de
784 3994 1098 4053 mulierum
1129 3994 1498 4052 monasteriis
1519 3994 1919 4052 observentur.

447 4183 630 4255 Caput
659 4188 850 4238 autem
879 4180 1010 4252 ejus
1039 4178 1335 4238 decimum
1355 4179 1648 4252 quintum,
1677 4179 1803 4238 Non
1827 4179 2022 4254 ingre-

376 4273 590 4341 dietur,
617 4270 828 4344 inquit,
861 4269 1101 4328 omnino
1140 4285 1329 4342 neque
1377 4267 1588 4326 mulier
1655 4269 1717 4328 in
1762 4271 2020 4327 virorum

377 4359 820 4430 monasterium,
861 4374 1051 4430 neque
1095 4357 1184 4414 vir
1229 4357 1290 4414 in
1349 4357 1689 4427 mulierum,
1736 4357 1823 4415 vel
1871 4375 2020 4432 prae-

376 4452 540 4508 textu
569 4450 863 4507 memorias
892 4448 1144 4520 alicujus
1192 4446 1430 4512 mortui,
1468 4446 1572 4518 qui
1615 4445 1736 4502 illic
1795 4448 2022 4520 positus

2129 3276 2468 3336 κατάστασιν.
2514 3276 2588 3333 Τὰ
2636 3275 2770 3333 αὐτὰ
2828 3277 2919 3332 καὶ
2968 3277 3093 3352 περὶ
3151 3279 3259 3332 τῶν
3307 3276 3626 3354 γυναικείων
3673 3300 3778 3352 μο-

2133 3365 2438 3442 ναστηρίων
2469 3365 2558 3422 καί
2583 3365 2954 3443 ἀσκητηρίων.

2197 3457 2260 3512 Ἠ
2295 3453 2352 3510 δὲ
2400 3459 2543 3528 ρκγ’,
2577 3457 2665 3513 Ἐν
2714 3455 2880 3510 ἅπασι
2932 3452 2990 3510 δὲ
3036 3460 3154 3518 τοῖς
3211 3454 3618 3529 μοναστηρίυις,
3667 3480 3776 3536 φη-

2131 3544 2236 3616 σὶν,
2285 3545 2419 3620 ἅπερ
2465 3544 2761 3600 καλοῦνται
2809 3539 3082 3615 κοινόϐια,
3123 3543 3420 3618 κελεύομεν
3464 3547 3603 3600 κατά
3648 3545 3780 3612 τοὺς

2133 3636 2464 3710 μοναχικοὺς
2510 3635 2751 3707 κανόνας,
2785 3634 2837 3690 ἐν
2888 3635 2962 3689 ἐνὶ
3015 3633 3154 3707 οἴκῳ
3206 3635 3404 3696 πάντας
3451 3634 3644 3707 οἰκεῖν,
3685 3637 3780 3691 καὶ

2129 3728 2324 3789 κοινῶς
2368 3724 2673 3801 τρέφεσθαί,
2719 3724 2810 3778 καί
2857 3721 2913 3778 ἐν
2963 3723 3036 3778 ἐνὶ
3085 3721 3222 3796 οἴκῳ
3276 3723 3476 3784 πάντας
3536 3744 3781 3800 κεχωρι-

2132 3815 2338 3890 σμὲνως
2378 3815 2678 3887 καθεύδειν,
2711 3817 2850 3872 ὥστε
2895 3811 3197 3889 ἀμοιϐαδὸν
3247 3814 3522 3886 ἀλλήλοις
3571 3837 3782 3892 μαρτυ-

2131 3905 2249 3981 ρίαν
2277 3913 2376 3976 τῆς
2424 3907 2706 3982 σώφρονος
2749 3903 3030 3981 διαγωγῆς
3079 3905 3336 3981 παρέχειν
3377 3903 3594 3967 αὐτούς.
3625 3908 3784 3962 Ταῦ-

2128 4017 2193 4050 τα
2224 3993 2281 4050 δὲ
2309 3995 2484 4051 πάντα
2533 3995 2621 4051 καὶ
2669 3993 2792 4070 περὶ
2830 3995 2898 4050 τὰ
2941 3999 3050 4050 τῶν
3097 3997 3364 4070 γυναικῶν
3415 3991 3780 4072 φυλάττεσθαι

2133 4086 2496 4159 μοναστήρια.

2200 4174 2274 4229 Τὸ
2335 4171 2392 4228 δὲ
2452 4174 2508 4229 ιε’
2564 4174 2767 4244 ταύτης
2837 4171 3152 4251 κεφάλαιον,
3211 4170 3320 4228 Οὐκ
3395 4169 3782 4242 εἰσελεύσεται,

2130 4264 2316 4340 φησὶν,
2367 4260 2488 4318 οὔτε
2532 4264 2669 4338 γυνή
2719 4262 3056 4318 παντάπασιν
3103 4261 3179 4322 εἷς
3229 4257 3436 4334 ἀνδρῶν
3499 4263 3784 4334 μοναστή-

2134 4373 2270 4428 ριον,
2321 4349 2446 4408 οὕτε
2487 4353 2622 4426 ἀνὴρ
2661 4350 2742 4414 εἲς
2789 4356 3116 4426 γυναικεῖον,
3148 4349 3184 4420 ἢ
3236 4349 3498 4428 προφάσει
3551 4351 3783 4424 μνήμης

2127 4443 2276 4506 τινὸς
2324 4439 2747 4513 τελευτήσαντος
2793 4442 3065 4496 κάνταῦθα
3110 4438 3386 4514 κειμένου,
3436 4439 3473 4509 ἢ
3520 4435 3611 4494 διά
3659 4461 3780 4495 τινα

378 4543 489 4608 est,
519 4537 610 4596 vel
637 4537 813 4595 aliam
835 4537 908 4594 ob
947 4552 1214 4605 causam;
1265 4551 1450 4607 neque
1487 4535 1538 4591 si
1587 4535 1723 4607 quis
1780 4536 2015 4591 fratrem

2135 4531 2310 4607 ἑτέραν
2339 4531 2512 4586 αἰτίαν
2549 4551 2561 4564 °
2596 4528 2722 4586 οὐδὲ
2753 4527 2805 4586 εἷ’
2829 4550 2911 4593 τις
2943 4527 3177 4608 ἀδελφὸν
3217 4528 3388 4607 τυχὸν
3419 4528 3456 4598 ἢ
3504 4527 3776 4606 ἀδελφὴν,

377 4634 542 4702 forte,
590 4630 680 4689 vel
725 4644 1006 4696 sororem,
1056 4626 1142 4684 vel
1188 4625 1443 4698 aliquem
1475 4639 1543 4681 ex
1590 4641 1698 4680 suo
1719 4641 1926 4696 genere
1965 4625 2023 4680 in

379 4721 734 4784 monasterio
788 4737 852 4778 se
894 4719 1105 4776 habere
1155 4716 1380 4774 dixerit.
1438 4715 1564 4771 Non
1604 4718 1694 4771 est
1749 4715 1906 4772 enim
1964 4715 2022 4770 in

377 4815 550 4874 terris
580 4809 844 4886 cognatio
875 4806 1200 4877 monachis,
1233 4808 1436 4877 utpote
1465 4804 1566 4876 qui
1617 4803 1905 4860 cmlestem
1937 4803 2024 4858 vi-

379 4909 499 4964 tam
527 4899 786 4960 aemulati
813 4901 972 4956 sunt.
1005 4897 1222 4954 Deinde
1251 4908 1437 4966 neque
1483 4893 1590 4948 viri
1618 4892 1676 4948 in
1707 4891 2024 4948 mulierum

380 4990 874 5052 monasteriorum
905 4985 1190 5060 sepuleris
1215 4987 1596 5058 reponantur,
1614 4997 1802 5053 neque
1825 4979 2028 5037 mulie-

380 5097 476 5140 res
505 5082 563 5137 in
595 5080 852 5136 virorum
884 5075 1250 5134 monasteriis
1282 5073 1684 5138 inhumentur,
1727 5084 1800 5126 ne
1845 5085 1915 5124 ex
1963 5086 2029 5125 eo

380 5176 602 5232 natura:
634 5169 707 5227 ad
744 5168 1000 5239 seipsam
1046 5166 1215 5222 detur
1267 5177 1587 5236 regressus,
1619 5165 1687 5216 ut
1733 5174 2028 5232 quianon

382 5262 472 5318 fas
498 5264 590 5317 est
617 5265 770 5333 agat,
801 5263 858 5315 et
903 5254 1150 5313 delicate
1179 5268 1241 5310 se
1286 5255 1470 5324 gerat,
1516 5255 1576 5306 et
1625 5248 1812 5317 ludat,
1849 5252 1908 5306 et
1939 5265 2026 5306 res

383 5349 608 5408 divinas
639 5347 856 5420 injuria
885 5345 1122 5404 afﬁciet.

458 5439 520 5496 Si
550 5455 666 5512 qua
695 5437 904 5496 mulier
951 5442 1143 5494 autem
1193 5435 1253 5490 in
1308 5429 1623 5488 mulierum
1681 5426 2032 5484 monasterio

382 5527 716 5602 sepelienda
745 5527 824 5584 sit
849 5527 1065 5598 (virum
1117 5523 1272 5581 enim
1321 5537 1436 5578 non
1487 5519 1574 5574 fas
1619 5531 1747 5574 esse
1787 5512 2026 5586 judica-

384 5618 568 5691 mus),
597 5615 728 5674 illos
778 5615 969 5674 solum
1016 5613 1116 5686 qui
1163 5611 1374 5670 lectum
1425 5608 1617 5667 ferunt
1662 5612 1715 5660 et
1755 5604 2025 5673 l'ossores,

2137 4623 2174 4692 ἤ
2219 4643 2337 4677 τινα
2379 4627 2484 4677 τῶν
2535 4620 2593 4676 ἐκ
2639 4626 2736 4697 τοῦ
2785 4619 2976 4696 γένους
3025 4615 3170 4698 ἔχειν
3203 4617 3256 4674 ἐν
3305 4624 3384 4692 τῷ
3417 4621 3778 4692 μοναστηρίῳ

2138 4713 2346 4788 φήσειε.
2403 4711 2698 4788 Συγγένεια
2741 4710 2846 4785 γὰρ
2891 4715 3013 4774 τοῖς
3063 4713 3323 4784 μοναχοῖς
3367 4706 3457 4764 ἐπὶ
3515 4715 3620 4784 γῆς
3679 4709 3781 4764 οὐκ

2137 4795 2271 4864 ἔστι,
2314 4805 2430 4861 τοῖς
2467 4821 2528 4874 γε
2571 4799 2663 4856 τὸν
2719 4798 2772 4855 ἐν
2831 4798 3085 4874 οὐρανοῖς
3138 4797 3422 4868 ζηλώσασι
3485 4796 3626 4872 βίον.
3672 4797 3779 4853 Καὶ

2141 4891 2282 4962 μήτε
2312 4887 2518 4964 ἄνδρες,
2551 4887 2602 4944 ἐν
2652 4888 2946 4965 γυναικείῳ
2997 4885 3344 4962 μοναστηρίῳ
3373 4886 3566 4964 τάφοις
3617 4907 3781 4941 κατα-

2135 4979 2479 5046 τιθέσθωσαν,
2541 4979 2680 5052 μήτε
2735 4983 2984 5052 γυναῖκες
3045 4975 3090 5032 ἐν
3159 4973 3442 5050 ἀνδρικοῖς
3508 4995 3781 5049 μοναστη-

2139 5067 2280 5142 ρίοις
2333 5069 2865 5142 κατορυττέσθωσαν,
2919 5063 3014 5122 ’ίνα
3089 5065 3166 5138 μὴ
3225 5063 3466 5136 πάροδος
3537 5065 3779 5120 ἐντεῦθεν

2137 5157 2354 5233 γὲνοιτο
2401 5161 2471 5232 τῇ
2521 5157 2674 5234 φύσει
2717 5155 2856 5231 πρὸς
2919 5155 3130 5226 ἑαυτὴν,
3181 5153 3216 5208 ἃ
3277 5154 3354 5228 μὴ
3415 5155 3572 5228 θέμις
3625 5152 3780 5228 δρᾷν,

2135 5251 2339 5322 τρυφᾷν
2387 5266 2446 5301 τε
2495 5245 2583 5302 καὶ
2633 5245 2866 5316 παίζειν,
2904 5244 2994 5300 καὶ
3037 5243 3105 5299 τὰ
3152 5245 3269 5300 θεῖα
3313 5243 3608 5320 πράγματα
3653 5263 3780 5299 κατ-

2136 5335 2436 5411 αισχύνειν.

2209 5422 2369 5481 Ἀλλ’
2401 5423 2445 5478 εἰ
2477 5424 2565 5480 καὶ
2596 5426 2728 5498 γυνή
2762 5446 2846 5486 τις
2896 5423 2948 5479 ἐν
2982 5423 3266 5499 γυναικείῳ
3314 5421 3605 5478 θάπτεσθαι
3640 5421 3777 5493 μὲλ-

2139 5513 2228 5569 λοι
2265 5515 2634 5590 μοναστηρίῳ,
2680 5510 2871 5588 (ἄνδρα
2919 5513 3012 5587 γὰρ
3045 5513 3149 5568 οὐκ
3190 5513 3375 5586 εὐαγὲς
3419 5511 3550 5566 εἶναι
3595 5512 3780 5586 κρίνο-

2141 5605 2282 5678 μεν),
2327 5602 2454 5667 τοὺς
2512 5605 2610 5676 τήν
2665 5602 2860 5676 κλίνην
2918 5601 3174 5680 φέροντας
3232 5600 3456 5676 μόνους,
3502 5602 3590 5658 καὶ
3652 5600 3781 5665 τοὺς
