4060 6228
225 321 289 378 57
559 294 573 304 '
1255 321 1680 384 SYNTAGMA
1723 318 2375 382 ALPHABETICUM.
2420 352 2497 362 —
2540 317 2623 378 M.

3561 311 3642 371 58

231 452 514 526 ὀρῦξαντας
577 453 860 527 εἰσφοιτᾷν
913 454 998 509 ἐπ’
1055 453 1223 509 αότό’
1267 453 1355 509 καὶ
1409 454 1508 516 τὰς
1569 454 1662 526 μὲν
1717 473 1884 526 μονα-

2012 452 2071 507 ad
2103 451 2248 507 illud
2281 451 2573 518 accedere,
2607 454 2663 504 et
2711 449 2984 505 mulieres
3037 448 3273 521 quidem
3322 442 3644 503 monachas

231 543 322 617 χέις
378 541 436 597 ἐν
497 547 584 614 τῷ
649 541 780 616 ἰδίῳ
821 541 1003 616 μένειν
1053 542 1412 619 καταγωγίῳ·
1447 543 1620 616 μόνην
1677 538 1734 596 δὲ
1789 542 1888 609 τὴν

235 633 474 706 θυρωρὸν
517 633 616 687 καὶ
668 632 772 700 τὴν
805 634 1146 706 ἡγουμένην,
1177 630 1224 687 si
1251 653 1314 708 γε
1349 630 1671 707 βουληθείη,
1704 635 1893 704 παρεῖ-

239 744 320 776 ναι
363 727 479 776 τοῑε
517 722 844 796 γινομένοξς
872 741 884 754 ⁸
917 722 1011 776 καὶ
1062 725 1251 777 θᾶττον
1304 719 1541 784 ἐκείνους
1577 719 1894 781 τελέσαντας

246 815 309 868 τὰ
356 811 473 884 περὶ
515 812 621 880 τήν
672 809 856 880 ὁσίαν,
889 810 1048 876 εὐθὺς
1095 811 1331 880 ἀπιέναι,
1365 813 1506 884 μήτε
1536 810 1893 882 θεασαμένους

253 903 389 962 τινὲς
435 904 536 955 τῶν
601 905 988 972 μοναζουσῶν,
1033 903 1171 975 μήτε
1221 900 1310 956 ὑπ’
1358 899 1536 955 αὐτῶν
1590 900 1893 962 θεαθέντας.

257 993 404 1066 τρίτα
448 987 502 1044 δὲ
556 994 863 1052 ποιοῦντας
921 989 1014 1046 καὶ
1087 988 1291 1061 ἔννατα,
1341 988 1416 1052 ὥς
1475 1009 1539 1063 γε
1595 986 1661 1058 δὴ
1723 989 1894 1062 νόμος

261 1080 304 1136 ἓν
349 1078 632 1134 τεθνεῶσίν
711 1078 881 1148 ἐστιν,
927 1081 1020 1134 καὶ
1095 1078 1410 1141 ἀκολούθως
1468 1078 1894 1152 τεσσαρακοστὰ,

259 1171 327 1222 καί
383 1169 552 1222 λοιπὰ
615 1168 761 1222 κατᾶ
815 1167 946 1230 τοὺς
997 1169 1355 1246 τεταγμένους
1413 1167 1641 1242 καιροὺς
1675 1167 1892 1242 μνημό-

252 1279 383 1324 συνα,
415 1257 464 1312 εἰ
515 1259 620 1330 μὲν
667 1263 977 1334 γυναικεῖον
1021 1257 1106 1328 εἴη
1157 1258 1220 1313 τὸ
1274 1259 1662 1332 μοναστήριον,
1708 1261 1892 1332 γοναῖς

244 1369 324 1410 ira;
353 1343 576 1402 ἅπαντα
608 1347 866 1420 πράττειν
893 1366 907 1378 ο
943 1346 990 1402 εἰ
1023 1344 1079 1402 δὲ
1108 1343 1374 1420 ἀνδρῴον,
1405 1343 1622 1419 ἄνδρας.

296 1529 388 1595 Μή
449 1523 679 1587 πολλὰς
737 1523 795 1581 δὲ
852 1526 993 1582 εἶναι
1039 1527 1136 1588 τὰς
1174 1527 1250 1590 εἰς
1293 1527 1356 1582 τὸ
1391 1528 1752 1600 μοναστήριον
1783 1526 1894 1580 εἰσ-

237 1615 410 1686 ὁδους,
444 1615 603 1670 ἀλλᾶ
637 1615 764 1688 μίαν
791 1617 826 1687 ἢ
856 1613 955 1670 δύο
1003 1617 1198 1695 τυχὸν,
1229 1615 1508 1692 ἐφεστάναι
1540 1637 1597 1670 τε
1644 1620 1714 1690 τῇ
1747 1614 1895 1688 πύλῃ

231 1704 421 1780 Ξνδρας
471 1705 858 1780 γεγηρακότας
904 1707 995 1760 καὶ
1047 1707 1348 1784 σώφρονας,
1390 1703 1550 1780 οἵπερ
1599 1701 1722 1759 οὕτε
1778 1709 1895 1765 τοῖς

233 1801 504 1870 μοναχῶς
566 1795 1024 1872 συγχωρήσουσιν
1073 1794 1322 1872 ἐκφοιτᾷν
1371 1799 1468 1850 τοῦ
1521 1794 1890 1867 μοναστηρίου

1999 544 2058 598 in
2094 541 2324 615 proprio
2357 557 2589 598 manere
2619 539 2984 608 habitacula;
3017 539 3202 595 solam
3237 543 3437 594 autem
3465 537 3642 594 ostia-

1999 632 2148 688 riam
2168 636 2226 688 et
2255 631 2608 688 abbatissam
2642 630 2961 696 rectricem,
2989 630 3041 686 si
3062 629 3218 698 velit,
3251 629 3532 684 interesse
3569 627 3643 682 iis

2003 737 2130 794 qua:
2159 721 2351 779 fiunt:
2388 724 2445 775 et
2475 720 2625 788 illos,
2659 735 2786 776 cum
2838 721 3092 790 primum
3131 717 3435 789 exsequias
3463 733 3643 789 quam

2001 809 2300 866 celerrime
2349 807 2715 880 perfecerint,
2782 808 2974 863 statim
3021 810 3308 874 recedere,
3361 822 3468 862 nec
3505 804 3644 860 ullis

2003 917 2035 955 a
2083 916 2146 955 se
2190 899 2332 955 visis
2381 896 2745 966 monialium,
2785 913 2974 968 neque
3021 896 3094 952 iis
3124 899 3196 952 ab
3251 912 3451 954 earum
3507 893 3646 949 ullis

2002 988 2346 1060 conspectis.
2377 987 2566 1043 Tertio
2595 1003 2731 1043 vero
2767 990 2825 1043 et
2874 1001 3025 1042 nono
3082 986 3177 1042 die
3215 983 3644 1048 convenientes,

2003 1081 2176 1149 prout
2204 1077 2262 1132 in
2297 1081 2656 1134 mortuorum
2681 1075 2972 1146 exsequiis
3007 1091 3134 1131 mos
3171 1075 3444 1144 obtinuit,
3475 1089 3645 1145 porro

2003 1176 2056 1222 et
2084 1170 2218 1239 post
2247 1167 2636 1238 quadraginta
2659 1165 2784 1242 dies
2809 1166 3120 1222 memorias
3139 1180 3333 1221 eorum
3361 1167 3430 1220 ad
3463 1167 3646 1220 statu-

2005 1261 2133 1311 tum
2162 1261 2394 1327 tempus
2423 1255 2736 1311 celebrant.
2767 1254 2827 1308 Si
2859 1253 3176 1310 mulierum
3227 1254 3301 1310 sit
3352 1261 3646 1310 monaste-

2001 1345 2389 1411 rinm,omnia
2409 1344 2661 1401 faciunto
2684 1344 2976 1414 mulieres,
3009 1343 3102 1400 sin
3135 1350 3332 1400 autem
3362 1346 3644 1408 virorum,

2003 1435 2130 1492 viri.

2075 1523 2200 1580 Non
2247 1523 2460 1580 multos
2507 1540 2632 1580 esse
2679 1523 2738 1578 in
2789 1523 3211 1580 monasterium
3280 1522 3498 1592 aditus,
3546 1523 3648 1578 sed

2005 1629 2184 1669 unum
2215 1618 2314 1669 aut
2344 1613 2587 1669 alterum
2640 1615 2857 1682 forsan,
2901 1617 2956 1668 et
2991 1615 3221 1670 adstare
3259 1613 3459 1686 januaa
3496 1612 3650 1669 viros

2003 1720 2172 1759 senes
2200 1708 2258 1758 et
2286 1707 2510 1772 cautos,
2533 1705 2632 1774 qui
2663 1705 2896 1775 quidem
2941 1721 3131 1776 neque
3178 1704 3498 1760 monachos
3529 1704 3651 1761 absi

2003 1810 2113 1864 que
2158 1793 2406 1864 prazt'ecti
2459 1792 2754 1849 voluntate
2799 1793 2990 1864 egredi
3038 1793 3401 1864 permittant,
3461 1809 3648 1864 neque

233 1851 243 1868 .
367 1851 412 1870 ,κ
490 1851 502 1856 -
649 1851 714 1872 ,ις
767 1851 775 1867 .
821 1851 833 1865 .
1146 1853 1157 1872 ,
1275 1851 1285 1864 .
1521 1851 1533 1867 .
1748 1851 1776 1866 ..

229 1886 404 1959 χωρὶς
465 1883 709 1958 γνώμης
787 1886 884 1938 τοῦ
955 1882 1289 1958 ἡγουμένου,
1342 1878 1466 1937 οὔτε
1532 1887 1649 1942 τοῖς
1698 1879 1888 1954 ἔξωθεν

2012 1883 2272 1953 impunes
2312 1887 2473 1937 extra
2537 1882 2959 1939 monasterium
3004 1886 3348 1954 pernoctare
3409 1890 3467 1938 et
3514 1899 3643 1955 per-

225 1974 398 2038 ἇδεῶς
445 1974 701 2049 γίνεσθαι
747 1973 882 2028 κατὰ
918 1975 982 2028 τὸ
1027 1974 1388 2048 μοναστήριον
1435 1971 1645 2046 νύκτωρ
1693 1993 1751 2026 τε
1798 1972 1887 2026 καὶ

230 2064 348 2138 μεθ’
387 2067 425 2132 ἡ
435 2064 635 2138 μὲραν.

295 2159 358 2209 Ὃ
389 2153 474 2216 εἰς
507 2153 609 2208 τὸν
661 2153 969 2227 μοναχικὸν
1009 2152 1309 2228 ἐρχόμενος
1353 2153 1492 2228 βίον,
1526 2152 1572 2206 εἰ
1615 2153 1711 2224 μὲν
1743 2153 1888 2228 γνώ-

229 2263 394 2317 ριμος
448 2241 565 2313 εἴη,
630 2244 716 2297 ὅτι
794 2239 1025 2317 οὐδεμιᾷ
1093 2243 1374 2299 ὑπόκειται
1447 2242 1618 2317 τύχῃ,
1677 2244 1888 2310 τοῦνον,

229 2331 436 2386 ὁπόταν
488 2328 772 2405 δοκιμάσῃ
823 2333 852 2385 ὁ
899 2333 1226 2406 ἡγούμενος,
1259 2331 1322 2388 τὸ
1354 2331 1658 2410 μοναχικὸν
1696 2332 1890 2404 σχῆμα

229 2415 667 2494 περιϐαλλέτιιν
703 2419 750 2476 εἴ
799 2419 856 2476 δὲ
899 2420 1193 2498 ἄγνωστος,
1243 2423 1318 2486 εἰς
1363 2421 1598 2498 τριετίαν
1658 2419 1887 2493 δοκιμα-

230 2510 394 2580 ζέτφ,
424 2510 522 2564 καὶ
573 2510 624 2566 εἶ
671 2508 819 2580 ἄξιος
867 2511 1104 2588 κριθείη,
1147 2513 1537 2588 ἁποκειρέσοω,
1572 2509 1740 2584 μηδὲν
1782 2507 1890 2564 δει-

231 2599 324 2652 νὸν
355 2601 554 2654 παθεῖν
585 2599 964 2676 ὑφορώμενος,
997 2601 1042 2656 εἷ
1083 2601 1319 2676 ὄχλησις
1353 2601 1490 2674 μετὰ
1534 2605 1703 2656 ταῦτα
1751 2621 1892 2672 συμ-

231 2683 364 2759 ϐαίη
428 2691 594 2760 Ζήτει
661 2691 833 2764 νόμον
891 2690 981 2745 καὶ
1032 2690 1083 2745 ἐν
1133 2697 1212 2764 τῷ
1266 2693 1338 2764 ιβ’
1368 2713 1488 2766 κεφ.
1519 2696 1617 2746 τοῦ
1663 2693 1708 2750 Δ
1745 2710 1891 2744 στοι-

231 2779 320 2852 lsi
328 2800 415 2836 ου.

303 2869 550 2940 Προνοία
601 2874 700 2924 τοῦ
759 2868 1062 2926 ἐπισκόπου
1123 2873 1261 2943 μήτε
1317 2871 1549 2944 μοναχοὶ
1602 2870 1741 2942 μήτε
1793 2888 1892 2939 μο-

227 2960 488 3033 ναστριαι
535 2962 679 3014 κατὰ
723 2959 822 3021 τὰς
871 2960 1066 3024 πόλεις
1110 2961 1598 3034 περιερχέσθωσαν,
1631 2957 1776 3013 ἀλλὰ
1807 2953 1896 3010 διὰ

229 3050 344 3101 τῶν
399 3049 849 3122 ἀποκρισταρίων
906 3050 1005 3112 τὰς
1063 3049 1372 3125 ἀποκρίσεις
1419 3047 1596 3102 αὐτῶν
1647 3048 1898 3102 ποιείτω·

231 3157 348 3205 σαν,
383 3137 441 3192 ἐν
484 3143 612 3200 τοῖς
665 3139 1054 3212 μοναστηρίοις
1102 3139 1364 3212 μένοντες.
1397 3139 1556 3209 Ζήτει
1605 3137 1693 3192 καὶ
1740 3137 1792 3192 ἐν
1819 3143 1896 3210 τῷ

233 3230 278 3294 ζ’
311 3247 434 3302 κειρ.
471 3231 574 3281 τοῦ
607 3229 649 3284 Κ
679 3226 988 3302 στοιχείου.

305 3315 374 3370 Βῖ
419 3336 508 3377 τις
543 3321 658 3371 τῶν
731 3321 990 3392 μοναχὼν
1033 3317 1096 3372 τὸ
1155 3319 1520 3394 μοναστήριον
1575 3317 1892 3373 καταλιπὼν

231 3403 312 3466 εἰς
353 3407 630 3476 κοσμικὸν
688 3405 945 3478 μετέλθοι
977 3406 1115 3482 βίον,
1148 3405 1306 3470 οὗτος
1344 3411 1442 3478 τῆς
1485 3407 1761 3484 στρατείας
1801 3407 1890 3462 καὶ

229 3500 332 3562 τῆς
389 3501 594 3568 τιμῆς,
651 3493 707 3550 εἴ
774 3516 895 3550 τινα
967 3495 1256 3567 ἐκτήσατο,
1313 3499 1619 3572 γυμνωθεὶς
1676 3501 1892 3572 πρῶτον

230 3585 368 3654 πρὸς
412 3589 517 3638 τοῦ
569 3583 850 3660 ἐγχωρίου
897 3583 1198 3641 ἐπισκόπου
1234 3586 1323 3642 imi
1355 3591 1450 3643 τοῦ
1480 3585 1771 3663 ἄρχοντος,
1803 3588 1893 3641 αὖ’

229 3673 312 3732 0:;
361 3675 491 3744 μεθ’
533 3673 616 3728 ὧν
664 3674 1001 3746 ἐπεκτήσατο
1049 3677 1387 3752 πραγμάτων
1416 3676 1468 3731 ἐν
1511 3682 1592 3750 τῷ
1623 3697 1891 3749 μοναστη-

229 3762 332 3834 ρὶφ
360 3765 460 3817 καὶ
490 3762 644 3817 ἄκων
676 3759 1060 3835 ἐμϐαλλέσθω.

295 3854 361 3907 ΟΞ
423 3853 524 3907 τὸν
583 3855 805 3928 μονήρη
855 3854 972 3928 βίον
1023 3854 1424 3930 ἐπανῃρημένοι
1474 3853 1597 3910 οὔτε
1633 3877 1890 3931 κουρατο-

223 3940 513 4008 podio-omit,
577 3937 703 3995 οὔτε
775 3940 1243 4016 ἐπιτροπεύουσιν,
1293 3941 1413 3998 οὔτε
1483 3940 1635 4004 δίκας
1694 3943 1888 4018 ἐτέρων

224 4027 504 4102 λέγουσιν,
537 4026 660 4084 οὐδ’
722 4030 778 4084 ἂν
837 4036 1111 4107 συγγενεῖς
1167 4029 1296 4085 ὦσιν
1331 4034 1383 4086 οἱ
1423 4032 1518 4094 τὰς
1550 4029 1701 4095 δίκας
1734 4030 1888 4111 ἕχον-

219 4135 334 4188 τες,
365 4116 528 4187 πλήν
556 4117 696 4187 ὑπὲρ
736 4121 839 4188 τῆς
883 4117 1023 4180 ἰδίας
1061 4119 1150 4174 καὶ
1203 4141 1374 4192 μονης
1409 4127 1606 4194 μονῆς,
1638 4121 1730 4176 καί
1765 4123 1890 4177 τότε

223 4205 534 4261 Μαι-θέσει
564 4210 664 4260 τοῦ
693 4207 1037 4282 ἡγουμένου.

289 4295 426 4350 Ἐὰν
479 4295 734 4370 μοναχὸς
779 4295 1054 4371 καταλίπῃ
1097 4297 1158 4352 τὸ
1208 4295 1345 4354 ξ’διον
1381 4301 1766 4374 μοναστήριον,
1797 4301 1888 4356 καὶ

221 4383 295 4442 εἰς
351 4381 551 4458 ’ἕτερον
613 4383 773 4458 ἔλθῃ,
814 4383 870 4439 εἴ
919 4407 1036 4442 τινα
1091 4387 1388 4464 πράγματα
1443 4389 1498 4444 ἐν
1555 4389 1636 4463 τῷ
1690 4397 1885 4464 καιρῷ,

218 4476 335 4528 καθ’
375 4475 446 4528 ’ὃν
494 4474 564 4528 τὸ
599 4475 966 4550 μοναστήριον
1015 4477 1433 4549 καταλέλοιπεν,
1481 4473 1628 4555 ἔχειν
1667 4483 1883 4556 φανείη,

1999 1989 2252 2029 ῃοαοθτθ.

2071 2155 2176 2222 Qui
2200 2155 2521 2212 monachus
2544 2171 2668 2212 esse
2689 2155 2848 2220 velit,
2874 2155 2924 2213 si
2958 2155 3186 2229 quidem
3218 2156 3290 2211 de
3311 2170 3378 2211 eo
3403 2156 3646 2222 constet,

1998 2244 2159 2316 quod
2183 2243 2329 2300 nulli
2361 2245 2605 2300 fortuna:
2635 2245 2958 2302 conditioni
2991 2246 3293 2318 subjectus
3331 2245 3429 2313 sit,
3451 2241 3642 2311 illum,

1999 2335 2236 2407 quando
2260 2335 2680 2392 examinaverit
2701 2336 3030 2407 praefectus,
3089 2336 3480 2392 monasticum
3537 2335 3644 2390 ha-

1999 2425 2183 2480 bitum
2209 2425 2453 2492 induat;
2486 2425 2578 2481 sin
2622 2431 2813 2481 autem
2865 2443 2980 2482 non
3029 2429 3273 2496 constet,
3321 2440 3424 2498 per
3461 2425 3643 2482 trien-

2000 2513 2164 2568 nium
2197 2515 2492 2584 probetur,
2538 2519 2596 2570 et
2641 2514 2694 2570 si
2748 2515 2960 2588 dignus
3013 2519 3342 2584 censeatur,
3403 2515 3641 2571 tondea-

1999 2606 2113 2670 tur,
2145 2603 2290 2658 nihil
2312 2619 2486 2675 grave
2502 2603 2622 2675 pati
2661 2612 2988 2674 suspectus,
3039 2604 3088 2661 si
3137 2608 3266 2676 post
3304 2605 3426 2660 haec
3467 2619 3642 2674 nego-

2002 2691 2149 2748 tium
2172 2692 2408 2764 aliquod
2441 2693 2736 2750 acciderit.
2770 2695 2970 2760 Quznre
2998 2694 3186 2767 legem
3231 2693 3290 2750 in
3347 2694 3415 2748 12
3451 2693 3640 2764 capite

2002 2781 2216 2838 littera
2246 2789 2302 2838 A.

2072 2871 2340 2944 Episcopi
2371 2875 2757 2946 praecautione
2787 2890 2972 2948 neque
2992 2877 3261 2933 monachi
3293 2895 3478 2951 neque
3518 2894 3641 2933 mo-

2003 2961 2200 3016 nachae
2234 2978 2334 3032 per
2362 2962 2622 3021 civitates
2650 2965 2942 3034 oberrant,
2971 2967 3069 3021 sed
3109 2983 3213 3039 per
3242 2968 3644 3040 apocrisiarios

2003 3051 2412 3121 responsiones
2431 3068 2567 3108 suas
2598 3053 2758 3124 dent,
2791 3055 2850 3110 in
2883 3057 3246 3114 monasteriis
3267 3056 3387 3114 suis
3415 3073 3642 3129 perma-

2005 3144 2230 3196 nentes.
2263 3143 2460 3208 Quasre
2488 3142 2668 3200 etiam
2697 3143 2758 3200 in
2778 3144 2814 3196 7
2844 3144 3030 3216 capite
3051 3143 3254 3203 littera
3283 3151 3347 3202 Κ.

2076 3319 2136 3375 Si
2176 3319 2308 3392 quis
2336 3321 2650 3378 monachae
2692 3325 3108 3381 monasterium
3140 3325 3462 3400 reliquerit,
3495 3334 3554 3386 et
3581 3331 3641 3387 in

2001 3407 2335 3464 saecularem
2368 3408 2544 3465 vitam
2576 3412 2894 3481 transierit,
2926 3413 3037 3470 iste
3077 3413 3286 3472 militia
3326 3425 3381 3474 et
3423 3419 3643 3478 honore

1996 3495 2070 3569 (si
2101 3512 2273 3568 quem
2303 3497 2594 3572 habuerit)
2617 3503 2904 3573 spoliatus
2937 3504 3124 3576 primo
3156 3521 3190 3560 a
3218 3503 3329 3561 loci
3372 3508 3639 3582 episcopo

1998 3594 2056 3647 et
2084 3593 2373 3662 praefecto,
2397 3595 2605 3652 deinde
2635 3613 2768 3652 cum
2818 3598 2888 3654 iis
2935 3616 3078 3670 quas
3136 3599 3390 3672 possidet
3439 3603 3634 3674 rebus,

1998 3679 2059 3736 in
2091 3682 2445 3739 monasterio
2475 3684 2563 3741 vel
2591 3686 2808 3743 invitus
2838 3688 3184 3746 detineatur.

2067 3863 2172 3926 Qui
2201 3867 2576 3923 monasticam
2608 3875 2996 3942 susceperunt
3015 3872 3215 3943 vitam,
3249 3890 3435 3946 neque
3461 3894 3636 3936 cura-

1999 3953 2333 4019 torestiant,
2369 3973 2556 4028 neque
2599 3963 2838 4028 tutores,
2904 3977 3092 4035 neque
3129 3964 3375 4022 aliorum
3425 3985 3636 4026 causas

1999 4048 2192 4112 agant,
2216 4058 2404 4114 neque
2425 4046 2473 4100 si
2495 4049 2724 4120 cognati
2755 4049 2895 4120 sint,
2918 4052 3018 4124 qui
3042 4051 3207 4109 litem
3250 4056 3487 4126 habent,
3523 4059 3635 4115 nisi

1999 4145 2103 4200 pro
2132 4146 2236 4186 suo
2267 4131 2390 4189 solo
2421 4137 2790 4209 monasterio,
2831 4145 2889 4196 et
2926 4148 3063 4198 tunc
3105 4158 3340 4218 quoque
3383 4148 3636 4218 praefecti

1999 4233 2309 4277 consensu.

2067 4308 2125 4398 Si
2158 4309 2480 4369 monachus
2511 4316 2810 4388 proprium
2867 4322 3286 4380 monasterium
3336 4323 3637 4398 reliquerit

1995 4399 2054 4452 et
2081 4397 2138 4452 in
2171 4398 2328 4454 aliud
2359 4404 2672 4474 transierit,
2696 4423 3080 4484 quascunque
3110 4431 3200 4469 res
3230 4430 3334 4486 per
3371 4416 3428 4471 id
3474 4397 3636 4472 tem-

1999 4505 2129 4558 pus,
2163 4505 2278 4560 quo
2309 4495 2724 4552 monasterium
2757 4499 3080 4572 reliquerit,
3107 4503 3321 4561 habere
3349 4505 3636 4562 videbitur

219 4568 296 4635 τῷ
323 4564 546 4638 πρώτῳ
610 4563 978 4640 μοναστηρίῳ,
1011 4563 1087 4628 εἷς
1127 4566 1158 4621 ’ὀ
1189 4567 1430 4639 εἰσῆλθε,
1477 4567 1644 4623 ταῦτα
1701 4567 1882 4650 διαφέ-

2012 4579 2060 4638 td
2097 4583 2531 4654 monasterium,
2564 4588 2622 4642 in
2663 4589 2818 4659 quod
2851 4563 2922 4647 ab
2967 4591 3129 4650 initio
3177 4595 3472 4666 ingressus
3523 4603 3630 4665 est,

224 4673 328 4726 ρειν
358 4653 698 4727 κελευομεν.

286 4742 748 4819 ’Δπαγορεῦομεν
783 4749 900 4808 τοῖς
945 4750 1166 4821 γονεῦσι
1200 4747 1342 4812 τοὺς
1397 4746 1594 4812 παῖδας
1639 4770 1878 4826 μοναχι-

224 4833 310 4888 χόν
359 4833 810 4910 ἐπιλεγομένους
871 4835 989 4910 βίον
1044 4835 1104 4891 ἐκ
1167 4843 1274 4892 τῶν
1353 4840 1556 4914 εὐαγῶν
1625 4839 1879 4919 ἀφέλκειν

229 4925 643 5000 μωαστηρίων,
675 4923 712 4993 ἦ
749 4927 849 4994 τῆς
891 4922 1032 4988 ἰδίας
1081 4927 1274 4990 αὐτοὺς
1327 4927 1633 4985 αποκλείειν
1675 4930 1881 5008 κληρο-

229 5014 435 5085 τομίας,
469 5015 518 5070 εἰ
574 5015 668 5070 καὶ
696 5013 848 5069 αἰτία
891 5037 978 5079 τις
1025 5019 1131 5092 πρὸ
1169 5039 1265 5073 του
1297 5024 1602 5096 μοναχικοῦ
1631 5043 1878 5097 παρηκο-

229 5098 454 5174 iet-36159::
487 5103 646 5179 βίου.

288 5191 348 5248 Ὁ
397 5191 631 5265 μέλλων
680 5191 902 5249 εἰσιέναι
957 5193 1034 5257 εἷς
1067 5198 1430 5269 μοναστήριον
1459 5195 1781 5254 διατιθέσθω
1811 5200 1879 5254 τα

233 5284 330 5338 κατ’
371 5285 539 5339 αὐτὸν
593 5284 708 5358 πρὸ
745 5289 848 5353 τῆς
899 5280 1112 5340 εἰσόδου
1141 5287 1306 5342 αὐτοῦ
1332 5307 1345 5319 ·
1387 5286 1503 5344 ἐπεὶ
1531 5293 1872 5364 προσκυροῦ-

230 5387 301 5427 rx:
343 5378 421 5447 τῷ
461 5372 838 5448 μονασοηρίῳ
884 5373 955 5428 τὰ
1002 5371 1166 5428 αὐτοῦ
1204 5377 1392 5448 πάντα,
1427 5377 1473 5431 εἶ’
1502 5380 1592 5432 καὶ
1643 5381 1721 5451 μή
1772 5378 1875 5452 ῥη-

234 5467 318 5524 υἷιις
361 5468 588 5542 piguerat
638 5464 952 5539 εἰσαγαγεῖν
1004 5461 1158 5534 αὐτὰ,
1190 5466 1279 5519 καὶ
1331 5463 1507 5522 οὒκέτι
1559 5465 1707 5522 ἔσται
1755 5469 1874 5522 κατ’

411 5559 628 5632 τρόπον
664 5555 862 5628 κύριος
895 5553 1096 5608 αὐτῶν.

275 5645 334 5701 Ὁ
375 5645 464 5700 ἐπὶ
516 5645 688 5702 παισὶ
738 5643 988 5720 μονάσας
1032 5639 1250 5699 δύναται
1299 5645 1387 5700 καὶ
1445 5646 1579 5721 μετὰ
1605 5648 1668 5702 τὸ
1701 5649 1870 5722 μονά-

1989 4684 2089 4726 eas
2119 4669 2406 4740 pertinere
2423 4671 2447 4742 j
2459 4675 2726 4732 abemus.

2063 4761 2213 4818 195
2242 4763 2645 4822 Interdicimus
2666 4771 3025 4841 parentibus,
3044 4789 3116 4830 ne
3128 4772 3280 4830 ﬁlios
3292 4789 3432 4830 suos
3453 4775 3630 4832 vitam

1992 4849 2372 4904 monasticam
2401 4851 2678 4924 eligentes
2709 4872 2742 4911 a
2771 4857 2992 4915 sanctis
3023 4859 3384 4918 monasteriis
3404 4861 3632 4920 abstra-

1991 4935 2155 5004 hant,
2204 4937 2289 4992 vel
2349 4939 2680 5000 haereditate
2728 4962 2834 5000 sua
2868 4945 3000 5004 illos
3048 4949 3450 5019 submoveant,
3493 4952 3624 5010 licet

1989 5030 2123 5082 ante
2153 5025 2328 5084 vitam
2361 5030 2746 5090 monasticam
2775 5052 2955 5093 causa
2983 5038 3182 5111 aliqua
3209 5041 3537 5098 accesserit.

2059 5213 2164 5280 Qui
2198 5216 2612 5273 monasterium
2655 5217 2958 5290 ingressus
3005 5225 3116 5290 est,
3165 5237 3292 5292 quae
3342 5239 3450 5278 sua
3489 5231 3628 5282 sunt

1987 5305 2121 5356 ante
2144 5302 2477 5375 ingressum
2507 5308 2634 5380 ejus
2665 5312 2926 5378 testetur,
2958 5311 3232 5381 quoniam
3259 5327 3464 5370 omnes
3495 5315 3625 5386 ejus

1985 5388 2290 5449 facultates
2321 5395 2391 5449 ad
2417 5397 2837 5453 monasterium
2887 5397 2975 5468 adj
2989 5397 3318 5466 udicantur,
3351 5401 3460 5458 etsi
3509 5421 3625 5461 non

1983 5495 2251 5551 expresse
2282 5483 2533 5541 afﬁrmet
2555 5503 2615 5542 se
2638 5485 3189 5555 illasintroduxisse,
3229 5503 3332 5544 nec
3376 5491 3626 5566 amplius

1982 5569 2102 5626 ullo
2135 5572 2306 5629 modo
2335 5575 2447 5630 erit
2475 5574 2711 5632 illarum
2742 5575 3034 5632 dominus.

2051 5659 2180 5731 Qui,
2213 5677 2345 5719 cum
2387 5663 2596 5724 habeat
2638 5665 2874 5737 liberos,
2914 5665 3240 5728 monachus
3271 5667 3358 5742 fit,
3385 5670 3438 5729 ei
3465 5670 3623 5744 licet,
