4060 6228
341 355 420 414 59
463 363 466 368 ‘
1623 374 1991 438 MATTHJEI

2119 372 2464 434 IASTARIS
3358 405 3363 409 -
3676 377 3758 438 60

343 493 430 550 vel
459 500 771 568 postquam
805 505 1222 560 monasterium
1255 506 1554 580 ingressus
1575 515 1682 580 est,
1706 512 1860 569 bona
1879 529 1990 568 sua

2119 525 2189 560 παι
2247 503 2448 563 διελεῖν
2503 510 2602 578 τὴν
2662 507 2848 564 οὐσίαν
2906 508 3076 565 αὐτοῦ
3149 516 3266 574 τοῖς
3341 508 3502 574 ἰδίοις
3576 511 3753 566 παισὶν

342 581 497 640 inter
526 586 677 644 ﬁlios
707 606 847 644 suos
879 589 1154 662 dividere,
1207 611 1381 652 unam
1433 609 1650 670 partem
1695 602 1808 658 sibi
1857 602 1998 659 reti-

344 689 510 740 nens,
534 691 706 746 quam
741 677 916 734 etiam
947 685 1300 740 monasterio
1331 687 1673 761 despondet.

413 762 472 818 Si
506 766 828 822 monachus
859 768 1166 828 intestatus
1187 775 1486 847 moriatur,
1509 781 1650 835 tunc
1674 779 1845 836 liberi
1867 781 1995 852 eius

345 851 419 942 ab
463 853 736 942 intestato
796 855 1194 917 hereditatem
1247 865 1552 938 accipient,
1595 869 1703 925 hoc
1753 875 1860 938 est,
1893 851 1997 942 per

344 941 640 999 t'alcidiam
665 943 874 1017 legem,
899 948 1126 1022 reliqua
1146 968 1275 1010 vero
1299 957 1651 1014 monasterio
1673 941 1992 1018 donantur.

414 1126 790 1196 Imperatoris
854 1133 1065 1187 Leonis
1122 1135 1368 1208 novella,
1409 1142 1731 1198 secundum
1773 1143 1992 1200 dictum

339 1213 878 1286 synodicanonem,
907 1219 1096 1278 tilium
1141 1225 1375 1294 quidem
1418 1229 1618 1286 decem
1661 1248 1849 1288 annos
1879 1250 1992 1289 na-

340 1309 461 1356 tum
495 1308 918 1363 monasterium
940 1309 1167 1381 ingredi
1186 1315 1372 1386 jubet,
1397 1322 1454 1374 et
1474 1322 1862 1378 mouasticum
1893 1321 1994 1380 ha-

345 1392 532 1448 bitum
566 1393 830 1466 induere,
865 1416 976 1454 non
1010 1407 1206 1459 autem
1256 1407 1328 1463 de
1359 1408 1528 1466 bonis
1587 1410 1711 1468 suis
1767 1413 1990 1482 testari,

343 1481 526 1539 donec
559 1484 626 1538 16
655 1484 743 1540 vel
766 1487 834 1542 17
863 1505 1047 1546 annos
1069 1491 1342 1565 attigerit.
1377 1497 1643 1556 Arbitror
1685 1500 1868 1570 enim,
1903 1481 1994 1559 in'

343 1571 490 1642 quit,
519 1575 674 1644 quod
695 1575 781 1631 vel
799 1577 872 1633 ob
893 1579 1045 1636 hanc
1070 1585 1354 1641 rationem
1379 1603 1628 1660 magnus
1657 1591 1910 1649 Basilius
1932 1593 1993 1650 in

343 1676 451 1716 suo
478 1663 740 1752 ascetico
804 1666 952 1725 libro
1009 1669 1117 1728 hoc
1183 1673 1375 1747 ipsum
1423 1683 1649 1749 tempus
1695 1682 1990 1752 statuerit,

345 1749 496 1841 quod
523 1749 675 1841 nihil
706 1757 878 1824 vetat,
909 1756 1052 1828 quin
1083 1759 1192 1818 hac
1219 1765 1384 1820 aetate
1412 1764 1484 1820 de
1511 1765 1638 1822 suis
1667 1766 1836 1824 bonis
1857 1749 1993 1841 pos;

348 1836 468 1892 sint
505 1839 841 1901 deliberare.

427 2015 727 2078 Monachis
776 2024 992 2096 duplex
1023 2044 1171 2100 opus
1213 2047 1342 2088 esse
1388 2039 1634 2106 oportet,
1679 2034 1766 2092 vel
1811 2035 1996 2094 sacris

359 2105 674 2178 Scripturis
703 2115 968 2184 occupari
998 2122 1054 2172 et
1082 2118 1140 2173 in
1198 2119 1270 2176 iis
1313 2139 1542 2194 semper
1591 2124 1874 2194 meditari,
1906 2125 1998 2182 vel

360 2210 486 2264 qua:
508 2200 821 2257 monachos
851 2203 1058 2261 decent
1087 2223 1367 2266 manuum
1389 2212 1752 2283 operationes
1773 2213 1994 2272 subire.

357 2285 497 2343 Nam
522 2287 790 2361 cogitatio
809 2307 954 2364 vaga
983 2298 1041 2349 et
1067 2295 1252 2354 otiosa
1280 2297 1422 2354 nihil
1448 2299 1577 2356 boni
1609 2301 1896 2372 producit.

427 2469 656 2542 Laicus,
680 2477 738 2530 et
769 2475 1014 2534 maxime
1034 2479 1326 2548 scenicos,
1365 2483 1452 2538 vel
1501 2483 1830 2551 fornicator,
1864 2501 1992 2558 por-

351 2562 482 2614 tans
511 2561 596 2615 vel
627 2560 865 2620 imitans
896 2569 1284 2626 mouasticum
1317 2577 1374 2626 et
1405 2580 1669 2630 sanctum
1701 2573 1992 2644 habitum,

347 2651 724 2722 corporaliter
750 2655 1016 2724 punitur,
1029 2666 1084 2712 et
1113 2658 1185 2714 ab
1215 2660 1505 2732 episcopis
1535 2667 1592 2718 et
1633 2663 1994 2735 magistrati-

346 2737 458 2796 bus
491 2739 817 2813 relegatur;
849 2750 917 2800 ut
941 2747 1038 2818 qui
1083 2745 1260 2805 alicui
1309 2751 1734 2809 ecclesiastica
1771 2753 1992 2810 consti-

345 2827 820 2890 tutioniilludere
851 2835 1182 2895 meditatur.
1216 2840 1416 2905 Quzere
1436 2845 1494 2896 et
1533 2841 1590 2896 in
1641 2843 1709 2897 33
1749 2859 1876 2914 cap.
1901 2839 1990 2898 lit-

341 2920 478 2973 teras
506 2923 564 2977 E.
597 2923 782 2986 Quare
810 2923 1061 2982 etiamin
1093 2927 1162 2982 43
1191 2944 1320 3000 cap.
1352 2928 1555 2986 litterae
1589 2935 1648 2987 E.

665 3103 820 3161 CAP.
859 3106 1009 3164 XVI.
1043 3111 1115 3166 De
1143 3113 1326 3166 sancto
1353 3111 1662 3183 unguenda.

2106 593 2390 670 φυλάττων
2451 597 2623 670 ἐαυτῷ
2685 599 2847 673 μέρος
2901 599 2980 670 ἓν,
3029 600 3058 655 ὃ
3114 599 3207 654 καὶ
3261 605 3342 673 τῷ
3403 599 3748 676 μοναστηρίῳ

2099 687 2354 760 ἁρμόζει.

2175 778 2299 836 Ἐὰν
2342 775 2622 840 ἀδιάθετος
2655 781 2683 834 ὁ
2735 781 2977 852 μονάσας
3002 777 3328 856 τελεῆτήσῃ,
3358 783 3481 836 τότε
3529 783 3582 836 οἱ
3630 787 3750 838 παῖ-

2105 864 2192 922 δες
2249 867 2416 922 αὐτοῦ
2479 868 2748 942 λήψονται
2795 871 2898 938 τήν
2941 868 2995 940 ἐξ
3025 869 3314 926 ἂδιαθέτου
3351 870 3751 944 κληρονομίαν,

2103 954 2350 1012 τουτέστι
2368 956 2430 1012 τὸ
2461 953 2770 1034 φαλκίδιον,
2802 957 2892 1012 καὶ
2941 959 3006 1012 τὰ
3053 955 3226 1014 λοιπᾶ
3269 955 3482 1014 δίδοται
3529 957 3609 1031 τῷ
3643 981 3751 1033 μο-

2104 1047 2406 1119 ναστηρίῳ.

2171 1135 2236 1190 Ἡ
2277 1131 2335 1189 δὲ
2389 1135 2549 1210 νεαρᾶ
2603 1139 2701 1190 τοῦ
2761 1134 3030 1209 βασιλέως
3085 1132 3316 1200 Λέοντος
3376 1134 3602 1203 δεκαετῆ
3655 1137 3756 1210 μὲν

2103 1221 2321 1278 εἰσιέναι
2366 1224 2428 1279 τὸ
2491 1225 2854 1298 μοναστήριον
2922 1225 3017 1280 τὸν
3089 1223 3258 1280 παῖδα
3331 1225 3563 1295 κελεύει,
3613 1226 3752 1281 κατᾶ

2101 1315 2191 1368 τὸν
2244 1315 2470 1388 ῥηθέντα
2525 1322 2626 1384 τῆς
2683 1319 2730 1379 ς’
2777 1313 3000 1370 συνόδου
3055 1315 3276 1390 κανόνα,
3307 1317 3396 1371 καὶ
3453 1317 3514 1372 τὸ
3571 1338 3747 1389 μονα-

2103 1405 2260 1478 χικὸν
2319 1411 2515 1480 σχῆμα
2563 1401 2886 1478 λαμϐάνειν,
2921 1406 2997 1478 μή
3061 1407 3245 1480 μέντοι
3293 1406 3382 1461 καὶ
3415 1402 3726 1461 διατίθεσθα

2100 1493 2225 1567 περὶ
2285 1499 2393 1548 τῶν
2467 1493 2706 1566 οἰκείων,
2750 1494 2948 1572 μέχρις
3003 1493 3063 1550 ἂν
3120 1496 3149 1550 ὁ
3211 1496 3276 1560 ις’
3331 1494 3367 1565 ἢ
3429 1497 3492 1565 ιζ’
3550 1494 3745 1570 ἐπιστῇ

2099 1581 2321 1656 χρόνος.
2354 1583 2518 1656 Οἶμαι
2577 1583 2702 1660 γὰρ,
2735 1584 2891 1658 φησί,
2921 1579 3010 1638 διὰ
3062 1587 3226 1640 τοῦτο
3280 1585 3370 1639 καί
3428 1585 3519 1640 τὸν
3577 1583 3745 1659 μεγαν

2099 1670 2385 1730 Βασίλειον
2451 1671 2666 1728 τουτονὶ
2721 1671 2814 1728 τὸν
2871 1674 3073 1748 χρόνον
3132 1672 3308 1748 ὁρίσαι
3361 1673 3414 1728 ἐν
3461 1677 3532 1747 τῇ
3571 1675 3742 1739 ἀσκη-

2099 1762 2227 1838 τικῇ
2277 1766 2441 1818 αὑτοῦ
2494 1757 2800 1838 βίϐλῳ,ὡς
2849 1761 3016 1837 μηδὲν
3065 1759 3322 1838 ἐμποδὼν
3365 1759 3538 1834 ,οὔσης
3584 1785 3745 1834 τηνιο

2020 1861 2069 1926 Β
2097 1857 2268 1908 καῦτα
2324 1857 2424 1920 τῆς
2478 1851 2704 1924 ἡλικίας
2735 1853 2812 1915 εἰς
2866 1854 2930 1910 τὸ
2969 1853 3094 1929 περὶ
3121 1857 3226 1909 τῶν
3263 1853 3476 1909 οἰκείων
3511 1853 3748 1930 βουλεύ-

2103 1943 2316 2002 σκσθαι.

2177 2037 2267 2087 Δεῖ
2295 2029 2352 2088 δὲ
2383 2029 2613 2089 διπλοῦν
2642 2035 2704 2089 τὸ
2731 2029 2888 2110 ἔργον
2916 2038 3032 2096 τοῖς
3066 2039 3332 2109 μοναχοῖς
3369 2033 3528 2104 εἶναι,
3559 2035 3594 2104 ἢ
3625 2040 3746 2097 ταῖς

2105 2122 2273 2184 θείαις
2322 2119 2730 2197 ἐνασχολεῖσθαι
2777 2127 3034 2201 Γραφαῖς,
3094 2123 3185 2178 καὶ
3230 2122 3449 2186 ταύταις
3515 2122 3598 2178 ἀεὶ
3653 2144 3746 2198 με·

2107 2205 2289 2280 λετᾷν,
2320 2207 2356 2278 ἢ
2386 2208 2452 2264 τὰ
2493 2213 2762 2284 μοναχοῖς
2811 2209 3092 2284 πρέποντα
3133 2207 3424 2284 ἐργόχειρα
3483 2207 3746 2283 μετιέναι.

2107 2297 2326 2353 Διάνοια
2371 2299 2478 2376 γὰρ
2529 2297 2702 2372 μάτην
2752 2298 3102 2374 σχολάζουσα
3145 2295 3299 2355 οὐδὲν
3331 2297 3390 2354 ἂν
3449 2303 3555 2354 τῶν
3615 2300 3748 2376 ἀγα-

2105 2390 2211 2442 θῶν
2239 2387 2518 2445 ἀποτέκοι.

2175 2479 2399 2550 Λαῖκὸς,
2430 2478 2519 2534 καὶ
2579 2478 2818 2552 μάλιστα
2865 2480 3141 2550 σκηνικὸς,
3171 2479 3206 2547 ἦ
3251 2479 3498 2551 πόρνοις,
3528 2501 3749 2556 κεχρη-

2105 2570 2264 2644 μένος
2293 2569 2327 2639 ἢ
2363 2569 2701 2644 μιμούμενος
2737 2570 2800 2624 τὸ
2851 2571 3147 2646 μοναχικὸν
3193 2571 3285 2625 καὶ
3332 2571 3488 2646 ἅγιον
3521 2577 3742 2649 σχῆμα,

2101 2662 2427 2732 σωματικῶς
2498 2663 2846 2734 τιμωρεῖται,
2903 2659 2994 2714 καὶ
3067 2657 3359 2735 ἐξορίζεται
3422 2661 3560 2735 πρὸς
3633 2664 3744 2715 τῶν

2097 2747 2408 2803 ἐπισκόπων
2463 2748 2553 2802 καὶ
2607 2751 2714 2802 τῶν
2775 2747 3094 2823 ἀρχόντων
3143 2747 3402 2811 ὡσαύτως
3457 2747 3608 2804 καὶὸ
3639 2747 3743 2822 ἐμ-

2095 2839 2284 2909 παῖξαι
2361 2835 2653 2912 βουληθεὶς
2727 2834 3045 2908 οἱανδήτινα
3116 2835 3576 2908 ἐκκλησιαστικήν
3645 2858 3738 2893 και

2093 2928 2368 2983 τάστασιν.
2399 2927 2556 2998 Ζήτει
2601 2925 2691 2981 καὶ
2738 2922 2791 2980 ἓν
2822 2931 2904 3000 τῷ
2941 2925 3030 3003 λγ¹
3061 2947 3182 3001 κεφ.
3214 2931 3310 2983 τνῦ
3356 2929 3399 2986 E
3429 2926 3726 3004 στοιχείουο

2092 3017 2250 3087 Ζήτει
2278 3013 2369 3070 καὶ
2399 3013 2452 3070 ἐν
2477 3018 2558 3088 τῷ
2590 3015 2658 3088 ιγ’
2678 3034 2796 3093 κεφ.
2825 3019 2922 3070 τοῦ
2953 3022 2993 3071 Ε
3020 3015 3321 3092 στοιχείου.

2267 3108 2524 3163 ΚΕΦΔΛ.
2565 3104 2689 3180 ις’.
2732 3104 2886 3180 Περὶ
2926 3111 3042 3161 τοῦ
3082 3106 3276 3181 ἁγίου
3319 3106 3547 3182 μύρου.

413 3190 614 3255 Quare
641 3191 703 3249 in
729 3193 766 3248 9
809 3197 998 3268 capite
1043 3197 1220 3266 huius
1267 3199 1467 3256 litteras
1506 3218 1787 3260 canonem
1825 3202 1980 3259 deci-

2163 3197 2321 3266 Ζήτει
2377 3194 2428 3250 ἐν
2477 3198 2558 3268 τῷ
2588 3197 2630 3250 θ’
2655 3198 2894 3272 κεφ.τοῦ
2941 3194 3209 3269 παρόντος
3251 3196 3530 3276 στοιχείου
3572 3197 3729 3255 κανό-

343 3294 504 3334 mum
534 3285 762 3338 sextum
793 3286 998 3357 synodi
1028 3287 1362 3360 Carthagin.
1419 3293 1477 3346 et
1506 3290 1564 3345 in
1596 3291 1622 3347 1
1657 3291 1845 3363 capite
1893 3293 1986 3348 lit-

2122 3305 2154 3340 α
2187 3287 2254 3348 ις’
2282 3290 2382 3354 τῆς
2434 3282 2487 3338 ἐν
2544 3282 2855 3359 Καρθαγένῃ
2913 3281 3164 3354 συνόδου,
3195 3287 3284 3342 καὶ
3321 3285 3376 3341 ἐν
3424 3291 3506 3359 τῷ
3535 3289 3582 3342 α’
3611 3307 3733 3368 κεφ.

342 3371 476 3425 teras
509 3375 547 3424 Β
575 3388 706 3427 can.
739 3373 808 3428 48
838 3375 1045 3448 synodi
1075 3375 1429 3434 Laodicenis.

688 3576 850 3634 I98
881 3578 1166 3637 INlTlUM
1205 3581 1541 3636 LITTERIE
1579 3584 1646 3638 N.

340 3666 495 3723 CAP.
549 3670 591 3722 Ι.
653 3668 726 3723 De
769 3668 1126 3796 temptarunt.
1156 3670 1527 3739 adi/imitans
1589 3676 1642 3727 et
1709 3687 1988 3728 eonseera~

1102 3757 1246 3796 zone.

1102 3757 1246 3798 zone.

415 3829 616 3892 Quaere
645 3832 711 3882 12
738 3835 909 3900 caput
939 3829 1140 3886 litteras
1181 3835 1240 3886 E.

345 3952 498 4013 CAP.
531 3954 622 4027 ll.
661 3954 814 4018 Quod
864 3971 976 4010 non
1022 3963 1232 4026 oportet
1298 3960 1449 4012 intra
1519 3958 1713 4027 templi
1755 3958 1997 4014 ambitus

409 4024 657 4081 convivia
677 4027 821 4100 fieri,
850 4027 932 4082 vel
976 4024 1250 4098 cauponas
1267 4043 1398 4088 esse.
1439 4029 1518 4084 vel
1548 4024 1762 4100 aliquid
1798 4045 1995 4086 venum

417 4099 637 4166 exponi,
667 4097 750 4152 vel
769 4099 1085 4167 jumenlum
1113 4100 1318 4170 absque
1347 4097 1662 4156 necessitate
1695 4101 1991 4170 introduci,

416 4170 498 4224 vel
527 4171 772 4242 aliquem
797 4185 923 4226 cum
948 4185 1078 4228 cum
1104 4173 1338 4228 muliere
1353 4187 1695 4244 permanere.

417 4369 616 4433 Quaere
651 4368 716 4422 15
745 4373 919 4440 caput
951 4367 1174 4425 litterae.
1209 4371 1272 4426 E.

346 4475 500 4532 CAP.
540 4473 636 4530 III.
669 4477 747 4531 De
767 4474 1362 4551 infantibus‘exposilis
1383 4477 1467 4534 vel
1495 4477 1562 4551 de
1607 4479 1808 4551 quibus
1834 4478 1996 4534 dubi-

773 4552 944 4616 tatur,
971 4565 1046 4604 an
1068 4548 1338 4620 baptizali
1361 4550 1600 4620 fuerint.

419 4636 707 4700 Quere29
735 4642 911 4710 caput
940 4637 1140 4695 littere
1168 4643 1229 4710 I‘,
1273 4643 1330 4696 et
1382 4641 1441 4695 in
1497 4641 1756 4697 secundo
1804 4639 1994 4712 capite

345 4725 550 4783 littera
574 4730 639 4782 Β.
942 4777 949 4780 .

841 4816 996 4873 CAP.
1040 4817 1129 4873 IV.
1162 4819 1237 4876 De
1256 4817 1492 4891 jejunio.

415 4907 763 4964 Sanctorum
799 4906 1190 4979 apostolorum
1211 4909 1283 4962 69
1304 4925 1487 4964 canon
1511 4906 1715 4964 fideles
1735 4905 1992 4973 Quadra-

345 4995 625 5070 gesimale
657 5000 888 5068 tempus
919 5001 1054 5052 ante
1083 5003 1355 5054 sanctum
1405 4997 1589 5053 Pasha
1637 4994 1782 5051 nihil
1818 4994 1985 5068 quid-

347 5103 523 5158 quam
553 5086 732 5142 studii
781 5086 1141 5143 remittentes
1172 5087 1398 5158 jejunio
1435 5085 1770 5142 incumbere
1819 5083 1990 5154 jubet

346 5180 404 5231 et
423 5173 818 5244 continentiae,
851 5175 910 5231 in
951 5175 1294 5231 memoriam
1313 5176 1550 5247 quidem
1575 5189 1850 5231 revocans
1868 5173 1990 5228 dies

344 5263 498 5330 illos,
531 5264 588 5319 in
623 5265 838 5336 quibus
869 5264 1386 5334 Dominusjejunio
1435 5264 1756 5320 instructus
1802 5261 1994 5333 quoad

352 5352 1063 5422 bumanitatem,hostem
1099 5357 1362 5409 nostrum
1385 5354 1582 5426 cepit:
1632 5368 1800 5425 porro
1837 5355 1894 5408 et
1938 5351 1997 5406 in

342 5440 544 5512 quovis
577 5449 786 5515 quarto
811 5446 904 5500 die
925 5451 984 5502 et
1003 5449 1319 5500 Parasceve
1343 5441 1801 5513 uniuscujusque
1839 5445 1999 5496 caste-

355 5545 555 5587 rarum
603 5535 743 5590 anni
793 5535 1273 5606 septimanarum,
1318 5531 1584 5588 similiter
1648 5531 1914 5602 jejunare
1949 5531 2005 5584 et

350 5619 536 5678 aridis
569 5624 742 5679 vesci.
777 5623 896 5680 Illis
925 5621 1274 5696 autem,qui
1299 5621 1362 5676 in
1392 5621 1487 5676 his
1535 5619 1815 5676 omnibus
1849 5617 2006 5689 jeju-

356 5715 523 5774 nium
553 5729 672 5774 non
697 5713 962 5786 tolerant,
992 5711 1218 5774 clericis
1264 5712 1524 5786 quidem,
1556 5709 2000 5785 depositionem,

2021 4579 2070 4644 D

2093 3377 2190 3427 τοῦ
2247 3378 2284 3426 Β
2341 3371 2618 3447 στοιχείου
2673 3373 2866 3428 κανόνα
2925 3375 3019 3446 μη¹
3045 3381 3145 3445 τῆς
3187 3373 3239 3430 ἐν
3289 3372 3579 3450 Λαοδικείᾳ
3602 3397 3730 3432 συν-

2097 3459 2247 3520 όδου.

2488 3553 2668 3608 ΑΡΧΗ
2705 3559 2830 3608 ΤΟΥ
2866 3558 2914 3611 Ν
2953 3559 3332 3613 ΣΤΟΙΧΕΙΟΥ.

2101 3665 2354 3716 ΚΕΦΔΛ.
2407 3660 2488 3716 Α’.
2539 3661 2692 3734 Περὶ
2761 3663 2931 3750 ναῴν
2997 3659 3368 3736 οἰκοδομῆς
3425 3683 3534 3718 και
3589 3665 3743 3718 καθ-

2743 3751 3099 3806 ιερωσεως.

2173 3821 2329 3890 Ζήτει
2357 3820 2421 3874 τὸ
2456 3821 2526 3894 ιβ’
2552 3840 2670 3898 κεφ.
2700 3824 2798 3875 τοῦ
2830 3823 2871 3876 Ε
2901 3820 3204 3896 στοιχείου.

2105 3947 2364 4002 ΚΕΦΑΛ.
2408 3947 2481 4002 Β’.
2509 3947 2653 4000 "Ott
2694 3945 2764 3999 οὐ
2805 3941 2904 4000 δεῖ
2948 3941 3132 4002 ἔνδον
3166 3949 3291 4002 τῶν
3331 3955 3446 4004 τοῦ
3484 3953 3604 4006 νεὼ
3645 3974 3746 4008 πε-

2177 4015 2468 4093 ριϐόλων
2529 4016 2866 4093 συμπόσια
2924 4017 3249 4093 γίνεσθαι,
3307 4022 3341 4088 ἤ
3402 4023 3744 4093 καπηλεῖα

2177 4087 2372 4159 εἶναι,
2412 4087 2447 4158 ἤ
2497 4110 2559 4142 τι
2616 4091 2791 4166 κατ’-
2825 4087 3172 4166 ἐμπορίαν-
3206 4087 3665 4166 προτίθεσθαι,
3705 4097 3744 4166 ἢ

2177 4169 2424 4238 κτῆνος
2493 4161 2706 4238 χωρὶς
2767 4161 3056 4238 ἀνάγκης
3121 4161 3432 4238 εἰσάγειν,
3489 4164 3527 4235 ἤ
3592 4161 3747 4222 τινα

2181 4233 2340 4306 μετὰ
2377 4231 2686 4307 γυναικὸς
2725 4231 3141 4304 καταμένειν.

2177 4359 2336 4428 Ζήτει
2364 4355 2426 4412 τό
2461 4359 2524 4412 ιε’
2552 4377 2674 4432 κεφ.
2704 4361 2801 4412 τοῦ
2834 4363 2873 4412 Ε
2901 4361 3208 4434 στοιχείου.

2107 4464 2476 4547 ΚΕΦΑΑ.ΩΓ’;
2505 4462 2668 4547 μερί
2705 4463 3521 4547 νηπίωνέκτιθιιμένωηῆ
3561 4469 3750 4547 ἀμφι.

2365 4530 2825 4608 ϐαλλομένων,
2865 4535 2920 4592 εἰ
2960 4530 3476 4610 ἐϐαπτίσθησαν.

2169 4627 2328 4695 Ζήτει
2373 4623 2435 4678 τὸ
2473 4625 2554 4679 κθ¹
2585 4644 2704 4702 κεφ.
2746 4628 2842 4680 τοῦ
2890 4630 2928 4680 Γ
2981 4628 3284 4706 στοιχείου,
3315 4629 3405 4684 καὶ
3439 4631 3502 4684 τὸ
3621 4651 3746 4707 κεφ.

2097 4719 2194 4772 τοῦ
2226 4715 2269 4771 Β
2300 4713 2600 4788 στοιχείου.

2443 4807 2696 4860 ΚΕΦΑΔ.
2737 4804 2809 4862 A'.
2852 4805 3012 4880 Περὶ
3050 4807 3384 4877 νηστείας.

2169 4894 2226 4949 '0
2256 4893 2332 4964 50'
2381 4896 2490 4947 τῶν
2546 4890 2718 4966 ἁγίων
2777 4891 3100 4950 ἀποστόλων
3148 4897 3327 4952 κανὼν
3373 4898 3466 4952 τὸν
3513 4899 3620 4972 πρὸ
3646 4903 3748 4954 τοῦ

2100 4983 2258 5060 ἁγίου
2345 4982 2540 5056 Πάσχα
2609 4983 3182 5058 τεσσαρακονθήμερον
3264 4988 3490 5064 χρόνον,
3572 4985 3748 5060 μηδὲν

2100 5069 2342 5141 σπουδῆς
2401 5069 2528 5132 τοὺς
2606 5075 2830 5134 πιστοὺς
2895 5073 3156 5144 ἀνιέστας,
3214 5077 3437 5148 νηστείᾳ
3511 5077 3750 5148 θεσπίζει

2102 5161 2458 5240 προσανέχειν
2511 5161 2601 5216 καὶ
2651 5161 2952 5235 ἐγκρατείᾳ,
3008 5163 3086 5223 εἰς
3147 5165 3370 5238 μνήμην
3445 5163 3588 5240 ἄγων
3639 5171 3752 5221 τῶν

2104 5256 2329 5326 ἡμερῶν
2378 5249 2555 5320 δήπου
2611 5249 2841 5319 ἐκείνων,
2893 5249 2944 5306 ἐν
3013 5254 3100 5316 αἷς
3155 5254 3184 5308 ὁ
3253 5253 3474 5328 Κύριος,
3533 5255 3755 5328 νηστείᾳ

2109 5343 2452 5418 φραξάμενος
2499 5342 2633 5395 κατὰ
2669 5341 2732 5395 τὸ
2780 5341 3142 5416 ἀνθρώπινον,
3183 5343 3274 5399 τὸν
3323 5342 3588 5420 ἡμέτερον
3636 5344 3753 5400 εἷλε

2111 5432 2382 5504 πολέμιον
2410 5449 2422 5462 ·
2469 5429 2531 5484 οὗ
2585 5432 2690 5502 μὴν
2737 5429 2882 5486 ἀλλά
2930 5433 3016 5486 καὶ
3067 5438 3238 5488 πᾶσαν
3269 5434 3497 5508 τετράδα
3525 5433 3616 5488 καὶ
3649 5439 3761 5488 Πα-

2115 5521 2380 5597 ρασκευήν
2422 5519 2650 5589 ἑκάστης
2703 5522 2811 5574 τῶν
2861 5518 3047 5578 ἄλλων
3095 5525 3192 5578 τοῦ
3239 5522 3480 5578 ἐνιαυτοῦ
3511 5518 3758 5596 ἕϐδομά-

2118 5610 2250 5678 δων,
2281 5608 2332 5678 ἐξ
2389 5606 2510 5680 ἴσης
2568 5607 2795 5664 ἐκείναις
2850 5608 2902 5665 ἐν
2949 5613 3170 5684 νηστείᾳ
3227 5607 3425 5687 διάγειν
3475 5614 3565 5668 καὶ
3605 5615 3760 5690 ξηροο

2119 5699 2306 5781 φαγίᾳ.
2364 5703 2485 5761 Τοῖς
2538 5719 2602 5775 γε
2659 5701 2766 5773 μὴν
2847 5699 2946 5758 οὐκ
3009 5703 3364 5778 ἀνεχομένοις
3421 5702 3474 5762 ἐν
3530 5703 3758 5771 ταύταις
