4080 6224
231 377 292 440 lii
1259 375 1686 439 SYNTAGMA
1727 373 2366 472 ALPHABETICUM.
2412 409 2490 423 -—
2533 377 2607 436 N.
3002 465 3003 468 η
3555 367 3634 428 62

231 511 463 572 ἁπάσαις
511 509 808 578 νηστεύειν,
861 509 1150 586 κληρικοῖς
1211 510 1306 582 μὲν
1361 511 1696 584 καθαίρεσιν,
1757 507 1886 564 λαϊ-

2009 509 2165 566 laicis-
2182 525 2338 581 vero,
2369 508 2827 582 segregationem
2859 503 3090 577 inﬂigit,
3114 501 3230 558 nisi
3251 499 3402 574 quis,
3423 498 3636 572 inquit,

230 604 346 660 κοῖς
405 597 464 653 δὲ
521 599 828 675 ἀφορισμὸν
888 597 1134 669 ἐπισείει,
1193 599 1238 652 εἰ
1289 601 1478 670 μήπου
1533 618 1636 666 τις,
1695 599 1886 674 φησὶν,

232 689 476 760 ἀσθενείᾳ
532 690 778 763 κάτοχος
833 687 907 744 ὣν
961 687 1218 764 εἴργεται.
1259 693 1322 744 ἸΙ
1379 690 1480 763 γὰρ
1529 689 1753 760 νηστεία
1797 686 1886 743 διὰ

235 780 558 835 ταπείνωσιν
634 778 978 849 ἐπινενόηται
1061 785 1160 847 τῆς
1244 779 1556 854 σφριγὼσης
1639 778 1836 854 σαρκός
1867 794 1882 806 ⁵

233 865 435 936 ταύτης
489 863 549 920 δὲ
596 865 738 938 νόσῳ
783 865 1234 936 κατασταλείσης,
1283 865 1346 920 οὐ
1393 865 1532 922 πάνυ
1588 887 1674 920 τυι
1732 866 1887 938 ἀναγ-

235 957 410 1019 καῖον,
441 950 510 1005 τὸ
554 951 779 1024 νηστείᾳ
806 952 1010 1021 ταύτην
1059 948 1333 1023 δαμάζειν.
1368 951 1510 1012 Τοῦς
1558 955 1688 1028 γοῦν
1737 951 1887 1004 ἀσθε-

249 1046 338 1101 δῶς
371 1037 633 1114 ἔχοντας,
663 1039 752 1097 καὶ
783 1041 882 1107 τήν
911 1039 963 1110 ἐξ
997 1040 1202 1114 ἰχθύων
1233 1037 1441 1110 ἐδωδὴν
1469 1037 1884 1114 προσιεμένους,

247 1129 496 1203 ἄγνωμον
529 1131 610 1200 μή
662 1129 1000 1204 συγγνώμης
1041 1132 1330 1204 τυγχάνειν
1361 1147 1374 1160 ⁸
1425 1132 1598 1202 κρεῶν
1647 1125 1705 1182 δὲ
1739 1127 1884 1190 ὅλως

249 1220 497 1290 ἅψασθαι,
557 1215 712 1272 οὐδὲν
788 1214 1074 1292 διενήνοχε
1151 1213 1512 1286 δυσσεϐείας,.
1548 1217 1594 1272 εἰ
1669 1217 1759 1272 καὶ
1823 1217 1884 1272 τὸ

246 1303 454 1358 λοίσθιὰ
505 1324 590 1365 τις
638 1303 840 1375 πνέων,
881 1309 949 1378 τῇ
1012 1305 1320 1380 μεταλήψει
1373 1306 1580 1360 τούτων
1638 1302 1884 1378 ἁναρῥω-

242 1397 426 1462 σθῆναι
461 1391 632 1449 δοκεῖ.
667 1395 756 1449 Ἐν
811 1395 905 1467 μὲν
935 1415 1020 1449 τοι
1063 1400 1179 1456 τοῖς
1211 1390 1455 1450 Σαϐϐασι
1501 1395 1592 1450 καὶ
1627 1400 1746 1455 ταῖς
1778 1401 1886 1449 Κυ-

238 1487 452 1559 ριακαῑς
493 1483 594 1537 τοῦ
641 1483 1242 1558 τεσσαρακονθημέρου,
1291 1484 1634 1558 ἀφθονωτέρα
1686 1485 1889 1558 κεχρῆ-

237 1574 355 1626 σθαι
383 1576 570 1648 τροφῇ
618 1573 1059 1646 συγκεχώρηται,
1089 1573 1224 1628 κατὰ
1268 1572 1360 1628 τὸν
1397 1575 1468 1646 ξς’
1515 1569 1884 1627 ἀποστολικὸν

237 1660 459 1732 κανόνα,
489 1659 550 1714 ’ὸν
579 1660 669 1716 καὶ
714 1662 866 1731 ζήτει
896 1661 948 1716 ἐν
981 1666 1060 1734 τῷ
1105 1662 1189 1732 λζ’
1219 1682 1338 1740 κεφ.
1367 1666 1466 1718 τοῦ
1507 1669 1544 1717 Κ
1580 1660 1885 1734 στοιχείου.

239 1755 456 1828 Rupit»:
488 1751 546 1810 δὲ
593 1757 628 1825 ἡ
663 1757 769 1832 πρὸ
810 1760 907 1812 τοῦ
945 1756 1101 1833 ἁγίου
1148 1757 1341 1834 Πάσχα
1370 1758 1456 1812 καὶ
1510 1756 1651 1830 μόνη
1703 1774 1888 1811 τεσσα-

239 1845 660 1918 ρακονθήμερος
703 1847 924 1914 νηστεία
971 1845 1393 1919 νενομοθέτηται
1427 1867 1439 1880 ⁸
1498 1845 1544 1901 εἰ
1593 1845 1698 1920 γὰρ
1751 1845 1883 1912 ἦσαν

1994 597 2396 655 imbecillitate
2425 599 2721 663 detentus,
2751 596 3123 668 impediatur.
3151 591 3448 662 Jejunium
3480 587 3638 645 enim

1996 689 2392 745 introductum
2441 689 2548 742 fuit
2596 689 2829 760 propter
2867 684 3190 740 libidinosae
3219 679 3411 738 carnis
3441 677 3642 734 humi-

1996 779 2323 845 liationem;
2357 793 2486 834 eam
2528 794 2662 833 vero
2695 793 2796 848 per
2839 773 3102 830 morbum
3133 772 3259 842 jam
3290 769 3639 840 subjectum,

1997 885 2112 924 non
2133 868 2369 924 omnino
2393 883 2632 924 necesse
2651 867 2762 923 erit
2775 865 3002 936 jejunio
3023 863 3298 934 afﬂigere.
3317 861 3427 916 Eos
3448 863 3639 915 autem

1999 959 2098 1030 qui
2156 957 2306 1014 male
2362 975 2425 1013 se
2475 955 2712 1027 habent,
2768 953 2870 1011 sed
2925 961 3116 1009 tamen
3172 949 3418 1020 piscium
3477 962 3638 1004 esum

1997 1047 2338 1114 admittunt,
2373 1046 2643 1118 iniquum
2675 1047 2766 1100 est
2795 1042 3022 1098 veniam
3047 1056 3160 1096 non
3183 1037 3459 1109 consequi
3483 1053 3497 1091 :
3521 1053 3645 1093 car-

1998 1136 2171 1192 nibus
2201 1153 2333 1192 vero
2363 1135 2656 1192 ullatenus
2687 1132 2838 1190 vesci
2869 1130 3015 1188 nihil
3051 1131 3222 1202 plane
3252 1127 3445 1182 minus
3465 1142 3642 1198 quam

1995 1225 2280 1296 impium;
2312 1225 2429 1281 imo
2469 1223 2738 1296 quamvis
2776 1221 2990 1292 aliquis
3019 1217 3223 1274 lethali
3251 1215 3454 1271 morbo
3473 1213 3639 1270 labo-

1997 1332 2133 1372 rans
2161 1315 2262 1371 illo
2293 1315 2446 1370 victu
2486 1317 2672 1370 semet
2714 1310 3140 1368 convaliturum
3193 1303 3521 1378 speraverit.
3574 1303 3638 1358 In

1995 1405 2263 1461 Sabbatis
2300 1405 2538 1476 quidem
2569 1406 2626 1459 et
2657 1402 2864 1458 diebus
2898 1396 3220 1455 Dominicis
3251 1411 3351 1467 per
3380 1394 3643 1460 Quadra-

1995 1494 2278 1566 gcsimam
2297 1493 2469 1567 paulo
2489 1491 2726 1564 largiori
2749 1491 2877 1547 cibo
2902 1488 2988 1545 uti
3010 1487 3303 1544 indultum
3325 1484 3454 1552 fuit,
3474 1484 3648 1555 juxta

1996 1600 2126 1640 can.
2173 1583 2560 1654 apostolicum
2599 1583 2672 1638 66
2710 1595 2884 1652 quem
2933 1577 3066 1636 vide
3111 1577 3172 1632 in
3232 1591 3360 1646 cap.
3417 1573 3488 1628 27
3545 1571 3650 1628 lit-

1996 1677 2132 1730 terae
2155 1673 2218 1728 K.
2271 1672 2481 1729 Stricte
2521 1676 2713 1728 autem
2753 1668 3042 1741 loquendo
3087 1665 3455 1722 sanciebatur
3497 1677 3648 1732 qua-

1995 1763 2264 1834 draginta
2275 1761 2803 1833 dierumjejunium
2820 1762 2956 1814 ante
2969 1770 3205 1813 sacrum
3221 1751 3645 1823 Pascha,idque

1995 1852 2205 1908 solum.
2238 1852 2460 1923 Quippe
2497 1851 2546 1906 si
2576 1858 2697 1906 tum
2729 1849 2846 1904 alia
2865 1845 3278 1912 obtinuissent,
3296 1840 3640 1912 neutiquam

236 1932 328 1988 καὶ
357 1930 562 2006 ἕτεραι,
593 1931 836 2006 ἐμνήσθη
885 1931 946 1988 ἃν
976 1935 1234 1990 κάκείνων
1285 1935 1314 1990 ὁ
1359 1935 1557 1994 κανών.
1609 1933 1762 2001 Πλὴν
1795 1935 1884 1987 καί

2009 1941 2266 1999 .acuisset
2309 1957 2516 1996 canon.
2575 1939 2726 1994 197
2797 1936 3213 1992 Verumtamen
3269 1947 3368 1988 eos
3425 1930 3528 2001 qui
3576 1929 3639 1986 in

237 2023 376 2076 κατὰ
424 2022 524 2084 τὰς
572 2021 747 2084 ἄλλας
801 2025 1128 2097 νηστίμους,
1175 2029 1285 2080 τῶν
1335 2023 1498 2100 ἁγίων
1537 2021 1886 2090 ἀποστόλων,

237 2111 412 2187 φημὶ,
462 2117 564 2182 τῆς
608 2114 926 2185 κοιμήσεως
972 2121 1072 2184 τῆς
1118 2115 1276 2192 ἁγίας
1321 2115 1608 2176 Θεοτόκου,
1654 2111 1744 2166 καὶ
1790 2118 1889 2181 τῆς

241 2203 486 2276 Χριστοῦ
544 2203 869 2272 Γεννήσεως,
929 2199 1104 2267 οὐδεὶς
1150 2205 1206 2258 εὗ
1263 2223 1497 2281 φρονων,
1557 2202 1737 2276 οἶμαι,
1793 2222 1889 2270 νη-

239 2291 512 2346 σιεύουσιν
545 2289 880 2367 ἐγκαλέσειεν
891 2337 904 2350 .

317 2381 595 2450 Ζήτεικαὶ
645 2381 700 2440 ἐν
746 2385 826 2454 τῷ
875 2381 954 2452 λζ’
998 2403 1118 2462 κεφ.
1143 2387 1242 2438 τοῦ
1294 2389 1334 2438 Κ
1363 2381 1642 2458 στοιχείου
1688 2383 1779 2437 τὸν
1827 2383 1890 2436 ιε’

242 2471 447 2524 κανόνα
472 2474 574 2524 τοῦ
604 2469 764 2544 ἁγίου
795 2471 996 2546 Πέτρου
1027 2470 1457 2548 Ἀλεξανδρείας.

318 2559 378 2614 Ὀ
408 2556 466 2614 δὲ
517 2556 742 2622 δέκατος
791 2565 889 2616 τοῦ
917 2561 1186 2635 Τιμοθέου
1237 2560 1639 2636 Ἀλεξανδρείας
1669 2561 1722 2617 ἐν
1773 2565 1892 2624 ταῖς

245 2647 358 2723 πρὸ
404 2653 506 2702 τοῦ
561 2649 754 2723 Πάσχα
798 2651 1086 2724 νηστίμοις
1135 2650 1344 2727 ἡμέρας
1390 2653 1478 2708 καὶ
1529 2651 1678 2707 οἴνου
1727 2671 1894 2724 μετα-

249 2732 554 2812 λαμϐάνειν
601 2741 692 2794 καὶ
741 2738 930 2796 ἐλαίου
980 2739 1183 2797 δικαιοῖ
1229 2744 1318 2798 τὸν
1367 2743 1471 2798 ὑπὸ
1527 2742 1688 2798 νόσου
1744 2741 1894 2796 ἐκτε-

241 2827 477 2898 τηκότα,
507 2827 598 2882 καὶ
633 2831 710 2902 μή
760 2829 1161 2902 παραπλησίως
1191 2837 1310 2894 τοῖς
1358 2830 1577 2901 ἄλλοις,
1606 2839 1709 2902 τῆς
1747 2851 1897 2886 νενο-

245 2915 522 2990 μισμένης
579 2911 802 2992 ἔχεσθαι
861 2920 1216 2998 ξηροφαγίας,
1273 2919 1400 2977 ἀλλ’
1460 2924 1535 2983 ὼς
1611 2921 1903 2995 ὑπομεῖναι

242 3003 557 3078 δεδύνηται,
590 3007 628 3077 ἢ
661 3009 892 3081 ἑκάστης
939 3009 1248 3084 καταλύειν,
1281 3012 1318 3081 ἢ
1371 3013 1494 3086 παρ’
1538 3013 1772 3085 ἡμέραν,
1802 3033 1900 3067 κα-

237 3100 309 3151 τε
334 3097 440 3165 τὴν
469 3096 738 3170 ἐπίκρισιν
783 3100 831 3172 ᾧ
879 3100 1244 3175 προσανέθετο
1273 3103 1374 3170 τήν
1426 3099 1746 3177 οἴκονομίαν
1790 3105 1898 3156 τῶν

243 3185 468 3241 οἰκείων
519 3185 822 3262 λογισμῶν.
854 3191 1010 3261 Ζήτει
1059 3189 1146 3246 καὶ
1177 3191 1242 3246 τὸ
1269 3191 1344 3246 κε’
1390 3211 1508 3268 κεφ.
1541 3194 1638 3247 τοῦ
1687 3196 1726 3245 Γ
1755 3209 1903 3246 στοι-

247 3274 431 3354 χείου.

329 3369 388 3420 Ὃ
430 3361 489 3419 δτε
534 3371 638 3435 τῆς
681 3365 735 3421 ἐν
786 3368 996 3443 Γάγγρᾳ
1053 3367 1281 3426 συνόδου
1335 3370 1404 3442 ιη’
1449 3370 1649 3438 κανὼν,
1699 3366 1769 3424 Εἴ
1821 3387 1903 3429 τις

255 3453 366 3508 τῶν
425 3454 801 3528 ἀσκουμένων,
846 3458 1001 3533 φησί,
1057 3458 1234 3534 χωρὶς
1288 3459 1525 3534 ἀνάγκης
1581 3464 1900 3532 σωματικῆς

261 3545 750 3622 ὖπερήφανεόοιτο,
810 3547 900 3602 καὶ
967 3549 1064 3612 τὰς
1137 3545 1580 3624 παραδεδομένας
1650 3547 1903 3618 νηστείας

253 3633 329 3696 εἰς
357 3635 425 3688 τὸ
453 3634 635 3688 κοινὸν
683 3637 770 3690 καὶ
821 3634 1232 3714 φυλαττομένας
1270 3638 1375 3694 ὑπὸ
1421 3643 1521 3707 τῆς
1571 3637 1898 3708 Ἐκκλησίας

250 3723 555 3798 παραλύοι,
590 3724 1046 3800 ῦποικουροῦντος
1078 3727 1128 3782 ἐν
1155 3726 1306 3800 αὐτῷ
1333 3727 1548 3784 τελείου
1599 3727 1897 3800 λογισμοῦ,

249 3814 494 3886 ἀνάθεμα
550 3811 712 3874 ἔστω.
770 3817 868 3871 Καὶ
923 3819 953 3872 ὁ
1013 3819 1106 3892 μὲν
1167 3819 1256 3892 μα’
1308 3822 1410 3884 τῆς
1463 3817 1516 3873 ἐν
1594 3818 1899 3894 Καρθαγένῃ

249 3901 484 3958 συνόδου
523 3903 724 3973 κανὼν,
753 3907 968 3978 νήστεις
1015 3909 1146 3964 εἶναι
1177 3907 1386 3964 κελεύει
1430 3910 1560 3971 τοὺς
1607 3907 1898 3971 τελοῦντας

246 3995 312 4047 τὰ
362 3991 464 4048 τοῦ
539 3995 928 4072 θυσιαστηρίου
1003 3999 1126 4071 ἅγια
1197 3995 1478 4060 διακόνους
1535 4000 1621 4054 καὶ
1697 3996 1894 4072 ἱερέας,

250 4089 381 4156 μιᾶς
427 4083 774 4157 ἐξῃρημένῆς
828 4083 1059 4156 ὲτησίως
1111 4087 1341 4162 ἡμέρας,
1394 4089 1512 4144 καθ’
1557 4090 1623 4158 ἧν
1675 4089 1738 4143 τὸ
1799 4095 1892 4143 Κυ-

247 4173 439 4244 ριακόν
492 4172 822 4228 ἐπιτελεῖται
892 4171 1125 4245 δεῖπνον,
1182 4183 1282 4246 τῆς
1360 4176 1602 4254 μεγάλης
1677 4175 1893 4248 δηλαδή

245 4263 533 4334 πέμπτης.
584 4263 738 4320 Μετὰ
788 4265 892 4341 γὰρ
938 4265 1036 4334 τήν
1083 4267 1424 4339 σωματικήν,
1466 4268 1536 4322 τὰ
1584 4275 1684 4338 τῆς
1733 4288 1892 4322 πνευο

247 4353 514 4422 ματικῆς,
543 4352 620 4412 ὡς
663 4349 828 4422 ἔοικε,
853 4357 1062 4434 τροφῆς
1105 4353 1414 4414 ἐπετέλουν.
1448 4355 1620 4412 Ἀλλὰ
1669 4357 1756 4412 καὶ
1791 4353 1892 4427 δή-

245 4439 355 4514 λης
403 4441 568 4516 ὀψίας
616 4443 931 4500 οὑτινοσοῦν
975 4443 1422 4518 τελευτήσαντος,
1453 4447 1500 4502 εἰ
1553 4447 1646 4521 μὲν
1699 4448 1800 4502 εἶεν
1841 4449 1894 4502 οἱ

240 4532 310 4586 τὰ
369 4533 504 4606 ἅγια
577 4529 863 4596 τελοῦντες
927 4535 1161 4604 νήστεις,
1220 4537 1375 4610 φησὶ,
1442 4537 1634 4610 μόναις
1703 4537 1891 4611 εὐχαῖς

1168 4620 1212 4641 κς

1998 2029 2129 2086 aliis
2183 2029 2489 2100 jejunandi
2544 2027 2927 2099 temporibus,
2989 2027 3130 2096 puta
3183 2019 3399 2094 vigiliis
3452 2023 3645 2076 sanet.

1999 2123 2209 2191 apost.,
2242 2117 2554 2191 sepultura:
2581 2119 2646 2174 Β.
2677 2117 2939 2188 Deiparze
2969 2118 3028 2170 et
3054 2109 3391 2168 Nativitatis
3433 2107 3648 2165 Christi

1999 2209 2314 2278 abstinent,
2343 2211 2602 2282 prudens
2627 2224 2820 2276 nemo,
2852 2205 3010 2279 quod
3041 2219 3189 2275 reor,
3221 2201 3550 2273 redarguet.

2071 2395 2271 2459 Quaere
2317 2394 2495 2450 etiam
2542 2394 2604 2450 in
2633 2393 2706 2448 37
2744 2408 2875 2464 cap.
2925 2389 3127 2446 litteras
3169 2392 3210 2441 K
3255 2399 3532 2443 canonem
3573 2384 3642 2440 15

2001 2485 2060 2541 S.
2083 2482 2239 2540 Petri
2267 2482 2523 2555 episcOpi
2553 2480 2931 2537 Alexandriae.

2075 2572 2346 2630 Decimus
2373 2569 2660 2628 Timothei
2696 2567 3072 2627 Alexandrini
3100 2582 3288 2624 canon
3327 2563 3389 2620 in
3430 2563 3638 2619 diebus

2000 2661 2212 2736 jejunii
2267 2666 2404 2718 ante
2449 2661 2673 2718 Pascha
2721 2659 2922 2716 morbo
2973 2654 3256 2714 laboranti
3300 2653 3422 2709 vini
3464 2656 3638 2724 atque

2007 2753 2118 2810 olei
2147 2768 2324 2809 usum
2355 2749 2646 2822 indulget,
2677 2765 2862 2822 neque
2891 2748 3068 2804 hosce
3096 2745 3250 2804 sicut
3277 2743 3422 2806 alios
3444 2741 3517 2800 ad
3547 2756 3645 2798 xe-

2009 2841 2346 2915 rophagiam
2386 2840 2446 2895 id
2479 2843 2571 2896 est
2597 2839 2791 2896 cibum
2837 2837 3068 2894 aridum
3115 2839 3466 2902 tenuemque
3491 2829 3646 2887 obli-

2009 2935 2142 3005 gat;
2173 2931 2276 2988 sed
2321 2929 2533 3001 potius,
2575 2931 2640 2984 ut
2685 2927 2930 2984 tolerare
2976 2927 3217 2998 queant,
3245 2919 3329 2978 vel
3369 2920 3647 2992 cujusque

2009 3021 2124 3078 diei
2158 3017 2451 3090 jejunium
2494 3015 2738 3084 solvere,
2787 3013 2875 3070 vel
2906 3011 3115 3072 alterni
3155 3009 3442 3080 cujusque
3484 3009 3646 3080 juxta

2009 3105 2416 3163 discretionem
2463 3105 2615 3178 ejus,
2665 3105 2758 3161 cui
2809 3101 3186 3160 consiliorum
3217 3115 3456 3157 suorum
3497 3098 3648 3169 regi-

2012 3209 2148 3250 men
2177 3193 2487 3252 commisit.
2521 3193 2658 3251 Vide
2673 3191 2821 3250 et25
2850 3206 2978 3264 cap.
2997 3189 3200 3247 litterae
3228 3192 3290 3242 Γ.

2082 3373 2279 3431 Canon
2307 3377 2506 3430 autem
2537 3375 2605 3430 18
2633 3371 2863 3430 concilii
2895 3370 3246 3444 Gangrensis
3283 3368 3406 3424 haec
3435 3365 3650 3423 habet:

2011 3463 2072 3520 Si
2115 3461 2248 3534 quis
2287 3479 2488 3521 eorum
2536 3462 2640 3534 qui
2669 3461 2904 3534 pietatis
2947 3458 3342 3517 exercitationi
3389 3455 3649 3525 student,

2009 3551 2232 3624 absque
2259 3553 2518 3625 corporis
2545 3551 2836 3624 exigentis
2870 3549 3207 3615 insolescat,
3246 3551 3306 3604 et
3334 3545 3561 3618 jejunio.
3588 3544 3649 3600 in

2009 3657 2321 3699 commune
2349 3641 2565 3698 tradita
2603 3641 2760 3698 etab
2798 3639 3061 3696 Ecclesia
3097 3639 3400 3696 observata
3436 3635 3648 3692 dissolv

2008 3736 2120 3797 vat,
2177 3731 2347 3802 idque
2396 3734 2622 3786 maturo
2663 3729 2908 3788 consilio
2960 3727 3377 3786 interveniente
3426 3727 3645 3795 fecerit,

2006 3818 2316 3874 anathema
2345 3822 2490 3874 esto.
2525 3817 2764 3888 Insuper
2791 3832 2979 3874 canon
3013 3815 3076 3870 41
3111 3813 3312 3886 synodi
3335 3811 3649 3884 Carthagi-

2006 3909 2208 3964 nensis
2239 3906 2500 3964 diaconis
2529 3911 2587 3964 et
2614 3906 3019 3963 sacerdotibus
3047 3906 3419 3960 sacramenta
3447 3901 3652 3958 altaris

1999 4000 2236 4070 jejunos
2267 3998 2558 4054 celebrare
2595 3996 2876 4068 praecipit,
2917 4003 3150 4066 excepto
3200 4010 3315 4050 uno
3355 3992 3494 4048 anni
3533 3991 3647 4062 die,

2005 4104 2118 4158 quo
2162 4089 2336 4144 Coena
2384 4086 2682 4142 Dominica
2728 4084 3073 4152 celebratur,
3107 4083 3388 4139 nimirum
3437 4096 3652 4151 magna

2005 4177 2144 4234 feria
2172 4181 2402 4248 quarta.
2453 4175 2598 4232 Nam
2635 4178 2768 4246 post
2807 4175 3008 4231 cibum
3048 4172 3374 4246 coporalem
3415 4188 3542 4243 quae
3570 4171 3645 4226 ad

2002 4265 2372 4339 spiritualem
2433 4264 2744 4338 pertinent,
2795 4267 2861 4320 ut
2907 4264 3151 4333 videtur,
3206 4262 3639 4319 ministrabant.

2004 4358 2132 4414 Imo
2169 4356 2405 4428 quando
2437 4354 2569 4426 quis
2614 4358 2880 4426 tempore
2919 4352 3374 4426 postmeridiano
3423 4367 3454 4408 s
3501 4351 3645 4407 vivis

2004 4445 2267 4514 discedit,
2311 4445 2424 4501 nisi
2454 4442 2516 4499 hi
2547 4444 2646 4514 qui
2697 4443 3034 4500 ministrant
3078 4443 3360 4514 impransi
3403 4441 3644 4509 fuerint,

2005 4551 2188 4604 sacra,
2222 4533 2438 4605 inquit,
2467 4534 2826 4590 orationibus
2865 4533 3008 4590 solis
3037 4533 3272 4589 faciant.
3305 4532 3424 4589 Hoc
3451 4535 3649 4588 autem

243 4617 640 4675 ἐκτελείτωσαν
692 4625 882 4678 ταῦτα.
940 4627 1106 4679 Τοῦτο
1165 4620 1224 4678 δὲ
1280 4623 1342 4680 τὸ
1397 4629 1486 4680 νῦν
1540 4623 1668 4700 ἔχον
1747 4627 1892 4700 παρὰ

2009 4623 2172 4680 hodie
2199 4639 2330 4679 eam
2359 4623 2432 4678 ob
2463 4639 2702 4680 causam
2747 4639 2864 4678 non
2905 4623 3148 4689 obtinet,
3179 4622 3334 4694 quod
3365 4621 3507 4693 quid
3537 4619 3650 4678 sibi

240 4715 508 4766 τοσοῦτον
556 4709 620 4766 οὐ
665 4713 980 4785 πράττεται,
1025 4713 1264 4787 παρόσον
1318 4715 1410 4770 καὶ
1469 4717 1604 4788 ἡμῖν
1658 4717 1743 4772 ὅτι
1799 4715 1892 4772 καὶ

245 4799 421 4874 λέγειν
470 4801 744 4875 ἠγνόηται
774 4819 790 4833 ·
845 4800 990 4858 ἀλλὰ
1017 4799 1114 4858 δύο
1159 4805 1380 4866 κανόνες
1421 4803 1577 4876 δίκην
1623 4807 1697 4868 ὡς
1727 4806 1895 4863 εἰπεῖν

245 4891 429 4963 τούτῳ
457 4889 728 4966 λαχόντες
759 4891 972 4971 σχολήν
1005 4892 1151 4967 ἄγειν
1183 4891 1652 4969 ἐπιτετιμήκασιν.

317 4981 375 5035 Ὁ
409 4981 507 5054 μὲν
559 4981 668 5055 γὰρ
713 4984 759 5035 ν’
803 4988 902 5052 τῆς
950 4980 1001 5037 ἐν
1047 4980 1340 5056 Λαοδικείᾳ
1385 4983 1610 5040 συνόδου
1660 4987 1736 5058 μή
1789 4983 1896 5041 δεῖν

247 5071 406 5148 φησί,
456 5067 510 5124 ἐν
561 5072 632 5142 τῇ
679 5069 804 5144 ἁγίᾳ
855 5075 1256 5145 τεσσαρακοστῇ
1300 5077 1369 5146 τῇ
1430 5073 1680 5148 ὑστεραίᾳ
1735 5071 1892 5130 ἑϐδοο

250 5157 378 5230 μὰδι
435 5159 539 5225 τήν
598 5157 854 5232 πέμπτην
913 5157 1084 5230 λύειν,
1139 5158 1622 5238 πολυτελεστέραις
1676 5161 1892 5235 δηλαδὴ

251 5246 505 5320 βρώμασι
549 5244 950 5318 κεχρημένους,
997 5247 1088 5302 καὶ
1135 5245 1272 5318 ὅλην
1329 5248 1564 5304 ἐντεῦθεν
1623 5252 1724 5320 τήν
1772 5273 1895 5306 τεσ-

249 5335 587 5412 σαρακοστήν
629 5333 913 5406 ἀτιμάζειν
943 5351 958 5366 ⁸
1012 5333 1158 5390 ἀλλὰ
1203 5343 1376 5392 πᾶσαν
1408 5337 1460 5393 ἐν
1505 5340 1724 5412 νηστείᾳ
1767 5338 1894 5396 διιέ-

247 5447 330 5478 ναι
358 5424 448 5478 καὶ
478 5422 815 5500 ξηροφαγίᾳ,
846 5423 1002 5486 ἐκτὸς
1043 5422 1255 5497 δηλαδή
1288 5431 1394 5481 τῶν
1446 5427 1498 5482 ἐν
1535 5430 1705 5504 ταύτῃ
1752 5427 1893 5486 Σαϐ-

245 5507 422 5569 65!sz
452 5513 544 5568 καὶ
580 5520 886 5588 Κυριακων.

326 5605 382 5658 ’0
430 5602 489 5659 δὲ
537 5605 620 5659 κθ’
659 5601 758 5668 τῆς
780 5602 861 5677 ς’
894 5599 1116 5657 συνόδου
1160 5606 1330 5660 ταῦτὰ
1385 5627 1464 5675 τε,
1513 5607 1587 5672 ὡς
1635 5606 1754 5685 ἔχει
1801 5608 1894 5662 λέ-

253 5696 402 5766 ξεως,
462 5691 648 5763 δίεισι,
711 5694 800 5749 καὶ
857 5693 1206 5770 προσεπάγει,
1255 5695 1330 5758 ὡς
1377 5698 1430 5753 οἱ
1475 5701 1610 5755 θεῖοι
1665 5697 1896 5774 Πατέρες

251 5717 402 5766 ςεως,

1951 4709 1970 4741 -'
2004 4711 2142 4770 velit
2170 4713 2528 4786 ignoramus.
2577 4712 2794 4768 Verum
2823 4712 2941 4767 duo
2961 4727 3216 4768 canones
3245 4714 3302 4768 et
3347 4727 3524 4784 prope
3551 4709 3648 4766 di-

2001 4803 2187 4860 xerim
2217 4803 2424 4861 merito
2448 4802 2661 4875 jejunii
2689 4802 3189 4860 intermissionem
3209 4805 3501 4860 taxarunt.

2075 4987 2223 5043 Nam
2253 4986 2484 5043 concilii
2515 4985 2822 5044 Laudiceni
2871 5001 3055 5042 canon
3093 4985 3184 5054 50,
3229 4984 3358 5044 Non
3397 4987 3643 5058 oportet,

2005 5076 2212 5149 inquit,
2263 5077 2322 5131 in
2373 5075 2580 5132 ultima
2621 5076 3090 5149 Quadragesimas
3129 5077 3456 5148 septimana
3503 5075 3648 5131 feria

2006 5169 2226 5238 quartas
2249 5165 2543 5236 jejunium
2589 5165 2830 5232 solvere,
2865 5169 3076 5222 utendo
3121 5165 3346 5223 scilicet
3374 5165 3521 5222 cibis
3551 5165 3647 5220 de-

2006 5253 2362 5321 licatoribus,
2397 5254 2658 5326 adeoque
2697 5257 2877 5309 totum
2920 5255 3439 5326 Quadragesimam
3468 5253 3647 5310 deho-

2005 5346 2254 5408 nestare,
2295 5343 2412 5408 ,sed
2471 5343 2666 5414 potius
2721 5347 2954 5414 tempus
3011 5342 3516 5414 Quadragesimale
3582 5343 3642 5400 in

1998 5431 2224 5502 jejunio
2275 5431 2549 5502 victuque
2585 5432 2748 5488 arido
2777 5432 3071 5506 integrum
3119 5432 3462 5504 transigam,
3494 5433 3642 5490 Sab-

2008 5517 2154 5574 batis
2185 5525 2376 5574 tamen
2406 5525 2463 5575 et
2491 5518 2809 5576 Dominicis
2829 5521 3034 5576 deibus
3062 5519 3334 5590 exceptis.

2075 5608 2266 5664 Canon
2301 5625 2430 5666 vero
2474 5608 2962 5666 undetricesimus
3006 5610 3233 5666 concilii
3263 5611 3408 5668 sexti
3438 5613 3638 5670 eadem

2007 5713 2192 5770 usque
2213 5701 2494 5766 recenset,
2507 5699 2932 5772 etsuperaddit,
2947 5699 3439 5774 quemadmodum
3451 5706 3642 5761 sancti
