4060 6228
377 349 454 408 63
1646 345 2020 407 MATTH/El
2068 347 2498 410 BLASTARIS
3703 349 3783 408 64

453 485 646 542 Patres
664 501 868 556 graves
889 485 960 538 ob
983 499 1187 540 causas
1203 501 1269 540 eo
1291 482 2019 555 temporisdispensatione

2169 483 2200 534 ι’
2234 481 2408 544 αἰτίας
2444 481 2573 544 ἴσως
2625 481 2929 544 λυσιτελεῖς
2958 487 3037 554 τῷ
3083 483 3207 536 τότε
3237 487 3418 555 καιρῷ
3462 485 3529 554 τῇ
3567 482 3780 536 οἰκονοο

381 573 498 630 ista
537 575 628 630 usi
675 579 830 629 sunt.
883 573 998 628 Nos
1043 579 1236 628 tamen
1288 573 1742 644 haudquaquam
1797 578 2022 644 oportet

381 664 770 738 apostolorum
813 667 870 718 et
919 663 1152 718 Patrum
1202 663 1539 719 traditiones
1588 663 1884 734 abrogare.
1931 665 2021 718 In-

381 755 510 811 nuit
537 771 668 810 vero
701 753 922 808 dictum
952 754 1334 825 apostolicum
1369 770 1640 810 canonem
1673 755 1742 808 69
1781 758 1838 809 et
1867 753 2022 810 hunc

383 845 580 916 ipsum
611 841 840 898 concilii
875 842 1203 898 Laodiceni.

453 951 604 1006 CAP.
647 953 716 1004 V.
765 950 916 1018 Quod
955 966 1072 1036 non.
1105 951 1288 1034 deceat
1321 949 1382 1006 in
1423 951 1676 1008 Sabbatis
1721 959 1816 1008 aut
1851 953 1948 1008 Do-

929 1039 1151 1078 mmtczs
1175 1039 1454 1094 Jejunare.

457 1113 654 1176 Qumre
680 1127 806 1182 cap.
840 1111 910 1165 37
939 1111 1140 1166 litterae
1173 1117 1234 1167 K.

385 1217 536 1272 CAP.
574 1217 666 1272 VI.
717 1218 866 1285 Quod
909 1219 1217 1286 ieiunat-ires
1247 1235 1278 1274 a
1327 1219 1460 1274 cibis
1509 1221 1783 1276 abstinere
1812 1221 2022 1288 debent,

609 1291 756 1344 haud
787 1299 968 1344 tamen
997 1293 1154 1361 quasi
1185 1293 1243 1345 in
1273 1306 1326 1346 se
1355 1291 1801 1346 exsecrabilibus.

459 1378 602 1434 Vide
631 1379 664 1432 9
685 1395 809 1448 cap.
843 1379 1045 1434 litteris
1077 1379 1140 1438 B.
1191 1385 1248 1434 et
1283 1381 1458 1436 etiam
1499 1381 1556 1436 in
1589 1385 1622 1436 2
1651 1397 1773 1454 cap.
1817 1381 2026 1439 littera:

385 1467 427 1521 E
461 1483 742 1523 canonem
773 1468 844 1522 33
875 1469 1068 1540 magni
1103 1467 1323 1527 Basilii.

835 1651 988 1706 I98
1019 1651 1172 1705 CAP.
1211 1651 1325 1706 VII.
1361 1651 1591 1722 Detege.

465 1741 578 1794 Lex
608 1745 696 1794 est
726 1757 1034 1796 commune
1065 1746 1452 1812 praeceptum:
1487 1743 1738 1798 virorum
1773 1745 2024 1815 pruden-

2131 571 2230 642 μία
2281 572 2448 646 ταύτῃ
2499 571 2825 648 ἐχρήσαντο.
2877 577 3041 646 Ἡμῖν
3091 569 3149 626 δὲ
3203 573 3304 627 οὐκ
3348 571 3645 646 ἀναγκαῖον
3691 571 3782 632 τὰς

2127 659 2496 722 ἀποστολικᾶς
2555 662 2647 716 καὶ
2705 662 2970 735 πατρικὰς
3026 663 3232 718 ἀθετεῖν
3291 658 3642 735 παραδόσεις,
3693 661 3782 714 τὸν

2129 750 2354 823 ῥηθέντα
2385 751 2758 824 αἰνιττόμενος
2791 752 2866 822 ξθ¹
2897 751 3261 806 ἂποστολικὸν
3299 752 3515 822 κανόνα,
3553 751 3644 806 καὶ
3691 751 3782 805 τὸν

2127 845 2227 909 τῆς
2259 839 2312 892 ἐν
2347 837 2645 912 Λαοδεκείᾳ
2675 839 2904 895 συνόδου
2934 839 3172 895 τουτονί.

2135 951 2366 1002 ΚΕΦΑΛ
2408 949 2480 1003 Ε’.
2522 949 2664 1002 ’Ότι
2703 947 2774 1002 οὐ
2819 944 2920 1002 δεῖ
2955 945 3300 1014 νηστεύειν
3337 947 3398 1001 ἐν
3435 952 3578 1009 τοῖς
3621 943 3784 1002 Σάϐ-

2501 1015 2651 1074 ϐασι
2691 1019 2797 1073 καὶ
2841 1024 2989 1080 ταῖς
3033 1023 3419 1093 Κυριακαῖς.

2203 1108 2360 1176 Ζήτει
2392 1109 2454 1162 τὸ
2489 1107 2568 1177 λζ’
2599 1107 2892 1186 κεφάλαιον
2921 1111 3017 1163 τοῦ
3053 1115 3090 1163 1(
3125 1107 3421 1183 στοιχείου.

2199 1219 2448 1289 ΚῌΦΛΛ.
2487 1215 2578 1289 ς’.
2621 1219 2756 1270 Ὅτι
2795 1213 2948 1289 τοὺς
2987 1215 3432 1289 νηστεύοντας
3474 1215 3598 1288 οὐχ
3636 1216 3719 1289 ᾡς

2135 1282 2524 1359 βδελυκτῶν
2591 1292 2716 1340 τῶν
2783 1282 3160 1360 βρωμάτων
3225 1282 3598 1362 ἀπέχεσθαί
3658 1285 3780 1343 δεῖ.

2202 1375 2360 1444 Ζήτει
2387 1377 2450 1429 τὸ
2499 1377 2542 1428 θ’
2589 1375 2782 1454 κεφαλ.
2815 1381 2913 1430 τοῦ
2947 1385 2983 1432 Β
3033 1376 3338 1451 στοιχείου,
3385 1377 3476 1432 καὶ
3523 1377 3574 1432 ἐν
3619 1381 3698 1448 τῷ
3729 1379 3786 1450 β’

2130 1485 2250 1542 κεφ.
2299 1465 2394 1518 τοῦ
2445 1471 2484 1520 Ε
2534 1465 2814 1540 στοιχείου
2861 1467 2952 1521 τὸν
3003 1469 3092 1542 κγ’
3137 1467 3333 1522 κανόνα
3383 1471 3484 1523 τοῦ
3535 1465 3785 1544 μεγάλου

2133 1551 2384 1608 Βασιλείο
2399 1575 2448 1610 υ.

2535 1651 2794 1702 ΚΕΦΑΛ.
2837 1647 2905 1702 Ζ’.
2951 1643 3106 1718 Περὶ
3146 1647 3376 1719 νόμου.

2207 1732 2392 1804 Νόμος
2425 1732 2536 1788 ἐστὶ
2569 1735 2748 1788 κοινὸν
2777 1733 3141 1810 παράγγελμα
3171 1757 3182 1770 ·
3237 1734 3523 1813 φρονίμων
3574 1735 3784 1812 ἀνδρῶν

387 1831 538 1887 tium
563 1831 832 1900 placitum
855 1849 868 1886 :
903 1831 1241 1888 delictorum
1265 1849 1398 1888 cum
1423 1833 1878 1891 voluntariorum
1899 1839 2024 1892 tum

2168 1823 2362 1896 όγμα⁶
2423 1824 2681 1878 ἑκουσίων
2733 1826 2824 1878 καὶ
2877 1825 3144 1879 ἀκουσίων
3205 1827 3611 1900 ἁμαρτημάτων
3669 1827 3786 1881 ἐπι-

389 1921 908 1976 involuntariorum
939 1923 1212 1978 correctio
1234 1927 1337 1978 aut
1359 1923 1748 1993 reprehensio,
1782 1925 2027 1983 civitatis

391 2026 700 2065 commune
743 2016 1012 2081 pactum:
1045 2015 1131 2066 est
1180 2011 1436 2066 divinum
1475 2012 1794 2068 inventum.
1831 2016 2026 2071 Virtus

387 2097 533 2169 legis
563 2103 651 2154 est
674 2099 902 2170 jubere,
933 2103 1146 2169 vetare,
1183 2101 1532 2170 permittere.
1567 2103 1794 2174 punire.

459 2190 634 2260 Leges
685 2205 799 2244 non
849 2190 920 2246 de
967 2189 1362 2260 singularibus
1403 2191 1690 2260 feruntur,
1723 2193 1823 2249 sed
1873 2209 2030 2250 com-

387 2278 666 2334 muniter.

455 2368 925 2440 Jurisprudentia
954 2369 1239 2440 ajustitia
1269 2387 1480 2428 nomen
1512 2372 1718 2442 habet;
1750 2377 1838 2430 est
1866 2375 2022 2431 enim

381 2474 475 2514 ars
504 2459 642 2515 boni
669 2461 726 2513 et
753 2458 924 2530 aequi.

459 2549 538 2604 De
569 2547 637 2602 iis
667 2565 793 2619 quae
827 2549 1192 2620 frequentius
1221 2551 1555 2622 obtingunt,
1587 2569 1700 2608 non
1741 2569 1866 2624 quae
1891 2571 2026 2626 per-

389 2651 538 2702 raro,
571 2635 728 2706 leges
767 2635 966 2691 inferri
1013 2643 1270 2708 oportet:
1325 2639 1564 2695 minime
1593 2641 1664 2696 de
1707 2640 1778 2698 iis
1827 2641 2022 2707 rebus,

387 2725 603 2796 quibus
633 2742 748 2780 uno
796 2729 1026 2780 tantum
1059 2727 1118 2782 in
1152 2745 1291 2783 casu
1339 2729 1594 2784 accidere
1643 2731 1836 2785 datur.
1877 2731 2019 2788 Nam

385 2813 750 2882 legislatores
779 2814 936 2870 haud
965 2817 1275 2872 attendunt
1303 2817 1480 2872 semel
1513 2823 1567 2872 et
1592 2819 1702 2875 bis.

455 2903 636 2975 Leges
711 2905 1069 2975 primigenia:
1145 2905 1202 2960 in
1271 2907 1570 2978 sequiores
1643 2909 2022 2980 decucuntur,

385 2993 833 3050 constitutiones
862 3009 995 3050 vero
1041 2997 1385 3052 recentiores
1433 2997 1710 3068 majorem
1741 2997 1854 3053 vim
1886 2998 2024 3054 obti-

385 3087 524 3137 nent
553 3099 726 3153 quam
761 3083 920 3154 prius
951 3083 1097 3140 latis.

454 3171 536 3227 De
565 3172 779 3242 quibus
823 3173 913 3228 lex
958 3173 1117 3230 nulla
1167 3175 1490 3246 conscripta
1535 3179 1642 3242 est,
1675 3175 1847 3248 longa
1881 3193 2020 3232 con-

383 3257 630 3313 suetudo
665 3273 767 3328 per
812 3259 1138 3332 complures
1188 3279 1373 3318 annos
1423 3263 1796 3334 comprobata
1843 3263 2022 3320 vicem

383 3345 532 3418 legis
561 3349 740 3416 subit,
775 3349 1021 3421 ejusque
1051 3351 1168 3406 vim
1200 3353 1444 3407 obtinet.

452 3437 754 3508 Perperam
779 3439 1040 3508 judicata
1086 3445 1188 3496 aut
1228 3457 1500 3511 expressa
1546 3457 1734 3513 neque
1781 3441 1890 3512 lex,
1925 3457 2026 3500 ne.

389 3542 500 3598 que
523 3533 769 3599 tempus,
801 3544 984 3600 neque
1017 3533 1372 3588 consuetudo
1405 3536 1528 3588 rata
1559 3533 1714 3588 facit.

797 3655 952 3710 CAP.
991 3658 1132 3712 thl.
1167 3657 1239 3712 De
1263 3660 1614 3728 possessione.

1117 3768 1295 3835 Leges.

459 3887 672 3942 Decem
704 3889 790 3943 vel
823 3891 994 3946 etiam
1027 3891 1230 3962 viginti
1264 3909 1548 3948 annorum
1574 3893 1929 3963 praescriptio
1951 3894 2025 3956 ei,

389 3975 490 4046 qui
523 3977 672 4032 mala
715 3978 828 4033 ﬁde
879 3983 1218 4050 possederit,
1253 3981 1404 4037 haud
1459 3983 1694 4052 prodest
1719 4001 1737 4036 :
1773 3983 1890 4037 imo
1923 3999 2027 4037 nec

387 4062 740 4134 tricennalis,
791 4069 900 4122 nisi
951 4069 1146 4139 quiete
1185 4072 1528 4140 possederit,
1581 4071 1920 4141 nullamque
1967 4071 2026 4124 in

389 4151 512 4208 l'oro
549 4152 706 4210 litem
739 4157 1102 4216 sustinuerit.
1151 4159 1295 4215 Vide
1337 4161 1512 4216 etiam
1551 4161 1610 4216 in
1644 4161 1832 4232 capite
1859 4161 1895 4214 9
1926 4160 2028 4214 lit-

391 4246 527 4298 terae
566 4251 624 4298 Δ.

461 4332 644 4388 Omne
699 4335 996 4392 servitium
1055 4343 1111 4394 et
1168 4337 1543 4395 ususfructus
1599 4338 1706 4404 eis,
1766 4338 1866 4410 qui
1915 4355 2030 4394 non

390 4427 698 4494 usurpant,
733 4435 959 4498 propter
981 4429 1175 4498 ipsum
1207 4428 1484 4499 temporis
1516 4429 1850 4494 decursum,
1883 4443 2032 4497 pra-

390 4511 654 4570 sentibus
711 4517 946 4586 quidem
989 4519 1308 4584 decennali,
1369 4519 1711 4574 absentibus
1763 4519 2032 4590 prscri-

394 4599 594 4669 ptione
621 4601 904 4660 vicennali
924 4607 1230 4664 amittitur.

461 4687 569 4752 Qui
599 4689 898 4746 servitium
929 4692 1056 4762 iure
1089 4691 1310 4748 obtinet
1335 4708 1544 4765 pecora
1571 4691 1630 4747 in
1670 4707 1807 4764 agro
1841 4691 2030 4747 alieno

395 4775 725 4848 adaquandi
753 4795 822 4835 ac
854 4782 1154 4852 pascendi,
1201 4781 1499 4838 servitium
1541 4781 1716 4837 etiam
1749 4795 2033 4852 usurpare

393 4869 580 4935 potest
609 4867 754 4922 inibi
783 4869 1078 4940 tugurium
1109 4871 1416 4926 excitandi.

461 4957 568 5020 Qui
599 4973 666 5012 ex
700 4957 889 5014 alieno
920 4975 1079 5032 agro,
1119 4961 1336 5016 sciente
1377 4960 1635 5026 domino,
1677 4975 1888 5029 aquam
1917 4961 2036 5012 tra-

393 5047 563 5114 xerit,
622 5047 926 5102 servitium
972 5049 1081 5104 sibi
1115 5049 1172 5103 in
1213 5065 1352 5120 agro
1393 5046 1490 5102 illo
1533 5046 1786 5102 vindicat
1825 5062 2034 5101 usuca-

397 5135 568 5205 pione
599 5136 890 5204 triennali,
923 5139 1157 5194 domino
1191 5137 1420 5193 interim
1453 5153 1566 5192 non
1601 5137 1960 5208 prohibente.

469 5314 625 5368 Bona
657 5315 896 5370 mobilia
925 5316 974 5370 si
1007 5317 1138 5387 quis
1161 5332 1259 5386 per
1289 5315 1606 5370 triennium
1645 5313 1862 5383 absque
1895 5329 2040 5384 que-

396 5403 516 5458 rela
541 5405 887 5474 possederit,
919 5405 1032 5477 ipsi
1063 5406 1279 5460 cedunt
1309 5403 1635 5474 occupanti.

757 5495 908 5551 I99
939 5495 1212 5553 lNlTlUM
1253 5495 1586 5550 LITTERE
1615 5497 1680 5546 Ξ.

721 5589 873 5643 CAP.
909 5590 950 5644 Ι.
984 5591 1055 5644 De
1088 5587 1349 5643 tollendis
1379 5583 1720 5640 simulacris.

471 5673 685 5747 Synodi
737 5675 1210 5748 Carthaginensis
1267 5690 1452 5732 canon
1507 5675 1578 5730 58
1634 5677 1808 5744 atque
1867 5674 2040 5730 etiam

2137 1915 2366 1984 στροφὴ,
2401 1911 2522 1982 ἤτοι
2561 1915 2942 1992 σωφρονισμός
2971 1933 2986 1948 ⁸
3037 1915 3252 1977 πόλεως
3302 1917 3536 1986 συνθήκη
3569 1921 3726 1988 κοινή
3767 1937 3782 1949 ·

2134 1997 2245 2056 ἔστι
2280 2000 2337 2056 δὲ
2368 2003 2456 2056 καὶ
2505 2007 2646 2058 Οεῖον
2695 2003 2928 2078 εὕρημα.
2963 2007 3156 2080 ’Λρετή
3207 2007 3380 2078 νόμου
3407 2007 3470 2060 τὸ
3519 2005 3780 2078 κελεύειν,

2133 2093 2194 2146 τὸ
2225 2089 2480 2160 κωλύειν,
2511 2093 2573 2146 τὸ
2603 2091 2927 2166 ἐπιτρέπειν,
2959 2094 3022 2149 τὸ
3051 2097 3434 2169 τιμωρεῖσθαι.

2207 2182 2280 2236 Οὐ
2329 2184 2452 2254 περὶ
2501 2185 2596 2236 τοῦ
2653 2183 3002 2254 καθέκαστον,
3055 2183 3199 2240 ἄλλα
3255 2189 3448 2248 κοινῶς
3507 2188 3558 2241 oi
3615 2185 3778 2260 νόμοι

2133 2269 2389 2326 τίθενται.

2206 2363 2266 2416 '0
2295 2359 2462 2433 νόμος
2493 2361 2598 2415 ἀπὸ
2628 2367 2728 2430 τῆς
2760 2358 3104 2434 δικαιοσύνης
3145 2363 3480 2438 ὠνόμασται,
3511 2361 3622 2421 ἔστι
3673 2369 3780 2442 γὰρ

2130 2451 2294 2525 τέχνη
2325 2455 2423 2505 τοῦ
2452 2449 2626 2506 καλοῦ
2657 2452 2747 2506 καὶ
2775 2457 2874 2507 τοῦ
2906 2450 3044 2510 ἴσου.

2203 2541 2335 2602 Τοὺς
2384 2541 2610 2614 νόμους,
2649 2540 2756 2595 ἀπὸ
2805 2547 2914 2596 τῶν
2961 2543 3038 2604 ὡς
3083 2543 3166 2600 ἐπὶ
3217 2545 3280 2599 τὸ
3328 2543 3583 2600 πλεῖστον
3635 2567 3778 2618 συμ-

2133 2624 2450 2698 ϐαινόντων,
2485 2631 2549 2684 οὐ
2605 2631 2711 2702 μὴν
2741 2635 2849 2684 τῶν
2903 2634 3142 2695 σπανίως
3175 2633 3474 2709 εἰσάγεσθαι
3507 2632 3608 2704 δεῖ,
3651 2632 3778 2690 οὐδὲ

2132 2717 2238 2772 ἀπὸ
2283 2723 2392 2772 τῶν
2445 2715 2754 2792 δυναμὲνων
2801 2718 2854 2774 ἐν
2895 2719 2972 2774 ἑνὶ
3023 2717 3298 2794 συμϐῆναι
3343 2722 3532 2796 θέματι
3568 2743 3582 2757 ·

2133 2812 2302 2882 ορῶσι
2331 2807 2431 2883 γὰρ
2465 2810 2516 2862 οἱ
2546 2808 2835 2882 νομοθέται
2865 2811 2928 2864 τὸ
2958 2811 3092 2881 ἅπαξ
3123 2813 3158 2883 ἢ
3192 2810 3292 2874 δίς.

2201 2899 2268 2955 Oi
2315 2897 2722 2974 προγενέστεροι
2769 2899 2928 2972 νόμοι
2977 2901 3053 2964 εἰς
3113 2901 3240 2964 τοὺς
3303 2905 3770 2980 μεταγενεστέρους

2129 2984 2379 3042 ἕλκονται
2415 3005 2431 3021 ’
2471 2989 2525 3042 αἱ
2579 2985 2637 3042 δὲ
2685 2989 3126 3066 μεταγενέστεραι
3179 2989 3442 3063 διατάξεις
3483 2994 3768 3069 ἰσχυρότε-

2130 3097 2220 3151 ραι
2251 3081 2359 3132 τῶν
2393 3077 2499 3152 πρὸ
2531 3077 2703 3132 αὐτῶν
2739 3079 2894 3136 εἰσιν.

2205 3163 2290 3218 Ἐν
2325 3164 2404 3224 οἷς
2455 3161 2554 3216 οὐκ
2601 3157 2751 3218 ἕσται
2799 3160 3066 3240 ἔγγραφος
3107 3167 3301 3242 νόμος,
3351 3173 3385 3239 ἡ
3439 3171 3616 3242 μακρᾶ
3661 3191 3776 3224 συν-

2133 3253 2315 3322 ήθεια,
2348 3251 2434 3306 ἐπὶ
2465 3251 2716 3316 πολλοὺς
2757 3253 3032 3312 ἐνιαυτοὺς
3081 3255 3490 3334 δοκιμασθεῖσα,
3521 3263 3638 3318 ἀντὶ
3685 3263 3778 3316 νό-

2138 3363 2244 3415 μου
2269 3347 2476 3416 κρατεῖ,
2503 3342 2652 3413 τάξιν
2681 3341 2888 3422 ἔχουσα
2917 3345 3114 3420 νόμου.

2203 3431 2276 3485 Τὰ
2303 3435 2484 3492 κακῶς
2509 3431 2760 3506 κριθέντα
2787 3433 2876 3488 καὶ
2905 3437 3244 3508 τυπωθέντα,
3275 3438 3399 3496 οὔτε
3435 3439 3624 3514 νόμος,
3657 3439 3784 3496 οὔτε

2133 3519 2356 3596 χρόνος,
2389 3517 2516 3576 οὕτε
2546 3522 2798 3591 συνήθεια
2833 3519 3066 3598 βεϐαιοῖ.

3635 2744 3774 2799 παρ-

2539 3649 2790 3704 ΚΕΦΑΛ.
2833 3649 2917 3708 [1⁸.
2959 3651 3112 3726 Περὶ
3155 3661 3383 3725 νομῆς.

2833 3755 3072 3830 Νόμομ

2204 3881 2326 3934 ’Ότι
2388 3873 2630 3931 δεκαετία
2687 3877 2720 3946 ἢ
2781 3879 3084 3938 εἶκοσαετία
3133 3885 3194 3938 οὐ
3251 3888 3446 3958 βοηθεῖ
3500 3893 3582 3956 τῷ
3637 3893 3784 3962 κακῇ

2133 3969 2310 4020 πίστει
2359 3967 2664 4038 νεμομένῳ,
2697 3967 2740 4020 εἰ
2795 3971 2870 4042 μὴ
3009 3975 3413 4046 τριακονταετία
3461 3977 3549 4029 καὶ
3597 3975 3789 4046 μόνον,

2135 4055 2282 4127 εἴπερ
2317 4052 2626 4118 ἁδιακόπως
2667 4057 2908 4131 ἐνέμετο,
2937 4062 3026 4116 καὶ
3075 4059 3312 4137 ὄχλησιν
3345 4063 3397 4118 ἐν
3447 4062 3792 4139 δικαστηρίῳ

2139 4145 2216 4216 μὴ
2263 4144 2530 4216 ὑπέμεινε.
2585 4147 2744 4215 Ζήτει
2791 4150 2880 4202 καὶ
2929 4147 2982 4204 ἐν
3031 4155 3108 4223 τῷ
3155 4155 3202 4206 θ’
3252 4173 3368 4226 ne.
3417 4157 3514 4208 τοῦ
3563 4161 3599 4208 Δ
3633 4175 3790 4209 στοι-

2137 4235 2314 4308 χείου.

2211 4327 2358 4378 Πᾶσα
2406 4319 2628 4378 δουλεία
2673 4325 2762 4380 καὶ
2823 4333 2966 4382 πᾶσα
3019 4333 3219 4404 χρῆσις
3267 4330 3354 4385 ἐπὶ
3411 4335 3518 4386 τῶν
3569 4333 3646 4404 μή
3701 4353 3794 4388 κε-

2143 4423 2462 4497 χρημένων,
2523 4415 2612 4472 διὰ
2663 4423 2762 4486 τῆς
2817 4421 2914 4472 τοῦ
2970 4419 3176 4492 χρόνου
3253 4417 3636 4496 παραδρομῆς,
3695 4421 3790 4476 ἐπὶ

2145 4512 2237 4584 μὲν
2289 4507 2594 4584 παρόντων,
2639 4503 2906 4576 δεκαετίᾳ,
2957 4505 3044 4560 ἐπὶ
3103 4505 3162 4561 δὲ
3219 4509 3492 4578 ἀπόντων,
3543 4509 3794 4564 εἰκοσαε-

2063 4591 2106 4654 Ι)
2139 4601 2227 4672 τίᾳ
2257 4597 2588 4654 ἀπόλλυται.

2213 4695 2270 4744 '0
2299 4687 2444 4762 ἔχων
2491 4683 2742 4740 δουλείαν
2771 4689 2866 4742 τοῦ
2915 4685 3154 4755 ποτίζειν
3201 4687 3288 4741 καὶ
3343 4687 3558 4760 βόσκειν
3609 4685 3662 4742 ἐν
3711 4693 3796 4760 τῷ

2140 4779 2296 4856 ἀγρῷ
2347 4797 2442 4832 σου
2491 4771 2798 4850 θρέμματα,
2853 4773 3074 4829 δύναται
3113 4777 3336 4830 κτᾶσθαι
3387 4773 3641 4832 δουλείαν
3691 4779 3799 4832 τοῦ

2141 4869 2193 4923 ἐν
2225 4867 2374 4938 αὐτῷ
2405 4869 2582 4919 ποιεῖν
2615 4859 2886 4936 καλύϐην.

2210 4957 2266 5010 Ὀ
2308 4953 2376 5010 δι’
2429 4951 2728 5028 ἀλλοτρίου
2775 4955 2946 5030 ἀγροῦ
2998 4953 3174 5011 ἕλκων
3217 4953 3388 5030 ὕδωρ,
3439 4952 3646 5015 εἰδότος
3695 4959 3802 5008 τοῦ

2144 5043 2406 5101 δεσπότου
2457 5047 2553 5097 τοῦ
2621 5043 2808 5117 ἀγροῦ,
2857 5049 3046 5098 κτᾶται
3101 5045 3238 5100 κατὰ
3293 5049 3388 5099 τοῦ
3443 5043 3612 5120 ἀγροῦ
3671 5039 3804 5097 δου-

2143 5133 2292 5190 λείαν
2343 5133 2394 5188 ὲν
2437 5137 2514 5203 τῷ
2563 5135 2932 5206 νενομισμένῳ
2979 5135 3214 5209 τριετίας
3247 5137 3458 5209 χρόνῳ,
3495 5135 3569 5206 μὴ
3611 5130 3804 5186 κωλύ-

2145 5241 2334 5284 σαντος
2363 5221 2526 5276 αὐτὸν
2557 5227 2652 5276 τοῦ
2683 5221 2944 5278 δεσπότου
2977 5229 3076 5278 τοῦ
3109 5225 3298 5298 ἀγροῦ.

2215 5315 2292 5370 Τὰ
2339 5313 2534 5378 κινητὰ
2584 5313 2892 5388 πράγματα,
2947 5313 3032 5368 ἐπὶ
3081 5314 3316 5388 τριετίαν
3369 5313 3804 5388 ἀνεπιτσωνήτως

2143 5405 2508 5478 κρατούμενα,
2541 5401 2910 5473 δεσπόζονται.

2551 5499 2732 5552 ΑΡΧΗ
2771 5503 2892 5550 ΤΟΥ
2929 5503 2978 5550 Ξ
3021 5503 3388 5552 ΣἸῸΙΧΕΙΟΥ.

2295 5587 2544 5638 ΚΕΦΔΛ.
2589 5585 2664 5638 A'.
2707 5585 2866 5656 Περὶ
2907 5585 3151 5653 ξοάνων
3193 5583 3660 5658 καθαιρέσεως.

2223 5679 2280 5728 '0
2310 5679 2410 5742 τῆς
2443 5671 2498 5727 ἐν
2547 5673 2860 5750 Καρθαγένῃ
2908 5671 3134 5730 συνόδου
3183 5675 3358 5730 κανὼν
3407 5674 3508 5744 νη’,
3541 5673 3626 5726 καὶ
3665 5671 3804 5746 μὲν-
