4080 6224
270 363 339 432 65
1250 358 1695 421 SYNTAGMA.
1742 351 2398 421 ALPHABETICUM.
2444 384 2519 395 —
2566 355 2632 409 [ι.
3556 350 3637 410 66

268 518 344 556 τοι
382 494 461 550 καὶ
504 494 531 546 ὁ
573 488 660 545 πδ¹
706 488 773 544 τὰ
816 488 980 559 ξόανα
1025 490 1201 544 πάντα
1247 489 1534 545 κελεύουσι
1598 491 1871 564 καθαιρεῖν

1986 488 2054 543 84
2083 484 2398 542 simulacra
2444 483 2640 539 omnia
2686 480 2809 538 tolli
2844 498 2875 537 e
2920 481 3110 539 medio
3158 485 3214 537 et
3261 481 3419 553 ipsas
3451 482 3635 538 idolo-

268 586 346 640 καὶ
386 586 446 640 τὰ
487 587 593 636 τῶν
640 576 887 634 εἰδώλων
938 576 1418 653 ἐγκαταλείμματα
1466 580 1641 653 ῥίζαις
1691 580 1876 641 αὐταῖς

275 673 469 748 ἰξελεῖν.

274 785 490 838 ΚΕΦΔΛ.
524 784 580 833 Β.
608 779 753 831 "01::
783 772 885 851 δεῖ
910 773 1067 851 τοὺς
1100 774 1326 851 ξένους
1365 780 1492 831 τῶν
1539 774 1882 851 κληρικῶν

822 845 1308 922 ὑποδέχεσθαι.

326 942 465 1012 Ζήτει
492 940 554 995 τὸ
586 940 639 992 0‘
669 936 969 1017 κεφάλαιον
997 941 1096 992 τοῦ
1126 945 1170 993 Δ
1201 937 1505 1011 στοιχείου.

628 1032 825 1085 ΑΡΧΗ
866 1027 994 1084 ΤΟΥ
1041 1031 1082 1080 Ο
1132 1028 1495 1084 ΣΤΟΙΧΖΙΟΥ

277 1139 488 1194 [ΕΦΑΛ.
520 1139 604 1190 Δ’.
630 1132 785 1191 Ὀτί
825 1133 1194 1225 οἱκονόεμον
1240 1130 1428 1225 ἔχειν
1463 1133 1560 1191 δεῖ
1588 1133 1697 1188 τὸν
1749 1131 1882 1188 ἐπί-

550 1226 804 1260 σκοπον
851 1206 961 1258 καὶ
1005 1206 1116 1260 τὸν
1167 1206 1563 1281 ’ίιγοῦμενον.

319 1298 459 1366 Ζήτει
487 1297 553 1351 τὸ
580 1292 664 1349 κδ’
697 1295 993 1371 κεφάλαιον
1023 1299 1122 1350 τοῦ
1156 1302 1193 1350 Ε
1224 1295 1529 1369 στοιχείου.

530 1385 802 1441 ΚΕΦΑΛ.
836 1385 913 1441 Β’.
950 1384 1109 1458 Περὶ
1156 1382 1574 1457 οἷωνισμῶν.

316 1474 457 1543 Ζήτει
485 1473 547 1527 τὸ
570 1474 627 1547 γ’
658 1471 954 1548 κεφάλαιον
985 1476 1084 1526 τοῦ
1122 1478 1162 1527 Ε
1184 1473 1485 1548 στοιχείου.

469 1564 738 1618 ΚΕΦΑΛ.
792 1566 862 1618 Γ’.
906 1560 1063 1635 Περὶ
1112 1559 1644 1636 ὀνειρασθὲντος.

315 1651 457 1719 Ζήτει
484 1650 548 1704 τὸ
574 1651 666 1721 κη’
693 1648 993 1724 κεφάλαιον
1023 1652 1117 1704 τοῦ
1148 1656 1192 1705 K
1222 1651 1525 1729 στοιχείου.

627 1745 881 1801 ΚΕΦΑΛ.
930 1740 1003 1795 Δ’.
1051 1741 1207 1813 Περὶ
1254 1735 1491 1815 ὅρκων.

318 1830 462 1898 Ζήτει
492 1829 556 1882 τὸ
590 1826 683 1902 λβ’
720 1827 1018 1903 κεφάλαιον
1042 1832 1139 1883 τοῦ
1172 1834 1212 1884 Ε
1242 1829 1543 1907 στοιχείου.

624 1922 820 1974 ΑΡΧΗ
850 1920 981 1975 ΤΟΥ
1020 1922 1067 1974 Η
1102 1921 1494 1979 ΣΤΟΙΧΕΙΟΥ.

372 2008 631 2066 ΚΕΦΑΛ.
663 2009 742 2064 Δ’.
782 2007 940 2082 Περὶ
970 2006 1305 2080 παιγνίων
1342 2006 1748 2082 θυμελικῶν.

319 2097 549 2165 Ζήτειτὸ
589 2117 639 2166 α,
678 2117 796 2173 κεφ.
859 2100 957 2151 τοῦ
1008 2105 1048 2151 Θ
1087 2097 1392 2170 στοιχείου,
1440 2096 1531 2150 καὶ
1582 2098 1636 2151 ἐν
1683 2101 1762 2168 τῷ
1821 2098 1885 2150 ιε’

259 2205 362 2257 ne.
387 2189 479 2239 τοῦ
501 2193 551 2241 Μ
586 2187 874 2260 στοιχείου
904 2188 1103 2240 κανόνα
1135 2188 1216 2255 κζ’
1262 2194 1364 2256 τῆς
1414 2188 1456 2255 ζ’
1504 2183 1750 2255 συνόδου,
1791 2187 1880 2239 καὶ

251 2275 306 2327 τὸ
332 2278 373 2341 ζ’
398 2295 513 2353 κειρ.
546 2280 651 2329 τοῦ
685 2282 719 2329 Γ
751 2275 1051 2349 στοιχείου.

252 2385 485 2442 ΚΒΦΑΛ.
520 2385 592 2437 Β’.
633 2380 792 2457 Περῖ
827 2386 953 2457 τῶν
991 2381 1054 2436 ὲν
1085 2379 1477 2457 πανδοχείῳ
1522 2382 1879 2437 ἐσθιόντων

866 2455 1238 2528 κληρικῶν.

302 2550 443 2618 Ζήτει
472 2546 536 2601 τὸ
568 2546 616 2613 ζ’
644 2541 940 2619 κεφάλαιον
970 2547 1073 2597 τοῦ
1106 2549 1144 2596 K
1170 2542 1475 2619 στοιχείου.

306 2643 546 2692 ΚΕΦΔΛ.
584 2640 656 2689 I".
694 2632 854 2707 Περὶ
895 2634 1371 2706 παραιτήσεως
1402 2631 1806 2687 ἐπισκόπων.

301 2729 445 2797 Ζήτει
475 2724 540 2780 τὰ
569 2728 662 2793 κη’
689 2720 987 2800 κεφάλαιον
1017 2724 1114 2776 τοῦ
1142 2727 1181 2776 Ε
1211 2719 1512 2795 στοιχείου.

248 2834 486 2890 ΚΕΦΑΛ.
519 2832 598 2886 Δ’.
632 2828 791 2904 Περὶ
821 2832 948 2884 τῶν
988 2827 1350 2914 παρθενίαν
1395 2826 1734 2901 ἑλομένων
1774 2849 1879 2903 γυ-

930 2920 1197 2956 ναικων.

308 2995 455 3064 Ζήτει
485 2992 552 3049 τὸ
588 2992 644 3046 ιε’
675 2988 975 3066 κεφάλαιον
1004 2992 1104 3043 τοῦ
1128 2993 1179 3044 Μ
1219 2988 1515 3062 στοιχείου.

253 3084 588 3139 ΚΕΦΔΔ.Ε’.
617 3077 917 3154 Περὶτῆς
949 3076 1008 3132 ἐν
1040 3079 1118 3144 τῇ
1152 3081 1546 3151 Παρασκευῇ
1576 3075 1879 3148 νηστείας

307 3172 455 3242 Ζήτει
479 3171 543 3225 τὸ
572 3167 621 3224 δ’
652 3165 949 3245 κεφάλαιον
980 3170 1078 3222 τοῦ
1108 3172 1151 3219 Ν
1181 3167 1480 3242 στοιχείου.

436 3262 694 3316 ΚΕΦΑΛ.
730 3256 832 3330 ς’.
877 3256 1042 3329 Περὶ
1083 3257 1652 3327 παρακαταθήκης

244 3349 661 3423 Παρακαταθήκη
704 3345 816 3400 ἐστὶ
866 3345 929 3400 τὸ
985 3343 1074 3399 ἐπὶ
1130 3342 1496 3421 παραφυλακῇ
1552 3366 1660 3400 τινι
1718 3340 1865 3399 διδό-

243 3458 406 3509 μενον.
453 3439 576 3495 Ἐἀν
629 3435 684 3506 ἐξ
750 3432 1022 3507 ἒπιδομῆς
1067 3433 1279 3508 λῃστῶν
1336 3435 1364 3488 ὁ
1421 3436 1521 3505 τήν
1564 3450 1870 3510 παρακατα-

1990 592 2120 633 rum
2151 575 2428 646 reliquias
2458 572 2730 628 radicitus
2759 570 3063 642 exstirpari
3088 570 3319 642 jubent.

1990 776 2143 831 CAP.
2179 775 2250 829 ll.
2276 772 2426 843 Quod
2462 771 2797 853 clericorurn
2827 770 3007 827 deceat
3044 770 3284 843 hospites
3328 771 3563 843 hospitio

2674 858 2946 914 excipere.

2061 934 2206 991 Vide
2225 951 2349 1005 cap.
2374 935 2409 988 9
2440 932 2641 989 littere
2672 934 2739 989 A.

2437 1022 2712 1081 lNITIUM
2755 1022 3086 1078 [ᾸΤΤΕΗίΕ
3124 1022 3189 1077 Ο.

1991 1135 2142 1191 CAP.
2193 1136 2234 1191 Ι.
2294 1134 2444 1203 Quod
2498 1132 2774 1203 episcopus
2832 1147 2895 1185 ac
2946 1133 3239 1201 praefectus
3294 1145 3631 1189 aeconomum

2461 1202 2606 1275 apud
2635 1219 2691 1258 se
2712 1202 2912 1257 habere
2940 1204 3152 1259 debeat.

2064 1297 2264 1360 Quaere
2293 1312 2417 1366 cap.
2447 1296 2519 1347 24
2549 1292 2755 1348 litterae
2778 1292 2838 1346 E.

2490 1380 2639 1437 CAP.
2666 1379 2736 1435 II.
2768 1380 2839 1435 De
2868 1381 3135 1451 auguriis.

2064 1473 2205 1529 Vide
2234 1476 2410 1543 caput
2437 1472 2471 1525 3
2502 1471 2703 1526 litterae
2734 1469 2799 1527 E.

2222 1561 2373 1617 CAP.
2406 1560 2504 1616 IIl.
2536 1560 2611 1615 De
2638 1557 2709 1614 iis
2738 1560 2840 1629 qui
2871 1573 2928 1614 se
2950 1562 3111 1614 noctu
3137 1558 3415 1629 polluant.

2063 1652 2308 1709 Consule
2337 1653 2507 1722 caput
2533 1647 2825 1704 381itteraa
2856 1648 2921 1703 K.

2416 1738 2570 1793 CAP.
2603 1736 2695 1793 IV.
2746 1737 2815 1792 De
2844 1738 3204 1806 juramentis.

1911 1843 1962 1911 Β
2066 1832 2201 1889 Vide
2230 1835 2403 1901 caput
2423 1829 2494 1883 32
2522 1826 2725 1882 littera:
2755 1827 2819 1881 E.

2428 1915 2713 1974 INlTIUM
2753 1916 3078 1972 LITTER/E
3118 1917 3189 1973 Il.

2414 2008 2567 2067 CAP.
2598 2006 2640 2061 Ι.
2675 2006 2750 2060 De
2779 2005 2925 2060 ludis
2952 2007 3203 2064 scenicis.

2056 2101 2257 2165 Quaere
2308 2102 2485 2170 caput
2528 2097 2551 2149 1
2604 2095 2806 2150 littera:
2846 2100 2910 2163 Θ,
2941 2100 2998 2150 et
3027 2096 3086 2150 in
3133 2112 3258 2165 cap.
3315 2096 3381 2150 15
3422 2095 3632 2151 litteras

1987 2194 2041 2246 Μ
2071 2188 2277 2260 synodi
2308 2186 2533 2257 sptimse
2571 2200 2851 2241 canoncm
2884 2184 2953 2237 27
2998 2184 3201 2255 synodi
3232 2182 3267 2234 7
3305 2187 3362 2238 et
3392 2190 3567 2255 caput
3594 2185 3629 2235 7

1987 2279 2193 2334 litterae
2228 2282 2283 2331 Γ.

1986 2388 2141 2443 201)
2170 2385 2322 2441 CAP.
2365 2384 2437 2439 ll.
2472 2385 2543 2438 De
2590 2382 2811 2437 clerici:
2841 2382 2902 2437 in
2943 2382 3175 2438 taberna
3210 2380 3627 2439 comedentibus.

2055 2549 2198 2605 Vide
2226 2565 2350 2620 cap.
2374 2552 2409 2603 7
2437 2548 2635 2603 littera:
2664 2546 2732 2602 K.

2284 2638 2438 2693 CAP.
2465 2636 2557 2691 III.
2583 2637 2656 2691 De
2683 2633 2977 2706 episcopali
3005 2632 3321 2688 audientia.

2053 2730 2254 2795 Quare
2275 2731 2449 2798 caput
2475 2726 2545 2779 28
2587 2724 2789 2780 litterae
2819 2723 2883 2779 E.

1983 2818 2134 2875 CAP.
2175 2816 2268 2872 IV.
2312 2816 2385 2872 De
2439 2816 2664 2887 feminis
2718 2827 2844 2885 qua:
2897 2820 3081 2869 votum
3135 2811 3398 2867 castitatis
3450 2824 3624 2867 susce-

2694 2905 2910 2973 perunt.

2052 2996 2194 3053 Vide
2222 3012 2345 3065 cap.
2380 2994 2447 3050 15
2472 2993 2676 3050 litterae
2708 2991 2784 3047 M.

2272 3085 2430 3142 CAP.
2469 3083 2538 3139 V.
2571 3085 2651 3139 De
2672 3080 2888 3154 jejunio
2916 3079 2980 3136 in
3010 3081 3329 3139 Parasceve.

1894 3185 1941 3258 α
2046 3177 2294 3235 Consule
2321 3193 2446 3247 cap.
2478 3175 2511 3229 4
2541 3174 2741 3229 litteras
2766 3172 2833 3228 N.

2159 3267 2316 3324 CAP.
2352 3267 2439 3323 VI.
2475 3267 2547 3321 De
2574 3264 2818 3335 deposito
2847 3264 2958 3318 sive
2986 3262 3424 3331 ﬁdeicommissa.

2049 3357 2386 3429 Depositum
2418 3359 2503 3411 est
2541 3354 2696 3425 quod
2738 3352 3181 3409 custodiendum
3215 3351 3386 3407 alicui
3421 3350 3617 3405 datur.

1976 3448 2038 3504 Si
2088 3445 2205 3513 ille,
2255 3445 2355 3518 qui
2401 3460 2523 3501 rem
2568 3441 2909 3500 servandam
2961 3441 3241 3511 suscepit,
3290 3439 3618 3495 latronibus

241 3529 396 3599 θήκην
441 3522 629 3583 λαϐὼν
683 3525 936 3580 ἀπώλεσε
982 3524 1207 3594 ταύτην,
1240 3523 1302 3578 οὐ
1334 3521 1700 3579 κινδυνεύεσαι
1746 3529 1869 3584 τοῖς

1986 3534 2415 3590 incursantibus
2428 3529 3020 3604 perdiderit,haeredes
3038 3532 3230 3584 tamen
3245 3526 3618 3583 amissionem

237 3615 590 3689 κληρονόμοις
620 3614 788 3670 αὐτοῦ
818 3615 855 3683 ἠ
907 3610 1177 3671 ἀπώλεια.
1222 3614 1283 3669 Ὀ
1332 3614 1433 3688 γὰρ
1482 3614 1870 3688 παρακαταθή-

237 3727 323 3778 κην
374 3702 667 3782 λαμϐάνων
722 3703 884 3761 δόλον
934 3706 1100 3777 μόνον
1150 3705 1241 3758 καὶ
1291 3703 1557 3778 ῥᾳθυμίαν
1614 3706 1700 3759 καὶ
1737 3703 1870 3779 ἁμὲ-

243 3795 373 3850 λειαν
404 3798 735 3865 ἀπαιτεῖται,
768 3794 813 3849 εἶ
849 3795 927 3867 μὴ
961 3793 1146 3870 ῥητῶς
1189 3794 1277 3848 καὶ
1310 3791 1494 3869 ἕτερόν
1534 3816 1586 3849 τι
1634 3814 1873 3871 συνεφω-

240 3891 383 3957 νήθη.

440 3980 701 4033 ΚΕΦΑΛ.
735 3976 804 4031 Ζ’.
840 3975 1003 4048 Περῖ
1035 3977 1149 4028 τοῦ
1180 3973 1371 4050 ἁγίου
1406 3973 1657 4049 Πάσχα,

300 4067 425 4123 Εἶτα
460 4068 554 4130 τὰς
591 4066 689 4140 μὲν
719 4064 895 4126 ἄλλας
944 4069 1053 4119 τῶν
1108 4065 1441 4131 ὑποθέσεων,
1500 4063 1562 4125 ’ὰς
1618 4065 1681 4118 τὸ
1730 4084 1871 4138 προ-

240 4156 464 4229 κείμενον
525 4159 748 4211 ἀπαιτεῖ
812 4158 1119 4229 σύνταγμα,
1175 4158 1273 4208 τοῦ
1353 4152 1525 4225 μηδὲν
1595 4152 1871 4209 ἐλλείπειν

236 4248 329 4300 τῶν
357 4246 604 4315 ἡκόντων
653 4243 729 4306 εἷς
776 4242 1006 4317 δύναμιν
1048 4248 1166 4305 τοῖς
1214 4242 1428 4317 σμικρᾶ
1475 4244 1566 4297 καὶ
1613 4246 1871 4318 φρονοῦσι

236 4335 308 4389 καὶ
339 4332 534 4411 δρῶσιν
584 4336 725 4408 ἡμῖν
774 4331 1035 4405 ἐμέλησε,
1067 4337 1166 4388 τοῦ
1213 4328 1272 4387 δὲ
1320 4326 1621 4406 σεϐασμίου
1668 4337 1873 4387 τοσοῦ-

235 4442 312 4478 τον
372 4423 895 4499 κατολιγωρήσομεν
970 4423 1190 4500 Πάσχα,
1252 4420 1306 4475 ἐν
1357 4421 1403 4493 ᾧ
1459 4441 1521 4475 το
1575 4420 1873 4498 κεφάλαιον

239 4517 324 4615 τῆς
367 4512 489 4586 περὶ
539 4516 690 4586 ἡμᾶς
733 4515 833 4567 τοῦ
877 4510 1077 4588 Κυρίου
1141 4510 1461 4584 οἰκονομίας
1505 4509 1866 4586 ἐξείργασται,
1900 4546 1950 4615 D

241 4600 302 4663 ὡς
333 4603 404 4675 μὴ
434 4604 530 4664 τὰς
565 4600 831 4676 μεθόδους
877 4600 1065 4671 αὐτοῦ,
1107 4599 1198 4656 καὶ
1254 4601 1351 4663 τὰς
1409 4599 1619 4655 τούτων
1673 4598 1871 4669 αἰτίας,

245 4689 306 4751 ὡς
334 4691 442 4746 οἶόν
471 4712 532 4745 τε
562 4688 738 4761 δήλας
780 4692 948 4746 θεῖται
999 4694 1117 4752 τοῖς
1165 4690 1462 4765 ἀγνοοῦσι;
1514 4688 1613 4744 Καὶ
1667 4688 1749 4751 τίς
1806 4689 1867 4743 ἃν

246 4779 373 4850 ἡμᾶς
404 4777 619 4842 δικαίας
663 4778 806 4834 οὕτω
847 4781 1243 4855 παραιτήσαιτο
1275 4778 1538 4853 μέμψεως
1569 4798 1583 4848 ;
1633 4779 1868 4855 Τοιγάρ-

249 4888 318 4921 τοι
344 4870 429 4924 καὶ
460 4869 567 4943 πρό
617 4889 679 4945 γε
722 4872 834 4922 τῶν
885 4866 1042 4922 θείων
1103 4872 1399 4942 χρησμῶν,
1450 4868 1619 4942 μικρά
1652 4889 1745 4943 μοι
1777 4866 1871 4925 δο-

248 4962 317 5009 κεῖ
359 4954 636 5012 διαλαϐεῖν
688 4955 839 5011 ἅττα.
890 4959 994 5010 Teii
1044 4956 1235 5030 Πάσχα
1284 4960 1383 5010 τοῦ
1430 4955 1584 5029 ἱεροῦ
1648 4954 1868 5010 πολλοῦ

251 5040 418 5118 δέομεν
472 5046 525 5100 ἐν
576 5044 822 5121 περινοίᾳ
868 5043 1134 5120 γενέσθαι,
1190 5041 1422 5117 μηδέπω
1478 5041 1866 5121 κατειληφότες

246 5132 297 5185 τὸ
320 5138 533 5207 νομικόν
568 5154 582 5166 ’
616 5132 700 5189 δεῖ
726 5134 832 5209 γὰρ
877 5134 1005 5194 τοὺς
1052 5135 1257 5195 τύπους
1291 5134 1538 5208 ἡγεῖσθαι
1583 5133 1720 5206 πρὸς
1766 5134 1865 5201 τήν

244 5227 326 5290 τῆς
352 5224 604 5296 ἀληθείας
637 5221 974 5279 συντέλειαν.
1017 5223 1086 5276 Τὸ
1130 5221 1325 5295 Πάσχα
1370 5220 1551 5274 τοίνυν
1594 5221 1658 5276 τὸ
1704 5242 1866 5294 νομι-

246 5309 319 5364 κὸν
370 5320 565 5384 Μωσῆς
615 5313 821 5375 ἐκεῖνος
878 5313 907 5366 ὁ
965 5312 1103 5366 πάνυ
1162 5315 1297 5365 κατά
1345 5330 1406 5384 γε
1460 5311 1563 5379 τήν
1627 5307 1693 5364 ιδ’
1768 5314 1866 5365 τοῦ

242 5401 435 5472 πρώτου
480 5403 808 5474 σεληνιακοῦ
868 5400 1043 5474 μηνὸς
1113 5398 1386 5455 τελεῖτθαι
1444 5400 1862 5472 νενομοθέτηκε.

244 5491 440 5561 Πρῶτος
486 5490 543 5547 δὲ
597 5493 710 5566 μὴν
760 5489 899 5545 ἐστιν
958 5490 986 5543 ὁ
1041 5488 1167 5565 παρ’
1198 5488 1521 5565 Αἰγυπτίοις
1557 5491 1650 5563 μὲν
1680 5494 1864 5563 Φαμε-

243 5575 357 5649 νὼθ,
410 5581 630 5657 Δίστρος
700 5577 759 5635 δὶ
826 5580 955 5655 παρ’
1026 5576 1294 5648 Ἕλλησι,
1370 5579 1534 5632 Νισὰν
1611 5575 1668 5632 δὲ
1737 5576 1869 5654 παρ’

249 5661 527 5749 Ἐεραίοιςν
565 5671 714 5753 παρὰ
771 5667 829 5727 δὲ
883 5670 1176 5747 Ῥωμαιοις
1234 5665 1635 5744 ὀνομαζόμενος
1712 5669 1864 5747 Μάρ-

1979 3626 2225 3699 depositi
2255 3625 2481 3682 actione
2512 3641 2626 3681 non
2675 3622 3061 3693 experientur.
3104 3620 3252 3675 Nam
3300 3618 3402 3690 qui
3442 3619 3619 3688 depo-

1980 3719 2154 3772 situm
2185 3715 2430 3787 accepit,
2462 3713 2650 3770 solum
2683 3711 2880 3767 dolum
2911 3714 2969 3766 et
3008 3708 3418 3781 negligentiam
3449 3712 3625 3778 atque

1981 3807 2252 3863 inertiam
2296 3808 2548 3876 prastat,
2593 3801 2706 3857 nisi
2747 3802 2892 3857 forte
2940 3799 3095 3855 aliud
3145 3798 3364 3870 aliquid
3395 3796 3624 3852 disertis

1980 3894 2173 3950 verbis
2202 3897 2551 3951 conventum
2580 3891 2784 3946 fuerat.

2352 3981 2504 4037 CAP.
2537 3980 2653 4035 Vll.
2691 3981 2763 4034 De
2784 3993 2937 4033 sacro
2970 3977 3256 4032 Paschate.

2054 4072 2429 4130 Postmodum
2470 4069 2582 4126 alia
2631 4068 2863 4139 quidem
2913 4070 3282 4137 argumenta,
3344 4082 3466 4134 quae
3517 4064 3623 4119 hoc

1981 4181 2127 4236 opus
2193 4169 2459 4233 expetere
2524 4157 2849 4222 videbatur,
2907 4172 2981 4211 ne
3036 4156 3259 4210 deesset
3323 4154 3622 4225 quidpiam

1979 4267 2178 4309 eorum
2227 4266 2350 4322 quas
2396 4249 2513 4305 huc
2561 4250 2849 4319 spectant,
2902 4250 3188 4317 quantum
3250 4243 3419 4299 nobis
3462 4243 3627 4298 licuit

1980 4338 2180 4409 magni
2206 4336 2352 4393 nihil
2386 4334 2474 4392 vel
2513 4333 2909 4405 cogitantibus
2939 4331 3026 4388 vel
3069 4330 3437 4398 facientibus,
3473 4329 3625 4385 haud

1978 4425 2349 4498 indiligenter
2387 4424 2789 4492 tractavimus,
2813 4421 3032 4477 adeone
3049 4418 3448 4476 venerandum
3482 4420 3624 4474 Pas-

1980 4517 2110 4585 cha,
2166 4515 2226 4572 in
2285 4530 2400 4587 quo
2444 4528 2744 4570 summum
2796 4510 3109 4567 Dominicis
3166 4507 3624 4582 dispensationis

1984 4609 2281 4679 peractum
2317 4606 2426 4673 est,
2462 4600 2750 4674 neglectui
2779 4599 3149 4665 habebimus,
3202 4602 3270 4653 ut
3317 4596 3625 4653 methodos

1978 4695 2163 4767 ipsius
2204 4697 2379 4765 atque
2430 4707 2633 4748 earum
2681 4705 2905 4755 causas,
2956 4692 3021 4744 ut
3071 4688 3137 4741 ﬁt
3184 4687 3394 4744 harum
3428 4702 3622 4741 rerum

1978 4785 2197 4856 ignaris
2226 4797 2510 4855 exponere
2538 4776 3067 4852 supersedeamus?
3095 4774 3235 4840 Quis
3268 4775 3422 4831 enim
3456 4773 3624 4829 nobis

1979 4875 2089 4932 hoc
2119 4874 2258 4932 vitio
2289 4874 2490 4928 merito
2519 4873 2703 4925 vertat
2731 4868 2760 4921 ?
2788 4868 3067 4933 Quocirca
3098 4868 3232 4921 ante
3271 4863 3469 4919 divina
3498 4880 3625 4917 ora-

1978 4961 2110 5018 cula
2137 4960 2387 5017 breviter
2408 4959 2477 5013 de
2496 4955 2565 5013 iis
2583 4957 2869 5012 disserere
2890 4953 3051 5021 libet,
3067 4970 3192 5025 quae
3216 4952 3366 5008 circa
3386 4966 3619 5005 sacrum

1978 5051 2201 5108 Pascha
2229 5049 2376 5107 scire
2419 5063 2596 5120 quam
2635 5045 2885 5101 maxime
2924 5044 3121 5111 refert,
3166 5039 3335 5113 legali
3375 5039 3473 5094 illo
3506 5056 3622 5094 non

1977 5141 2215 5213 penitus
2245 5138 2529 5210 neglecto.
2562 5133 2708 5207 Typi
2756 5133 2933 5199 enim,
2972 5136 3036 5187 ut
3076 5148 3183 5202 par
3210 5136 3315 5190 est.
3367 5129 3437 5183 ad
3469 5128 3622 5182 veri--

1975 5231 2115 5287 tatis
2145 5226 2705 5285 consummationem
2730 5239 2838 5278 nos
2888 5223 3202 5277 deducunt.
3238 5217 3423 5272 Jussit
3446 5217 3623 5287 igitur

1974 5321 2197 5392 Moyses
2222 5319 2311 5373 vir
2349 5331 2622 5373 summus
2664 5312 2839 5385 primi
2880 5309 3096 5367 mensis
3144 5306 3368 5361 lunaris
3409 5315 3617 5377 quarto

1974 5410 2263 5467 etdecimo
2274 5407 2368 5463 die
2384 5400 2794 5474 Paschalegale
2810 5396 3102 5455 celebrari.
3119 5395 3405 5451 Meusium
3420 5400 3614 5451 autem

1974 5500 2201 5572 primus
2230 5498 2280 5553 is
2308 5501 2421 5565 est,
2455 5510 2623 5567 quem
2654 5488 2899 5562 Egyptii
2932 5484 3312 5551 Pbamenoth,
3353 5484 3615 5540 Distrum

1973 5590 2121 5647 201
2172 5586 2376 5653 Graeci,
2422 5581 2645 5641 Hebraei
2694 5580 2895 5646 Nisan,
2944 5581 3001 5633 et
3048 5574 3292 5631 Romani
3342 5574 3613 5629 Martium

1972 5685 2195 5739 vocant.
2229 5677 2351 5744 Quo
2382 5672 2619 5747 quidem
2653 5682 2845 5728 mense
2874 5665 2962 5724 sol
2994 5665 3201 5721 itinere
3221 5679 3329 5721 suo
3351 5662 3618 5722 universo
