  <div class='ocr_page' id='page_1' title='image "/cluster/home/n/w/nwhite01/storage/ocr_20150623/145/hvd.32044054086921/039.png"; bbox 0 0 4060 6228; ppageno 0'>
   <div class='ocr_carea' id='block_1_1' title="bbox 1989 209 2006 236">
    <p class='ocr_par' dir='ltr' id='par_1_1' title="bbox 1989 209 2006 236">
     <span class='ocr_line' id='line_1_1' title="bbox 1989 209 2006 236; baseline 0 0"><span class='ocrx_word' id='word_1_1' title='bbox 1989 209 2006 236; x_wconf 82' lang='lat' dir='ltr'><em>I</em></span> 
     </span>
    </p>
   </div>
   <div class='ocr_carea' id='block_1_2' title="bbox 437 369 2560 448">
    <p class='ocr_par' dir='ltr' id='par_1_2' title="bbox 437 369 2560 448">
     <span class='ocr_line' id='line_1_2' title="bbox 437 369 2560 448; baseline -0.001 0"><span class='ocrx_word' id='word_1_2' title='bbox 437 369 517 448; x_wconf 85' lang='lat'><strong>6&#39;7</strong></span> <span class='ocrx_word' id='word_1_3' title='bbox 1707 385 2082 448; x_wconf 66' lang='lat' dir='ltr'><strong>MATTHIEI</strong></span> <span class='ocrx_word' id='word_1_4' title='bbox 2127 371 2560 447; x_wconf 63' lang='lat' dir='ltr'><strong>euasurus</strong></span> 
     </span>
    </p>
   </div>
   <div class='ocr_carea' id='block_1_3' title="bbox 3736 385 3841 450">
    <p class='ocr_par' dir='ltr' id='par_1_3' title="bbox 3736 385 3841 450">
     <span class='ocr_line' id='line_1_3' title="bbox 3736 385 3841 450; baseline -0.01 0"><span class='ocrx_word' id='word_1_5' title='bbox 3736 385 3841 450; x_wconf 62' lang='lat'><strong>‘68</strong></span> 
     </span>
    </p>
   </div>
   <div class='ocr_carea' id='block_1_4' title="bbox 435 501 2070 592">
    <p class='ocr_par' dir='ltr' id='par_1_4' title="bbox 435 519 2067 592">
     <span class='ocr_line' id='line_1_4' title="bbox 435 519 2067 592; baseline -0.001 -17"><span class='ocrx_word' id='word_1_6' title='bbox 435 521 724 577; x_wconf 85' lang='lat' dir='ltr'><strong>contraria</strong></span> <span class='ocrx_word' id='word_1_7' title='bbox 751 523 1064 576; x_wconf 81' lang='lat' dir='ltr'><strong>decurrens</strong></span> <span class='ocrx_word' id='word_1_8' title='bbox 1093 521 1309 576; x_wconf 83' lang='lat' dir='ltr'><strong>zodiaci</strong></span> <span class='ocrx_word' id='word_1_9' title='bbox 1333 519 1535 576; x_wconf 84' lang='lat' dir='ltr'><strong>circuli</strong></span> <span class='ocrx_word' id='word_1_10' title='bbox 1559 520 1796 592; x_wconf 85' lang='lat' dir='ltr'><strong>signum</strong></span> <span class='ocrx_word' id='word_1_11' title='bbox 1815 519 2067 592; x_wconf 89' lang='lat' dir='ltr'><strong>primum</strong></span> 
     </span>
    </p>
   </div>
   <div class='ocr_carea' id='block_1_5' title="bbox 2181 501 3835 592">
    <p class='ocr_par' dir='ltr' id='par_1_5' title="bbox 2181 501 3835 588">
     <span class='ocr_line' id='line_1_5' title="bbox 2181 501 3835 588; baseline 0.002 -16"><span class='ocrx_word' id='word_1_12' title='bbox 2181 538 2317 578; x_wconf 89' lang='grc' dir='ltr'>τιος.</span> <span class='ocrx_word' id='word_1_13' title='bbox 2356 501 2468 573; x_wconf 75' lang='grc' dir='ltr'><strong>”Εν</strong></span> <span class='ocrx_word' id='word_1_14' title='bbox 2529 517 2576 588; x_wconf 80' lang='grc' dir='ltr'><strong>ᾧ</strong></span> <span class='ocrx_word' id='word_1_15' title='bbox 2625 516 2723 584; x_wconf 77' lang='grc' dir='ltr'><strong>τὴν</strong></span> <span class='ocrx_word' id='word_1_16' title='bbox 2778 515 3014 570; x_wconf 71' lang='grc' dir='ltr'>ἐναντίαν</span> <span class='ocrx_word' id='word_1_17' title='bbox 3071 521 3167 571; x_wconf 90' lang='grc' dir='ltr'><strong>τοῦ</strong></span> <span class='ocrx_word' id='word_1_18' title='bbox 3215 516 3414 581; x_wconf 80' lang='grc' dir='ltr'>παντὸς</span> <span class='ocrx_word' id='word_1_19' title='bbox 3463 516 3835 576; x_wconf 56' lang='grc' dir='ltr'>διιππεύωνΐ</span> 
     </span>
    </p>
   </div>
   <div class='ocr_carea' id='block_1_6' title="bbox 436 611 2080 686">
    <p class='ocr_par' dir='ltr' id='par_1_6' title="bbox 436 611 2080 686">
     <span class='ocr_line' id='line_1_6' title="bbox 436 611 2080 686; baseline 0.001 -21"><span class='ocrx_word' id='word_1_20' title='bbox 436 611 634 680; x_wconf 90' lang='lat' dir='ltr'><strong>intrat,</strong></span> <span class='ocrx_word' id='word_1_21' title='bbox 685 613 840 683; x_wconf 90' lang='lat' dir='ltr'><strong>quod</strong></span> <span class='ocrx_word' id='word_1_22' title='bbox 891 611 1298 682; x_wconf 65' lang='lat' dir='ltr'><strong>mquinoctiale</strong></span> <span class='ocrx_word' id='word_1_23' title='bbox 1343 618 1647 686; x_wconf 90' lang='lat' dir='ltr'><strong>punctum,</strong></span> <span class='ocrx_word' id='word_1_24' title='bbox 1696 615 1754 666; x_wconf 86' lang='lat' dir='ltr'><strong>et</strong></span> <span class='ocrx_word' id='word_1_25' title='bbox 1795 611 2080 666; x_wconf 85' lang='lat' dir='ltr'><strong>mensium</strong></span> 
     </span>
    </p>
   </div>
   <div class='ocr_carea' id='block_1_7' title="bbox 435 699 2083 774">
    <p class='ocr_par' dir='ltr' id='par_1_7' title="bbox 435 699 2083 774">
     <span class='ocr_line' id='line_1_7' title="bbox 435 699 2083 774; baseline -0.001 -19"><span class='ocrx_word' id='word_1_26' title='bbox 435 700 808 772; x_wconf 83' lang='lat' dir='ltr'><strong>principium,</strong></span> <span class='ocrx_word' id='word_1_27' title='bbox 857 705 914 756; x_wconf 89' lang='lat' dir='ltr'><strong>et</strong></span> <span class='ocrx_word' id='word_1_28' title='bbox 969 699 1171 757; x_wconf 88' lang='lat' dir='ltr'><strong>circuli</strong></span> <span class='ocrx_word' id='word_1_29' title='bbox 1234 705 1430 774; x_wconf 88' lang='lat' dir='ltr'><strong>caput,</strong></span> <span class='ocrx_word' id='word_1_30' title='bbox 1477 706 1535 758; x_wconf 88' lang='lat' dir='ltr'><strong>et</strong></span> <span class='ocrx_word' id='word_1_31' title='bbox 1579 716 1837 758; x_wconf 76' lang='lat' dir='ltr'><strong>carceres</strong></span> <span class='ocrx_word' id='word_1_32' title='bbox 1885 717 2083 757; x_wconf 82' lang='lat' dir='ltr'><strong>cursus</strong></span> 
     </span>
    </p>
   </div>
   <div class='ocr_carea' id='block_1_8' title="bbox 435 787 2083 861">
    <p class='ocr_par' dir='ltr' id='par_1_8' title="bbox 435 787 2083 861">
     <span class='ocr_line' id='line_1_8' title="bbox 435 787 2083 861; baseline 0.001 -18"><span class='ocrx_word' id='word_1_33' title='bbox 435 789 806 859; x_wconf 77' lang='lat' dir='ltr'><strong>planetarum</strong></span> <span class='ocrx_word' id='word_1_34' title='bbox 839 787 1049 844; x_wconf 89' lang='lat' dir='ltr'><strong>harum</strong></span> <span class='ocrx_word' id='word_1_35' title='bbox 1096 805 1291 846; x_wconf 90' lang='lat' dir='ltr'><strong>rerum</strong></span> <span class='ocrx_word' id='word_1_36' title='bbox 1335 789 1578 846; x_wconf 80' lang='lat' dir='ltr'><strong>studiosi</strong></span> <span class='ocrx_word' id='word_1_37' title='bbox 1612 805 1952 861; x_wconf 84' lang='lat' dir='ltr'><strong>nuncupare</strong></span> <span class='ocrx_word' id='word_1_38' title='bbox 1982 805 2083 844; x_wconf 88' lang='lat' dir='ltr'><strong>so-</strong></span> 
     </span>
    </p>
   </div>
   <div class='ocr_carea' id='block_1_9' title="bbox 431 876 2078 952">
    <p class='ocr_par' dir='ltr' id='par_1_9' title="bbox 431 876 2078 952">
     <span class='ocr_line' id='line_1_9' title="bbox 431 876 2078 952; baseline 0.001 -20"><span class='ocrx_word' id='word_1_39' title='bbox 431 876 572 944; x_wconf 90' lang='lat' dir='ltr'><strong>lent,</strong></span> <span class='ocrx_word' id='word_1_40' title='bbox 612 880 792 948; x_wconf 92' lang='lat' dir='ltr'><strong>atque</strong></span> <span class='ocrx_word' id='word_1_41' title='bbox 829 879 972 934; x_wconf 91' lang='lat' dir='ltr'><strong>adeo</strong></span> <span class='ocrx_word' id='word_1_42' title='bbox 1009 878 1245 951; x_wconf 87' lang='lat' dir='ltr'><strong>signum</strong></span> <span class='ocrx_word' id='word_1_43' title='bbox 1289 880 1550 952; x_wconf 78' lang='lat' dir='ltr'><strong>proxime</strong></span> <span class='ocrx_word' id='word_1_44' title='bbox 1595 880 1943 951; x_wconf 69' lang='lat' dir='ltr'><strong>pracedens,</strong></span> <span class='ocrx_word' id='word_1_45' title='bbox 1976 895 2078 933; x_wconf 91' lang='lat' dir='ltr'><strong>seu</strong></span> 
     </span>
    </p>
   </div>
   <div class='ocr_carea' id='block_1_10' title="bbox 429 965 2082 1041">
    <p class='ocr_par' dir='ltr' id='par_1_10' title="bbox 429 965 2082 1041">
     <span class='ocr_line' id='line_1_10' title="bbox 429 965 2082 1041; baseline 0.002 -22"><span class='ocrx_word' id='word_1_46' title='bbox 429 965 642 1038; x_wconf 84' lang='lat' dir='ltr'><strong>pisces,</strong></span> <span class='ocrx_word' id='word_1_47' title='bbox 675 983 936 1024; x_wconf 88' lang='lat' dir='ltr'><strong>mensem</strong></span> <span class='ocrx_word' id='word_1_48' title='bbox 981 969 1277 1038; x_wconf 89' lang='lat' dir='ltr'><strong>ultimum,</strong></span> <span class='ocrx_word' id='word_1_49' title='bbox 1323 969 1555 1041; x_wconf 84' lang='lat' dir='ltr'><strong>signum</strong></span> <span class='ocrx_word' id='word_1_50' title='bbox 1601 972 1984 1041; x_wconf 87' lang='lat' dir='ltr'><strong>postremum,</strong></span> <span class='ocrx_word' id='word_1_51' title='bbox 2024 973 2082 1024; x_wconf 90' lang='lat' dir='ltr'><strong>et</strong></span> 
     </span>
    </p>
   </div>
   <div class='ocr_carea' id='block_1_11' title="bbox 427 1055 2076 1128">
    <p class='ocr_par' dir='ltr' id='par_1_11' title="bbox 427 1055 2076 1128">
     <span class='ocr_line' id='line_1_11' title="bbox 427 1055 2076 1128; baseline 0 -16"><span class='ocrx_word' id='word_1_52' title='bbox 427 1056 644 1128; x_wconf 89' lang='lat' dir='ltr'><strong>periodi</strong></span> <span class='ocrx_word' id='word_1_53' title='bbox 663 1055 995 1128; x_wconf 73' lang='lat' dir='ltr'><strong>planetariae</strong></span> <span class='ocrx_word' id='word_1_54' title='bbox 1009 1057 1228 1113; x_wconf 82' lang='lat' dir='ltr'><strong>exitum</strong></span> <span class='ocrx_word' id='word_1_55' title='bbox 1253 1059 1371 1114; x_wconf 82' lang='lat' dir='ltr'><strong>sive</strong></span> <span class='ocrx_word' id='word_1_56' title='bbox 1395 1058 1911 1115; x_wconf 85' lang='lat' dir='ltr'><strong>metam.Martium</strong></span> <span class='ocrx_word' id='word_1_57' title='bbox 1927 1059 2076 1114; x_wconf 86' lang='lat' dir='ltr'><strong>enim</strong></span> 
     </span>
    </p>
   </div>
   <div class='ocr_carea' id='block_1_12' title="bbox 426 1145 2078 1220">
    <p class='ocr_par' dir='ltr' id='par_1_12' title="bbox 426 1145 2078 1220">
     <span class='ocr_line' id='line_1_12' title="bbox 426 1145 2078 1220; baseline 0.002 -21"><span class='ocrx_word' id='word_1_58' title='bbox 426 1146 721 1200; x_wconf 87' lang='lat' dir='ltr'><strong>mensium</strong></span> <span class='ocrx_word' id='word_1_59' title='bbox 751 1147 1001 1216; x_wconf 90' lang='lat' dir='ltr'><strong>primum</strong></span> <span class='ocrx_word' id='word_1_60' title='bbox 1032 1163 1162 1202; x_wconf 87' lang='lat' dir='ltr'><strong>esse</strong></span> <span class='ocrx_word' id='word_1_61' title='bbox 1193 1145 1512 1217; x_wconf 88' lang='lat' dir='ltr'><strong>credimus,</strong></span> <span class='ocrx_word' id='word_1_62' title='bbox 1543 1148 1821 1220; x_wconf 88' lang='lat' dir='ltr'><strong>quoniam</strong></span> <span class='ocrx_word' id='word_1_63' title='bbox 1855 1147 2078 1220; x_wconf 83' lang='lat' dir='ltr'><strong>Moyses</strong></span> 
     </span>
    </p>
   </div>
   <div class='ocr_carea' id='block_1_13' title="bbox 427 1233 2079 1306">
    <p class='ocr_par' dir='ltr' id='par_1_13' title="bbox 427 1233 2079 1306">
     <span class='ocr_line' id='line_1_13' title="bbox 427 1233 2079 1306; baseline 0.004 -19"><span class='ocrx_word' id='word_1_64' title='bbox 427 1233 509 1288; x_wconf 89' lang='lat' dir='ltr'><strong>ait</strong></span> <span class='ocrx_word' id='word_1_65' title='bbox 537 1249 603 1289; x_wconf 90' lang='lat' dir='ltr'><strong>eo</strong></span> <span class='ocrx_word' id='word_1_66' title='bbox 633 1235 910 1306; x_wconf 89' lang='lat' dir='ltr'><strong>temporis</strong></span> <span class='ocrx_word' id='word_1_67' title='bbox 933 1236 1187 1305; x_wconf 72' lang='lat' dir='ltr'><strong>iussisse</strong></span> <span class='ocrx_word' id='word_1_68' title='bbox 1217 1235 1424 1302; x_wconf 91' lang='lat' dir='ltr'><strong>Deum,</strong></span> <span class='ocrx_word' id='word_1_69' title='bbox 1457 1246 1515 1292; x_wconf 95' lang='lat' dir='ltr'><strong>ut</strong></span> <span class='ocrx_word' id='word_1_70' title='bbox 1545 1238 1781 1294; x_wconf 86' lang='lat' dir='ltr'><strong>arbores</strong></span> <span class='ocrx_word' id='word_1_71' title='bbox 1811 1247 1871 1294; x_wconf 85' lang='lat' dir='ltr'><strong>et</strong></span> <span class='ocrx_word' id='word_1_72' title='bbox 1909 1238 2079 1294; x_wconf 80' lang='lat' dir='ltr'><strong>ﬂores</strong></span> 
     </span>
    </p>
   </div>
   <div class='ocr_carea' id='block_1_14' title="bbox 425 1323 2077 1394">
    <p class='ocr_par' dir='ltr' id='par_1_14' title="bbox 425 1323 2077 1394">
     <span class='ocr_line' id='line_1_14' title="bbox 425 1323 2077 1394; baseline 0.002 -15"><span class='ocrx_word' id='word_1_73' title='bbox 425 1327 484 1379; x_wconf 86' lang='lat' dir='ltr'><strong>et</strong></span> <span class='ocrx_word' id='word_1_74' title='bbox 511 1323 781 1394; x_wconf 82' lang='lat' dir='ltr'><strong>gramina</strong></span> <span class='ocrx_word' id='word_1_75' title='bbox 811 1323 1238 1381; x_wconf 88' lang='lat' dir='ltr'><strong>revirescerent.</strong></span> <span class='ocrx_word' id='word_1_76' title='bbox 1267 1326 1548 1382; x_wconf 88' lang='lat' dir='ltr'><strong>Videmus</strong></span> <span class='ocrx_word' id='word_1_77' title='bbox 1570 1343 1712 1383; x_wconf 90' lang='lat' dir='ltr'><strong>sane</strong></span> <span class='ocrx_word' id='word_1_78' title='bbox 1733 1327 1838 1383; x_wconf 87' lang='lat' dir='ltr'><strong>hac</strong></span> <span class='ocrx_word' id='word_1_79' title='bbox 1861 1336 2077 1383; x_wconf 74' lang='lat' dir='ltr'><strong>naturae</strong></span> 
     </span>
    </p>
   </div>
   <div class='ocr_carea' id='block_1_15' title="bbox 425 1413 2078 1485">
    <p class='ocr_par' dir='ltr' id='par_1_15' title="bbox 425 1413 2078 1485">
     <span class='ocr_line' id='line_1_15' title="bbox 425 1413 2078 1485; baseline 0.004 -17"><span class='ocrx_word' id='word_1_80' title='bbox 425 1413 775 1481; x_wconf 90' lang='lat' dir='ltr'><strong>conditione,</strong></span> <span class='ocrx_word' id='word_1_81' title='bbox 807 1429 922 1468; x_wconf 90' lang='lat' dir='ltr'><strong>non</strong></span> <span class='ocrx_word' id='word_1_82' title='bbox 954 1414 1160 1485; x_wconf 87' lang='lat' dir='ltr'><strong>quavis</strong></span> <span class='ocrx_word' id='word_1_83' title='bbox 1204 1413 1318 1470; x_wconf 88' lang='lat' dir='ltr'><strong>alia</strong></span> <span class='ocrx_word' id='word_1_84' title='bbox 1349 1416 1780 1472; x_wconf 80' lang='lat' dir='ltr'><strong>ordinationem</strong></span> <span class='ocrx_word' id='word_1_85' title='bbox 1821 1417 2078 1474; x_wconf 85' lang='lat' dir='ltr'><strong>divinam</strong></span> 
     </span>
    </p>
   </div>
   <div class='ocr_carea' id='block_1_16' title="bbox 424 1501 2076 1574">
    <p class='ocr_par' dir='ltr' id='par_1_16' title="bbox 424 1501 2076 1574">
     <span class='ocr_line' id='line_1_16' title="bbox 424 1501 2076 1574; baseline 0.003 -17"><span class='ocrx_word' id='word_1_86' title='bbox 424 1501 755 1574; x_wconf 85' lang='lat' dir='ltr'><strong>adimpleri.</strong></span> <span class='ocrx_word' id='word_1_87' title='bbox 788 1505 1210 1558; x_wconf 84' lang='lat' dir='ltr'><strong>Verumtamen</strong></span> <span class='ocrx_word' id='word_1_88' title='bbox 1243 1503 1470 1560; x_wconf 87' lang='lat' dir='ltr'><strong>mensis</strong></span> <span class='ocrx_word' id='word_1_89' title='bbox 1501 1504 1598 1560; x_wconf 91' lang='lat' dir='ltr'><strong>ille</strong></span> <span class='ocrx_word' id='word_1_90' title='bbox 1618 1506 1878 1570; x_wconf 78' lang='lat' dir='ltr'><strong>Martius,</strong></span> <span class='ocrx_word' id='word_1_91' title='bbox 1904 1507 2076 1562; x_wconf 82' lang='lat' dir='ltr'><strong>sicuti</strong></span> 
     </span>
    </p>
   </div>
   <div class='ocr_carea' id='block_1_17' title="bbox 425 1590 2077 1664">
    <p class='ocr_par' dir='ltr' id='par_1_17' title="bbox 425 1590 2077 1664">
     <span class='ocr_line' id='line_1_17' title="bbox 425 1590 2077 1664; baseline 0.004 -19"><span class='ocrx_word' id='word_1_92' title='bbox 425 1590 612 1646; x_wconf 69' lang='lat' dir='ltr'><strong>caeteri</strong></span> <span class='ocrx_word' id='word_1_93' title='bbox 643 1606 849 1647; x_wconf 90' lang='lat' dir='ltr'><strong>omnes</strong></span> <span class='ocrx_word' id='word_1_94' title='bbox 872 1595 994 1646; x_wconf 90' lang='lat' dir='ltr'><strong>tam</strong></span> <span class='ocrx_word' id='word_1_95' title='bbox 1019 1591 1360 1648; x_wconf 88' lang='lat' dir='ltr'><strong>nominibus</strong></span> <span class='ocrx_word' id='word_1_96' title='bbox 1381 1609 1555 1664; x_wconf 86' lang='lat' dir='ltr'><strong>quam</strong></span> <span class='ocrx_word' id='word_1_97' title='bbox 1584 1605 1826 1651; x_wconf 91' lang='lat' dir='ltr'><strong>numero</strong></span> <span class='ocrx_word' id='word_1_98' title='bbox 1850 1595 2077 1654; x_wconf 90' lang='lat' dir='ltr'><strong>dierum</strong></span> 
     </span>
    </p>
   </div>
   <div class='ocr_carea' id='block_1_18' title="bbox 422 1680 2078 1757">
    <p class='ocr_par' dir='ltr' id='par_1_18' title="bbox 422 1680 2078 1757">
     <span class='ocr_line' id='line_1_18' title="bbox 422 1680 2078 1757; baseline 0.004 -21"><span class='ocrx_word' id='word_1_99' title='bbox 422 1680 573 1751; x_wconf 87' lang='lat' dir='ltr'><strong>apud</strong></span> <span class='ocrx_word' id='word_1_100' title='bbox 603 1685 805 1751; x_wconf 80' lang='lat' dir='ltr'><strong>gentes</strong></span> <span class='ocrx_word' id='word_1_101' title='bbox 835 1681 991 1749; x_wconf 86' lang='lat' dir='ltr'><strong>illas,</strong></span> <span class='ocrx_word' id='word_1_102' title='bbox 1043 1699 1188 1752; x_wconf 89' lang='lat' dir='ltr'><strong>quas</strong></span> <span class='ocrx_word' id='word_1_103' title='bbox 1219 1699 1400 1755; x_wconf 84' lang='lat' dir='ltr'><strong>supra</strong></span> <span class='ocrx_word' id='word_1_104' title='bbox 1434 1685 1572 1752; x_wconf 79' lang='lat' dir='ltr'><strong>dixi,</strong></span> <span class='ocrx_word' id='word_1_105' title='bbox 1617 1685 1830 1757; x_wconf 88' lang='lat' dir='ltr'><strong>pariter</strong></span> <span class='ocrx_word' id='word_1_106' title='bbox 1866 1686 2078 1742; x_wconf 89' lang='lat' dir='ltr'><strong>distin-</strong></span> 
     </span>
    </p>
   </div>
   <div class='ocr_carea' id='block_1_19' title="bbox 423 1770 2078 1845">
    <p class='ocr_par' dir='ltr' id='par_1_19' title="bbox 423 1770 2078 1845">
     <span class='ocr_line' id='line_1_19' title="bbox 423 1770 2078 1845; baseline 0.005 -21"><span class='ocrx_word' id='word_1_107' title='bbox 423 1774 702 1842; x_wconf 83' lang='lat' dir='ltr'><strong>guuntur.</strong></span> <span class='ocrx_word' id='word_1_108' title='bbox 727 1770 1156 1842; x_wconf 76' lang='lat' dir='ltr'><strong>IEquinoctium</strong></span> <span class='ocrx_word' id='word_1_109' title='bbox 1180 1772 1424 1844; x_wconf 84' lang='lat' dir='ltr'><strong>insuper</strong></span> <span class='ocrx_word' id='word_1_110' title='bbox 1444 1774 1572 1845; x_wconf 87' lang='lat' dir='ltr'><strong>ipsa</strong></span> <span class='ocrx_word' id='word_1_111' title='bbox 1593 1774 1846 1830; x_wconf 84' lang='lat' dir='ltr'><strong>universi</strong></span> <span class='ocrx_word' id='word_1_112' title='bbox 1869 1780 2078 1832; x_wconf 85' lang='lat' dir='ltr'><strong>natura</strong></span> 
     </span>
    </p>
   </div>
   <div class='ocr_carea' id='block_1_20' title="bbox 2191 603 3833 680">
    <p class='ocr_par' dir='ltr' id='par_1_20' title="bbox 2191 603 3833 680">
     <span class='ocr_line' id='line_1_20' title="bbox 2191 603 3833 680; baseline 0.003 -20"><span class='ocrx_word' id='word_1_113' title='bbox 2191 605 2378 676; x_wconf 75' lang='grc' dir='ltr'>ἥλιος,</span> <span class='ocrx_word' id='word_1_114' title='bbox 2407 607 2469 660; x_wconf 84' lang='grc' dir='ltr'><strong>τὸ</strong></span> <span class='ocrx_word' id='word_1_115' title='bbox 2499 611 2714 680; x_wconf 78' lang='grc' dir='ltr'>πρῶτον</span> <span class='ocrx_word' id='word_1_116' title='bbox 2753 603 2977 679; x_wconf 77' lang='grc' dir='ltr'>ἄρχεται</span> <span class='ocrx_word' id='word_1_117' title='bbox 3020 611 3121 659; x_wconf 81' lang='grc' dir='ltr'><strong>τοῦ</strong></span> <span class='ocrx_word' id='word_1_118' title='bbox 3151 604 3430 661; x_wconf 84' lang='grc' dir='ltr'>λωδιακοῦ</span> <span class='ocrx_word' id='word_1_119' title='bbox 3472 609 3678 664; x_wconf 73' lang='grc' dir='ltr'>κύκλου</span> <span class='ocrx_word' id='word_1_120' title='bbox 3729 608 3833 665; x_wconf 83' lang='grc' dir='ltr'><strong>δω-</strong></span> 
     </span>
    </p>
   </div>
   <div class='ocr_carea' id='block_1_21' title="bbox 2193 693 3838 775">
    <p class='ocr_par' dir='ltr' id='par_1_21' title="bbox 2193 693 3838 775">
     <span class='ocr_line' id='line_1_21' title="bbox 2193 693 3838 775; baseline 0.001 -24"><span class='ocrx_word' id='word_1_121' title='bbox 2193 695 2590 770; x_wconf 82' lang='grc' dir='ltr'>δεκατημόριον</span> <span class='ocrx_word' id='word_1_122' title='bbox 2649 693 2890 766; x_wconf 84' lang='grc' dir='ltr'>εἷοιέναι,</span> <span class='ocrx_word' id='word_1_123' title='bbox 2950 697 2979 750; x_wconf 80' lang='lat' dir='ltr'><strong>&#39;o&#39;</strong></span> <span class='ocrx_word' id='word_1_124' title='bbox 3030 693 3095 766; x_wconf 77' lang='grc' dir='ltr'>δὴ</span> <span class='ocrx_word' id='word_1_125' title='bbox 3167 697 3256 752; x_wconf 77' lang='grc' dir='ltr'><strong>καὶ</strong></span> <span class='ocrx_word' id='word_1_126' title='bbox 3335 697 3670 775; x_wconf 78' lang='grc' dir='ltr'>ἰσημερινὸν,</span> <span class='ocrx_word' id='word_1_127' title='bbox 3745 701 3838 755; x_wconf 86' lang='grc' dir='ltr'>καὶ</span> 
     </span>
    </p>
   </div>
   <div class='ocr_carea' id='block_1_22' title="bbox 2194 784 3840 866">
    <p class='ocr_par' dir='ltr' id='par_1_22' title="bbox 2194 784 3840 866">
     <span class='ocr_line' id='line_1_22' title="bbox 2194 784 3840 866; baseline 0.002 -27"><span class='ocrx_word' id='word_1_128' title='bbox 2194 789 2384 859; x_wconf 79' lang='grc' dir='ltr'>μηνῶν</span> <span class='ocrx_word' id='word_1_129' title='bbox 2415 785 2619 860; x_wconf 70' lang='grc' dir='ltr'>ἀρχὴν,</span> <span class='ocrx_word' id='word_1_130' title='bbox 2661 785 2751 839; x_wconf 83' lang='grc' dir='ltr'>καὶ</span> <span class='ocrx_word' id='word_1_131' title='bbox 2801 784 3044 863; x_wconf 74' lang='grc' dir='ltr'>κεφαλὴν</span> <span class='ocrx_word' id='word_1_132' title='bbox 3093 790 3190 840; x_wconf 90' lang='grc' dir='ltr'><strong>τοῦ</strong></span> <span class='ocrx_word' id='word_1_133' title='bbox 3237 785 3463 852; x_wconf 80' lang='grc' dir='ltr'>κύκλου,</span> <span class='ocrx_word' id='word_1_134' title='bbox 3515 790 3606 844; x_wconf 79' lang='grc' dir='ltr'>καὶ</span> <span class='ocrx_word' id='word_1_135' title='bbox 3659 792 3840 866; x_wconf 81' lang='grc' dir='ltr'>ἄφεσιν</span> 
     </span>
    </p>
   </div>
   <div class='ocr_carea' id='block_1_23' title="bbox 2187 872 3844 952">
    <p class='ocr_par' dir='ltr' id='par_1_23' title="bbox 2187 872 3844 952">
     <span class='ocr_line' id='line_1_23' title="bbox 2187 872 3844 952; baseline 0.002 -23"><span class='ocrx_word' id='word_1_136' title='bbox 2187 878 2286 929; x_wconf 88' lang='grc' dir='ltr'><strong>τοῦ</strong></span> <span class='ocrx_word' id='word_1_137' title='bbox 2317 872 2525 948; x_wconf 79' lang='grc' dir='ltr'>δρόμου</span> <span class='ocrx_word' id='word_1_138' title='bbox 2559 879 2669 928; x_wconf 79' lang='grc' dir='ltr'><strong>τῶν</strong></span> <span class='ocrx_word' id='word_1_139' title='bbox 2714 872 3034 944; x_wconf 73' lang='grc' dir='ltr'>πλανητῶν,</span> <span class='ocrx_word' id='word_1_140' title='bbox 3067 875 3118 928; x_wconf 73' lang='grc' dir='ltr'>οἱ</span> <span class='ocrx_word' id='word_1_141' title='bbox 3159 875 3282 949; x_wconf 80' lang='grc' dir='ltr'>περὶ</span> <span class='ocrx_word' id='word_1_142' title='bbox 3323 880 3490 931; x_wconf 89' lang='grc' dir='ltr'>ταῦτα</span> <span class='ocrx_word' id='word_1_143' title='bbox 3529 876 3844 952; x_wconf 70' lang='grc' dir='ltr'>έσχολακό-</span> 
     </span>
    </p>
   </div>
   <div class='ocr_carea' id='block_1_24' title="bbox 2187 960 3845 1042">
    <p class='ocr_par' dir='ltr' id='par_1_24' title="bbox 2187 960 3845 1042">
     <span class='ocr_line' id='line_1_24' title="bbox 2187 960 3845 1042; baseline 0.002 -24"><span class='ocrx_word' id='word_1_144' title='bbox 2187 982 2273 1025; x_wconf 92' lang='grc' dir='ltr'><strong>τες</strong></span> <span class='ocrx_word' id='word_1_145' title='bbox 2303 961 2524 1042; x_wconf 89' lang='grc' dir='ltr'>φιλοῦσι</span> <span class='ocrx_word' id='word_1_146' title='bbox 2565 960 2754 1018; x_wconf 77' lang='grc' dir='ltr'>καλεῖν</span> <span class='ocrx_word' id='word_1_147' title='bbox 2790 983 2804 995; x_wconf 74' lang='grc' dir='ltr'><strong>ο</strong></span> <span class='ocrx_word' id='word_1_148' title='bbox 2835 964 2898 1018; x_wconf 85' lang='grc' dir='ltr'>τὸ</span> <span class='ocrx_word' id='word_1_149' title='bbox 2930 960 2987 1017; x_wconf 71' lang='grc' dir='ltr'>δὲ</span> <span class='ocrx_word' id='word_1_150' title='bbox 3027 963 3134 1038; x_wconf 89' lang='grc' dir='ltr'>πρὸ</span> <span class='ocrx_word' id='word_1_151' title='bbox 3179 962 3399 1036; x_wconf 82' lang='grc' dir='ltr'>τούτου,</span> <span class='ocrx_word' id='word_1_152' title='bbox 3435 971 3625 1038; x_wconf 83' lang='grc' dir='ltr'>μηνῶν</span> <span class='ocrx_word' id='word_1_153' title='bbox 3674 964 3845 1042; x_wconf 78' lang='grc' dir='ltr'>ἕσχα·</span> 
     </span>
    </p>
   </div>
   <div class='ocr_carea' id='block_1_25' title="bbox 2187 1047 3844 1128">
    <p class='ocr_par' dir='ltr' id='par_1_25' title="bbox 2187 1047 3844 1128">
     <span class='ocr_line' id='line_1_25' title="bbox 2187 1047 3844 1128; baseline 0.002 -24"><span class='ocrx_word' id='word_1_154' title='bbox 2187 1069 2306 1120; x_wconf 87' lang='grc' dir='ltr'>τον,</span> <span class='ocrx_word' id='word_1_155' title='bbox 2355 1052 2442 1105; x_wconf 75' lang='grc' dir='ltr'>καὶ</span> <span class='ocrx_word' id='word_1_156' title='bbox 2493 1049 2801 1106; x_wconf 88' lang='grc' dir='ltr'>τελευταῖον</span> <span class='ocrx_word' id='word_1_157' title='bbox 2849 1047 3356 1128; x_wconf 86' lang='grc' dir='ltr'>δωδεκατημόριον,</span> <span class='ocrx_word' id='word_1_158' title='bbox 3395 1055 3483 1108; x_wconf 74' lang='grc' dir='ltr'>καὶ</span> <span class='ocrx_word' id='word_1_159' title='bbox 3536 1049 3698 1118; x_wconf 83' lang='grc' dir='ltr'><strong>τέλος</strong></span> <span class='ocrx_word' id='word_1_160' title='bbox 3742 1059 3844 1120; x_wconf 82' lang='grc' dir='ltr'>τῆν</span> 
     </span>
    </p>
   </div>
   <div class='ocr_carea' id='block_1_26' title="bbox 2186 1138 3847 1218">
    <p class='ocr_par' dir='ltr' id='par_1_26' title="bbox 2186 1138 3847 1218">
     <span class='ocr_line' id='line_1_26' title="bbox 2186 1138 3847 1218; baseline 0.004 -25"><span class='ocrx_word' id='word_1_161' title='bbox 2186 1144 2294 1194; x_wconf 82' lang='grc' dir='ltr'><strong>τῶν</strong></span> <span class='ocrx_word' id='word_1_162' title='bbox 2351 1138 2648 1212; x_wconf 79' lang='grc' dir='ltr'>πλανητῶν</span> <span class='ocrx_word' id='word_1_163' title='bbox 2710 1139 2993 1214; x_wconf 85' lang='grc' dir='ltr'>περιόδου.</span> <span class='ocrx_word' id='word_1_164' title='bbox 3051 1141 3151 1195; x_wconf 88' lang='grc' dir='ltr'><strong>Τὸν</strong></span> <span class='ocrx_word' id='word_1_165' title='bbox 3207 1141 3444 1216; x_wconf 71' lang='grc' dir='ltr'>Μάρτιον</span> <span class='ocrx_word' id='word_1_166' title='bbox 3492 1140 3551 1198; x_wconf 70' lang='grc' dir='ltr'>δὲ</span> <span class='ocrx_word' id='word_1_167' title='bbox 3619 1149 3847 1218; x_wconf 81' lang='grc' dir='ltr'>πρῶτος</span> 
     </span>
    </p>
   </div>
   <div class='ocr_carea' id='block_1_27' title="bbox 2188 1229 3896 1312">
    <p class='ocr_par' dir='ltr' id='par_1_27' title="bbox 2188 1229 3896 1312">
     <span class='ocr_line' id='line_1_27' title="bbox 2188 1229 3896 1312; baseline 0.003 -29"><span class='ocrx_word' id='word_1_168' title='bbox 2188 1231 2324 1284; x_wconf 77' lang='grc' dir='ltr'>εἶναι</span> <span class='ocrx_word' id='word_1_169' title='bbox 2361 1237 2511 1302; x_wconf 73' lang='grc' dir='ltr'>μῆνα</span> <span class='ocrx_word' id='word_1_170' title='bbox 2541 1231 2890 1302; x_wconf 73' lang='grc' dir='ltr'><strong>πιστεύομεν,</strong></span> <span class='ocrx_word' id='word_1_171' title='bbox 2923 1229 2973 1302; x_wconf 79' lang='grc' dir='ltr'><strong>ἐξ</strong></span> <span class='ocrx_word' id='word_1_172' title='bbox 3005 1231 3082 1283; x_wconf 82' lang='grc' dir='ltr'>ὧν</span> <span class='ocrx_word' id='word_1_173' title='bbox 3124 1231 3152 1286; x_wconf 85' lang='grc' dir='ltr'>ὁ</span> <span class='ocrx_word' id='word_1_174' title='bbox 3203 1234 3444 1301; x_wconf 79' lang='grc' dir='ltr'>Μωϋσῆς</span> <span class='ocrx_word' id='word_1_175' title='bbox 3491 1232 3728 1306; x_wconf 72' lang='grc' dir='ltr'>εἴρηκεν,</span> <span class='ocrx_word' id='word_1_176' title='bbox 3759 1234 3839 1296; x_wconf 82' lang='grc' dir='ltr'>ὡς</span> <span class='ocrx_word' id='word_1_177' title='bbox 3889 1305 3896 1312; x_wconf 84' lang='lat'><em>_</em></span> 
     </span>
    </p>
   </div>
   <div class='ocr_carea' id='block_1_28' title="bbox 2185 1316 3838 1396">
    <p class='ocr_par' dir='ltr' id='par_1_28' title="bbox 2185 1316 3838 1396">
     <span class='ocr_line' id='line_1_28' title="bbox 2185 1316 3838 1396; baseline 0.001 -23"><span class='ocrx_word' id='word_1_178' title='bbox 2185 1316 2486 1374; x_wconf 66' lang='grc' dir='ltr'>κελεύσειεν</span> <span class='ocrx_word' id='word_1_179' title='bbox 2524 1320 2552 1373; x_wconf 82' lang='grc' dir='ltr'>ὁ</span> <span class='ocrx_word' id='word_1_180' title='bbox 2584 1320 2713 1382; x_wconf 86' lang='grc' dir='ltr'>Θεὸς</span> <span class='ocrx_word' id='word_1_181' title='bbox 2762 1323 2877 1374; x_wconf 83' lang='grc' dir='ltr'>κατ’</span> <span class='ocrx_word' id='word_1_182' title='bbox 2920 1317 3089 1374; x_wconf 83' lang='grc' dir='ltr'>έκεῖνο</span> <span class='ocrx_word' id='word_1_183' title='bbox 3119 1322 3216 1374; x_wconf 88' lang='grc' dir='ltr'><strong>τοῦ</strong></span> <span class='ocrx_word' id='word_1_184' title='bbox 3261 1324 3453 1395; x_wconf 83' lang='grc' dir='ltr'>καιροῦ</span> <span class='ocrx_word' id='word_1_185' title='bbox 3503 1321 3571 1375; x_wconf 84' lang='grc' dir='ltr'><strong>τὰ</strong></span> <span class='ocrx_word' id='word_1_186' title='bbox 3621 1318 3838 1396; x_wconf 82' lang='grc' dir='ltr'>δένδρα,</span> 
     </span>
    </p>
   </div>
   <div class='ocr_carea' id='block_1_29' title="bbox 2186 1402 3843 1484">
    <p class='ocr_par' dir='ltr' id='par_1_29' title="bbox 2186 1402 3843 1484">
     <span class='ocr_line' id='line_1_29' title="bbox 2186 1402 3843 1484; baseline 0.001 -21"><span class='ocrx_word' id='word_1_187' title='bbox 2186 1409 2274 1463; x_wconf 78' lang='grc' dir='ltr'>καὶ</span> <span class='ocrx_word' id='word_1_188' title='bbox 2307 1408 2374 1464; x_wconf 66' lang='grc' dir='ltr'>τὰ</span> <span class='ocrx_word' id='word_1_189' title='bbox 2403 1407 2562 1479; x_wconf 80' lang='grc' dir='ltr'>ἄνθη,</span> <span class='ocrx_word' id='word_1_190' title='bbox 2607 1409 2699 1463; x_wconf 83' lang='grc' dir='ltr'><strong>καὶ</strong></span> <span class='ocrx_word' id='word_1_191' title='bbox 2756 1409 2855 1471; x_wconf 77' lang='grc' dir='ltr'><strong>τὰς</strong></span> <span class='ocrx_word' id='word_1_192' title='bbox 2914 1408 3054 1471; x_wconf 88' lang='grc' dir='ltr'>πόας</span> <span class='ocrx_word' id='word_1_193' title='bbox 3107 1402 3535 1478; x_wconf 75' lang='grc' dir='ltr'>ἀναϐλαστῆσαι.</span> <span class='ocrx_word' id='word_1_194' title='bbox 3593 1410 3843 1484; x_wconf 80' lang='grc' dir='ltr'>Ὀρῶμεν</span> 
     </span>
    </p>
   </div>
   <div class='ocr_carea' id='block_1_30' title="bbox 2187 1495 3836 1572">
    <p class='ocr_par' dir='ltr' id='par_1_30' title="bbox 2187 1495 3836 1572">
     <span class='ocr_line' id='line_1_30' title="bbox 2187 1495 3836 1572; baseline 0.001 -20"><span class='ocrx_word' id='word_1_195' title='bbox 2187 1495 2245 1552; x_wconf 75' lang='grc' dir='ltr'>δὲ</span> <span class='ocrx_word' id='word_1_196' title='bbox 2276 1496 2375 1553; x_wconf 80' lang='grc' dir='ltr'>οὐκ</span> <span class='ocrx_word' id='word_1_197' title='bbox 2433 1498 2486 1552; x_wconf 80' lang='grc' dir='ltr'>ἐν</span> <span class='ocrx_word' id='word_1_198' title='bbox 2545 1498 2734 1571; x_wconf 73' lang='grc' dir='ltr'>ἑτέρῳ,</span> <span class='ocrx_word' id='word_1_199' title='bbox 2773 1496 2902 1553; x_wconf 81' lang='grc' dir='ltr'>ἀλλ’</span> <span class='ocrx_word' id='word_1_200' title='bbox 2947 1495 3000 1552; x_wconf 86' lang='grc' dir='ltr'>ἐν</span> <span class='ocrx_word' id='word_1_201' title='bbox 3058 1497 3243 1570; x_wconf 68' lang='grc' dir='ltr'>τούτῳ</span> <span class='ocrx_word' id='word_1_202' title='bbox 3273 1498 3428 1572; x_wconf 83' lang='grc' dir='ltr'>νόμῳ</span> <span class='ocrx_word' id='word_1_203' title='bbox 3471 1498 3704 1572; x_wconf 77' lang='grc' dir='ltr'>φύσεως,</span> <span class='ocrx_word' id='word_1_204' title='bbox 3734 1502 3836 1555; x_wconf 87' lang='grc' dir='ltr'><strong>τοῦ</strong></span> 
     </span>
    </p>
   </div>
   <div class='ocr_carea' id='block_1_31' title="bbox 2187 1585 3833 1664">
    <p class='ocr_par' dir='ltr' id='par_1_31' title="bbox 2187 1585 3833 1664">
     <span class='ocr_line' id='line_1_31' title="bbox 2187 1585 3833 1664; baseline 0.001 -21"><span class='ocrx_word' id='word_1_205' title='bbox 2187 1592 2321 1644; x_wconf 87' lang='grc' dir='ltr'>Θεοῦ</span> <span class='ocrx_word' id='word_1_206' title='bbox 2355 1587 2740 1660; x_wconf 85' lang='grc' dir='ltr'>πληροὸμενον</span> <span class='ocrx_word' id='word_1_207' title='bbox 2789 1587 2851 1643; x_wconf 87' lang='grc' dir='ltr'><strong>τὸ</strong></span> <span class='ocrx_word' id='word_1_208' title='bbox 2898 1585 3195 1664; x_wconf 85' lang='grc' dir='ltr'>ἐπίταγμα.</span> <span class='ocrx_word' id='word_1_209' title='bbox 3237 1589 3299 1644; x_wconf 79' lang='grc' dir='ltr'>Ὀ</span> <span class='ocrx_word' id='word_1_210' title='bbox 3333 1589 3426 1660; x_wconf 72' lang='grc' dir='ltr'>μὲν</span> <span class='ocrx_word' id='word_1_211' title='bbox 3463 1587 3560 1642; x_wconf 79' lang='grc' dir='ltr'>οὖν</span> <span class='ocrx_word' id='word_1_212' title='bbox 3603 1588 3833 1662; x_wconf 78' lang='grc' dir='ltr'>εἰρημέ-</span> 
     </span>
    </p>
   </div>
   <div class='ocr_carea' id='block_1_32' title="bbox 2185 1673 3832 1756">
    <p class='ocr_par' dir='ltr' id='par_1_32' title="bbox 2185 1673 3832 1756">
     <span class='ocr_line' id='line_1_32' title="bbox 2185 1673 3832 1756; baseline 0.001 -26"><span class='ocrx_word' id='word_1_213' title='bbox 2185 1697 2274 1738; x_wconf 85' lang='grc' dir='ltr'><strong>νος</strong></span> <span class='ocrx_word' id='word_1_214' title='bbox 2310 1678 2440 1750; x_wconf 76' lang='grc' dir='ltr'><strong>μὴν,</strong></span> <span class='ocrx_word' id='word_1_215' title='bbox 2471 1676 2649 1751; x_wconf 82' lang='grc' dir='ltr'>ὥσπερ</span> <span class='ocrx_word' id='word_1_216' title='bbox 2681 1673 2784 1750; x_wconf 73' lang='grc' dir='ltr'>ἄρα</span> <span class='ocrx_word' id='word_1_217' title='bbox 2813 1674 2904 1730; x_wconf 79' lang='grc' dir='ltr'><strong>καὶ</strong></span> <span class='ocrx_word' id='word_1_218' title='bbox 2934 1677 2986 1730; x_wconf 74' lang='grc' dir='ltr'>οἱ</span> <span class='ocrx_word' id='word_1_219' title='bbox 3038 1674 3225 1731; x_wconf 77' lang='grc' dir='ltr'>λοιποὶ</span> <span class='ocrx_word' id='word_1_220' title='bbox 3275 1679 3490 1744; x_wconf 78' lang='grc' dir='ltr'>παντες,</span> <span class='ocrx_word' id='word_1_221' title='bbox 3524 1678 3636 1756; x_wconf 82' lang='grc' dir='ltr'>οὐχ</span> <span class='ocrx_word' id='word_1_222' title='bbox 3665 1679 3832 1747; x_wconf 69' lang='grc' dir='ltr'>ἦττον</span> 
     </span>
    </p>
   </div>
   <div class='ocr_carea' id='block_1_33' title="bbox 2183 1763 3834 1842">
    <p class='ocr_par' dir='ltr' id='par_1_33' title="bbox 2183 1763 3834 1842">
     <span class='ocr_line' id='line_1_33' title="bbox 2183 1763 3834 1842; baseline 0 -20"><span class='ocrx_word' id='word_1_223' title='bbox 2183 1771 2300 1829; x_wconf 91' lang='grc' dir='ltr'>τοῖς</span> <span class='ocrx_word' id='word_1_224' title='bbox 2351 1766 2605 1838; x_wconf 80' lang='grc' dir='ltr'>ὀνόμασιν</span> <span class='ocrx_word' id='word_1_225' title='bbox 2636 1765 2674 1834; x_wconf 74' lang='grc' dir='ltr'><strong>ἢ</strong></span> <span class='ocrx_word' id='word_1_226' title='bbox 2713 1769 2793 1837; x_wconf 81' lang='grc' dir='ltr'>τῷ</span> <span class='ocrx_word' id='word_1_227' title='bbox 2831 1766 3050 1840; x_wconf 76' lang='grc' dir='ltr'>ἀριθμῷ</span> <span class='ocrx_word' id='word_1_228' title='bbox 3101 1763 3209 1819; x_wconf 76' lang='grc' dir='ltr'><strong>τῶν</strong></span> <span class='ocrx_word' id='word_1_229' title='bbox 3259 1767 3482 1840; x_wconf 80' lang='grc' dir='ltr'>ἡμερῶν</span> <span class='ocrx_word' id='word_1_230' title='bbox 3517 1765 3834 1842; x_wconf 69' lang='grc' dir='ltr'>διαφέρουσι</span> 
     </span>
    </p>
   </div>
   <div class='ocr_carea' id='block_1_34' title="bbox 423 1853 2070 1937">
    <p class='ocr_par' dir='ltr' id='par_1_34' title="bbox 423 1860 2070 1937">
     <span class='ocr_line' id='line_1_34' title="bbox 423 1860 2070 1937; baseline 0.003 -22"><span class='ocrx_word' id='word_1_231' title='bbox 423 1860 738 1932; x_wconf 85' lang='lat' dir='ltr'><strong>quotannis</strong></span> <span class='ocrx_word' id='word_1_232' title='bbox 804 1861 1008 1916; x_wconf 87' lang='lat' dir='ltr'><strong>eodem</strong></span> <span class='ocrx_word' id='word_1_233' title='bbox 1090 1866 1351 1933; x_wconf 89' lang='lat' dir='ltr'><strong>tempore</strong></span> <span class='ocrx_word' id='word_1_234' title='bbox 1435 1862 1714 1924; x_wconf 87' lang='lat' dir='ltr'><strong>restituit.</strong></span> <span class='ocrx_word' id='word_1_235' title='bbox 1796 1881 1863 1920; x_wconf 91' lang='lat' dir='ltr'><strong>eo</strong></span> <span class='ocrx_word' id='word_1_236' title='bbox 1929 1868 2070 1937; x_wconf 76' lang='lat' dir='ltr'><strong>qucc‘</strong></span> 
     </span>
    </p>
   </div>
   <div class='ocr_carea' id='block_1_35' title="bbox 2181 1853 3833 1937">
    <p class='ocr_par' dir='ltr' id='par_1_35' title="bbox 2193 1853 3833 1930">
     <span class='ocr_line' id='line_1_35' title="bbox 2193 1853 3833 1930; baseline 0 -19"><span class='ocrx_word' id='word_1_237' title='bbox 2193 1857 2319 1930; x_wconf 87' lang='grc' dir='ltr'>παρ’</span> <span class='ocrx_word' id='word_1_238' title='bbox 2377 1857 2624 1917; x_wconf 78' lang='grc' dir='ltr'>ἑκάστοις</span> <span class='ocrx_word' id='word_1_239' title='bbox 2677 1859 2786 1910; x_wconf 78' lang='grc' dir='ltr'><strong>τῶν</strong></span> <span class='ocrx_word' id='word_1_240' title='bbox 2844 1854 3150 1929; x_wconf 79' lang='grc' dir='ltr'>εἷ’ρημένων</span> <span class='ocrx_word' id='word_1_241' title='bbox 3210 1853 3399 1914; x_wconf 84' lang='grc' dir='ltr'>ἐθνῶν.</span> <span class='ocrx_word' id='word_1_242' title='bbox 3447 1857 3554 1926; x_wconf 78' lang='grc' dir='ltr'><strong>Τήν</strong></span> <span class='ocrx_word' id='word_1_243' title='bbox 3609 1877 3669 1930; x_wconf 89' lang='grc' dir='ltr'><strong>γε</strong></span> <span class='ocrx_word' id='word_1_244' title='bbox 3723 1859 3833 1930; x_wconf 76' lang='grc' dir='ltr'>μὴν</span> 
     </span>
    </p>
   </div>
   <div class='ocr_carea' id='block_1_36' title="bbox 421 1949 2082 2024">
    <p class='ocr_par' dir='ltr' id='par_1_36' title="bbox 421 1949 2082 2024">
     <span class='ocr_line' id='line_1_36' title="bbox 421 1949 2082 2024; baseline 0.004 -22"><span class='ocrx_word' id='word_1_245' title='bbox 421 1949 720 2020; x_wconf 88' lang='lat' dir='ltr'><strong>quantitas</strong></span> <span class='ocrx_word' id='word_1_246' title='bbox 767 1965 964 2004; x_wconf 89' lang='lat' dir='ltr'><strong>annua</strong></span> <span class='ocrx_word' id='word_1_247' title='bbox 1031 1951 1306 2006; x_wconf 87' lang='lat' dir='ltr'><strong>eximiam</strong></span> <span class='ocrx_word' id='word_1_248' title='bbox 1368 1950 1811 2022; x_wconf 67' lang='lat' dir='ltr'><strong>aequabilitatem</strong></span> <span class='ocrx_word' id='word_1_249' title='bbox 1859 1969 1972 2024; x_wconf 73' lang='lat' dir='ltr'><strong>prae</strong></span> <span class='ocrx_word' id='word_1_250' title='bbox 2019 1970 2082 2010; x_wconf 87' lang='lat' dir='ltr'><strong>se</strong></span> 
     </span>
    </p>
   </div>
   <div class='ocr_carea' id='block_1_37' title="bbox 422 2038 2084 2114">
    <p class='ocr_par' dir='ltr' id='par_1_37' title="bbox 422 2038 2084 2114">
     <span class='ocr_line' id='line_1_37' title="bbox 422 2038 2084 2114; baseline 0.002 -22"><span class='ocrx_word' id='word_1_251' title='bbox 422 2038 584 2094; x_wconf 77' lang='lat' dir='ltr'><strong>ferat.</strong></span> <span class='ocrx_word' id='word_1_252' title='bbox 616 2039 684 2092; x_wconf 87' lang='lat' dir='ltr'><strong>At</strong></span> <span class='ocrx_word' id='word_1_253' title='bbox 728 2053 866 2094; x_wconf 84' lang='lat' dir='ltr'><strong>vero</strong></span> <span class='ocrx_word' id='word_1_254' title='bbox 919 2054 1200 2094; x_wconf 81' lang='lat' dir='ltr'><strong>numerus</strong></span> <span class='ocrx_word' id='word_1_255' title='bbox 1249 2039 1480 2094; x_wconf 89' lang='lat' dir='ltr'><strong>dierum</strong></span> <span class='ocrx_word' id='word_1_256' title='bbox 1515 2046 1568 2095; x_wconf 91' lang='lat' dir='ltr'><strong>et</strong></span> <span class='ocrx_word' id='word_1_257' title='bbox 1628 2043 1941 2109; x_wconf 88' lang='lat' dir='ltr'><strong>mensium,</strong></span> <span class='ocrx_word' id='word_1_258' title='bbox 1974 2059 2084 2114; x_wconf 85' lang='lat' dir='ltr'><strong>quo</strong></span> 
     </span>
    </p>
   </div>
   <div class='ocr_carea' id='block_1_38' title="bbox 423 2127 2086 2202">
    <p class='ocr_par' dir='ltr' id='par_1_38' title="bbox 423 2127 2086 2202">
     <span class='ocr_line' id='line_1_38' title="bbox 423 2127 2086 2202; baseline 0.001 -20"><span class='ocrx_word' id='word_1_259' title='bbox 423 2143 542 2182; x_wconf 89' lang='lat' dir='ltr'><strong>una</strong></span> <span class='ocrx_word' id='word_1_260' title='bbox 569 2142 702 2182; x_wconf 92' lang='lat' dir='ltr'><strong>cum</strong></span> <span class='ocrx_word' id='word_1_261' title='bbox 737 2127 1018 2182; x_wconf 79' lang='lat' dir='ltr'><strong>Romanis</strong></span> <span class='ocrx_word' id='word_1_262' title='bbox 1051 2127 1294 2194; x_wconf 87' lang='lat' dir='ltr'><strong>utimur,</strong></span> <span class='ocrx_word' id='word_1_263' title='bbox 1327 2129 1507 2199; x_wconf 90' lang='lat' dir='ltr'><strong>(quod</strong></span> <span class='ocrx_word' id='word_1_264' title='bbox 1535 2135 1593 2184; x_wconf 91' lang='lat' dir='ltr'><strong>et</strong></span> <span class='ocrx_word' id='word_1_265' title='bbox 1616 2129 1744 2184; x_wconf 61' lang='lat' dir='ltr'><strong>alia:</strong></span> <span class='ocrx_word' id='word_1_266' title='bbox 1769 2135 1970 2202; x_wconf 81' lang='lat' dir='ltr'><strong>gentes</strong></span> <span class='ocrx_word' id='word_1_267' title='bbox 1997 2148 2086 2184; x_wconf 78' lang='lat' dir='ltr'><strong>sn-</strong></span> 
     </span>
    </p>
   </div>
   <div class='ocr_carea' id='block_1_39' title="bbox 425 2213 2085 2290">
    <p class='ocr_par' dir='ltr' id='par_1_39' title="bbox 425 2213 2085 2290">
     <span class='ocr_line' id='line_1_39' title="bbox 425 2213 2085 2290; baseline 0.003 -20"><span class='ocrx_word' id='word_1_268' title='bbox 425 2213 566 2284; x_wconf 91' lang='lat' dir='ltr'><strong>lent)</strong></span> <span class='ocrx_word' id='word_1_269' title='bbox 589 2232 775 2286; x_wconf 86' lang='lat' dir='ltr'><strong>neque</strong></span> <span class='ocrx_word' id='word_1_270' title='bbox 791 2215 934 2271; x_wconf 86' lang='lat' dir='ltr'><strong>hora</strong></span> <span class='ocrx_word' id='word_1_271' title='bbox 955 2217 1157 2272; x_wconf 91' lang='lat' dir='ltr'><strong>eadem</strong></span> <span class='ocrx_word' id='word_1_272' title='bbox 1183 2233 1287 2272; x_wconf 89' lang='lat' dir='ltr'><strong>nec</strong></span> <span class='ocrx_word' id='word_1_273' title='bbox 1305 2217 1398 2274; x_wconf 91' lang='lat' dir='ltr'><strong>die</strong></span> <span class='ocrx_word' id='word_1_274' title='bbox 1417 2218 1656 2290; x_wconf 86' lang='lat' dir='ltr'><strong>quidem</strong></span> <span class='ocrx_word' id='word_1_275' title='bbox 1679 2221 1931 2274; x_wconf 67' lang='lat' dir='ltr'><strong>eodemm</strong></span> <span class='ocrx_word' id='word_1_276' title='bbox 1953 2221 2085 2290; x_wconf 86' lang='lat' dir='ltr'><strong>qui-</strong></span> 
     </span>
    </p>
   </div>
   <div class='ocr_carea' id='block_1_40' title="bbox 429 2304 2082 2380">
    <p class='ocr_par' dir='ltr' id='par_1_40' title="bbox 429 2304 2082 2380">
     <span class='ocr_line' id='line_1_40' title="bbox 429 2304 2082 2380; baseline 0.003 -22"><span class='ocrx_word' id='word_1_277' title='bbox 429 2304 691 2359; x_wconf 87' lang='lat' dir='ltr'><strong>noctium</strong></span> <span class='ocrx_word' id='word_1_278' title='bbox 732 2306 993 2360; x_wconf 88' lang='lat' dir='ltr'><strong>accidere</strong></span> <span class='ocrx_word' id='word_1_279' title='bbox 1042 2305 1274 2376; x_wconf 87' lang='lat' dir='ltr'><strong>patitur.</strong></span> <span class='ocrx_word' id='word_1_280' title='bbox 1325 2308 1607 2372; x_wconf 88' lang='lat' dir='ltr'><strong>Quoniam</strong></span> <span class='ocrx_word' id='word_1_281' title='bbox 1661 2309 1816 2363; x_wconf 90' lang='lat' dir='ltr'><strong>enim</strong></span> <span class='ocrx_word' id='word_1_282' title='bbox 1850 2313 2082 2380; x_wconf 86' lang='lat' dir='ltr'><strong>tempus</strong></span> 
     </span>
    </p>
   </div>
   <div class='ocr_carea' id='block_1_41' title="bbox 431 2395 2080 2467">
    <p class='ocr_par' dir='ltr' id='par_1_41' title="bbox 431 2395 2080 2467">
     <span class='ocr_line' id='line_1_41' title="bbox 431 2395 2080 2467; baseline 0.001 -17"><span class='ocrx_word' id='word_1_283' title='bbox 431 2409 693 2450; x_wconf 88' lang='lat' dir='ltr'><strong>annuum</strong></span> <span class='ocrx_word' id='word_1_284' title='bbox 733 2399 938 2465; x_wconf 83' lang='lat' dir='ltr'><strong>praeter</strong></span> <span class='ocrx_word' id='word_1_285' title='bbox 967 2395 1091 2450; x_wconf 91' lang='lat' dir='ltr'><strong>dies</strong></span> <span class='ocrx_word' id='word_1_286' title='bbox 1129 2396 1234 2450; x_wconf 79' lang='lat'><strong>365</strong></span> <span class='ocrx_word' id='word_1_287' title='bbox 1264 2397 1440 2452; x_wconf 90' lang='lat' dir='ltr'><strong>etiam</strong></span> <span class='ocrx_word' id='word_1_288' title='bbox 1474 2401 1741 2467; x_wconf 88' lang='lat' dir='ltr'><strong>quartam</strong></span> <span class='ocrx_word' id='word_1_289' title='bbox 1765 2399 1948 2453; x_wconf 84' lang='lat' dir='ltr'><strong>ferme</strong></span> <span class='ocrx_word' id='word_1_290' title='bbox 1970 2399 2080 2467; x_wconf 72' lang='lat' dir='ltr'><strong>diei</strong></span> 
     </span>
    </p>
   </div>
   <div class='ocr_carea' id='block_1_42' title="bbox 433 2483 2077 2558">
    <p class='ocr_par' dir='ltr' id='par_1_42' title="bbox 433 2483 2077 2558">
     <span class='ocr_line' id='line_1_42' title="bbox 433 2483 2077 2558; baseline 0.002 -20"><span class='ocrx_word' id='word_1_291' title='bbox 433 2488 656 2554; x_wconf 84' lang='lat' dir='ltr'><strong>partem</strong></span> <span class='ocrx_word' id='word_1_292' title='bbox 688 2483 933 2552; x_wconf 89' lang='lat' dir='ltr'><strong>asciscit,</strong></span> <span class='ocrx_word' id='word_1_293' title='bbox 964 2483 1012 2538; x_wconf 88' lang='lat' dir='ltr'><strong>si</strong></span> <span class='ocrx_word' id='word_1_294' title='bbox 1042 2485 1274 2554; x_wconf 84' lang='lat' dir='ltr'><strong>quando</strong></span> <span class='ocrx_word' id='word_1_295' title='bbox 1323 2486 1734 2558; x_wconf 75' lang='lat' dir='ltr'><strong>aequinoctium</strong></span> <span class='ocrx_word' id='word_1_296' title='bbox 1769 2487 1921 2542; x_wconf 89' lang='lat' dir='ltr'><strong>circa</strong></span> <span class='ocrx_word' id='word_1_297' title='bbox 1960 2505 2077 2542; x_wconf 80' lang='lat' dir='ltr'><strong>me-</strong></span> 
     </span>
    </p>
   </div>
   <div class='ocr_carea' id='block_1_43' title="bbox 426 2572 2080 2645">
    <p class='ocr_par' dir='ltr' id='par_1_43' title="bbox 426 2572 2080 2645">
     <span class='ocr_line' id='line_1_43' title="bbox 426 2572 2080 2645; baseline 0.005 -19"><span class='ocrx_word' id='word_1_298' title='bbox 426 2572 633 2628; x_wconf 88' lang='lat' dir='ltr'><strong>ridiem</strong></span> <span class='ocrx_word' id='word_1_299' title='bbox 657 2572 978 2643; x_wconf 79' lang='lat' dir='ltr'><strong>contingat,</strong></span> <span class='ocrx_word' id='word_1_300' title='bbox 1002 2591 1153 2629; x_wconf 87' lang='lat' dir='ltr'><strong>anno</strong></span> <span class='ocrx_word' id='word_1_301' title='bbox 1171 2581 1450 2645; x_wconf 87' lang='lat' dir='ltr'><strong>sequente</strong></span> <span class='ocrx_word' id='word_1_302' title='bbox 1469 2575 1625 2631; x_wconf 93' lang='lat' dir='ltr'><strong>circa</strong></span> <span class='ocrx_word' id='word_1_303' title='bbox 1643 2592 1906 2632; x_wconf 84' lang='lat' dir='ltr'><strong>occasum</strong></span> <span class='ocrx_word' id='word_1_304' title='bbox 1932 2579 2080 2634; x_wconf 88' lang='lat' dir='ltr'><strong>solis</strong></span> 
     </span>
    </p>
   </div>
   <div class='ocr_carea' id='block_1_44' title="bbox 425 2663 2073 2734">
    <p class='ocr_par' dir='ltr' id='par_1_44' title="bbox 425 2663 2073 2734">
     <span class='ocr_line' id='line_1_44' title="bbox 425 2663 2073 2734; baseline 0.004 -17"><span class='ocrx_word' id='word_1_305' title='bbox 425 2663 546 2730; x_wconf 81' lang='lat' dir='ltr'><strong>ﬁet,</strong></span> <span class='ocrx_word' id='word_1_306' title='bbox 577 2677 847 2733; x_wconf 89' lang='lat' dir='ltr'><strong>annoque</strong></span> <span class='ocrx_word' id='word_1_307' title='bbox 875 2663 1008 2718; x_wconf 92' lang='lat' dir='ltr'><strong>huic</strong></span> <span class='ocrx_word' id='word_1_308' title='bbox 1035 2665 1296 2734; x_wconf 86' lang='lat' dir='ltr'><strong>proximo</strong></span> <span class='ocrx_word' id='word_1_309' title='bbox 1328 2666 1478 2721; x_wconf 87' lang='lat' dir='ltr'><strong>circa</strong></span> <span class='ocrx_word' id='word_1_310' title='bbox 1515 2675 1742 2722; x_wconf 86' lang='lat' dir='ltr'><strong>noctem</strong></span> <span class='ocrx_word' id='word_1_311' title='bbox 1776 2669 2030 2722; x_wconf 88' lang='lat' dir='ltr'><strong>mediam</strong></span> <span class='ocrx_word' id='word_1_312' title='bbox 2059 2685 2073 2723; x_wconf 75' lang='grc' dir='ltr'><strong>τ</strong></span> 
     </span>
    </p>
   </div>
   <div class='ocr_carea' id='block_1_45' title="bbox 427 2751 2074 2826">
    <p class='ocr_par' dir='ltr' id='par_1_45' title="bbox 427 2751 2074 2826">
     <span class='ocr_line' id='line_1_45' title="bbox 427 2751 2074 2826; baseline 0.002 -20"><span class='ocrx_word' id='word_1_313' title='bbox 427 2755 604 2822; x_wconf 89' lang='lat' dir='ltr'><strong>atque</strong></span> <span class='ocrx_word' id='word_1_314' title='bbox 632 2751 712 2806; x_wconf 88' lang='lat' dir='ltr'><strong>ita</strong></span> <span class='ocrx_word' id='word_1_315' title='bbox 751 2768 941 2822; x_wconf 90' lang='lat' dir='ltr'><strong>porro.</strong></span> <span class='ocrx_word' id='word_1_316' title='bbox 985 2753 1227 2820; x_wconf 80' lang='lat' dir='ltr'><strong>Rursus,</strong></span> <span class='ocrx_word' id='word_1_317' title='bbox 1271 2753 1406 2824; x_wconf 82' lang='lat' dir='ltr'><strong>quia</strong></span> <span class='ocrx_word' id='word_1_318' title='bbox 1453 2754 1509 2809; x_wconf 89' lang='lat' dir='ltr'><strong>id</strong></span> <span class='ocrx_word' id='word_1_319' title='bbox 1555 2756 1710 2826; x_wconf 88' lang='lat' dir='ltr'><strong>quod</strong></span> <span class='ocrx_word' id='word_1_320' title='bbox 1756 2754 1907 2810; x_wconf 88' lang='lat' dir='ltr'><strong>ultra</strong></span> <span class='ocrx_word' id='word_1_321' title='bbox 1950 2755 2074 2812; x_wconf 90' lang='lat' dir='ltr'><strong>dies</strong></span> 
     </span>
    </p>
   </div>
   <div class='ocr_carea' id='block_1_46' title="bbox 423 2841 2078 2916">
    <p class='ocr_par' dir='ltr' id='par_1_46' title="bbox 423 2841 2078 2916">
     <span class='ocr_line' id='line_1_46' title="bbox 423 2841 2078 2916; baseline 0.003 -20"><span class='ocrx_word' id='word_1_322' title='bbox 423 2841 534 2896; x_wconf 86' lang='lat'><strong>365</strong></span> <span class='ocrx_word' id='word_1_323' title='bbox 577 2849 863 2914; x_wconf 88' lang='lat' dir='ltr'><strong>superest,</strong></span> <span class='ocrx_word' id='word_1_324' title='bbox 915 2847 1186 2914; x_wconf 87' lang='lat' dir='ltr'><strong>quartam</strong></span> <span class='ocrx_word' id='word_1_325' title='bbox 1235 2844 1351 2899; x_wconf 91' lang='lat' dir='ltr'><strong>diei</strong></span> <span class='ocrx_word' id='word_1_326' title='bbox 1404 2854 1626 2916; x_wconf 82' lang='lat' dir='ltr'><strong>partem</strong></span> <span class='ocrx_word' id='word_1_327' title='bbox 1675 2850 1870 2901; x_wconf 83' lang='lat' dir='ltr'><strong>exacte</strong></span> <span class='ocrx_word' id='word_1_328' title='bbox 1919 2845 2078 2901; x_wconf 87' lang='lat' dir='ltr'><strong>haud</strong></span> 
     </span>
    </p>
   </div>
   <div class='ocr_carea' id='block_1_47' title="bbox 427 2930 2076 3006">
    <p class='ocr_par' dir='ltr' id='par_1_47' title="bbox 427 2930 2076 3006">
     <span class='ocr_line' id='line_1_47' title="bbox 427 2930 2076 3006; baseline 0.002 -19"><span class='ocrx_word' id='word_1_329' title='bbox 427 2930 744 2998; x_wconf 89' lang='lat' dir='ltr'><strong>contineat,</strong></span> <span class='ocrx_word' id='word_1_330' title='bbox 775 2932 874 2987; x_wconf 89' lang='lat' dir='ltr'><strong>sed</strong></span> <span class='ocrx_word' id='word_1_331' title='bbox 917 2933 1328 2988; x_wconf 87' lang='lat' dir='ltr'><strong>trecentesima</strong></span> <span class='ocrx_word' id='word_1_332' title='bbox 1358 2935 1476 2989; x_wconf 82' lang='lat' dir='ltr'><strong>fere</strong></span> <span class='ocrx_word' id='word_1_333' title='bbox 1512 2933 1798 3006; x_wconf 88' lang='lat' dir='ltr'><strong>particula</strong></span> <span class='ocrx_word' id='word_1_334' title='bbox 1827 2935 2076 2999; x_wconf 77' lang='lat' dir='ltr'><strong>deﬁciat,</strong></span> 
     </span>
    </p>
   </div>
   <div class='ocr_carea' id='block_1_48' title="bbox 425 3020 2073 3093">
    <p class='ocr_par' dir='ltr' id='par_1_48' title="bbox 425 3020 2073 3093">
     <span class='ocr_line' id='line_1_48' title="bbox 425 3020 2073 3093; baseline 0.002 -17"><span class='ocrx_word' id='word_1_335' title='bbox 425 3025 490 3076; x_wconf 91' lang='lat' dir='ltr'><strong>ut</strong></span> <span class='ocrx_word' id='word_1_336' title='bbox 535 3021 595 3076; x_wconf 92' lang='lat' dir='ltr'><strong>in</strong></span> <span class='ocrx_word' id='word_1_337' title='bbox 646 3020 1032 3093; x_wconf 88' lang='lat' dir='ltr'><strong>sequentibus</strong></span> <span class='ocrx_word' id='word_1_338' title='bbox 1080 3021 1438 3078; x_wconf 88' lang='lat' dir='ltr'><strong>luculentius</strong></span> <span class='ocrx_word' id='word_1_339' title='bbox 1491 3023 2018 3080; x_wconf 87' lang='lat' dir='ltr'><strong>demonstrabimus</strong></span> <span class='ocrx_word' id='word_1_340' title='bbox 2059 3042 2073 3080; x_wconf 92' lang='lat'>:</span> 
     </span>
    </p>
   </div>
   <div class='ocr_carea' id='block_1_49' title="bbox 421 3109 2074 3184">
    <p class='ocr_par' dir='ltr' id='par_1_49' title="bbox 421 3109 2074 3184">
     <span class='ocr_line' id='line_1_49' title="bbox 421 3109 2074 3184; baseline 0.003 -19"><span class='ocrx_word' id='word_1_341' title='bbox 421 3109 594 3165; x_wconf 86' lang='lat' dir='ltr'><strong>nobis</strong></span> <span class='ocrx_word' id='word_1_342' title='bbox 615 3112 808 3164; x_wconf 87' lang='lat' dir='ltr'><strong>tamen</strong></span> <span class='ocrx_word' id='word_1_343' title='bbox 841 3110 900 3164; x_wconf 90' lang='lat' dir='ltr'><strong>in</strong></span> <span class='ocrx_word' id='word_1_344' title='bbox 934 3125 1046 3166; x_wconf 90' lang='lat' dir='ltr'><strong>usu</strong></span> <span class='ocrx_word' id='word_1_345' title='bbox 1076 3109 1152 3166; x_wconf 87' lang='lat' dir='ltr'><strong>sit</strong></span> <span class='ocrx_word' id='word_1_346' title='bbox 1191 3126 1470 3166; x_wconf 89' lang='lat' dir='ltr'><strong>numerus</strong></span> <span class='ocrx_word' id='word_1_347' title='bbox 1501 3117 1616 3166; x_wconf 86' lang='lat' dir='ltr'><strong>tam</strong></span> <span class='ocrx_word' id='word_1_348' title='bbox 1648 3113 1870 3167; x_wconf 90' lang='lat' dir='ltr'><strong>dierum</strong></span> <span class='ocrx_word' id='word_1_349' title='bbox 1895 3129 2074 3184; x_wconf 91' lang='lat' dir='ltr'><strong>quam</strong></span> 
     </span>
    </p>
   </div>
   <div class='ocr_carea' id='block_1_50' title="bbox 2193 1945 3834 2022">
    <p class='ocr_par' dir='ltr' id='par_1_50' title="bbox 2193 1945 3834 2022">
     <span class='ocr_line' id='line_1_50' title="bbox 2193 1945 3834 2022; baseline 0.001 -21"><span class='ocrx_word' id='word_1_350' title='bbox 2193 1947 2476 2022; x_wconf 76' lang='grc' dir='ltr'>ἴσημερίαν</span> <span class='ocrx_word' id='word_1_351' title='bbox 2523 1949 2558 2016; x_wconf 78' lang='grc' dir='ltr'>ἡ</span> <span class='ocrx_word' id='word_1_352' title='bbox 2615 1946 2712 2014; x_wconf 74' lang='grc' dir='ltr'>μὲν</span> <span class='ocrx_word' id='word_1_353' title='bbox 2776 1949 2874 2000; x_wconf 91' lang='grc' dir='ltr'><strong>τοῦ</strong></span> <span class='ocrx_word' id='word_1_354' title='bbox 2929 1946 3129 2007; x_wconf 83' lang='grc' dir='ltr'>παντὸς</span> <span class='ocrx_word' id='word_1_355' title='bbox 3185 1946 3342 2018; x_wconf 70' lang='grc' dir='ltr'>φύσις</span> <span class='ocrx_word' id='word_1_356' title='bbox 3392 1948 3484 2000; x_wconf 84' lang='grc' dir='ltr'>τὸν</span> <span class='ocrx_word' id='word_1_357' title='bbox 3543 1945 3707 2002; x_wconf 71' lang='grc' dir='ltr'>αὐτὰν</span> <span class='ocrx_word' id='word_1_358' title='bbox 3749 1948 3834 2002; x_wconf 78' lang='grc' dir='ltr'><strong>ἀεὶ</strong></span> 
     </span>
    </p>
   </div>
   <div class='ocr_carea' id='block_1_51' title="bbox 2190 2032 3834 2114">
    <p class='ocr_par' dir='ltr' id='par_1_51' title="bbox 2190 2032 3834 2114">
     <span class='ocr_line' id='line_1_51' title="bbox 2190 2032 3834 2114; baseline 0.001 -24"><span class='ocrx_word' id='word_1_359' title='bbox 2190 2040 2390 2111; x_wconf 89' lang='grc' dir='ltr'>χρόνον</span> <span class='ocrx_word' id='word_1_360' title='bbox 2433 2039 2553 2091; x_wconf 87' lang='grc' dir='ltr'>καθ’</span> <span class='ocrx_word' id='word_1_361' title='bbox 2597 2033 2821 2090; x_wconf 69' lang='grc' dir='ltr'>ἕκαστον</span> <span class='ocrx_word' id='word_1_362' title='bbox 2872 2032 2990 2096; x_wconf 84' lang='grc' dir='ltr'>ἔτος</span> <span class='ocrx_word' id='word_1_363' title='bbox 3039 2040 3208 2104; x_wconf 86' lang='grc' dir='ltr'>ποιεῖ,</span> <span class='ocrx_word' id='word_1_364' title='bbox 3238 2039 3316 2105; x_wconf 80' lang='grc' dir='ltr'>τῷ</span> <span class='ocrx_word' id='word_1_365' title='bbox 3372 2033 3594 2104; x_wconf 75' lang='grc' dir='ltr'>πολλήν</span> <span class='ocrx_word' id='word_1_366' title='bbox 3653 2038 3834 2114; x_wconf 83' lang='grc' dir='ltr'>φέρειν</span> 
     </span>
    </p>
   </div>
   <div class='ocr_carea' id='block_1_52' title="bbox 2188 2123 3834 2200">
    <p class='ocr_par' dir='ltr' id='par_1_52' title="bbox 2188 2123 3834 2200">
     <span class='ocr_line' id='line_1_52' title="bbox 2188 2123 3834 2200; baseline 0 -20"><span class='ocrx_word' id='word_1_367' title='bbox 2188 2125 2268 2180; x_wconf 80' lang='grc' dir='ltr'>ἀεὶ</span> <span class='ocrx_word' id='word_1_368' title='bbox 2291 2127 2424 2197; x_wconf 82' lang='grc' dir='ltr'>πρὸς</span> <span class='ocrx_word' id='word_1_369' title='bbox 2459 2127 2614 2180; x_wconf 78' lang='grc' dir='ltr'>ἑαυτὸ</span> <span class='ocrx_word' id='word_1_370' title='bbox 2643 2126 2741 2194; x_wconf 80' lang='grc' dir='ltr'><strong>τήν</strong></span> <span class='ocrx_word' id='word_1_371' title='bbox 2790 2123 3015 2194; x_wconf 80' lang='grc' dir='ltr'>ἲσότητα</span> <span class='ocrx_word' id='word_1_372' title='bbox 3061 2125 3126 2178; x_wconf 86' lang='grc' dir='ltr'><strong>τὸ</strong></span> <span class='ocrx_word' id='word_1_373' title='bbox 3164 2128 3263 2178; x_wconf 88' lang='grc' dir='ltr'><strong>τοῦ</strong></span> <span class='ocrx_word' id='word_1_374' title='bbox 3303 2123 3574 2178; x_wconf 82' lang='grc' dir='ltr'>ἐνιαυσίου</span> <span class='ocrx_word' id='word_1_375' title='bbox 3627 2127 3834 2200; x_wconf 66' lang='grc' dir='ltr'>χρόνου</span> 
     </span>
    </p>
   </div>
   <div class='ocr_carea' id='block_1_53' title="bbox 2190 2211 3834 2289">
    <p class='ocr_par' dir='ltr' id='par_1_53' title="bbox 2190 2211 3834 2289">
     <span class='ocr_line' id='line_1_53' title="bbox 2190 2211 3834 2289; baseline 0.001 -20"><span class='ocrx_word' id='word_1_376' title='bbox 2190 2213 2485 2287; x_wconf 79' lang='grc' dir='ltr'>διάστημα.</span> <span class='ocrx_word' id='word_1_377' title='bbox 2525 2216 2582 2270; x_wconf 77' lang='grc'><strong>’0</strong></span> <span class='ocrx_word' id='word_1_378' title='bbox 2624 2213 2854 2289; x_wconf 87' lang='grc' dir='ltr'>ἀριθμὸς</span> <span class='ocrx_word' id='word_1_379' title='bbox 2923 2211 3106 2286; x_wconf 76' lang='grc' dir='ltr'>μέντοι</span> <span class='ocrx_word' id='word_1_380' title='bbox 3178 2219 3286 2268; x_wconf 76' lang='grc' dir='ltr'><strong>τῶν</strong></span> <span class='ocrx_word' id='word_1_381' title='bbox 3350 2217 3572 2289; x_wconf 75' lang='grc' dir='ltr'>ἡμερῶν</span> <span class='ocrx_word' id='word_1_382' title='bbox 3634 2237 3693 2270; x_wconf 89' lang='grc' dir='ltr'>τε</span> <span class='ocrx_word' id='word_1_383' title='bbox 3740 2216 3834 2270; x_wconf 82' lang='grc' dir='ltr'><strong>καὶ</strong></span> 
     </span>
    </p>
   </div>
   <div class='ocr_carea' id='block_1_54' title="bbox 2191 2297 3836 2377">
    <p class='ocr_par' dir='ltr' id='par_1_54' title="bbox 2191 2297 3836 2377">
     <span class='ocr_line' id='line_1_54' title="bbox 2191 2297 3836 2377; baseline 0.002 -20"><span class='ocrx_word' id='word_1_384' title='bbox 2191 2308 2400 2377; x_wconf 82' lang='grc' dir='ltr'>μηνῶν,</span> <span class='ocrx_word' id='word_1_385' title='bbox 2443 2303 2473 2357; x_wconf 75' lang='grc' dir='ltr'>ὅ</span> <span class='ocrx_word' id='word_1_386' title='bbox 2500 2323 2559 2358; x_wconf 91' lang='grc' dir='ltr'>τε</span> <span class='ocrx_word' id='word_1_387' title='bbox 2595 2308 2712 2365; x_wconf 86' lang='grc' dir='ltr'>τοῖς</span> <span class='ocrx_word' id='word_1_388' title='bbox 2743 2301 2943 2364; x_wconf 80' lang='grc' dir='ltr'>ἄλλοις</span> <span class='ocrx_word' id='word_1_389' title='bbox 2977 2301 3184 2363; x_wconf 72' lang='grc' dir='ltr'>εἰωθὼς</span> <span class='ocrx_word' id='word_1_390' title='bbox 3235 2297 3432 2373; x_wconf 85' lang='grc' dir='ltr'>ἔθνεσι,</span> <span class='ocrx_word' id='word_1_391' title='bbox 3481 2305 3570 2358; x_wconf 82' lang='grc' dir='ltr'><strong>καὶ</strong></span> <span class='ocrx_word' id='word_1_392' title='bbox 3608 2305 3653 2375; x_wconf 77' lang='grc' dir='ltr'>ᾧ</span> <span class='ocrx_word' id='word_1_393' title='bbox 3696 2307 3836 2360; x_wconf 74' lang='grc' dir='ltr'>κατὰ</span> 
     </span>
    </p>
   </div>
   <div class='ocr_carea' id='block_1_55' title="bbox 2186 2388 3834 2467">
    <p class='ocr_par' dir='ltr' id='par_1_55' title="bbox 2186 2388 3834 2467">
     <span class='ocr_line' id='line_1_55' title="bbox 2186 2388 3834 2467; baseline 0.002 -23"><span class='ocrx_word' id='word_1_394' title='bbox 2186 2392 2498 2466; x_wconf 81' lang='grc' dir='ltr'>Ῥωμαίους</span> <span class='ocrx_word' id='word_1_395' title='bbox 2543 2395 2708 2467; x_wconf 84' lang='grc' dir='ltr'>ἡμεῖς</span> <span class='ocrx_word' id='word_1_396' title='bbox 2761 2391 3046 2466; x_wconf 82' lang='grc' dir='ltr'>χρώμεθα,</span> <span class='ocrx_word' id='word_1_397' title='bbox 3096 2388 3218 2446; x_wconf 75' lang='grc' dir='ltr'>οὔτε</span> <span class='ocrx_word' id='word_1_398' title='bbox 3271 2394 3374 2462; x_wconf 73' lang='grc' dir='ltr'>τήν</span> <span class='ocrx_word' id='word_1_399' title='bbox 3436 2392 3605 2462; x_wconf 75' lang='grc' dir='ltr'>αὐτὴν</span> <span class='ocrx_word' id='word_1_400' title='bbox 3661 2393 3834 2466; x_wconf 83' lang='grc' dir='ltr'>ὥραν,</span> 
     </span>
    </p>
   </div>
   <div class='ocr_carea' id='block_1_56' title="bbox 2187 2479 3830 2555">
    <p class='ocr_par' dir='ltr' id='par_1_56' title="bbox 2187 2479 3830 2555">
     <span class='ocr_line' id='line_1_56' title="bbox 2187 2479 3830 2555; baseline -0.001 -19"><span class='ocrx_word' id='word_1_401' title='bbox 2187 2479 2308 2536; x_wconf 71' lang='grc' dir='ltr'>οὔτε</span> <span class='ocrx_word' id='word_1_402' title='bbox 2362 2483 2460 2550; x_wconf 70' lang='grc' dir='ltr'><strong>τὴν</strong></span> <span class='ocrx_word' id='word_1_403' title='bbox 2509 2479 2676 2549; x_wconf 70' lang='grc' dir='ltr'>αὐτὴν</span> <span class='ocrx_word' id='word_1_404' title='bbox 2725 2479 2934 2554; x_wconf 77' lang='grc' dir='ltr'>ἡμέραν</span> <span class='ocrx_word' id='word_1_405' title='bbox 2973 2485 3250 2555; x_wconf 77' lang='grc' dir='ltr'>συγχωρεῖ</span> <span class='ocrx_word' id='word_1_406' title='bbox 3325 2479 3586 2554; x_wconf 86' lang='grc' dir='ltr'>γίνεσθαι,</span> <span class='ocrx_word' id='word_1_407' title='bbox 3672 2482 3830 2539; x_wconf 75' lang='grc' dir='ltr'>Ἐπεὶ</span> 
     </span>
    </p>
   </div>
   <div class='ocr_carea' id='block_1_57' title="bbox 2186 2567 3830 2648">
    <p class='ocr_par' dir='ltr' id='par_1_57' title="bbox 2186 2567 3830 2648">
     <span class='ocr_line' id='line_1_57' title="bbox 2186 2567 3830 2648; baseline 0.001 -24"><span class='ocrx_word' id='word_1_408' title='bbox 2186 2571 2288 2648; x_wconf 73' lang='grc' dir='ltr'><strong>γὰρ</strong></span> <span class='ocrx_word' id='word_1_409' title='bbox 2326 2571 2389 2624; x_wconf 86' lang='grc' dir='ltr'>τὸ</span> <span class='ocrx_word' id='word_1_410' title='bbox 2432 2571 2696 2624; x_wconf 73' lang='grc' dir='ltr'>ἐνιαῦσιον</span> <span class='ocrx_word' id='word_1_411' title='bbox 2749 2571 2999 2645; x_wconf 87' lang='grc' dir='ltr'>μέγεθος,</span> <span class='ocrx_word' id='word_1_412' title='bbox 3055 2567 3194 2643; x_wconf 77' lang='grc' dir='ltr'><strong>πρὸς</strong></span> <span class='ocrx_word' id='word_1_413' title='bbox 3240 2576 3360 2632; x_wconf 87' lang='grc' dir='ltr'>ταῖς</span> <span class='ocrx_word' id='word_1_414' title='bbox 3405 2570 3506 2640; x_wconf 77' lang='grc' dir='ltr'>τξε¹</span> <span class='ocrx_word' id='word_1_415' title='bbox 3569 2569 3830 2648; x_wconf 81' lang='grc' dir='ltr'>ἡμέραις,</span> 
     </span>
    </p>
   </div>
   <div class='ocr_carea' id='block_1_58' title="bbox 2185 2653 3832 2734">
    <p class='ocr_par' dir='ltr' id='par_1_58' title="bbox 2185 2653 3832 2734">
     <span class='ocr_line' id='line_1_58' title="bbox 2185 2653 3832 2734; baseline 0.001 -20"><span class='ocrx_word' id='word_1_416' title='bbox 2185 2663 2272 2714; x_wconf 81' lang='grc' dir='ltr'>καὶ</span> <span class='ocrx_word' id='word_1_417' title='bbox 2301 2657 2554 2727; x_wconf 77' lang='grc' dir='ltr'>τέταρτον</span> <span class='ocrx_word' id='word_1_418' title='bbox 2601 2653 2824 2734; x_wconf 79' lang='grc' dir='ltr'>ἔγγιστα</span> <span class='ocrx_word' id='word_1_419' title='bbox 2877 2655 3314 2732; x_wconf 71' lang='grc' dir='ltr'>προσλαμϐάνει,</span> <span class='ocrx_word' id='word_1_420' title='bbox 3354 2660 3480 2714; x_wconf 77' lang='grc' dir='ltr'>ὅταν</span> <span class='ocrx_word' id='word_1_421' title='bbox 3619 2665 3654 2730; x_wconf 80' lang='grc' dir='ltr'><strong>ἡ</strong></span> <span class='ocrx_word' id='word_1_422' title='bbox 3709 2662 3832 2732; x_wconf 86' lang='grc' dir='ltr'>ἰση-</span> 
     </span>
    </p>
   </div>
   <div class='ocr_carea' id='block_1_59' title="bbox 2188 2743 3831 2827">
    <p class='ocr_par' dir='ltr' id='par_1_59' title="bbox 2188 2743 3831 2827">
     <span class='ocr_line' id='line_1_59' title="bbox 2188 2743 3831 2827; baseline 0.001 -23"><span class='ocrx_word' id='word_1_423' title='bbox 2188 2749 2345 2826; x_wconf 87' lang='grc' dir='ltr'>μερία</span> <span class='ocrx_word' id='word_1_424' title='bbox 2373 2750 2496 2824; x_wconf 78' lang='grc' dir='ltr'>περὶ</span> <span class='ocrx_word' id='word_1_425' title='bbox 2532 2743 2898 2823; x_wconf 75' lang='grc' dir='ltr'>μεσημϐρίαν,</span> <span class='ocrx_word' id='word_1_426' title='bbox 2924 2749 2989 2804; x_wconf 88' lang='grc' dir='ltr'>τὸ</span> <span class='ocrx_word' id='word_1_427' title='bbox 3023 2749 3116 2820; x_wconf 72' lang='grc' dir='ltr'><strong>μέν</strong></span> <span class='ocrx_word' id='word_1_428' title='bbox 3159 2749 3282 2819; x_wconf 74' lang='grc' dir='ltr'><strong>ἑξῆς</strong></span> <span class='ocrx_word' id='word_1_429' title='bbox 3331 2744 3450 2810; x_wconf 85' lang='grc' dir='ltr'>ἔτος</span> <span class='ocrx_word' id='word_1_430' title='bbox 3495 2747 3642 2805; x_wconf 79' lang='grc' dir='ltr'>ἔσται</span> <span class='ocrx_word' id='word_1_431' title='bbox 3703 2760 3831 2827; x_wconf 73' lang='grc' dir='ltr'>περί</span> 
     </span>
    </p>
   </div>
   <div class='ocr_carea' id='block_1_60' title="bbox 2185 2835 3836 2912">
    <p class='ocr_par' dir='ltr' id='par_1_60' title="bbox 2185 2835 3836 2912">
     <span class='ocr_line' id='line_1_60' title="bbox 2185 2835 3836 2912; baseline 0.002 -19"><span class='ocrx_word' id='word_1_432' title='bbox 2185 2837 2332 2894; x_wconf 79' lang='grc' dir='ltr'>δύσιν</span> <span class='ocrx_word' id='word_1_433' title='bbox 2389 2837 2579 2908; x_wconf 78' lang='grc' dir='ltr'>ἡλίου,</span> <span class='ocrx_word' id='word_1_434' title='bbox 2622 2839 2684 2893; x_wconf 86' lang='grc' dir='ltr'><strong>τὸ</strong></span> <span class='ocrx_word' id='word_1_435' title='bbox 2729 2835 2787 2893; x_wconf 73' lang='grc' dir='ltr'>δὲ</span> <span class='ocrx_word' id='word_1_436' title='bbox 2830 2839 2973 2908; x_wconf 73' lang='grc' dir='ltr'>ἑξῆς,</span> <span class='ocrx_word' id='word_1_437' title='bbox 3047 2839 3174 2912; x_wconf 87' lang='grc' dir='ltr'>περὶ</span> <span class='ocrx_word' id='word_1_438' title='bbox 3248 2839 3414 2912; x_wconf 89' lang='grc' dir='ltr'>μέσας</span> <span class='ocrx_word' id='word_1_439' title='bbox 3475 2839 3690 2905; x_wconf 76' lang='grc' dir='ltr'>νύκτας,</span> <span class='ocrx_word' id='word_1_440' title='bbox 3737 2841 3836 2896; x_wconf 79' lang='grc' dir='ltr'><strong>καὶ</strong></span> 
     </span>
    </p>
   </div>
   <div class='ocr_carea' id='block_1_61' title="bbox 2183 2924 3829 3004">
    <p class='ocr_par' dir='ltr' id='par_1_61' title="bbox 2183 2924 3829 3004">
     <span class='ocr_line' id='line_1_61' title="bbox 2183 2924 3829 3004; baseline 0.001 -22"><span class='ocrx_word' id='word_1_441' title='bbox 2183 2928 2325 2983; x_wconf 67' lang='grc' dir='ltr'>οὕτω</span> <span class='ocrx_word' id='word_1_442' title='bbox 2359 2930 2524 3003; x_wconf 86' lang='grc' dir='ltr'>μέχρι</span> <span class='ocrx_word' id='word_1_443' title='bbox 2555 2927 2776 2989; x_wconf 76' lang='grc' dir='ltr'>παντός.</span> <span class='ocrx_word' id='word_1_444' title='bbox 2811 2927 2960 2982; x_wconf 81' lang='grc' dir='ltr'>Ἐπεὶ</span> <span class='ocrx_word' id='word_1_445' title='bbox 2991 2924 3040 2981; x_wconf 85' lang='grc' dir='ltr'>δ’</span> <span class='ocrx_word' id='word_1_446' title='bbox 3078 2927 3232 2989; x_wconf 78' lang='grc' dir='ltr'>αὖθις</span> <span class='ocrx_word' id='word_1_447' title='bbox 3270 2929 3305 2998; x_wconf 80' lang='grc' dir='ltr'>ἡ</span> <span class='ocrx_word' id='word_1_448' title='bbox 3338 2927 3425 2984; x_wconf 80' lang='grc' dir='ltr'><strong>ἐπὶ</strong></span> <span class='ocrx_word' id='word_1_449' title='bbox 3471 2930 3572 3000; x_wconf 77' lang='grc' dir='ltr'>τξε’</span> <span class='ocrx_word' id='word_1_450' title='bbox 3620 2929 3829 3004; x_wconf 76' lang='grc' dir='ltr'>ἡμέρας</span> 
     </span>
    </p>
   </div>
   <div class='ocr_carea' id='block_1_62' title="bbox 2181 3015 3827 3094">
    <p class='ocr_par' dir='ltr' id='par_1_62' title="bbox 2181 3015 3827 3094">
     <span class='ocr_line' id='line_1_62' title="bbox 2181 3015 3827 3094; baseline 0.001 -22"><span class='ocrx_word' id='word_1_451' title='bbox 2181 3017 2406 3072; x_wconf 84' lang='grc' dir='ltr'>ἐπουσία</span> <span class='ocrx_word' id='word_1_452' title='bbox 2454 3018 2562 3092; x_wconf 82' lang='grc' dir='ltr'>οὐχ</span> <span class='ocrx_word' id='word_1_453' title='bbox 2611 3015 2742 3072; x_wconf 82' lang='grc' dir='ltr'>ὅλον</span> <span class='ocrx_word' id='word_1_454' title='bbox 2787 3016 3044 3093; x_wconf 85' lang='grc' dir='ltr'>τέταρτον</span> <span class='ocrx_word' id='word_1_455' title='bbox 3093 3016 3302 3092; x_wconf 79' lang='grc' dir='ltr'>ἡμέρας</span> <span class='ocrx_word' id='word_1_456' title='bbox 3367 3019 3632 3094; x_wconf 86' lang='grc' dir='ltr'>περιέχει,</span> <span class='ocrx_word' id='word_1_457' title='bbox 3676 3018 3827 3074; x_wconf 84' lang='grc' dir='ltr'><strong>ἆλλᾶ</strong></span> 
     </span>
    </p>
   </div>
   <div class='ocr_carea' id='block_1_63' title="bbox 2179 3101 3820 3184">
    <p class='ocr_par' dir='ltr' id='par_1_63' title="bbox 2179 3101 3820 3184">
     <span class='ocr_line' id='line_1_63' title="bbox 2179 3101 3820 3184; baseline 0.002 -24"><span class='ocrx_word' id='word_1_458' title='bbox 2179 3109 2324 3182; x_wconf 81' lang='grc' dir='ltr'><strong>παρὰ</strong></span> <span class='ocrx_word' id='word_1_459' title='bbox 2353 3107 2695 3181; x_wconf 86' lang='grc' dir='ltr'>τριακοστὸν,</span> <span class='ocrx_word' id='word_1_460' title='bbox 2751 3107 2826 3168; x_wconf 84' lang='grc' dir='ltr'>ὡς</span> <span class='ocrx_word' id='word_1_461' title='bbox 2883 3101 3165 3181; x_wconf 75' lang='grc' dir='ltr'>προϊόντες</span> <span class='ocrx_word' id='word_1_462' title='bbox 3223 3103 3602 3184; x_wconf 77' lang='grc' dir='ltr'>ἀκριϐέστερον</span> <span class='ocrx_word' id='word_1_463' title='bbox 3653 3107 3820 3173; x_wconf 76' lang='grc' dir='ltr'>δείξο-</span> 
     </span>
    </p>
   </div>
   <div class='ocr_carea' id='block_1_64' title="bbox 420 3194 2070 3302">
    <p class='ocr_par' dir='ltr' id='par_1_64' title="bbox 420 3197 2067 3271">
     <span class='ocr_line' id='line_1_64' title="bbox 420 3197 2067 3271; baseline 0.001 -17"><span class='ocrx_word' id='word_1_464' title='bbox 420 3197 706 3254; x_wconf 90' lang='lat' dir='ltr'><strong>mensium</strong></span> <span class='ocrx_word' id='word_1_465' title='bbox 729 3198 1148 3266; x_wconf 84' lang='lat' dir='ltr'><strong>Romanorum,</strong></span> <span class='ocrx_word' id='word_1_466' title='bbox 1173 3200 1434 3271; x_wconf 85' lang='lat' dir='ltr'><strong>adeoque</strong></span> <span class='ocrx_word' id='word_1_467' title='bbox 1465 3199 1724 3271; x_wconf 89' lang='lat' dir='ltr'><strong>quolibet</strong></span> <span class='ocrx_word' id='word_1_468' title='bbox 1751 3200 2067 3271; x_wconf 82' lang='lat' dir='ltr'><strong>quadrien-</strong></span> 
     </span>
    </p>
   </div>
   <div class='ocr_carea' id='block_1_65' title="bbox 2181 3194 3818 3302">
    <p class='ocr_par' dir='ltr' id='par_1_65' title="bbox 2185 3194 3818 3302">
     <span class='ocr_line' id='line_1_65' title="bbox 2185 3194 3818 3272; baseline -0.001 -21"><span class='ocrx_word' id='word_1_469' title='bbox 2185 3218 2300 3271; x_wconf 86' lang='grc' dir='ltr'>μεν,</span> <span class='ocrx_word' id='word_1_470' title='bbox 2348 3200 2512 3269; x_wconf 77' lang='grc' dir='ltr'>ἡμεῖς</span> <span class='ocrx_word' id='word_1_471' title='bbox 2557 3194 2614 3250; x_wconf 72' lang='grc' dir='ltr'>δὲ</span> <span class='ocrx_word' id='word_1_472' title='bbox 2651 3201 2730 3268; x_wconf 83' lang='grc' dir='ltr'>τῷ</span> <span class='ocrx_word' id='word_1_473' title='bbox 2773 3199 2884 3250; x_wconf 82' lang='grc' dir='ltr'>τῶν</span> <span class='ocrx_word' id='word_1_474' title='bbox 2931 3197 3155 3268; x_wconf 76' lang='grc' dir='ltr'>ἡμερῶν</span> <span class='ocrx_word' id='word_1_475' title='bbox 3202 3196 3294 3250; x_wconf 79' lang='grc' dir='ltr'><strong>καὶ</strong></span> <span class='ocrx_word' id='word_1_476' title='bbox 3364 3202 3550 3269; x_wconf 81' lang='grc' dir='ltr'>μηνῶν</span> <span class='ocrx_word' id='word_1_477' title='bbox 3599 3197 3818 3272; x_wconf 80' lang='grc' dir='ltr'>ἀριθμῷ</span> 
     </span>
     <span class='ocr_line' id='line_1_66' title="bbox 2288 3284 3676 3302; baseline 0 0"><span class='ocrx_word' id='word_1_478' title='bbox 2288 3289 2299 3302; x_wconf 85' lang='grc'>.</span> <span class='ocrx_word' id='word_1_479' title='bbox 2363 3287 2422 3302; x_wconf 73' lang='grc' dir='ltr'><strong>η.</strong></span> <span class='ocrx_word' id='word_1_480' title='bbox 2561 3285 2573 3302; x_wconf 77' lang='grc'><strong><em>,</em></strong></span> <span class='ocrx_word' id='word_1_481' title='bbox 2821 3285 2834 3302; x_wconf 70' lang='grc' dir='ltr'><strong>ρ</strong></span> <span class='ocrx_word' id='word_1_482' title='bbox 2922 3285 2948 3302; x_wconf 73' lang='grc' dir='ltr'>,ι</span> <span class='ocrx_word' id='word_1_483' title='bbox 3065 3285 3079 3302; x_wconf 69' lang='grc' dir='ltr'><strong>ε</strong></span> <span class='ocrx_word' id='word_1_484' title='bbox 3233 3289 3260 3300; x_wconf 84' lang='lat'><strong>..</strong></span> <span class='ocrx_word' id='word_1_485' title='bbox 3419 3286 3430 3300; x_wconf 86' lang='lat'><strong>.</strong></span> <span class='ocrx_word' id='word_1_486' title='bbox 3609 3286 3622 3301; x_wconf 66' lang='grc' dir='ltr'><strong>ς</strong></span> <span class='ocrx_word' id='word_1_487' title='bbox 3662 3284 3676 3302; x_wconf 62' lang='grc' dir='ltr'><strong>ο</strong></span> 
     </span>
    </p>
   </div>
   <div class='ocr_carea' id='block_1_66' title="bbox 417 3287 2069 3361">
    <p class='ocr_par' dir='ltr' id='par_1_66' title="bbox 417 3287 2069 3361">
     <span class='ocr_line' id='line_1_67' title="bbox 417 3287 2069 3361; baseline 0.002 -17"><span class='ocrx_word' id='word_1_488' title='bbox 417 3287 516 3344; x_wconf 89' lang='lat' dir='ltr'><strong>nio</strong></span> <span class='ocrx_word' id='word_1_489' title='bbox 546 3302 729 3344; x_wconf 90' lang='lat' dir='ltr'><strong>unum</strong></span> <span class='ocrx_word' id='word_1_490' title='bbox 758 3287 913 3343; x_wconf 88' lang='lat' dir='ltr'><strong>diem</strong></span> <span class='ocrx_word' id='word_1_491' title='bbox 940 3287 1312 3359; x_wconf 88' lang='lat' dir='ltr'><strong>adjiciamus,</strong></span> <span class='ocrx_word' id='word_1_492' title='bbox 1347 3294 1412 3344; x_wconf 85' lang='lat' dir='ltr'><strong>ut</strong></span> <span class='ocrx_word' id='word_1_493' title='bbox 1440 3305 1632 3346; x_wconf 88' lang='lat' dir='ltr'><strong>annus</strong></span> <span class='ocrx_word' id='word_1_494' title='bbox 1663 3295 1898 3361; x_wconf 87' lang='lat' dir='ltr'><strong>quartus</strong></span> <span class='ocrx_word' id='word_1_495' title='bbox 1916 3307 2069 3347; x_wconf 88' lang='lat' dir='ltr'><strong>sem-</strong></span> 
     </span>
    </p>
   </div>
   <div class='ocr_carea' id='block_1_67' title="bbox 419 3375 2068 3451">
    <p class='ocr_par' dir='ltr' id='par_1_67' title="bbox 419 3375 2068 3451">
     <span class='ocr_line' id='line_1_68' title="bbox 419 3375 2068 3451; baseline 0.001 -19"><span class='ocrx_word' id='word_1_496' title='bbox 419 3392 524 3449; x_wconf 87' lang='lat' dir='ltr'><strong>per</strong></span> <span class='ocrx_word' id='word_1_497' title='bbox 551 3376 626 3432; x_wconf 87' lang='lat' dir='ltr'><strong>sit</strong></span> <span class='ocrx_word' id='word_1_498' title='bbox 654 3375 978 3448; x_wconf 89' lang='lat' dir='ltr'><strong>completus</strong></span> <span class='ocrx_word' id='word_1_499' title='bbox 1002 3394 1016 3432; x_wconf 89' lang='lat'><strong>:</strong></span> <span class='ocrx_word' id='word_1_500' title='bbox 1051 3393 1286 3434; x_wconf 87' lang='lat' dir='ltr'><strong>necesse</strong></span> <span class='ocrx_word' id='word_1_501' title='bbox 1327 3383 1417 3434; x_wconf 87' lang='lat' dir='ltr'><strong>est</strong></span> <span class='ocrx_word' id='word_1_502' title='bbox 1445 3378 1504 3434; x_wconf 91' lang='lat' dir='ltr'><strong>in</strong></span> <span class='ocrx_word' id='word_1_503' title='bbox 1547 3381 1717 3434; x_wconf 91' lang='lat' dir='ltr'><strong>annis</strong></span> <span class='ocrx_word' id='word_1_504' title='bbox 1746 3379 1853 3434; x_wconf 89' lang='lat'><strong>300</strong></span> <span class='ocrx_word' id='word_1_505' title='bbox 1881 3379 2068 3451; x_wconf 64' lang='lat' dir='ltr'><strong>esqui-</strong></span> 
     </span>
    </p>
   </div>
   <div class='ocr_carea' id='block_1_68' title="bbox 419 3466 2066 3540">
    <p class='ocr_par' dir='ltr' id='par_1_68' title="bbox 419 3466 2066 3540">
     <span class='ocr_line' id='line_1_69' title="bbox 419 3466 2066 3540; baseline 0.002 -19"><span class='ocrx_word' id='word_1_506' title='bbox 419 3466 681 3522; x_wconf 89' lang='lat' dir='ltr'><strong>noctlum</strong></span> <span class='ocrx_word' id='word_1_507' title='bbox 713 3481 828 3522; x_wconf 88' lang='lat' dir='ltr'><strong>uno</strong></span> <span class='ocrx_word' id='word_1_508' title='bbox 859 3466 953 3522; x_wconf 93' lang='lat' dir='ltr'><strong>die</strong></span> <span class='ocrx_word' id='word_1_509' title='bbox 984 3467 1282 3539; x_wconf 86' lang='lat' dir='ltr'><strong>anticipet.</strong></span> <span class='ocrx_word' id='word_1_510' title='bbox 1306 3467 1379 3524; x_wconf 93' lang='lat' dir='ltr'><strong>Ut</strong></span> <span class='ocrx_word' id='word_1_511' title='bbox 1408 3469 1658 3540; x_wconf 83' lang='lat' dir='ltr'><strong>exempli</strong></span> <span class='ocrx_word' id='word_1_512' title='bbox 1689 3470 1894 3538; x_wconf 77' lang='lat' dir='ltr'><strong>gratia,</strong></span> <span class='ocrx_word' id='word_1_513' title='bbox 1927 3487 2066 3540; x_wconf 88' lang='lat' dir='ltr'><strong>quo-</strong></span> 
     </span>
    </p>
   </div>
   <div class='ocr_carea' id='block_1_69' title="bbox 424 3554 2066 3628">
    <p class='ocr_par' dir='ltr' id='par_1_69' title="bbox 424 3554 2066 3628">
     <span class='ocr_line' id='line_1_70' title="bbox 424 3554 2066 3628; baseline 0.003 -18"><span class='ocrx_word' id='word_1_514' title='bbox 424 3554 588 3611; x_wconf 88' lang='lat' dir='ltr'><strong>niam</strong></span> <span class='ocrx_word' id='word_1_515' title='bbox 618 3555 728 3611; x_wconf 91' lang='lat' dir='ltr'><strong>hoc</strong></span> <span class='ocrx_word' id='word_1_516' title='bbox 758 3556 886 3628; x_wconf 92' lang='lat' dir='ltr'><strong>ipso</strong></span> <span class='ocrx_word' id='word_1_517' title='bbox 918 3563 1176 3628; x_wconf 87' lang='lat' dir='ltr'><strong>tempore</strong></span> <span class='ocrx_word' id='word_1_518' title='bbox 1204 3557 1618 3628; x_wconf 72' lang='lat' dir='ltr'><strong>mquinoctium</strong></span> <span class='ocrx_word' id='word_1_519' title='bbox 1646 3558 1741 3614; x_wconf 91' lang='lat' dir='ltr'><strong>die</strong></span> <span class='ocrx_word' id='word_1_520' title='bbox 1770 3564 1971 3615; x_wconf 76' lang='lat' dir='ltr'><strong>octavo</strong></span> <span class='ocrx_word' id='word_1_521' title='bbox 2003 3577 2066 3615; x_wconf 87' lang='lat' dir='ltr'><strong>ac</strong></span> 
     </span>
    </p>
   </div>
   <div class='ocr_carea' id='block_1_70' title="bbox 425 3643 2063 3718">
    <p class='ocr_par' dir='ltr' id='par_1_70' title="bbox 425 3643 2063 3718">
     <span class='ocr_line' id='line_1_71' title="bbox 425 3643 2063 3718; baseline 0.001 -19"><span class='ocrx_word' id='word_1_522' title='bbox 425 3643 654 3700; x_wconf 86' lang='lat' dir='ltr'><strong>decimo</strong></span> <span class='ocrx_word' id='word_1_523' title='bbox 685 3643 881 3700; x_wconf 82' lang='lat' dir='ltr'><strong>Martii</strong></span> <span class='ocrx_word' id='word_1_524' title='bbox 919 3646 1142 3702; x_wconf 87' lang='lat' dir='ltr'><strong>mensis</strong></span> <span class='ocrx_word' id='word_1_525' title='bbox 1189 3645 1484 3718; x_wconf 84' lang='lat' dir='ltr'><strong>obtingere</strong></span> <span class='ocrx_word' id='word_1_526' title='bbox 1518 3651 1909 3718; x_wconf 85' lang='lat' dir='ltr'><strong>computatur,</strong></span> <span class='ocrx_word' id='word_1_527' title='bbox 1942 3655 2063 3718; x_wconf 86' lang='lat' dir='ltr'><strong>post</strong></span> 
     </span>
    </p>
   </div>
   <div class='ocr_carea' id='block_1_71' title="bbox 421 3732 2061 3806">
    <p class='ocr_par' dir='ltr' id='par_1_71' title="bbox 421 3732 2061 3806">
     <span class='ocr_line' id='line_1_72' title="bbox 421 3732 2061 3806; baseline 0.002 -18"><span class='ocrx_word' id='word_1_528' title='bbox 421 3749 605 3789; x_wconf 91' lang='lat' dir='ltr'><strong>annos</strong></span> <span class='ocrx_word' id='word_1_529' title='bbox 653 3732 864 3789; x_wconf 90' lang='lat' dir='ltr'><strong>abhinc</strong></span> <span class='ocrx_word' id='word_1_530' title='bbox 913 3740 1192 3790; x_wconf 89' lang='lat' dir='ltr'><strong>trecentos</strong></span> <span class='ocrx_word' id='word_1_531' title='bbox 1239 3735 1298 3791; x_wconf 93' lang='lat' dir='ltr'><strong>in</strong></span> <span class='ocrx_word' id='word_1_532' title='bbox 1330 3736 1645 3806; x_wconf 86' lang='lat' dir='ltr'><strong>septimum</strong></span> <span class='ocrx_word' id='word_1_533' title='bbox 1677 3740 1736 3791; x_wconf 89' lang='lat' dir='ltr'><strong>et</strong></span> <span class='ocrx_word' id='word_1_534' title='bbox 1773 3737 2061 3792; x_wconf 87' lang='lat' dir='ltr'><strong>decimum</strong></span> 
     </span>
    </p>
   </div>
   <div class='ocr_carea' id='block_1_72' title="bbox 421 3823 2060 3894">
    <p class='ocr_par' dir='ltr' id='par_1_72' title="bbox 421 3823 2060 3894">
     <span class='ocr_line' id='line_1_73' title="bbox 421 3823 2060 3894; baseline 0.002 -17"><span class='ocrx_word' id='word_1_535' title='bbox 421 3823 576 3880; x_wconf 89' lang='lat' dir='ltr'><strong>diem</strong></span> <span class='ocrx_word' id='word_1_536' title='bbox 604 3823 844 3893; x_wconf 89' lang='lat' dir='ltr'><strong>incidet,</strong></span> <span class='ocrx_word' id='word_1_537' title='bbox 875 3824 1008 3879; x_wconf 91' lang='lat' dir='ltr'><strong>dein</strong></span> <span class='ocrx_word' id='word_1_538' title='bbox 1043 3829 1174 3894; x_wconf 88' lang='lat' dir='ltr'><strong>post</strong></span> <span class='ocrx_word' id='word_1_539' title='bbox 1202 3824 1348 3880; x_wconf 83' lang='lat' dir='ltr'><strong>alios</strong></span> <span class='ocrx_word' id='word_1_540' title='bbox 1369 3831 1659 3882; x_wconf 89' lang='lat' dir='ltr'><strong>trecentos</strong></span> <span class='ocrx_word' id='word_1_541' title='bbox 1689 3825 1748 3880; x_wconf 89' lang='lat' dir='ltr'><strong>in</strong></span> <span class='ocrx_word' id='word_1_542' title='bbox 1780 3825 1932 3880; x_wconf 89' lang='lat' dir='ltr'><strong>diem</strong></span> <span class='ocrx_word' id='word_1_543' title='bbox 1961 3827 2060 3880; x_wconf 35' lang='lat' dir='ltr'><strong>dei</strong></span> 
     </span>
    </p>
   </div>
   <div class='ocr_carea' id='block_1_73' title="bbox 418 3912 2066 3985">
    <p class='ocr_par' dir='ltr' id='par_1_73' title="bbox 418 3912 2066 3985">
     <span class='ocr_line' id='line_1_74' title="bbox 418 3912 2066 3985; baseline 0.002 -19"><span class='ocrx_word' id='word_1_544' title='bbox 418 3912 638 3968; x_wconf 89' lang='lat' dir='ltr'><strong>cimum</strong></span> <span class='ocrx_word' id='word_1_545' title='bbox 679 3918 931 3976; x_wconf 85' lang='lat' dir='ltr'><strong>sextum.</strong></span> <span class='ocrx_word' id='word_1_546' title='bbox 976 3913 1298 3984; x_wconf 87' lang='lat' dir='ltr'><strong>pariterque</strong></span> <span class='ocrx_word' id='word_1_547' title='bbox 1339 3915 1396 3968; x_wconf 92' lang='lat' dir='ltr'><strong>in</strong></span> <span class='ocrx_word' id='word_1_548' title='bbox 1438 3919 1803 3985; x_wconf 89' lang='lat' dir='ltr'><strong>perpetuum.</strong></span> <span class='ocrx_word' id='word_1_549' title='bbox 1843 3915 2066 3970; x_wconf 82' lang='lat' dir='ltr'><strong>Accidit</strong></span> 
     </span>
    </p>
   </div>
   <div class='ocr_carea' id='block_1_74' title="bbox 417 4000 2063 4074">
    <p class='ocr_par' dir='ltr' id='par_1_74' title="bbox 417 4000 2063 4074">
     <span class='ocr_line' id='line_1_75' title="bbox 417 4000 2063 4074; baseline 0.003 -20"><span class='ocrx_word' id='word_1_550' title='bbox 417 4000 575 4055; x_wconf 91' lang='lat' dir='ltr'><strong>enim</strong></span> <span class='ocrx_word' id='word_1_551' title='bbox 605 4001 1018 4071; x_wconf 70' lang='lat' dir='ltr'><strong>aequinoctium</strong></span> <span class='ocrx_word' id='word_1_552' title='bbox 1055 4010 1313 4074; x_wconf 90' lang='lat' dir='ltr'><strong>tempore</strong></span> <span class='ocrx_word' id='word_1_553' title='bbox 1344 4002 1723 4060; x_wconf 85' lang='lat' dir='ltr'><strong>Nabonassari</strong></span> <span class='ocrx_word' id='word_1_554' title='bbox 1756 4005 1938 4059; x_wconf 85' lang='lat' dir='ltr'><strong>Martii</strong></span> <span class='ocrx_word' id='word_1_555' title='bbox 1972 4006 2063 4059; x_wconf 83' lang='lat' dir='ltr'><strong>die</strong></span> 
     </span>
    </p>
   </div>
   <div class='ocr_carea' id='block_1_75' title="bbox 419 4088 2059 4164">
    <p class='ocr_par' dir='ltr' id='par_1_75' title="bbox 419 4088 2059 4164">
     <span class='ocr_line' id='line_1_76' title="bbox 419 4088 2059 4164; baseline 0.004 -22"><span class='ocrx_word' id='word_1_556' title='bbox 419 4088 626 4161; x_wconf 86' lang='lat' dir='ltr'><strong>quinto</strong></span> <span class='ocrx_word' id='word_1_557' title='bbox 655 4094 713 4145; x_wconf 90' lang='lat' dir='ltr'><strong>et</strong></span> <span class='ocrx_word' id='word_1_558' title='bbox 741 4089 1016 4146; x_wconf 82' lang='lat' dir='ltr'><strong>vicesimo</strong></span> <span class='ocrx_word' id='word_1_559' title='bbox 1045 4091 1197 4147; x_wconf 91' lang='lat' dir='ltr'><strong>circa</strong></span> <span class='ocrx_word' id='word_1_560' title='bbox 1219 4107 1538 4164; x_wconf 85' lang='lat' dir='ltr'><strong>vesperam,</strong></span> <span class='ocrx_word' id='word_1_561' title='bbox 1560 4097 1618 4147; x_wconf 90' lang='lat' dir='ltr'><strong>et</strong></span> <span class='ocrx_word' id='word_1_562' title='bbox 1637 4097 1901 4164; x_wconf 89' lang='lat' dir='ltr'><strong>tempore</strong></span> <span class='ocrx_word' id='word_1_563' title='bbox 1925 4093 2059 4148; x_wconf 88' lang='lat' dir='ltr'><strong>Phi-</strong></span> 
     </span>
    </p>
   </div>
   <div class='ocr_carea' id='block_1_76' title="bbox 419 4176 2059 4253">
    <p class='ocr_par' dir='ltr' id='par_1_76' title="bbox 419 4176 2059 4253">
     <span class='ocr_line' id='line_1_77' title="bbox 419 4176 2059 4253; baseline 0.004 -22"><span class='ocrx_word' id='word_1_564' title='bbox 419 4176 564 4249; x_wconf 85' lang='lat' dir='ltr'><strong>lippi</strong></span> <span class='ocrx_word' id='word_1_565' title='bbox 592 4179 802 4234; x_wconf 69' lang='lat' dir='ltr'><strong>Aridaai</strong></span> <span class='ocrx_word' id='word_1_566' title='bbox 822 4179 976 4235; x_wconf 90' lang='lat' dir='ltr'><strong>circa</strong></span> <span class='ocrx_word' id='word_1_567' title='bbox 1009 4180 1308 4236; x_wconf 89' lang='lat' dir='ltr'><strong>meridiem</strong></span> <span class='ocrx_word' id='word_1_568' title='bbox 1339 4183 1535 4253; x_wconf 88' lang='lat' dir='ltr'><strong>quarti</strong></span> <span class='ocrx_word' id='word_1_569' title='bbox 1555 4186 1612 4237; x_wconf 90' lang='lat' dir='ltr'><strong>et</strong></span> <span class='ocrx_word' id='word_1_570' title='bbox 1651 4183 1910 4238; x_wconf 83' lang='lat' dir='ltr'><strong>vicesimi</strong></span> <span class='ocrx_word' id='word_1_571' title='bbox 1947 4183 2059 4237; x_wconf 88' lang='lat' dir='ltr'><strong>dici</strong></span> 
     </span>
    </p>
   </div>
   <div class='ocr_carea' id='block_1_77' title="bbox 420 4267 2061 4342">
    <p class='ocr_par' dir='ltr' id='par_1_77' title="bbox 420 4267 2061 4342">
     <span class='ocr_line' id='line_1_78' title="bbox 420 4267 2061 4342; baseline 0.002 -20"><span class='ocrx_word' id='word_1_572' title='bbox 420 4267 643 4324; x_wconf 86' lang='lat' dir='ltr'><strong>mensis</strong></span> <span class='ocrx_word' id='word_1_573' title='bbox 692 4267 976 4338; x_wconf 85' lang='lat' dir='ltr'><strong>ejusdem.</strong></span> <span class='ocrx_word' id='word_1_574' title='bbox 1026 4271 1192 4326; x_wconf 82' lang='lat' dir='ltr'><strong>Anno</strong></span> <span class='ocrx_word' id='word_1_575' title='bbox 1238 4278 1453 4335; x_wconf 90' lang='lat' dir='ltr'><strong>autem,</strong></span> <span class='ocrx_word' id='word_1_576' title='bbox 1505 4288 1619 4342; x_wconf 87' lang='lat' dir='ltr'><strong>quo</strong></span> <span class='ocrx_word' id='word_1_577' title='bbox 1667 4272 1929 4327; x_wconf 88' lang='lat' dir='ltr'><strong>Christus</strong></span> <span class='ocrx_word' id='word_1_578' title='bbox 1963 4289 2061 4341; x_wconf 86' lang='lat' dir='ltr'><strong>pro</strong></span> 
     </span>
    </p>
   </div>
   <div class='ocr_carea' id='block_1_78' title="bbox 419 4355 2061 4430">
    <p class='ocr_par' dir='ltr' id='par_1_78' title="bbox 419 4355 2061 4430">
     <span class='ocr_line' id='line_1_79' title="bbox 419 4355 2061 4430; baseline 0.002 -19"><span class='ocrx_word' id='word_1_579' title='bbox 419 4355 589 4411; x_wconf 90' lang='lat' dir='ltr'><strong>nobis</strong></span> <span class='ocrx_word' id='word_1_580' title='bbox 623 4357 974 4413; x_wconf 88' lang='lat' dir='ltr'><strong>redimendis</strong></span> <span class='ocrx_word' id='word_1_581' title='bbox 1025 4373 1230 4430; x_wconf 87' lang='lat' dir='ltr'><strong>passus</strong></span> <span class='ocrx_word' id='word_1_582' title='bbox 1277 4367 1384 4430; x_wconf 90' lang='lat' dir='ltr'><strong>est,</strong></span> <span class='ocrx_word' id='word_1_583' title='bbox 1433 4361 1606 4416; x_wconf 90' lang='lat' dir='ltr'><strong>istius</strong></span> <span class='ocrx_word' id='word_1_584' title='bbox 1656 4361 1751 4416; x_wconf 88' lang='lat' dir='ltr'><strong>die</strong></span> <span class='ocrx_word' id='word_1_585' title='bbox 1790 4362 2061 4416; x_wconf 87' lang='lat' dir='ltr'><strong>vicesimo</strong></span> 
     </span>
    </p>
   </div>
   <div class='ocr_carea' id='block_1_79' title="bbox 414 4445 2056 4521">
    <p class='ocr_par' dir='ltr' id='par_1_79' title="bbox 414 4445 2056 4521">
     <span class='ocr_line' id='line_1_80' title="bbox 414 4445 2056 4521; baseline 0.003 -22"><span class='ocrx_word' id='word_1_586' title='bbox 414 4445 587 4501; x_wconf 87' lang='lat' dir='ltr'><strong>tertio</strong></span> <span class='ocrx_word' id='word_1_587' title='bbox 609 4446 766 4502; x_wconf 91' lang='lat' dir='ltr'><strong>circa</strong></span> <span class='ocrx_word' id='word_1_588' title='bbox 791 4450 1020 4502; x_wconf 87' lang='lat' dir='ltr'><strong>noctem</strong></span> <span class='ocrx_word' id='word_1_589' title='bbox 1049 4448 1295 4503; x_wconf 88' lang='lat' dir='ltr'><strong>mediam</strong></span> <span class='ocrx_word' id='word_1_590' title='bbox 1314 4466 1329 4518; x_wconf 91' lang='lat'><strong>;</strong></span> <span class='ocrx_word' id='word_1_591' title='bbox 1347 4456 1542 4504; x_wconf 88' lang='lat' dir='ltr'><strong>nostro</strong></span> <span class='ocrx_word' id='word_1_592' title='bbox 1567 4457 1754 4505; x_wconf 90' lang='lat' dir='ltr'><strong>autem</strong></span> <span class='ocrx_word' id='word_1_593' title='bbox 1777 4454 2056 4521; x_wconf 87' lang='lat' dir='ltr'><strong>tempore,</strong></span> 
     </span>
    </p>
   </div>
   <div class='ocr_carea' id='block_1_80' title="bbox 413 4535 1914 4609">
    <p class='ocr_par' dir='ltr' id='par_1_80' title="bbox 413 4535 1914 4609">
     <span class='ocr_line' id='line_1_81' title="bbox 413 4535 1914 4609; baseline 0.002 -20"><span class='ocrx_word' id='word_1_594' title='bbox 413 4538 480 4590; x_wconf 90' lang='lat' dir='ltr'><strong>ut</strong></span> <span class='ocrx_word' id='word_1_595' title='bbox 510 4535 978 4591; x_wconf 85' lang='lat' dir='ltr'><strong>demonstratum</strong></span> <span class='ocrx_word' id='word_1_596' title='bbox 1011 4544 1114 4605; x_wconf 90' lang='lat' dir='ltr'><strong>est,</strong></span> <span class='ocrx_word' id='word_1_597' title='bbox 1143 4537 1611 4594; x_wconf 88' lang='lat' dir='ltr'><strong>duodevicesirno</strong></span> <span class='ocrx_word' id='word_1_598' title='bbox 1642 4538 1770 4609; x_wconf 87' lang='lat' dir='ltr'><strong>ejus</strong></span> <span class='ocrx_word' id='word_1_599' title='bbox 1803 4540 1914 4594; x_wconf 91' lang='lat' dir='ltr'><strong>die.</strong></span> 
     </span>
    </p>
   </div>
   <div class='ocr_carea' id='block_1_81' title="bbox 483 4712 2056 4790">
    <p class='ocr_par' dir='ltr' id='par_1_81' title="bbox 483 4712 2056 4790">
     <span class='ocr_line' id='line_1_82' title="bbox 483 4712 2056 4790; baseline 0.001 -21"><span class='ocrx_word' id='word_1_600' title='bbox 483 4712 857 4769; x_wconf 71' lang='lat' dir='ltr'><strong>Hebraeorum</strong></span> <span class='ocrx_word' id='word_1_601' title='bbox 915 4713 1095 4786; x_wconf 82' lang='lat' dir='ltr'><strong>igitur</strong></span> <span class='ocrx_word' id='word_1_602' title='bbox 1151 4717 1458 4784; x_wconf 87' lang='lat' dir='ltr'><strong>doctiores,</strong></span> <span class='ocrx_word' id='word_1_603' title='bbox 1521 4716 1721 4790; x_wconf 89' lang='lat' dir='ltr'><strong>illique</strong></span> <span class='ocrx_word' id='word_1_604' title='bbox 1770 4718 2056 4789; x_wconf 70' lang='lat' dir='ltr'><strong>praacipue</strong></span> 
     </span>
    </p>
   </div>
   <div class='ocr_carea' id='block_1_82' title="bbox 413 4803 2056 4878">
    <p class='ocr_par' dir='ltr' id='par_1_82' title="bbox 413 4803 2056 4878">
     <span class='ocr_line' id='line_1_83' title="bbox 413 4803 2056 4878; baseline 0 -20"><span class='ocrx_word' id='word_1_605' title='bbox 413 4805 514 4874; x_wconf 91' lang='lat' dir='ltr'><strong>qui</strong></span> <span class='ocrx_word' id='word_1_606' title='bbox 561 4803 826 4858; x_wconf 74' lang='lat' dir='ltr'><strong>Judzcam</strong></span> <span class='ocrx_word' id='word_1_607' title='bbox 877 4803 1187 4872; x_wconf 85' lang='lat' dir='ltr'><strong>incoluere,</strong></span> <span class='ocrx_word' id='word_1_608' title='bbox 1225 4815 1283 4861; x_wconf 91' lang='lat' dir='ltr'><strong>ut</strong></span> <span class='ocrx_word' id='word_1_609' title='bbox 1321 4807 1616 4878; x_wconf 87' lang='lat' dir='ltr'><strong>Josephus</strong></span> <span class='ocrx_word' id='word_1_610' title='bbox 1660 4813 1831 4877; x_wconf 87' lang='lat' dir='ltr'><strong>atque</strong></span> <span class='ocrx_word' id='word_1_611' title='bbox 1871 4807 2056 4874; x_wconf 80' lang='lat' dir='ltr'><strong>Phila,</strong></span> 
     </span>
    </p>
   </div>
   <div class='ocr_carea' id='block_1_83' title="bbox 409 4892 2060 4968">
    <p class='ocr_par' dir='ltr' id='par_1_83' title="bbox 409 4892 2060 4968">
     <span class='ocr_line' id='line_1_84' title="bbox 409 4892 2060 4968; baseline 0.001 -19"><span class='ocrx_word' id='word_1_612' title='bbox 409 4892 626 4949; x_wconf 85' lang='lat' dir='ltr'><strong>summi</strong></span> <span class='ocrx_word' id='word_1_613' title='bbox 685 4893 918 4964; x_wconf 89' lang='lat' dir='ltr'><strong>utrique</strong></span> <span class='ocrx_word' id='word_1_614' title='bbox 977 4893 1332 4966; x_wconf 85' lang='lat' dir='ltr'><strong>philosophi,</strong></span> <span class='ocrx_word' id='word_1_615' title='bbox 1410 4896 1592 4968; x_wconf 84' lang='lat' dir='ltr'><strong>legale</strong></span> <span class='ocrx_word' id='word_1_616' title='bbox 1653 4897 1872 4952; x_wconf 84' lang='lat' dir='ltr'><strong>Pascha</strong></span> <span class='ocrx_word' id='word_1_617' title='bbox 1928 4901 2060 4951; x_wconf 87' lang='lat' dir='ltr'><strong>ante</strong></span> 
     </span>
    </p>
   </div>
   <div class='ocr_carea' id='block_1_84' title="bbox 408 4982 2060 5055">
    <p class='ocr_par' dir='ltr' id='par_1_84' title="bbox 408 4982 2060 5055">
     <span class='ocr_line' id='line_1_85' title="bbox 408 4982 2060 5055; baseline 0 -17"><span class='ocrx_word' id='word_1_618' title='bbox 408 4982 824 5054; x_wconf 69' lang='lat' dir='ltr'><strong>aequinoctium</strong></span> <span class='ocrx_word' id='word_1_619' title='bbox 851 4982 1298 5054; x_wconf 83' lang='lat' dir='ltr'><strong>haudquaquam</strong></span> <span class='ocrx_word' id='word_1_620' title='bbox 1322 4984 1736 5041; x_wconf 87' lang='lat' dir='ltr'><strong>celebrandum</strong></span> <span class='ocrx_word' id='word_1_621' title='bbox 1761 4986 2060 5055; x_wconf 88' lang='lat' dir='ltr'><strong>essejudi-</strong></span> 
     </span>
    </p>
   </div>
   <div class='ocr_carea' id='block_1_85' title="bbox 406 5071 2059 5146">
    <p class='ocr_par' dir='ltr' id='par_1_85' title="bbox 406 5071 2059 5146">
     <span class='ocr_line' id='line_1_86' title="bbox 406 5071 2059 5146; baseline 0.002 -22"><span class='ocrx_word' id='word_1_622' title='bbox 406 5073 632 5126; x_wconf 82' lang='lat' dir='ltr'><strong>cabant.</strong></span> <span class='ocrx_word' id='word_1_623' title='bbox 667 5071 848 5126; x_wconf 86' lang='lat' dir='ltr'><strong>Aiunt</strong></span> <span class='ocrx_word' id='word_1_624' title='bbox 879 5072 1036 5126; x_wconf 90' lang='lat' dir='ltr'><strong>enim</strong></span> <span class='ocrx_word' id='word_1_625' title='bbox 1080 5072 1178 5126; x_wconf 85' lang='lat' dir='ltr'><strong>isti</strong></span> <span class='ocrx_word' id='word_1_626' title='bbox 1215 5079 1344 5143; x_wconf 87' lang='lat' dir='ltr'><strong>post</strong></span> <span class='ocrx_word' id='word_1_627' title='bbox 1369 5074 1785 5146; x_wconf 74' lang='lat' dir='ltr'><strong>aequinoctium</strong></span> <span class='ocrx_word' id='word_1_628' title='bbox 1819 5089 2059 5128; x_wconf 86' lang='lat' dir='ltr'><strong>vernum</strong></span> 
     </span>
    </p>
   </div>
   <div class='ocr_carea' id='block_1_86' title="bbox 406 5157 2068 5231">
    <p class='ocr_par' dir='ltr' id='par_1_86' title="bbox 406 5157 2068 5231">
     <span class='ocr_line' id='line_1_87' title="bbox 406 5157 2068 5231; baseline 0.004 -19"><span class='ocrx_word' id='word_1_629' title='bbox 406 5157 558 5213; x_wconf 86' lang='lat' dir='ltr'><strong>circa</strong></span> <span class='ocrx_word' id='word_1_630' title='bbox 601 5159 859 5214; x_wconf 89' lang='lat' dir='ltr'><strong>medium</strong></span> <span class='ocrx_word' id='word_1_631' title='bbox 897 5160 1070 5230; x_wconf 91' lang='lat' dir='ltr'><strong>primi</strong></span> <span class='ocrx_word' id='word_1_632' title='bbox 1120 5163 1345 5217; x_wconf 90' lang='lat' dir='ltr'><strong>mensis</strong></span> <span class='ocrx_word' id='word_1_633' title='bbox 1402 5164 1473 5217; x_wconf 84' lang='lat' dir='ltr'><strong>ab</strong></span> <span class='ocrx_word' id='word_1_634' title='bbox 1527 5163 1802 5218; x_wconf 89' lang='lat' dir='ltr'><strong>omnibus</strong></span> <span class='ocrx_word' id='word_1_635' title='bbox 1851 5163 2068 5231; x_wconf 86' lang='lat' dir='ltr'><strong>pariter</strong></span> 
     </span>
    </p>
   </div>
   <div class='ocr_carea' id='block_1_87' title="bbox 408 5243 2062 5323">
    <p class='ocr_par' dir='ltr' id='par_1_87' title="bbox 408 5243 2062 5323">
     <span class='ocr_line' id='line_1_88' title="bbox 408 5243 2062 5323; baseline 0.004 -22"><span class='ocrx_word' id='word_1_636' title='bbox 408 5248 721 5302; x_wconf 87' lang='lat' dir='ltr'><strong>mactanda</strong></span> <span class='ocrx_word' id='word_1_637' title='bbox 752 5265 879 5304; x_wconf 87' lang='lat' dir='ltr'><strong>esse</strong></span> <span class='ocrx_word' id='word_1_638' title='bbox 915 5243 1248 5321; x_wconf 66' lang='grc' dir='ltr'>διαϐατήρια</span> <span class='ocrx_word' id='word_1_639' title='bbox 1281 5253 1402 5307; x_wconf 89' lang='lat' dir='ltr'><strong>sive</strong></span> <span class='ocrx_word' id='word_1_640' title='bbox 1433 5251 1717 5306; x_wconf 76' lang='lat' dir='ltr'><strong>sacrificia</strong></span> <span class='ocrx_word' id='word_1_641' title='bbox 1749 5252 2062 5323; x_wconf 85' lang='lat' dir='ltr'><strong>paschalia.</strong></span> 
     </span>
    </p>
   </div>
   <div class='ocr_carea' id='block_1_88' title="bbox 408 5335 2060 5410">
    <p class='ocr_par' dir='ltr' id='par_1_88' title="bbox 408 5335 2060 5410">
     <span class='ocr_line' id='line_1_89' title="bbox 408 5335 2060 5410; baseline 0.004 -23"><span class='ocrx_word' id='word_1_642' title='bbox 408 5335 519 5399; x_wconf 86' lang='lat' dir='ltr'><strong>Qui</strong></span> <span class='ocrx_word' id='word_1_643' title='bbox 552 5351 682 5392; x_wconf 82' lang='lat' dir='ltr'><strong>vero</strong></span> <span class='ocrx_word' id='word_1_644' title='bbox 723 5337 784 5393; x_wconf 90' lang='lat' dir='ltr'><strong>in</strong></span> <span class='ocrx_word' id='word_1_645' title='bbox 824 5338 931 5392; x_wconf 85' lang='lat' dir='ltr'><strong>hac</strong></span> <span class='ocrx_word' id='word_1_646' title='bbox 964 5355 1024 5393; x_wconf 90' lang='lat' dir='ltr'><strong>re</strong></span> <span class='ocrx_word' id='word_1_647' title='bbox 1065 5339 1337 5410; x_wconf 88' lang='lat' dir='ltr'><strong>imperite</strong></span> <span class='ocrx_word' id='word_1_648' title='bbox 1377 5357 1442 5395; x_wconf 89' lang='lat' dir='ltr'><strong>ac</strong></span> <span class='ocrx_word' id='word_1_649' title='bbox 1488 5341 1703 5396; x_wconf 89' lang='lat' dir='ltr'><strong>rustice</strong></span> <span class='ocrx_word' id='word_1_650' title='bbox 1741 5344 2060 5396; x_wconf 85' lang='lat' dir='ltr'><strong>versantur.</strong></span> 
     </span>
    </p>
   </div>
   <div class='ocr_carea' id='block_1_89' title="bbox 411 5423 2062 5502">
    <p class='ocr_par' dir='ltr' id='par_1_89' title="bbox 411 5423 2062 5502">
     <span class='ocr_line' id='line_1_90' title="bbox 411 5423 2062 5502; baseline 0.005 -24"><span class='ocrx_word' id='word_1_651' title='bbox 411 5423 630 5495; x_wconf 88' lang='lat' dir='ltr'><strong>passim</strong></span> <span class='ocrx_word' id='word_1_652' title='bbox 662 5442 763 5498; x_wconf 91' lang='lat' dir='ltr'><strong>per</strong></span> <span class='ocrx_word' id='word_1_653' title='bbox 793 5431 1080 5484; x_wconf 88' lang='lat' dir='ltr'><strong>terrarum</strong></span> <span class='ocrx_word' id='word_1_654' title='bbox 1112 5430 1310 5484; x_wconf 91' lang='lat' dir='ltr'><strong>orbem</strong></span> <span class='ocrx_word' id='word_1_655' title='bbox 1351 5429 1625 5501; x_wconf 88' lang='lat' dir='ltr'><strong>dispersi,</strong></span> <span class='ocrx_word' id='word_1_656' title='bbox 1657 5445 1916 5485; x_wconf 83' lang='lat' dir='ltr'><strong>mensem</strong></span> <span class='ocrx_word' id='word_1_657' title='bbox 1953 5433 2062 5502; x_wconf 90' lang='lat' dir='ltr'><strong>pri-</strong></span> 
     </span>
    </p>
   </div>
   <div class='ocr_carea' id='block_1_90' title="bbox 410 5517 2063 5591">
    <p class='ocr_par' dir='ltr' id='par_1_90' title="bbox 410 5517 2063 5591">
     <span class='ocr_line' id='line_1_91' title="bbox 410 5517 2063 5591; baseline 0.005 -24"><span class='ocrx_word' id='word_1_658' title='bbox 410 5526 570 5568; x_wconf 89' lang='lat' dir='ltr'><strong>mum</strong></span> <span class='ocrx_word' id='word_1_659' title='bbox 612 5530 743 5572; x_wconf 88' lang='lat' dir='ltr'><strong>eum</strong></span> <span class='ocrx_word' id='word_1_660' title='bbox 794 5533 922 5572; x_wconf 90' lang='lat' dir='ltr'><strong>esse</strong></span> <span class='ocrx_word' id='word_1_661' title='bbox 965 5533 1035 5572; x_wconf 81' lang='lat' dir='ltr'><strong>ex</strong></span> <span class='ocrx_word' id='word_1_662' title='bbox 1088 5517 1322 5574; x_wconf 85' lang='lat' dir='ltr'><strong>inscitia</strong></span> <span class='ocrx_word' id='word_1_663' title='bbox 1382 5519 1778 5590; x_wconf 84' lang='lat' dir='ltr'><strong>suspicantur,</strong></span> <span class='ocrx_word' id='word_1_664' title='bbox 1837 5520 1897 5575; x_wconf 90' lang='lat' dir='ltr'><strong>in</strong></span> <span class='ocrx_word' id='word_1_665' title='bbox 1947 5537 2063 5591; x_wconf 89' lang='lat' dir='ltr'><strong>quo</strong></span> 
     </span>
    </p>
   </div>
   <div class='ocr_carea' id='block_1_91' title="bbox 414 5600 2062 5679">
    <p class='ocr_par' dir='ltr' id='par_1_91' title="bbox 414 5600 2062 5679">
     <span class='ocr_line' id='line_1_92' title="bbox 414 5600 2062 5679; baseline 0.005 -22"><span class='ocrx_word' id='word_1_666' title='bbox 414 5600 829 5672; x_wconf 70' lang='lat' dir='ltr'><strong>mquinoctium</strong></span> <span class='ocrx_word' id='word_1_667' title='bbox 885 5621 1130 5662; x_wconf 87' lang='lat' dir='ltr'><strong>vernum</strong></span> <span class='ocrx_word' id='word_1_668' title='bbox 1182 5607 1377 5662; x_wconf 89' lang='lat' dir='ltr'><strong>solum</strong></span> <span class='ocrx_word' id='word_1_669' title='bbox 1432 5607 1556 5662; x_wconf 83' lang='lat' dir='ltr'><strong>ﬁeri</strong></span> <span class='ocrx_word' id='word_1_670' title='bbox 1600 5609 1928 5679; x_wconf 82' lang='lat' dir='ltr'><strong>contingit;</strong></span> <span class='ocrx_word' id='word_1_671' title='bbox 1989 5627 2062 5666; x_wconf 90' lang='lat' dir='ltr'><strong>an</strong></span> 
     </span>
    </p>
   </div>
   <div class='ocr_carea' id='block_1_92' title="bbox 411 5689 2064 5770">
    <p class='ocr_par' dir='ltr' id='par_1_92' title="bbox 411 5689 2064 5770">
     <span class='ocr_line' id='line_1_93' title="bbox 411 5689 2064 5770; baseline 0.006 -23"><span class='ocrx_word' id='word_1_672' title='bbox 411 5689 646 5770; x_wconf 84' lang='lat' dir='ltr'><strong>quidem</strong></span> <span class='ocrx_word' id='word_1_673' title='bbox 678 5697 813 5750; x_wconf 86' lang='lat' dir='ltr'><strong>ante</strong></span> <span class='ocrx_word' id='word_1_674' title='bbox 862 5695 1301 5769; x_wconf 70' lang='lat' dir='ltr'><strong>equinoctium,</strong></span> <span class='ocrx_word' id='word_1_675' title='bbox 1353 5713 1506 5754; x_wconf 89' lang='lat' dir='ltr'><strong>anne</strong></span> <span class='ocrx_word' id='word_1_676' title='bbox 1551 5701 1684 5770; x_wconf 88' lang='lat' dir='ltr'><strong>post</strong></span> <span class='ocrx_word' id='word_1_677' title='bbox 1732 5696 1874 5756; x_wconf 87' lang='lat' dir='ltr'><strong>illud</strong></span> <span class='ocrx_word' id='word_1_678' title='bbox 1923 5697 2064 5757; x_wconf 82' lang='lat' dir='ltr'><strong>luna</strong></span> 
     </span>
    </p>
   </div>
   <div class='ocr_carea' id='block_1_93' title="bbox 2177 3284 3820 3359">
    <p class='ocr_par' dir='ltr' id='par_1_93' title="bbox 2177 3284 3820 3359">
     <span class='ocr_line' id='line_1_94' title="bbox 2177 3284 3820 3359; baseline 0 -19"><span class='ocrx_word' id='word_1_679' title='bbox 2177 3289 2313 3341; x_wconf 87' lang='grc' dir='ltr'>κατὰ</span> <span class='ocrx_word' id='word_1_680' title='bbox 2363 3285 2672 3359; x_wconf 82' lang='grc' dir='ltr'>Ῥωμαίους</span> <span class='ocrx_word' id='word_1_681' title='bbox 2721 3285 3008 3359; x_wconf 79' lang='grc' dir='ltr'>χρώμεθα,</span> <span class='ocrx_word' id='word_1_682' title='bbox 3049 3285 3124 3346; x_wconf 87' lang='grc' dir='ltr'><strong>ὡς</strong></span> <span class='ocrx_word' id='word_1_683' title='bbox 3166 3289 3264 3338; x_wconf 86' lang='grc' dir='ltr'><strong>τοῦ</strong></span> <span class='ocrx_word' id='word_1_684' title='bbox 3309 3286 3568 3359; x_wconf 76' lang='grc' dir='ltr'>τετάρτου</span> <span class='ocrx_word' id='word_1_685' title='bbox 3599 3284 3679 3340; x_wconf 81' lang='grc' dir='ltr'>ἀεὶ</span> <span class='ocrx_word' id='word_1_686' title='bbox 3732 3306 3820 3340; x_wconf 85' lang='grc' dir='ltr'>τε-</span> 
     </span>
    </p>
   </div>
   <div class='ocr_carea' id='block_1_94' title="bbox 2178 3373 3820 3450">
    <p class='ocr_par' dir='ltr' id='par_1_94' title="bbox 2178 3373 3820 3450">
     <span class='ocr_line' id='line_1_95' title="bbox 2178 3373 3820 3450; baseline 0 -21"><span class='ocrx_word' id='word_1_687' title='bbox 2178 3373 2334 3430; x_wconf 87' lang='grc' dir='ltr'>λείου</span> <span class='ocrx_word' id='word_1_688' title='bbox 2364 3375 2817 3450; x_wconf 79' lang='grc' dir='ltr'>προσγινομένου,</span> <span class='ocrx_word' id='word_1_689' title='bbox 2849 3373 2938 3426; x_wconf 84' lang='grc' dir='ltr'><strong>καὶ</strong></span> <span class='ocrx_word' id='word_1_690' title='bbox 2979 3375 3124 3448; x_wconf 83' lang='grc' dir='ltr'><strong>παρά</strong></span> <span class='ocrx_word' id='word_1_691' title='bbox 3169 3377 3330 3429; x_wconf 87' lang='grc' dir='ltr'>τοῦτο</span> <span class='ocrx_word' id='word_1_692' title='bbox 3379 3375 3515 3428; x_wconf 86' lang='grc' dir='ltr'><strong>κατά</strong></span> <span class='ocrx_word' id='word_1_693' title='bbox 3559 3374 3820 3450; x_wconf 83' lang='grc' dir='ltr'>τέσσαρας</span> 
     </span>
    </p>
   </div>
   <div class='ocr_carea' id='block_1_95' title="bbox 2177 3463 3819 3539">
    <p class='ocr_par' dir='ltr' id='par_1_95' title="bbox 2177 3463 3819 3539">
     <span class='ocr_line' id='line_1_96' title="bbox 2177 3463 3819 3539; baseline 0 -19"><span class='ocrx_word' id='word_1_694' title='bbox 2177 3465 2446 3526; x_wconf 78' lang='grc' dir='ltr'>ἐνιαυτοὺς</span> <span class='ocrx_word' id='word_1_695' title='bbox 2507 3465 2633 3538; x_wconf 88' lang='grc' dir='ltr'>μίαν</span> <span class='ocrx_word' id='word_1_696' title='bbox 2691 3463 2900 3538; x_wconf 77' lang='grc' dir='ltr'>ἡμέραν</span> <span class='ocrx_word' id='word_1_697' title='bbox 2973 3468 3092 3525; x_wconf 89' lang='grc' dir='ltr'>ταῖς</span> <span class='ocrx_word' id='word_1_698' title='bbox 3159 3464 3260 3535; x_wconf 77' lang='grc' dir='ltr'>τξε⁹</span> <span class='ocrx_word' id='word_1_699' title='bbox 3329 3464 3710 3539; x_wconf 82' lang='grc' dir='ltr'>προστίθεμεν,</span> <span class='ocrx_word' id='word_1_700' title='bbox 3767 3465 3819 3536; x_wconf 78' lang='grc' dir='ltr'><strong>ἐξ</strong></span> 
     </span>
    </p>
   </div>
   <div class='ocr_carea' id='block_1_96' title="bbox 2177 3550 3819 3632">
    <p class='ocr_par' dir='ltr' id='par_1_96' title="bbox 2177 3550 3819 3632">
     <span class='ocr_line' id='line_1_97' title="bbox 2177 3550 3819 3632; baseline 0.001 -23"><span class='ocrx_word' id='word_1_701' title='bbox 2177 3555 2415 3632; x_wconf 69' lang='grc' dir='ltr'>ἀνάγκης</span> <span class='ocrx_word' id='word_1_702' title='bbox 2441 3556 2540 3624; x_wconf 83' lang='grc' dir='ltr'><strong>τήν</strong></span> <span class='ocrx_word' id='word_1_703' title='bbox 2594 3555 2879 3628; x_wconf 78' lang='grc' dir='ltr'>ἰσημερίαν</span> <span class='ocrx_word' id='word_1_704' title='bbox 2941 3550 3224 3626; x_wconf 66' lang='grc' dir='ltr'>συμϐαίνει</span> <span class='ocrx_word' id='word_1_705' title='bbox 3283 3552 3335 3609; x_wconf 81' lang='grc' dir='ltr'><strong>έν</strong></span> <span class='ocrx_word' id='word_1_706' title='bbox 3379 3561 3494 3616; x_wconf 79' lang='grc' dir='ltr'>τοῖς</span> <span class='ocrx_word' id='word_1_707' title='bbox 3538 3556 3585 3610; x_wconf 85' lang='grc' dir='ltr'>τ’</span> <span class='ocrx_word' id='word_1_708' title='bbox 3641 3555 3819 3610; x_wconf 77' lang='grc' dir='ltr'>ἐνιαυ-</span> 
     </span>
    </p>
   </div>
   <div class='ocr_carea' id='block_1_97' title="bbox 2175 3642 3823 3719">
    <p class='ocr_par' dir='ltr' id='par_1_97' title="bbox 2175 3642 3823 3719">
     <span class='ocr_line' id='line_1_98' title="bbox 2175 3642 3823 3719; baseline -0.002 -17"><span class='ocrx_word' id='word_1_709' title='bbox 2175 3653 2292 3708; x_wconf 87' lang='grc' dir='ltr'>τοῖς</span> <span class='ocrx_word' id='word_1_710' title='bbox 2333 3647 2436 3719; x_wconf 88' lang='grc' dir='ltr'>πρὸ</span> <span class='ocrx_word' id='word_1_711' title='bbox 2490 3651 2616 3717; x_wconf 76' lang='grc' dir='ltr'>μιᾶς</span> <span class='ocrx_word' id='word_1_712' title='bbox 2667 3643 2880 3718; x_wconf 71' lang='grc' dir='ltr'>ἡμέρας</span> <span class='ocrx_word' id='word_1_713' title='bbox 2929 3643 3188 3716; x_wconf 88' lang='grc' dir='ltr'>γίνεσθαι.</span> <span class='ocrx_word' id='word_1_714' title='bbox 3241 3645 3366 3698; x_wconf 76' lang='grc' dir='ltr'>Οἶον</span> <span class='ocrx_word' id='word_1_715' title='bbox 3417 3642 3531 3698; x_wconf 79' lang='grc' dir='ltr'>ἐπεὶ</span> <span class='ocrx_word' id='word_1_716' title='bbox 3574 3643 3712 3699; x_wconf 83' lang='grc' dir='ltr'>κατᾶ</span> <span class='ocrx_word' id='word_1_717' title='bbox 3759 3645 3823 3700; x_wconf 83' lang='grc' dir='ltr'><strong>τὸ</strong></span> 
     </span>
    </p>
   </div>
   <div class='ocr_carea' id='block_1_98' title="bbox 2176 3729 3822 3810">
    <p class='ocr_par' dir='ltr' id='par_1_98' title="bbox 2176 3729 3822 3810">
     <span class='ocr_line' id='line_1_99' title="bbox 2176 3729 3822 3810; baseline -0.002 -20"><span class='ocrx_word' id='word_1_718' title='bbox 2176 3738 2344 3810; x_wconf 84' lang='grc' dir='ltr'>παρὸν</span> <span class='ocrx_word' id='word_1_719' title='bbox 2471 3732 2725 3806; x_wconf 62' lang='grc' dir='ltr'>ἰσημερία</span> <span class='ocrx_word' id='word_1_720' title='bbox 2775 3729 3184 3806; x_wconf 79' lang='grc' dir='ltr'>ἐπιλελὸγισται</span> <span class='ocrx_word' id='word_1_721' title='bbox 3234 3735 3368 3805; x_wconf 76' lang='grc' dir='ltr'>ἡμῖν</span> <span class='ocrx_word' id='word_1_722' title='bbox 3419 3733 3680 3806; x_wconf 78' lang='grc' dir='ltr'>γινομένη</span> <span class='ocrx_word' id='word_1_723' title='bbox 3751 3737 3822 3807; x_wconf 82' lang='grc' dir='ltr'><strong>τῇ</strong></span> 
     </span>
    </p>
   </div>
   <div class='ocr_carea' id='block_1_99' title="bbox 2178 3820 3826 3895">
    <p class='ocr_par' dir='ltr' id='par_1_99' title="bbox 2178 3820 3826 3895">
     <span class='ocr_line' id='line_1_100' title="bbox 2178 3820 3826 3895; baseline 0 -19"><span class='ocrx_word' id='word_1_724' title='bbox 2178 3820 2617 3895; x_wconf 71' lang='grc' dir='ltr'>ὀκτωκαιδεκάτῃ</span> <span class='ocrx_word' id='word_1_725' title='bbox 2667 3829 2766 3874; x_wconf 75' lang='grc' dir='ltr'><strong>τοῦ</strong></span> <span class='ocrx_word' id='word_1_726' title='bbox 2819 3820 3061 3893; x_wconf 80' lang='grc' dir='ltr'>Μαρτίου</span> <span class='ocrx_word' id='word_1_727' title='bbox 3113 3821 3307 3892; x_wconf 76' lang='grc' dir='ltr'>μηνὸς,</span> <span class='ocrx_word' id='word_1_728' title='bbox 3357 3822 3491 3892; x_wconf 84' lang='grc' dir='ltr'><strong>μετά</strong></span> <span class='ocrx_word' id='word_1_729' title='bbox 3539 3821 3826 3895; x_wconf 76' lang='grc' dir='ltr'>τριακόσια</span> 
     </span>
    </p>
   </div>
   <div class='ocr_carea' id='block_1_100' title="bbox 2173 3906 3827 3984">
    <p class='ocr_par' dir='ltr' id='par_1_100' title="bbox 2173 3906 3827 3984">
     <span class='ocr_line' id='line_1_101' title="bbox 2173 3906 3827 3984; baseline -0.002 -18"><span class='ocrx_word' id='word_1_730' title='bbox 2173 3912 2264 3980; x_wconf 81' lang='grc' dir='ltr'>ἔτη</span> <span class='ocrx_word' id='word_1_731' title='bbox 2300 3907 2445 3965; x_wconf 73' lang='grc' dir='ltr'>ἔσται</span> <span class='ocrx_word' id='word_1_732' title='bbox 2483 3915 2551 3984; x_wconf 77' lang='grc' dir='ltr'>τῇ</span> <span class='ocrx_word' id='word_1_733' title='bbox 2583 3906 3010 3982; x_wconf 65' lang='grc' dir='ltr'>ἑπτακαιδεκάτῃ</span> <span class='ocrx_word' id='word_1_734' title='bbox 3039 3929 3052 3942; x_wconf 89' lang='grc'><strong>·</strong></span> <span class='ocrx_word' id='word_1_735' title='bbox 3079 3911 3194 3963; x_wconf 70' lang='grc' dir='ltr'>εἶτα</span> <span class='ocrx_word' id='word_1_736' title='bbox 3237 3911 3373 3981; x_wconf 81' lang='grc' dir='ltr'>μετᾶ</span> <span class='ocrx_word' id='word_1_737' title='bbox 3427 3907 3582 3982; x_wconf 79' lang='grc' dir='ltr'>’έτερα</span> <span class='ocrx_word' id='word_1_738' title='bbox 3632 3915 3827 3964; x_wconf 76' lang='grc' dir='ltr'>τοσαῦο</span> 
     </span>
    </p>
   </div>
   <div class='ocr_carea' id='block_1_101' title="bbox 2173 3996 3826 4075">
    <p class='ocr_par' dir='ltr' id='par_1_101' title="bbox 2173 3996 3826 4075">
     <span class='ocr_line' id='line_1_102' title="bbox 2173 3996 3826 4075; baseline -0.001 -21"><span class='ocrx_word' id='word_1_739' title='bbox 2173 4022 2258 4068; x_wconf 89' lang='grc' dir='ltr'><strong>τα,</strong></span> <span class='ocrx_word' id='word_1_740' title='bbox 2289 4006 2357 4075; x_wconf 79' lang='grc' dir='ltr'>τῇ</span> <span class='ocrx_word' id='word_1_741' title='bbox 2390 3997 2583 4066; x_wconf 71' lang='grc' dir='ltr'>δεκάτη</span> <span class='ocrx_word' id='word_1_742' title='bbox 2619 3996 2769 4071; x_wconf 70' lang='grc' dir='ltr'>ἕκτῃ,</span> <span class='ocrx_word' id='word_1_743' title='bbox 2800 4000 2888 4052; x_wconf 72' lang='grc' dir='ltr'>καί</span> <span class='ocrx_word' id='word_1_744' title='bbox 2923 3998 3097 4059; x_wconf 72' lang='grc' dir='ltr'>οὕτως</span> <span class='ocrx_word' id='word_1_745' title='bbox 3129 3997 3233 4056; x_wconf 81' lang='grc' dir='ltr'>ἀεί.</span> <span class='ocrx_word' id='word_1_746' title='bbox 3270 3999 3368 4052; x_wconf 78' lang='grc' dir='ltr'><strong>Καὶ</strong></span> <span class='ocrx_word' id='word_1_747' title='bbox 3398 4000 3500 4074; x_wconf 78' lang='grc' dir='ltr'><strong>γὰρ</strong></span> <span class='ocrx_word' id='word_1_748' title='bbox 3530 3998 3666 4053; x_wconf 81' lang='grc' dir='ltr'>κατᾶ</span> <span class='ocrx_word' id='word_1_749' title='bbox 3694 3999 3826 4062; x_wconf 73' lang='grc' dir='ltr'>τοὺς</span> 
     </span>
    </p>
   </div>
   <div class='ocr_carea' id='block_1_102' title="bbox 2173 4082 3826 4166">
    <p class='ocr_par' dir='ltr' id='par_1_102' title="bbox 2173 4082 3826 4166">
     <span class='ocr_line' id='line_1_103' title="bbox 2173 4082 3826 4166; baseline 0.001 -23"><span class='ocrx_word' id='word_1_750' title='bbox 2173 4091 2406 4166; x_wconf 73' lang='grc' dir='ltr'>γρὸνους</span> <span class='ocrx_word' id='word_1_751' title='bbox 2455 4082 2878 4162; x_wconf 68' lang='grc' dir='ltr'>Ναϐουνασάρου</span> <span class='ocrx_word' id='word_1_752' title='bbox 2952 4093 3076 4161; x_wconf 89' lang='grc' dir='ltr'>περὶ</span> <span class='ocrx_word' id='word_1_753' title='bbox 3141 4087 3294 4157; x_wconf 74' lang='grc' dir='ltr'>λῆξιν</span> <span class='ocrx_word' id='word_1_754' title='bbox 3351 4086 3600 4164; x_wconf 75' lang='grc' dir='ltr'>ἐσπερίαν</span> <span class='ocrx_word' id='word_1_755' title='bbox 3654 4089 3826 4165; x_wconf 65' lang='grc' dir='ltr'>έτῦγα-</span> 
     </span>
    </p>
   </div>
   <div class='ocr_carea' id='block_1_103' title="bbox 2171 4173 3821 4256">
    <p class='ocr_par' dir='ltr' id='par_1_103' title="bbox 2171 4173 3821 4256">
     <span class='ocr_line' id='line_1_104' title="bbox 2171 4173 3821 4256; baseline 0 -22"><span class='ocrx_word' id='word_1_756' title='bbox 2171 4201 2335 4256; x_wconf 88' lang='grc' dir='ltr'>χανεν</span> <span class='ocrx_word' id='word_1_757' title='bbox 2365 4178 2497 4233; x_wconf 68' lang='grc' dir='ltr'>οὖσα</span> <span class='ocrx_word' id='word_1_758' title='bbox 2525 4184 2624 4245; x_wconf 77' lang='grc' dir='ltr'><strong>τῆς</strong></span> <span class='ocrx_word' id='word_1_759' title='bbox 2653 4181 2748 4232; x_wconf 89' lang='grc' dir='ltr'><strong>τοῦ</strong></span> <span class='ocrx_word' id='word_1_760' title='bbox 2782 4175 3025 4250; x_wconf 78' lang='grc' dir='ltr'>Μαρτίου</span> <span class='ocrx_word' id='word_1_761' title='bbox 3077 4173 3332 4247; x_wconf 81' lang='grc' dir='ltr'>πέμπτης</span> <span class='ocrx_word' id='word_1_762' title='bbox 3376 4177 3467 4232; x_wconf 85' lang='grc' dir='ltr'><strong>καὶ</strong></span> <span class='ocrx_word' id='word_1_763' title='bbox 3515 4177 3769 4244; x_wconf 77' lang='grc' dir='ltr'>εἰκοστῆς</span> <span class='ocrx_word' id='word_1_764' title='bbox 3805 4196 3821 4208; x_wconf 81' lang='grc'><strong>⁸</strong></span> 
     </span>
    </p>
   </div>
   <div class='ocr_carea' id='block_1_104' title="bbox 2171 4263 3820 4341">
    <p class='ocr_par' dir='ltr' id='par_1_104' title="bbox 2171 4263 3820 4341">
     <span class='ocr_line' id='line_1_105' title="bbox 2171 4263 3820 4341; baseline -0.001 -18"><span class='ocrx_word' id='word_1_765' title='bbox 2171 4270 2222 4324; x_wconf 83' lang='grc' dir='ltr'>ἐν</span> <span class='ocrx_word' id='word_1_766' title='bbox 2258 4268 2314 4323; x_wconf 75' lang='grc' dir='ltr'>δὲ</span> <span class='ocrx_word' id='word_1_767' title='bbox 2341 4272 2458 4329; x_wconf 86' lang='grc' dir='ltr'>τοῖς</span> <span class='ocrx_word' id='word_1_768' title='bbox 2490 4265 2778 4322; x_wconf 77' lang='grc' dir='ltr'>Φιλίππου</span> <span class='ocrx_word' id='word_1_769' title='bbox 2807 4269 2904 4320; x_wconf 85' lang='grc' dir='ltr'><strong>τοῦ</strong></span> <span class='ocrx_word' id='word_1_770' title='bbox 2954 4263 3253 4338; x_wconf 82' lang='grc' dir='ltr'>Ἀριδαίου,</span> <span class='ocrx_word' id='word_1_771' title='bbox 3292 4265 3414 4340; x_wconf 84' lang='grc' dir='ltr'>περὶ</span> <span class='ocrx_word' id='word_1_772' title='bbox 3467 4265 3820 4341; x_wconf 74' lang='grc' dir='ltr'>μεσημϐρίαν</span> 
     </span>
    </p>
   </div>
   <div class='ocr_carea' id='block_1_105' title="bbox 2169 4353 3822 4431">
    <p class='ocr_par' dir='ltr' id='par_1_105' title="bbox 2169 4353 3822 4431">
     <span class='ocr_line' id='line_1_106' title="bbox 2169 4353 3822 4431; baseline -0.001 -18"><span class='ocrx_word' id='word_1_773' title='bbox 2169 4365 2268 4428; x_wconf 81' lang='grc' dir='ltr'>τῆς</span> <span class='ocrx_word' id='word_1_774' title='bbox 2298 4359 2560 4430; x_wconf 73' lang='grc' dir='ltr'>τετάρτης</span> <span class='ocrx_word' id='word_1_775' title='bbox 2604 4357 2695 4410; x_wconf 76' lang='grc' dir='ltr'><strong>καὶ</strong></span> <span class='ocrx_word' id='word_1_776' title='bbox 2744 4356 2995 4423; x_wconf 67' lang='grc' dir='ltr'>εἰκοστῆς</span> <span class='ocrx_word' id='word_1_777' title='bbox 3055 4353 3239 4410; x_wconf 81' lang='grc' dir='ltr'>αὐτοῦ.</span> <span class='ocrx_word' id='word_1_778' title='bbox 3292 4356 3480 4410; x_wconf 85' lang='grc' dir='ltr'>Ἡνίκα</span> <span class='ocrx_word' id='word_1_779' title='bbox 3529 4354 3584 4410; x_wconf 76' lang='grc' dir='ltr'>δὲ</span> <span class='ocrx_word' id='word_1_780' title='bbox 3615 4357 3643 4410; x_wconf 86' lang='grc' dir='ltr'>ὁ</span> <span class='ocrx_word' id='word_1_781' title='bbox 3681 4363 3822 4431; x_wconf 75' lang='grc' dir='ltr'>Χρι-</span> 
     </span>
    </p>
   </div>
   <div class='ocr_carea' id='block_1_106' title="bbox 2167 4445 3822 4520">
    <p class='ocr_par' dir='ltr' id='par_1_106' title="bbox 2167 4445 3822 4520">
     <span class='ocr_line' id='line_1_107' title="bbox 2167 4445 3822 4520; baseline 0 -19"><span class='ocrx_word' id='word_1_782' title='bbox 2167 4449 2291 4510; x_wconf 86' lang='grc' dir='ltr'>στὸς</span> <span class='ocrx_word' id='word_1_783' title='bbox 2318 4447 2410 4502; x_wconf 85' lang='grc' dir='ltr'>τὸν</span> <span class='ocrx_word' id='word_1_784' title='bbox 2441 4447 2712 4519; x_wconf 71' lang='grc' dir='ltr'>σωτήριον</span> <span class='ocrx_word' id='word_1_785' title='bbox 2741 4445 2872 4518; x_wconf 76' lang='grc' dir='ltr'>ὑπὲρ</span> <span class='ocrx_word' id='word_1_786' title='bbox 2894 4447 3054 4516; x_wconf 75' lang='grc' dir='ltr'>ἡμῶν</span> <span class='ocrx_word' id='word_1_787' title='bbox 3085 4445 3364 4520; x_wconf 73' lang='grc' dir='ltr'>ὑπήρχετο</span> <span class='ocrx_word' id='word_1_788' title='bbox 3409 4446 3660 4512; x_wconf 72' lang='grc' dir='ltr'>θάνατον,</span> <span class='ocrx_word' id='word_1_789' title='bbox 3689 4448 3822 4518; x_wconf 85' lang='grc' dir='ltr'>περὶ</span> 
     </span>
    </p>
   </div>
   <div class='ocr_carea' id='block_1_107' title="bbox 2171 4531 3822 4611">
    <p class='ocr_par' dir='ltr' id='par_1_107' title="bbox 2171 4531 3822 4611">
     <span class='ocr_line' id='line_1_108' title="bbox 2171 4531 3822 4611; baseline -0.002 -18"><span class='ocrx_word' id='word_1_790' title='bbox 2171 4540 2338 4611; x_wconf 81' lang='grc' dir='ltr'>μέσην</span> <span class='ocrx_word' id='word_1_791' title='bbox 2370 4536 2530 4590; x_wconf 76' lang='grc' dir='ltr'>νύκτα</span> <span class='ocrx_word' id='word_1_792' title='bbox 2575 4541 2676 4604; x_wconf 83' lang='grc' dir='ltr'><strong>τῆς</strong></span> <span class='ocrx_word' id='word_1_793' title='bbox 2715 4535 2800 4610; x_wconf 84' lang='grc' dir='ltr'>κγ’</span> <span class='ocrx_word' id='word_1_794' title='bbox 2850 4537 2946 4588; x_wconf 86' lang='grc' dir='ltr'><strong>τοῦ</strong></span> <span class='ocrx_word' id='word_1_795' title='bbox 2989 4533 3153 4588; x_wconf 77' lang='grc' dir='ltr'>αὐτοῦ</span> <span class='ocrx_word' id='word_1_796' title='bbox 3196 4533 3372 4607; x_wconf 80' lang='grc' dir='ltr'>μηνός</span> <span class='ocrx_word' id='word_1_797' title='bbox 3405 4553 3418 4566; x_wconf 81' lang='grc'><strong><em>⁸</em></strong></span> <span class='ocrx_word' id='word_1_798' title='bbox 3453 4532 3532 4608; x_wconf 82' lang='grc' dir='ltr'><strong>ἐφ’</strong></span> <span class='ocrx_word' id='word_1_799' title='bbox 3561 4536 3726 4607; x_wconf 69' lang='grc' dir='ltr'>ἡμῶν</span> <span class='ocrx_word' id='word_1_800' title='bbox 3758 4531 3822 4590; x_wconf 70' lang='grc' dir='ltr'>δὲ</span> 
     </span>
    </p>
   </div>
   <div class='ocr_carea' id='block_1_108' title="bbox 2089 4608 3819 4698">
    <p class='ocr_par' dir='ltr' id='par_1_108' title="bbox 2089 4608 3819 4698">
     <span class='ocr_line' id='line_1_109' title="bbox 2089 4608 3819 4698; baseline 0 -19"><span class='ocrx_word' id='word_1_801' title='bbox 2089 4608 2140 4672; x_wconf 83' lang='lat' dir='ltr'><strong>D</strong></span> <span class='ocrx_word' id='word_1_802' title='bbox 2171 4608 2288 4695; x_wconf 84' lang='grc' dir='ltr'>νῦν,</span> <span class='ocrx_word' id='word_1_803' title='bbox 2319 4625 2393 4686; x_wconf 83' lang='grc' dir='ltr'>ὡς</span> <span class='ocrx_word' id='word_1_804' title='bbox 2425 4620 2892 4696; x_wconf 72' lang='grc' dir='ltr'>δεδηλιι›ται,περί</span> <span class='ocrx_word' id='word_1_805' title='bbox 2921 4623 3127 4691; x_wconf 77' lang='grc' dir='ltr'>πουτὴν</span> <span class='ocrx_word' id='word_1_806' title='bbox 3147 4618 3374 4692; x_wconf 84' lang='grc' dir='ltr'>δεκάτην</span> <span class='ocrx_word' id='word_1_807' title='bbox 3399 4620 3602 4698; x_wconf 61' lang='grc' dir='ltr'>ὀγδῦην</span> <span class='ocrx_word' id='word_1_808' title='bbox 3627 4622 3819 4680; x_wconf 83' lang='grc' dir='ltr'>αὐτοῦ.</span> 
     </span>
    </p>
   </div>
   <div class='ocr_carea' id='block_1_109' title="bbox 2236 4707 3821 4789">
    <p class='ocr_par' dir='ltr' id='par_1_109' title="bbox 2236 4707 3821 4789">
     <span class='ocr_line' id='line_1_110' title="bbox 2236 4707 3821 4789; baseline -0.001 -19"><span class='ocrx_word' id='word_1_809' title='bbox 2236 4717 2303 4771; x_wconf 74' lang='grc' dir='ltr'><strong>Οἱ</strong></span> <span class='ocrx_word' id='word_1_810' title='bbox 2338 4716 2431 4786; x_wconf 74' lang='grc' dir='ltr'>μὲν</span> <span class='ocrx_word' id='word_1_811' title='bbox 2465 4712 2555 4767; x_wconf 78' lang='grc' dir='ltr'><strong>οῦν</strong></span> <span class='ocrx_word' id='word_1_812' title='bbox 2603 4712 2933 4789; x_wconf 83' lang='grc' dir='ltr'>λογιώτεροι</span> <span class='ocrx_word' id='word_1_813' title='bbox 2961 4716 3068 4766; x_wconf 83' lang='grc' dir='ltr'><strong>τῶν</strong></span> <span class='ocrx_word' id='word_1_814' title='bbox 3098 4707 3394 4785; x_wconf 75' lang='grc' dir='ltr'>Ἑϐραίων,</span> <span class='ocrx_word' id='word_1_815' title='bbox 3431 4713 3520 4766; x_wconf 77' lang='grc' dir='ltr'><strong>καὶ</strong></span> <span class='ocrx_word' id='word_1_816' title='bbox 3575 4713 3821 4784; x_wconf 67' lang='grc' dir='ltr'>μάλιστα</span> 
     </span>
    </p>
   </div>
   <div class='ocr_carea' id='block_1_110' title="bbox 2167 4800 3823 4872">
    <p class='ocr_par' dir='ltr' id='par_1_110' title="bbox 2167 4800 3823 4872">
     <span class='ocr_line' id='line_1_111' title="bbox 2167 4800 3823 4872; baseline 0.001 -14"><span class='ocrx_word' id='word_1_817' title='bbox 2167 4805 2218 4858; x_wconf 81' lang='lat' dir='ltr'><strong>o&#39;t</strong></span> <span class='ocrx_word' id='word_1_818' title='bbox 2265 4805 2364 4872; x_wconf 76' lang='grc' dir='ltr'>τήν</span> <span class='ocrx_word' id='word_1_819' title='bbox 2415 4800 2678 4859; x_wconf 77' lang='grc' dir='ltr'>Ἰουδαίαν</span> <span class='ocrx_word' id='word_1_820' title='bbox 2737 4802 3035 4869; x_wconf 73' lang='grc' dir='ltr'>οἰκοῦττες,</span> <span class='ocrx_word' id='word_1_821' title='bbox 3089 4803 3206 4864; x_wconf 82' lang='grc' dir='ltr'>οἷος</span> <span class='ocrx_word' id='word_1_822' title='bbox 3258 4802 3324 4870; x_wconf 82' lang='grc' dir='ltr'><strong>ἧν</strong></span> <span class='ocrx_word' id='word_1_823' title='bbox 3397 4801 3667 4871; x_wconf 82' lang='grc' dir='ltr'>Ἰώσηπος</span> <span class='ocrx_word' id='word_1_824' title='bbox 3723 4804 3823 4859; x_wconf 80' lang='grc' dir='ltr'><strong>καὶ</strong></span> 
     </span>
    </p>
   </div>
   <div class='ocr_carea' id='block_1_111' title="bbox 2170 4889 3824 4968">
    <p class='ocr_par' dir='ltr' id='par_1_111' title="bbox 2170 4889 3824 4968">
     <span class='ocr_line' id='line_1_112' title="bbox 2170 4889 3824 4968; baseline -0.001 -21"><span class='ocrx_word' id='word_1_825' title='bbox 2170 4891 2382 4964; x_wconf 76' lang='grc' dir='ltr'>Φίλων,</span> <span class='ocrx_word' id='word_1_826' title='bbox 2415 4889 2604 4964; x_wconf 82' lang='grc' dir='ltr'>ἄνδρες</span> <span class='ocrx_word' id='word_1_827' title='bbox 2648 4891 2977 4968; x_wconf 86' lang='grc' dir='ltr'>φιλοσοφίας</span> <span class='ocrx_word' id='word_1_828' title='bbox 3025 4891 3242 4960; x_wconf 77' lang='grc' dir='ltr'>ἁπάσης</span> <span class='ocrx_word' id='word_1_829' title='bbox 3291 4890 3372 4944; x_wconf 80' lang='grc' dir='ltr'><strong>ἐπ’</strong></span> <span class='ocrx_word' id='word_1_830' title='bbox 3414 4889 3576 4963; x_wconf 75' lang='grc' dir='ltr'>ἄκρον</span> <span class='ocrx_word' id='word_1_831' title='bbox 3607 4889 3824 4961; x_wconf 78' lang='grc' dir='ltr'>ἐληλα-</span> 
     </span>
    </p>
   </div>
   <div class='ocr_carea' id='block_1_112' title="bbox 2170 4978 3824 5054">
    <p class='ocr_par' dir='ltr' id='par_1_112' title="bbox 2170 4978 3824 5054">
     <span class='ocr_line' id='line_1_113' title="bbox 2170 4978 3824 5054; baseline 0.001 -19"><span class='ocrx_word' id='word_1_832' title='bbox 2170 4984 2345 5048; x_wconf 76' lang='grc' dir='ltr'>κότες,</span> <span class='ocrx_word' id='word_1_833' title='bbox 2380 4979 2477 5034; x_wconf 69' lang='grc' dir='ltr'><strong>οὐκ</strong></span> <span class='ocrx_word' id='word_1_834' title='bbox 2507 4979 2686 5051; x_wconf 79' lang='grc' dir='ltr'>ᾤοντο</span> <span class='ocrx_word' id='word_1_835' title='bbox 2720 4979 2828 5034; x_wconf 81' lang='grc' dir='ltr'>δεῖν</span> <span class='ocrx_word' id='word_1_836' title='bbox 2861 4980 2966 5051; x_wconf 84' lang='grc' dir='ltr'><strong>πρὸ</strong></span> <span class='ocrx_word' id='word_1_837' title='bbox 2996 4986 3096 5048; x_wconf 78' lang='grc' dir='ltr'>τῆς</span> <span class='ocrx_word' id='word_1_838' title='bbox 3157 4978 3452 5054; x_wconf 83' lang='grc' dir='ltr'>ἰσημερίας</span> <span class='ocrx_word' id='word_1_839' title='bbox 3480 4980 3543 5033; x_wconf 85' lang='grc' dir='ltr'><strong>τὸ</strong></span> <span class='ocrx_word' id='word_1_840' title='bbox 3589 4982 3824 5051; x_wconf 82' lang='grc' dir='ltr'>νομικὸν</span> 
     </span>
    </p>
   </div>
   <div class='ocr_carea' id='block_1_113' title="bbox 2172 5065 3824 5148">
    <p class='ocr_par' dir='ltr' id='par_1_113' title="bbox 2172 5065 3824 5148">
     <span class='ocr_line' id='line_1_114' title="bbox 2172 5065 3824 5148; baseline 0 -24"><span class='ocrx_word' id='word_1_841' title='bbox 2172 5070 2314 5144; x_wconf 82' lang='grc' dir='ltr'>ἄγειν</span> <span class='ocrx_word' id='word_1_842' title='bbox 2351 5071 2565 5143; x_wconf 66' lang='grc' dir='ltr'>Πάσχα.</span> <span class='ocrx_word' id='word_1_843' title='bbox 2599 5069 2765 5124; x_wconf 75' lang='grc' dir='ltr'>Αὐτοὶ</span> <span class='ocrx_word' id='word_1_844' title='bbox 2798 5067 2901 5146; x_wconf 81' lang='grc' dir='ltr'><strong>γὰρ</strong></span> <span class='ocrx_word' id='word_1_845' title='bbox 2953 5068 3108 5123; x_wconf 84' lang='grc' dir='ltr'>οὗτοί</span> <span class='ocrx_word' id='word_1_846' title='bbox 3141 5089 3270 5148; x_wconf 85' lang='grc' dir='ltr'>φασι</span> <span class='ocrx_word' id='word_1_847' title='bbox 3323 5067 3432 5122; x_wconf 88' lang='grc' dir='ltr'>δεῖν</span> <span class='ocrx_word' id='word_1_848' title='bbox 3464 5069 3528 5123; x_wconf 76' lang='grc' dir='ltr'><strong>τὰ</strong></span> <span class='ocrx_word' id='word_1_849' title='bbox 3563 5065 3824 5140; x_wconf 71' lang='grc' dir='ltr'>διαϐατή-</span> 
     </span>
    </p>
   </div>
   <div class='ocr_carea' id='block_1_114' title="bbox 2175 5156 3822 5232">
    <p class='ocr_par' dir='ltr' id='par_1_114' title="bbox 2175 5156 3822 5232">
     <span class='ocr_line' id='line_1_115' title="bbox 2175 5156 3822 5232; baseline 0 -20"><span class='ocrx_word' id='word_1_850' title='bbox 2175 5179 2262 5232; x_wconf 85' lang='grc' dir='ltr'><strong>ρια</strong></span> <span class='ocrx_word' id='word_1_851' title='bbox 2295 5159 2436 5211; x_wconf 70' lang='grc' dir='ltr'>θύειν</span> <span class='ocrx_word' id='word_1_852' title='bbox 2493 5156 2682 5226; x_wconf 73' lang='grc' dir='ltr'>ἐπίσης</span> <span class='ocrx_word' id='word_1_853' title='bbox 2741 5157 2978 5218; x_wconf 78' lang='grc' dir='ltr'>ἅπαντας</span> <span class='ocrx_word' id='word_1_854' title='bbox 3040 5159 3173 5230; x_wconf 77' lang='grc' dir='ltr'>μετὰ</span> <span class='ocrx_word' id='word_1_855' title='bbox 3238 5158 3524 5231; x_wconf 80' lang='grc' dir='ltr'>ἰσημερίαν</span> <span class='ocrx_word' id='word_1_856' title='bbox 3576 5157 3822 5232; x_wconf 72' lang='grc' dir='ltr'>ἒαρινήν,</span> 
     </span>
    </p>
   </div>
   <div class='ocr_carea' id='block_1_115' title="bbox 2178 5246 3820 5322">
    <p class='ocr_par' dir='ltr' id='par_1_115' title="bbox 2178 5246 3820 5322">
     <span class='ocr_line' id='line_1_116' title="bbox 2178 5246 3820 5322; baseline 0.001 -20"><span class='ocrx_word' id='word_1_857' title='bbox 2178 5252 2465 5321; x_wconf 73' lang='grc' dir='ltr'>μεσοῦντος</span> <span class='ocrx_word' id='word_1_858' title='bbox 2511 5251 2608 5302; x_wconf 92' lang='grc' dir='ltr'><strong>τοῦ</strong></span> <span class='ocrx_word' id='word_1_859' title='bbox 2656 5248 2878 5322; x_wconf 87' lang='grc' dir='ltr'>πρώτου</span> <span class='ocrx_word' id='word_1_860' title='bbox 2938 5248 3131 5319; x_wconf 85' lang='grc' dir='ltr'>μηνός.</span> <span class='ocrx_word' id='word_1_861' title='bbox 3193 5248 3259 5302; x_wconf 74' lang='grc' dir='ltr'><strong>Οἱ</strong></span> <span class='ocrx_word' id='word_1_862' title='bbox 3319 5246 3376 5301; x_wconf 79' lang='grc' dir='ltr'>δὲ</span> <span class='ocrx_word' id='word_1_863' title='bbox 3433 5247 3820 5322; x_wconf 78' lang='grc' dir='ltr'>ἀγροικότερον</span> 
     </span>
    </p>
   </div>
   <div class='ocr_carea' id='block_1_116' title="bbox 2174 5333 3824 5412">
    <p class='ocr_par' dir='ltr' id='par_1_116' title="bbox 2174 5333 3824 5412">
     <span class='ocr_line' id='line_1_117' title="bbox 2174 5333 3824 5412; baseline 0.001 -22"><span class='ocrx_word' id='word_1_864' title='bbox 2174 5336 2524 5408; x_wconf 78' lang='grc' dir='ltr'>διακείμενοι,</span> <span class='ocrx_word' id='word_1_865' title='bbox 2577 5336 2666 5390; x_wconf 86' lang='grc' dir='ltr'>καὶ</span> <span class='ocrx_word' id='word_1_866' title='bbox 2717 5343 2966 5411; x_wconf 82' lang='grc' dir='ltr'>πανταχῆ</span> <span class='ocrx_word' id='word_1_867' title='bbox 3014 5343 3114 5405; x_wconf 81' lang='grc' dir='ltr'><strong>τῆς</strong></span> <span class='ocrx_word' id='word_1_868' title='bbox 3174 5335 3501 5407; x_wconf 69' lang='grc' dir='ltr'>οἰκουμένης</span> <span class='ocrx_word' id='word_1_869' title='bbox 3559 5333 3824 5412; x_wconf 87' lang='grc' dir='ltr'>διεσπαρ-</span> 
     </span>
    </p>
   </div>
   <div class='ocr_carea' id='block_1_117' title="bbox 2174 5419 3822 5500">
    <p class='ocr_par' dir='ltr' id='par_1_117' title="bbox 2174 5419 3822 5500">
     <span class='ocr_line' id='line_1_118' title="bbox 2174 5419 3822 5500; baseline 0.001 -20"><span class='ocrx_word' id='word_1_870' title='bbox 2174 5426 2349 5500; x_wconf 79' lang='grc' dir='ltr'>μένοι,</span> <span class='ocrx_word' id='word_1_871' title='bbox 2398 5431 2612 5500; x_wconf 72' lang='grc' dir='ltr'>πρῶτον</span> <span class='ocrx_word' id='word_1_872' title='bbox 2659 5423 2712 5496; x_wconf 76' lang='grc' dir='ltr'><strong>ἐξ</strong></span> <span class='ocrx_word' id='word_1_873' title='bbox 2756 5427 2990 5498; x_wconf 81' lang='grc' dir='ltr'>ἀμαθίας</span> <span class='ocrx_word' id='word_1_874' title='bbox 3037 5430 3182 5498; x_wconf 77' lang='grc' dir='ltr'>μῆνα</span> <span class='ocrx_word' id='word_1_875' title='bbox 3230 5419 3727 5499; x_wconf 73' lang='grc' dir='ltr'>ὑπολαμϐάνοντες,</span> <span class='ocrx_word' id='word_1_876' title='bbox 3762 5425 3822 5482; x_wconf 83' lang='grc' dir='ltr'><strong>έν</strong></span> 
     </span>
    </p>
   </div>
   <div class='ocr_carea' id='block_1_118' title="bbox 2173 5510 3818 5592">
    <p class='ocr_par' dir='ltr' id='par_1_118' title="bbox 2173 5510 3818 5592">
     <span class='ocr_line' id='line_1_119' title="bbox 2173 5510 3818 5592; baseline 0.001 -24"><span class='ocrx_word' id='word_1_877' title='bbox 2173 5516 2218 5587; x_wconf 84' lang='grc' dir='ltr'>ᾧ</span> <span class='ocrx_word' id='word_1_878' title='bbox 2256 5517 2356 5581; x_wconf 80' lang='grc' dir='ltr'><strong>τήν</strong></span> <span class='ocrx_word' id='word_1_879' title='bbox 2402 5515 2620 5588; x_wconf 73' lang='grc' dir='ltr'>ἒαρινήν</span> <span class='ocrx_word' id='word_1_880' title='bbox 2667 5513 2905 5592; x_wconf 83' lang='grc' dir='ltr'>γίνεσθαι</span> <span class='ocrx_word' id='word_1_881' title='bbox 2957 5510 3240 5588; x_wconf 73' lang='grc' dir='ltr'>συμϐαίνει</span> <span class='ocrx_word' id='word_1_882' title='bbox 3294 5515 3459 5588; x_wconf 79' lang='grc' dir='ltr'>μόνον</span> <span class='ocrx_word' id='word_1_883' title='bbox 3503 5513 3818 5589; x_wconf 83' lang='grc' dir='ltr'>ἰσημερίαν,</span> 
     </span>
    </p>
   </div>
   <div class='ocr_carea' id='block_1_119' title="bbox 2174 5601 3818 5680">
    <p class='ocr_par' dir='ltr' id='par_1_119' title="bbox 2174 5601 3818 5680">
     <span class='ocr_line' id='line_1_120' title="bbox 2174 5601 3818 5680; baseline -0.001 -21"><span class='ocrx_word' id='word_1_884' title='bbox 2174 5604 2278 5659; x_wconf 73' lang='grc' dir='ltr'>εἴτε</span> <span class='ocrx_word' id='word_1_885' title='bbox 2321 5601 2376 5658; x_wconf 79' lang='grc' dir='ltr'>δὲ</span> <span class='ocrx_word' id='word_1_886' title='bbox 2426 5605 2532 5678; x_wconf 88' lang='grc' dir='ltr'>πρὸ</span> <span class='ocrx_word' id='word_1_887' title='bbox 2587 5603 2811 5676; x_wconf 71' lang='grc' dir='ltr'>ταύτης,</span> <span class='ocrx_word' id='word_1_888' title='bbox 2845 5604 2956 5658; x_wconf 77' lang='grc' dir='ltr'>εἷ’τε</span> <span class='ocrx_word' id='word_1_889' title='bbox 2997 5604 3132 5678; x_wconf 72' lang='grc' dir='ltr'>μετὰ</span> <span class='ocrx_word' id='word_1_890' title='bbox 3181 5604 3382 5675; x_wconf 79' lang='grc' dir='ltr'>ταύτην</span> <span class='ocrx_word' id='word_1_891' title='bbox 3415 5605 3444 5660; x_wconf 85' lang='grc' dir='ltr'><strong>ὁ</strong></span> <span class='ocrx_word' id='word_1_892' title='bbox 3488 5602 3818 5680; x_wconf 77' lang='grc' dir='ltr'>πλησιφαῆς</span> 
     </span>
    </p>
   </div>
   <div class='ocr_carea' id='block_1_120' title="bbox 2170 5691 3817 5768">
    <p class='ocr_par' dir='ltr' id='par_1_120' title="bbox 2170 5691 3817 5768">
     <span class='ocr_line' id='line_1_121' title="bbox 2170 5691 3817 5768; baseline 0.003 -21"><span class='ocrx_word' id='word_1_893' title='bbox 2170 5692 2379 5766; x_wconf 81' lang='grc' dir='ltr'>ἀπαντᾷ</span> <span class='ocrx_word' id='word_1_894' title='bbox 2401 5699 2500 5764; x_wconf 82' lang='grc' dir='ltr'><strong>τῆς</strong></span> <span class='ocrx_word' id='word_1_895' title='bbox 2533 5691 2768 5767; x_wconf 79' lang='grc' dir='ltr'>σελήνης</span> <span class='ocrx_word' id='word_1_896' title='bbox 2816 5693 3228 5768; x_wconf 85' lang='grc' dir='ltr'>σχηματισμὸς,</span> <span class='ocrx_word' id='word_1_897' title='bbox 3261 5691 3375 5749; x_wconf 80' lang='grc' dir='ltr'>οὐδ’</span> <span class='ocrx_word' id='word_1_898' title='bbox 3406 5695 3585 5749; x_wconf 84' lang='grc' dir='ltr'>ὁτιοῦν</span> <span class='ocrx_word' id='word_1_899' title='bbox 3641 5691 3817 5768; x_wconf 83' lang='grc' dir='ltr'>μέλον</span> 
     </span>
    </p>
   </div>
  </div>
