4080 6224
271 310 336 370 69
1237 313 1685 380 SYNTAGMA.
1737 321 2366 394 ALPHABETICUM.
2415 367 2492 378 —
2535 341 2604 398 Π.

3541 355 3619 418 Ἰθ

269 442 452 510 αὐτοῖς,
478 436 596 496 οὔτε
627 441 734 516 μὴν
767 443 811 497 εἰ
846 445 1017 517 μήπω
1063 446 1311 521 καθαρῶς
1355 453 1457 504 τοῦ
1510 453 1610 521 τῆς
1667 451 1866 530 ἰσημε-

270 531 368 560 -.’..-
397 530 607 560 -..ΑΙ-..ι
638 529 800 560 ἒ-λξ..
860 535 881 560 S
937 533 1062 560 ΞῚ--
1086 557 1100 560 -
1159 535 1206 560 2,,
1258 536 1383 560 _-,',
1494 540 1508 560 9
1747 546 1759 560 ι

1979 461 2200 520 lumine
2257 465 2424 537 pleno
2503 469 2741 542 fulgeat,
2810 491 3015 546 parum
3096 481 3348 555 solliciti,
3418 503 3618 560 parum

267 531 368 604 ρίας
396 530 610 602 σημείου
636 529 804 603 ἓπέὄη
857 535 886 586 ὁ
937 533 1124 606 ἥλιος,
1155 535 1208 590 ἐν
1255 536 1435 611 τούτῳ
1482 540 1872 617 ἀσυντηρήτως

265 622 344 675 καὶ
391 621 484 694 πρὸ
519 627 617 690 τῆς
673 621 963 698 ἰσημερίας
1023 622 1311 682 ἒπετέλουν
1370 629 1433 683 τὸ
1487 632 1699 706 Πάσχα.
1744 635 1874 709 Περὶ

267 714 330 768 ὧν
382 734 464 786 μοι
515 710 663 768 δοκεῖ
716 713 810 770 καὶ
841 715 870 770 ὁ
901 716 942 785 ζ’
973 720 1080 772 τῶν
1110 717 1272 774 θείων
1321 721 1647 778 ἀποστόλων
1698 727 1876 781 κανὼν

265 799 569 876 διορίζεσθαι,
611 801 918 880 ἀφορισμόν
961 808 1499 884 καταψηφιζόμενος,
1533 809 1588 866 εἷ’
1627 833 1714 873 τις
1763 819 1874 869 τῶν

260 896 339 946 τοῦ
363 890 574 966 κλήρου.
612 893 714 961 τὴν
742 893 898 967 ἁγίαν
933 899 1030 950 τοῦ
1083 897 1277 975 Πάσχα
1305 897 1516 975 ἡμέραν
1566 903 1704 974 μετά
1735 905 1874 959 Ἰου-

259 975 395 1033 δαίων
445 979 546 1050 πρὸ
600 985 703 1049 τῆς
750 982 972 1055 ’ἐαρινῆς
1029 981 1294 1039 τελέσειεν
1356 986 1664 1062 ἰσημερίας.
1725 990 1872 1046 Ἐπεί

259 1069 338 1143 γὰρ
381 1067 438 1121 οὗ
483 1065 883 1144 διεζευγμένοις
925 1071 953 1123 ὁ
1001 1073 1178 1126 κανὼν
1225 1072 1577 1148 ἐπιτιμᾶσθαι
1611 1079 1871 1148 θεσπίζει.

262 1157 326 1211 τῆν
366 1159 492 1229 μετά
537 1154 840 1227 Ἰουδαίων,
881 1157 918 1228 ἢ
975 1160 1082 1234 πρὸ
1136 1167 1238 1231 τῆς
1299 1162 1527 1238 ἐαρινῆς
1587 1166 1876 1242 ἰσημερίας

262 1247 560 1320 ἑορτάζοντα,
623 1247 689 1300 τὸ
745 1246 1036 1322 εἰρημένον
1092 1249 1296 1307 ἄνωθεν
1354 1261 1498 1310 νοεῖν
1561 1257 1874 1330 ὑποτίθησι.

257 1329 514 1408 Σομϐαίνει
543 1333 624 1403 δὲ,
665 1335 917 1410 πέμπτον
953 1339 1054 1409 τῆς
1104 1338 1342 1413 σελήνης
1391 1342 1594 1402 κύκλον
1647 1345 1872 1424 διερχο-

253 1423 416 1496 μένης,
437 1425 482 1496 ᾧ
509 1446 620 1480 τινι
652 1424 705 1495 ἐξ
738 1425 971 1502 ἀνάγκης
1000 1427 1029 1481 ὁ
1069 1427 1314 1493 εἰκοστὸς
1367 1427 1563 1508 ὄγδοος
1617 1437 1872 1509 θεμέλιος

246 1509 404 1568 ἕπεται
459 1512 626 1584 (οὕτω
677 1515 782 1590 γάρ
837 1520 955 1578 τοῖς
1002 1515 1241 1581 πολλοῖς
1302 1520 1332 1574 ὁ
1377 1525 1711 1596 περιττεύων
1765 1527 1870 1582 ἀπὸ

244 1607 335 1656 τῶν
357 1603 518 1673 αὐτῆς
553 1601 776 1660 κύκλων
806 1607 915 1658 τῶν
942 1607 1165 1682 ἡμερῶν
1215 1607 1454 1684 ἀριθμὸς
1497 1612 1871 1693 ὀνομάζεται),

243 1691 319 1744 καὶ
366 1691 482 1765 περί
538 1712 649 1748 που
703 1693 805 1760 τὴν
865 1697 964 1749 τοῦ
1026 1695 1277 1770 Μαρτίου
1306 1697 1769 1773 ἑπτακαιδεκάτην
1809 1717 1871 1759 το

242 1779 516 1858 πλησιφαὲς
560 1777 810 1858 ἀκριϐῶς
887 1781 1411 1859 ὑπολευκαινούσης,
1469 1787 1709 1853 ἐκείνους
1769 1793 1866 1866 μὲν

242 1870 670 1943 ἀνεπιστημόνως
735 1871 877 1926 πάνυ
933 1874 1024 1927 καὶ
1081 1880 1368 1950 προπετῶς
1415 1884 1713 1949 τηνικαῦτα
1764 1884 1862 1952 τὴν

239 1959 411 2031 ἑορτὴν
461 1957 610 2036 ἄγειν
637 1976 652 1989 °
684 1965 849 2014 τοῦτο
906 1961 1010 2037 γάρ
1056 1958 1136 2016 ἔτι
1183 1963 1274 2017 καὶ
1322 1969 1413 2021 νῦν
1457 1967 1672 2043 ὁρῶμεν
1701 1990 1870 2045 παρα-

242 2048 407 2120 νόμως
436 2053 752 2110 ποιοῦντας,
787 2047 918 2110 τοὺς
967 2055 1087 2112 ταῖς
1145 2053 1432 2128 ἡμετέραιι
1482 2056 1708 2113 πόλεσιν
1759 2061 1868 2114 ἐπιο

240 2138 612 2212 χωριάζοντας.
647 2138 841 2210 Ἡμεῖς
899 2135 957 2194 δὲ
1006 2142 1069 2194 τὸ
1124 2139 1278 2202 ἀδεὲς
1325 2145 1462 2218 ἡμῖν
1491 2146 1680 2210 αὐτοῖς
1710 2170 1858 2224 περιρ

239 2228 557 2300 ποιούμενοι,
588 2228 683 2282 καὶ
741 2228 817 2289 ὡς
873 2225 982 2306 οὔχ
1039 2230 1162 2286 ὅσια
1215 2228 1384 2306 δρῶσι
1428 2234 1615 2291 πολλά
1655 2239 1870 2312 χαίρειν

237 2316 398 2376 αὐτοῖς
424 2316 743 2393 φάσκοντες,
803 2317 890 2371 ἐπὶ
943 2321 1038 2373 τὸν
1094 2320 1218 2390 ἑξῆς
1277 2321 1604 2393 σεληνιακὸν
1658 2325 1874 2403 ἐπειγό-

237 2405 356 2476 μεθα
411 2413 577 2478 μῆνα,
625 2407 684 2459 ’ὸν
743 2406 799 2458 αἱ
848 2411 946 2460 τοῦ
1004 2408 1294 2482 Ἀπριλίου
1342 2411 1598 2486 ἀριθμεῖν
1668 2417 1872 2492 ἡμέραι

229 2493 520 2572 πεφύκασιν,
551 2493 724 2563 ἡνίκα
774 2495 863 2549 καὶ
929 2502 1122 2571 μακρῷ
1178 2504 1258 2570 τῷ
1314 2505 1424 2555 τῶν
1475 2505 1701 2578 ἡμερῶν
1754 2506 1874 2562 δια-ι

232 2585 443 2656 στήματι
500 2581 715 2658 διέχειν
788 2581 1074 2656 συμϐαίνει
1146 2592 1243 2642 τοῦ
1301 2596 1428 2665 παρ’
1465 2591 1756 2657 Ἰουδαίοις
1809 2598 1872 2652 τὸ

228 2671 470 2747 ἡμέτερον
522 2675 748 2748 Πάσχα.
781 2672 936 2730 Οὕτω
992 2676 1094 2750 γὰρ
1124 2677 1176 2731 οἱ
1209 2679 1354 2732 θεῖοι
1410 2682 1644 2759 Πατὲρες
1695 2689 1875 2764 σοφῶς

229 2759 346 2836 ἄγαν
387 2763 474 2817 καὶ
533 2758 940 2836 ἡκριϐωμὲνως
1002 2763 1312 2837 ἐσκόπησαν
1369 2769 1496 2833 τοὺς
1553 2777 1660 2828 τῶν
1714 2776 1874 2830 θείων

224 2847 524 2907 ἀποστόλων
583 2851 843 2926 θεσμοὺς,
873 2854 1075 2917 παντὸς
1133 2855 1352 2930 μᾶλλον
1402 2859 1871 2938 οῗκονομοῦμενοι

223 2941 276 2996 τὸ
320 2936 530 3014 βέϐαιον
563 2937 744 3017 ἔχειν,
776 2943 841 2998 οὐ
888 2944 996 3017 μὴν
1046 2944 1091 3000 εί
1145 2948 1279 3018 μετά
1320 2950 1422 3018 τήν
1485 2949 1701 3026 ἐαρινὴν
1733 2953 1879 3012 ἐκεί-

224 3051 310 3099 νην
347 3032 408 3084 τὸ
463 3030 665 3108 Πάσχα
727 3029 1054 3088 τελέσουσιν
1109 3033 1421 3113 ἰσημερίαν,
1465 3045 1874 3118 συνεορταστέον

223 3117 410 3183 αὐτοῖς.
451 3125 627 3176 Τοῦτο
674 3121 780 3197 γὰρ
837 3121 928 3176 καὶ
977 3125 1006 3178 ὁ
1053 3129 1156 3194 τῆς
1205 3125 1258 3180 ἐν
1292 3127 1613 3204 Ἀντιοχείᾳ
1659 3137 1876 3207 πρῶτος

223 3205 527 3284 ἀπαγορεύει
587 3211 796 3280 κανὼν,
863 3209 1194 3285 ἐξεπίτηδες,
1245 3214 1320 3280 ὡς
1373 3215 1543 3290 ἔοικε,
1599 3221 1692 3276 τὸν
1754 3207 1958 3278 νοῦνο

224 3297 521 3369 ἑρμηνεύων
571 3303 676 3354 τοῦ
724 3299 1105 3356 ἀποστολικοῦ
1150 3300 1310 3359 τοῦδε
1357 3311 1602 3379 κανόνος,
1633 3310 1719 3364 ὅτι
1773 3309 1868 3367 δύο

222 3387 415 3458 τίθησιν
462 3386 554 3444 ἒπὶ
609 3391 714 3444 τοῦ
771 3394 966 3466 Πάσχα
1014 3387 1340 3466 διαρισμοὺς
1387 3397 1415 3450 ὁ
1464 3399 1672 3468 κακὼν,
1705 3401 1872 3460 εἶκαὶ

222 3475 350 3531 οὕτω
389 3477 480 3532 τὸν
529 3479 701 3553 λόγον
750 3480 1049 3555 προήγαγε.
1083 3486 1206 3557 Τοῖς
1235 3480 1542 3549 Ἰουδαίοις
1592 3490 1742 3561 ἡμᾶς
1794 3495 1872 3565 μή

223 3567 597 3640 συνεορτάζειν,
631 3567 722 3621 καὶ
772 3569 872 3638 τήν
917 3568 1136 3643 ἐαρινὴν
1181 3571 1490 3646 περιμένειν
1556 3576 1869 3654 ἰσημερίαν,

222 3655 310 3716 Οἷς
335 3652 508 3732 ἕτεροι
560 3652 662 3710 δύο
719 3654 771 3724 ἐξ
820 3655 1059 3733 ἀνάγκης
1109 3657 1590 3735 ἐπηκολούθησαν,
1624 3663 1772 3744 όίγειν
1813 3689 1872 3724 τε

222 3745 310 3812 τήν
366 3745 561 3819 ἑορτήν
617 3742 778 3806 εὐθὺς
832 3749 901 3819 τῇ
953 3748 1149 3823 πρώτῃ
1226 3751 1362 3822 μετά
1419 3754 1522 3822 τὴν
1585 3755 1875 3834 ἰσημερίαν

222 3831 558 3906 πανσελήνῳ,
589 3835 684 3888 καὶ
741 3835 876 3906 μετά
921 3837 1123 3908 ταύτην
1169 3840 1245 3912 μή
1289 3839 1343 3894 ἐν
1394 3839 1708 3914 οῖαδήποτε
1761 3852 1868 3902 τῶν

221 3923 429 3998 ἡμερῶν
477 3923 700 3993 ἁπλῶς,
729 3921 858 3978 ἀλλ’
899 3923 953 3978 ἐν
989 3929 1058 3999 τῇ
1099 3929 1293 4004 πρώτῃ
1351 3931 1488 4004 μετά
1545 3934 1644 4002 τήν
1676 3936 1870 3992 πανσέ-

223 4008 376 4082 ληνον
407 4011 562 4074 εὐθὺς
593 4014 696 4080 τῆς
747 4007 1064 4087 ἑϐδομάδος
1110 4017 1312 4090 ἡμέρᾳ.
1357 4021 1454 4076 Καὶ
1491 4022 1547 4076 οἱ
1581 4023 1680 4096 μὲν
1709 4023 1875 4083 ἄλλοι

219 4104 311 4153 τῶν
341 4098 648 4174 διορισμῶν
681 4095 758 4156 ἔτι
787 4103 879 4156 καὶ
945 4107 1040 4158 νῦν
1093 4101 1328 4180 βεϐαίως
1379 4107 1764 4186 διατηροῦνται
1788 4133 1803 4148 ⁸
1836 4119 1872 4187 ἡ

219 4186 270 4244 3‘s
305 4192 438 4263 μετὰ
481 4193 586 4261 την
635 4191 980 4265 πανσέληνον
1033 4193 1312 4259 πολλάκις
1353 4201 1492 4274 ἡμῖν
1527 4202 1872 4278 ὑπερτίθεται

218 4280 472 4355 Κυριακή,
552 4285 637 4354 τῷ
721 4277 818 4337 δύο
895 4283 1280 4358 προστίθεσθαι
1355 4288 1567 4365 ἠμέρας
1642 4293 1871 4352 ἑκάστου

219 4368 354 4433 ἔτους
381 4375 464 4444 τῷ
496 4370 695 4446 Πάσχα
725 4376 804 4444 τῷ
845 4378 1076 4448 νομικῷ,
1108 4375 1200 4431 καὶ
1251 4381 1367 4451 μετ’
1397 4377 1600 4444 ἐκείνας
1647 4381 1736 4438 ἐπὶ
1764 4388 1871 4457 τήν

219 4463 478 4534 Κυριακήν
513 4459 820 4537 ἔρχεσθαι.
854 4459 1063 4535 Συνέϐη
1115 4463 1172 4520 δὲ
1200 4487 1366 4524 τουτο
1407 4469 1510 4524 οὐκ
1554 4468 1608 4533 ἐς
1657 4473 1873 4548 ἀγνοίας

215 4549 518 4626 ἣάπειρίας
576 4555 690 4604 τῶν
737 4552 1100 4608 θεσπισάντων
1136 4553 1387 4632 Πατὲρων
1437 4560 1529 4614 τὸν
1578 4563 1704 4637 περί
1754 4569 1853 4620 τοῦ

215 4638 389 4714 Πάσχα
415 4639 642 4695 τουτονὶ
680 4640 876 4714 νόμον,
907 4639 1054 4697 ἀλλὰ
1103 4648 1184 4717 τῷ
1229 4643 1424 4722 δρόμῳ
1465 4655 1568 4720 τῆς
1623 4651 1864 4726 σελήνης

213 4728 268 4781 τὰ
291 4735 388 4799 τῆς
435 4728 621 4792 αἰτίας
670 4729 986 4810 ἀναφέρεται
1038 4733 1266 4806 ταύτης.
1299 4735 1524 4808 Ἐπειδή
1558 4740 1663 4817 γὰρ
1702 4743 1862 4811 αὖθις

217 4816 268 4870 τὸ
293 4816 564 4874 ἐνιαύσιον
597 4819 805 4894 κίνημα
844 4817 914 4874 δι’
954 4821 1179 4896 ἡμερῶν
1229 4821 1662 4884 ἀποκαθίσταται
1707 4853 1862 4906 τρια-

216 4907 396 4961 κοσίων
451 4906 723 4980 ἐξήκοντα
773 4907 931 4964 πέντε
996 4911 1087 4964 καὶ
1151 4918 1589 4991 τεταρτημορίου
1646 4921 1867 4998 ἡμέρας

220 4989 436 5069 ἔγγιστα,
470 4997 552 5060 ὡς
599 4995 836 5072 εἴρηται,
868 4998 923 5054 αἱ
972 4995 1030 5054 δὲ
1081 5001 1237 5072 μὲσαι
1288 5011 1388 5074 τῆς
1437 5005 1678 5080 σελήνης
1723 5013 1866 5068 κατά

223 5089 379 5154 μῆκος
428 5082 672 5160 πάροδοι
729 5085 829 5142 οὐκ
885 5087 1341 5148 ἀποκαθίστανται
1402 5093 1454 5150 ἐν
1511 5096 1671 5162 ὅλοις
1719 5094 1861 5156 ἔτεσι

225 5171 276 5224 ιδ’
310 5180 426 5240 τοῖς
478 5177 620 5231 κατὰ
674 5177 994 5252 προσθήκην
1042 5184 1142 5236 τοῦ
1197 5182 1456 5258 τετάρτου
1513 5183 1861 5264 ἀριθμουμέ-

221 5281 334 5333 νοις,
361 5263 514 5320 ἀλλᾶ
552 5265 700 5341 παρά
731 5269 861 5339 μιᾶς
899 5263 1113 5342 ἡμέρας
1159 5270 1422 5342 ἑξηκοστά
1469 5279 1661 5350 πρῶτα
1709 5280 1857 5356 τρία,

221 5353 294 5405 καὶ
346 5352 571 5430 δεύτερα
623 5356 915 5432 τριάκοντα
973 5358 1146 5414 ἑπτά.
1202 5361 1403 5418 τούτου
1451 5362 1616 5440 χάριν
1673 5366 1726 5422 ἐν
1773 5367 1858 5426 τδ⁸

223 5438 487 5514 ἐνιαυτοῖς,
521 5444 628 5522 οὐχ
659 5444 818 5508 ὅλοις
864 5445 1054 5521 πάλιν,
1086 5447 1216 5504 ἀλλ’
1245 5438 1664 5527 ἐλαττουμένοις
1711 5458 1856 5531 ἠμέ-

224 5547 308 5604 ρας
347 5531 526 5608 οὐδὲν,
557 5533 825 5606 ἑξηκοστά
869 5540 1060 5611 πρῶτα
1097 5540 1173 5608 νζ⁴
1202 5541 1291 5596 καὶ
1343 5537 1562 5619 δεύτερα
1591 5547 1694 5620 νβ’,
1727 5545 1860 5618 ἤτοι,

223 5617 338 5698 μίαν
381 5625 591 5702 ἡμέραν
641 5623 890 5704 ἔγγιστα,
919 5627 955 5698 ἡ
995 5625 1258 5708 εῗρημὲνη
1306 5629 1513 5716 γίνεται
1571 5635 1852 5696 ἀποκατά-

1985 553 2173 622 etiam,
2207 573 2279 610 an
2312 557 2397 614 sol
2425 559 2619 629 ipsum
2659 565 2889 620 solstitii
2939 579 3218 640 punctum
3260 553 3433 647 plane
3485 584 3622 637 atti-

1984 644 2124 711 gerit
2155 661 2337 703 necne
2372 665 2388 704 :
2423 649 2680 722 adeoque
2709 659 2922 713 temere
2972 660 3148 718 etiam
3191 671 3324 723 ante
3372 673 3626 742 aequino-

1984 731 2162 789 ctium
2193 735 2414 793 Pascha
2443 741 2866 802 concelebrant.
2898 751 2976 804 De
3006 749 3164 808 hisce
3193 753 3309 812 illis
3339 731 3626 830 septimus

1983 822 2221 893 quidem
2244 842 2427 884 canon
2459 836 2794 889 sanctorum
2823 841 3238 914 apostolorum,
3271 851 3336 902 ut
3358 850 3501 905 mihi
3535 853 3625 908 vi-

1985 911 2173 981 detur,
2215 915 2494 986 decernit,
2547 927 3209 989 excommunicationem
3241 935 3621 1010 denuntians,

1985 1001 2032 1055 si
2067 1003 2196 1074 quis
2226 1021 2291 1060 ex
2323 1007 2526 1064 ordine
2557 1010 2806 1068 clericali
2839 1032 3070 1074 sacrum
3123 1021 3418 1084 Paschalis
3465 1029 3620 1088 diem

1986 1097 2120 1146 ante
2157 1109 2401 1150 vernum
2435 1098 2844 1168 equinoctium
2894 1122 3026 1162 cum
3069 1110 3282 1168 Iudaeis
3327 1132 3442 1172 una
3471 1119 3626 1175 cele-

1983 1178 2255 1236 braverit.
2296 1185 2770 1258 Quandoquidem
2819 1193 2975 1250 enim
3005 1213 3187 1256 canon
3221 1218 3353 1258 eum
3377 1223 3626 1266 censura

1983 1268 2309 1326 feriendum
2338 1289 2464 1329 esse
2521 1281 2757 1341 statuat,
2816 1298 2936 1339 non
2996 1288 3232 1358 quidem
3279 1292 3622 1366 disjunctim

1988 1357 2088 1430 qui
2135 1359 2346 1418 festum
2427 1364 2516 1420 vel
2593 1383 2726 1424 cum
2805 1357 3029 1431 Judzcis
3079 1379 3278 1450 egerit,
3335 1385 3422 1440 vel
3497 1396 3629 1444 ante

1986 1447 2398 1518 aequinoctium
2427 1469 2669 1512 vernum
2695 1475 2708 1526 ;
2735 1460 2834 1515 sed
2873 1447 3314 1540 (connectendo)
3347 1489 3482 1530 cum
3511 1477 3628 1532 Ju-

1983 1536 2122 1594 daeis
2153 1548 2288 1596 ante
2341 1543 2752 1614 aequinoctium
2811 1567 3070 1623 vernum,
3113 1557 3172 1612 id
3229 1536 3382 1632 quod
3443 1582 3624 1638 supra

1981 1625 2234 1684 diximus
2263 1629 2419 1702 ipsos
2467 1633 2817 1695 intellexisse
2853 1643 3064 1712 arguit.
3097 1645 3338 1710 Quando
3379 1667 3510 1709 vero
3551 1657 3623 1712 ad

1981 1715 2211 1786 cyelum
2225 1735 2399 1775 suum
2417 1722 2688 1794 quintum
2719 1725 3154 1803 lunapervenit,
3173 1739 3263 1794 cui
3295 1745 3626 1802 necessario

1979 1804 2130 1862 202
2154 1809 2458 1880 respondet
2491 1813 2832 1874 vicesimum
2856 1826 3124 1882 octavum
3160 1827 3624 1904 fundamentum,

1975 1912 2076 1951 seu
2101 1895 2356 1968 θεμέλιος
2387 1902 2496 1972 (sic
2525 1905 2678 1963 enim
2727 1909 2984 1982 plerique
3033 1917 3256 1975 dierum
3307 1939 3618 1983 numerum

1977 1987 2294 2057 appellant,
2325 1991 2420 2061 qui
2473 2009 2536 2048 ex
2593 1997 2770 2068 cyclis
2801 1999 2952 2057 lunae
2997 2013 3331 2078 superﬂuus
3361 2018 3494 2082 est),
3527 2021 3622 2073 at-

1978 2090 2091 2144 que
2121 2075 2272 2132 circa
2303 2079 2454 2136 diem
2487 2085 2800 2154 septimum
2825 2107 2890 2145 ac
2922 2075 3215 2154 decimum
3247 2075 3624 2176 Martiipleno

1979 2172 2128 2221 certe
2149 2165 2315 2222 vultu
2347 2171 2575 2240 candet,
2605 2173 2838 2234 Judaeos
2871 2181 3071 2239 inscite
3102 2188 3417 2248 admodum
3453 2165 3510 2249 et
3539 2201 3624 2252 te-

1981 2271 2136 2311 mero
2167 2257 2375 2314 festum
2402 2265 2526 2318 tum
2569 2281 2842 2338 peragere
2865 2274 3166 2347 contingit.
3190 2279 3338 2342 Quin
3379 2283 3496 2341 imo
3527 2285 3630 2343 ho-

1981 2344 2192 2416 dieque
2223 2346 2280 2401 id
2323 2349 2506 2407 t'acere
2537 2370 2838 2426 perperam
2883 2361 3013 2419 illos
3067 2344 3352 2440 videmus,
3420 2375 3519 2444 qui
3565 2377 3626 2432 in

1985 2434 2198 2488 nostris
2229 2435 2557 2496 civitatibus
2589 2443 2830 2516 degunt.
2863 2448 3214 2522 Nos;autem
3245 2434 3398 2531 quod
3433 2434 3626 2522 tutum

1983 2521 2410 2598 indubiumque
2447 2535 2535 2586 est
2559 2534 2725 2590 nobis
2753 2521 3101 2608 asserentes,
3125 2550 3182 2601 et
3205 2521 3425 2606 Judaais
3469 2521 3625 2612 hisce

1985 2613 2084 2684 qui
2114 2611 2270 2670 haud
2301 2617 2392 2686 pie
2435 2619 2674 2690 faciunt,
2723 2624 2962 2698 longum
3007 2634 3197 2691 valere
3219 2639 3518 2711 jubentes,
3551 2611 3624 2701 ad

1985 2701 2246 2772 proxime
2277 2715 2612 2778 sequentem
2645 2729 2905 2773 mensem
2931 2719 3190 2780 lunarem
3218 2733 3628 2790 contendimus

1983 2790 2178 2862 (quem
2201 2792 2326 2850 dies
2351 2799 2564 2868 Aprilis
2595 2806 2886 2875 complere
2939 2811 3173 2886 solent),
3197 2821 3430 2888 quando
3457 2822 3628 2894 longe

1984 2880 2222 2950 quidem
2268 2884 2496 2944 dierum
2531 2890 2833 2953 intervallo
2872 2900 3098 2959 Pascha
3130 2880 3413 2967 nostrum
3472 2930 3506 2968 a
3531 2880 3630 2969 Jil-

1987 2967 2152 3026 daico
2199 2971 2416 3030 distare
2453 2979 2756 3054 contingit.
2778 2989 3099 3048 Prudenter
3119 2995 3261 3052 adeo
3289 3015 3356 3055 ac
3389 2967 3632 3073 diligen-

1985 3062 2074 3113 ter
2102 3061 2285 3118 sancti
2317 3063 2514 3123 Patres
2549 3080 3058 3136 sacrosanctorum
3105 3061 3638 3158 apostolorumude:

1986 3150 2143 3204 creta
2171 3150 2571 3224 observabant,
2603 3167 2663 3214 ut
2713 3161 2822 3220 hoc
2861 3183 2974 3236 prae
3032 3150 3254 3232 caeteris
3305 3185 3495 3235 ratum
3530 3181 3630 3236 tir-

1987 3252 2259 3310 mumque
2315 3259 2441 3300 esse
2498 3252 2847 3322 statuerent,
2907 3274 2979 3314 ne
3035 3263 3170 3332 quis
3226 3280 3355 3323 cum
3411 3268 3628 3326 Judaeis

1981 3329 2242 3397 quamvis
2280 3339 2406 3402 post
2463 3336 2875 3409 aequinoctium
2934 3329 3176 3408 vernum
3236 3354 3512 3414 Paschale
3538 3359 3624 3415 fe-

1979 3420 2139 3472 stum
2164 3421 2470 3490 agentibus
2504 3443 2621 3482 una
2649 3430 2917 3490 celebret.
2951 3437 3176 3512 Quippe
3233 3443 3342 3501 hoc
3399 3448 3624 3519 primus

1979 3510 2133 3563 vetat
2162 3511 2368 3582 synodi
2395 3515 2766 3577 Antiochense
2799 3510 3290 3596 canon,eonsulto
3315 3540 3377 3591 ut
3399 3510 3624 3595 videtur

1981 3613 2214 3654 sensum
2265 3601 2561 3674 explicans
2636 3613 2877 3669 canonis
2933 3616 3120 3687 ipsius
3168 3624 3494 3696 apostolici,
3553 3644 3620 3685 eo

1981 3687 2135 3758 quod
2167 3689 2314 3746 duas
2336 3693 2704 3754 deﬁnitiones
2739 3701 2807 3757 de
2837 3703 3107 3764 Paschate
3127 3687 3364 3782 statuat,
3389 3687 3619 3774 etiamsi

1981 3775 2136 3832 hunc
2165 3779 2224 3834 in
2267 3783 2507 3839 modum
2554 3795 2886 3858 proponat:
2941 3794 3182 3854 Nosmet
3223 3775 3362 3858 cum
3401 3804 3620 3861 Judtsis

1983 3881 2100 3921 una
2135 3865 2348 3924 festum
2385 3870 2571 3930 nullos
2601 3892 2793 3948 agere,
2831 3885 2890 3937 et
2933 3887 3336 3956 aequinoctium
3386 3894 3620 3949 vernale

1981 3959 2310 4026 exspectare
2339 3967 2583 4030 oportet.
2618 3965 2697 4021 Ex
2728 3969 2942 4040 quibus
2979 3975 3106 4030 duae
3154 3976 3278 4033 alia:
3327 3981 3620 4039 deﬁnitio-

1981 4058 2084 4099 nes
2113 4048 2438 4104 necessario
2473 4056 2888 4129 sequebantur,
2911 4061 3179 4122 videlicet
3207 4068 3622 4131 celebrandum

1981 4147 2110 4187 esse
2154 4133 2368 4192 festum
2426 4139 2612 4208 primo
2653 4145 2850 4202 statim
2899 4149 3220 4221 plenilunio
3263 4164 3396 4228 post
3448 4162 3626 4232 tequi-

1983 4219 2262 4290 noctium,
2295 4229 2353 4280 et
2383 4225 2620 4297 quidem
2652 4242 2780 4302 post
2823 4219 2970 4295 illud
3004 4257 3119 4298 non
3159 4219 3626 4317 sim-pliciter‘die

1953 4309 2208 4387 Aquovis,
2265 4314 2367 4370 sed
2423 4315 2516 4372 die
2598 4322 2936 4392 septimanae
2986 4330 3174 4401 primo
3231 4309 3623 4406 plenilunium

1983 4400 2242 4472 proxime
2270 4411 2570 4476 sequente.
2617 4409 2834 4470 Caetera
2865 4400 3102 4488 quidem
3161 4424 3389 4483 decreta
3447 4429 3621 4484 etiam

1981 4488 2268 4563 hodieque
2299 4496 2653 4563 ,constanter
2692 4503 3092 4578 observantur,
3144 4513 3299 4570 diem
3349 4531 3480 4572 vero
3513 4517 3623 4573 Do-

1888 4579 2246 4660 Dminicam
2303 4583 2699 4654 plenilunium
2745 4595 3008 4666 proxime
3067 4608 3410 4672 sequentem
3468 4622 3620 4678 saepe

1974 4668 2206 4727 dilferre
2251 4673 2530 4744 solemus,
2589 4694 2656 4735 eo
2713 4686 2866 4753 quod
2921 4687 3070 4745 duos
3127 4668 3254 4748 dies
3310 4668 3620 4764 quotannis

1972 4755 2239 4813 Paschati
2273 4757 2445 4832 legali
2475 4764 2809 4840 adjicimus,
2841 4775 2900 4827 et
2929 4779 3064 4844 post
3093 4775 3222 4833 illos
3252 4755 3342 4834 ad.
3363 4780 3619 4836 Domini-

1979 4861 2109 4902 cum
2155 4849 2506 4908 accedimus.
2557 4855 2808 4930 Contigit
2871 4865 3063 4920 tamen
3113 4868 3270 4924 istud
3338 4869 3494 4926 haud
3551 4887 3620 4927 ex

1977 4934 2209 4993 inscitia
2245 4942 2302 4994 et
2330 4939 2663 5012 ignorantia
2710 4947 2968 5024 Patrum,
3027 4957 3128 5028 qui
3187 4957 3300 5016 hoc
3344 4961 3516 5016 modo
3547 4961 3618 5016 de

1977 5021 2252 5082 Paschate
2290 5027 2702 5104 decernebant,
2761 5039 2862 5096 sed
2923 5021 3117 5114 potius
3157 5047 3263 5102 hoc
3325 5047 3613 5120 quidquid

1973 5119 2056 5168 est
2085 5113 2262 5187 culpre
2293 5117 2352 5173 in
2383 5117 2534 5176 luna:
2561 5139 2764 5183 cursus
2794 5113 3155 5190 referendum
3189 5139 3295 5192 est.
3329 5137 3614 5200 Quoniam

1971 5201 2128 5260 enim
2185 5209 2380 5264 motus
2439 5227 2673 5271 annuus
2729 5217 2934 5276 diebus
2991 5224 3263 5282 trecentis
3319 5227 3616 5296 sexaginta

1971 5291 2252 5365 quinque,
2283 5301 2340 5352 et
2369 5305 2574 5371 quarta
2604 5303 2720 5361 fere
2752 5307 2864 5364 diei
2897 5316 3080 5382 parte,
3114 5313 3197 5368 uti
3230 5291 3483 5370 dictum"
3503 5321 3613 5381 est,

1966 5381 2290 5452 perficitur,
2323 5385 2474 5443 luna
2505 5396 2703 5450 autem
2737 5381 2928 5455 motus
2960 5401 3134 5457 medii
3185 5402 3245 5458 in
3294 5403 3611 5476 longitudi-

1965 5487 2099 5528 nem
2129 5489 2243 5530 non
2267 5477 2650 5540 restituantur
2679 5496 2877 5544 exacte
2905 5490 2967 5546 in
2999 5494 3398 5552 novemdecim
3440 5497 3611 5553 annis

1961 5561 2458 5638 completisjuxta
2497 5573 2842 5642 quadrantis
2871 5579 3232 5638 additionem
3280 5591 3609 5658 supputan-

1958 5648 2067 5720 dis,
2109 5651 2252 5726 quin
2293 5655 2489 5716 desint
2517 5659 2610 5735 (ad
2661 5665 2887 5736 cyclum
2945 5648 3607 5743 complenduml-unius
