4080 6224
220 380 281 444 ’13
1196 369 1616 437 SYNTAGMA
1660 375 1841 436 ALP]

1953 372 2310 435 3E'I‘ICUM.
2341 363 2430 415 ’-
2475 373 2542 430 Π.
3497 359 3575 422 ⁸74

221 511 742 585 ἀπηλλοτριωμένοις
797 513 894 562 τοῦ
951 515 1050 576 τῆς
1129 503 1398 570 εὐσεϐείας
1457 509 1656 578 φωτὸς,
1707 513 1821 585 φῶς

1953 508 2060 580 'qni
2096 523 2230 564 mox
2271 505 2483 576 subjici
2539 502 2777 575 debuit),
2823 503 2943 568 jam
2997 501 3247 571 primum
3295 498 3577 569 stipantia

1931 601 2118 653 instar
2157 595 2472 652 satellitum
2508 594 2666 648 hunc
2723 593 2823 660 qui
2870 592 3064 647 statim
3106 589 3415 646 creationis
3465 589 3576 642 im-

1932 689 2158 760 perium
2205 690 2590 754 suscepturus
2641 681 2752 734 fuit
2797 679 3288 751 (quandoquidem
3339 682 3398 732 et
3447 693 3579 731 mox

1931 784 2160 846 tempus
2194 775 2356 829 aliter
2377 770 2634 826 ordinari
2659 768 2960 840 Oportuit).
2994 769 3148 823 diem
3206 782 3272 821 ac
3321 773 3580 834 noctem,

1932 881 2056 936 quae
2087 871 2211 918 tum
2246 861 2608 927 acciderunt,
2639 875 2706 913 ex
2738 859 2984 928 puritate
3021 856 3293 910 inchoare
3344 870 3581 910 necesse

1936 956 2081 1010 fuit:
2117 952 2395 1026 quoniam
2429 951 2548 1005 baao
2591 953 2797 1003 natura
2844 947 3002 1018 prior
3040 952 3128 1000 est
3171 946 3577 1015 inaequalitate.

1935 1043 2106 1101 sicuti
2138 1041 2374 1097 habitus
2425 1037 2874 1110 privationibus,
2904 1035 2986 1089 ita
3034 1035 3186 1089 enim
3239 1033 3388 1088 Deus
3446 1050 3582 1088 nos-

1938 1139 2056 1190 met
2098 1131 2297 1186 docuit
2326 1126 2670 1199 aequalitatis
2703 1126 2906 1197 legem,
2940 1126 2996 1177 in
3028 1139 3142 1194 qua
3172 1123 3303 1193 ipsa
3351 1122 3582 1177 virtutis

1939 1222 2085 1278 ratio
2116 1218 2398 1284 consistit,
2431 1217 2590 1272 omni
2625 1217 2914 1270 nimietate
2946 1216 3005 1267 et
3036 1210 3585 1284 inaequalitateauti-

1939 1311 2202 1384 quiorem
2235 1325 2384 1364 esse.
2420 1306 2559 1361 Dein
2596 1321 2725 1358 vero
2769 1309 2898 1373 post
2946 1301 3266 1370 septimum
3293 1299 3446 1354 diem
3487 1299 3584 1352 lu-

1942 1399 2265 1456 minaribus
2296 1397 2461 1468 quasi
2492 1412 2526 1450 a
2581 1393 2911 1450 carceribus
2951 1405 3255 1445 excurrere
3299 1388 3584 1460 incipien-

1940 1490 2119 1554 tibus,
2180 1503 2286 1542 nec
2334 1492 2526 1540 tamen
2589 1485 2672 1538 ita
2747 1501 2778 1536 a
2829 1488 3036 1535 natura
3092 1478 3466 1548 comparatis.
3527 1483 3586 1530 ut

217 604 327 656 κατὰ
358 603 511 676 λόγον
547 598 925 674 προσείρηται,
958 598 991 666 ἢ
1026 597 1152 659 τοὺς
1185 601 1474 673 φωστῆρας
1513 602 1608 650 τοῦ
1658 617 1822 670 προσ-

216 694 414 758 ἥκοντος
442 691 756 764 καθυφεῖναι
799 687 1034 757 κόσμοο,
1065 689 1152 739 νῦν
1206 690 1422 759 πρῶτον
1457 683 1824 762 δορυφοροῦν-

217 799 298 838 τας
325 782 393 849 τῷ
423 775 723 851 βασιλεύειν
767 780 868 842 τῆς
918 775 1147 834 κτίσεως
1199 771 1496 845 μέλλοντι·
1533 771 1722 834 ἄλλως
1769 793 1826 826 τε

217 868 294 919 καὶ
321 870 400 918 τοῦ
442 865 646 938 χρόνου
703 859 1005 934 μὲλλοντος
1055 858 1530 936 δημιουργεῖοθαι,
1563 859 1670 914 ἔδει
1726 862 1824 929 τὴν

219 951 396 1026 ἡμέραν
443 949 619 1018 δήπου
679 951 765 1004 καὶ
825 951 926 1016 τήν
986 949 1150 1003 νύκτα
1197 947 1318 1023 ἄρτι
1366 951 1826 1021 παραγενομένας,

218 1043 268 1096 ἐκ
314 1048 398 1108 τῆς
439 1039 690 1108 ῗσότητος
743 1037 1037 1110 ἄρξασθαι·
1086 1037 1202 1096 ἐπεὶ
1259 1036 1347 1092 καὶ
1405 1037 1640 1112 προτέρα
1697 1037 1832 1091 κατά

216 1132 345 1208 οὖσιν
391 1129 519 1196 αὕτη
568 1135 673 1197 τῆς
717 1127 1066 1201 ἀνισότητος,
1099 1127 1174 1186 ὼς
1232 1129 1284 1180 αἱ
1327 1124 1463 1198 ἕξεις
1493 1132 1600 1180 τῶν
1637 1129 1827 1200 στερή-

217 1240 343 1284 σξων,
372 1220 461 1270 τοῦ
510 1220 649 1270 Θεοῦ
701 1217 848 1287 ἡμᾶς
898 1214 1134 1269 ἐντεῦθεν
1185 1212 1532 1276 διδάσκοντος
1582 1217 1675 1268 τὸν
1731 1221 1831 1282 τῆς

220 1307 435 1375 ἰσότητος
489 1303 684 1376 νόμον,
719 1303 773 1357 ἐν
833 1304 878 1374 ᾧ
934 1305 997 1357 τὸ
1044 1304 1152 1358 τῶν
1204 1305 1406 1379 ἀρετῶν
1432 1301 1678 1372 ἕστηκεν,
1711 1301 1834 1359 ἐπί-

220 1396 412 1470 προσθεν
465 1392 675 1448 τιθὲναι
735 1393 911 1462 πάσης
968 1390 1281 1463 πλεονεξίας
1341 1392 1430 1447 καὶ
1481 1392 1832 1462 ἀνισότητος·

218 1481 450 1537 εἴθόῧτω
479 1486 588 1536 τῶν
624 1483 932 1561 φωστήρων
976 1482 1113 1554 μετά
1155 1483 1257 1550 τὴν
1306 1475 1548 1552 ἑϐδόμην
1599 1481 1835 1552 ἡμέραν,

215 1574 274 1634 ὡς
306 1573 348 1641 ἐξ
397 1572 696 1648 ἀρετηρίας
745 1571 963 1646 τρέχειν
1018 1571 1424 1645 ὑπαρξαμένων,
1451 1572 1541 1624 καί
1592 1572 1668 1642 μή
1722 1569 1839 1623 ἰσο-

214 1666 371 1735 τιιχῶς
400 1660 722 1737 πεφυκότων
763 1661 1052 1726 κινεῖσθαι,
1085 1661 1186 1728 τήν
1219 1658 1540 1732 ἀνωμαλίαν
1589 1657 1837 1713 ἐπεισελ-

213 1753 322 1809 θεῖν.
367 1750 513 1806 Ἐπεὶ
574 1753 706 1822 γοῦν
763 1751 863 1817 τὴν
1038 1749 1306 1822 ἁμαρτίας
1375 1752 1474 1802 τοῦ
1550 1745 1839 1822 ἀνθρώπου

1943 1577 2150 1650 equali
2182 1575 2474 1632 celeritate
2534 1575 2923 1634 moverentur,
2979 1567 3267 1623 anomalia
3325 1567 3587 1636 quasdam

1944 1665 2200 1736 irrepsit.
2233 1663 2376 1728 Quia
2405 1671 2596 1716 tamen
2630 1659 2883 1715 heminis
2916 1658 3137 1727 lapsum
3161 1672 3260 1725 per
3289 1662 3585 1726 peccatum

1945 1755 2097 1810 Deus
2129 1769 2198 1808 ex
2230 1751 2412 1824 gratia
2461 1767 2566 1805 sua
2606 1751 2936 1820 reparatum
2971 1761 3037 1800 ac
3089 1745 3461 1799 emendatum
3497 1760 3585 1798 vo-

213 1844 392 1892 πτῶσιν
445 1835 741 1906 εὐδόκησεν
801 1839 829 1890 ὁ
889 1838 1088 1910 Κύριος
1134 1836 1639 1913 ἐπανορφώσασθαι,
1671 1856 1835 1906 προσο

1955 1843 2082 1911 luit,
2116 1857 2345 1913 irquum
2406 1843 2530 1892 erat
2561 1837 2618 1891 in
2671 1835 3056 1908 aequinoctiali
3090 1834 3224 1887 anni
3286 1832 3591 1902 principio,

215 1935 324 1996 ἧκον
371 1927 434 1995 ἦν
486 1925 540 1980 ἐν
585 1928 656 1996 τῇ
700 1929 800 1979 τοῦ
847 1927 1058 1999 χρόνου
1095 1925 1385 2000 ἰσημερινῇ
1425 1927 1596 2000 ἀρχῇ,
1629 1927 1744 1978 καθ’
1774 1925 1835 1992 ἣν

213 2017 523 2089 ὁάνθρωπος
571 2018 673 2083 τήν
724 2016 948 2087 πρώτην
1003 2013 1130 2089 ἔσχε
1169 2014 1384 2083 πλάσιν,
1418 2015 1506 2068 καὶ
1537 2016 1636 2082 τήν
1674 2011 1838 2067 αὺτοῦ

213 2107 626 2178 οἱκονομηθῆναι
688 2103 1012 2172 ἀνάπλασιν,
1045 2105 1132 2158 καὶ
1194 2105 1298 2172 ὅτι,
1356 2103 1543 2172 ἐπειδὴ
1601 2105 1663 2157 τὸ
1722 2108 1838 2176 φῶς

213 2193 417 2260 ἔμελλεν
474 2192 656 2265 αὔξειν
709 2197 811 2256 τῆς
868 2189 1165 2260 εὐσεϐείας,
1219 2194 1307 2247 καὶ
1364 2195 1426 2247 τὸ
1492 2194 1682 2253 σκότος
1741 2198 1840 2260 τῆς

208 2277 424 2344 ἀσεϐείας
502 2283 818 2354 μειοῦσθαι,
891 2283 1005 2354 μετ’
1069 2281 1360 2354 ἰσημερίαν
1433 2284 1495 2336 τὸ
1570 2283 1838 2355 σωτήριον

215 2376 384 2449 Πάσχα
441 2373 544 2426 οὐκ
604 2370 708 2440 ἔξω
760 2369 932 2443 λόγου
963 2370 1226 2439 τελεῖται,
1257 2371 1417 2440 ἡνίκα
1471 2372 1534 2426 τὸ
1590 2371 1683 2442 μὲν
1739 2377 1843 2438 τῆς

211 2463 395 2535 ἡμέρας
461 2467 580 2536 φῶς
642 2456 952 2528 ἐπιδίδωσι,
1013 2467 1112 2529 τῆς
1169 2462 1361 2522 νυκτὸς
1419 2457 1475 2514 δὶ
1531 2462 1593 2515 τὸ
1650 2459 1840 2522 σκότος

214 2549 534 2604 ἐλαττοῦται.

270 2636 369 2692 Οὐκ
396 2638 474 2693 ἀεὶ
508 2639 567 2693 δὲ
594 2639 786 2712 κύριον
817 2638 1015 2711 γίνεται
1062 2638 1276 2712 Πάσχα,
1309 2637 1447 2694 διότι
1507 2637 1589 2692 ἐπὶ
1647 2639 1844 2693 τούτου

217 2731 309 2805 χρὴ
363 2727 549 2782 πολλα
603 2724 1063 2802 συνδραμεῖν.οὺ
1124 2729 1288 2802 μόνον
1347 2732 1448 2804 γὰρ
1485 2731 1547 2782 τὸ
1579 2730 1692 2784 κατ’
1723 2725 1842 2791 ἔτος

216 2817 622 2889 ἐπιζητούμενον
677 2823 779 2885 τῆς
855 2816 1089 2887 σελήνης
1170 2817 1400 2891 πλῆρες.
1459 2817 1592 2892 ὅπερ
1643 2820 1678 2887 ἡ
1737 2821 1846 2872 τῶν

216 2909 411 2980 ἡμερῶν
492 2903 1053 2979 τεσσαρεσκαιδεκάτη
1139 2906 1306 2981 ταύτῃ
1394 2907 1698 2981 χαρίζεται,
1773 2910 1842 2979 τῇ

218 2994 450 3068 ἰσημερίᾳ
480 2993 564 3051 δεῖ
615 2995 918 3058 συνελθεῖν,
947 2993 1096 3049 ἀλλά
1127 2998 1215 3050 καὶ
1244 2998 1343 3064 τήν
1376 2993 1538 3066 ἕκτην
1565 3001 1670 3050 τῶν
1703 2999 1844 3068 ἠμε-

217 3088 329 3156 ριίν,
356 3087 442 3138 καὶ
472 3087 574 3153 τὴν
608 3088 710 3139 τοῦ
743 3085 987 3156 Μαρτίου
1018 3085 1206 3159 τρίτην
1252 3085 1340 3139 καὶ
1392 3086 1666 3154 εἰκοστὴν,
1707 3085 1840 3153 ἅπερ

216 3175 286 3226 καὶ
318 3175 400 3228 δτε
437 3175 466 3228 ὁ
497 3178 726 3247 πρῶτος
757 3171 933 3246 ’Δδάμ
961 3173 1280 3240 ἐπλάττετο,
1313 3174 1399 3228 καί
1459 3176 1547 3228 ὅτε
1579 3175 1714 3245 πρὸς
1744 3178 1840 3228 τοῦ
1873 3209 1916 3276 C

220 3260 444 3339 δευτέρου
503 3262 691 3337 Ἀδάμ
747 3264 907 3326 αὐτὸς
982 3265 1138 3326 οὗτος
1192 3265 1572 3333 ἀνεπλάττετο,
1633 3287 1840 3336 συνημ·

223 3354 328 3423 μένσ
381 3356 468 3422 ἦν.
501 3359 686 3408 Ταῦτα
743 3351 802 3408 δὲ
858 3353 1093 3418 σπανίως
1143 3356 1319 3410 εἰώθει
1360 3355 1682 3427 συμπίπτειν
1712 3374 1723 3385 '
1759 3353 1844 3408 διὸ

220 3443 290 3494 καί
331 3444 377 3496 οἱ
427 3443 721 3517 λεγόμενοι
771 3438 1075 3514 ἐμϐόλιμοι
1128 3448 1294 3516 μῆνες
1343 3444 1708 3518 εἰσαγόμενοι,
1747 3444 1846 3512 τὴν

220 3533 323 3603 περὶ
374 3533 464 3586 τὸν
513 3534 710 3608 καιρὸν
755 3536 853 3586 τοῦ
920 3532 1109 3608 Πάσχα
1173 3538 1426 3587 ποιοῦσιν
1505 3532 1841 3606 ἀνωμαλίαν.

220 3621 595 3694 Ἐπιζητοῦμεν
645 3622 750 3695 γαρ
797 3619 881 3675 ἐπὶ
923 3626 1004 3694 τῷ
1053 3623 1308 3697 σωτηρίῳ
1356 3624 1534 3689 πάθει,
1571 3643 1847 3697 προηγου-

225 3710 378 3776 μένως
429 3712 547 3781 μὲν,
575 3711 657 3771 ὡς
709 3707 1042 3779 δεδήλωται,
1073 3713 1174 3778 την
1218 3719 1319 3780 τῆς
1363 3710 1600 3781 σελήνης
1634 3708 1696 3764 ιδί
1731 3711 1847 3782 μετ’

225 3798 483 3871 ἶσημερίαν
545 3800 686 3852 εἶναι
710 3817 724 3830 °
761 3797 805 3852 εἰ
836 3797 939 3875 γάρ
994 3802 1184 3874 μικρὸν
1214 3805 1346 3876 γοῦν
1375 3801 1588 3878 φθάσειε
1619 3799 1845 3870 ταύτην,

225 3887 364 3957 νόμος
411 3893 538 3960 παρ’
590 3890 731 3959 ἡμῖν
781 3889 947 3955 θεῖος,
979 3890 1071 3943 τὸν
1127 3890 1220 3961 μὲν
1269 3889 1589 3959 σεληνιακὸν
1647 3887 1848 3943 ἐκεῖνον

228 3981 353 4041 μῆνα
400 3976 748 4030 παντάπασιν
809 3977 1030 4043 ἀθετεῖν,
1065 3980 1199 4052 πρὸς
1257 3977 1314 4032 δὲ
1367 3981 1464 4044 τήν
1503 3976 1569 4032 ιδ’
1600 3983 1696 4032 τοῦ
1727 3979 1848 4046 ἑξῆς

226 4063 438 4134 ἀπαντᾷν
462 4085 474 4096 ·
531 4065 720 4120 ἔπειτα
753 4071 991 4139 Κυριακῇ
1036 4073 1097 4122 τό
1135 4070 1323 4142 Πάσχα
1373 4066 1570 4123 τελεῖν.
1603 4068 1690 4121 καὶ
1732 4072 1850 4130 τοῖς

227 4150 461 4215 Ἰουδαίος
515 4155 596 4226 μή
642 4155 1134 4226 συνεορτάζειν.οὒ
1180 4156 1366 4231 χάριν,
1397 4157 1486 4209 καὶ
1534 4155 1582 4210 ε’ί
1635 4177 1695 4232 γε
1744 4164 1847 4210 Κυ-

231 4244 366 4314 ριακῇ
414 4245 475 4298 τὸ
526 4239 832 4298 Ἰουδαϊκὸν
876 4244 1069 4318 Πάσχα
1129 4243 1395 4305 συνέλθοι,
1448 4244 1522 4304 εἰς
1577 4246 1677 4311 τὴν
1725 4246 1845 4316 ἑξῆς

227 4331 365 4399 ἡμεῖς
412 4331 808 4404 ὑπερτιθέμεθα
853 4333 918 4386 τὸ
972 4333 1266 4406 ἡμέτερον,
1314 4333 1434 4402 ἥτις
1494 4335 1698 4408 καθαρά
1747 4331 1850 4403 δή-

227 4437 312 4473 που
354 4420 441 4474 καὶ
490 4421 751 4496 ἐλευθέρα
792 4428 892 4490 τῆς
936 4427 1040 4476 τῶν
1074 4421 1348 4478 Ἰουδαίων
1394 4422 1541 4478 ἔσται
1597 4421 1844 4492 τελετῆς.

229 4506 548 4580 ’Δνωμαλίας
597 4509 692 4565 οὖν
742 4509 832 4566 διά
873 4516 1037 4566 ταῦτα
1082 4513 1204 4586 περὶ
1255 4514 1352 4580 τής
1399 4514 1590 4580 ἒορτήν
1623 4514 1848 4588 γινομε-

1954 1932 2108 1990 circa
2138 1931 2288 2002 quod
2331 1928 2584 2000 primum
2621 1927 2794 1980 homo
2834 1925 3031 1994 lapsus
3060 1927 3168 1988 est,
3207 1922 3379 1976 etiam
3432 1921 3591 1976 resti-

1949 2022 2231 2079 tutionem
2265 2019 2396 2088 ejus
2430 2015 2615 2085 parari
2655 2032 2666 2068 :
2702 2015 2820 2068 imo
2861 2028 3010 2074 vero,
3044 2013 3322 2081 quoniam
3357 2019 3473 2064 tum
3508 2009 3594 2061 lu-

1949 2127 2072 2166 cem
2109 2111 2332 2179 pietatis
2362 2122 2620 2162 crescere
2651 2104 2967 2174 oportebat,
3016 2103 3396 2170 tenebrasque
3456 2104 3595 2152 auten

1951 2198 2264 2270 impietatis
2296 2195 2583 2257 imminui,
2616 2193 2866 2247 salutare
2900 2191 3116 2245 Pascha
3174 2207 3284 2244 non
3343 2191 3466 2242 sine
3509 2206 3591 2240 ra-

1951 2289 2108 2346 tione
2139 2294 2270 2341 ante
2303 2283 2714 2354 aequinoctium
2749 2281 3089 2345 celebratur,
3125 2281 3358 2350 quando
3390 2278 3599 2334 «nescit

1951 2377 2050 2433 lux
2076 2378 2303 2445 diurna,
2331 2381 2386 2430 et
2421 2372 2601 2428 noctis
2633 2373 2975 2425 decrescunt
3005 2370 3272 2424 tenebrae.

2027 2662 2148 2712 Non
2194 2653 2401 2709 accidit
2458 2657 2650 2708 autem
2700 2650 3014 2722 quotannis
3081 2649 3310 2722 proprie
3369 2649 3588 2703 dictum

1955 2745 2176 2802 Pascha
2211 2760 2224 2798 :
2258 2760 2395 2798 nam
2443 2746 2505 2796 ut
2536 2741 2644 2795 hoc
2697 2740 2820 2807 fiat,
2873 2738 3059 2794 multa
3101 2754 3219 2793 una
3264 2753 3601 2792 concurrere

1955 2837 2188 2891 debent.
2233 2833 2358 2887 Non
2417 2829 2608 2886 solum
2665 2828 2839 2883 enim
2882 2828 3227 2899 requisitum
3285 2826 3598 2896 quotannis

1956 2922 2363 2994 plenilunium,
2407 2920 2559 2990 quod
2591 2917 2716 2973 dies
2747 2918 3011 2972 decimus
3065 2921 3311 2988 quartus
3363 2915 3596 2984 praebet,

1954 3028 2086 3066 cum
2121 3010 2467 3078 aequinoctio
2514 3022 2856 3061 concurrere
2904 3023 3073 3076 opus,
3134 3005 3232 3060 sed
3292 3011 3349 3058 et
3397 3003 3595 3057 feriam

1955 3104 2174 3156 sextam
2224 3103 2281 3152 et
2333 3097 2486 3151 diem
2544 3095 2734 3150 Martii
2795 3095 3028 3148 tertium
3087 3098 3217 3164 post
3262 3091 3596 3146 vicesimum

1956 3186 2302 3250 coincidere,
2361 3189 2426 3239 ut
2480 3183 2796 3252 conjuncta
2847 3185 2966 3237 sint
2995 3180 3137 3236 adeo
3169 3183 3428 3249 tempora
3467 3194 3596 3232 cum

1958 3275 2183 3346 primus
2212 3272 2391 3328 Adam
2435 3277 2661 3326 creatus
2707 3275 2851 3335 erat,
2912 3276 3088 3340 atque
3135 3269 3288 3323 idem
3348 3267 3444 3321 ille
3502 3283 3601 3336 per

1954 3363 2275 3418 secundum
2299 3362 2583 3414 Adamum
2618 3359 2939 3413 restitutus.
2975 3357 3103 3412 Hec
3135 3359 3327 3411 autem
3365 3371 3599 3426 perraro

1956 3469 2072 3506 uno
2103 3451 2421 3519 eodemque
2453 3453 2709 3518 tempore
2740 3446 3034 3516 obtingere
3076 3444 3287 3500 solent.
3331 3445 3515 3508 Quare
3544 3447 3600 3498 et

1956 3556 2184 3596 menses
2243 3536 2538 3607 adjectitii,
2599 3551 2748 3606 quos
2819 3534 3196 3589 introducunt
3252 3537 3598 3603 vocantquo.

1957 3630 2110 3685 circa
2156 3637 2386 3696 tempus
2448 3625 2746 3679 Pascbatis
2796 3623 3147 3679 anomaliam
3208 3623 3460 3693 pariunt.
3513 3621 3602 3674 lu-

1958 3718 2162 3790 primis
2193 3717 2346 3772 enim
2417 3714 2768 3784 requirimus
2823 3714 2891 3767 ad
2952 3712 3202 3769 salutare
3261 3711 3503 3776 Pascha,
3538 3716 3600 3764 ut

1960 3810 2097 3862 luna
2127 3805 2354 3860 decima
2411 3812 2613 3874 quarta
2673 3809 2799 3872 post
2841 3800 3246 3870 aequinoctium
3282 3799 3598 3866 contingat.

1957 3896 2101 3952 Nam
2149 3893 2197 3948 si
2255 3892 2338 3947 vel
2391 3893 2701 3947 minimum
2757 3891 3133 3962 przecesserit,
3193 3887 3390 3943 volunt
3448 3887 3600 3956 legt-s

1957 4001 2134 4039 sacrm
2167 3983 2316 4054 apud
2354 3999 2458 4036 nos
2513 3995 2765 4035 mensem
2821 3979 2985 4033 illum
3051 3980 3309 4033 lunarem
3371 3977 3601 4048 penitus

1957 4074 2139 4143 rejici,
2199 4078 2254 4127 et
2311 4073 2381 4126 ad
2441 4071 2594 4126 diem
2671 4070 2963 4124 decimum
3021 4075 3296 4140 quartum
3383 4069 3603 4121 mensis

1957 4163 2256 4234 sequentis
2327 4162 2656 4232 procedere,
2717 4173 2892 4230 atque
2986 4160 3217 4214 demum
3307 4157 3602 4212 Dominica

1960 4253 2123 4325 proxi
2149 4271 2221 4306 na
2256 4253 2472 4306 Pascha
2531 4250 2842 4317 celebrare,
2871 4255 2929 4304 at
2984 4264 3114 4303 vero
3146 4264 3263 4303 una
3319 4263 3474 4302 eum.
3507 4247 3605 4300 Ju-

1957 4343 2095 4398 dzeis
2131 4341 2289 4396 nullo
2312 4342 2481 4395 modo
2510 4341 2720 4394 festum
2746 4355 2930 4407 agere.
2959 4336 3347 4404 Quamobrem
3373 4335 3598 4390 etiamsi

1954 4432 2256 4488 Judaicum
2318 4429 2540 4485 Pascha
2594 4428 2653 4482 in
2711 4428 2864 4483 diem
2948 4427 3304 4482 Dominicam
3366 4425 3603 4489 incidat,

1959 4538 2061 4575 nos
2110 4520 2166 4573 in
2227 4519 2482 4588 proxime
2541 4522 2882 4587 sequentem
2945 4520 3201 4569 nostrum
3254 4513 3603 4574 differimus,

230 4615 308 4661 Vn:
349 4603 440 4652 τοῦ
495 4600 716 4674 Πάσχα,
758 4606 858 4668 τῆς
907 4599 1096 4673 κυρίας
1137 4605 1232 4654 τοῦ
1284 4603 1454 4673 μηνὸς
1504 4570 1713 4676 ἡμέρας
1761 4600 1841 4655 ἐπῖ

1959 4625 2084 4680 qua
2143 4570 2374 4677 quidem
2433 4622 2576 4676 pura
2623 4570 2690 4659 sit
2743 4622 2810 4659 ac
2865 4604 3121 4658 Judaicae
3183 4570 3603 4658 observationis

232 4685 280 4737 τὸ
314 4686 570 4742 πλεῖστον
621 4686 1078 4763 διαμαρτάνομεν.
1133 4691 1194 4744 Ὁ
1247 4692 1352 4764 γὰρ
1406 4690 1596 4764 Κύριος
1633 4693 1695 4744 τὸ
1740 4712 1850 4744 σω-

232 4776 392 4843 τήριον
444 4776 666 4842 ὑπῆλθε
715 4779 906 4849 πάθος,
941 4780 1089 4856 εφλθ⁶
1140 4778 1291 4840 ἔτους
1333 4780 1696 4852 ἐνισταμένου,
1731 4779 1848 4847 τρί-

234 4882 303 4914 τον
335 4866 422 4934 μεν
453 4867 543 4919 καὶ
579 4866 823 4921 εἷ’κοστὸν
879 4873 975 4922 τοῦ
1033 4867 1199 4936 ἡλίου
1255 4867 1456 4923 κύκλον
1511 4867 1848 4940 διανύοντος,

237 4947 422 5006 δέκατον
470 4952 527 5008 δὲ
580 4962 682 5024 τῆς
731 4956 965 5027 σελήνης
993 4977 1006 4990 ο
1041 4959 1131 5011 καὶ
1190 4960 1240 5012 οἱ
1302 4959 1396 5030 μὲν
1431 4956 1682 5013 Ἰουδχῖοι
1727 4960 1848 5030 περὶ

236 5040 283 5092 τὸ
331 5040 630 5098 Ἰουδαϊκὸν
687 5045 834 5119 εἶχον
894 5047 1081 5121 Πάσχα
1136 5051 1203 5119 τῇ
1261 5047 1541 5116 τελευταίᾳ
1604 5069 1696 5119 μεν
1749 5055 1849 5116 τῆς

239 5123 508 5199 ὶὸδομάδος
561 5134 766 5208 ἡμέρᾳ,
804 5135 878 5196 ὥς
921 5156 1080 5208 φασιν
1131 5138 1183 5190 οἱ
1226 5136 1626 5210 εὐαγγελισταὶ,
1680 5137 1849 5209 μεγά·

241 5213 322 5285 λην
350 5217 751 5284 ἀποκαλοῦντες
775 5225 874 5291 την
903 5223 1109 5298 ἡμέραν
1139 5223 1346 5294 ἐκείνην
1396 5230 1492 5279 τοῦ
1546 5221 1848 5294 Σαϐϐάτου,

237 5306 432 5380 τετάρτῃ
479 5307 539 5364 δὶ
591 5315 688 5366 τοῦ
735 5312 977 5386 Μαρτίου
1024 5315 1110 5369 καὶ
1161 5314 1398 5388 εἰκοστῇ.
1433 5319 1542 5384 Τῆς
1575 5313 1631 5368 δὲ
1670 5314 1851 5370 ἐπιού-

242 5411 319 5462 σης
364 5402 654 5472 Κυριακῆς,
707 5401 830 5470 ἥτις
875 5407 954 5473 τῷ
995 5403 1142 5476 ἡλίῳ
1181 5404 1482 5480 ἀφώρισται
1538 5406 1850 5479 κατεζαίρε-

241 5500 332 5553 τιιν¹
369 5487 452 5539 καὶ
512 5487 590 5550 εἷς
639 5492 740 5560 τήν
787 5489 1042 5562 πίμπτην
1085 5497 1175 5548 καί
1225 5493 1473 5560 εἰκοστὴν
1534 5491 1850 5557 ἀκολούθως

240 5576 318 5626 τοῦ
363 5578 598 5652 Μαρτίου
643 5577 837 5649 ἐτέλει,
869 5582 898 5634 ὁ
933 5582 1128 5651 νοητὸς
1173 5589 1271 5652 τῆς
1314 5581 1662 5652 δικαιοσύνης
1692 5583 1853 5653 ἥλιος

240 5661 444 5734 Χριστὸς
499 5667 559 5721 ἐκ
615 5674 710 5722 τοῦ
764 5671 936 5747 τάφου
993 5672 1283 5729 ἀνέτειλεν.
1344 5673 1492 5730 Ἐπεὶ
1565 5673 1742 5729 τοίνυν
1790 5675 1853 5731 τὸ

531 5769 787 5836 ΡΑτεοι.
835 5773 942 5836 Gn.
986 5773 1208 5838 CXLV.

1957 4699 2157 4754 libera.
2193 4697 2346 4752 204
2376 4695 2658 4757 Quoniam
2695 4693 2870 4761 igitur
2912 4693 3003 4747 bis
3044 4692 3114 4746 de
3144 4691 3339 4746 causis
3369 4706 3577 4744 aneiua

1961 4790 2036 4842 lia
2067 4787 2251 4840 oritur
2274 4785 2425 4838 circa
2458 4785 2663 4837 festum
2713 4782 3008 4844 Paschale,
3042 4798 3075 4834 a
3124 4779 3351 4850 proprio
3384 4781 3602 4832 mensis

1959 4878 2052 4930 die
2085 4879 2148 4928 ut
2176 4873 2498 4944 plurimum
2559 4873 2922 4926 aberramus.
2955 4869 3241 4922 Sustinuit
3295 4867 3446 4921 enim
3500 4867 3606 4919 Dn-

1963 4966 2155 5019 minus
2191 4961 2517 5032 passionem
2545 4959 2856 5014 salutarem
2921 4975 3072 5013 anno
3123 4957 3265 5011 5539
3312 4963 3602 5020 currente,

1959 5053 2079 5108 sole
2103 5057 2225 5106 tum
2272 5050 2340 5103 23
2380 5049 2605 5120 cyclum
2659 5057 3015 5115 transeunte,
3067 5045 3207 5100 luna
3263 5061 3394 5099 vero
3453 5043 3602 5096 deci-

1963 5158 2166 5208 mum;
2199 5149 2370 5211 atque
2400 5139 2580 5194 Judaei
2612 5138 2847 5208 quidem
2883 5138 3101 5192 Pascha
3131 5136 3442 5190 Judaicum
3475 5149 3602 5201 age-

1964 5235 2096 5288 bant
2127 5230 2464 5301 septimante
2511 5229 2605 5282 die
2655 5229 2886 5292 ultima,
2932 5233 2994 5280 ut
3033 5229 3326 5280 testantur
3371 5238 3605 5292 evange-

1962 5321 2124 5388 lislte,
2171 5319 2269 5390 qui
2322 5334 2592 5388 magnam
2644 5323 2848 5371 vocant
2895 5315 3046 5369 diem
3109 5313 3268 5368 illam
3323 5311 3600 5377 Sabbati;

1959 5412 2052 5466 die
2101 5426 2232 5465 vero
2284 5409 2469 5464 Martii
2510 5407 2781 5462 vicesima
2838 5411 3066 5476 quarta.
3133 5403 3268 5458 Dein
3331 5403 3605 5474 postridie

1959 5499 2302 5556 succedente
2334 5497 2656 5563 Dominica,
2691 5512 2816 5567 qua:
2848 5494 2954 5549 soli
2983 5492 3193 5548 eximie
3217 5491 3604 5556 tribuebatur,

1960 5594 2018 5647 et
2073 5589 2132 5644 in
2190 5587 2531 5644 vicesimum
2592 5585 2860 5656 quintum
2921 5580 3109 5637 Martii
3187 5585 3610 5651 consequenter

1961 5677 2290 5748 desinebat,
2323 5673 2706 5748 intelligibilis
2734 5672 2834 5729 ille
2858 5669 3102 5743 justitia
3136 5669 3222 5728 sol
3243 5669 3506 5726 Christus
3536 5670 3608 5728 de

3247 5772 3288 5860 3
