4060 6228
402 348 481 430 -ιέ
1675 354 2005 430 ΜΑΤΤΗᾸ

2200 350 2524 430 ASTARIS
3728 356 3803 429 76

400 502 670 574 sepulcro
689 500 1075 557 exoriebatur.
1098 500 1383 566 Quoniam
1402 499 1582 571 igitur
1596 497 1820 556 Pascha
1835 499 2003 572 legali

2200 500 2406 573 δμικὸν,
2457 498 2530 559 ὡς
2589 497 2826 574 εἴρηται,
2884 499 3074 576 Πάσχα
3136 497 3204 555 ιδ’
3248 504 3339 570 τῆς
3392 501 3633 572 σελήνης
3688 503 3803 574 μετ’

399 599 575 662 quod,
608 594 911 647 utdictum
943 598 1050 656 est,
1085 589 1310 647 decima
1336 594 1540 661 quarta
1563 589 1699 646 luna
1723 595 1855 660 post
1872 607 2000 662 aqu

2195 586 2441 660 ιημερίαν
2488 585 2746 658 τελεῖται,
2775 588 2881 642 ἀπὸ
2926 594 3023 657 τῆς
3066 590 3147 643 κα¹
3193 594 3289 644 τοῦ
3337 589 3579 664 Μαρτίου
3634 591 3798 664 μέχρι

401 681 657 736 noctium
707 680 1043 747 celebratur,
1093 697 1128 734 a
1174 679 1270 735 die
1309 679 1375 733 21
1418 678 1606 737 Martii
1642 694 1830 749 usque
1870 681 1943 734 ad
1979 681 2001 734 1

2195 682 2251 745 ἧς
2305 680 2378 746 ιη’
2409 679 2505 731 τοῦ
2536 675 2825 750 Ἀπριλίου
2872 677 3062 740 εἰωθὸς
3111 675 3427 750 ἐμπίπτειν,
3456 679 3521 733 τὸ
3569 676 3626 734 δὲ
3665 678 3798 750 ἡμέ-

399 768 610 838 Aprilis
656 767 917 839 divagari
975 767 1125 824 solet
1171 783 1186 822 :
1240 773 1511 824 nostrum
1557 783 1693 824 vero
1742 765 2002 824 Dominic

2196 785 2305 839 ερον
2360 768 2428 839 τῇ
2488 765 2618 839 μετᾶ
2665 770 2831 822 τοῦτο
2867 770 3134 842 Κυριακῇ,
3185 765 3525 844 δημιουργὸς
3579 764 3636 823 δὶ
3693 772 3799 823 τῶν

399 861 659 927 proxime
704 861 979 927 sequente
1022 856 1266 921 obtinet,
1315 865 1488 928 atque
1535 855 1713 912 etiam
1763 856 1848 912 sol
1908 873 2002 912 cui

2200 859 2377 926 μερῶν
2408 876 2465 911 τε
2493 854 2583 910 καὶ
2635 850 2954 928 ἓὸδομάτων
3008 858 3035 911 6
3083 855 3273 926 ⁴ἣλιος⁹
3307 856 3633 936 ἀμφοτέρων
3693 862 3803 911 τῶν

399 948 627 1002 dierum
658 953 783 1001 tum
837 947 1291 1015 septimanarum
1342 948 1557 1002 arbiter
1606 945 1704 1013 sit,
1745 946 2002 1017 utriusqu

2197 944 2349 998 ώτων
2377 944 2506 1006 τοὺς
2536 941 2771 1006 κύκλους
2813 941 3302 1019 διαμετρούμενος,
3331 950 3394 1001 τὸ
3444 947 3800 1020 προκείμενον

398 1037 541 1090 adeo
592 1035 902 1090 luminaria
975 1035 1165 1106 cyclos
1224 1040 1610 1106 supputantes
1684 1036 2001 1107 proposita:

2199 1054 2213 1089 ι
2266 1039 2362 1088 τοῦ
2422 1032 2622 1109 ῥᾷστου
2672 1035 2950 1108 θηρῶμεν.
2988 1033 3191 1091 Κύκλοι
3220 1035 3397 1091 τοίνυν
3429 1035 3684 1107 ἐτέθησαν
3730 1037 3802 1109 τῇ

398 1126 652 1182 facilime
709 1125 1080 1196 indagamus.
1138 1124 1441 1196 ldpropter
1514 1122 1660 1196 cycli
1731 1124 2001 1180 constitui

2202 1122 2250 1176 ὲν
2279 1122 2481 1197 σελήνῃ
2521 1124 2601 1191 ιϐ’,
2635 1122 2778 1178 ὀκτὼ
2811 1121 2869 1178 δὲ
2896 1123 2987 1178 καὶ
3035 1121 3212 1179 ε’ἱκοσι
3258 1129 3338 1197 τῷ
3386 1123 3537 1197 ἡλίῳ
3567 1143 3580 1157 ’
3612 1124 3805 1180 κάκεῖ-

398 1215 609 1270 bantur
637 1215 787 1270 lunai
818 1214 1056 1285 quidem
1087 1214 1176 1281 19,
1205 1215 1344 1269 solis
1375 1229 1510 1270 vero
1537 1214 1628 1269 28.
1660 1213 1815 1286 Cycli
1846 1220 2001 1271 auter

2200 1233 2233 1265 lt
2287 1213 2381 1284 μὲν
2430 1211 2537 1266 ἀπὸ
2577 1216 2675 1267 τοῦ
2710 1213 3051 1287 Ἰανουαρίου
3085 1212 3238 1286 νόμῳ
3270 1216 3478 1290 φύσεως
3509 1211 3803 1288 ἄρχονται,

396 1308 546 1358 lunas
569 1320 603 1357 a
629 1304 920 1368 Januario,
954 1302 1119 1373 quasi
1144 1302 1314 1372 juxta
1339 1306 1553 1358 naturis
1586 1302 1771 1372 legem
1805 1303 1999 1359 initiui

2206 1320 2332 1375 σπερ
2359 1299 2424 1371 δὴ
2457 1301 2545 1355 καὶ
2580 1303 2608 1355 6
2636 1301 2836 1372 ταύτης
2871 1301 3130 1375 θεμέλιος
3154 1320 3169 1335 ⁶
3204 1304 3255 1357 οἱ
3289 1301 3345 1357 δέ
3386 1324 3446 1378 γε
3500 1307 3596 1358 τοῦ
3631 1301 3809 1373 ἡλίου

395 1399 657 1458 sumunt,
680 1392 761 1446 ita
789 1400 847 1446 et
877 1393 1322 1447 fundamentum
1360 1392 1528 1461 ejus;
1552 1390 1694 1447 solis
1724 1408 1859 1447 vero
1896 1408 1995 1461 cyc

2199 1390 2248 1458 ἣν
2284 1392 2462 1465 ἀρχὴν
2510 1394 2606 1445 τοῦ
2657 1385 2999 1466 Ὀκτωϐρίου
3056 1385 3220 1467 ἔσχον
3261 1392 3478 1471 ἀρχήν·
3513 1390 3802 1467 οὐδέτερον

393 1497 427 1534 a
467 1480 750 1551 principio
793 1481 1056 1535 Octobris
1104 1480 1411 1551 incipiunt.
1461 1480 1586 1537 Non
1644 1485 1837 1537 autem
1868 1481 1996 1552 inop

2204 1478 2370 1553 téyui;
2403 1480 2578 1553 οἶμαι,
2614 1479 2657 1533 εἰ
2690 1479 2779 1534 καὶ
2809 1480 2907 1543 τὰς
2934 1478 3109 1543 αἰτίας
3140 1480 3351 1537 τούτων
3399 1476 3556 1558 ἔργον
3592 1478 3807 1551 διεξελ-

394 1576 709 1640 portunum
733 1585 860 1625 reor
890 1569 1066 1625 etiam
1099 1570 1340 1625 istarum
1385 1585 1581 1625 rerum
1612 1586 1822 1627 causas
1868 1586 2038 1627 enar-
2152 1571 2284 1624 Θεῖν.

392 1674 545 1713 1⁸81⁵6.

643 1797 824 1865 Quare
842 1795 986 1868 ονοιί
1024 1795 1243 1850 lunares
1280 1796 1388 1850 sint
1419 1810 1647 1850 numero
1679 1795 1764 1849 19.

2323 1794 2446 1854 Διά
2483 1793 2546 1848 τί
2588 1796 2665 1847 ιϐ’
2705 1802 2821 1865 τῆς
2861 1796 3151 1868 σελήνης
3189 1796 3320 1850 είσί
3358 1794 3617 1851 κύκλοι.

2070 1878 2112 1942 Β

461 1932 543 1986 Ad
576 1931 645 1986 19
672 1930 849 2000 igitur
876 1928 1195 2001 cycliluntn
1242 1944 1423 1999 usque
1469 1929 1813 1995 ascendunt,
1865 1935 2037 2000 atque

2216 1930 2396 2006 Μέχρι
2431 1932 2525 2003 μὲν
2558 1929 2648 1987 οὖν
2679 1935 2786 1986 τῶν
2818 1933 2883 1996 ιθ¹
2913 1933 2965 1987 οἱ
3013 1938 3112 2001 τῆς
3163 1931 3397 2003 σελήνης
3436 1925 3798 2001 ἀναϐιϐάζον-

392 2024 496 2076 hac
528 2022 748 2075 ratione
779 2021 998 2074 mensis
1028 2018 1250 2073 lunaris
1273 2020 1441 2087 juxta
1470 2018 1789 2073 rotundum
1838 2019 1995 2074 calcu

2192 2038 2227 2072 ιι
2261 2017 2456 2073 κύκλοι
2479 2039 2492 2052 ο
2534 2016 2624 2074 διὰ
2651 2024 2842 2075 τοῦτον
2874 2022 2967 2076 τὸν
3016 2022 3219 2096 τρόπον
3250 2022 3278 2075 6
3310 2020 3633 2091 σεληνιακὸς
3681 2022 3795 2092 μὴν

390 2111 510 2166 lum
542 2118 632 2166 est
687 2112 911 2166 dierum
968 2108 1039 2162 29
1093 2123 1229 2164 cum
1285 2108 1527 2163 semisse
1587 2124 1600 2162 :
1659 2109 1919 2179 adeoque
1972 2114 1989 2164 i

2189 2105 2295 2173 ἕως,
2329 2107 2464 2162 κατὰ
2518 2109 2578 2162 τὸ
2637 2110 2959 2188 πρόχειρον,
3019 2107 3089 2165 δι’
3149 2112 3371 2184 ἡμερῶν
3451 2110 3651 2183 γίνεται
3707 2112 3792 2164 κθ⁸

391 2202 578 2272 spatio
605 2215 801 2255 annuo
829 2198 1135 2255 duodecim
1175 2212 1405 2253 menses
1434 2196 1671 2252 lunares
1713 2197 1994 2254 conficiun

2188 2196 2231 2250 ιὶ
2289 2198 2581 2268 ἡμισείας·
2637 2198 2806 2272 ταύτῃ
2866 2220 2951 2253 τοι
3010 2200 3100 2253 καὶ
3158 2200 3276 2254 κατ’
3306 2198 3549 2253 ἐνιαυτὸν
3580 2200 3633 2252 οἱ
3689 2205 3791 2268 τῆς

394 2290 521 2345 dies
542 2290 668 2357 354,
700 2304 829 2361 qua:
859 2304 892 2343 a
932 2287 1039 2343 365
1085 2286 1293 2342 diebus
1331 2302 1466 2341 cum
1497 2288 1840 2357 quadrante,
1883 2305 1997 2359 quo

2189 2282 2374 2355 ιλήνης
2426 2286 2497 2359 ιβ’
2549 2288 2736 2360 μῆνες,
2778 2286 2854 2348 είς
2924 2287 3133 2360 ἡμέρας
3182 2291 3474 2343 ποσοῦνται
3516 2284 3646 2350 τνδ’,
3704 2285 3792 2341 ἐνο

390 2378 476 2435 sol
510 2387 660 2433 motu
683 2392 788 2432 suo
816 2393 1014 2433 annuo
1053 2377 1294 2447 peragit,
1327 2376 1536 2431 diebus
1594 2377 1864 2431 undecim
1896 2394 1993 2433 cur

2187 2378 2379 2428 ιουσῶν
2436 2377 2572 2449 πρὸς
2619 2377 2715 2439 τὰς
2764 2378 2870 2446 τξε’
2910 2378 2998 2432 καὶ
3047 2382 3145 2433 τοῦ
3191 2378 3628 2452 τεταρτημορίου
3684 2383 3790 2446 τῆς

391 2471 714 2540 quadrante
743 2465 1038 2522 diiierunt.
1081 2463 1492 2521 Novemdeoim
1528 2470 1719 2519 autem
1753 2466 1992 2522 revoluti

2187 2463 2375 2536 μίρας,
2415 2462 2478 2526 ἃς
2526 2465 2554 2520 6
2598 2464 2759 2534 ἥλιος
2812 2467 2929 2521 κατ’
2958 2465 3201 2522 ἐνιαυτὸν
3250 2472 3510 2535 ποιεῖται,
3565 2468 3790 2539 ἡμερῶν

392 2574 532 2611 num
565 2557 843 2613 solarium
873 2561 1125 2627 tempus,
1182 2556 1334 2625 quod
1393 2553 1517 2609 dies
1566 2554 1801 2625 quidem
1850 2555 1995 2611 efﬁci

2185 2556 2214 2605 ι’
2271 2553 2362 2608 καὶ
2414 2554 2693 2628 τετάρτου.
2755 2553 3242 2619 Ἐννεακαιδεκάκις
3319 2554 3376 2612 δὲ
3446 2561 3515 2631 τῇ
3575 2555 3788 2632 ἡλιακῇ

389 2646 552 2712 6939,
613 2661 730 2700 una
779 2661 911 2699 cum
979 2646 1224 2698 semisse
1280 2648 1338 2698 et
1395 2643 1736 2712 quadrante,
1798 2659 1992 2700 mense

2183 2642 2350 2710 ινήσει
2416 2644 2703 2717 γινόμενος
2763 2645 2791 2699 6
2850 2643 3110 2715 ἐνιαυτὸς,
3165 2646 3258 2701 καὶ
3315 2649 3488 2702 ποιῶν
3574 2642 3786 2721 ἡμέρας

390 2735 691 2790 duodecim
731 2735 967 2789 lunares
996 2732 1059 2788 in
1086 2730 1213 2794 328,
1244 2730 1513 2801 explicat,
1546 2730 1664 2786 sive
1711 2733 1835 2787 dies
1864 2733 1993 2787 6726

2189 2729 2311 2802 790'
2370 2732 2504 2805 πρὸς
2563 2737 2641 2804 τῷ
2686 2732 2876 2807 ἡμίσει
2932 2735 3021 2788 καὶ
3076 2735 3336 2808 τετάρτῳ,
3368 2735 3494 2796 τοὺς
3555 2735 3648 2808 μὲν
3717 2735 3792 2810 ιβ’

390 2834 561 2896 atque
591 2825 831 2894 insuper
859 2822 982 2877 dies
1012 2838 1159 2892 quos
1188 2821 1442 2876 diximus
1473 2821 1800 2891 superﬂuos
1823 2821 1990 2878 sive1

2185 2815 2492 2885 εληνιακοὺς
2554 2827 2726 2890 μῆνας
2787 2820 2833 2882 ίς
2893 2826 3014 2890 σκη¹
3046 2822 3381 2895 περιίστησιν
3442 2819 3493 2876 ἒν
3549 2821 3788 2894 ἡμέραις

390 2928 522 2969 cum
563 2913 881 2983 quadrante
910 2912 969 2965 in
1027 2911 1172 2966 alios
1229 2925 1460 2966 menses
1500 2910 1732 2967 lunares
1779 2917 1993 2983 septem

2187 2908 2326 2980 ψκέ.
2357 2910 2453 2970 τὰς
2504 2906 2562 2963 δὲ
2610 2909 2899 2984 εἰρημένας
2944 2912 3196 2986 περιττὰς
3245 2911 3476 2985 ἡμέρας,
3510 2908 3634 2979 ἤτοι
3691 2913 3790 2974 τὰς

391 3003 510 3059 sive
555 3003 678 3058 dies
732 3002 861 3068 206,
929 3015 1065 3056 cum
1116 2998 1381 3055 semisse.
1445 2999 1576 3055 Dies
1627 3015 1760 3055 vero
1808 3004 1994 3071 septeni

2186 2996 2207 3048 ι’
2237 2996 2325 3049 καὶ
2380 2998 2445 3052 τὸ
2503 2994 2546 3052 δ’
2577 2997 2654 3061 εἷς
2711 2998 2924 3074 ἑτέρους
2985 3000 3344 3070 σεληνισκοὺς
3395 3006 3569 3074 μῆνας
3629 3000 3789 3069 ἑπτὰ,

389 3108 523 3147 cum
554 3091 895 3163 quadrante,
928 3089 1027 3160 qui
1057 3089 1248 3145 adhuc
1295 3088 1646 3157 redundant,
1694 3088 1753 3144 in
1803 3089 1992 3161 integr

2183 3104 2367 3160 (οντας
2426 3085 2626 3160 ἡμέρας
2678 3088 2755 3151 σς⁹
2785 3088 2875 3142 καὶ
2922 3088 3202 3161 ἡμίσειαν.
3235 3090 3357 3146 Ἔτι
3407 3085 3465 3143 δί
3508 3089 3786 3162 εὑρίσκον-

390 3183 550 3252 cyolo
579 3178 928 3237 enneacaide
949 3177 1259 3234 caeteridis
1274 3183 1683 3250 supputantur,
1710 3187 1769 3233 ut
1790 3195 1925 3235 mox
1944 3197 1993 3234 οι

2188 3192 2223 3225 ιι
2263 3174 2672 3246 περιττεύουσαι
2724 3176 2928 3250 ἡμέραι
2987 3183 3030 3246 ζ’
3060 3178 3150 3232 καὶ
3195 3176 3447 3251 τέταρτον
3470 3199 3483 3212 ο
3517 3175 3664 3233 ἀλλὰ
3693 3177 3791 3231 καί

389 3246 679 3327 tendatur.
696 3269 980 3333 Quoniam
1000 3268 1179 3336 enim,
1196 3246 1365 3337 juxta
1388 3246 1787 3335 Ptolemaum,
1811 3269 1992 3323 mensi

2187 3260 2295 3315 Ξται
2326 3265 2396 3334 τῇ
2444 3266 2543 3317 τοῦ
2584 3262 2791 3319 κύκλου
2839 3268 2938 3334 τῆς
2981 3263 3604 3339 ἐννεακαιδεκαετηρίδος
3650 3264 3790 3321 ὁλόο

391 3360 615 3415 lunaris
654 3375 771 3414 non
826 3363 1056 3413 tantum
1104 3356 1313 3412 diebus
1358 3356 1428 3409 29
1474 3360 1723 3424 constat,
1754 3360 1930 3427 atque
1958 3356 1991 3411 3

2185 3369 2261 3419 gn
2343 3352 2762 3428 συνυπάγονται,
2833 3355 2908 3415 ὡς
2990 3352 3361 3429 δειχθήσεται.
3422 3355 3571 3410 Ἐπεὶ
3654 3355 3788 3430 γὰρ,

392 3449 635 3503 minutis
674 3447 905 3519 primis,
936 3446 1055 3501 sive
1083 3444 1196 3500 diei
1226 3444 1490 3513 dimidio,
1522 3444 1622 3499 sed
1654 3444 1893 3515 insuper
1915 3446 1993 3500 mi

2195 3436 2268 3490 xi
2294 3438 2385 3491 τὸν
2420 3437 2786 3510 Πτολεμαῖον,
2817 3439 2946 3515 οὐχὶ
2995 3442 3079 3495 κθ⁸
3125 3443 3348 3515 ἡμερῶν
3393 3441 3482 3495 καὶ
3546 3438 3599 3495 λ’
3627 3443 3798 3515 πρώ-

390 3541 534 3594 nuto
564 3553 678 3593 uno
704 3551 839 3592 cum
869 3534 1116 3591 semisse
1156 3550 1223 3589 ac
1278 3540 1436 3605 parte
1489 3532 1656 3590 tertia
1712 3534 1885 3589 unius
1918 3537 1993 3590 mi

2203 3549 2240 3579 ιν
2292 3524 2503 3582 λεπτῶν
2549 3530 2736 3601 μόνον,
2766 3527 2890 3599 ἤτοι
2942 3530 3198 3603 ἡμισείας
3246 3532 3480 3605 ἡμέρας,
3526 3532 3554 3585 6
3612 3528 3806 3601 σελη-

393 3626 542 3695 nuti,
573 3625 682 3682 hoc
712 3631 821 3688 est.
855 3624 1078 3680 minuto
1130 3639 1266 3689 uno,
1296 3627 1354 3677 et
1398 3622 1675 3678 secundis
1713 3622 1802 3678 50.
1862 3624 1996 3688 Qum

2191 3615 2317 3678 ακὸς
2363 3616 2567 3689 γίνεται
2620 3618 2747 3690 μὴν,
2799 3616 2946 3674 ἀλλὰ
2995 3618 3085 3674 καὶ
3139 3617 3322 3693 ἑτέρου
3398 3620 3602 3675 λεπτοῦ
3665 3620 3794 3681 ἑνὸς

390 3716 494 3770 ille
514 3715 750 3785 quidem
782 3712 1038 3769 ostendit
1095 3726 1197 3782 per
1242 3724 1468 3767 menses
1518 3709 1618 3781 qui
1672 3710 1880 3781 integri
1928 3711 1993 3766 de

2225 3705 2379 3769 ίσεως
2409 3706 2495 3760 καὶ
2527 3706 2734 3780 τρίτου,
2765 3704 2937 3784 ἤγουν
2986 3709 3102 3771 ἑνὸς
3132 3710 3358 3784 πρώτου
3406 3710 3497 3764 καὶ
3526 3712 3572 3764 ν’
3604 3706 3772 3764 διυτέ⁹
3799 3746 3820 3758 .

391 3812 632 3859 currunt
661 3804 809 3859 inter
835 3802 1003 3857 binas
1043 3800 1309 3870 eclipses.
1369 3799 1573 3855 Isthmo
1630 3799 1772 3855 nim.
1830 3800 1994 3855 minu

2216 3813 2281 3847 ν’
2344 3799 2434 3848 xxi
2488 3794 2649 3851 τοῦτο
2704 3794 3055 3852 ἀποδείκνυσι
3133 3796 3225 3853 διὰ
3298 3803 3408 3854 τῶν
3477 3798 3816 3874 γινομέοναιν

390 3899 514 3948 tum
548 3907 752 3959 unum,
777 3896 834 3946 et
887 3889 1155 3946 semissis
1200 3894 1257 3945 et
1316 3895 1470 3959 parte
1519 3888 1691 3943 tertia
1749 3890 1924 3943 unius
1966 3891 1993 3944 ιι

2206 3903 2281 3935 ων
2337 3887 2524 3953 μηνῶν
2570 3884 2676 3939 ὰπὸ
2723 3883 3016 3959 ἐκλείψεως
3065 3885 3139 3949 είς
3179 3884 3422 3962 ἔκλειψιν
3449 3906 3461 3917 ·
3493 3891 3700 3953 ταῦτα,
3727 3893 3805 3946 ’τὸ

386 3986 508 4051 jam
548 3982 717 4038 dictis
743 3980 852 4035 235
898 3978 1356 4035 revolutionibus
1403 3982 1555 4032 Iunis
1594 3978 1922 4033 ascendunt
1950 3996 1989 4033 ai

2194 4013 2208 4038 ,
2260 3966 2428 4044 λέγω.
2480 3972 2701 4041 λεπτὸν,
2732 3973 2821 4028 καὶ
2869 3974 2932 4029 τὸ
2970 3974 3165 4048 ἥμισυ,
3222 3977 3313 4031 καὶ
3359 3975 3422 4032 τὸ
3465 3976 3685 4053 τρίτον,
3739 3978 3795 4035 ἐν

392 4071 618 4126 minuta
650 4071 840 4142 prima
867 4070 992 4137 430,
1015 4078 1072 4125 et
1118 4068 1375 4124 secunda
1425 4065 1519 4135 50,
1549 4066 1765 4137 quibus
1821 4066 1990 4123 ordin

2193 4064 2249 4121 ,ἷς
2297 4059 2610 4132 εἰρημέναις
2651 4061 2763 4118 σλε’
2810 4071 2909 4134 τῆς
2955 4063 3194 4136 σελήνης
3253 4062 3542 4139 παριόδοις
3594 4066 3796 4125 ἀναϐι-

390 4159 589 4215 divisis
643 4160 769 4227 420,
827 4160 1081 4214 reddunt
1135 4157 1260 4213 dies
1287 4156 1343 4210 7.
1389 4161 1461 4211 At
1508 4155 1742 4211 residua
1798 4157 1989 4212 minut

2186 4150 2425 4221 ιζόμενα,
2456 4155 2674 4207 ποιοῦσι
2712 4150 2885 4209 λεπτᾶ
2924 4159 3117 4230 πρῶτα
3166 4154 3274 4223 ὺλ’,
3314 4158 3406 4211 καὶ
3457 4154 3687 4233 δεύτερα
3718 4166 3789 4233 ν’,

390 4251 575 4321 prima
607 4250 672 4304 10
699 4260 754 4305 et
781 4249 1040 4305 secunda
1064 4249 1136 4303 50
1164 4248 1391 4304 el‘iicere
1422 4249 1718 4316 nequeunt
1740 4244 1853 4301 diei
1881 4262 1993 4317 qua

2185 4257 2267 4313 τερ
2315 4238 2521 4295 ἅπαντα
2571 4239 2656 4294 ἐπὶ
2682 4240 2749 4297 τὰ
2777 4243 3036 4313 ἑξήκοντα
3085 4244 3436 4319 μεριζόμενα,
3468 4246 3541 4301 τὰ
3572 4249 3668 4321 μὲν
3702 4256 3788 4306 υκ’

389 4341 689 4406 drantem;
723 4339 938 4395 desunt
963 4339 1118 4394 enim
1170 4338 1397 4393 minuta
1448 4335 1630 4405 prima
1668 4338 1936 4405 quatuor,
1967 4351 1992 4389 e

2184 4324 2377 4381 ιιυῦσιν
2426 4330 2632 4404 ἡμέρας
2683 4330 2836 4388 ἑπτά.
2882 4333 2953 4387 Τὰ
2999 4330 3057 4388 δὲ
3125 4334 3539 4409 ὑπολειπόμενα
3591 4343 3787 4412 πρῶτα

389 4429 457 4483 10
495 4429 786 4497 secunda;
820 4428 971 4499 quod
1020 4432 1078 4482 et
1133 4425 1276 4481 ratio
1322 4425 1519 4495 exigit,
1552 4430 1843 4495 quatenus
1899 4425 1991 4479 cui

2223 4435 2281 4481 α,
2337 4415 2426 4470 καὶ
2475 4420 2810 4487 πεντήκοντα
2859 4416 3099 4497 δεύτερα,
3158 4421 3221 4476 οὐ
3282 4420 3530 4478 δύνανται
3588 4411 3826 4501 τεταρν

387 4518 527 4573 libet
579 4516 1230 4582 enneacaideoaeteridi,
1294 4515 1526 4580 desunt,
1575 4512 1749 4568 sicuti
1835 4512 1990 4567 Ptole

2260 4505 2468 4577 ἡμέρας
2526 4513 2793 4576 ποιῆσαν
2856 4507 3106 4566 λείπουσι
3185 4511 3289 4585 γὰρ
3358 4510 3533 4568 λεπτὰ
3586 4517 3830 4587 πρῶτατ

388 4621 567 4660 minus
597 4606 1027 4671 demonstravit,
1080 4579 1306 4658 minuta
1353 4601 1541 4673 prima
1595 4599 1629 4653 3
1658 4604 1715 4654 et
1769 4599 1991 4654 secund

2221 4613 2381 4667 sapa,
2440 4594 2529 4649 καὶ
2584 4593 2802 4672 δεύτερα
2852 4595 3011 4653 δέκα·
3065 4600 3152 4654 καὶ
3203 4603 3365 4655 τοῦτο
3412 4603 3546 4656 κατᾶ
3606 4601 3780 4680 λόγον
3810 4634 3824 4648 ο

382 4696 473 4751 37.
532 4695 691 4759 Quod
749 4710 883 4750 vero
930 4695 1121 4749 adhuc
1178 4691 1587 4747 desiderantur
1662 4704 1845 4744 unum
1904 4689 1985 4760 pri

2265 4683 2327 4736 τὸ
2377 4682 2546 4739 ἐνδεῖν
2589 4685 2787 4761 ἑκάστῃ
2838 4684 3446 4763 ἐννεακαιδεκαετηρίδι,
3495 4691 3575 4753 ὡς
3639 4679 3822 4749 ἀποο-

385 4800 544 4840 mum
570 4784 861 4839 minutum
884 4790 942 4839 et
970 4782 1228 4838 secunda
1255 4781 1346 4849 27,
1398 4795 1584 4850 neque
1647 4778 1755 4833 hoc
1804 4778 1984 4833 ration

2212 4773 2395 4826 ἱεικται
2426 4777 2507 4844 τῷ
2546 4773 2894 4847 Πτολεμαίῳ,
2929 4774 3141 4831 λεπτῶν
3186 4778 3420 4851 πρώτων
3468 4783 3639 4853 τριῶν
3683 4784 3815 4837 καίἲ

383 4879 557 4930 caret.
590 4873 714 4928 Non
745 4872 900 4929 enim
935 4880 1130 4928 exacte
1186 4868 1456 4940 congruit
1518 4883 1651 4921 cum
1700 4866 1860 4937 cyclo
1915 4884 1986 4922 an

2203 4861 2390 4934 κέρων
2426 4860 2530 4930 λζ’.
2557 4862 2616 4917 Εἰ
2648 4859 2704 4917 δὲ
2742 4864 2830 4918 καὶ
2878 4858 2957 4919 ἔτι
3010 4864 3256 4922 λείπουσι
3306 4865 3505 4924 λεπτὸν
3555 4874 3806 4944 πρῶτον-

387 4980 501 5019 nuo
533 4965 831 5036 quadrans
883 4964 995 5018 iste
1050 4961 1184 5030 diei,
1239 4962 1339 5017 sed
1400 4962 1561 5030 parte
1612 4957 1990 5013 trecentesiin;

2177 4973 2203 5014 ι,
2249 4952 2337 5005 καὶ
2386 4954 2434 5004 κ’
2485 4948 2726 5025 δεύτερα,
2760 4953 2858 5008 οὐκ
2901 4951 3002 5023 ἔξω
3047 4953 3220 5032 λόγου
3264 4956 3354 5012 καὶ
3401 4962 3585 5025 τοῦτο,
3632 4957 3780 5017 διότι

383 5035 688 5125 discrepat,
712 5052 794 5107 uti
825 5053 967 5107 alibi
997 5051 1271 5106 diximus.
1294 5051 1510 5105 Idcirco
1540 5047 1736 5120 cyclus
1794 5045 1986 5101 lunari

2185 5038 2256 5113 ιχὶ
2299 5042 2556 5111 τέταρτον
2602 5042 2812 5116 ἡμέρας
2867 5040 3177 5118 ὁλόκληρον
3245 5047 3623 5120 συναπαρτίζει
3679 5050 3788 5106 τὸν

381 5158 449 5196 ex
472 5142 797 5197 necessario
828 5146 1054 5195 tantum
1081 5140 1139 5194 in
1171 5139 1238 5193 19
1267 5138 1438 5193 annis
1468 5143 1724 5206 quantus
1747 5135 1823 5190 sit
1852 5134 1984 5191 innu

2188 5126 2398 5182 ιαύσιαν
2447 5127 2671 5199 κύκλον,
2722 5128 2869 5185 ἀλλᾶ
2933 5134 3078 5207 παρὰ
3151 5137 3471 5209 τριακοστὸν
3540 5136 3790 5212 ἡμέρας,

380 5232 583 5295 tescit;
615 5232 827 5302 quippe
854 5245 1124 5285 excessus
1148 5226 1245 5283 ille
1274 5227 1372 5298 qui
1408 5230 1463 5281 in
1495 5226 1664 5281 annis
1711 5223 1979 5279 lunarihu

2182 5237 2199 5277 ;
2249 5216 2300 5271 ἐν
2350 5215 2546 5280 ἄλλοις
2597 5217 2911 5294 εἰρήκαμεν.
2946 5221 3049 5278 Καὶ
3093 5222 3242 5278 οὕτω
3292 5224 3386 5298 μὶν
3442 5225 3471 5278 6
3513 5223 3785 5295 σεληνια-

381 5322 685 5388 reperilur,
718 5321 902 5390 spatio
935 5320 999 5373 19
1025 5332 1310 5373 annorum
1339 5316 1407 5370 ad
1438 5315 1668 5369 easdem
1700 5310 1981 5383 completa

2184 5326 2217 5368 ις
2246 5305 2450 5368 κύκλος
2483 5306 2532 5377 ἐξ
2565 5307 2800 5384 ἀνάγκης
2844 5307 2897 5363 ἒν
2951 5310 3141 5384 μόνοις
3188 5312 3503 5388 γνωρίζεται
3559 5316 3623 5368 ιθ¹
3654 5311 3787 5370 ἕτε-

380 5408 765 5464 revolutiones
799 5406 965 5467 redit.
997 5404 1289 5475 efﬁcitque
1318 5404 1506 5457 dictas
1574 5400 1840 5469 periodos
1887 5399 1983 5453 23E

2181 5417 2225 5462 ν,
2258 5396 2331 5458 ὡς
2382 5397 2470 5450 καὶ
2514 5401 2610 5452 τοῦ
2656 5417 3069 5473 περιττουοντος
3118 5405 3226 5456 τῶν
3265 5404 3382 5458 κατ’
3426 5400 3544 5464 ἔτος
3605 5403 3784 5476 σεληο

379 5511 619 5566 prorsus
666 5498 987 5568 completas
1043 5494 1301 5564 nihilque
1379 5488 1659 5561 superﬂui
1715 5488 1982 5545 habentes

2177 5488 2320 5538 ακῶν
2363 5483 2630 5559 περιόδων
2668 5483 2756 5541 διὰ
2803 5484 3079 5544 δεκαεννέα
3130 5489 3308 5563 μόνων
3359 5489 3494 5547 ἐτῶν
3547 5492 3625 5554 εἷς
3672 5495 3776 5558 τᾶς

381 5596 547 5655 prout
582 5588 777 5657 cyclus
836 5586 931 5640 ille
988 5583 1246 5656 requirit.
1318 5586 1434 5637 Hoc
1490 5585 1765 5634 vocarunt
1822 5582 1984 5632 auten

2172 5573 2373 5634 ›ιαύτας
2449 5572 2683 5637 ἐντελεῖς
2756 5575 3045 5653 περιόδους
3129 5574 3619 5655 ἀναϐιϐαζομένου,
3678 5585 3775 5639 καὶ

380 5684 659 5747 temporis
690 5675 1017 5745 periodum,
1048 5677 1331 5744 quatenus
1351 5671 1419 5727 ad
1470 5683 1648 5725 unam
1707 5666 1983 5725 revolutis

2175 5664 2294 5727 ὶσας
2338 5663 2431 5727 τὰς
2484 5665 2768 5744 εἰρημένας
2824 5664 2937 5723 σλε’
2985 5672 3270 5733 ποιοῦντος
3319 5669 3496 5742 πάντη
3549 5670 3778 5728 ἀνελλι-
