4080 6224
282 386 345 459 77
1273 386 1705 459 SYNTAGMA
1750 399 1884 459 AL!

2000 386 2379 461 .BETICUM.
2427 436 2503 445 ——
2547 400 2618 460 Π.
3575 393 3655 462 ⁵18

276 534 399 599 πεῖς,
425 527 508 581 καὶ
556 523 722 600 μηδέν
764 547 816 581 τι
861 524 1061 581 λοιπὸν
1102 524 1335 602 ἐχούσας
1373 527 1647 601 περιττὸν,
1696 527 1875 605 ὥσπερ

2000 549 2126 589 nem
2181 534 2405 607 redigat
2436 532 2814 601 diﬂ'erentias,
2847 549 2969 601 quae
3010 532 3071 588 in
3098 534 3355 590 motibus
3399 534 3649 590 lumina-

275 618 330 685 ἦν
357 622 427 688 τῷ
472 614 653 687 κύκλῳ
701 615 881 688 τούτῳ
935 617 1160 677 σκοπός.
1212 615 1501 673 Ἐκάλεσαν
1532 614 1589 672 δὲ
1617 618 1708 672 τὸν
1742 622 1881 697 χρό-

1996 625 2569 683 riumobservantur.

276 727 355 761 νον
400 709 577 762 τοῦτον
635 702 972 782 περιοδικὸν,
1024 706 1101 768 ὡς
1150 704 1227 768 εἷς
1277 705 1404 780 μίαν
1460 707 1890 765 ἀποκατάστασιν
1942 710 2144 787 ἄγοντα
2203 716 2296 776 τὰς
2348 711 2610 789 διαφορὰς
2665 714 2772 765 τῶν
2820 712 3081 781 κινήσεων
3138 715 3247 767 τῶν
3293 712 3488 789 φώτων
3541 713 3651 785 ἆμε

282 816 340 874 φο
349 817 405 853 ιν.

390 901 493 956 Διὰ
527 898 586 954 τί
625 897 805 954 εἰσιν
848 899 1254 956 εἰκοσιοκτὼ
1294 900 1358 956 οἱ
1396 905 1509 957 τοῦ
1548 899 1753 971 ἡλίου

924 971 1213 1041 κύκλοις

335 1060 415 1121 Εἰς
459 1061 549 1131 κη’
592 1058 653 1115 δὲ
696 1058 939 1124 κύκλους
991 1059 1190 1116 ἄνεισιν
1246 1062 1275 1117 6
1312 1065 1406 1117 τοῦ
1450 1060 1613 1132 ἡλίου
1659 1060 1886 1136 δρόμος,

274 1148 341 1204 ὅτι
374 1150 424 1204 αἱ
458 1150 553 1219 τξε⁹
598 1148 691 1204 καὶ
734 1149 994 1225 τέταρτον
1049 1150 1259 1224 ἡμέρας
1306 1155 1402 1206 τοῦ
1458 1151 1660 1228 χρόνου
1695 1157 1891 1207 ποιοῦ-

272 1257 340 1291 σιν
372 1233 671 1311 ἑϐδομάδας
706 1240 816 1311 νβ’,
860 1238 951 1293 καὶ
989 1238 1288 1313 περιττεύει
1330 1241 1444 1294 καθ’
1482 1236 1706 1295 ἕκαστον
1757 1242 1891 1319 χρό-

269 1349 342 1382 νον
392 1330 568 1403 ἡμέρα
629 1330 750 1402 μία,
803 1329 893 1384 καὶ
953 1330 1091 1386 κατὰ
1144 1330 1405 1406 τέσσαρας
1456 1330 1693 1409 χρόνους
1738 1329 1890 1392 αὖθις

268 1414 402 1491 ἑτέρα
453 1418 581 1490 μία.
630 1419 789 1473 Ὅθεν
831 1416 920 1472 καί
965 1423 1251 1489 ζητοῦντες
1300 1420 1476 1493 εὑρεῖν
1524 1419 1631 1475 ἀπὸ
1661 1426 1761 1489 τῆς
1789 1422 1892 1474 τοῦ

272 1505 413 1574 ἡλίου
465 1508 735 1577 κινήσεως
790 1509 890 1577 τήν
944 1514 1046 1578 τῆς
1101 1504 1407 1583 ἑϐδομάδος
1482 1507 1714 1582 ἡμέραν,
1772 1509 1893 1562 καθ’

264 1591 461 1650 ’ἕκαστον
513 1595 718 1651 κύκλον
777 1595 944 1651 αύτοῦ
994 1595 1202 1670 ἡμέραν
1276 1596 1402 1669 μίαν
1463 1591 1887 1670 προσλαμϐάνο-

269 1703 371 1755 μεν,
415 1685 501 1739 καὶ
552 1685 693 1758 μετᾶ
737 1685 995 1759 τέσσαρας
1047 1688 1306 1760 χρόνους,
1367 1686 1531 1760 χάριν
1588 1689 1689 1740 τοῦ
1742 1684 1887 1758 βισέ·

263 1794 395 1845 non,
424 1774 605 1850 ἑτέραν
655 1774 783 1848 μίαν
811 1793 826 1808 ⁸
869 1777 958 1830 καὶ
1001 1779 1427 1849 συμποσοῦντες,
1477 1776 1576 1844 τήν
1616 1772 1888 1847 ζητουμέ-

264 1882 345 1932 νην
387 1862 590 1938 ἡμέραν
632 1865 979 1940 εὑρίσκομεν.
1026 1865 1093 1921 Αἱ
1133 1862 1224 1919 οὗν
1275 1863 1679 1939 περιττεύουσαι
1727 1864 1887 1919 αὗται

262 1949 307 2006 ἰν
334 1948 497 2007 οὐδενί
538 1953 713 2026 ἒτὲρῳ
753 1952 941 2027 χρόνῳ
978 1950 1327 2027 ὁλοκλήρους
1367 1948 1677 2027 ἑϐδομάδας
1713 1954 1885 2027 ἀπαρ-

262 2039 388 2094 τίσαι
422 2038 697 2108 δύνανται,
730 2042 806 2104 ὡς
848 2039 900 2096 ἐν
937 2046 1014 2114 τῷ
1053 2040 1199 2097 τέλει
1228 2046 1326 2095 τοῦ
1368 2044 1574 2116 χρόνου
1612 2042 1704 2097 καὶ
1734 2042 1891 2104 τέλος

263 2125 546 2203 ἑϐδομάδος
591 2131 903 2206 εὑρεθῆναι,
958 2131 1004 2185 εἰ
1059 2131 1134 2203 μή
1188 2130 1239 2185 ἐν
1288 2134 1369 2203 τῷ
1408 2138 1495 2200 κη’
1560 2130 1767 2203 κύκλῳ.
1828 2132 1893 2186 Δὶ

263 2218 351 2290 γὰρ
400 2222 486 2285 κη’
542 2218 757 2293 ἡμέραι
813 2214 1113 2291 ἑϐδομᾶδες
1170 2220 1407 2294 γίνονται
1472 2220 1744 2293 τεσσαρες,
1803 2220 1893 2274 καὶ

263 2304 318 2357 τὰ
364 2308 448 2375 κη’
504 2304 741 2380 τέταρτα
795 2312 902 2360 τῶν
961 2308 1207 2380 ἡμερῶν,
1268 2302 1508 2381 ἑϐδομὰς
1562 2306 1711 2367 αὖθις
1772 2306 1890 2380 μία,

262 2394 379 2464 ὅπερ
409 2394 459 2447 ἐν
491 2395 664 2468 ὲτέρῳ
715 2396 827 2469 οὐχ
869 2395 984 2448 οἷόν
1036 2415 1093 2448 τε
1134 2389 1405 2469 συμϐῆναι
1453 2395 1661 2468 κύκλῳ,
1715 2396 1758 2449 εἰ
1813 2398 1890 2467 μή

262 2479 308 2531 ἐν
330 2484 403 2550 τῷ
432 2489 516 2550 κη’
546 2482 581 2550 ἦ
615 2481 672 2535 ἐν
701 2487 782 2553 τῷ
824 2480 911 2535 δίσ
945 2485 1056 2551 κτ,’;
1089 2482 1124 2550 ἢ
1155 2481 1273 2555 τρὶς
1314 2483 1399 2551 κη’
1446 2484 1533 2536 καὶ
1586 2484 1732 2553 ἑξῆς.
1766 2484 1889 2537 Ἐὰν

259 2563 309 2620 δί
335 2568 569 2623 ἐπέκεινα
610 2574 723 2623 τῶν
767 2572 832 2623 ιθ⁹
870 2576 971 2639 τῆς
1014 2570 1247 2640 σελήνης
1296 2569 1538 2639 κύκλών,
1589 2571 1761 2639 ἣτῶν
1806 2577 1892 2639 κη’

256 2660 340 2709 τοῦ
366 2656 555 2727 ἡλίου,
608 2658 961 2731 ἐθελήσαιμεν
1011 2658 1239 2713 ἐκτεῖναι
1292 2660 1383 2713 τὸν
1434 2658 1688 2733 ἀριθμὸν,
1736 2660 1891 2734 εὑρε-

256 2747 457 2815 θήσεται
486 2749 550 2801 τὸ
594 2748 941 2820 ζητούμενον
983 2745 1036 2800 ἐν
1086 2752 1202 2807 τοῖς
1250 2747 1490 2801 ἐπέκεινα
1535 2746 1781 2818 κύκλοις,
1814 2749 1889 2810 ὡς

254 2835 332 2889 καὶ
361 2835 411 2890 ὲν
440 2856 523 2910 τῳ
547 2843 595 2890 α’
625 2838 664 2909 ἢ
779 2837 814 2905 ἤ
847 2837 896 2913 γ’
924 2836 1115 2908 κύκλῳ
1146 2835 1557 2911 ἐπεγινώσκετο.

304 2943 409 2997 Διὰ
437 2941 497 2997 τί
532 2942 662 3017 απρ
691 2945 808 2998 τοῦ
841 2941 1364 3017 Ἰανουαρίουηοὶ
1390 2950 1507 3013 τῆς
1539 2943 1827 3016 σελήνης

490 3014 742 3071 κύκλοι
771 3017 879 3069 καί
916 3013 1232 3087 θεμέλίοι
1262 3013 1624 3090 ἄρχονται.

312 3103 441 3158 Ἀπὸ
471 3101 531 3159 δὲ
559 3107 663 3160 τοῦ
705 3102 1038 3179 Ἰανουαρίου
1081 3103 1253 3176 μηνὸς
1294 3103 1387 3157 τόν
1422 3124 1481 3157 τε
1531 3101 1737 3158 κύκλον
1785 3109 1888 3174 τῆς

244 3189 464 3263 σελήνης
517 3192 612 3247 καὶ
678 3192 773 3247 τὸν
825 3190 1079 3265 θεμέλιον
1130 3190 1385 3268 ψηφίζειν
1433 3192 1741 3267 ἀρχόμεθα,
1802 3194 1885 3247 ὅτι

244 3282 303 3353 τῇ
358 3283 453 3355 μὲν
500 3283 740 3357 τετάρτῃ
795 3289 896 3352 τῆς
958 3277 1268 3356 ἑϐδομάδος
1314 3281 1496 3357 ἡμέρᾳ
1537 3285 1565 3336 ὅ
1611 3304 1668 3338 τε
1731 3281 1888 3354 ἣλιος

2244 910 2394 967 205
2420 910 2600 979 Quare
2641 907 2783 979 σμειί
2815 907 2943 962 solis
2977 907 3090 962 sint
3165 908 3392 965 XXVIII.

2068 1070 2216 1128 Solis
2246 1077 2441 1128 autem
2473 1085 2684 1124 cursus
2716 1069 2774 1123 in
2806 1066 2999 1139 cyclos
3031 1068 3101 1122 28
3134 1067 3467 1141 porrigitur,
3500 1079 3644 1139 quo-

2001 1160 2157 1215 niam
2191 1160 2325 1215 anni
2363 1159 2487 1214 dies
2525 1158 2628 1214 365
2673 1173 2803 1213 cum
2856 1159 3175 1228 quadrante
3214 1156 3498 1229 colligunt
3551 1174 3648 1213 se-

2000 1249 2291 1320 ptimanae
2328 1249 2420 1315 52,
2452 1253 2509 1303 et
2563 1247 2848 1302 redundat
2879 1246 3194 1317 quotannis
3242 1246 3365 1301 dies
3420 1262 3556 1310 una.
3591 1256 3646 1303 et

2000 1344 2131 1410 post
2196 1337 2340 1394 alios
2415 1336 2687 1404 deinceps
2760 1345 3009 1407 quatuor
3072 1351 3220 1389 unus
3269 1335 3412 1391 dies.
3483 1333 3648 1391 Uade

1999 1444 2131 1483 eum
2164 1427 2441 1497 indagare
2467 1425 2610 1481 libet
2646 1442 2716 1483 ex
2746 1429 2908 1479 motu
2940 1424 3077 1478 solis
3097 1423 3251 1478 diem
3283 1424 3646 1495 septimanae.

2002 1532 2102 1585 pro
2147 1515 2351 1586 quovis
2404 1512 2560 1585 cyclo
2593 1512 2767 1567 solari
2827 1512 2979 1568 diem
3043 1528 3215 1567 unam
3266 1512 3561 1579 addimus,
3595 1518 3649 1567 et

2002 1610 2135 1677 post
2179 1610 2434 1676 quatuor
2473 1619 2658 1659 annos
2691 1606 2927 1674 propter
2956 1602 3276 1657 bissextum
3310 1600 3521 1657 aliam:
3558 1608 3643 1656 at-

1997 1710 2110 1766 que
2158 1696 2237 1749 ita
2294 1693 2480 1767 (eyeli)
2526 1691 2815 1748 currentis
2867 1691 3176 1763 quaesitum
3228 1692 3376 1745 diem
3424 1691 3646 1746 inveni-

2000 1800 2149 1839 mus.
2184 1783 2315 1838 Dies
2347 1787 2542 1838 autem
2592 1781 2982 1837 redundantes
3012 1780 3069 1834 in
3115 1778 3275 1836 nullo
3323 1780 3435 1836 alio
3492 1797 3646 1835 anno

1996 1873 2253 1944 integras
2292 1871 2652 1946 septimanae
2694 1868 2923 1942 explere
2971 1874 3212 1942 queunt,
3244 1869 3412 1924 itaut
3468 1868 3527 1923 in
3577 1868 3648 1922 fio

2001 1978 2130 2017 nem
2147 1961 2284 2016 anni
2299 1960 2638 2031 septimanae
2654 1957 2826 2014 etiam
2850 1958 2982 2013 linis
3002 1958 3239 2023 incidat,
3260 1962 3643 2029 praeterquam

1924 2030 1969 2094 Β
1999 2049 2059 2106 in
2091 2050 2190 2105 illo
2234 2050 2305 2104 28
2336 2030 2513 2122 cyclo.
2559 2051 2701 2102 Nam
2745 2048 2871 2102 dies
2899 2047 2970 2100 28
3013 2047 3273 2102 confiunt
3305 2046 3646 2118 septimana:

2000 2143 2266 2209 quatuor,
2316 2142 2490 2209 atque
2521 2154 2586 2191 ex
2615 2136 2685 2189 28
2744 2135 3167 2206 quadrantibus
3207 2136 3429 2193 dierum
3465 2137 3648 2191 orilur

2001 2230 2325 2302 septimana
2356 2245 2490 2283 una.
2523 2227 2682 2291 Quod
2718 2227 2775 2281 in
2828 2227 2942 2280 alio
2973 2225 3129 2295 cyclo
3179 2225 3508 2295 contingere
3545 2243 3644 2279 ne-

2002 2321 2124 2391 quit
2155 2334 2324 2389 quam
2362 2317 2416 2370 in
2474 2315 2568 2380 28,
2620 2321 2721 2370 aut
2760 2316 2815 2370 in
2866 2316 2955 2368 bis
2986 2317 3076 2377 28,
3105 2315 3191 2368 vel
3223 2318 3310 2368 ter
3354 2314 3444 2379 ‘28,
3477 2321 3532 2367 et
3562 2313 3644 2369 sic

2001 2410 2291 2477 deinceps.
2340 2407 2443 2461 Sin
2500 2421 2633 2459 vero
2693 2403 2909 2475 placeat
2960 2406 3041 2457 vel
3101 2403 3333 2474 cyclum
3381 2403 3531 2456 luna:
3582 2404 3646 2456 19

2000 2496 2086 2551 vel
2115 2495 2186 2550 28
2219 2496 2354 2550 solis
2408 2493 2556 2549 ultra
2606 2494 2937 2559 extendere,
2989 2494 3305 2563 reperietur
3334 2492 3640 2562 quaesitum

2004 2587 2060 2641 in
2103 2584 2278 2657 cyclis
2315 2582 2714 2654 sequentibus,
2760 2598 2875 2652 qua
2909 2583 3128 2636 ratione
3175 2582 3233 2635 in
3294 2579 3499 2652 primo,
3544 2585 3647 2636 aut

2001 2676 2385 2741 secundo,aut
2406 2672 2577 2728 tertio
2608 2673 2767 2740 cyclo
2799 2672 3073 2726 innotuit.

2036 2950 2226 3019 Quare
2254 2944 2405 3002 luna?
2431 2944 2575 3017 συοιί
2602 2947 2651 3001 et
2689 2945 3059 3019 fundamenta
3079 2962 3112 3001 a
3141 2946 3603 3003 menselanuario

2692 3016 2987 3087 incipiant.

2070 3110 2105 3164 Α
2129 3108 2405 3165 Januario
2436 3111 2630 3162 autem
2655 3106 2876 3175 cyclum
2904 3112 2961 3161 et
2992 3107 3434 3163 fundamentum
3464 3108 3638 3163 etiam

1996 3196 2153 3252 lunas
2181 3197 2574 3267 computando
2606 3194 2942 3267 incipimus,
2972 3196 3248 3266 quoniam
3282 3205 3450 3268 qurta
3470 3197 3648 3268 septi-

1998 3301 2183 3339 mants
2214 3284 2299 3339 dit
2338 3285 2592 3356 primum
2626 3284 2838 3338 summi
2867 3283 3093 3354 opificis
3124 3285 3294 3339 verbo
3327 3284 3499 3340 creati
3531 3285 3643 3339 fne-

242 3370 320 3423 καὶ
374 3373 407 3440 ἡ
467 3371 684 3442 σελήνη
743 3375 825 3444 τῷ
881 3368 1209 3446 δημιουργῷ
1279 3369 1434 3446 λόγῳ
1492 3372 1567 3433 εἷς
1625 3374 1688 3427 τὸ
1749 3372 1880 3426 εἶναι

2000 3379 2134 3428 runt
2162 3373 2245 3428 sol
2279 3381 2333 3428 et
2366 3373 2524 3440 luna,
2558 3371 2651 3426 die
2689 3388 2822 3426 vero
2857 3373 2918 3426 15
2969 3372 3184 3427 mensis
3224 3372 3411 3427 Martii
3448 3373 3641 3443 (men-

242 3462 616 3536 παρήχθησαν,
662 3465 745 3534 τῷ
784 3458 841 3515 δὲ
878 3458 1340 3534 πεντεκαιδεκάτῳ
1380 3460 1573 3537 δρόμῳ
1610 3466 1708 3516 τοῦ
1747 3461 1884 3517 κατὰ

240 3551 320 3603 τὸν
368 3551 615 3624 Μάρτιον
680 3554 826 3623 μῆνα
878 3549 1206 3619 σεληνισκοῦ
1257 3552 1447 3623 μηνὸς,
1498 3550 1620 3626 ἄρτι
1663 3556 1881 3625 πρῶτον

238 3637 677 3710 ανατετάλκασίν,
736 3641 827 3694 ἅτε
882 3646 983 3709 τῆς
1043 3636 1280 3710 σελήνης
1344 3636 1884 3702 πεντεκαιδεκαταίας

238 3727 379 3788 εὐθύς
442 3728 536 3782 καὶ
606 3726 822 3787 τελείας
890 3727 1266 3807 ἀναφανείσης,
1353 3724 1523 3798 μηδὲν
1590 3726 1777 3789 ἀτελὲς
1831 3725 1881 3798 ἐξ

237 3816 400 3891 ἀρχῆς
429 3821 532 3870 τοῦ
572 3821 714 3872 Θεοῦ
768 3813 1124 3886 πεποιηκέναι
1185 3816 1546 3886 θελήσαντος·
1604 3814 1695 3869 ἵνα
1748 3817 1884 3890 μετὰ

237 3907 292 3959 τὸ
329 3903 482 3961 δῦναι
528 3908 627 3961 τὸν
692 3904 854 3977 ἣλιον
903 3905 1053 3981 πρωΐ
1100 3905 1476 3975 ἀνατείλαντα,
1527 3904 1617 3960 καὶ
1666 3906 1767 3974 τὴν
1808 3904 1885 3968 ετς

242 3992 466 4066 ἐξουσίαν
500 3994 661 4068 αὑτῷ
690 3992 938 4050 δοθεῖσαν
968 3996 1179 4070 ἡμέραν
1228 3994 1369 4064 ὅλην
1409 3993 1882 4071 καταφωτίσαντα,

242 4082 367 4153 ὅλην
420 4084 509 4139 καὶ
572 4083 716 4152 αὐτὴ
772 4083 1083 4159 καταυγασῃ
1146 4084 1247 4153 τήν
1320 4083 1635 4153 ὑπεξούσιον
1694 4082 1877 4136 νύκτα.

239 4172 363 4226 Ἀπὸ
392 4180 494 4241 τῆς
531 4175 592 4228 ιε’
646 4170 737 4226 οὖν
786 4176 885 4227 τοῦ
934 4172 1182 4247 Μαρτίου
1230 4170 1426 4246 μέχρις
1477 4170 1612 4226 ὅλου
1659 4176 1756 4227 τοῦ
1786 4180 1879 4225 Δε-

240 4254 491 4336 κεμϐρίου
563 4267 741 4334 μῆνες
832 4259 1165 4331 εὖρίσκονται
1233 4260 1458 4329 ἡλιακοί
1530 4261 1623 4327 μὲν
1684 4262 1726 4314 θ’
1789 4262 1876 4315 καί

242 4348 453 4421 ἥμισυς,
487 4349 790 4426 διαφόρους
831 4350 1055 4423 ἡμερῶν
1099 4347 1323 4411 ἕκαστος
1366 4348 1675 4420 ποσότητας
1716 4344 1877 4424 ἔχον-

241 4456 349 4499 τεςο
400 4440 452 4494 οἳ
504 4437 566 4493 δὲ
597 4445 702 4509 τῆς
757 4436 1017 4508 σελήνης,
1069 4437 1138 4493 δι’
1185 4440 1410 4514 ἡμερῶν
1465 4440 1547 4492 ἀεὶ
1602 4436 1876 4514 γινόμενοι

242 4532 309 4583 κθ⁹
333 4533 421 4585 καὶ
470 4531 756 4605 ἡμισείας,
791 4531 854 4585 οὐ
888 4531 1049 4603 μόνον
1103 4537 1269 4605 μῆνες
1321 4532 1554 4603 ὁρῶνται
1603 4533 1875 4584 τοσοῦτοι.

242 4616 372 4672 ἀλλὰ
405 4620 545 4692 πρὸς
588 4616 809 4679 τούτοις
857 4619 947 4672 καί
998 4619 1199 4691 ἡμέραι
1240 4617 1641 4690 περιττεύουσιν
1694 4619 1783 4672 ια’.
1816 4617 1877 4672 Ὀ

243 4711 331 4782 γὰρ
384 4709 732 4783 Ἰανουάριος
800 4707 888 4762 καὶ
948 4709 976 4763 6
1035 4703 1412 4784 Φεϐρουάριος
1484 4708 1876 4780 συντιθέμενοι,

248 4794 381 4851 οὐδὲν
428 4798 603 4853 πλεον
656 4798 877 4874 φέρουσι
930 4794 1263 4866 σεληνιακῶν
1320 4793 1416 4849 δύο
1478 4800 1683 4868 μηνῶν.
1728 4794 1878 4850 Ἐπεὶ

248 4882 326 4939 οὖν
454 4892 558 4942 τοῦ
600 4887 940 4960 Ἰανουαρίου
991 4887 1035 4940 α’
1065 4887 1095 4940 6
1124 4884 1451 4960 περιττεόων
1482 4887 1590 4938 τῶν
1646 4885 1711 4938 ια’
1740 4886 1882 4956 ἡμε-

250 4995 342 5049 ρων
390 4979 632 5054 ἀριθμὸς
690 4981 873 5057 σαφῶς
923 4975 1158 5055 ἀνεφάνη
1203 4974 1337 5046 μετᾶ
1397 4974 1490 5028 τὸν
1539 4974 1880 5047 ἀπαρτισμὸν

246 5072 327 5121 τοῦ
370 5068 592 5124 τελείου
658 5069 757 5138 τῆς
822 5064 1060 5136 σελήνης
1116 5062 1344 5132 κύκλου,
1412 5065 1719 5139 ἀναγκαίως
1777 5063 1882 5117 ἀπὸ

249 5161 335 5209 τοῦ
359 5156 702 5232 ἰανουαρίου
732 5155 763 5210 ὅ
790 5175 851 5210 τε
880 5153 1081 5216 κύκλος
1124 5154 1317 5222 αὐτῆς.
1370 5153 1460 5206 καὶ
1492 5152 1520 5206 ὁ
1552 5148 1878 5226 περιττεύων

249 5245 456 5320 ἀριθμὸς
488 5246 751 5322 ἄρχεται,
793 5243 1046 5318 θεμὲλιος
1084 5247 1193 5298 τῶν
1226 5244 1451 5319 ἡμερων
1490 5241 1586 5296 τοῦ
1626 5241 1749 5313 ἑξῆς
1782 5238 1882 5295 αὒ-

248 5340 333 5402 17,;
357 5335 571 5392 κύκλου
601 5334 692 5391 καὶ
724 5328 800 5388 ὧν
830 5333 921 5388 καὶ
949 5331 1308 5405 καλούμενος.

298 5445 408 5497 Διὰ
443 5445 508 5499 τί
549 5443 679 5498 ἀπὸ
716 5444 834 5497 τοῦ
875 5435 1293 5513 Ὀκτωϐρίου
1335 5440 1396 5494 οἱ
1434 5437 1672 5494 κύκλοι
1711 5442 1826 5493 τοῦ

750 5513 956 5583 ἡλίου
996 5510 1355 5587 ἄρχονται.

305 5601 437 5659 Ἀπὸ
493 5601 553 5659 δὲ
605 5606 705 5659 τοῦ
764 5597 1103 5675 Ὀκτωϐρίου
1186 5600 1283 5663 τὰς
1338 5605 1447 5656 τῶν
1505 5598 1725 5655 κύκλων
1782 5604 1879 5656 τοῦ

246 5687 399 5757 ἧλίου
440 5694 625 5770 ῳαμὶν
666 5690 927 5766 ἔρχεσθαι
967 5688 1277 5761 περιόδους,
1318 5689 1402 5744 ὅτι
1451 5693 1530 5760 τῷ
1577 5690 1635 5742 ιε’
1683 5685 1878 5763 δρόμῳ

243 5783 331 5839 τοῦ
367 5781 620 5866 Μαρτίου
675 5780 869 5859 μηνὸς,
912 5777 1285 5842 ἀνατείλαντος
1332 5782 1428 5836 τοῦ
1474 5776 1664 5853 ἦλίου,
1712 5780 1876 5857 μέχρι

1994 3479 2115 3518 sem
2192 3463 2454 3534 intelligo
2522 3461 2810 3532 lunarem)
2888 3463 3140 3533 primum
3208 3462 3641 3518 exoriebantur.

1996 3552 2149 3606 Luna
2199 3550 2417 3606 scilicet
2466 3558 2591 3605 tum
2636 3551 2864 3605 decima
2902 3552 3102 3621 quinta
3146 3567 3212 3605 ae
3263 3550 3431 3622 plena
3481 3548 3675 3604 eﬂul--

1994 3642 2067 3696 sit
2109 3641 2215 3711 (ita
2246 3640 2396 3695 Deus
2428 3639 2569 3693 nihil
2604 3638 2925 3710 quidquam
2968 3657 3002 3694 a
3046 3639 3327 3711 principio
3368 3639 3645 3710 imperfe—

1993 3735 2148 3784 ctum
2176 3745 2370 3783 creare
2393 3727 2623 3797 voluit),
2655 3736 2719 3781 ut
2739 3734 2868 3798 post
2892 3729 3034 3783 solis
3054 3744 3328 3783 occasum
3353 3729 3453 3799 qui
3479 3746 3646 3785 mane

1992 3822 2154 3873 ortus
2190 3818 2395 3885 fuerat,
2429 3826 2482 3872 et
2513 3821 2693 3871 totum
2740 3818 2891 3872 diem
2923 3817 3033 3872 sibi
3083 3817 3468 3872 commissum
3510 3817 3646 3871 illu-

1992 3912 2289 3972 straverat,
2331 3905 2473 3960 luna
2529 3911 2754 3961 noctem
2809 3905 2920 3959 sibi
2984 3905 3399 3961 demandatum
3460 3909 3640 3961 totam

1990 3995 2372 4050 illuminaret.
2426 3995 2721 4064 ldprOpter
2777 4010 2811 4049 a
2871 3995 2936 4048 15
2978 3994 3166 4050 Martii
3199 4010 3381 4065 usque
3411 3995 3479 4049 ad
3524 3994 3643 4050 De-

1989 4085 2281 4139 cembrem
2342 4081 2694 4152 completum
2748 4084 3115 4152 reperiuntur
3162 4099 3389 4139 menses
3420 4082 3641 4139 solarcs

1987 4175 2023 4229 9
2051 4190 2184 4228 cum
2217 4171 2479 4238 dimidio,
2525 4173 2620 4242 qui
2671 4172 2902 4242 quidem
2950 4174 3141 4244 quoad
3174 4189 3486 4229 numerum
3517 4173 3641 4229 die-

1989 4280 2116 4317 rum
2177 4261 2333 4316 inter
2373 4276 2435 4315 se
2477 4261 2748 4315 variant:
2786 4277 3017 4317 menses
3049 4278 3181 4316 vero
3225 4261 3482 4328 lunares,
3534 4264 3633 4333 qui

1989 4357 2264 4424 perpetuo
2298 4354 2431 4404 sunt
2465 4349 2691 4405 dierum
2721 4351 2792 4404 29
2832 4367 2965 4405 cum
3001 4351 3267 4411 semisse.
3300 4368 3415 4407 non
3448 4351 3636 4406 solum

1987 4449 2124 4496 sunt
2155 4455 2396 4493 numero
2439 4438 2671 4493 totidem
2709 4454 2960 4507 menses,
3014 4441 3113 4494 sed
3156 4441 3441 4495 accedunt
3470 4440 3639 4495 insu-

1989 4545 2092 4600 per
2129 4528 2254 4583 dies
2305 4529 2390 4583 11.
2422 4529 2566 4582 Nam
2625 4528 2944 4582 Ianuarius
2991 4533 3047 4583 et
3086 4528 3430 4584 Februarius
3460 4530 3638 4583 simul

1988 4618 2208 4687 sumpti
2259 4617 2625 4672 constituunt
2663 4626 2859 4671 exacte
2920 4619 3066 4673 duos
3116 4635 3348 4673 menses
3382 4617 3634 4673 lunares.

1988 4707 2272 4774 Quoniam
2321 4706 2497 4773 igitur
2544 4706 2732 4777 primo
2781 4705 2875 4761 die
2908 4706 3169 4761 Januarii
3227 4706 3490 4762 undecim
3527 4708 3637 4761 iste

1989 4797 2214 4851 dierum
2251 4811 2524 4848 excessus
2564 4796 2863 4849 evidenter
2916 4802 3174 4866 apparet,
3210 4797 3308 4868 qui
3344 4805 3467 4866 post
3498 4814 3634 4850 exa-

1991 4886 2143 4939 cinm
2207 4887 2388 4937 totum
2423 4882 2644 4954 cyclum
2693 4882 2864 4947 lunae,
2922 4885 3246 4939 necessario
3275 4903 3307 4938 a
3334 4883 3639 4942 Januario.

1991 4981 2048 5028 et
2078 4975 2278 5040 cyclus
2318 4971 2448 5041 ejus
2496 4977 2552 5025 et
2610 4988 2888 5026 numerus
2936 4973 3275 5026 redundans
3324 4973 3634 5041 incipiunt,

1990 5061 2088 5132 qui
2118 5062 2554 5115 fundamentum
2589 5063 2814 5116 dierntu
2856 5061 3066 5132 reliqui
3093 5062 3235 5130 cycli
3271 5062 3426 5116 luna
3459 5066 3515 5115 et
3546 5068 3638 5116 est

1991 5156 2050 5205 et
2080 5148 2428 5221 appellatur.

2133 5445 2302 5514 Quam
2334 5445 2399 5501 ob
2428 5461 2651 5501 causam
2676 5444 2814 5529 cycli
2832 5442 2965 5571 εριίς
2993 5444 3060 5500 ab
3097 5442 3311 5499 Octobri
3339 5441 3483 5503 inei-

2715 5532 2849 5571 man
2883 5558 2894 5569 .

2712 5532 2894 5588 piant.

2058 5607 2143 5661 Ab
2174 5605 2407 5662 Octobri
2442 5609 2635 5662 autem
2667 5606 2963 5679 cyclorum
3005 5604 3284 5661 solarium
3319 5603 3633 5661 revolutio-

1990 5711 2099 5751 nos
2148 5694 2406 5750 inchoari
2453 5695 2727 5763 dicimus,
2766 5694 2906 5766 quia
2954 5711 2988 5750 a
3035 5696 3124 5750 die
3163 5695 3383 5751 decimo
3426 5693 3630 5766 quinto

1992 5783 2180 5843 Martii
2218 5783 2510 5843 exoriente
2565 5784 2684 5842 sole
2742 5800 2929 5858 usque
2977 5786 3049 5841 ad
3100 5784 3402 5843 Octobrem
3463 5795 3630 5843 men-
