4080 6224
379 421 457 489 79

1665 417 2036 492 MATTH/El
2079 424 2371 497 BLASTA
2385 431 2505 497 RlS

3699 419 3776 492 80

377 573 501 615 sem
535 557 660 614 dies
691 557 980 613 mensium
1013 569 1146 612 cum
1171 555 1376 614 diebus
1415 561 1757 631 septimanae
1780 578 2013 633 permu-

2145 571 2221 622 τοῦ
2249 563 2584 642 Ὀκτωϐρίου
2632 568 2827 642 μηνὸς,
2871 562 3302 642 ἐνηλλαγμένως
3336 567 3388 620 αἱ
3436 570 3538 620 τῶν
3589 563 3772 638 μηνῶν

375 648 542 702 tatim
577 649 938 701 decurrunt:
977 645 1071 700 die
1115 653 1306 702 autem
1359 648 1547 720 primo
1589 649 1872 717 Octobris,
1927 669 2019 710 re-

383 741 546 808 perta
593 736 766 790 etiam
819 733 1148 812 septimana
1195 735 1255 791 in
1293 735 1483 808 primo
1529 739 1700 794 istius
1741 741 1856 807 die,
1885 742 2022 800 inde

378 830 436 882 et
466 823 822 880 excrdimur.
877 823 1024 878 Nam
1057 827 1260 894 praeter
1297 825 1600 882 Octobrem
1645 829 1843 885 nullus
1869 832 2022 888 alius

377 913 597 969 mensis
633 911 693 966 in
745 911 932 983 prima
979 911 1115 968 solis
1164 915 1396 985 periodo
1447 915 1692 984 primam
1741 919 1833 974 sui
1866 920 2020 976 diem

374 1018 506 1057 cum
542 999 726 1072 primo
755 1001 849 1055 die
878 1001 1215 1072 septimanae
1246 1003 1669 1060 coincidentem
1700 1023 1791 1062 em
1823 1009 2020 1065 habet.

373 1090 458 1144 Ab
480 1091 590 1144 isto
613 1087 792 1160 igitur
821 1104 1020 1144 mense
1049 1088 1416 1162 incipientes,
1444 1091 1799 1164 reliquorum
1823 1096 2025 1154 ordine

374 1178 662 1233 mensium
693 1176 817 1232 dies
847 1177 919 1231 28
957 1178 1110 1233 200
1169 1179 1517 1249 omittimus,
1543 1185 1742 1253 utpote
1769 1184 2025 1258 integras

375 1266 766 1325 hebdomadas
786 1267 1205 1323 constituentes
1229 1286 1243 1335 ;
1273 1270 1396 1325 dies
1417 1285 1550 1326 vero
1565 1272 1665 1342 qui
1688 1281 2022 1345 supersunt,

368 1354 706 1426 accipimus,
747 1355 929 1410 donec
960 1357 1028 1410 ad
1060 1355 1250 1421 illum,
1306 1373 1478 1430 quem
1521 1361 1864 1432 quaerimus,
1888 1380 2022 1436 per—

371 1443 658 1498 veniatur.
699 1442 864 1506 Quod
914 1453 1107 1500 autem
1141 1446 1248 1501 hoc
1278 1448 1576 1516 contingat
1607 1451 1666 1504 in
1697 1451 1888 1522 primo
1919 1469 2024 1525 cy—

374 1533 463 1588 clo
504 1531 882 1587 revolutionis
931 1533 1156 1600 solaris,
1211 1534 1374 1592 facile
1421 1552 1488 1592 ex
1535 1551 1602 1593 eo
1657 1539 2022 1611 intelligitur.

373 1623 526 1692 quod
573 1636 608 1676 a
637 1621 730 1675 die
761 1621 828 1674 15
859 1622 1063 1690 Martii,
1097 1639 1209 1694 quo
1257 1624 1341 1678 sol
1377 1625 1612 1696 quidem
1653 1631 1882 1684 creatus
1913 1634 2023 1698 est,

374 1724 559 1781 usque
588 1711 654 1763 ad
688 1707 1086 1780 Septembrem
1150 1719 1438 1780 exactum,
1473 1720 1856 1772 numerentur
1885 1733 2022 1774 cum

373 1799 557 1854 tribus
585 1797 722 1866 illis,
774 1799 877 1869 qui
928 1798 1110 1854 solem
1174 1805 1375 1856 natum
1427 1812 1856 1872 praecesserant,
1898 1807 2023 1864 dies

2126 658 2326 732 ἡμέραι
2359 659 2492 734 πρὸς
2525 659 2617 719 τὰς
2669 663 2768 726 τῆς
2821 651 3126 730 ἑϐδομάδος
3177 655 3426 732 ἐφέροντο
3452 674 3464 685 ·
3506 659 3576 728 τῇ
3627 653 3683 710 δὲ
3721 659 3767 709 α’

2124 750 2222 800 τοῦ
2287 742 2625 822 Ὀκτωϐρίου
2693 744 2997 819 εὑρεθείσης
3054 743 3142 799 καὶ
3195 747 3294 810 τῆς
3348 738 3658 818 ἑϐδομάδος
3717 743 3768 798 ἐν

2125 839 2193 907 τῇ
2235 838 2280 890 α’
2334 840 2442 890 τῶν
2498 835 2665 905 αὐτῆς
2731 837 2978 910 ἡμερῶν,
3038 833 3234 888 ἐκεῖθεν
3301 834 3389 888 καὶ
3454 832 3769 907 ἀρχόμεθα.

2127 921 2321 986 Οὐδεὶς
2351 925 2454 1001 γάρ
2485 923 2590 978 τῶν
2629 928 2812 997 μηνῶν
2845 921 3047 998 ἔτερος,
3079 923 3160 978 ὅτι
3197 923 3274 996 μὴ
3309 923 3469 996 μόνος
3505 922 3532 976 ὁ
3559 923 3760 976 Ὀκτώ-

2128 1009 2308 1087 ϐριος,
2349 1013 2486 1068 κατὰ
2531 1015 2632 1084 τὴν
2681 1013 2904 1088 πρώτην
2961 1017 3058 1068 τοῦ
3124 1011 3289 1082 ἡλίου
3341 1008 3600 1085 περίοδον
3669 1014 3770 1082 τὴν

2127 1103 2356 1177 πρώτην
2415 1107 2524 1158 τῶν
2571 1101 2733 1158 αὖτοῦ
2766 1104 2988 1176 ἡμερῶν
3032 1106 3102 1176 τῇ
3145 1100 3336 1176 πρώτῃ
3387 1107 3488 1170 τῆς
3529 1095 3775 1174 ἑϐδομά-

2129 1187 2227 1250 δος
2267 1185 2384 1268 ἔχει
2435 1191 2871 1264 συμπίπτουσαν.
2923 1190 3016 1245 Ἐκ
3061 1188 3256 1242 ττύτου
3305 1187 3484 1241 τοίνυν
3525 1186 3773 1261 ἀρχόμε-

2125 1300 2234 1347 νοι,
2275 1279 2506 1334 ἑκάστου
2554 1282 2662 1335 τῶν
2708 1279 2830 1350 ἑξῆς
2893 1281 3080 1352 μηνῶν
3135 1278 3232 1338 τὰς
3286 1277 3380 1350 μὶν
3424 1282 3508 1346 κη’
3557 1273 3770 1349 ἡμέρας

2128 1367 2326 1442 ἐῶμεν,
2391 1369 2467 1433 ὡς
2536 1367 2884 1443 ὁλοκλήρους
2950 1363 3261 1442 ἑϐδομάδας
3343 1365 3770 1440 ἆπαρτιζοόσας.

2125 1458 2220 1520 τὰς
2261 1455 2316 1512 δὲ
2367 1457 2611 1512 ἐπέκεινα
2651 1457 2857 1513 τούτων
2895 1451 3272 1530 λαμϐάνομεν,
3311 1451 3418 1516 ἕως
3453 1455 3515 1510 ἂν
3556 1454 3632 1518 εἷς
3670 1456 3772 1524 τήν

2128 1545 2334 1620 ἡμέραν
2378 1543 2646 1619 ἔλθωμεν,
2696 1547 2819 1622 περῖ
2870 1547 2936 1614 ἧς
2975 1547 3074 1614 τὴν
3113 1545 3340 1615 ζήτησιν
3383 1538 3608 1618 ἔχομεν.
3652 1543 3773 1598 Ὅτι

2129 1632 2186 1687 δὲ
2215 1636 2348 1688 κατὰ
2375 1635 2466 1688 τὸν
2499 1637 2716 1708 πρῶτον
2760 1639 2859 1703 τῆς
2901 1630 3264 1707 δημιουργίας
3312 1633 3409 1686 τοῦ
3458 1629 3624 1700 ἡλίου
3673 1629 3776 1684 κύ-

2129 1721 2262 1777 κλον
2296 1721 2438 1777 οὕτω
2469 1723 2783 1793 συνήντησε,
2815 1721 3144 1796 καταμαθεῖν
3192 1718 3410 1784 εὐπετές
3434 1762 3448 1776 .
3501 1719 3640 1776 Ἀπὸ
3669 1725 3773 1788 τῆς

2135 1817 2195 1868 ιε’
2223 1819 2320 1870 τοῦ
2352 1814 2616 1889 Μαρτίου,
2663 1813 2713 1868 ἐν
2818 1815 2915 1882 τήν
2955 1813 3154 1888 γένεσιν
3202 1809 3359 1888 ἔσχεν
3389 1812 3417 1866 ὁ
3449 1809 3638 1881 ἥλιος,
3675 1810 3774 1884 μέ-

368 1888 495 1943 203.
556 1887 654 1943 Isti
709 1888 1077 1944 constituunt
1125 1891 1484 1961 septimanae
1530 1893 1723 1966 9pcst
1771 1895 2020 1968 viginti;

2145 1913 2260 1981 ιρις
2293 1902 2427 1958 ὅλου
2447 1887 2554 1958 τοῦ
2587 1897 2982 1977 Σεπτεμϐρίου,
3027 1903 3161 1974 μετᾶ
3189 1905 3294 1955 τῶν
3333 1901 3437 1976 πρὸ
3477 1905 3574 1956 τοῦ
3606 1899 3774 1970 ἡλίου

371 1979 588 2049 quippe
617 1977 830 2046 septies
857 1978 930 2030 20
957 1979 1099 2034 dant
1147 1981 1270 2046 140,
1301 1986 1360 2034 et
1423 1983 1635 2053 septies
1685 1983 1814 2046 963,
1847 1987 2022 2042 adeo-

371 2081 484 2137 que
524 2065 749 2134 primus
781 2065 904 2120 dies
951 2058 1217 2122 Obtobris
1265 2070 1324 2124 in
1383 2071 1635 2141 primum
1680 2075 2020 2144 septimana:

370 2157 523 2211 diem
554 2154 778 2210 incidit.

698 2433 968 2504 Quomodo
1007 2436 1282 2506 reperitur
1316 2437 1504 2509 cyclus
1535 2440 1701 2496 (una.

447 2527 687 2594 Quando
741 2534 934 2584 tamen
993 2529 1146 2584 luna:
1197 2529 1422 2600 cyclum
1473 2530 1730 2588 invenire
1751 2533 2020 2602 volueris,

375 2618 574 2673 datum
625 2633 840 2674 annum
895 2632 1172 2672 manuum
1225 2617 1422 2684 digitis
1453 2637 1613 2692 rapo,
1649 2626 1706 2676 et
1735 2629 2016 2695 supputa.

377 2706 678 2763 Statuatur
705 2711 920 2772 autem,
963 2707 1208 2779 exempli
1258 2708 1462 2780 gratia,
1515 2728 1768 2780 prmsens
1800 2713 1892 2769 hic
1923 2729 2024 2768 an-

381 2809 492 2851 nus
545 2794 708 2849 68:13.
763 2793 1044 2860 Quoniam
1089 2802 1349 2866 respectu
1406 2798 1470 2852 19
1529 2799 1819 2870 cyclorum
1871 2801 2022 2858 Iunis

381 2885 598 2957 pariter
628 2898 752 2938 sese
789 2883 1011 2938 habent
1055 2885 1281 2942 numeri
1325 2886 1426 2940 190
1465 2892 1520 2942 et
1554 2889 1712 2958 1800,
1745 2890 2022 2948 subtrahe

377 2980 464 3032 ter
495 2973 598 3030 190
637 2989 705 3029 ex
747 2974 909 3028 6843.
943 2974 1083 3031 Dein
1124 2992 1192 3032 ex
1241 2977 1472 3034 residuo
1517 2980 1673 3047 1143,
1733 2983 1902 3037 deme
1931 2997 2020 3038 se-

379 3063 503 3120 xies
547 3061 670 3130 190,
730 3062 1126 3134 relinquentur
1185 3065 1219 3120 3
1267 3082 1370 3138 pro
1409 3066 1568 3140 cyclo
1621 3067 1794 3139 lunae,
1834 3068 1922 3124 vel
1971 3071 2022 3126 si

380 3152 590 3225 placet,
613 3167 778 3207 serva
825 3151 1014 3208 solum
1067 3153 1202 3208 anni
1265 3155 1501 3212 minoris
1541 3173 1704 3213 num.
1755 3159 1844 3227 43,
1890 3159 2023 3231 qui-

385 3241 490 3296 bus
519 3239 707 3310 adjice
738 3241 826 3308 1‘7,
856 3257 982 3312 qua
1005 3242 1240 3313 quidem
1266 3249 1583 3316 supersunt
1614 3251 1744 3319 post
1767 3248 2023 3320 proxime

381 3329 606 3401 lapsam
629 3327 1252 3388 hecatoutasteridem:
1297 3337 1353 3388 et
1374 3334 1524 3390 hanc
1557 3343 2028 3408 summam,puta

383 3419 474 3483 60,
508 3417 702 3475 divide
749 3433 851 3490 per
885 3419 968 3488 19,
1025 3421 1257 3476 residua
1302 3421 1336 3476 3
1387 3423 1704 3480 ostendunt
1737 3425 1904 3498 plane
1935 3441 2001 3496 cy

385 3508 538 3564 clum
572 3507 742 3564 Iunis.

566 3687 836 3758 Quomodo
890 3687 1168 3746 invenitur
1219 3691 1644 3761 fundamentum
1698 3694 1867 3753 lunae.

461 3776 648 3846 Hujus
679 3779 873 3832 autem
910 3777 1351 3835 fundamentum
1385 3787 1654 3836 accurate
1705 3781 1948 3847 tenebis,
1981 3781 2032 3837 si

390 3867 562 3922 modo
594 3864 1071 3937 undecuplaveris
1092 3868 1217 3938 jam
1257 3869 1556 3924 inventum
1601 3871 1746 3925 lunze
1779 3872 2030 3944 cyclum,

389 3960 447 4010 et
492 3963 612 4010 tum
665 3953 790 4009 dies
840 3958 957 4009 tres
999 3957 1284 4024 producto
1361 3960 1454 4013 isti
1514 3960 1816 4030 adjiciens,
1876 3960 2032 4016 illam

393 4057 682 4099 summam
707 4041 970 4118 diviseris
1029 4061 1130 4116 per
1175 4045 1264 4100 30.
1325 4047 1656 4104 Servabitur
1711 4051 1868 4105 enim
1923 4066 2036 4102 uu-

393 4148 586 4189 merus
621 4131 887 4186 residuus
922 4149 1024 4204 pro
1066 4133 1444 4193 fundamento
1471 4138 1640 4192 lunae.
1679 4139 1810 4194 ideo
1834 4145 2032 4192 autem

395 4221 754 4292 adjiciuntur
792 4227 908 4274 tres
964 4220 1057 4277 isti
1115 4223 1258 4293 dies,
1311 4225 1588 4296 quoniam
1653 4226 1711 4282 in
1764 4227 1830 4281 19
1869 4226 2040 4281 annis

395 4307 722 4380 completis,
755 4315 815 4363 ut
845 4309 1057 4365 dictum
1107 4317 1215 4378 est,
1249 4329 1364 4368 non
1425 4331 1624 4370 revera
1659 4315 2042 4371 restituuntur

398 4397 758 4454 motuslunse
789 4397 835 4454 si
875 4397 1327 4470 longitudinem,
1353 4403 1452 4458 sed
1487 4405 1688 4458 desunt
1719 4404 1896 4458 unius
1927 4405 2045 4460 diei

403 4485 624 4542 minuta
653 4487 838 4558 prima
859 4485 928 4554 3',
961 4491 1017 4542 et
1045 4491 1306 4546 secunda
1333 4492 1467 4558 37",,
1498 4496 1636 4548 adeo
1672 4499 1735 4548 ut
1767 4493 1823 4547 in
1854 4492 2043 4563 spatio

403 4589 690 4632 annorum
737 4575 843 4630 304
899 4577 1262 4648 cyclusluuae
1321 4580 1436 4636 fere
1502 4581 1592 4636 die
1652 4599 1765 4638 uno
1795 4581 2042 4637 deﬁciat.

2133 1996 2297 2066 τριῶν
2339 1995 2565 2067 ἡμερῶν
2613 1991 2815 2066 ἡμέραι
2859 1991 3091 2069 γίνονται
3137 1994 3244 2066 σγ’,
3276 1987 3475 2052 α’ίτινες
3521 1993 3772 2045 ποιοῦσιν

2133 2078 2440 2154 ἑϐδομάδας
2499 2080 2640 2136 ἐννέα
2697 2081 2789 2136 καὶ
2834 2080 3033 2136 εἴκοσιν
3069 2100 3082 2114 ·
3142 2079 3362 2142 ἑπτάκις
3425 2081 3528 2155 γαρ
3577 2077 3644 2133 τὰ
3696 2076 3774 2133 εἷ’-

2132 2192 2285 2226 κοσιν
2343 2171 2531 2225 ἑκατὸν
2583 2171 3000 2246 τεσσαράκοντα,
3057 2169 3147 2224 καὶ
3203 2167 3424 2231 ἑπτάκις
3482 2169 3548 2222 τᾶ
3601 2165 3772 2233 ἐννέα,

2135 2261 2389 2332 ἑξήκοντα
2441 2263 2566 2336 τρία
2599 2279 2612 2292 ·
2665 2259 2860 2315 λοιπὸν
2923 2262 2958 2329 ἡ
3015 2261 3207 2333 πρώτη
3275 2262 3372 2313 τοῦ
3439 2252 3776 2332 Ὀκτωϐρίου

2135 2347 2338 2422 ἐγένετο
2371 2349 2460 2402 καὶ
2493 2349 2684 2423 πρώτη
2708 2355 2811 2419 τῆς
2841 2343 3167 2420 ἑϐδομάδος,

2235 2441 2373 2498 Πῶς
2415 2439 2443 2491 ὁ
2483 2444 2601 2507 τῆς
2639 2435 2932 2508 σελήνης
2973 2434 3353 2506 εὒρίσκεται
3391 2430 3670 2496 κύκλος.

2205 2525 2362 2583 Ἀλλ’
2399 2526 2561 2595 ἡνίκα
2613 2527 2704 2581 τὸν
2751 2533 2849 2596 τῆς
2898 2523 3132 2596 σελήνης
3180 2522 3380 2587 κύκλον
3431 2525 3605 2597 εὗρεῖν
3655 2523 3774 2578 ἐθε-

2135 2617 2376 2687 λήσειας,
2428 2621 2543 2678 τοῖς
2578 2612 2867 2678 δακτύλοις
2907 2620 3014 2668 τῶν
3065 2617 3265 2688 χειρῶν
3313 2616 3374 2668 τὸ
3427 2611 3772 2685 ἐνιστάμενον

2133 2701 2252 2767 ἔτος
2293 2699 2557 2778 λάμϐανε.
2619 2705 2826 2760 Κείσθω
2873 2702 2940 2772 δὴ
2988 2703 3051 2756 τὸ
3100 2702 3181 2782 ἐφ’
3227 2703 3388 2774 ἡμῶν
3442 2701 3633 2776 ςωμγ’,
3678 2703 3772 2755 καί

2133 2794 2247 2850 ἐπεὶ
2277 2795 2378 2864 τήν
2411 2795 2576 2863 αὐτὴν
2625 2793 2916 2870 ἀναλογίαν
2957 2791 3145 2868 ἔχουσι
3185 2792 3264 2864 τῷ
3310 2793 3372 2846 ιθ’
3412 2792 3631 2866 ἀριθμῷ
3664 2796 3778 2846 τῶν

2132 2893 2232 2951 τῆς
2289 2885 2526 2956 σελήνης
2583 2883 2800 2940 κύκλων
2851 2883 2878 2938 ὅ
2928 2905 2982 2938 τε
3033 2881 3112 2961 ριί
3169 2883 3260 2937 καὶ
3319 2883 3348 2936 ὁ
3398 2881 3559 2956 (179',
3609 2878 3780 2959 ἄφελε

2133 2978 2348 3049 πρῶτον
2410 2972 2470 3027 ἐκ
2523 2972 2710 3048 τρίτου
2766 2973 2858 3028 τὸν
2913 2972 3069 3046 ,α7ᾒό
3131 2971 3262 3026 Εἶτα
3319 2974 3424 3025 τῶν
3479 2970 3776 3043 μεινάντων

2134 3063 2312 3138 ιαρμγ¹
2359 3060 2576 3140 ἁοελὼν
2627 3061 2800 3135 ἑξάκις
2855 3061 2945 3116 τὸν
3009 3059 3108 3137 ρξ’,
3161 3057 3292 3132 ἕξεις
3336 3059 3403 3114 τὰ
3451 3056 3782 3134 περιλειπό-

2140 3172 2272 3224 μενα
2299 3151 2444 3224 τρία,
2495 3152 2628 3222 ἅπερ
2685 3149 2818 3205 εἰσὶν
2848 3151 2876 3204 ὁ
2906 3148 3112 3211 κύκλος
3160 3155 3259 3218 τῆς
3313 3147 3572 3219 σελήνης,
3627 3147 3688 3203 Εἰ
3719 3144 3782 3201 δὲ

2141 3241 2351 3317 βούλει,
2382 3240 2651 3316 κράτησον
2684 3239 2747 3295 τὸ
2799 3236 2992 3314 μικρὸν
3041 3235 3158 3300 ἔτος
3211 3238 3398 3310 μόνον,
3429 3239 3554 3308 ἢτοι
3589 3237 3656 3292 τὰ
3689 3241 3783 3311 μγ’

2127 3331 2368 3404 ’πρόσθες
2414 3329 2504 3384 καὶ
2552 3328 2620 3384 τὰ
2671 3334 2730 3398 ιζ’
2773 3329 2840 3383 τὰ
2881 3328 3302 3402 περισσεύσαντα
3345 3326 3451 3381 ἀπὸ
3481 3333 3581 3394 τῆς
3628 3346 3784 3398 παρ-

2138 3417 2404 3489 ελθούσης
2448 3414 2986 3492 ἐκατονταετηρίδος,
3027 3416 3116 3470 καὶ
3160 3416 3225 3470 τὰ
3269 3417 3410 3489 ὁμοῦ
3458 3416 3714 3492 γινόμενα
3743 3415 3790 3484 ξ’

2140 3507 2303 3586 ὕφελε
2335 3507 2422 3563 ἐπὶ
2453 3513 2560 3563 τῶν
2595 3509 2681 3570 ιϐ’,
2715 3507 2804 3562 καὶ
2834 3507 2899 3562 τὰ
2933 3505 3359 3583 καταλειφθέντα
3389 3506 3516 3579 τρία
3547 3500 3789 3576 δηλοῦσι

2139 3603 2346 3673 τρανῶς
2377 3606 2474 3668 τῆς
2507 3597 2743 3668 σελήνης
2772 3597 2863 3652 τὸν
2895 3595 3120 3664 κύκλον,

2207 3691 2348 3750 Πῶς
2389 3687 2418 3741 ὁ
2457 3693 2572 3756 τῆς
2613 3685 2908 3758 σελήνης
2948 3685 3335 3759 εὑρίσκεται
3375 3683 3722 3758 θεμέλιος.

2214 3777 2310 3832 Τὸν
2354 3774 2409 3832 δὲ
2455 3776 2657 3846 ταύτης
2698 3775 2950 3848 θεμέλιον
2992 3769 3232 3848 ἀκριϐῶς
3273 3770 3417 3848 εἷ’σῃ,
3451 3773 3539 3827 ἐάν
3588 3792 3686 3844 περ
3726 3772 3792 3826 ’ὁν

2147 3866 2296 3942 εὗρες
2367 3867 2532 3939 αὐτῇς
2599 3862 2800 3920 κύκλον
2895 3860 3408 3928 ἐνδεκαπλασιάσας,
3485 3861 3578 3915 καὶ
3641 3865 3795 3934 τρεῖς

2148 3956 2358 4028 ἡμέρας
2415 3953 2630 4015 τούτοις
2691 3946 2969 4027 προσθεὶς,
3031 3951 3235 4029 ὑφέλῃς
3294 3949 3378 4005 ἐπὶ
3437 3954 3544 4004 τῶν
3605 3947 3654 4005 λ’
3699 3951 3796 4003 καὶ

2147 4042 2567 4119 καταλειγθέντα
2639 4041 2894 4115 ἀριθμὸν,
2954 4039 3028 4101 ὡς
3081 4037 3336 4111 θεμέλιον
3400 4043 3500 4106 τῆς
3559 4035 3797 4107 σελήνης

2149 4133 2439 4206 κρατήσῃς.
2501 4131 2564 4186 Δὶ
2623 4127 2680 4185 δὲ
2725 4135 2870 4204 τρεῖς
2921 4128 3075 4183 αὗται
3142 4128 3345 4202 ἡμέραι
3395 4125 3797 4202 προστίθενται,

2151 4219 2242 4276 διὰ
2287 4219 2348 4276 τδ
2401 4221 2477 4294 μὴ
2538 4219 2997 4274 ἀποκαθίστασθαι
3051 4217 3146 4278 τὰς
3200 4223 3301 4286 τῆς
3359 4213 3598 4286 σελήνης
3656 4217 3796 4269 κατὰ

2154 4317 2330 4382 μῆκος
2374 4307 2642 4382 παρόδους
2697 4307 2748 4361 ἐν
2808 4307 2962 4370 ὅλοις
3025 4307 3094 4361 ιθ¹
3154 4300 3344 4374 ἔτεσιν,
3403 4305 3476 4368 ὡς
3534 4303 3793 4379 εἴρηται·

2151 4399 2298 4456 ἀλλὰ
2326 4399 2469 4474 παρὰ
2523 4402 2648 4470 μιᾶς
2698 4397 2908 4472 ἡμέρας
2958 4395 3220 4468 ἑξηκοστᾶ
3264 4399 3454 4471 πρῶτα
3507 4393 3651 4466 τρία,
3701 4395 3798 4448 καὶ

2155 4488 2377 4564 δεύτερα
2421 4487 2706 4564 τριάκοντα
2757 4486 2910 4554 ἑπτα,
2962 4484 3100 4542 ὥστε
3153 4484 3229 4546 εἰς
3273 4483 3621 4562 τριακοσίους
3670 4484 3802 4536 τέσ-

2157 4598 2320 4652 σαρας
2378 4576 2648 4638 ἐνιαυτοὺς
2703 4575 2829 4648 μίαν
2885 4574 3095 4649 ἡμέραν
3160 4570 3380 4650 ἔγγιστα
3435 4573 3530 4628 τὸν
3586 4569 3797 4626 κύκλον

405 4665 563 4721 lianc
591 4665 663 4718 ob
692 4679 929 4719 causam
972 4681 1124 4720 anno
1153 4668 1354 4723 mundi
1394 4669 1537 4724 5929
1571 4670 1768 4726 nullus
1796 4671 1921 4726 dies
1955 4687 2030 4725 ac

2153 4666 2505 4723 ἐλαττοῦσθαι
2549 4667 2646 4734 τῆς
2677 4664 2936 4734 σελήνης.
2985 4663 3082 4718 Διὰ
3130 4659 3197 4732 δὴ
3235 4666 3396 4718 τοῦτο
3446 4661 3538 4718 ἐπὶ
3575 4661 3668 4734 μὲν
3701 4663 3803 4714 τοῦ

405 4753 574 4810 cessit
605 4751 748 4824 cycli
799 4751 1016 4808 lunaris
1066 4757 1588 4826 undecuplaticne:
1628 4758 1766 4814 inde
1807 4777 1940 4814 vero
1973 4759 2044 4815 ad

409 4858 626 4899 annum
657 4840 798 4896 6233
827 4841 952 4896 dies
985 4859 1134 4898 unus
1169 4846 1578 4917 adﬁciebatur,
1621 4862 1678 4903 et
1709 4848 1846 4903 hinc
1881 4865 2047 4920 porro

411 4947 566 4987 anno
613 4929 755 4986 6537
797 4931 936 4998 duo,
987 4930 1236 5004 indeque
1291 4937 1362 4990 ad
1413 4954 1629 4992 annum
1685 4937 1818 4992 6841
1881 4944 2046 4993 tres:

412 5025 589 5092 atque
619 5019 913 5091 deinceps,
939 5021 1104 5090 juxta
1133 5039 1371 5096 compar
1401 5026 1539 5080 dicti
1572 5028 1852 5097 temporis
1883 5027 2052 5081 inter-

411 5107 650 5175 vallum,
682 5112 927 5180 quatuor
957 5109 1078 5166 dius
1127 5117 1420 5170 accedent.
1464 5115 1854 5171 Veruntamen
1905 5132 2053 5188 prae-

415 5203 578 5256 sente
613 5197 721 5254 hoc
761 5204 1040 5270 tempore,
1068 5202 1115 5256 si
1175 5205 1400 5274 cyclum
1447 5207 1594 5262 lunae
1627 5208 1688 5260 17
1719 5210 1778 5262 et
1810 5207 1875 5262 18
1903 5211 1959 5262 et
1993 5206 2056 5260 19

417 5287 892 5360 undecuplaveris
949 5293 1005 5344 et
1054 5297 1302 5361 quatuor
1347 5295 1470 5350 dies
1517 5295 1818 5367 adjeceris,
1880 5310 2054 5367 quem

416 5377 560 5434 velis
600 5377 820 5434 mensis
853 5375 1068 5436 lunaris
1098 5382 1252 5439 diem
1299 5383 1404 5442 hoc
1463 5390 1630 5458 pacto
1663 5385 1910 5458 reperire
1956 5399 2064 5456 po-

419 5463 584 5521 teris.

851 5665 920 5718 De
951 5662 1104 5734 cyclo
1132 5661 1262 5717 solis
1293 5657 1636 5716 inveniendo.

495 5747 774 5811 Similiter
803 5763 855 5810 ct
903 5755 972 5810 de
1001 5751 1123 5808 solo
1151 5769 1166 5823 ;
1191 5765 1408 5808 annum
1462 5753 1582 5822 jam
1614 5749 1943 5805 currentem
1975 5743 2060 5801 di-

2155 4757 2352 4830 ἐ79κθ’
2389 4754 2540 4816 ἔτους
2577 4759 2674 4810 τοῦ
2705 4755 2916 4826 κόσμου
2961 4750 3186 4826 οὐδεμία
3234 4751 3416 4824 ἡμέρα
3456 4755 3534 4824 τῷ
3582 4747 3800 4804 ἑνδεκα-

2159 4847 2487 4916 πλασιασμῷ
2518 4848 2614 4899 τοῦ
2643 4843 2850 4898 κύκλου
2879 4850 2978 4912 τῆς
3017 4841 3256 4912 σελήνης
3301 4840 3652 4915 προσετίθετο
3679 4860 3691 4872 ·
3734 4840 3801 4894 τὸ

2160 4935 2250 4990 ἀπ’
2294 4935 2500 4988 ἐκείνου
2550 4931 2606 4988 δὲ
2655 4931 2786 5008 ἄχρι
2840 4936 2936 4987 τοῦ
2992 4929 3169 5006 δςσλγί
3220 4928 3378 4994 ἔτους
3445 4929 3545 5003 μία
3600 4947 3804 5000 προσε-

2159 5022 2288 5094 τέθη
2319 5042 2333 5056 '
2368 5023 2606 5078 ἐντεῦθεν
2635 5021 2692 5077 δὲ
2729 5023 2895 5097 μέχρι
2921 5025 3018 5076 τυῦ
3048 5022 3215 5098 ,ςφλζ
3245 5015 3422 5086 ἔτους,
3467 5016 3564 5072 δύο
3592 5036 3604 5049 ·
3649 5014 3804 5078 αὖθις

2163 5110 2221 5167 δὲ
2253 5112 2384 5188 aqua:
2418 5117 2513 5166 τιιῦ
2541 5113 2734 5186 ς’ωμα
2761 5116 2905 5184 τρεῖς
2931 5132 2944 5144 ·
2992 5109 3254 5165 εἶσὲπειτα
3294 5105 3371 5178 δὲ,
3411 5109 3546 5162 κατᾶ
3581 5107 3642 5160 τὸ
3678 5105 3804 5159 ἳσον

2162 5203 2264 5258 τοῦ
2321 5201 2614 5278 εἰρημένου
2663 5201 2864 5276 χρόνου
2923 5197 3220 5272 διάστημα,
3267 5197 3518 5268 τέσσαρες
3572 5213 3814 5270 προστε-

2165 5293 2444 5362 θήσονται.
2485 5290 2634 5359 Πλὴν
2669 5289 2760 5345 καὶ
2807 5290 2944 5344 κατά
2990 5291 3052 5344 τὸ
3098 5286 3290 5363 παρὸν,
3338 5287 3430 5342 τὸν
3485 5289 3548 5354 ιζ’
3595 5287 3686 5338 τὸν
3741 5295 3817 5354 ιη’

2169 5379 2259 5435 καὶ
2315 5383 2406 5436 τὸν
2469 5381 2532 5435 ιθ’
2577 5378 2779 5436 κύκλον
2832 5386 2932 5450 τῆς
2991 5377 3227 5450 σελήνης
3285 5372 3819 5444 ἐνδεκαπλασιάζων,

2169 5471 2430 5543 τέσσαρας
2480 5470 2687 5547 ἡμέρας
2725 5471 3076 5545 προσθήσεις,
3124 5467 3214 5523 καὶ
3267 5465 3410 5521 οὕτω
3455 5465 3556 5532 τὴν
3601 5464 3821 5532 ποστ-ἦν

2169 5563 2266 5614 τοῦ
2296 5559 2626 5630 σεληνιακοῦ
2656 5559 2827 5633 εὑρεῖν
2859 5557 2923 5614 ἄν
2954 5555 3241 5628 δυνηθείης
3269 5555 3464 5630 μηνός.

2283 5653 2430 5710 Πῶς
2471 5649 2534 5702 οἱ
2569 5651 2685 5702 τοῦ
2724 5645 2925 5718 ἡλίου
2963 5643 3207 5701 κύκλοι
3246 5643 3702 5716 εὑρίσκονται.

2241 5736 2514 5802 Ὡσαύτως
2543 5737 2634 5794 καὶ
2665 5736 2750 5794 ἐπὶ
2791 5739 2889 5794 τοῦ
2935 5734 3122 5810 ἡλίου,
3165 5731 3437 5814 κράτησον
3482 5733 3602 5793 ταῖς
3652 5729 3821 5806 χερσὶ
