  <div class='ocr_page' id='page_1' title='image "/cluster/home/n/w/nwhite01/storage/ocr_20150623/145/hvd.32044054086921/046.png"; bbox 0 0 4060 6228; ppageno 0'>
   <div class='ocr_carea' id='block_1_1' title="bbox 277 383 1890 452">
    <p class='ocr_par' dir='ltr' id='par_1_1' title="bbox 277 383 1890 446">
     <span class='ocr_line' id='line_1_1' title="bbox 277 383 1890 446; baseline -0.001 -1"><span class='ocrx_word' id='word_1_1' title='bbox 277 383 336 445; x_wconf 90' lang='grc'><strong>81</strong></span> <span class='ocrx_word' id='word_1_2' title='bbox 1285 383 1426 444; x_wconf 85' lang='lat' dir='ltr'><strong>SYN</strong></span> <span class='ocrx_word' id='word_1_3' title='bbox 1435 383 1718 446; x_wconf 83' lang='lat' dir='ltr'><strong>TAGMA</strong></span> <span class='ocrx_word' id='word_1_4' title='bbox 1759 384 1890 444; x_wconf 74' lang='lat' dir='ltr'><strong>ALI</strong></span> 
     </span>
    </p>
   </div>
   <div class='ocr_carea' id='block_1_2' title="bbox 2008 383 3656 452">
    <p class='ocr_par' dir='ltr' id='par_1_2' title="bbox 2008 384 3656 452">
     <span class='ocr_line' id='line_1_2' title="bbox 2008 384 3656 452; baseline 0.006 -10"><span class='ocrx_word' id='word_1_5' title='bbox 2008 384 2393 447; x_wconf 74' lang='lat' dir='ltr'><strong>.BETICUM.</strong></span> <span class='ocrx_word' id='word_1_6' title='bbox 2437 421 2514 432; x_wconf 85' lang='lat'><strong>—-—</strong></span> <span class='ocrx_word' id='word_1_7' title='bbox 2561 403 2628 452; x_wconf 87' lang='grc' dir='ltr'><strong>Π.</strong></span> <span class='ocrx_word' id='word_1_8' title='bbox 3575 393 3656 452; x_wconf 78' lang='grc'><strong>82</strong></span> 
     </span>
    </p>
   </div>
   <div class='ocr_carea' id='block_1_3' title="bbox 274 514 1890 595">
    <p class='ocr_par' dir='ltr' id='par_1_3' title="bbox 274 514 1890 591">
     <span class='ocr_line' id='line_1_3' title="bbox 274 514 1890 591; baseline -0.001 -20"><span class='ocrx_word' id='word_1_9' title='bbox 274 517 326 571; x_wconf 75' lang='grc' dir='ltr'>τὸ</span> <span class='ocrx_word' id='word_1_10' title='bbox 367 518 546 591; x_wconf 72' lang='grc' dir='ltr'>τρέχον</span> <span class='ocrx_word' id='word_1_11' title='bbox 577 517 790 590; x_wconf 79' lang='grc' dir='ltr'>ἀρτίως</span> <span class='ocrx_word' id='word_1_12' title='bbox 839 521 1028 591; x_wconf 81' lang='grc' dir='ltr'>,ςωμγ’</span> <span class='ocrx_word' id='word_1_13' title='bbox 1075 514 1231 579; x_wconf 72' lang='grc' dir='ltr'>ἔτοςο</span> <span class='ocrx_word' id='word_1_14' title='bbox 1285 517 1376 570; x_wconf 83' lang='grc' dir='ltr'>καὶ</span> <span class='ocrx_word' id='word_1_15' title='bbox 1421 515 1536 572; x_wconf 73' lang='grc' dir='ltr'>ἐπεὶ</span> <span class='ocrx_word' id='word_1_16' title='bbox 1581 518 1610 572; x_wconf 87' lang='lat'><strong>6</strong></span> <span class='ocrx_word' id='word_1_17' title='bbox 1657 516 1890 579; x_wconf 82' lang='grc' dir='ltr'>εἰκοστὸς</span> 
     </span>
    </p>
   </div>
   <div class='ocr_carea' id='block_1_4' title="bbox 2008 514 3652 595">
    <p class='ocr_par' dir='ltr' id='par_1_4' title="bbox 2018 520 3652 595">
     <span class='ocr_line' id='line_1_4' title="bbox 2018 520 3652 595; baseline 0.006 -22"><span class='ocrx_word' id='word_1_18' title='bbox 2018 520 2149 590; x_wconf 82' lang='lat' dir='ltr'><strong>gitis</strong></span> <span class='ocrx_word' id='word_1_19' title='bbox 2177 527 2447 575; x_wconf 81' lang='lat' dir='ltr'><strong>accurate</strong></span> <span class='ocrx_word' id='word_1_20' title='bbox 2479 529 2768 592; x_wconf 82' lang='lat' dir='ltr'><strong>computa,</strong></span> <span class='ocrx_word' id='word_1_21' title='bbox 2800 524 3066 580; x_wconf 79' lang='lat' dir='ltr'><strong>videlicet</strong></span> <span class='ocrx_word' id='word_1_22' title='bbox 3093 525 3257 594; x_wconf 77' lang='grc'>6843,</span> <span class='ocrx_word' id='word_1_23' title='bbox 3286 529 3346 581; x_wconf 91' lang='lat' dir='ltr'><strong>et</strong></span> <span class='ocrx_word' id='word_1_24' title='bbox 3377 525 3652 595; x_wconf 76' lang='lat' dir='ltr'><strong>quoniam</strong></span> 
     </span>
    </p>
   </div>
   <div class='ocr_carea' id='block_1_5' title="bbox 277 601 1902 680">
    <p class='ocr_par' dir='ltr' id='par_1_5' title="bbox 277 601 1902 680">
     <span class='ocr_line' id='line_1_5' title="bbox 277 601 1902 680; baseline 0.001 -20"><span class='ocrx_word' id='word_1_25' title='bbox 277 601 440 680; x_wconf 71' lang='grc' dir='ltr'>ὄγδοος</span> <span class='ocrx_word' id='word_1_26' title='bbox 463 609 571 661; x_wconf 77' lang='grc' dir='ltr'><strong>τῶν</strong></span> <span class='ocrx_word' id='word_1_27' title='bbox 600 605 828 661; x_wconf 88' lang='grc' dir='ltr'>κύκλων</span> <span class='ocrx_word' id='word_1_28' title='bbox 854 609 954 660; x_wconf 80' lang='grc' dir='ltr'><strong>τοῦ</strong></span> <span class='ocrx_word' id='word_1_29' title='bbox 986 603 1154 674; x_wconf 75' lang='grc' dir='ltr'>ἡλίου</span> <span class='ocrx_word' id='word_1_30' title='bbox 1186 605 1415 680; x_wconf 78' lang='grc' dir='ltr'>ἀριθμὸς</span> <span class='ocrx_word' id='word_1_31' title='bbox 1445 605 1708 680; x_wconf 78' lang='grc' dir='ltr'><strong>ἀναλογεῖ</strong></span> <span class='ocrx_word' id='word_1_32' title='bbox 1735 610 1815 678; x_wconf 79' lang='grc' dir='ltr'><strong>τῷ</strong></span> <span class='ocrx_word' id='word_1_33' title='bbox 1844 627 1902 661; x_wconf 86' lang='grc' dir='ltr'><strong>τε</strong></span> 
     </span>
    </p>
   </div>
   <div class='ocr_carea' id='block_1_6' title="bbox 281 691 1898 772">
    <p class='ocr_par' dir='ltr' id='par_1_6' title="bbox 281 691 1898 772">
     <span class='ocr_line' id='line_1_6' title="bbox 281 691 1898 772; baseline -0.001 -23"><span class='ocrx_word' id='word_1_34' title='bbox 281 705 354 750; x_wconf 71' lang='grc' dir='ltr'>στ’</span> <span class='ocrx_word' id='word_1_35' title='bbox 378 695 452 750; x_wconf 68' lang='grc' dir='ltr'><strong>καὶ</strong></span> <span class='ocrx_word' id='word_1_36' title='bbox 476 699 552 767; x_wconf 75' lang='grc' dir='ltr'>τῷ</span> <span class='ocrx_word' id='word_1_37' title='bbox 577 695 721 770; x_wconf 52' lang='grc' dir='ltr'>,βωζ</span> <span class='ocrx_word' id='word_1_38' title='bbox 763 693 933 772; x_wconf 72' lang='grc' dir='ltr'>ἄφελε</span> <span class='ocrx_word' id='word_1_39' title='bbox 973 694 1031 750; x_wconf 80' lang='grc' dir='ltr'>ἐκ</span> <span class='ocrx_word' id='word_1_40' title='bbox 1071 691 1314 768; x_wconf 72' lang='grc' dir='ltr'>δευτέρον</span> <span class='ocrx_word' id='word_1_41' title='bbox 1356 695 1449 750; x_wconf 86' lang='grc' dir='ltr'>τὸν</span> <span class='ocrx_word' id='word_1_42' title='bbox 1485 695 1624 769; x_wconf 42' lang='grc' dir='ltr'>,βωλ</span> <span class='ocrx_word' id='word_1_43' title='bbox 1665 693 1752 749; x_wconf 76' lang='grc' dir='ltr'><strong>καὶ</strong></span> <span class='ocrx_word' id='word_1_44' title='bbox 1792 698 1898 750; x_wconf 78' lang='grc' dir='ltr'>τῶν</span> 
     </span>
    </p>
   </div>
   <div class='ocr_carea' id='block_1_7' title="bbox 286 781 1900 862">
    <p class='ocr_par' dir='ltr' id='par_1_7' title="bbox 286 781 1900 862">
     <span class='ocr_line' id='line_1_7' title="bbox 286 781 1900 862; baseline 0 -24"><span class='ocrx_word' id='word_1_45' title='bbox 286 781 724 856; x_wconf 60' lang='grc' dir='ltr'><strong>περιλειπομένων</strong></span> <span class='ocrx_word' id='word_1_46' title='bbox 787 783 962 858; x_wconf 50' lang='grc' dir='ltr'>,ασμγ’</span> <span class='ocrx_word' id='word_1_47' title='bbox 1057 782 1210 846; x_wconf 77' lang='grc' dir='ltr'>αὖθις</span> <span class='ocrx_word' id='word_1_48' title='bbox 1276 781 1442 862; x_wconf 74' lang='grc' dir='ltr'>ἄφελε</span> <span class='ocrx_word' id='word_1_49' title='bbox 1501 785 1746 858; x_wconf 75' lang='grc' dir='ltr'><strong>τετράκις</strong></span> <span class='ocrx_word' id='word_1_50' title='bbox 1810 783 1900 839; x_wconf 76' lang='grc' dir='ltr'><strong>τὸν</strong></span> 
     </span>
    </p>
   </div>
   <div class='ocr_carea' id='block_1_8' title="bbox 293 871 1900 952">
    <p class='ocr_par' dir='ltr' id='par_1_8' title="bbox 293 871 1900 952">
     <span class='ocr_line' id='line_1_8' title="bbox 293 871 1900 952; baseline 0.001 -25"><span class='ocrx_word' id='word_1_51' title='bbox 293 881 396 927; x_wconf 75' lang='lat' dir='ltr'><strong>cz&quot;</strong></span> <span class='ocrx_word' id='word_1_52' title='bbox 436 874 540 928; x_wconf 76' lang='grc' dir='ltr'>εἶτα</span> <span class='ocrx_word' id='word_1_53' title='bbox 594 876 712 928; x_wconf 81' lang='grc' dir='ltr'><strong>τῶν</strong></span> <span class='ocrx_word' id='word_1_54' title='bbox 779 873 1078 946; x_wconf 73' lang='grc' dir='ltr'><strong>μεινάντων</strong></span> <span class='ocrx_word' id='word_1_55' title='bbox 1140 873 1250 949; x_wconf 84' lang='grc' dir='ltr'>ρκγ¹</span> <span class='ocrx_word' id='word_1_56' title='bbox 1304 873 1548 946; x_wconf 72' lang='grc' dir='ltr'><strong>τετράκις</strong></span> <span class='ocrx_word' id='word_1_57' title='bbox 1604 871 1900 952; x_wconf 70' lang='grc' dir='ltr'>ἀφελόντος</span> 
     </span>
    </p>
   </div>
   <div class='ocr_carea' id='block_1_9' title="bbox 297 960 1901 1035">
    <p class='ocr_par' dir='ltr' id='par_1_9' title="bbox 297 960 1901 1035">
     <span class='ocr_line' id='line_1_9' title="bbox 297 960 1901 1035; baseline 0.001 -19"><span class='ocrx_word' id='word_1_58' title='bbox 297 983 376 1017; x_wconf 72' lang='grc' dir='ltr'><strong>σον</strong></span> <span class='ocrx_word' id='word_1_59' title='bbox 398 963 473 1017; x_wconf 82' lang='grc' dir='ltr'>τὸν</span> <span class='ocrx_word' id='word_1_60' title='bbox 515 963 624 1032; x_wconf 75' lang='grc' dir='ltr'>κη’,</span> <span class='ocrx_word' id='word_1_61' title='bbox 669 960 1070 1034; x_wconf 64' lang='grc' dir='ltr'>ὼεξάντλητος</span> <span class='ocrx_word' id='word_1_62' title='bbox 1105 962 1246 1035; x_wconf 73' lang='grc' dir='ltr'>μένει</span> <span class='ocrx_word' id='word_1_63' title='bbox 1291 963 1318 1018; x_wconf 97' lang='lat'><strong>6</strong></span> <span class='ocrx_word' id='word_1_64' title='bbox 1353 968 1440 1033; x_wconf 88' lang='grc' dir='ltr'>ια’,</span> <span class='ocrx_word' id='word_1_65' title='bbox 1473 961 1531 1024; x_wconf 78' lang='grc' dir='ltr'><strong>ὅς</strong></span> <span class='ocrx_word' id='word_1_66' title='bbox 1577 962 1722 1019; x_wconf 75' lang='grc' dir='ltr'>ἐστιν</span> <span class='ocrx_word' id='word_1_67' title='bbox 1751 963 1780 1018; x_wconf 90' lang='grc' dir='ltr'>ὁ</span> <span class='ocrx_word' id='word_1_68' title='bbox 1804 965 1901 1018; x_wconf 73' lang='grc' dir='ltr'><strong>τοῦ</strong></span> 
     </span>
    </p>
   </div>
   <div class='ocr_carea' id='block_1_10' title="bbox 296 1049 671 1120">
    <p class='ocr_par' dir='ltr' id='par_1_10' title="bbox 296 1049 671 1120">
     <span class='ocr_line' id='line_1_10' title="bbox 296 1049 671 1120; baseline 0.005 -14"><span class='ocrx_word' id='word_1_69' title='bbox 296 1052 422 1120; x_wconf 68' lang='grc' dir='ltr'>ἡλίου</span> <span class='ocrx_word' id='word_1_70' title='bbox 445 1049 671 1115; x_wconf 70' lang='grc' dir='ltr'>κύκλος.</span> 
     </span>
    </p>
   </div>
   <div class='ocr_carea' id='block_1_11' title="bbox 937 1166 1233 1229">
    <p class='ocr_par' dir='ltr' id='par_1_11' title="bbox 937 1166 1233 1229">
     <span class='ocr_line' id='line_1_11' title="bbox 937 1166 1233 1229; baseline 0 -5"><span class='ocrx_word' id='word_1_71' title='bbox 937 1166 1233 1229; x_wconf 82' lang='grc' dir='ltr'>Ἀλλως.</span> 
     </span>
    </p>
   </div>
   <div class='ocr_carea' id='block_1_12' title="bbox 339 1273 1903 1351">
    <p class='ocr_par' dir='ltr' id='par_1_12' title="bbox 339 1273 1903 1351">
     <span class='ocr_line' id='line_1_12' title="bbox 339 1273 1903 1351; baseline 0 -21"><span class='ocrx_word' id='word_1_72' title='bbox 339 1281 393 1330; x_wconf 83' lang='grc' dir='ltr'><em>Ἦ</em></span> <span class='ocrx_word' id='word_1_73' title='bbox 431 1275 524 1329; x_wconf 77' lang='grc' dir='ltr'><strong>καὶ</strong></span> <span class='ocrx_word' id='word_1_74' title='bbox 579 1275 766 1329; x_wconf 76' lang='grc' dir='ltr'>οῧνω·</span> <span class='ocrx_word' id='word_1_75' title='bbox 821 1277 1096 1346; x_wconf 78' lang='grc' dir='ltr'>κράτησον</span> <span class='ocrx_word' id='word_1_76' title='bbox 1145 1276 1211 1330; x_wconf 82' lang='grc' dir='ltr'><strong>τὰ</strong></span> <span class='ocrx_word' id='word_1_77' title='bbox 1263 1277 1430 1350; x_wconf 80' lang='grc' dir='ltr'>μικρὰ</span> <span class='ocrx_word' id='word_1_78' title='bbox 1477 1273 1572 1345; x_wconf 79' lang='grc' dir='ltr'><strong>ἔτη</strong></span> <span class='ocrx_word' id='word_1_79' title='bbox 1621 1282 1722 1344; x_wconf 81' lang='grc' dir='ltr'><strong>τῆς</strong></span> <span class='ocrx_word' id='word_1_80' title='bbox 1771 1296 1903 1351; x_wconf 85' lang='grc' dir='ltr'>παρ-</span> 
     </span>
    </p>
   </div>
   <div class='ocr_carea' id='block_1_13' title="bbox 277 1361 1896 1440">
    <p class='ocr_par' dir='ltr' id='par_1_13' title="bbox 277 1361 1896 1440">
     <span class='ocr_line' id='line_1_13' title="bbox 277 1361 1896 1440; baseline 0.001 -24"><span class='ocrx_word' id='word_1_81' title='bbox 277 1365 414 1433; x_wconf 74' lang='grc' dir='ltr'>ούσης</span> <span class='ocrx_word' id='word_1_82' title='bbox 457 1361 1010 1437; x_wconf 75' lang='grc' dir='ltr'>ἑκατονταετηρίδος,</span> <span class='ocrx_word' id='word_1_83' title='bbox 1073 1364 1203 1433; x_wconf 74' lang='grc' dir='ltr'>ἢτοι</span> <span class='ocrx_word' id='word_1_84' title='bbox 1249 1365 1314 1420; x_wconf 83' lang='grc' dir='ltr'><strong>τὰ</strong></span> <span class='ocrx_word' id='word_1_85' title='bbox 1365 1369 1480 1440; x_wconf 79' lang='grc' dir='ltr'>μγ’,</span> <span class='ocrx_word' id='word_1_86' title='bbox 1533 1367 1762 1438; x_wconf 80' lang='grc' dir='ltr'>πρσσθες</span> <span class='ocrx_word' id='word_1_87' title='bbox 1810 1367 1896 1420; x_wconf 79' lang='grc' dir='ltr'><strong>καὶ</strong></span> 
     </span>
    </p>
   </div>
   <div class='ocr_carea' id='block_1_14' title="bbox 269 1451 1900 1528">
    <p class='ocr_par' dir='ltr' id='par_1_14' title="bbox 269 1451 1900 1528">
     <span class='ocr_line' id='line_1_14' title="bbox 269 1451 1900 1528; baseline 0.001 -22"><span class='ocrx_word' id='word_1_88' title='bbox 269 1453 323 1506; x_wconf 71' lang='grc' dir='ltr'>τὰ</span> <span class='ocrx_word' id='word_1_89' title='bbox 357 1451 796 1528; x_wconf 63' lang='grc' dir='ltr'><strong>καταλειφθέντα</strong></span> <span class='ocrx_word' id='word_1_90' title='bbox 829 1457 933 1520; x_wconf 78' lang='grc' dir='ltr'><strong>τῆς</strong></span> <span class='ocrx_word' id='word_1_91' title='bbox 971 1452 1350 1526; x_wconf 85' lang='grc' dir='ltr'>παρελθουσης</span> <span class='ocrx_word' id='word_1_92' title='bbox 1388 1451 1488 1522; x_wconf 85' lang='grc' dir='ltr'>κδ’,</span> <span class='ocrx_word' id='word_1_93' title='bbox 1520 1453 1630 1508; x_wconf 65' lang='grc' dir='ltr'>καὶε</span> <span class='ocrx_word' id='word_1_94' title='bbox 1651 1455 1717 1509; x_wconf 82' lang='grc' dir='ltr'><strong>τὰ</strong></span> <span class='ocrx_word' id='word_1_95' title='bbox 1757 1455 1900 1526; x_wconf 79' lang='grc' dir='ltr'>ὁμοῦ</span> 
     </span>
    </p>
   </div>
   <div class='ocr_carea' id='block_1_15' title="bbox 265 1539 1897 1617">
    <p class='ocr_par' dir='ltr' id='par_1_15' title="bbox 265 1539 1897 1617">
     <span class='ocr_line' id='line_1_15' title="bbox 265 1539 1897 1617; baseline 0.002 -24"><span class='ocrx_word' id='word_1_96' title='bbox 265 1543 509 1617; x_wconf 77' lang='grc' dir='ltr'>γινόμενα</span> <span class='ocrx_word' id='word_1_97' title='bbox 569 1543 646 1611; x_wconf 65' lang='lat' dir='ltr'><strong>EC</strong></span> <span class='ocrx_word' id='word_1_98' title='bbox 708 1542 930 1615; x_wconf 77' lang='grc' dir='ltr'>μὲρισον</span> <span class='ocrx_word' id='word_1_99' title='bbox 980 1539 1069 1596; x_wconf 80' lang='grc' dir='ltr'><strong>ἒπὶ</strong></span> <span class='ocrx_word' id='word_1_100' title='bbox 1117 1542 1183 1598; x_wconf 74' lang='grc' dir='ltr'>τὰ</span> <span class='ocrx_word' id='word_1_101' title='bbox 1228 1544 1314 1612; x_wconf 85' lang='grc' dir='ltr'><strong>κη’</strong></span> <span class='ocrx_word' id='word_1_102' title='bbox 1342 1561 1357 1576; x_wconf 83' lang='grc'><strong><em>⁸</em></strong></span> <span class='ocrx_word' id='word_1_103' title='bbox 1405 1543 1496 1598; x_wconf 86' lang='grc' dir='ltr'>καὶ</span> <span class='ocrx_word' id='word_1_104' title='bbox 1571 1543 1639 1599; x_wconf 71' lang='grc' dir='ltr'><strong>τὰ</strong></span> <span class='ocrx_word' id='word_1_105' title='bbox 1689 1544 1897 1598; x_wconf 86' lang='grc' dir='ltr'>τούτων</span> 
     </span>
    </p>
   </div>
   <div class='ocr_carea' id='block_1_16' title="bbox 257 1630 1437 1703">
    <p class='ocr_par' dir='ltr' id='par_1_16' title="bbox 257 1630 1437 1703">
     <span class='ocr_line' id='line_1_16' title="bbox 257 1630 1437 1703; baseline 0.003 -18"><span class='ocrx_word' id='word_1_106' title='bbox 257 1630 510 1686; x_wconf 70' lang='grc' dir='ltr'>ἐλάττονα</span> <span class='ocrx_word' id='word_1_107' title='bbox 545 1633 641 1700; x_wconf 84' lang='grc' dir='ltr'>ια’,</span> <span class='ocrx_word' id='word_1_108' title='bbox 677 1633 705 1686; x_wconf 84' lang='lat'><strong>6</strong></span> <span class='ocrx_word' id='word_1_109' title='bbox 736 1630 944 1693; x_wconf 81' lang='grc' dir='ltr'>κύκλος</span> <span class='ocrx_word' id='word_1_110' title='bbox 977 1631 1092 1687; x_wconf 75' lang='grc' dir='ltr'>ἐστὶ</span> <span class='ocrx_word' id='word_1_111' title='bbox 1123 1635 1222 1688; x_wconf 80' lang='grc' dir='ltr'><strong>τοῦ</strong></span> <span class='ocrx_word' id='word_1_112' title='bbox 1247 1631 1437 1703; x_wconf 78' lang='grc' dir='ltr'>ἡλίου.</span> 
     </span>
    </p>
   </div>
   <div class='ocr_carea' id='block_1_17' title="bbox 916 1836 1229 1912">
    <p class='ocr_par' dir='ltr' id='par_1_17' title="bbox 916 1836 1229 1912">
     <span class='ocr_line' id='line_1_17' title="bbox 916 1836 1229 1912; baseline -0.003 -18"><span class='ocrx_word' id='word_1_113' title='bbox 916 1836 1229 1912; x_wconf 83' lang='grc' dir='ltr'>Ἐτέρως.</span> 
     </span>
    </p>
   </div>
   <div class='ocr_carea' id='block_1_18' title="bbox 309 1941 1894 2022">
    <p class='ocr_par' dir='ltr' id='par_1_18' title="bbox 309 1941 1894 2022">
     <span class='ocr_line' id='line_1_18' title="bbox 309 1941 1894 2022; baseline -0.001 -21"><span class='ocrx_word' id='word_1_114' title='bbox 309 1943 490 2001; x_wconf 75' lang='grc' dir='ltr'><strong>Ἀλλᾶ</strong></span> <span class='ocrx_word' id='word_1_115' title='bbox 523 1946 634 2022; x_wconf 70' lang='grc' dir='ltr'>γὰρ</span> <span class='ocrx_word' id='word_1_116' title='bbox 686 1941 830 2018; x_wconf 62' lang='grc' dir='ltr'>μηδὲ</span> <span class='ocrx_word' id='word_1_117' title='bbox 871 1944 1074 2017; x_wconf 82' lang='grc' dir='ltr'>ταύτην</span> <span class='ocrx_word' id='word_1_118' title='bbox 1122 1944 1436 2020; x_wconf 68' lang='grc' dir='ltr'>ἀπαξιώσῃς</span> <span class='ocrx_word' id='word_1_119' title='bbox 1483 1947 1583 2016; x_wconf 73' lang='grc' dir='ltr'>τὴν</span> <span class='ocrx_word' id='word_1_120' title='bbox 1637 1944 1894 2020; x_wconf 74' lang='grc' dir='ltr'>μέθοδον,</span> 
     </span>
    </p>
   </div>
   <div class='ocr_carea' id='block_1_19' title="bbox 245 2033 1897 2113">
    <p class='ocr_par' dir='ltr' id='par_1_19' title="bbox 245 2033 1897 2113">
     <span class='ocr_line' id='line_1_19' title="bbox 245 2033 1897 2113; baseline 0.001 -25"><span class='ocrx_word' id='word_1_121' title='bbox 245 2033 328 2088; x_wconf 78' lang='grc' dir='ltr'><strong>καὶ</strong></span> <span class='ocrx_word' id='word_1_122' title='bbox 375 2035 556 2106; x_wconf 77' lang='grc' dir='ltr'>ῥᾷστα</span> <span class='ocrx_word' id='word_1_123' title='bbox 594 2035 691 2088; x_wconf 84' lang='grc' dir='ltr'>τὸν</span> <span class='ocrx_word' id='word_1_124' title='bbox 733 2033 1164 2108; x_wconf 75' lang='grc' dir='ltr'>ἐπιζητούμενον</span> <span class='ocrx_word' id='word_1_125' title='bbox 1202 2034 1400 2090; x_wconf 90' lang='grc' dir='ltr'>κύκλον</span> <span class='ocrx_word' id='word_1_126' title='bbox 1443 2036 1530 2090; x_wconf 77' lang='grc' dir='ltr'>καὶ</span> <span class='ocrx_word' id='word_1_127' title='bbox 1572 2035 1897 2113; x_wconf 72' lang='grc' dir='ltr'>ἀμφοτέρων</span> 
     </span>
    </p>
   </div>
   <div class='ocr_carea' id='block_1_20' title="bbox 243 2121 1894 2202">
    <p class='ocr_par' dir='ltr' id='par_1_20' title="bbox 243 2121 1894 2202">
     <span class='ocr_line' id='line_1_20' title="bbox 243 2121 1894 2202; baseline 0.001 -26"><span class='ocrx_word' id='word_1_128' title='bbox 243 2124 495 2190; x_wconf 68' lang='grc' dir='ltr'>συνήσεις</span> <span class='ocrx_word' id='word_1_129' title='bbox 544 2127 656 2176; x_wconf 79' lang='grc' dir='ltr'><strong>τῶν</strong></span> <span class='ocrx_word' id='word_1_130' title='bbox 715 2124 932 2202; x_wconf 67' lang='grc' dir='ltr'>φώτων.</span> <span class='ocrx_word' id='word_1_131' title='bbox 995 2124 1052 2178; x_wconf 78' lang='grc' dir='ltr'><strong>Ὀ</strong></span> <span class='ocrx_word' id='word_1_132' title='bbox 1106 2125 1169 2176; x_wconf 86' lang='grc' dir='ltr'>ιθ¹</span> <span class='ocrx_word' id='word_1_133' title='bbox 1228 2121 1432 2186; x_wconf 82' lang='grc' dir='ltr'>κύκλος</span> <span class='ocrx_word' id='word_1_134' title='bbox 1487 2131 1588 2193; x_wconf 75' lang='grc' dir='ltr'><strong>τῆς</strong></span> <span class='ocrx_word' id='word_1_135' title='bbox 1635 2125 1894 2195; x_wconf 73' lang='grc' dir='ltr'>σελήνης,</span> 
     </span>
    </p>
   </div>
   <div class='ocr_carea' id='block_1_21' title="bbox 239 2211 1897 2285">
    <p class='ocr_par' dir='ltr' id='par_1_21' title="bbox 239 2211 1897 2285">
     <span class='ocr_line' id='line_1_21' title="bbox 239 2211 1897 2285; baseline 0.002 -19"><span class='ocrx_word' id='word_1_136' title='bbox 239 2211 322 2266; x_wconf 73' lang='grc' dir='ltr'><strong>καὶ</strong></span> <span class='ocrx_word' id='word_1_137' title='bbox 353 2213 388 2266; x_wconf 84' lang='grc' dir='ltr'><strong>ὁ</strong></span> <span class='ocrx_word' id='word_1_138' title='bbox 418 2213 510 2280; x_wconf 73' lang='grc' dir='ltr'><strong>κη’</strong></span> <span class='ocrx_word' id='word_1_139' title='bbox 541 2212 752 2274; x_wconf 85' lang='grc' dir='ltr'>κύκλος</span> <span class='ocrx_word' id='word_1_140' title='bbox 779 2217 876 2268; x_wconf 84' lang='grc' dir='ltr'><strong>τοῦ</strong></span> <span class='ocrx_word' id='word_1_141' title='bbox 916 2211 1086 2281; x_wconf 70' lang='grc' dir='ltr'>ἡλίου</span> <span class='ocrx_word' id='word_1_142' title='bbox 1126 2211 1402 2284; x_wconf 75' lang='grc' dir='ltr'>ἀλλήλοις</span> <span class='ocrx_word' id='word_1_143' title='bbox 1450 2212 1897 2285; x_wconf 83' lang='grc' dir='ltr'>πολυπλασιαζό-</span> 
     </span>
    </p>
   </div>
   <div class='ocr_carea' id='block_1_22' title="bbox 240 2299 1894 2381">
    <p class='ocr_par' dir='ltr' id='par_1_22' title="bbox 240 2299 1894 2381">
     <span class='ocr_line' id='line_1_22' title="bbox 240 2299 1894 2381; baseline 0 -25"><span class='ocrx_word' id='word_1_144' title='bbox 240 2321 419 2371; x_wconf 79' lang='grc' dir='ltr'>μενοι,</span> <span class='ocrx_word' id='word_1_145' title='bbox 451 2302 555 2355; x_wconf 84' lang='grc' dir='ltr'>τὸν</span> <span class='ocrx_word' id='word_1_146' title='bbox 586 2309 639 2376; x_wconf 67' lang='grc' dir='ltr'><strong>φ’</strong></span> <span class='ocrx_word' id='word_1_147' title='bbox 667 2301 758 2354; x_wconf 79' lang='grc' dir='ltr'>καὶ</span> <span class='ocrx_word' id='word_1_148' title='bbox 791 2299 882 2374; x_wconf 83' lang='grc' dir='ltr'><strong>λβ¹</strong></span> <span class='ocrx_word' id='word_1_149' title='bbox 930 2300 1247 2375; x_wconf 79' lang='grc' dir='ltr'>συνάγουσιν</span> <span class='ocrx_word' id='word_1_150' title='bbox 1280 2301 1530 2376; x_wconf 78' lang='grc' dir='ltr'>ἀριθμόν,</span> <span class='ocrx_word' id='word_1_151' title='bbox 1561 2301 1710 2381; x_wconf 72' lang='grc' dir='ltr'>ἄλφα</span> <span class='ocrx_word' id='word_1_152' title='bbox 1754 2303 1894 2358; x_wconf 85' lang='grc' dir='ltr'>τισὶν</span> 
     </span>
    </p>
   </div>
   <div class='ocr_carea' id='block_1_23' title="bbox 239 2390 1892 2466">
    <p class='ocr_par' dir='ltr' id='par_1_23' title="bbox 239 2390 1892 2466">
     <span class='ocr_line' id='line_1_23' title="bbox 239 2390 1892 2466; baseline 0.002 -22"><span class='ocrx_word' id='word_1_153' title='bbox 239 2390 683 2464; x_wconf 74' lang='grc' dir='ltr'>ἀνομαζόμενον,</span> <span class='ocrx_word' id='word_1_154' title='bbox 717 2392 861 2466; x_wconf 74' lang='grc' dir='ltr'>παρὰ</span> <span class='ocrx_word' id='word_1_155' title='bbox 901 2391 964 2446; x_wconf 85' lang='grc' dir='ltr'>τὸ</span> <span class='ocrx_word' id='word_1_156' title='bbox 1007 2391 1326 2465; x_wconf 77' lang='grc' dir='ltr'>συνάγεσθαι</span> <span class='ocrx_word' id='word_1_157' title='bbox 1363 2394 1461 2462; x_wconf 79' lang='grc' dir='ltr'><strong>τήν</strong></span> <span class='ocrx_word' id='word_1_158' title='bbox 1507 2393 1674 2462; x_wconf 75' lang='grc' dir='ltr'>αὐτὴν</span> <span class='ocrx_word' id='word_1_159' title='bbox 1723 2394 1892 2448; x_wconf 61' lang='lat' dir='ltr'><strong>stood-</strong></span> 
     </span>
    </p>
   </div>
   <div class='ocr_carea' id='block_1_24' title="bbox 235 2479 1896 2559">
    <p class='ocr_par' dir='ltr' id='par_1_24' title="bbox 235 2479 1896 2559">
     <span class='ocr_line' id='line_1_24' title="bbox 235 2479 1896 2559; baseline 0.001 -25"><span class='ocrx_word' id='word_1_160' title='bbox 235 2501 376 2548; x_wconf 71' lang='grc' dir='ltr'>τητα</span> <span class='ocrx_word' id='word_1_161' title='bbox 407 2485 533 2540; x_wconf 85' lang='grc' dir='ltr'>τοῖς</span> <span class='ocrx_word' id='word_1_162' title='bbox 557 2481 606 2550; x_wconf 79' lang='grc' dir='ltr'><strong>ἐξ</strong></span> <span class='ocrx_word' id='word_1_163' title='bbox 642 2481 716 2534; x_wconf 84' lang='grc' dir='ltr'>ὧν</span> <span class='ocrx_word' id='word_1_164' title='bbox 743 2481 808 2536; x_wconf 84' lang='grc' dir='ltr'>τὸ</span> <span class='ocrx_word' id='word_1_165' title='bbox 858 2479 1006 2559; x_wconf 68' lang='grc' dir='ltr'>ἄλφα</span> <span class='ocrx_word' id='word_1_166' title='bbox 1053 2485 1324 2556; x_wconf 77' lang='grc' dir='ltr'>στοιχεῖον</span> <span class='ocrx_word' id='word_1_167' title='bbox 1375 2481 1644 2556; x_wconf 73' lang='grc' dir='ltr'>σύγκειται</span> <span class='ocrx_word' id='word_1_168' title='bbox 1667 2525 1680 2538; x_wconf 96' lang='grc'><strong>.</strong></span> <span class='ocrx_word' id='word_1_169' title='bbox 1712 2483 1896 2555; x_wconf 85' lang='grc' dir='ltr'>Τούτῳ</span> 
     </span>
    </p>
   </div>
   <div class='ocr_carea' id='block_1_25' title="bbox 234 2568 1895 2644">
    <p class='ocr_par' dir='ltr' id='par_1_25' title="bbox 234 2568 1895 2644">
     <span class='ocr_line' id='line_1_25' title="bbox 234 2568 1895 2644; baseline 0.001 -21"><span class='ocrx_word' id='word_1_170' title='bbox 234 2572 416 2624; x_wconf 77' lang='grc' dir='ltr'>τοίνυν</span> <span class='ocrx_word' id='word_1_171' title='bbox 487 2571 582 2622; x_wconf 79' lang='grc' dir='ltr'>καὶ</span> <span class='ocrx_word' id='word_1_172' title='bbox 653 2569 715 2623; x_wconf 82' lang='grc' dir='ltr'>τὸ</span> <span class='ocrx_word' id='word_1_173' title='bbox 783 2568 1067 2644; x_wconf 74' lang='grc' dir='ltr'>πλήρωμα</span> <span class='ocrx_word' id='word_1_174' title='bbox 1121 2573 1230 2624; x_wconf 80' lang='grc' dir='ltr'><strong>τῶν</strong></span> <span class='ocrx_word' id='word_1_175' title='bbox 1305 2568 1520 2624; x_wconf 87' lang='grc' dir='ltr'>κύκλων</span> <span class='ocrx_word' id='word_1_176' title='bbox 1575 2570 1895 2634; x_wconf 83' lang='grc' dir='ltr'>ἀκολούθως</span> 
     </span>
    </p>
   </div>
   <div class='ocr_carea' id='block_1_26' title="bbox 237 2656 1895 2735">
    <p class='ocr_par' dir='ltr' id='par_1_26' title="bbox 237 2656 1895 2735">
     <span class='ocr_line' id='line_1_26' title="bbox 237 2656 1895 2735; baseline 0.033 -24"><span class='ocrx_word' id='word_1_177' title='bbox 237 2657 608 2735; x_wconf 64' lang='grc' dir='ltr'>συνέρχεταιο</span> <span class='ocrx_word' id='word_1_178' title='bbox 663 2659 692 2713; x_wconf 87' lang='lat'><strong>6</strong></span> <span class='ocrx_word' id='word_1_179' title='bbox 753 2659 846 2730; x_wconf 77' lang='grc' dir='ltr'>μὲν</span> <span class='ocrx_word' id='word_1_180' title='bbox 904 2658 1005 2733; x_wconf 71' lang='grc' dir='ltr'><strong>γὰρ</strong></span> <span class='ocrx_word' id='word_1_181' title='bbox 1064 2656 1218 2719; x_wconf 56' lang='grc' dir='ltr'>εὐθὺς</span> <span class='ocrx_word' id='word_1_182' title='bbox 1277 2660 1343 2714; x_wconf 36' lang='grc' dir='ltr'><strong>ιθ,</strong></span> <span class='ocrx_word' id='word_1_183' title='bbox 1399 2660 1428 2713; x_wconf 70' lang='grc' dir='ltr'>ὁ</span> <span class='ocrx_word' id='word_1_184' title='bbox 1485 2666 1586 2729; x_wconf 61' lang='grc' dir='ltr'><strong>τῆς</strong></span> <span class='ocrx_word' id='word_1_185' title='bbox 1639 2659 1895 2730; x_wconf 64' lang='grc' dir='ltr'><strong>σελήνης⁹</strong></span> 
     </span>
    </p>
   </div>
   <div class='ocr_carea' id='block_1_27' title="bbox 240 2745 1892 2822">
    <p class='ocr_par' dir='ltr' id='par_1_27' title="bbox 240 2745 1892 2822">
     <span class='ocr_line' id='line_1_27' title="bbox 240 2745 1892 2822; baseline 0.002 -21"><span class='ocrx_word' id='word_1_186' title='bbox 240 2745 445 2821; x_wconf 73' lang='grc' dir='ltr'>ὄγδοος</span> <span class='ocrx_word' id='word_1_187' title='bbox 477 2745 541 2802; x_wconf 74' lang='grc' dir='ltr'>δὲ</span> <span class='ocrx_word' id='word_1_188' title='bbox 579 2747 672 2801; x_wconf 78' lang='grc' dir='ltr'><strong>καὶ</strong></span> <span class='ocrx_word' id='word_1_189' title='bbox 713 2745 958 2809; x_wconf 78' lang='grc' dir='ltr'>εἰκοστὸς</span> <span class='ocrx_word' id='word_1_190' title='bbox 992 2749 1020 2802; x_wconf 89' lang='lat'><strong>6</strong></span> <span class='ocrx_word' id='word_1_191' title='bbox 1051 2751 1152 2803; x_wconf 71' lang='grc' dir='ltr'><strong>τοῦ</strong></span> <span class='ocrx_word' id='word_1_192' title='bbox 1200 2745 1366 2818; x_wconf 75' lang='grc' dir='ltr'>ἣλίου</span> <span class='ocrx_word' id='word_1_193' title='bbox 1405 2748 1644 2822; x_wconf 87' lang='grc' dir='ltr'>γίνεται.</span> <span class='ocrx_word' id='word_1_194' title='bbox 1687 2750 1892 2804; x_wconf 77' lang='grc' dir='ltr'>Οὐκοῦν</span> 
     </span>
    </p>
   </div>
   <div class='ocr_carea' id='block_1_28' title="bbox 236 2833 1894 2916">
    <p class='ocr_par' dir='ltr' id='par_1_28' title="bbox 236 2833 1894 2916">
     <span class='ocr_line' id='line_1_28' title="bbox 236 2833 1894 2916; baseline 0.001 -24"><span class='ocrx_word' id='word_1_195' title='bbox 236 2838 466 2912; x_wconf 76' lang='grc' dir='ltr'>μὲρισον</span> <span class='ocrx_word' id='word_1_196' title='bbox 517 2839 588 2891; x_wconf 76' lang='grc' dir='ltr'><strong>τὰ</strong></span> <span class='ocrx_word' id='word_1_197' title='bbox 648 2836 756 2891; x_wconf 77' lang='grc' dir='ltr'><strong>ἀπὸ</strong></span> <span class='ocrx_word' id='word_1_198' title='bbox 810 2837 1040 2899; x_wconf 81' lang='grc' dir='ltr'>κτίσεως</span> <span class='ocrx_word' id='word_1_199' title='bbox 1095 2837 1302 2908; x_wconf 78' lang='grc' dir='ltr'>κόσμου</span> <span class='ocrx_word' id='word_1_200' title='bbox 1367 2833 1460 2907; x_wconf 79' lang='grc' dir='ltr'><strong>ἔτη</strong></span> <span class='ocrx_word' id='word_1_201' title='bbox 1521 2835 1608 2893; x_wconf 80' lang='grc' dir='ltr'><strong>ἒπὶ</strong></span> <span class='ocrx_word' id='word_1_202' title='bbox 1656 2837 1723 2894; x_wconf 68' lang='grc' dir='ltr'><strong>τὰ</strong></span> <span class='ocrx_word' id='word_1_203' title='bbox 1769 2833 1894 2916; x_wconf 68' lang='grc' dir='ltr'>(ρλϐ’</span> 
     </span>
    </p>
   </div>
   <div class='ocr_carea' id='block_1_29' title="bbox 234 2923 1894 3001">
    <p class='ocr_par' dir='ltr' id='par_1_29' title="bbox 234 2923 1894 3001">
     <span class='ocr_line' id='line_1_29' title="bbox 234 2923 1894 3001; baseline -0.001 -19"><span class='ocrx_word' id='word_1_204' title='bbox 234 2925 424 2982; x_wconf 66' lang='grc' dir='ltr'>οὕτω·</span> <span class='ocrx_word' id='word_1_205' title='bbox 484 2923 788 2988; x_wconf 70' lang='grc' dir='ltr'>δωδεκὰσις</span> <span class='ocrx_word' id='word_1_206' title='bbox 847 2926 914 2981; x_wconf 70' lang='grc' dir='ltr'><strong>τὰ</strong></span> <span class='ocrx_word' id='word_1_207' title='bbox 957 2923 1301 2992; x_wconf 82' lang='grc' dir='ltr'>πεντακόσια,</span> <span class='ocrx_word' id='word_1_208' title='bbox 1350 2924 1692 3001; x_wconf 67' lang='grc' dir='ltr'>ἑξακισχίλια</span> <span class='ocrx_word' id='word_1_209' title='bbox 1723 2945 1735 2958; x_wconf 74' lang='grc'><strong>⁸</strong></span> <span class='ocrx_word' id='word_1_210' title='bbox 1793 2925 1894 2982; x_wconf 85' lang='grc' dir='ltr'>δω-</span> 
     </span>
    </p>
   </div>
   <div class='ocr_carea' id='block_1_30' title="bbox 233 3011 1892 3090">
    <p class='ocr_par' dir='ltr' id='par_1_30' title="bbox 233 3011 1892 3090">
     <span class='ocr_line' id='line_1_30' title="bbox 233 3011 1892 3090; baseline 0 -20"><span class='ocrx_word' id='word_1_211' title='bbox 233 3013 456 3076; x_wconf 63' lang='grc' dir='ltr'>δεκάκις</span> <span class='ocrx_word' id='word_1_212' title='bbox 521 3017 591 3072; x_wconf 67' lang='grc' dir='ltr'><strong>τὰ</strong></span> <span class='ocrx_word' id='word_1_213' title='bbox 649 3015 696 3070; x_wconf 83' lang='grc' dir='ltr'>λ’</span> <span class='ocrx_word' id='word_1_214' title='bbox 740 3015 1027 3090; x_wconf 80' lang='grc' dir='ltr'>τριακόσια</span> <span class='ocrx_word' id='word_1_215' title='bbox 1086 3013 1346 3086; x_wconf 68' lang='grc' dir='ltr'>ἑξήκοντα</span> <span class='ocrx_word' id='word_1_216' title='bbox 1392 3031 1408 3044; x_wconf 84' lang='lat'><strong>&#39;</strong></span> <span class='ocrx_word' id='word_1_217' title='bbox 1475 3011 1770 3078; x_wconf 72' lang='grc' dir='ltr'>δωδεκάκις</span> <span class='ocrx_word' id='word_1_218' title='bbox 1825 3017 1892 3070; x_wconf 75' lang='grc' dir='ltr'><strong>τὰ</strong></span> 
     </span>
    </p>
   </div>
   <div class='ocr_carea' id='block_1_31' title="bbox 231 3101 1890 3179">
    <p class='ocr_par' dir='ltr' id='par_1_31' title="bbox 231 3101 1890 3179">
     <span class='ocr_line' id='line_1_31' title="bbox 231 3101 1890 3179; baseline 0.001 -21"><span class='ocrx_word' id='word_1_219' title='bbox 231 3101 352 3173; x_wconf 70' lang='grc' dir='ltr'>δύο,</span> <span class='ocrx_word' id='word_1_220' title='bbox 397 3101 503 3172; x_wconf 83' lang='grc' dir='ltr'>κδ’,</span> <span class='ocrx_word' id='word_1_221' title='bbox 549 3105 694 3176; x_wconf 78' lang='grc' dir='ltr'>ὁμοῦ</span> <span class='ocrx_word' id='word_1_222' title='bbox 746 3101 946 3168; x_wconf 66' lang='grc' dir='ltr'>,ςτπδη</span> <span class='ocrx_word' id='word_1_223' title='bbox 993 3104 1162 3159; x_wconf 79' lang='grc' dir='ltr'>λοιπὰ</span> <span class='ocrx_word' id='word_1_224' title='bbox 1204 3103 1311 3173; x_wconf 78' lang='grc' dir='ltr'>υξα⁸</span> <span class='ocrx_word' id='word_1_225' title='bbox 1357 3103 1492 3177; x_wconf 84' lang='grc' dir='ltr'>πρὸς</span> <span class='ocrx_word' id='word_1_226' title='bbox 1535 3103 1596 3158; x_wconf 87' lang='grc' dir='ltr'>τὸ</span> <span class='ocrx_word' id='word_1_227' title='bbox 1650 3105 1890 3179; x_wconf 68' lang='grc' dir='ltr'>σήμερον</span> 
     </span>
    </p>
   </div>
   <div class='ocr_carea' id='block_1_32' title="bbox 229 3189 1884 3267">
    <p class='ocr_par' dir='ltr' id='par_1_32' title="bbox 229 3189 1884 3267">
     <span class='ocr_line' id='line_1_32' title="bbox 229 3189 1884 3267; baseline 0 -21"><span class='ocrx_word' id='word_1_228' title='bbox 229 3195 406 3267; x_wconf 70' lang='grc' dir='ltr'>ουχόν</span> <span class='ocrx_word' id='word_1_229' title='bbox 433 3199 619 3267; x_wconf 51' lang='grc' dir='ltr'>,ςωμέ</span> <span class='ocrx_word' id='word_1_230' title='bbox 657 3191 793 3255; x_wconf 82' lang='grc' dir='ltr'>ἔτος.</span> <span class='ocrx_word' id='word_1_231' title='bbox 843 3191 946 3250; x_wconf 82' lang='grc' dir='ltr'>Καὶ</span> <span class='ocrx_word' id='word_1_232' title='bbox 993 3189 1054 3246; x_wconf 77' lang='grc' dir='ltr'><strong>ἄν</strong></span> <span class='ocrx_word' id='word_1_233' title='bbox 1108 3192 1203 3264; x_wconf 75' lang='grc' dir='ltr'>μὲν</span> <span class='ocrx_word' id='word_1_234' title='bbox 1259 3191 1354 3246; x_wconf 79' lang='grc' dir='ltr'><strong>τὸν</strong></span> <span class='ocrx_word' id='word_1_235' title='bbox 1398 3190 1600 3247; x_wconf 78' lang='grc' dir='ltr'>κυκλον</span> <span class='ocrx_word' id='word_1_236' title='bbox 1649 3199 1750 3262; x_wconf 81' lang='grc' dir='ltr'><strong>τῆς</strong></span> <span class='ocrx_word' id='word_1_237' title='bbox 1797 3215 1884 3247; x_wconf 83' lang='grc' dir='ltr'>σε-</span> 
     </span>
    </p>
   </div>
   <div class='ocr_carea' id='block_1_33' title="bbox 227 3244 1958 3356">
    <p class='ocr_par' dir='ltr' id='par_1_33' title="bbox 227 3244 1958 3356">
     <span class='ocr_line' id='line_1_33' title="bbox 237 3244 1850 3267; baseline 0.001 -1"><span class='ocrx_word' id='word_1_238' title='bbox 237 3244 396 3267; x_wconf 67' lang='lat' dir='ltr'><strong>&quot;lt.&quot;</strong></span> <span class='ocrx_word' id='word_1_239' title='bbox 433 3244 600 3267; x_wconf 51' lang='grc' dir='ltr'><strong>στ’-6⁷⁷⁷</strong></span> <span class='ocrx_word' id='word_1_240' title='bbox 659 3244 793 3255; x_wconf 33' lang='grc'><strong><em>*“’““</em></strong></span> <span class='ocrx_word' id='word_1_241' title='bbox 843 3244 940 3250; x_wconf 23' lang='grc'><strong><em>“““7⁷</em></strong></span> <span class='ocrx_word' id='word_1_242' title='bbox 1108 3244 1194 3264; x_wconf 38' lang='grc' dir='ltr'><strong>Ιν’“</strong></span> <span class='ocrx_word' id='word_1_243' title='bbox 1274 3244 1316 3246; x_wconf 50' lang='grc'><strong>’⁷</strong></span> <span class='ocrx_word' id='word_1_244' title='bbox 1404 3244 1560 3247; x_wconf 25' lang='grc' dir='ltr'><strong>Πήρ--ί</strong></span> <span class='ocrx_word' id='word_1_245' title='bbox 1661 3244 1748 3262; x_wconf 53' lang='grc'><strong>⁷⁷⁵*</strong></span> <span class='ocrx_word' id='word_1_246' title='bbox 1803 3244 1850 3247; x_wconf 29' lang='grc' dir='ltr'><em>γ’</em></span> 
     </span>
     <span class='ocr_line' id='line_1_34' title="bbox 227 3244 1958 3356; baseline -0.001 -18"><span class='ocrx_word' id='word_1_247' title='bbox 227 3283 410 3354; x_wconf 66' lang='grc' dir='ltr'>λήνης</span> <span class='ocrx_word' id='word_1_248' title='bbox 455 3281 656 3356; x_wconf 70' lang='grc' dir='ltr'>ἐθέλῃς</span> <span class='ocrx_word' id='word_1_249' title='bbox 702 3283 898 3356; x_wconf 75' lang='grc' dir='ltr'>εὑρεῖν,</span> <span class='ocrx_word' id='word_1_250' title='bbox 952 3281 1168 3355; x_wconf 79' lang='grc' dir='ltr'>μὲρισον</span> <span class='ocrx_word' id='word_1_251' title='bbox 1213 3280 1280 3336; x_wconf 75' lang='grc' dir='ltr'>τὰ</span> <span class='ocrx_word' id='word_1_252' title='bbox 1327 3283 1438 3354; x_wconf 75' lang='grc' dir='ltr'>υξα¹</span> <span class='ocrx_word' id='word_1_253' title='bbox 1469 3281 1556 3336; x_wconf 83' lang='grc' dir='ltr'>ἐπὶ</span> <span class='ocrx_word' id='word_1_254' title='bbox 1587 3282 1653 3336; x_wconf 84' lang='grc' dir='ltr'><strong>τὰ</strong></span> <span class='ocrx_word' id='word_1_255' title='bbox 1705 3285 1766 3336; x_wconf 85' lang='grc' dir='ltr'>ιθ¹</span> <span class='ocrx_word' id='word_1_256' title='bbox 1799 3282 1884 3337; x_wconf 73' lang='lat' dir='ltr'><strong>cii-</strong></span> <span class='ocrx_word' id='word_1_257' title='bbox 1915 3244 1958 3320; x_wconf 63' lang='grc' dir='ltr'><strong>ς’</strong></span> 
     </span>
    </p>
   </div>
   <div class='ocr_carea' id='block_1_34' title="bbox 223 3365 1892 3442">
    <p class='ocr_par' dir='ltr' id='par_1_34' title="bbox 223 3365 1892 3442">
     <span class='ocr_line' id='line_1_35' title="bbox 223 3365 1892 3442; baseline 0.001 -19"><span class='ocrx_word' id='word_1_258' title='bbox 223 3389 338 3430; x_wconf 79' lang='grc' dir='ltr'><strong>τως</strong></span> <span class='ocrx_word' id='word_1_259' title='bbox 369 3390 382 3401; x_wconf 72' lang='grc' dir='ltr'><strong>ο</strong></span> <span class='ocrx_word' id='word_1_260' title='bbox 435 3370 485 3423; x_wconf 85' lang='grc' dir='ltr'>κ’</span> <span class='ocrx_word' id='word_1_261' title='bbox 523 3371 592 3423; x_wconf 68' lang='grc' dir='ltr'><strong>τὰ</strong></span> <span class='ocrx_word' id='word_1_262' title='bbox 642 3367 792 3439; x_wconf 71' lang='grc' dir='ltr'>δέκα,</span> <span class='ocrx_word' id='word_1_263' title='bbox 833 3375 913 3422; x_wconf 81' lang='grc' dir='ltr'><strong>σ’-</strong></span> <span class='ocrx_word' id='word_1_264' title='bbox 953 3372 999 3422; x_wconf 83' lang='grc' dir='ltr'>κ¹</span> <span class='ocrx_word' id='word_1_265' title='bbox 1037 3367 1105 3422; x_wconf 81' lang='grc' dir='ltr'><strong>τὰ</strong></span> <span class='ocrx_word' id='word_1_266' title='bbox 1143 3368 1208 3434; x_wconf 82' lang='grc' dir='ltr'>θ’,</span> <span class='ocrx_word' id='word_1_267' title='bbox 1259 3369 1346 3442; x_wconf 86' lang='grc' dir='ltr'>ρπ’</span> <span class='ocrx_word' id='word_1_268' title='bbox 1387 3365 1429 3422; x_wconf 88' lang='grc' dir='ltr'>δ’</span> <span class='ocrx_word' id='word_1_269' title='bbox 1465 3372 1531 3424; x_wconf 76' lang='grc' dir='ltr'><strong>τὰ</strong></span> <span class='ocrx_word' id='word_1_270' title='bbox 1573 3371 1630 3438; x_wconf 85' lang='grc' dir='ltr'>ι’,</span> <span class='ocrx_word' id='word_1_271' title='bbox 1673 3373 1764 3442; x_wconf 84' lang='grc' dir='ltr'>μ”</span> <span class='ocrx_word' id='word_1_272' title='bbox 1799 3390 1892 3425; x_wconf 85' lang='grc' dir='ltr'>τε-</span> 
     </span>
    </p>
   </div>
   <div class='ocr_carea' id='block_1_35' title="bbox 223 3459 1892 3536">
    <p class='ocr_par' dir='ltr' id='par_1_35' title="bbox 223 3459 1892 3536">
     <span class='ocr_line' id='line_1_36' title="bbox 223 3459 1892 3536; baseline -0.001 -20"><span class='ocrx_word' id='word_1_273' title='bbox 223 3461 424 3536; x_wconf 62' lang='grc' dir='ltr'>τράκις</span> <span class='ocrx_word' id='word_1_274' title='bbox 472 3459 542 3514; x_wconf 72' lang='grc' dir='ltr'>τὰ</span> <span class='ocrx_word' id='word_1_275' title='bbox 589 3463 658 3528; x_wconf 81' lang='grc' dir='ltr'>θ’,</span> <span class='ocrx_word' id='word_1_276' title='bbox 713 3459 838 3524; x_wconf 83' lang='grc' dir='ltr'>λς’·</span> <span class='ocrx_word' id='word_1_277' title='bbox 889 3463 1033 3534; x_wconf 82' lang='grc' dir='ltr'>ὁμοῦ</span> <span class='ocrx_word' id='word_1_278' title='bbox 1079 3468 1212 3534; x_wconf 85' lang='grc' dir='ltr'>υνς’,</span> <span class='ocrx_word' id='word_1_279' title='bbox 1261 3462 1432 3520; x_wconf 83' lang='grc' dir='ltr'>λοιπᾶ</span> <span class='ocrx_word' id='word_1_280' title='bbox 1483 3464 1545 3522; x_wconf 86' lang='grc' dir='ltr'>ε’.</span> <span class='ocrx_word' id='word_1_281' title='bbox 1585 3465 1760 3519; x_wconf 64' lang='grc' dir='ltr'>Ταῦτα</span> <span class='ocrx_word' id='word_1_282' title='bbox 1804 3459 1892 3514; x_wconf 78' lang='grc' dir='ltr'><strong>τιέ-</strong></span> 
     </span>
    </p>
   </div>
   <div class='ocr_carea' id='block_1_36' title="bbox 227 3548 1886 3627">
    <p class='ocr_par' dir='ltr' id='par_1_36' title="bbox 227 3548 1886 3627">
     <span class='ocr_line' id='line_1_37' title="bbox 227 3548 1886 3627; baseline 0.004 -24"><span class='ocrx_word' id='word_1_283' title='bbox 227 3571 397 3627; x_wconf 48' lang='lat' dir='ltr'><strong>suae:</strong></span> <span class='ocrx_word' id='word_1_284' title='bbox 428 3551 458 3604; x_wconf 82' lang='grc' dir='ltr'><strong>ὁ</strong></span> <span class='ocrx_word' id='word_1_285' title='bbox 487 3556 591 3616; x_wconf 82' lang='grc' dir='ltr'><strong>τῆς</strong></span> <span class='ocrx_word' id='word_1_286' title='bbox 625 3548 862 3622; x_wconf 71' lang='grc' dir='ltr'>σελήνης</span> <span class='ocrx_word' id='word_1_287' title='bbox 887 3549 1114 3614; x_wconf 83' lang='grc' dir='ltr'>κύκλος.</span> <span class='ocrx_word' id='word_1_288' title='bbox 1145 3554 1242 3608; x_wconf 77' lang='lat' dir='ltr'><strong>&quot;Av</strong></span> <span class='ocrx_word' id='word_1_289' title='bbox 1277 3550 1334 3608; x_wconf 75' lang='grc' dir='ltr'>δὲ</span> <span class='ocrx_word' id='word_1_290' title='bbox 1362 3557 1458 3608; x_wconf 83' lang='grc' dir='ltr'><strong>τοῦ</strong></span> <span class='ocrx_word' id='word_1_291' title='bbox 1496 3552 1662 3623; x_wconf 86' lang='grc' dir='ltr'>ἡλίου</span> <span class='ocrx_word' id='word_1_292' title='bbox 1695 3557 1886 3620; x_wconf 59' lang='grc' dir='ltr'>ζητῆς,</span> 
     </span>
    </p>
   </div>
   <div class='ocr_carea' id='block_1_37' title="bbox 230 3634 1892 3710">
    <p class='ocr_par' dir='ltr' id='par_1_37' title="bbox 230 3634 1892 3710">
     <span class='ocr_line' id='line_1_38' title="bbox 230 3634 1892 3710; baseline -0.001 -18"><span class='ocrx_word' id='word_1_293' title='bbox 230 3639 412 3700; x_wconf 72' lang='grc' dir='ltr'>οὕτως</span> <span class='ocrx_word' id='word_1_294' title='bbox 437 3657 450 3670; x_wconf 88' lang='grc'><strong>·</strong></span> <span class='ocrx_word' id='word_1_295' title='bbox 506 3634 724 3700; x_wconf 75' lang='grc' dir='ltr'>δεκάκις</span> <span class='ocrx_word' id='word_1_296' title='bbox 771 3637 838 3692; x_wconf 72' lang='grc' dir='ltr'><strong>τὰ</strong></span> <span class='ocrx_word' id='word_1_297' title='bbox 885 3643 957 3707; x_wconf 87' lang='grc' dir='ltr'>κ’,</span> <span class='ocrx_word' id='word_1_298' title='bbox 996 3643 1042 3694; x_wconf 83' lang='grc' dir='ltr'>σ⁹</span> <span class='ocrx_word' id='word_1_299' title='bbox 1066 3659 1080 3674; x_wconf 73' lang='grc' dir='ltr'><strong>ο</strong></span> <span class='ocrx_word' id='word_1_300' title='bbox 1135 3637 1349 3702; x_wconf 82' lang='grc' dir='ltr'>δεκάκις</span> <span class='ocrx_word' id='word_1_301' title='bbox 1395 3639 1464 3695; x_wconf 75' lang='grc' dir='ltr'>τὰ</span> <span class='ocrx_word' id='word_1_302' title='bbox 1490 3643 1564 3708; x_wconf 85' lang='grc' dir='ltr'><strong>η’,</strong></span> <span class='ocrx_word' id='word_1_303' title='bbox 1589 3643 1680 3692; x_wconf 85' lang='grc' dir='ltr'><strong>π’·</strong></span> <span class='ocrx_word' id='word_1_304' title='bbox 1716 3639 1892 3710; x_wconf 56' lang='lat' dir='ltr'><strong>siin;</strong></span> 
     </span>
    </p>
   </div>
   <div class='ocr_carea' id='block_1_38' title="bbox 227 3727 1887 3809">
    <p class='ocr_par' dir='ltr' id='par_1_38' title="bbox 227 3727 1887 3809">
     <span class='ocr_line' id='line_1_39' title="bbox 227 3727 1887 3809; baseline -0.003 -23"><span class='ocrx_word' id='word_1_305' title='bbox 227 3730 300 3786; x_wconf 66' lang='grc' dir='ltr'>τὶ</span> <span class='ocrx_word' id='word_1_306' title='bbox 360 3733 438 3801; x_wconf 76' lang='grc' dir='ltr'><strong>η’,</strong></span> <span class='ocrx_word' id='word_1_307' title='bbox 487 3734 614 3802; x_wconf 84' lang='grc' dir='ltr'>μη’,</span> <span class='ocrx_word' id='word_1_308' title='bbox 653 3730 797 3803; x_wconf 76' lang='grc' dir='ltr'>ὁμοῦ</span> <span class='ocrx_word' id='word_1_309' title='bbox 835 3732 993 3802; x_wconf 80' lang='grc' dir='ltr'>υμη’,</span> <span class='ocrx_word' id='word_1_310' title='bbox 1032 3730 1198 3788; x_wconf 78' lang='grc' dir='ltr'>λὸιπᾶ</span> <span class='ocrx_word' id='word_1_311' title='bbox 1242 3735 1330 3806; x_wconf 87' lang='grc' dir='ltr'>ιγ’,</span> <span class='ocrx_word' id='word_1_312' title='bbox 1384 3731 1418 3786; x_wconf 74' lang='grc' dir='ltr'>ἃ</span> <span class='ocrx_word' id='word_1_313' title='bbox 1464 3727 1531 3802; x_wconf 77' lang='grc' dir='ltr'><strong>δὴ</strong></span> <span class='ocrx_word' id='word_1_314' title='bbox 1579 3729 1807 3809; x_wconf 73' lang='grc' dir='ltr'>πέφυκεν</span> <span class='ocrx_word' id='word_1_315' title='bbox 1857 3729 1887 3782; x_wconf 88' lang='lat'><strong>6</strong></span> 
     </span>
    </p>
   </div>
   <div class='ocr_carea' id='block_1_39' title="bbox 230 3817 798 3890">
    <p class='ocr_par' dir='ltr' id='par_1_39' title="bbox 230 3817 798 3890">
     <span class='ocr_line' id='line_1_40' title="bbox 230 3817 798 3890; baseline 0.004 -16"><span class='ocrx_word' id='word_1_316' title='bbox 230 3818 444 3882; x_wconf 80' lang='grc' dir='ltr'>κύκλος</span> <span class='ocrx_word' id='word_1_317' title='bbox 475 3817 577 3875; x_wconf 71' lang='grc' dir='ltr'><strong>τοῦ</strong></span> <span class='ocrx_word' id='word_1_318' title='bbox 606 3819 798 3890; x_wconf 78' lang='grc' dir='ltr'>ἡλίου.</span> 
     </span>
    </p>
   </div>
   <div class='ocr_carea' id='block_1_40' title="bbox 557 3934 1575 4011">
    <p class='ocr_par' dir='ltr' id='par_1_40' title="bbox 557 3934 1575 4011">
     <span class='ocr_line' id='line_1_41' title="bbox 557 3934 1575 4011; baseline 0.001 -18"><span class='ocrx_word' id='word_1_319' title='bbox 557 3941 704 4000; x_wconf 80' lang='grc' dir='ltr'><strong>Πῶς</strong></span> <span class='ocrx_word' id='word_1_320' title='bbox 744 3935 1134 4011; x_wconf 80' lang='grc' dir='ltr'>εὑρίσκεται</span> <span class='ocrx_word' id='word_1_321' title='bbox 1173 3941 1208 4002; x_wconf 80' lang='grc' dir='ltr'>ἡ</span> <span class='ocrx_word' id='word_1_322' title='bbox 1243 3934 1575 3999; x_wconf 72' lang='grc' dir='ltr'>Ἱνδικτος.</span> 
     </span>
    </p>
   </div>
   <div class='ocr_carea' id='block_1_41' title="bbox 305 4040 1884 4116">
    <p class='ocr_par' dir='ltr' id='par_1_41' title="bbox 305 4040 1884 4116">
     <span class='ocr_line' id='line_1_42' title="bbox 305 4040 1855 4100; baseline 0.002 -39"><span class='ocrx_word' id='word_1_323' title='bbox 305 4043 382 4099; x_wconf 62' lang='grc' dir='ltr'><strong>ὒν*</strong></span> <span class='ocrx_word' id='word_1_324' title='bbox 567 4043 583 4062; x_wconf 72' lang='lat'><strong><em>\</em></strong></span> <span class='ocrx_word' id='word_1_325' title='bbox 617 4042 641 4098; x_wconf 68' lang='grc' dir='ltr'><strong>ἒ</strong></span> <span class='ocrx_word' id='word_1_326' title='bbox 685 4045 703 4100; x_wconf 72' lang='grc' dir='ltr'>ὶ</span> <span class='ocrx_word' id='word_1_327' title='bbox 771 4050 800 4062; x_wconf 75' lang='grc' dir='ltr'>ι-</span> <span class='ocrx_word' id='word_1_328' title='bbox 875 4043 892 4097; x_wconf 64' lang='grc' dir='ltr'>ι</span> <span class='ocrx_word' id='word_1_329' title='bbox 933 4040 974 4061; x_wconf 54' lang='grc' dir='ltr'>κ’</span> <span class='ocrx_word' id='word_1_330' title='bbox 1229 4044 1240 4063; x_wconf 71' lang='grc' dir='ltr'><em>ο</em></span> <span class='ocrx_word' id='word_1_331' title='bbox 1314 4064 1327 4077; x_wconf 51' lang='grc'>0</span> <span class='ocrx_word' id='word_1_332' title='bbox 1525 4045 1541 4062; x_wconf 51' lang='grc' dir='ltr'><strong>ἢ</strong></span> <span class='ocrx_word' id='word_1_333' title='bbox 1643 4045 1659 4064; x_wconf 73' lang='grc'><strong>9</strong></span> <span class='ocrx_word' id='word_1_334' title='bbox 1718 4046 1730 4059; x_wconf 62' lang='grc' dir='ltr'>ι</span> <span class='ocrx_word' id='word_1_335' title='bbox 1769 4067 1782 4078; x_wconf 35' lang='grc' dir='ltr'><strong><em>κ</em></strong></span> <span class='ocrx_word' id='word_1_336' title='bbox 1845 4045 1855 4064; x_wconf 73' lang='grc'><strong><em>1</em></strong></span> 
     </span>
     <span class='ocr_line' id='line_1_43' title="bbox 359 4043 1884 4116; baseline 0 -18"><span class='ocrx_word' id='word_1_337' title='bbox 359 4065 468 4100; x_wconf 65' lang='lat' dir='ltr'><strong>nec</strong></span> <span class='ocrx_word' id='word_1_338' title='bbox 488 4064 585 4100; x_wconf 80' lang='grc' dir='ltr'><strong>και</strong></span> <span class='ocrx_word' id='word_1_339' title='bbox 642 4064 684 4098; x_wconf 84' lang='grc' dir='ltr'>π</span> <span class='ocrx_word' id='word_1_340' title='bbox 733 4064 834 4114; x_wconf 87' lang='grc' dir='ltr'>της</span> <span class='ocrx_word' id='word_1_341' title='bbox 895 4043 1115 4098; x_wconf 88' lang='grc' dir='ltr'>νοίκτου</span> <span class='ocrx_word' id='word_1_342' title='bbox 1146 4065 1287 4099; x_wconf 87' lang='grc' dir='ltr'>ποιει</span> <span class='ocrx_word' id='word_1_343' title='bbox 1370 4045 1436 4099; x_wconf 71' lang='grc' dir='ltr'><strong>τὰ</strong></span> <span class='ocrx_word' id='word_1_344' title='bbox 1485 4063 1581 4116; x_wconf 88' lang='grc' dir='ltr'><strong>μεν</strong></span> <span class='ocrx_word' id='word_1_345' title='bbox 1635 4065 1740 4100; x_wconf 86' lang='grc' dir='ltr'>απο</span> <span class='ocrx_word' id='word_1_346' title='bbox 1771 4065 1884 4099; x_wconf 71' lang='grc' dir='ltr'>κτι-</span> 
     </span>
    </p>
   </div>
   <div class='ocr_carea' id='block_1_42' title="bbox 235 4127 1884 4206">
    <p class='ocr_par' dir='ltr' id='par_1_42' title="bbox 235 4127 1884 4206">
     <span class='ocr_line' id='line_1_44' title="bbox 235 4127 1884 4206; baseline -0.001 -17"><span class='ocrx_word' id='word_1_347' title='bbox 235 4155 375 4196; x_wconf 79' lang='grc' dir='ltr'>σεως</span> <span class='ocrx_word' id='word_1_348' title='bbox 421 4130 640 4205; x_wconf 81' lang='grc' dir='ltr'>κόσμοδ</span> <span class='ocrx_word' id='word_1_349' title='bbox 693 4127 787 4203; x_wconf 82' lang='grc' dir='ltr'>ἔτη</span> <span class='ocrx_word' id='word_1_350' title='bbox 840 4133 1092 4188; x_wconf 79' lang='grc' dir='ltr'>ἀναλύων</span> <span class='ocrx_word' id='word_1_351' title='bbox 1142 4131 1228 4188; x_wconf 81' lang='grc' dir='ltr'>ἐπὶ</span> <span class='ocrx_word' id='word_1_352' title='bbox 1267 4135 1333 4187; x_wconf 71' lang='grc' dir='ltr'><strong>τὰ</strong></span> <span class='ocrx_word' id='word_1_353' title='bbox 1375 4141 1448 4200; x_wconf 85' lang='grc' dir='ltr'>ιε’,</span> <span class='ocrx_word' id='word_1_354' title='bbox 1489 4135 1557 4188; x_wconf 70' lang='grc' dir='ltr'><strong>τὰ</strong></span> <span class='ocrx_word' id='word_1_355' title='bbox 1593 4131 1651 4188; x_wconf 77' lang='grc' dir='ltr'>δὲ</span> <span class='ocrx_word' id='word_1_356' title='bbox 1697 4135 1884 4206; x_wconf 79' lang='grc' dir='ltr'>μικρὰ,</span> 
     </span>
    </p>
   </div>
   <div class='ocr_carea' id='block_1_43' title="bbox 239 4220 1882 4298">
    <p class='ocr_par' dir='ltr' id='par_1_43' title="bbox 239 4220 1882 4298">
     <span class='ocr_line' id='line_1_45' title="bbox 239 4220 1882 4298; baseline 0.001 -20"><span class='ocrx_word' id='word_1_357' title='bbox 239 4225 379 4295; x_wconf 75' lang='grc' dir='ltr'>μετὰ</span> <span class='ocrx_word' id='word_1_358' title='bbox 426 4223 753 4298; x_wconf 70' lang='grc' dir='ltr'>προσθήκης</span> <span class='ocrx_word' id='word_1_359' title='bbox 809 4220 943 4278; x_wconf 81' lang='grc' dir='ltr'>ἐτῶν</span> <span class='ocrx_word' id='word_1_360' title='bbox 992 4223 1030 4276; x_wconf 90' lang='grc' dir='ltr'>ε’</span> <span class='ocrx_word' id='word_1_361' title='bbox 1079 4221 1310 4296; x_wconf 82' lang='grc' dir='ltr'>μερίζων</span> <span class='ocrx_word' id='word_1_362' title='bbox 1353 4221 1504 4284; x_wconf 76' lang='grc' dir='ltr'>αὖθις</span> <span class='ocrx_word' id='word_1_363' title='bbox 1552 4222 1642 4279; x_wconf 74' lang='grc' dir='ltr'><strong>ἰπὶ</strong></span> <span class='ocrx_word' id='word_1_364' title='bbox 1683 4224 1750 4277; x_wconf 78' lang='grc' dir='ltr'><strong>τὰ</strong></span> <span class='ocrx_word' id='word_1_365' title='bbox 1805 4231 1882 4279; x_wconf 85' lang='grc' dir='ltr'>ιε’.</span> 
     </span>
    </p>
   </div>
   <div class='ocr_carea' id='block_1_44' title="bbox 233 4309 1883 4386">
    <p class='ocr_par' dir='ltr' id='par_1_44' title="bbox 233 4309 1883 4386">
     <span class='ocr_line' id='line_1_46' title="bbox 233 4309 1883 4386; baseline -0.002 -19"><span class='ocrx_word' id='word_1_366' title='bbox 233 4311 302 4367; x_wconf 75' lang='grc' dir='ltr'><strong>Εἰ</strong></span> <span class='ocrx_word' id='word_1_367' title='bbox 361 4311 470 4386; x_wconf 72' lang='grc' dir='ltr'><strong>γὰρ</strong></span> <span class='ocrx_word' id='word_1_368' title='bbox 524 4311 620 4365; x_wconf 76' lang='grc' dir='ltr'><strong>καὶ</strong></span> <span class='ocrx_word' id='word_1_369' title='bbox 665 4315 782 4372; x_wconf 83' lang='grc' dir='ltr'>τοῖς</span> <span class='ocrx_word' id='word_1_370' title='bbox 825 4312 896 4365; x_wconf 82' lang='grc' dir='ltr'>τὰ</span> <span class='ocrx_word' id='word_1_371' title='bbox 940 4309 1226 4378; x_wconf 78' lang='grc' dir='ltr'>Ἑλλήνων</span> <span class='ocrx_word' id='word_1_372' title='bbox 1277 4313 1536 4386; x_wconf 78' lang='grc' dir='ltr'>φρονοῦσι</span> <span class='ocrx_word' id='word_1_373' title='bbox 1587 4310 1883 4384; x_wconf 80' lang='grc' dir='ltr'>Ῥωμοίοις</span> 
     </span>
    </p>
   </div>
   <div class='ocr_carea' id='block_1_45' title="bbox 231 4395 1882 4474">
    <p class='ocr_par' dir='ltr' id='par_1_45' title="bbox 231 4395 1882 4474">
     <span class='ocr_line' id='line_1_47' title="bbox 231 4395 1882 4474; baseline 0.004 -25"><span class='ocrx_word' id='word_1_374' title='bbox 231 4399 525 4474; x_wconf 68' lang='grc' dir='ltr'>ἐξεύρηται</span> <span class='ocrx_word' id='word_1_375' title='bbox 577 4399 640 4453; x_wconf 86' lang='grc' dir='ltr'>τὸ</span> <span class='ocrx_word' id='word_1_376' title='bbox 693 4405 792 4468; x_wconf 80' lang='grc' dir='ltr'><strong>τῆς</strong></span> <span class='ocrx_word' id='word_1_377' title='bbox 851 4395 1090 4454; x_wconf 80' lang='grc' dir='ltr'>ἷνδίκτου</span> <span class='ocrx_word' id='word_1_378' title='bbox 1145 4397 1234 4452; x_wconf 84' lang='grc' dir='ltr'><strong>καὶ</strong></span> <span class='ocrx_word' id='word_1_379' title='bbox 1310 4397 1685 4471; x_wconf 72' lang='grc' dir='ltr'>ἐπιυεμγςσεως</span> <span class='ocrx_word' id='word_1_380' title='bbox 1741 4396 1882 4468; x_wconf 81' lang='grc' dir='ltr'>ἔθος,</span> 
     </span>
    </p>
   </div>
   <div class='ocr_carea' id='block_1_46' title="bbox 235 4485 1881 4564">
    <p class='ocr_par' dir='ltr' id='par_1_46' title="bbox 235 4485 1881 4564">
     <span class='ocr_line' id='line_1_48' title="bbox 235 4485 1881 4564; baseline -0.001 -20"><span class='ocrx_word' id='word_1_381' title='bbox 235 4488 328 4545; x_wconf 64' lang='grc' dir='ltr'><strong>διὰ</strong></span> <span class='ocrx_word' id='word_1_382' title='bbox 371 4491 438 4544; x_wconf 81' lang='grc' dir='ltr'><strong>τὸ</strong></span> <span class='ocrx_word' id='word_1_383' title='bbox 491 4491 736 4564; x_wconf 74' lang='grc' dir='ltr'>φανερῶς</span> <span class='ocrx_word' id='word_1_384' title='bbox 788 4487 878 4543; x_wconf 80' lang='grc' dir='ltr'>ἐπὶ</span> <span class='ocrx_word' id='word_1_385' title='bbox 935 4486 1218 4551; x_wconf 87' lang='grc' dir='ltr'>τοσούτοις</span> <span class='ocrx_word' id='word_1_386' title='bbox 1273 4485 1614 4543; x_wconf 82' lang='grc' dir='ltr'>ἐναλλάττειν</span> <span class='ocrx_word' id='word_1_387' title='bbox 1657 4487 1881 4564; x_wconf 66' lang='grc' dir='ltr'>χρόνοις</span> 
     </span>
    </p>
   </div>
   <div class='ocr_carea' id='block_1_47' title="bbox 233 4572 1962 4680">
    <p class='ocr_par' dir='ltr' id='par_1_47' title="bbox 233 4572 1962 4680">
     <span class='ocr_line' id='line_1_49' title="bbox 233 4572 1962 4680; baseline 0 -48"><span class='ocrx_word' id='word_1_388' title='bbox 233 4579 333 4640; x_wconf 70' lang='grc' dir='ltr'><strong>τὰς</strong></span> <span class='ocrx_word' id='word_1_389' title='bbox 362 4582 480 4633; x_wconf 76' lang='grc' dir='ltr'><strong>τῶν</strong></span> <span class='ocrx_word' id='word_1_390' title='bbox 526 4576 826 4680; x_wconf 46' lang='grc' dir='ltr'>ἀνθρρπων</span> <span class='ocrx_word' id='word_1_391' title='bbox 870 4575 1119 4680; x_wconf 72' lang='grc' dir='ltr'>ἡλικίας,</span> <span class='ocrx_word' id='word_1_392' title='bbox 1163 4575 1291 4631; x_wconf 83' lang='grc' dir='ltr'>ἀλλ’</span> <span class='ocrx_word' id='word_1_393' title='bbox 1329 4572 1528 4632; x_wconf 83' lang='grc' dir='ltr'>ἔλαθον</span> <span class='ocrx_word' id='word_1_394' title='bbox 1565 4577 1788 4639; x_wconf 75' lang='grc' dir='ltr'>ἑαυτοὺς</span> <span class='ocrx_word' id='word_1_395' title='bbox 1814 4581 1881 4650; x_wconf 76' lang='grc' dir='ltr'><strong>τῇ</strong></span> <span class='ocrx_word' id='word_1_396' title='bbox 1920 4615 1962 4680; x_wconf 81' lang='lat' dir='ltr'><strong>D</strong></span> 
     </span>
    </p>
   </div>
   <div class='ocr_carea' id='block_1_48' title="bbox 233 4664 1885 4743">
    <p class='ocr_par' dir='ltr' id='par_1_48' title="bbox 233 4664 1885 4743">
     <span class='ocr_line' id='line_1_50' title="bbox 233 4664 1885 4743; baseline 0.001 -23"><span class='ocrx_word' id='word_1_397' title='bbox 233 4666 476 4736; x_wconf 72' lang='grc' dir='ltr'>ἀληθείᾳ</span> <span class='ocrx_word' id='word_1_398' title='bbox 500 4666 595 4720; x_wconf 77' lang='grc' dir='ltr'>καὶ</span> <span class='ocrx_word' id='word_1_399' title='bbox 624 4664 772 4721; x_wconf 78' lang='grc' dir='ltr'>οὗτοι</span> <span class='ocrx_word' id='word_1_400' title='bbox 803 4664 1224 4740; x_wconf 73' lang='grc' dir='ltr'>συνενεχθέντες,</span> <span class='ocrx_word' id='word_1_401' title='bbox 1253 4667 1340 4719; x_wconf 82' lang='grc' dir='ltr'><strong>καὶ</strong></span> <span class='ocrx_word' id='word_1_402' title='bbox 1385 4671 1504 4730; x_wconf 87' lang='grc' dir='ltr'>τοῖς</span> <span class='ocrx_word' id='word_1_403' title='bbox 1531 4665 1611 4740; x_wconf 78' lang='grc' dir='ltr'><strong>τῷ</strong></span> <span class='ocrx_word' id='word_1_404' title='bbox 1656 4666 1885 4743; x_wconf 84' lang='grc' dir='ltr'>’μεγάλῳ</span> 
     </span>
    </p>
   </div>
   <div class='ocr_carea' id='block_1_49' title="bbox 239 4753 1885 4833">
    <p class='ocr_par' dir='ltr' id='par_1_49' title="bbox 239 4753 1885 4833">
     <span class='ocr_line' id='line_1_51' title="bbox 239 4753 1885 4833; baseline -0.001 -20"><span class='ocrx_word' id='word_1_405' title='bbox 239 4763 432 4813; x_wconf 62' lang='lat' dir='ltr'><strong>Iconi</strong></span> <span class='ocrx_word' id='word_1_406' title='bbox 487 4755 992 4833; x_wconf 69' lang='grc' dir='ltr'>ἀναγεγραμμένοις</span> <span class='ocrx_word' id='word_1_407' title='bbox 1051 4755 1156 4811; x_wconf 84' lang='grc' dir='ltr'>ἀπὸ</span> <span class='ocrx_word' id='word_1_408' title='bbox 1211 4753 1438 4816; x_wconf 84' lang='grc' dir='ltr'>κτίσεως</span> <span class='ocrx_word' id='word_1_409' title='bbox 1493 4755 1702 4830; x_wconf 79' lang='grc' dir='ltr'>κόσμου</span> <span class='ocrx_word' id='word_1_410' title='bbox 1749 4779 1885 4831; x_wconf 90' lang='grc' dir='ltr'>συμ-</span> 
     </span>
    </p>
   </div>
   <div class='ocr_carea' id='block_1_50' title="bbox 237 4844 880 4924">
    <p class='ocr_par' dir='ltr' id='par_1_50' title="bbox 237 4844 880 4924">
     <span class='ocr_line' id='line_1_52' title="bbox 237 4844 880 4924; baseline 0 -23"><span class='ocrx_word' id='word_1_411' title='bbox 237 4846 434 4924; x_wconf 56' lang='grc' dir='ltr'>εθιγγό</span> <span class='ocrx_word' id='word_1_412' title='bbox 441 4866 606 4920; x_wconf 75' lang='grc' dir='ltr'>μενοι</span> <span class='ocrx_word' id='word_1_413' title='bbox 636 4844 880 4924; x_wconf 82' lang='grc' dir='ltr'>χρόνοις.</span> 
     </span>
    </p>
   </div>
   <div class='ocr_carea' id='block_1_51' title="bbox 407 4960 1714 5036">
    <p class='ocr_par' dir='ltr' id='par_1_51' title="bbox 407 4960 1714 5036">
     <span class='ocr_line' id='line_1_53' title="bbox 407 4960 1714 5036; baseline 0 -18"><span class='ocrx_word' id='word_1_414' title='bbox 407 4967 564 5024; x_wconf 81' lang='grc' dir='ltr'><strong>Πῶς</strong></span> <span class='ocrx_word' id='word_1_415' title='bbox 598 4963 673 5018; x_wconf 85' lang='grc' dir='ltr'>τὸ</span> <span class='ocrx_word' id='word_1_416' title='bbox 711 4962 994 5035; x_wconf 80' lang='grc' dir='ltr'>νομικὸν</span> <span class='ocrx_word' id='word_1_417' title='bbox 1034 4960 1417 5036; x_wconf 82' lang='grc' dir='ltr'>εὑρίσκεται</span> <span class='ocrx_word' id='word_1_418' title='bbox 1458 4961 1714 5036; x_wconf 74' lang='grc' dir='ltr'>Πάσχα.</span> 
     </span>
    </p>
   </div>
   <div class='ocr_carea' id='block_1_52' title="bbox 312 5065 1884 5145">
    <p class='ocr_par' dir='ltr' id='par_1_52' title="bbox 312 5065 1884 5145">
     <span class='ocr_line' id='line_1_54' title="bbox 312 5065 1884 5145; baseline -0.003 -19"><span class='ocrx_word' id='word_1_419' title='bbox 312 5067 488 5126; x_wconf 77' lang='grc' dir='ltr'><strong>Ἀλλᾶ</strong></span> <span class='ocrx_word' id='word_1_420' title='bbox 523 5071 618 5125; x_wconf 81' lang='grc' dir='ltr'>καὶ</span> <span class='ocrx_word' id='word_1_421' title='bbox 649 5067 736 5125; x_wconf 72' lang='grc' dir='ltr'><strong>ἐπὶ</strong></span> <span class='ocrx_word' id='word_1_422' title='bbox 766 5070 867 5139; x_wconf 76' lang='grc' dir='ltr'>τήν</span> <span class='ocrx_word' id='word_1_423' title='bbox 901 5066 1106 5145; x_wconf 75' lang='grc' dir='ltr'>εὕρεσιν</span> <span class='ocrx_word' id='word_1_424' title='bbox 1147 5066 1254 5140; x_wconf 65' lang='grc' dir='ltr'><strong>ἤδη</strong></span> <span class='ocrx_word' id='word_1_425' title='bbox 1286 5071 1386 5125; x_wconf 75' lang='grc' dir='ltr'><strong>τοῦ</strong></span> <span class='ocrx_word' id='word_1_426' title='bbox 1435 5071 1666 5140; x_wconf 83' lang='grc' dir='ltr'>νομικοῦ</span> <span class='ocrx_word' id='word_1_427' title='bbox 1705 5065 1884 5138; x_wconf 69' lang='grc' dir='ltr'>’ίωμεν</span> 
     </span>
    </p>
   </div>
   <div class='ocr_carea' id='block_1_53' title="bbox 248 5155 1885 5235">
    <p class='ocr_par' dir='ltr' id='par_1_53' title="bbox 248 5155 1885 5235">
     <span class='ocr_line' id='line_1_55' title="bbox 248 5155 1885 5235; baseline -0.001 -20"><span class='ocrx_word' id='word_1_428' title='bbox 248 5161 458 5235; x_wconf 70' lang='grc' dir='ltr'>Πάσχα.</span> <span class='ocrx_word' id='word_1_429' title='bbox 537 5157 1068 5218; x_wconf 81' lang='grc' dir='ltr'>Ἐνδεκαπλασίασον</span> <span class='ocrx_word' id='word_1_430' title='bbox 1141 5159 1234 5214; x_wconf 88' lang='grc' dir='ltr'>τὸν</span> <span class='ocrx_word' id='word_1_431' title='bbox 1339 5162 1639 5230; x_wconf 76' lang='grc' dir='ltr'>τηνικαῦτα</span> <span class='ocrx_word' id='word_1_432' title='bbox 1732 5155 1885 5214; x_wconf 85' lang='grc' dir='ltr'>διϊπ-</span> 
     </span>
    </p>
   </div>
   <div class='ocr_carea' id='block_1_54' title="bbox 247 5246 1882 5322">
    <p class='ocr_par' dir='ltr' id='par_1_54' title="bbox 247 5246 1882 5322">
     <span class='ocr_line' id='line_1_56' title="bbox 247 5246 1882 5322; baseline -0.001 -18"><span class='ocrx_word' id='word_1_433' title='bbox 247 5249 474 5306; x_wconf 64' lang='grc' dir='ltr'>πτύοντα</span> <span class='ocrx_word' id='word_1_434' title='bbox 526 5254 626 5316; x_wconf 83' lang='grc' dir='ltr'>τῆς</span> <span class='ocrx_word' id='word_1_435' title='bbox 701 5247 940 5320; x_wconf 75' lang='grc' dir='ltr'>σελήνης</span> <span class='ocrx_word' id='word_1_436' title='bbox 1015 5246 1240 5320; x_wconf 86' lang='grc' dir='ltr'>κύκλον,</span> <span class='ocrx_word' id='word_1_437' title='bbox 1316 5249 1594 5322; x_wconf 82' lang='grc' dir='ltr'>προστίθει</span> <span class='ocrx_word' id='word_1_438' title='bbox 1668 5246 1882 5310; x_wconf 90' lang='grc' dir='ltr'>τούτοις</span> 
     </span>
    </p>
   </div>
   <div class='ocr_carea' id='block_1_55' title="bbox 247 5334 1883 5415">
    <p class='ocr_par' dir='ltr' id='par_1_55' title="bbox 247 5334 1883 5415">
     <span class='ocr_line' id='line_1_57' title="bbox 247 5334 1883 5415; baseline -0.003 -18"><span class='ocrx_word' id='word_1_439' title='bbox 490 5339 567 5415; x_wconf 77' lang='grc' dir='ltr'><strong>ἓξ,</strong></span> <span class='ocrx_word' id='word_1_440' title='bbox 609 5341 707 5403; x_wconf 76' lang='grc' dir='ltr'>τὰς</span> <span class='ocrx_word' id='word_1_441' title='bbox 756 5334 1148 5410; x_wconf 82' lang='grc' dir='ltr'>συνισταμένας</span> <span class='ocrx_word' id='word_1_442' title='bbox 1199 5337 1262 5394; x_wconf 82' lang='grc' dir='ltr'>ἐκ</span> <span class='ocrx_word' id='word_1_443' title='bbox 1308 5341 1405 5394; x_wconf 78' lang='grc' dir='ltr'>τοῦ</span> <span class='ocrx_word' id='word_1_444' title='bbox 1450 5336 1738 5410; x_wconf 68' lang='grc' dir='ltr'>εἰρημένου</span> <span class='ocrx_word' id='word_1_445' title='bbox 1791 5337 1883 5392; x_wconf 84' lang='grc' dir='ltr'>λε-</span> 
     </span>
    </p>
   </div>
   <div class='ocr_carea' id='block_1_56' title="bbox 247 5422 1883 5502">
    <p class='ocr_par' dir='ltr' id='par_1_56' title="bbox 247 5422 1883 5502">
     <span class='ocr_line' id='line_1_58' title="bbox 247 5422 1883 5502; baseline -0.001 -20"><span class='ocrx_word' id='word_1_446' title='bbox 247 5434 378 5483; x_wconf 67' lang='grc' dir='ltr'>πτσῦ</span> <span class='ocrx_word' id='word_1_447' title='bbox 424 5431 532 5494; x_wconf 73' lang='grc' dir='ltr'>ἑνὸς</span> <span class='ocrx_word' id='word_1_448' title='bbox 572 5431 664 5488; x_wconf 77' lang='grc' dir='ltr'><strong>καὶ</strong></span> <span class='ocrx_word' id='word_1_449' title='bbox 713 5427 969 5502; x_wconf 72' lang='grc' dir='ltr'>ἡμίσεως</span> <span class='ocrx_word' id='word_1_450' title='bbox 1015 5425 1104 5482; x_wconf 81' lang='grc' dir='ltr'><strong>καὶ</strong></span> <span class='ocrx_word' id='word_1_451' title='bbox 1159 5427 1364 5501; x_wconf 87' lang='grc' dir='ltr'>τρίτου,</span> <span class='ocrx_word' id='word_1_452' title='bbox 1424 5422 1560 5502; x_wconf 73' lang='grc' dir='ltr'>ἅπερ</span> <span class='ocrx_word' id='word_1_453' title='bbox 1611 5427 1726 5480; x_wconf 84' lang='grc' dir='ltr'>κατ’</span> <span class='ocrx_word' id='word_1_454' title='bbox 1784 5427 1883 5480; x_wconf 80' lang='grc' dir='ltr'><strong>ἐπ-</strong></span> 
     </span>
    </p>
   </div>
   <div class='ocr_carea' id='block_1_57' title="bbox 249 5511 1882 5591">
    <p class='ocr_par' dir='ltr' id='par_1_57' title="bbox 249 5511 1882 5591">
     <span class='ocr_line' id='line_1_59' title="bbox 249 5511 1882 5591; baseline -0.004 -17"><span class='ocrx_word' id='word_1_455' title='bbox 249 5518 414 5575; x_wconf 71' lang='grc' dir='ltr'>έκεινα</span> <span class='ocrx_word' id='word_1_456' title='bbox 438 5525 538 5576; x_wconf 79' lang='grc' dir='ltr'>τῶν</span> <span class='ocrx_word' id='word_1_457' title='bbox 577 5522 662 5576; x_wconf 86' lang='grc' dir='ltr'>κθ’</span> <span class='ocrx_word' id='word_1_458' title='bbox 712 5519 810 5574; x_wconf 77' lang='grc' dir='ltr'><strong>καὶ</strong></span> <span class='ocrx_word' id='word_1_459' title='bbox 860 5516 1118 5587; x_wconf 71' lang='grc' dir='ltr'>ἡμισείας</span> <span class='ocrx_word' id='word_1_460' title='bbox 1159 5519 1384 5588; x_wconf 74' lang='grc' dir='ltr'>ἡμερῶν</span> <span class='ocrx_word' id='word_1_461' title='bbox 1426 5511 1571 5591; x_wconf 79' lang='grc' dir='ltr'>ἔχων</span> <span class='ocrx_word' id='word_1_462' title='bbox 1617 5511 1882 5569; x_wconf 75' lang='grc' dir='ltr'>δέδεικται</span> 
     </span>
    </p>
   </div>
   <div class='ocr_carea' id='block_1_58' title="bbox 251 5602 1878 5683">
    <p class='ocr_par' dir='ltr' id='par_1_58' title="bbox 251 5602 1878 5683">
     <span class='ocr_line' id='line_1_60' title="bbox 251 5602 1878 5683; baseline -0.003 -22"><span class='ocrx_word' id='word_1_463' title='bbox 251 5607 280 5661; x_wconf 91' lang='lat'><strong>6</strong></span> <span class='ocrx_word' id='word_1_464' title='bbox 303 5616 396 5679; x_wconf 81' lang='grc' dir='ltr'>τῆς</span> <span class='ocrx_word' id='word_1_465' title='bbox 431 5611 664 5683; x_wconf 81' lang='grc' dir='ltr'>σελήνης</span> <span class='ocrx_word' id='word_1_466' title='bbox 712 5610 976 5682; x_wconf 85' lang='grc' dir='ltr'>μηνιαῖος</span> <span class='ocrx_word' id='word_1_467' title='bbox 1017 5604 1236 5668; x_wconf 81' lang='grc' dir='ltr'>κύκλος.</span> <span class='ocrx_word' id='word_1_468' title='bbox 1280 5606 1412 5662; x_wconf 80' lang='grc' dir='ltr'><strong>Ἀπὸ</strong></span> <span class='ocrx_word' id='word_1_469' title='bbox 1443 5602 1499 5660; x_wconf 74' lang='grc' dir='ltr'>δὲ</span> <span class='ocrx_word' id='word_1_470' title='bbox 1535 5608 1634 5658; x_wconf 76' lang='grc' dir='ltr'>τοῦ</span> <span class='ocrx_word' id='word_1_471' title='bbox 1668 5606 1734 5672; x_wconf 87' lang='grc' dir='ltr'><strong>ιζ’</strong></span> <span class='ocrx_word' id='word_1_472' title='bbox 1775 5602 1878 5657; x_wconf 87' lang='grc' dir='ltr'>κύ-</span> 
     </span>
    </p>
   </div>
   <div class='ocr_carea' id='block_1_59' title="bbox 237 5689 1878 5782">
    <p class='ocr_par' dir='ltr' id='par_1_59' title="bbox 237 5689 1878 5782">
     <span class='ocr_line' id='line_1_61' title="bbox 237 5689 1878 5782; baseline -0.002 -30"><span class='ocrx_word' id='word_1_473' title='bbox 237 5695 367 5755; x_wconf 77' lang='grc' dir='ltr'>κλου</span> <span class='ocrx_word' id='word_1_474' title='bbox 397 5702 554 5782; x_wconf 76' lang='grc' dir='ltr'>μέχρι</span> <span class='ocrx_word' id='word_1_475' title='bbox 586 5704 688 5757; x_wconf 75' lang='grc' dir='ltr'>τοῦ</span> <span class='ocrx_word' id='word_1_476' title='bbox 723 5698 796 5753; x_wconf 75' lang='grc' dir='ltr'>ιθ⁹</span> <span class='ocrx_word' id='word_1_477' title='bbox 832 5696 1048 5770; x_wconf 81' lang='grc' dir='ltr'>ἡμέρας</span> <span class='ocrx_word' id='word_1_478' title='bbox 1091 5695 1415 5769; x_wconf 76' lang='grc' dir='ltr'>προσθήσεις</span> <span class='ocrx_word' id='word_1_479' title='bbox 1464 5689 1600 5748; x_wconf 75' lang='grc' dir='ltr'><strong>ἑπτᾶ</strong></span> <span class='ocrx_word' id='word_1_480' title='bbox 1620 5714 1633 5726; x_wconf 93' lang='grc'><strong>·</strong></span> <span class='ocrx_word' id='word_1_481' title='bbox 1675 5691 1878 5749; x_wconf 85' lang='grc' dir='ltr'>πλείων</span> 
     </span>
    </p>
   </div>
   <div class='ocr_carea' id='block_1_60' title="bbox 1929 1871 1977 1940">
    <p class='ocr_par' dir='ltr' id='par_1_60' title="bbox 1929 1871 1977 1940">
     <span class='ocr_line' id='line_1_62' title="bbox 1929 1871 1977 1940; baseline 0 0"><span class='ocrx_word' id='word_1_482' title='bbox 1929 1871 1977 1940; x_wconf 84' lang='grc' dir='ltr'><strong>Β</strong></span> 
     </span>
    </p>
   </div>
   <div class='ocr_carea' id='block_1_61' title="bbox 2013 608 3655 686">
    <p class='ocr_par' dir='ltr' id='par_1_61' title="bbox 2013 608 3655 686">
     <span class='ocr_line' id='line_1_63' title="bbox 2013 608 3655 686; baseline 0.005 -23"><span class='ocrx_word' id='word_1_483' title='bbox 2013 625 2294 664; x_wconf 86' lang='lat' dir='ltr'><strong>numerus</strong></span> <span class='ocrx_word' id='word_1_484' title='bbox 2322 608 2390 662; x_wconf 82' lang='lat'><strong>28</strong></span> <span class='ocrx_word' id='word_1_485' title='bbox 2423 615 2715 683; x_wconf 77' lang='lat' dir='ltr'><strong>clycorum</strong></span> <span class='ocrx_word' id='word_1_486' title='bbox 2761 613 2902 668; x_wconf 85' lang='lat' dir='ltr'><strong>solis</strong></span> <span class='ocrx_word' id='word_1_487' title='bbox 2949 615 3260 686; x_wconf 83' lang='lat' dir='ltr'><strong>respondet</strong></span> <span class='ocrx_word' id='word_1_488' title='bbox 3309 619 3366 671; x_wconf 89' lang='lat' dir='ltr'><strong>ct</strong></span> <span class='ocrx_word' id='word_1_489' title='bbox 3411 631 3655 672; x_wconf 85' lang='lat' dir='ltr'><strong>numero</strong></span> 
     </span>
    </p>
   </div>
   <div class='ocr_carea' id='block_1_62' title="bbox 2009 698 3656 774">
    <p class='ocr_par' dir='ltr' id='par_1_62' title="bbox 2009 698 3656 774">
     <span class='ocr_line' id='line_1_64' title="bbox 2009 698 3656 774; baseline 0.005 -22"><span class='ocrx_word' id='word_1_490' title='bbox 2009 698 2134 767; x_wconf 84' lang='lat'><strong>280,</strong></span> <span class='ocrx_word' id='word_1_491' title='bbox 2168 701 2226 754; x_wconf 88' lang='lat' dir='ltr'><strong>et</strong></span> <span class='ocrx_word' id='word_1_492' title='bbox 2254 715 2498 756; x_wconf 88' lang='lat' dir='ltr'><strong>numero</strong></span> <span class='ocrx_word' id='word_1_493' title='bbox 2527 699 2692 767; x_wconf 88' lang='lat'><strong>2800,</strong></span> <span class='ocrx_word' id='word_1_494' title='bbox 2715 701 2878 758; x_wconf 80' lang='lat' dir='ltr'><strong>aufer</strong></span> <span class='ocrx_word' id='word_1_495' title='bbox 2921 703 3016 760; x_wconf 88' lang='lat' dir='ltr'><strong>bis</strong></span> <span class='ocrx_word' id='word_1_496' title='bbox 3045 703 3190 759; x_wconf 87' lang='lat'><strong>2800</strong></span> <span class='ocrx_word' id='word_1_497' title='bbox 3219 719 3289 758; x_wconf 81' lang='lat' dir='ltr'><strong>ex</strong></span> <span class='ocrx_word' id='word_1_498' title='bbox 3315 703 3482 774; x_wconf 82' lang='grc'>6843,</span> <span class='ocrx_word' id='word_1_499' title='bbox 3503 709 3564 760; x_wconf 89' lang='lat' dir='ltr'><strong>et</strong></span> <span class='ocrx_word' id='word_1_500' title='bbox 3583 719 3656 760; x_wconf 83' lang='lat' dir='ltr'><strong>ex</strong></span> 
     </span>
    </p>
   </div>
   <div class='ocr_carea' id='block_1_63' title="bbox 2015 786 3656 864">
    <p class='ocr_par' dir='ltr' id='par_1_63' title="bbox 2015 786 3656 864">
     <span class='ocr_line' id='line_1_65' title="bbox 2015 786 3656 864; baseline 0.005 -24"><span class='ocrx_word' id='word_1_501' title='bbox 2015 786 2388 844; x_wconf 82' lang='lat' dir='ltr'><strong>manentibus</strong></span> <span class='ocrx_word' id='word_1_502' title='bbox 2417 787 2558 844; x_wconf 82' lang='grc'>1243</span> <span class='ocrx_word' id='word_1_503' title='bbox 2589 805 2794 846; x_wconf 90' lang='lat' dir='ltr'><strong>rursus</strong></span> <span class='ocrx_word' id='word_1_504' title='bbox 2833 791 3002 846; x_wconf 88' lang='lat' dir='ltr'><strong>deme</strong></span> <span class='ocrx_word' id='word_1_505' title='bbox 3043 797 3252 864; x_wconf 84' lang='lat' dir='ltr'><strong>quater</strong></span> <span class='ocrx_word' id='word_1_506' title='bbox 3285 793 3430 860; x_wconf 87' lang='lat'><strong>280;</strong></span> <span class='ocrx_word' id='word_1_507' title='bbox 3463 797 3587 848; x_wconf 88' lang='lat' dir='ltr'><strong>tum</strong></span> <span class='ocrx_word' id='word_1_508' title='bbox 3621 810 3656 848; x_wconf 91' lang='lat' dir='ltr'><strong>a</strong></span> 
     </span>
    </p>
   </div>
   <div class='ocr_carea' id='block_1_64' title="bbox 2011 875 3653 952">
    <p class='ocr_par' dir='ltr' id='par_1_64' title="bbox 2011 875 3653 952">
     <span class='ocr_line' id='line_1_66' title="bbox 2011 875 3653 952; baseline 0.004 -22"><span class='ocrx_word' id='word_1_509' title='bbox 2011 875 2264 932; x_wconf 82' lang='lat' dir='ltr'><strong>residuis</strong></span> <span class='ocrx_word' id='word_1_510' title='bbox 2295 877 2558 934; x_wconf 82' lang='lat' dir='ltr'><strong>numeris</strong></span> <span class='ocrx_word' id='word_1_511' title='bbox 2591 877 2715 947; x_wconf 90' lang='grc'>123,</span> <span class='ocrx_word' id='word_1_512' title='bbox 2745 879 2795 946; x_wconf 84' lang='lat' dir='ltr'><strong>si</strong></span> <span class='ocrx_word' id='word_1_513' title='bbox 2827 879 3055 937; x_wconf 80' lang='lat' dir='ltr'><strong>auferas</strong></span> <span class='ocrx_word' id='word_1_514' title='bbox 3085 886 3292 952; x_wconf 84' lang='lat' dir='ltr'><strong>quater</strong></span> <span class='ocrx_word' id='word_1_515' title='bbox 3319 881 3409 942; x_wconf 78' lang='lat'><strong>28,</strong></span> <span class='ocrx_word' id='word_1_516' title='bbox 3451 897 3653 937; x_wconf 85' lang='lat' dir='ltr'><strong>mane-</strong></span> 
     </span>
    </p>
   </div>
   <div class='ocr_carea' id='block_1_65' title="bbox 2012 967 3654 1043">
    <p class='ocr_par' dir='ltr' id='par_1_65' title="bbox 2012 967 3654 1043">
     <span class='ocr_line' id='line_1_67' title="bbox 2012 967 3654 1043; baseline 0.003 -21"><span class='ocrx_word' id='word_1_517' title='bbox 2012 967 2095 1022; x_wconf 86' lang='lat' dir='ltr'><strong>bit</strong></span> <span class='ocrx_word' id='word_1_518' title='bbox 2140 983 2425 1023; x_wconf 89' lang='lat' dir='ltr'><strong>numerus</strong></span> <span class='ocrx_word' id='word_1_519' title='bbox 2468 967 2616 1024; x_wconf 73' lang='lat'><strong>201</strong></span> <span class='ocrx_word' id='word_1_520' title='bbox 2669 967 3044 1027; x_wconf 83' lang='lat' dir='ltr'><strong>inexhaustus</strong></span> <span class='ocrx_word' id='word_1_521' title='bbox 3099 970 3186 1041; x_wconf 90' lang='grc'><strong>11,</strong></span> <span class='ocrx_word' id='word_1_522' title='bbox 3219 969 3322 1042; x_wconf 88' lang='lat' dir='ltr'><strong>qui</strong></span> <span class='ocrx_word' id='word_1_523' title='bbox 3369 969 3512 1027; x_wconf 90' lang='lat' dir='ltr'><strong>solis</strong></span> <span class='ocrx_word' id='word_1_524' title='bbox 3555 986 3654 1043; x_wconf 83' lang='lat' dir='ltr'><strong>cy-</strong></span> 
     </span>
    </p>
   </div>
   <div class='ocr_carea' id='block_1_66' title="bbox 2011 1053 2294 1113">
    <p class='ocr_par' dir='ltr' id='par_1_66' title="bbox 2011 1053 2294 1113">
     <span class='ocr_line' id='line_1_68' title="bbox 2011 1053 2294 1113; baseline 0 -1"><span class='ocrx_word' id='word_1_525' title='bbox 2011 1053 2138 1113; x_wconf 89' lang='lat' dir='ltr'><strong>clus</strong></span> <span class='ocrx_word' id='word_1_526' title='bbox 2167 1057 2294 1113; x_wconf 85' lang='lat' dir='ltr'><strong>erit.</strong></span> 
     </span>
    </p>
   </div>
   <div class='ocr_carea' id='block_1_67' title="bbox 2735 1175 2929 1231">
    <p class='ocr_par' dir='ltr' id='par_1_67' title="bbox 2735 1175 2929 1231">
     <span class='ocr_line' id='line_1_69' title="bbox 2735 1175 2929 1231; baseline 0.005 -1"><span class='ocrx_word' id='word_1_527' title='bbox 2735 1175 2929 1231; x_wconf 75' lang='lat' dir='ltr'><strong>Aliter.</strong></span> 
     </span>
    </p>
   </div>
   <div class='ocr_carea' id='block_1_68' title="bbox 2079 1280 3648 1338">
    <p class='ocr_par' dir='ltr' id='par_1_68' title="bbox 2079 1280 3648 1338">
     <span class='ocr_line' id='line_1_70' title="bbox 2079 1280 3648 1338; baseline 0.003 -4"><span class='ocrx_word' id='word_1_528' title='bbox 2079 1280 2175 1335; x_wconf 85' lang='lat' dir='ltr'><strong>Vel</strong></span> <span class='ocrx_word' id='word_1_529' title='bbox 2208 1282 2383 1336; x_wconf 87' lang='lat' dir='ltr'><strong>etiam</strong></span> <span class='ocrx_word' id='word_1_530' title='bbox 2421 1283 2528 1337; x_wconf 91' lang='lat' dir='ltr'><strong>boc</strong></span> <span class='ocrx_word' id='word_1_531' title='bbox 2557 1282 2729 1338; x_wconf 85' lang='lat' dir='ltr'><strong>modo</strong></span> <span class='ocrx_word' id='word_1_532' title='bbox 2761 1298 2776 1336; x_wconf 89' lang='lat'><strong>:</strong></span> <span class='ocrx_word' id='word_1_533' title='bbox 2810 1296 2972 1338; x_wconf 85' lang='lat' dir='ltr'><strong>serva</strong></span> <span class='ocrx_word' id='word_1_534' title='bbox 3023 1297 3330 1338; x_wconf 81' lang='lat' dir='ltr'><strong>numerum</strong></span> <span class='ocrx_word' id='word_1_535' title='bbox 3365 1281 3648 1338; x_wconf 87' lang='lat' dir='ltr'><strong>minorem</strong></span> 
     </span>
    </p>
   </div>
   <div class='ocr_carea' id='block_1_69' title="bbox 2009 1371 3654 1440">
    <p class='ocr_par' dir='ltr' id='par_1_69' title="bbox 2009 1371 3654 1440">
     <span class='ocr_line' id='line_1_71' title="bbox 2009 1371 3654 1440; baseline 0 -16"><span class='ocrx_word' id='word_1_536' title='bbox 2009 1385 2296 1426; x_wconf 84' lang='lat' dir='ltr'><strong>annorum</strong></span> <span class='ocrx_word' id='word_1_537' title='bbox 2342 1371 2627 1426; x_wconf 88' lang='lat' dir='ltr'><strong>currentis</strong></span> <span class='ocrx_word' id='word_1_538' title='bbox 2677 1371 3260 1440; x_wconf 82' lang='lat' dir='ltr'><strong>hecatonlaeteridos,</strong></span> <span class='ocrx_word' id='word_1_539' title='bbox 3309 1371 3429 1426; x_wconf 85' lang='lat' dir='ltr'><strong>sive</strong></span> <span class='ocrx_word' id='word_1_540' title='bbox 3477 1371 3562 1436; x_wconf 86' lang='grc'>43,</span> <span class='ocrx_word' id='word_1_541' title='bbox 3595 1376 3654 1425; x_wconf 90' lang='lat' dir='ltr'><strong>et</strong></span> 
     </span>
    </p>
   </div>
   <div class='ocr_carea' id='block_1_70' title="bbox 2009 1459 3652 1532">
    <p class='ocr_par' dir='ltr' id='par_1_70' title="bbox 2009 1459 3652 1532">
     <span class='ocr_line' id='line_1_72' title="bbox 2009 1459 3652 1532; baseline 0.001 -19"><span class='ocrx_word' id='word_1_542' title='bbox 2009 1459 2194 1529; x_wconf 85' lang='lat' dir='ltr'><strong>adjice</strong></span> <span class='ocrx_word' id='word_1_543' title='bbox 2226 1476 2432 1527; x_wconf 87' lang='lat' dir='ltr'><strong>annos,</strong></span> <span class='ocrx_word' id='word_1_544' title='bbox 2465 1460 2563 1531; x_wconf 88' lang='lat' dir='ltr'><strong>qui</strong></span> <span class='ocrx_word' id='word_1_545' title='bbox 2594 1465 2912 1530; x_wconf 79' lang='lat' dir='ltr'><strong>supersunt</strong></span> <span class='ocrx_word' id='word_1_546' title='bbox 2941 1461 3012 1516; x_wconf 88' lang='lat' dir='ltr'><strong>de</strong></span> <span class='ocrx_word' id='word_1_547' title='bbox 3041 1460 3333 1532; x_wconf 68' lang='lat' dir='ltr'><strong>praeterita</strong></span> <span class='ocrx_word' id='word_1_548' title='bbox 3359 1460 3451 1524; x_wconf 84' lang='grc'><strong>24,</strong></span> <span class='ocrx_word' id='word_1_549' title='bbox 3485 1475 3652 1515; x_wconf 86' lang='lat' dir='ltr'><strong>sum-</strong></span> 
     </span>
    </p>
   </div>
   <div class='ocr_carea' id='block_1_71' title="bbox 2009 1547 3654 1620">
    <p class='ocr_par' dir='ltr' id='par_1_71' title="bbox 2009 1547 3654 1620">
     <span class='ocr_line' id='line_1_73' title="bbox 2009 1547 3654 1620; baseline 0.001 -18"><span class='ocrx_word' id='word_1_550' title='bbox 2009 1563 2284 1620; x_wconf 84' lang='lat' dir='ltr'><strong>mamque</strong></span> <span class='ocrx_word' id='word_1_551' title='bbox 2312 1548 2447 1604; x_wconf 89' lang='lat' dir='ltr'><strong>inde</strong></span> <span class='ocrx_word' id='word_1_552' title='bbox 2488 1547 2788 1604; x_wconf 86' lang='lat' dir='ltr'><strong>collectam</strong></span> <span class='ocrx_word' id='word_1_553' title='bbox 2817 1547 2886 1602; x_wconf 86' lang='lat'>67</span> <span class='ocrx_word' id='word_1_554' title='bbox 2927 1548 3144 1620; x_wconf 87' lang='lat' dir='ltr'><strong>partire</strong></span> <span class='ocrx_word' id='word_1_555' title='bbox 3174 1564 3276 1618; x_wconf 88' lang='lat' dir='ltr'><strong>per</strong></span> <span class='ocrx_word' id='word_1_556' title='bbox 3301 1549 3410 1616; x_wconf 86' lang='lat'><strong>28;</strong></span> <span class='ocrx_word' id='word_1_557' title='bbox 3443 1565 3654 1604; x_wconf 88' lang='lat' dir='ltr'><strong>nume-</strong></span> 
     </span>
    </p>
   </div>
   <div class='ocr_carea' id='block_1_72' title="bbox 2007 1635 3652 1710">
    <p class='ocr_par' dir='ltr' id='par_1_72' title="bbox 2007 1635 3652 1710">
     <span class='ocr_line' id='line_1_74' title="bbox 2007 1635 3652 1710; baseline 0.001 -18"><span class='ocrx_word' id='word_1_558' title='bbox 2007 1653 2110 1693; x_wconf 90' lang='lat' dir='ltr'><strong>rus</strong></span> <span class='ocrx_word' id='word_1_559' title='bbox 2155 1642 2288 1708; x_wconf 89' lang='lat' dir='ltr'><strong>post</strong></span> <span class='ocrx_word' id='word_1_560' title='bbox 2334 1637 2677 1694; x_wconf 85' lang='lat' dir='ltr'><strong>divisionem</strong></span> <span class='ocrx_word' id='word_1_561' title='bbox 2712 1637 3005 1706; x_wconf 88' lang='lat' dir='ltr'><strong>residuus,</strong></span> <span class='ocrx_word' id='word_1_562' title='bbox 3036 1651 3244 1710; x_wconf 87' lang='lat' dir='ltr'><strong>nempe</strong></span> <span class='ocrx_word' id='word_1_563' title='bbox 3287 1635 3652 1704; x_wconf 84' lang='lat' dir='ltr'><strong>undecimus,</strong></span> 
     </span>
    </p>
   </div>
   <div class='ocr_carea' id='block_1_73' title="bbox 2005 1725 2530 1800">
    <p class='ocr_par' dir='ltr' id='par_1_73' title="bbox 2005 1725 2530 1800">
     <span class='ocr_line' id='line_1_75' title="bbox 2005 1725 2530 1800; baseline -0.002 -16"><span class='ocrx_word' id='word_1_564' title='bbox 2005 1727 2116 1784; x_wconf 89' lang='lat' dir='ltr'><strong>erit</strong></span> <span class='ocrx_word' id='word_1_565' title='bbox 2143 1725 2337 1800; x_wconf 81' lang='lat' dir='ltr'><strong>cyclus</strong></span> <span class='ocrx_word' id='word_1_566' title='bbox 2367 1726 2530 1784; x_wconf 89' lang='lat' dir='ltr'><strong>solis.</strong></span> 
     </span>
    </p>
   </div>
   <div class='ocr_carea' id='block_1_74' title="bbox 2661 1837 2990 1896">
    <p class='ocr_par' dir='ltr' id='par_1_74' title="bbox 2661 1837 2990 1896">
     <span class='ocr_line' id='line_1_76' title="bbox 2661 1837 2990 1896; baseline -0.006 -2"><span class='ocrx_word' id='word_1_567' title='bbox 2661 1837 2781 1894; x_wconf 83' lang='lat' dir='ltr'><strong>Alio</strong></span> <span class='ocrx_word' id='word_1_568' title='bbox 2811 1837 2990 1896; x_wconf 84' lang='lat' dir='ltr'><strong>modo.</strong></span> 
     </span>
    </p>
   </div>
   <div class='ocr_carea' id='block_1_75' title="bbox 2078 1926 3652 2017">
    <p class='ocr_par' dir='ltr' id='par_1_75' title="bbox 2078 1926 3652 2017">
     <span class='ocr_line' id='line_1_77' title="bbox 2078 1926 3652 2017; baseline -0.003 -13"><span class='ocrx_word' id='word_1_569' title='bbox 2078 1945 2190 2004; x_wconf 90' lang='lat' dir='ltr'><strong>Sed</strong></span> <span class='ocrx_word' id='word_1_570' title='bbox 2220 1962 2322 2002; x_wconf 94' lang='lat' dir='ltr'><strong>nec</strong></span> <span class='ocrx_word' id='word_1_571' title='bbox 2349 1945 2466 2002; x_wconf 86' lang='lat' dir='ltr'><strong>ista</strong></span> <span class='ocrx_word' id='word_1_572' title='bbox 2497 1945 2806 2004; x_wconf 87' lang='lat' dir='ltr'><strong>methodus</strong></span> <span class='ocrx_word' id='word_1_573' title='bbox 2839 1944 3167 2016; x_wconf 88' lang='lat' dir='ltr'><strong>respuenda</strong></span> <span class='ocrx_word' id='word_1_574' title='bbox 3195 1948 3303 2013; x_wconf 90' lang='lat' dir='ltr'><strong>est,</strong></span> <span class='ocrx_word' id='word_1_575' title='bbox 3338 1961 3452 2017; x_wconf 80' lang='lat' dir='ltr'><strong>qua</strong></span> <span class='ocrx_word' id='word_1_576' title='bbox 3491 1926 3652 2000; x_wconf 71' lang='grc' dir='ltr'>ιῖυιιο</span> 
     </span>
    </p>
   </div>
   <div class='ocr_carea' id='block_1_76' title="bbox 2009 2031 3651 2110">
    <p class='ocr_par' dir='ltr' id='par_1_76' title="bbox 2009 2031 3651 2110">
     <span class='ocr_line' id='line_1_78' title="bbox 2009 2031 3651 2110; baseline -0.002 -18"><span class='ocrx_word' id='word_1_577' title='bbox 2009 2035 2240 2110; x_wconf 81' lang='lat' dir='ltr'><strong>negotio</strong></span> <span class='ocrx_word' id='word_1_578' title='bbox 2273 2035 2577 2106; x_wconf 90' lang='lat' dir='ltr'><strong>utriusque</strong></span> <span class='ocrx_word' id='word_1_579' title='bbox 2603 2033 2918 2090; x_wconf 88' lang='lat' dir='ltr'><strong>luminaris</strong></span> <span class='ocrx_word' id='word_1_580' title='bbox 2948 2032 3176 2106; x_wconf 75' lang='lat' dir='ltr'><strong>cyclum</strong></span> <span class='ocrx_word' id='word_1_581' title='bbox 3199 2047 3418 2105; x_wconf 82' lang='lat' dir='ltr'><strong>captes.</strong></span> <span class='ocrx_word' id='word_1_582' title='bbox 3443 2031 3651 2104; x_wconf 83' lang='lat' dir='ltr'><strong>Cyclus</strong></span> 
     </span>
    </p>
   </div>
   <div class='ocr_carea' id='block_1_77' title="bbox 2007 2123 3650 2198">
    <p class='ocr_par' dir='ltr' id='par_1_77' title="bbox 2007 2123 3650 2198">
     <span class='ocr_line' id='line_1_79' title="bbox 2007 2123 3650 2198; baseline -0.002 -17"><span class='ocrx_word' id='word_1_583' title='bbox 2007 2127 2074 2182; x_wconf 80' lang='grc'>19</span> <span class='ocrx_word' id='word_1_584' title='bbox 2111 2125 2260 2181; x_wconf 76' lang='lat' dir='ltr'><strong>lunae</strong></span> <span class='ocrx_word' id='word_1_585' title='bbox 2289 2130 2347 2181; x_wconf 89' lang='lat' dir='ltr'><strong>et</strong></span> <span class='ocrx_word' id='word_1_586' title='bbox 2375 2125 2571 2198; x_wconf 82' lang='lat' dir='ltr'><strong>cyclus</strong></span> <span class='ocrx_word' id='word_1_587' title='bbox 2598 2125 2667 2179; x_wconf 84' lang='lat'><strong>28</strong></span> <span class='ocrx_word' id='word_1_588' title='bbox 2694 2124 2836 2180; x_wconf 79' lang='lat' dir='ltr'><strong>solis</strong></span> <span class='ocrx_word' id='word_1_589' title='bbox 2867 2124 2928 2179; x_wconf 91' lang='lat' dir='ltr'><strong>in</strong></span> <span class='ocrx_word' id='word_1_590' title='bbox 2965 2141 3028 2180; x_wconf 89' lang='lat' dir='ltr'><strong>se</strong></span> <span class='ocrx_word' id='word_1_591' title='bbox 3067 2125 3312 2180; x_wconf 83' lang='lat' dir='ltr'><strong>invicem</strong></span> <span class='ocrx_word' id='word_1_592' title='bbox 3352 2123 3512 2179; x_wconf 86' lang='lat' dir='ltr'><strong>ducti</strong></span> <span class='ocrx_word' id='word_1_593' title='bbox 3545 2139 3650 2178; x_wconf 82' lang='lat' dir='ltr'><strong>nu-</strong></span> 
     </span>
    </p>
   </div>
   <div class='ocr_carea' id='block_1_78' title="bbox 2007 2211 3648 2286">
    <p class='ocr_par' dir='ltr' id='par_1_78' title="bbox 2007 2211 3648 2286">
     <span class='ocr_line' id='line_1_80' title="bbox 2007 2211 3648 2286; baseline -0.002 -16"><span class='ocrx_word' id='word_1_594' title='bbox 2007 2230 2234 2270; x_wconf 88' lang='lat' dir='ltr'><strong>merum</strong></span> <span class='ocrx_word' id='word_1_595' title='bbox 2265 2215 2374 2269; x_wconf 85' lang='lat'><strong>532</strong></span> <span class='ocrx_word' id='word_1_596' title='bbox 2421 2213 2770 2286; x_wconf 88' lang='lat' dir='ltr'><strong>producunt,</strong></span> <span class='ocrx_word' id='word_1_597' title='bbox 2803 2227 2977 2284; x_wconf 87' lang='lat' dir='ltr'><strong>quem</strong></span> <span class='ocrx_word' id='word_1_598' title='bbox 3023 2211 3290 2268; x_wconf 88' lang='lat' dir='ltr'><strong>nonnulli</strong></span> <span class='ocrx_word' id='word_1_599' title='bbox 3339 2211 3515 2281; x_wconf 86' lang='lat' dir='ltr'><strong>alpha</strong></span> <span class='ocrx_word' id='word_1_600' title='bbox 3544 2228 3648 2284; x_wconf 84' lang='lat' dir='ltr'><strong>ap-</strong></span> 
     </span>
    </p>
   </div>
   <div class='ocr_carea' id='block_1_79' title="bbox 2007 2299 3650 2374">
    <p class='ocr_par' dir='ltr' id='par_1_79' title="bbox 2007 2299 3650 2374">
     <span class='ocr_line' id='line_1_81' title="bbox 2007 2299 3650 2374; baseline -0.001 -16"><span class='ocrx_word' id='word_1_601' title='bbox 2007 2302 2240 2374; x_wconf 84' lang='lat' dir='ltr'><strong>pellant,</strong></span> <span class='ocrx_word' id='word_1_602' title='bbox 2270 2302 2403 2372; x_wconf 82' lang='lat' dir='ltr'><strong>quia</strong></span> <span class='ocrx_word' id='word_1_603' title='bbox 2433 2303 2631 2358; x_wconf 88' lang='lat' dir='ltr'><strong>eadem</strong></span> <span class='ocrx_word' id='word_1_604' title='bbox 2655 2319 2888 2356; x_wconf 87' lang='lat' dir='ltr'><strong>summa</strong></span> <span class='ocrx_word' id='word_1_605' title='bbox 2913 2317 2982 2357; x_wconf 82' lang='lat' dir='ltr'><strong>ex</strong></span> <span class='ocrx_word' id='word_1_606' title='bbox 3011 2301 3180 2357; x_wconf 82' lang='lat' dir='ltr'><strong>istius</strong></span> <span class='ocrx_word' id='word_1_607' title='bbox 3211 2299 3368 2358; x_wconf 90' lang='lat' dir='ltr'><strong>vocis</strong></span> <span class='ocrx_word' id='word_1_608' title='bbox 3399 2300 3650 2356; x_wconf 89' lang='lat' dir='ltr'><strong>elemen-</strong></span> 
     </span>
    </p>
   </div>
   <div class='ocr_carea' id='block_1_80' title="bbox 2007 2389 3648 2461">
    <p class='ocr_par' dir='ltr' id='par_1_80' title="bbox 2007 2389 3648 2461">
     <span class='ocr_line' id='line_1_82' title="bbox 2007 2389 3648 2461; baseline -0.002 -15"><span class='ocrx_word' id='word_1_609' title='bbox 2007 2393 2078 2448; x_wconf 93' lang='lat' dir='ltr'><strong>tis</strong></span> <span class='ocrx_word' id='word_1_610' title='bbox 2106 2391 2412 2448; x_wconf 83' lang='lat' dir='ltr'><strong>conﬂatur.</strong></span> <span class='ocrx_word' id='word_1_611' title='bbox 2445 2390 2586 2446; x_wconf 89' lang='lat' dir='ltr'><strong>Cum</strong></span> <span class='ocrx_word' id='word_1_612' title='bbox 2619 2389 2718 2446; x_wconf 89' lang='lat' dir='ltr'><strong>illo</strong></span> <span class='ocrx_word' id='word_1_613' title='bbox 2750 2389 2929 2461; x_wconf 81' lang='lat' dir='ltr'><strong>igitur</strong></span> <span class='ocrx_word' id='word_1_614' title='bbox 2946 2394 3004 2446; x_wconf 91' lang='lat' dir='ltr'><strong>et</strong></span> <span class='ocrx_word' id='word_1_615' title='bbox 3033 2389 3530 2461; x_wconf 84' lang='lat' dir='ltr'><strong>complementum</strong></span> <span class='ocrx_word' id='word_1_616' title='bbox 3553 2405 3648 2460; x_wconf 63' lang='lat' dir='ltr'><strong>cy.</strong></span> 
     </span>
    </p>
   </div>
   <div class='ocr_carea' id='block_1_81' title="bbox 2005 2477 3648 2552">
    <p class='ocr_par' dir='ltr' id='par_1_81' title="bbox 2005 2477 3648 2552">
     <span class='ocr_line' id='line_1_83' title="bbox 2005 2477 3648 2552; baseline -0.002 -15"><span class='ocrx_word' id='word_1_617' title='bbox 2005 2482 2226 2537; x_wconf 82' lang='lat' dir='ltr'><strong>ciorum</strong></span> <span class='ocrx_word' id='word_1_618' title='bbox 2261 2484 2533 2552; x_wconf 81' lang='lat' dir='ltr'><strong>perpetuo</strong></span> <span class='ocrx_word' id='word_1_619' title='bbox 2581 2479 2910 2546; x_wconf 89' lang='lat' dir='ltr'><strong>concurrit;</strong></span> <span class='ocrx_word' id='word_1_620' title='bbox 2963 2495 3091 2534; x_wconf 78' lang='lat' dir='ltr'><strong>nam</strong></span> <span class='ocrx_word' id='word_1_621' title='bbox 3145 2477 3212 2532; x_wconf 87' lang='grc'><strong>19</strong></span> <span class='ocrx_word' id='word_1_622' title='bbox 3242 2477 3504 2549; x_wconf 78' lang='lat' dir='ltr'><strong>protinus</strong></span> <span class='ocrx_word' id='word_1_623' title='bbox 3555 2477 3648 2533; x_wconf 90' lang='lat' dir='ltr'><strong>lu-</strong></span> 
     </span>
    </p>
   </div>
   <div class='ocr_carea' id='block_1_82' title="bbox 2005 2565 3648 2643">
    <p class='ocr_par' dir='ltr' id='par_1_82' title="bbox 2005 2565 3648 2643">
     <span class='ocr_line' id='line_1_84' title="bbox 2005 2565 3648 2643; baseline -0.002 -17"><span class='ocrx_word' id='word_1_624' title='bbox 2005 2587 2091 2626; x_wconf 72' lang='lat' dir='ltr'><strong>nte</strong></span> <span class='ocrx_word' id='word_1_625' title='bbox 2139 2571 2335 2643; x_wconf 81' lang='lat' dir='ltr'><strong>cyclus</strong></span> <span class='ocrx_word' id='word_1_626' title='bbox 2376 2569 2458 2638; x_wconf 82' lang='lat' dir='ltr'><strong>fit,</strong></span> <span class='ocrx_word' id='word_1_627' title='bbox 2489 2573 2546 2624; x_wconf 92' lang='lat' dir='ltr'><strong>et</strong></span> <span class='ocrx_word' id='word_1_628' title='bbox 2573 2569 2642 2624; x_wconf 82' lang='lat'>28</span> <span class='ocrx_word' id='word_1_629' title='bbox 2689 2567 2886 2641; x_wconf 81' lang='lat' dir='ltr'><strong>cyclus</strong></span> <span class='ocrx_word' id='word_1_630' title='bbox 2932 2567 3092 2624; x_wconf 89' lang='lat' dir='ltr'><strong>solis.</strong></span> <span class='ocrx_word' id='word_1_631' title='bbox 3125 2565 3470 2624; x_wconf 89' lang='lat' dir='ltr'><strong>Dividantur</strong></span> <span class='ocrx_word' id='word_1_632' title='bbox 3517 2567 3648 2623; x_wconf 89' lang='lat' dir='ltr'><strong>ideo</strong></span> 
     </span>
    </p>
   </div>
   <div class='ocr_carea' id='block_1_83' title="bbox 2003 2655 3645 2728">
    <p class='ocr_par' dir='ltr' id='par_1_83' title="bbox 2003 2655 3645 2728">
     <span class='ocr_line' id='line_1_85' title="bbox 2003 2655 3645 2728; baseline -0.003 -12"><span class='ocrx_word' id='word_1_633' title='bbox 2003 2659 2142 2716; x_wconf 88' lang='lat' dir='ltr'><strong>anni</strong></span> <span class='ocrx_word' id='word_1_634' title='bbox 2173 2659 2243 2715; x_wconf 81' lang='lat' dir='ltr'><strong>ab</strong></span> <span class='ocrx_word' id='word_1_635' title='bbox 2273 2659 2411 2714; x_wconf 89' lang='lat' dir='ltr'><strong>orbe</strong></span> <span class='ocrx_word' id='word_1_636' title='bbox 2457 2657 2694 2714; x_wconf 87' lang='lat' dir='ltr'><strong>condito</strong></span> <span class='ocrx_word' id='word_1_637' title='bbox 2743 2673 2846 2728; x_wconf 89' lang='lat' dir='ltr'><strong>per</strong></span> <span class='ocrx_word' id='word_1_638' title='bbox 2887 2656 2996 2712; x_wconf 85' lang='lat'><strong>532</strong></span> <span class='ocrx_word' id='word_1_639' title='bbox 3041 2656 3101 2712; x_wconf 90' lang='lat' dir='ltr'><strong>in</strong></span> <span class='ocrx_word' id='word_1_640' title='bbox 3149 2655 3310 2712; x_wconf 87' lang='lat' dir='ltr'><strong>hunc</strong></span> <span class='ocrx_word' id='word_1_641' title='bbox 3354 2656 3594 2712; x_wconf 88' lang='lat' dir='ltr'><strong>modum</strong></span> <span class='ocrx_word' id='word_1_642' title='bbox 3630 2672 3645 2711; x_wconf 88' lang='lat'><strong>:</strong></span> 
     </span>
    </p>
   </div>
   <div class='ocr_carea' id='block_1_84' title="bbox 2002 2743 3648 2813">
    <p class='ocr_par' dir='ltr' id='par_1_84' title="bbox 2002 2743 3648 2813">
     <span class='ocr_line' id='line_1_86' title="bbox 2002 2743 3648 2813; baseline -0.002 -9"><span class='ocrx_word' id='word_1_643' title='bbox 2002 2748 2306 2804; x_wconf 85' lang='lat' dir='ltr'><strong>duodecim</strong></span> <span class='ocrx_word' id='word_1_644' title='bbox 2367 2747 2542 2802; x_wconf 91' lang='lat' dir='ltr'><strong>ducta</strong></span> <span class='ocrx_word' id='word_1_645' title='bbox 2592 2747 2650 2802; x_wconf 91' lang='lat' dir='ltr'><strong>in</strong></span> <span class='ocrx_word' id='word_1_646' title='bbox 2708 2746 2816 2803; x_wconf 83' lang='lat'><strong>500</strong></span> <span class='ocrx_word' id='word_1_647' title='bbox 2873 2745 3096 2802; x_wconf 80' lang='lat' dir='ltr'><strong>faciunt</strong></span> <span class='ocrx_word' id='word_1_648' title='bbox 3145 2745 3312 2813; x_wconf 88' lang='lat'><strong>6000,</strong></span> <span class='ocrx_word' id='word_1_649' title='bbox 3353 2748 3410 2800; x_wconf 92' lang='lat' dir='ltr'><strong>et</strong></span> <span class='ocrx_word' id='word_1_650' title='bbox 3462 2743 3525 2800; x_wconf 88' lang='lat' dir='ltr'><strong>in</strong></span> <span class='ocrx_word' id='word_1_651' title='bbox 3578 2746 3648 2800; x_wconf 85' lang='lat'><strong>30</strong></span> 
     </span>
    </p>
   </div>
   <div class='ocr_carea' id='block_1_85' title="bbox 2001 2834 3650 2907">
    <p class='ocr_par' dir='ltr' id='par_1_85' title="bbox 2001 2834 3650 2907">
     <span class='ocr_line' id='line_1_87' title="bbox 2001 2834 3650 2907; baseline -0.002 -13"><span class='ocrx_word' id='word_1_652' title='bbox 2001 2837 2126 2902; x_wconf 88' lang='lat'><strong>360,</strong></span> <span class='ocrx_word' id='word_1_653' title='bbox 2159 2841 2218 2893; x_wconf 90' lang='lat' dir='ltr'><strong>et</strong></span> <span class='ocrx_word' id='word_1_654' title='bbox 2274 2839 2341 2891; x_wconf 90' lang='grc'><strong>12</strong></span> <span class='ocrx_word' id='word_1_655' title='bbox 2406 2836 2466 2891; x_wconf 90' lang='lat' dir='ltr'><strong>in</strong></span> <span class='ocrx_word' id='word_1_656' title='bbox 2521 2837 2558 2890; x_wconf 90' lang='lat'><strong><em>2</em></strong></span> <span class='ocrx_word' id='word_1_657' title='bbox 2613 2837 2703 2892; x_wconf 81' lang='grc'><strong>24.</strong></span> <span class='ocrx_word' id='word_1_658' title='bbox 2763 2835 2845 2890; x_wconf 84' lang='lat' dir='ltr'><strong>Ex</strong></span> <span class='ocrx_word' id='word_1_659' title='bbox 2901 2835 3120 2907; x_wconf 89' lang='lat' dir='ltr'><strong>quibus</strong></span> <span class='ocrx_word' id='word_1_660' title='bbox 3176 2834 3354 2890; x_wconf 82' lang='lat' dir='ltr'><strong>conﬁt</strong></span> <span class='ocrx_word' id='word_1_661' title='bbox 3417 2849 3650 2890; x_wconf 82' lang='lat' dir='ltr'><strong>summa</strong></span> 
     </span>
    </p>
   </div>
   <div class='ocr_carea' id='block_1_86' title="bbox 2001 2922 3648 2998">
    <p class='ocr_par' dir='ltr' id='par_1_86' title="bbox 2001 2922 3648 2998">
     <span class='ocr_line' id='line_1_88' title="bbox 2001 2922 3648 2998; baseline -0.002 -15"><span class='ocrx_word' id='word_1_662' title='bbox 2001 2927 2162 2984; x_wconf 80' lang='grc'>6384.</span> <span class='ocrx_word' id='word_1_663' title='bbox 2204 2927 2457 2982; x_wconf 84' lang='lat' dir='ltr'><strong>Residua</strong></span> <span class='ocrx_word' id='word_1_664' title='bbox 2503 2929 2636 2998; x_wconf 90' lang='lat' dir='ltr'><strong>post</strong></span> <span class='ocrx_word' id='word_1_665' title='bbox 2685 2924 3026 2982; x_wconf 86' lang='lat' dir='ltr'><strong>divisionem</strong></span> <span class='ocrx_word' id='word_1_666' title='bbox 3069 2927 3206 2980; x_wconf 89' lang='lat' dir='ltr'><strong>sunt</strong></span> <span class='ocrx_word' id='word_1_667' title='bbox 3251 2923 3378 2980; x_wconf 73' lang='grc'>461.</span> <span class='ocrx_word' id='word_1_668' title='bbox 3425 2922 3558 2978; x_wconf 88' lang='lat' dir='ltr'><strong>Jam</strong></span> <span class='ocrx_word' id='word_1_669' title='bbox 3595 2924 3648 2980; x_wconf 86' lang='lat' dir='ltr'><strong>si</strong></span> 
     </span>
    </p>
   </div>
   <div class='ocr_carea' id='block_1_87' title="bbox 2001 3009 3646 3088">
    <p class='ocr_par' dir='ltr' id='par_1_87' title="bbox 2001 3009 3646 3088">
     <span class='ocr_line' id='line_1_89' title="bbox 2001 3009 3646 3088; baseline -0.004 -15"><span class='ocrx_word' id='word_1_670' title='bbox 2001 3017 2208 3088; x_wconf 86' lang='lat' dir='ltr'><strong>cupias</strong></span> <span class='ocrx_word' id='word_1_671' title='bbox 2263 3031 2365 3086; x_wconf 89' lang='lat' dir='ltr'><strong>pro</strong></span> <span class='ocrx_word' id='word_1_672' title='bbox 2428 3015 2694 3086; x_wconf 66' lang='lat' dir='ltr'><strong>praesenti</strong></span> <span class='ocrx_word' id='word_1_673' title='bbox 2751 3030 2904 3070; x_wconf 87' lang='lat' dir='ltr'><strong>anno</strong></span> <span class='ocrx_word' id='word_1_674' title='bbox 2978 3013 3122 3070; x_wconf 77' lang='grc'>6745</span> <span class='ocrx_word' id='word_1_675' title='bbox 3193 3011 3346 3068; x_wconf 71' lang='lat' dir='ltr'><strong>lunas</strong></span> <span class='ocrx_word' id='word_1_676' title='bbox 3420 3009 3646 3084; x_wconf 84' lang='lat' dir='ltr'><strong>cyclum</strong></span> 
     </span>
    </p>
   </div>
   <div class='ocr_carea' id='block_1_88' title="bbox 2001 3101 3649 3175">
    <p class='ocr_par' dir='ltr' id='par_1_88' title="bbox 2001 3101 3649 3175">
     <span class='ocr_line' id='line_1_90' title="bbox 2001 3101 3649 3175; baseline -0.002 -14"><span class='ocrx_word' id='word_1_677' title='bbox 2001 3105 2352 3170; x_wconf 86' lang='lat' dir='ltr'><strong>adinvenire,</strong></span> <span class='ocrx_word' id='word_1_678' title='bbox 2381 3105 2575 3161; x_wconf 84' lang='lat' dir='ltr'><strong>divide</strong></span> <span class='ocrx_word' id='word_1_679' title='bbox 2604 3105 2701 3160; x_wconf 78' lang='grc'><strong>461</strong></span> <span class='ocrx_word' id='word_1_680' title='bbox 2741 3121 2840 3175; x_wconf 90' lang='lat' dir='ltr'><strong>per</strong></span> <span class='ocrx_word' id='word_1_681' title='bbox 2874 3104 2939 3159; x_wconf 86' lang='grc'>19</span> <span class='ocrx_word' id='word_1_682' title='bbox 2973 3105 3033 3160; x_wconf 89' lang='lat' dir='ltr'><strong>in</strong></span> <span class='ocrx_word' id='word_1_683' title='bbox 3074 3103 3226 3158; x_wconf 86' lang='lat' dir='ltr'><strong>hunc</strong></span> <span class='ocrx_word' id='word_1_684' title='bbox 3273 3101 3510 3158; x_wconf 87' lang='lat' dir='ltr'><strong>modum</strong></span> <span class='ocrx_word' id='word_1_685' title='bbox 3535 3115 3552 3170; x_wconf 88' lang='lat'><strong>;</strong></span> <span class='ocrx_word' id='word_1_686' title='bbox 3576 3103 3649 3158; x_wconf 86' lang='lat'><strong>20</strong></span> 
     </span>
    </p>
   </div>
   <div class='ocr_carea' id='block_1_89' title="bbox 2003 3191 3648 3264">
    <p class='ocr_par' dir='ltr' id='par_1_89' title="bbox 2003 3191 3648 3264">
     <span class='ocr_line' id='line_1_91' title="bbox 2003 3191 3648 3264; baseline 0 -16"><span class='ocrx_word' id='word_1_687' title='bbox 2003 3197 2170 3249; x_wconf 82' lang='lat' dir='ltr'><strong>ducta</strong></span> <span class='ocrx_word' id='word_1_688' title='bbox 2189 3197 2250 3250; x_wconf 87' lang='lat' dir='ltr'><strong>in</strong></span> <span class='ocrx_word' id='word_1_689' title='bbox 2283 3195 2350 3249; x_wconf 91' lang='grc'><strong>10</strong></span> <span class='ocrx_word' id='word_1_690' title='bbox 2381 3193 2714 3264; x_wconf 88' lang='lat' dir='ltr'><strong>producunt</strong></span> <span class='ocrx_word' id='word_1_691' title='bbox 2741 3193 2846 3248; x_wconf 85' lang='lat'><strong>200</strong></span> <span class='ocrx_word' id='word_1_692' title='bbox 2876 3197 2936 3248; x_wconf 90' lang='lat' dir='ltr'><strong>et</strong></span> <span class='ocrx_word' id='word_1_693' title='bbox 2961 3193 3036 3248; x_wconf 93' lang='lat'><strong>30</strong></span> <span class='ocrx_word' id='word_1_694' title='bbox 3064 3192 3124 3248; x_wconf 88' lang='lat' dir='ltr'><strong>in</strong></span> <span class='ocrx_word' id='word_1_695' title='bbox 3151 3191 3188 3246; x_wconf 85' lang='lat'>9</span> <span class='ocrx_word' id='word_1_696' title='bbox 3219 3191 3358 3260; x_wconf 76' lang='lat'><strong>180;</strong></span> <span class='ocrx_word' id='word_1_697' title='bbox 3390 3191 3648 3262; x_wconf 77' lang='lat' dir='ltr'><strong>itemque</strong></span> 
     </span>
    </p>
   </div>
   <div class='ocr_carea' id='block_1_90' title="bbox 1999 3279 3643 3352">
    <p class='ocr_par' dir='ltr' id='par_1_90' title="bbox 1999 3279 3643 3352">
     <span class='ocr_line' id='line_1_92' title="bbox 1999 3279 3643 3352; baseline -0.004 -14"><span class='ocrx_word' id='word_1_698' title='bbox 1999 3284 2031 3338; x_wconf 82' lang='grc'><strong>4</strong></span> <span class='ocrx_word' id='word_1_699' title='bbox 2087 3283 2144 3338; x_wconf 88' lang='lat' dir='ltr'><strong>in</strong></span> <span class='ocrx_word' id='word_1_700' title='bbox 2207 3283 2274 3338; x_wconf 90' lang='grc'><strong>10</strong></span> <span class='ocrx_word' id='word_1_701' title='bbox 2331 3283 2418 3352; x_wconf 88' lang='grc'><strong>40,</strong></span> <span class='ocrx_word' id='word_1_702' title='bbox 2451 3287 2510 3338; x_wconf 91' lang='lat' dir='ltr'><strong>et</strong></span> <span class='ocrx_word' id='word_1_703' title='bbox 2571 3283 2603 3338; x_wconf 88' lang='grc'><strong>4</strong></span> <span class='ocrx_word' id='word_1_704' title='bbox 2661 3283 2717 3338; x_wconf 87' lang='lat' dir='ltr'><strong>in</strong></span> <span class='ocrx_word' id='word_1_705' title='bbox 2771 3282 2806 3336; x_wconf 89' lang='lat'><strong>9</strong></span> <span class='ocrx_word' id='word_1_706' title='bbox 2861 3281 2952 3338; x_wconf 84' lang='lat'><strong>36.</strong></span> <span class='ocrx_word' id='word_1_707' title='bbox 2987 3281 3104 3338; x_wconf 86' lang='lat' dir='ltr'><strong>Hoc</strong></span> <span class='ocrx_word' id='word_1_708' title='bbox 3151 3284 3260 3348; x_wconf 85' lang='lat' dir='ltr'><strong>est,</strong></span> <span class='ocrx_word' id='word_1_709' title='bbox 3292 3279 3471 3337; x_wconf 89' lang='lat' dir='ltr'><strong>simul</strong></span> <span class='ocrx_word' id='word_1_710' title='bbox 3517 3280 3643 3336; x_wconf 81' lang='grc'>456.</span> 
     </span>
    </p>
   </div>
   <div class='ocr_carea' id='block_1_91' title="bbox 2004 3368 3648 3442">
    <p class='ocr_par' dir='ltr' id='par_1_91' title="bbox 2004 3368 3648 3442">
     <span class='ocr_line' id='line_1_93' title="bbox 2004 3368 3648 3442; baseline -0.002 -14"><span class='ocrx_word' id='word_1_711' title='bbox 2004 3372 2250 3428; x_wconf 82' lang='lat' dir='ltr'><strong>Rcsidua</strong></span> <span class='ocrx_word' id='word_1_712' title='bbox 2289 3377 2421 3442; x_wconf 88' lang='lat' dir='ltr'><strong>post</strong></span> <span class='ocrx_word' id='word_1_713' title='bbox 2467 3371 2834 3438; x_wconf 85' lang='lat' dir='ltr'><strong>divisionem,</strong></span> <span class='ocrx_word' id='word_1_714' title='bbox 2886 3370 3168 3426; x_wconf 88' lang='lat' dir='ltr'><strong>nimirum</strong></span> <span class='ocrx_word' id='word_1_715' title='bbox 3218 3371 3274 3440; x_wconf 88' lang='grc'>5,</span> <span class='ocrx_word' id='word_1_716' title='bbox 3307 3372 3448 3426; x_wconf 87' lang='lat' dir='ltr'><strong>sunt</strong></span> <span class='ocrx_word' id='word_1_717' title='bbox 3492 3368 3648 3424; x_wconf 73' lang='lat' dir='ltr'><strong>lunas</strong></span> 
     </span>
    </p>
   </div>
   <div class='ocr_carea' id='block_1_92' title="bbox 1999 3457 3648 3532">
    <p class='ocr_par' dir='ltr' id='par_1_92' title="bbox 1999 3457 3648 3532">
     <span class='ocr_line' id='line_1_94' title="bbox 1999 3457 3648 3532; baseline -0.004 -14"><span class='ocrx_word' id='word_1_718' title='bbox 1999 3462 2214 3532; x_wconf 81' lang='lat' dir='ltr'><strong>cyclns.</strong></span> <span class='ocrx_word' id='word_1_719' title='bbox 2239 3459 2475 3530; x_wconf 76' lang='lat' dir='ltr'><strong>Cyclum</strong></span> <span class='ocrx_word' id='word_1_720' title='bbox 2499 3465 2692 3515; x_wconf 88' lang='lat' dir='ltr'><strong>autem</strong></span> <span class='ocrx_word' id='word_1_721' title='bbox 2721 3458 2864 3516; x_wconf 90' lang='lat' dir='ltr'><strong>solis</strong></span> <span class='ocrx_word' id='word_1_722' title='bbox 2887 3459 2994 3515; x_wconf 87' lang='lat' dir='ltr'><strong>hoc</strong></span> <span class='ocrx_word' id='word_1_723' title='bbox 3016 3458 3187 3514; x_wconf 88' lang='lat' dir='ltr'><strong>modo</strong></span> <span class='ocrx_word' id='word_1_724' title='bbox 3209 3457 3514 3532; x_wconf 84' lang='lat' dir='ltr'><strong>indagabis</strong></span> <span class='ocrx_word' id='word_1_725' title='bbox 3539 3475 3552 3514; x_wconf 90' lang='lat'><strong>:</strong></span> <span class='ocrx_word' id='word_1_726' title='bbox 3581 3458 3648 3513; x_wconf 92' lang='grc'><strong>10</strong></span> 
     </span>
    </p>
   </div>
   <div class='ocr_carea' id='block_1_93' title="bbox 1998 3547 3642 3620">
    <p class='ocr_par' dir='ltr' id='par_1_93' title="bbox 1998 3547 3642 3620">
     <span class='ocr_line' id='line_1_95' title="bbox 1998 3547 3642 3620; baseline -0.001 -17"><span class='ocrx_word' id='word_1_727' title='bbox 1998 3549 2054 3603; x_wconf 90' lang='lat' dir='ltr'><strong>in</strong></span> <span class='ocrx_word' id='word_1_728' title='bbox 2080 3551 2149 3604; x_wconf 81' lang='lat'><strong>20</strong></span> <span class='ocrx_word' id='word_1_729' title='bbox 2171 3549 2430 3604; x_wconf 66' lang='lat' dir='ltr'><strong>efﬁciunt</strong></span> <span class='ocrx_word' id='word_1_730' title='bbox 2459 3548 2584 3614; x_wconf 82' lang='lat'><strong>200,</strong></span> <span class='ocrx_word' id='word_1_731' title='bbox 2607 3549 2664 3603; x_wconf 88' lang='lat' dir='ltr'><strong>in</strong></span> <span class='ocrx_word' id='word_1_732' title='bbox 2694 3547 3027 3620; x_wconf 85' lang='lat' dir='ltr'><strong>880,atque</strong></span> <span class='ocrx_word' id='word_1_733' title='bbox 3055 3549 3090 3601; x_wconf 83' lang='lat'>6</span> <span class='ocrx_word' id='word_1_734' title='bbox 3120 3548 3179 3603; x_wconf 90' lang='lat' dir='ltr'><strong>in</strong></span> <span class='ocrx_word' id='word_1_735' title='bbox 3209 3548 3244 3602; x_wconf 93' lang='lat'><strong>8</strong></span> <span class='ocrx_word' id='word_1_736' title='bbox 3265 3547 3353 3603; x_wconf 83' lang='grc'><strong>48.</strong></span> <span class='ocrx_word' id='word_1_737' title='bbox 3385 3549 3642 3613; x_wconf 90' lang='lat' dir='ltr'><strong>Quorum</strong></span> 
     </span>
    </p>
   </div>
   <div class='ocr_carea' id='block_1_94' title="bbox 1999 3634 3646 3710">
    <p class='ocr_par' dir='ltr' id='par_1_94' title="bbox 1999 3634 3646 3710">
     <span class='ocr_line' id='line_1_96' title="bbox 1999 3634 3646 3710; baseline -0.001 -16"><span class='ocrx_word' id='word_1_738' title='bbox 1999 3656 2232 3694; x_wconf 82' lang='lat' dir='ltr'><strong>summa</strong></span> <span class='ocrx_word' id='word_1_739' title='bbox 2263 3639 2384 3696; x_wconf 80' lang='grc'>448.</span> <span class='ocrx_word' id='word_1_740' title='bbox 2420 3637 2673 3694; x_wconf 79' lang='lat' dir='ltr'><strong>Residua</strong></span> <span class='ocrx_word' id='word_1_741' title='bbox 2716 3651 2852 3694; x_wconf 79' lang='lat' dir='ltr'><strong>vero</strong></span> <span class='ocrx_word' id='word_1_742' title='bbox 2885 3637 2951 3693; x_wconf 91' lang='grc'>13</span> <span class='ocrx_word' id='word_1_743' title='bbox 2997 3634 3227 3710; x_wconf 88' lang='lat' dir='ltr'><strong>cyclum</strong></span> <span class='ocrx_word' id='word_1_744' title='bbox 3277 3635 3420 3693; x_wconf 89' lang='lat' dir='ltr'><strong>solis</strong></span> <span class='ocrx_word' id='word_1_745' title='bbox 3447 3651 3646 3692; x_wconf 89' lang='lat' dir='ltr'><strong>mons-</strong></span> 
     </span>
    </p>
   </div>
   <div class='ocr_carea' id='block_1_95' title="bbox 2000 3734 2178 3785">
    <p class='ocr_par' dir='ltr' id='par_1_95' title="bbox 2000 3734 2178 3785">
     <span class='ocr_line' id='line_1_97' title="bbox 2000 3734 2178 3785; baseline -0.011 -1"><span class='ocrx_word' id='word_1_746' title='bbox 2000 3734 2178 3785; x_wconf 86' lang='lat' dir='ltr'><strong>trant.</strong></span> 
     </span>
    </p>
   </div>
   <div class='ocr_carea' id='block_1_96' title="bbox 2381 3937 3257 4008">
    <p class='ocr_par' dir='ltr' id='par_1_96' title="bbox 2381 3937 3257 4008">
     <span class='ocr_line' id='line_1_98' title="bbox 2381 3937 3257 4008; baseline -0.003 -13"><span class='ocrx_word' id='word_1_747' title='bbox 2381 3937 2654 4008; x_wconf 83' lang='lat' dir='ltr'><strong>Quomodo</strong></span> <span class='ocrx_word' id='word_1_748' title='bbox 2694 3937 2979 3994; x_wconf 73' lang='lat' dir='ltr'><strong>invenitur</strong></span> <span class='ocrx_word' id='word_1_749' title='bbox 3009 3937 3257 3994; x_wconf 68' lang='lat' dir='ltr'><strong>iudidio.</strong></span> 
     </span>
    </p>
   </div>
   <div class='ocr_carea' id='block_1_97' title="bbox 2071 4045 3642 4117">
    <p class='ocr_par' dir='ltr' id='par_1_97' title="bbox 2071 4045 3642 4117">
     <span class='ocr_line' id='line_1_99' title="bbox 2071 4045 3642 4117; baseline 0 -17"><span class='ocrx_word' id='word_1_750' title='bbox 2071 4051 2178 4103; x_wconf 78' lang='lat' dir='ltr'><strong>Pro</strong></span> <span class='ocrx_word' id='word_1_751' title='bbox 2211 4046 2524 4102; x_wconf 86' lang='lat' dir='ltr'><strong>indictione</strong></span> <span class='ocrx_word' id='word_1_752' title='bbox 2571 4045 2745 4102; x_wconf 84' lang='lat' dir='ltr'><strong>etiam</strong></span> <span class='ocrx_word' id='word_1_753' title='bbox 2792 4045 3082 4107; x_wconf 85' lang='lat' dir='ltr'><strong>captanda</strong></span> <span class='ocrx_word' id='word_1_754' title='bbox 3132 4045 3238 4101; x_wconf 85' lang='lat' dir='ltr'><strong>hoc</strong></span> <span class='ocrx_word' id='word_1_755' title='bbox 3285 4045 3455 4100; x_wconf 89' lang='lat' dir='ltr'><strong>modo</strong></span> <span class='ocrx_word' id='word_1_756' title='bbox 3502 4061 3642 4117; x_wconf 86' lang='lat' dir='ltr'><strong>cpe-</strong></span> 
     </span>
    </p>
   </div>
   <div class='ocr_carea' id='block_1_98' title="bbox 1997 4133 3644 4203">
    <p class='ocr_par' dir='ltr' id='par_1_98' title="bbox 1997 4133 3644 4203">
     <span class='ocr_line' id='line_1_100' title="bbox 1997 4133 3644 4203; baseline -0.001 -11"><span class='ocrx_word' id='word_1_757' title='bbox 1997 4153 2140 4192; x_wconf 80' lang='lat' dir='ltr'><strong>rare.</strong></span> <span class='ocrx_word' id='word_1_758' title='bbox 2177 4143 2374 4191; x_wconf 80' lang='lat' dir='ltr'><strong>Annos</strong></span> <span class='ocrx_word' id='word_1_759' title='bbox 2403 4135 2476 4190; x_wconf 80' lang='lat' dir='ltr'><strong>sb</strong></span> <span class='ocrx_word' id='word_1_760' title='bbox 2507 4135 2646 4190; x_wconf 90' lang='lat' dir='ltr'><strong>orbe</strong></span> <span class='ocrx_word' id='word_1_761' title='bbox 2682 4135 2920 4190; x_wconf 83' lang='lat' dir='ltr'><strong>condito</strong></span> <span class='ocrx_word' id='word_1_762' title='bbox 2951 4133 3145 4189; x_wconf 88' lang='lat' dir='ltr'><strong>divide</strong></span> <span class='ocrx_word' id='word_1_763' title='bbox 3186 4150 3286 4203; x_wconf 89' lang='lat' dir='ltr'><strong>per</strong></span> <span class='ocrx_word' id='word_1_764' title='bbox 3323 4134 3412 4200; x_wconf 87' lang='grc'><strong>15,</strong></span> <span class='ocrx_word' id='word_1_765' title='bbox 3442 4139 3502 4189; x_wconf 90' lang='lat' dir='ltr'><strong>et</strong></span> <span class='ocrx_word' id='word_1_766' title='bbox 3531 4151 3644 4190; x_wconf 85' lang='lat' dir='ltr'><strong>an-</strong></span> 
     </span>
    </p>
   </div>
   <div class='ocr_carea' id='block_1_99' title="bbox 1996 4223 3639 4294">
    <p class='ocr_par' dir='ltr' id='par_1_99' title="bbox 1996 4223 3639 4294">
     <span class='ocr_line' id='line_1_101' title="bbox 1996 4223 3639 4294; baseline -0.001 -12"><span class='ocrx_word' id='word_1_767' title='bbox 1996 4243 2101 4284; x_wconf 89' lang='lat' dir='ltr'><strong>nos</strong></span> <span class='ocrx_word' id='word_1_768' title='bbox 2139 4227 2397 4282; x_wconf 86' lang='lat' dir='ltr'><strong>minores</strong></span> <span class='ocrx_word' id='word_1_769' title='bbox 2425 4225 2639 4280; x_wconf 84' lang='lat' dir='ltr'><strong>additis</strong></span> <span class='ocrx_word' id='word_1_770' title='bbox 2669 4225 2928 4294; x_wconf 89' lang='lat' dir='ltr'><strong>quinque</strong></span> <span class='ocrx_word' id='word_1_771' title='bbox 2960 4238 3162 4278; x_wconf 85' lang='lat' dir='ltr'><strong>rursus</strong></span> <span class='ocrx_word' id='word_1_772' title='bbox 3192 4223 3401 4293; x_wconf 87' lang='lat' dir='ltr'><strong>partire</strong></span> <span class='ocrx_word' id='word_1_773' title='bbox 3425 4239 3523 4293; x_wconf 89' lang='lat' dir='ltr'><strong>per</strong></span> <span class='ocrx_word' id='word_1_774' title='bbox 3553 4225 3639 4280; x_wconf 88' lang='grc'><strong>15.</strong></span> 
     </span>
    </p>
   </div>
   <div class='ocr_carea' id='block_1_100' title="bbox 1997 4313 3644 4386">
    <p class='ocr_par' dir='ltr' id='par_1_100' title="bbox 1997 4313 3644 4386">
     <span class='ocr_line' id='line_1_102' title="bbox 1997 4313 3644 4386; baseline -0.001 -12"><span class='ocrx_word' id='word_1_775' title='bbox 1997 4319 2110 4374; x_wconf 84' lang='lat' dir='ltr'><strong>Etsi</strong></span> <span class='ocrx_word' id='word_1_776' title='bbox 2143 4317 2296 4374; x_wconf 88' lang='lat' dir='ltr'><strong>enim</strong></span> <span class='ocrx_word' id='word_1_777' title='bbox 2329 4317 2478 4386; x_wconf 84' lang='lat' dir='ltr'><strong>apud</strong></span> <span class='ocrx_word' id='word_1_778' title='bbox 2516 4317 2828 4383; x_wconf 79' lang='lat' dir='ltr'><strong>Romanos,</strong></span> <span class='ocrx_word' id='word_1_779' title='bbox 2851 4313 2952 4386; x_wconf 88' lang='lat' dir='ltr'><strong>qui</strong></span> <span class='ocrx_word' id='word_1_780' title='bbox 2981 4313 3250 4386; x_wconf 85' lang='lat' dir='ltr'><strong>gentllem</strong></span> <span class='ocrx_word' id='word_1_781' title='bbox 3283 4315 3644 4386; x_wconf 86' lang='lat' dir='ltr'><strong>superstitio-</strong></span> 
     </span>
    </p>
   </div>
   <div class='ocr_carea' id='block_1_101' title="bbox 1995 4400 3638 4478">
    <p class='ocr_par' dir='ltr' id='par_1_101' title="bbox 1995 4400 3638 4478">
     <span class='ocr_line' id='line_1_103' title="bbox 1995 4400 3638 4478; baseline -0.004 -15"><span class='ocrx_word' id='word_1_782' title='bbox 1995 4424 2126 4463; x_wconf 89' lang='lat' dir='ltr'><strong>nem</strong></span> <span class='ocrx_word' id='word_1_783' title='bbox 2159 4407 2484 4478; x_wconf 78' lang='lat' dir='ltr'><strong>sapiebant,</strong></span> <span class='ocrx_word' id='word_1_784' title='bbox 2515 4406 2769 4461; x_wconf 86' lang='lat' dir='ltr'><strong>obtinuit</strong></span> <span class='ocrx_word' id='word_1_785' title='bbox 2808 4403 3144 4460; x_wconf 87' lang='lat' dir='ltr'><strong>indictionis</strong></span> <span class='ocrx_word' id='word_1_786' title='bbox 3185 4408 3243 4459; x_wconf 88' lang='lat' dir='ltr'><strong>et</strong></span> <span class='ocrx_word' id='word_1_787' title='bbox 3283 4400 3638 4474; x_wconf 80' lang='grc' dir='ltr'>ἒπινεμέσεως</span> 
     </span>
    </p>
   </div>
   <div class='ocr_carea' id='block_1_102' title="bbox 1995 4490 3638 4568">
    <p class='ocr_par' dir='ltr' id='par_1_102' title="bbox 1995 4490 3638 4568">
     <span class='ocr_line' id='line_1_104' title="bbox 1995 4490 3638 4568; baseline -0.004 -16"><span class='ocrx_word' id='word_1_788' title='bbox 1995 4496 2164 4564; x_wconf 87' lang='lat' dir='ltr'><strong>ritus,</strong></span> <span class='ocrx_word' id='word_1_789' title='bbox 2197 4497 2474 4568; x_wconf 88' lang='lat' dir='ltr'><strong>quoniam</strong></span> <span class='ocrx_word' id='word_1_790' title='bbox 2502 4495 2667 4566; x_wconf 82' lang='lat' dir='ltr'><strong>juxta</strong></span> <span class='ocrx_word' id='word_1_791' title='bbox 2697 4493 2760 4549; x_wconf 83' lang='lat' dir='ltr'><strong>id</strong></span> <span class='ocrx_word' id='word_1_792' title='bbox 2790 4493 3066 4563; x_wconf 90' lang='lat' dir='ltr'><strong>tempori</strong></span> <span class='ocrx_word' id='word_1_793' title='bbox 3097 4490 3467 4548; x_wconf 82' lang='lat' dir='ltr'><strong>intervallum</strong></span> <span class='ocrx_word' id='word_1_794' title='bbox 3496 4491 3638 4548; x_wconf 87' lang='lat' dir='ltr'><strong>insi-</strong></span> 
     </span>
    </p>
   </div>
   <div class='ocr_carea' id='block_1_103' title="bbox 1994 4577 3642 4655">
    <p class='ocr_par' dir='ltr' id='par_1_103' title="bbox 1994 4577 3642 4655">
     <span class='ocr_line' id='line_1_105' title="bbox 1994 4577 3642 4655; baseline -0.001 -22"><span class='ocrx_word' id='word_1_795' title='bbox 1994 4582 2182 4655; x_wconf 82' lang='lat' dir='ltr'><strong>gniter</strong></span> <span class='ocrx_word' id='word_1_796' title='bbox 2235 4581 2628 4637; x_wconf 86' lang='lat' dir='ltr'><strong>immutantur</strong></span> <span class='ocrx_word' id='word_1_797' title='bbox 2683 4579 2988 4634; x_wconf 87' lang='lat' dir='ltr'><strong>hominum</strong></span> <span class='ocrx_word' id='word_1_798' title='bbox 3039 4582 3257 4646; x_wconf 62' lang='lat' dir='ltr'><strong>aetates,</strong></span> <span class='ocrx_word' id='word_1_799' title='bbox 3305 4577 3642 4634; x_wconf 75' lang='lat' dir='ltr'><strong>nesciebant</strong></span> 
     </span>
    </p>
   </div>
   <div class='ocr_carea' id='block_1_104' title="bbox 1993 4667 3636 4742">
    <p class='ocr_par' dir='ltr' id='par_1_104' title="bbox 1993 4667 3636 4742">
     <span class='ocr_line' id='line_1_106' title="bbox 1993 4667 3636 4742; baseline -0.004 -13"><span class='ocrx_word' id='word_1_800' title='bbox 1993 4676 2183 4729; x_wconf 70' lang='lat' dir='ltr'><strong>tamen</strong></span> <span class='ocrx_word' id='word_1_801' title='bbox 2217 4671 2327 4742; x_wconf 88' lang='lat' dir='ltr'><strong>ipsi</strong></span> <span class='ocrx_word' id='word_1_802' title='bbox 2377 4677 2558 4726; x_wconf 86' lang='lat' dir='ltr'><strong>semet</strong></span> <span class='ocrx_word' id='word_1_803' title='bbox 2585 4669 2654 4724; x_wconf 85' lang='lat' dir='ltr'><strong>ad</strong></span> <span class='ocrx_word' id='word_1_804' title='bbox 2704 4668 3002 4726; x_wconf 80' lang='lat' dir='ltr'><strong>veritatem</strong></span> <span class='ocrx_word' id='word_1_805' title='bbox 3045 4667 3336 4733; x_wconf 85' lang='lat' dir='ltr'><strong>accedere,</strong></span> <span class='ocrx_word' id='word_1_806' title='bbox 3363 4671 3422 4723; x_wconf 90' lang='lat' dir='ltr'><strong>et</strong></span> <span class='ocrx_word' id='word_1_807' title='bbox 3447 4667 3636 4738; x_wconf 86' lang='lat' dir='ltr'><strong>quoad</strong></span> 
     </span>
    </p>
   </div>
   <div class='ocr_carea' id='block_1_105' title="bbox 1995 4757 3637 4827">
    <p class='ocr_par' dir='ltr' id='par_1_105' title="bbox 1995 4757 3637 4827">
     <span class='ocr_line' id='line_1_107' title="bbox 1995 4757 3637 4827; baseline -0.004 -9"><span class='ocrx_word' id='word_1_808' title='bbox 1995 4777 2180 4820; x_wconf 79' lang='lat' dir='ltr'><strong>annos</strong></span> <span class='ocrx_word' id='word_1_809' title='bbox 2231 4762 2304 4817; x_wconf 91' lang='lat' dir='ltr'><strong>ab</strong></span> <span class='ocrx_word' id='word_1_810' title='bbox 2329 4759 2468 4816; x_wconf 90' lang='lat' dir='ltr'><strong>orbe</strong></span> <span class='ocrx_word' id='word_1_811' title='bbox 2496 4758 2726 4815; x_wconf 88' lang='lat' dir='ltr'><strong>condito</strong></span> <span class='ocrx_word' id='word_1_812' title='bbox 2771 4772 2905 4814; x_wconf 88' lang='lat' dir='ltr'><strong>cum</strong></span> <span class='ocrx_word' id='word_1_813' title='bbox 2957 4773 3166 4827; x_wconf 85' lang='lat' dir='ltr'><strong>magno</strong></span> <span class='ocrx_word' id='word_1_814' title='bbox 3195 4757 3352 4813; x_wconf 74' lang='lat' dir='ltr'><strong>Moss</strong></span> <span class='ocrx_word' id='word_1_815' title='bbox 3393 4770 3637 4813; x_wconf 87' lang='lat' dir='ltr'><strong>consen-</strong></span> 
     </span>
    </p>
   </div>
   <div class='ocr_carea' id='block_1_106' title="bbox 1995 4851 2122 4908">
    <p class='ocr_par' dir='ltr' id='par_1_106' title="bbox 1995 4851 2122 4908">
     <span class='ocr_line' id='line_1_108' title="bbox 1995 4851 2122 4908; baseline 0 -2"><span class='ocrx_word' id='word_1_816' title='bbox 1995 4851 2122 4908; x_wconf 81' lang='lat' dir='ltr'><strong>tiro.</strong></span> 
     </span>
    </p>
   </div>
   <div class='ocr_carea' id='block_1_107' title="bbox 2295 4957 3338 5034">
    <p class='ocr_par' dir='ltr' id='par_1_107' title="bbox 2295 4957 3338 5034">
     <span class='ocr_line' id='line_1_109' title="bbox 2295 4957 3338 5034; baseline -0.005 -14"><span class='ocrx_word' id='word_1_817' title='bbox 2295 4963 2568 5034; x_wconf 84' lang='lat' dir='ltr'><strong>Quomodo</strong></span> <span class='ocrx_word' id='word_1_818' title='bbox 2597 4962 2875 5034; x_wconf 78' lang='lat' dir='ltr'><strong>reperitur</strong></span> <span class='ocrx_word' id='word_1_819' title='bbox 2901 4959 3114 5016; x_wconf 85' lang='lat' dir='ltr'><strong>Pascha</strong></span> <span class='ocrx_word' id='word_1_820' title='bbox 3143 4957 3338 5030; x_wconf 73' lang='lat' dir='ltr'><strong>legale.</strong></span> 
     </span>
    </p>
   </div>
   <div class='ocr_carea' id='block_1_108' title="bbox 2068 5064 3634 5146">
    <p class='ocr_par' dir='ltr' id='par_1_108' title="bbox 2068 5064 3634 5146">
     <span class='ocr_line' id='line_1_110' title="bbox 2068 5064 3634 5146; baseline -0.006 -17"><span class='ocrx_word' id='word_1_821' title='bbox 2068 5073 2382 5146; x_wconf 80' lang='lat' dir='ltr'><strong>Pergamus</strong></span> <span class='ocrx_word' id='word_1_822' title='bbox 2413 5075 2608 5128; x_wconf 83' lang='lat' dir='ltr'><strong>autem</strong></span> <span class='ocrx_word' id='word_1_823' title='bbox 2639 5069 2713 5126; x_wconf 87' lang='lat' dir='ltr'><strong>ad</strong></span> <span class='ocrx_word' id='word_1_824' title='bbox 2743 5068 2965 5126; x_wconf 87' lang='lat' dir='ltr'><strong>Pascha</strong></span> <span class='ocrx_word' id='word_1_825' title='bbox 2987 5066 3170 5140; x_wconf 83' lang='lat' dir='ltr'><strong>legale</strong></span> <span class='ocrx_word' id='word_1_826' title='bbox 3202 5064 3634 5123; x_wconf 88' lang='lat' dir='ltr'><strong>inveniendum.</strong></span> 
     </span>
    </p>
   </div>
   <div class='ocr_carea' id='block_1_109' title="bbox 1995 5153 3636 5234">
    <p class='ocr_par' dir='ltr' id='par_1_109' title="bbox 1995 5153 3636 5234">
     <span class='ocr_line' id='line_1_111' title="bbox 1995 5153 3636 5234; baseline -0.006 -16"><span class='ocrx_word' id='word_1_827' title='bbox 1995 5161 2231 5234; x_wconf 83' lang='lat' dir='ltr'><strong>Cyclum</strong></span> <span class='ocrx_word' id='word_1_828' title='bbox 2262 5160 2412 5216; x_wconf 79' lang='lat' dir='ltr'><strong>lunae</strong></span> <span class='ocrx_word' id='word_1_829' title='bbox 2429 5161 2553 5231; x_wconf 79' lang='lat' dir='ltr'><strong>jam</strong></span> <span class='ocrx_word' id='word_1_830' title='bbox 2575 5163 2908 5216; x_wconf 84' lang='lat' dir='ltr'><strong>currentem</strong></span> <span class='ocrx_word' id='word_1_831' title='bbox 2954 5154 3339 5230; x_wconf 86' lang='lat' dir='ltr'><strong>undecuplato</strong></span> <span class='ocrx_word' id='word_1_832' title='bbox 3373 5169 3386 5209; x_wconf 89' lang='lat'>:</span> <span class='ocrx_word' id='word_1_833' title='bbox 3420 5153 3636 5226; x_wconf 90' lang='lat' dir='ltr'><strong>quibus</strong></span> 
     </span>
    </p>
   </div>
   <div class='ocr_carea' id='block_1_110' title="bbox 1995 5246 3634 5319">
    <p class='ocr_par' dir='ltr' id='par_1_110' title="bbox 1995 5246 3634 5319">
     <span class='ocr_line' id='line_1_112' title="bbox 1995 5246 3634 5319; baseline -0.005 -14"><span class='ocrx_word' id='word_1_834' title='bbox 1995 5249 2284 5306; x_wconf 85' lang='lat' dir='ltr'><strong>addantur</strong></span> <span class='ocrx_word' id='word_1_835' title='bbox 2312 5248 2436 5307; x_wconf 84' lang='lat' dir='ltr'><strong>dies</strong></span> <span class='ocrx_word' id='word_1_836' title='bbox 2471 5265 2591 5316; x_wconf 86' lang='lat' dir='ltr'><strong>sex,</strong></span> <span class='ocrx_word' id='word_1_837' title='bbox 2625 5248 2724 5319; x_wconf 86' lang='lat' dir='ltr'><strong>qui</strong></span> <span class='ocrx_word' id='word_1_838' title='bbox 2754 5265 2820 5303; x_wconf 74' lang='lat' dir='ltr'><strong>ex</strong></span> <span class='ocrx_word' id='word_1_839' title='bbox 2870 5247 3022 5302; x_wconf 74' lang='lat' dir='ltr'><strong>dicto</strong></span> <span class='ocrx_word' id='word_1_840' title='bbox 3068 5246 3293 5300; x_wconf 87' lang='lat' dir='ltr'><strong>minuto</strong></span> <span class='ocrx_word' id='word_1_841' title='bbox 3343 5259 3456 5299; x_wconf 90' lang='lat' dir='ltr'><strong>uno</strong></span> <span class='ocrx_word' id='word_1_842' title='bbox 3500 5258 3634 5298; x_wconf 90' lang='lat' dir='ltr'><strong>cum</strong></span> 
     </span>
    </p>
   </div>
   <div class='ocr_carea' id='block_1_111' title="bbox 1995 5329 3638 5408">
    <p class='ocr_par' dir='ltr' id='par_1_111' title="bbox 1995 5329 3638 5408">
     <span class='ocr_line' id='line_1_113' title="bbox 1995 5329 3638 5408; baseline -0.005 -14"><span class='ocrx_word' id='word_1_843' title='bbox 1995 5339 2238 5394; x_wconf 82' lang='lat' dir='ltr'><strong>semisse</strong></span> <span class='ocrx_word' id='word_1_844' title='bbox 2285 5354 2352 5393; x_wconf 87' lang='lat' dir='ltr'><strong>ac</strong></span> <span class='ocrx_word' id='word_1_845' title='bbox 2402 5340 2562 5408; x_wconf 81' lang='lat' dir='ltr'><strong>parte</strong></span> <span class='ocrx_word' id='word_1_846' title='bbox 2613 5339 2776 5393; x_wconf 83' lang='lat' dir='ltr'><strong>tertia</strong></span> <span class='ocrx_word' id='word_1_847' title='bbox 2824 5334 3106 5398; x_wconf 83' lang='lat' dir='ltr'><strong>conﬁunt,</strong></span> <span class='ocrx_word' id='word_1_848' title='bbox 3143 5348 3289 5404; x_wconf 77' lang='lat' dir='ltr'><strong>quas</strong></span> <span class='ocrx_word' id='word_1_849' title='bbox 3327 5329 3638 5402; x_wconf 87' lang='lat' dir='ltr'><strong>particulas</strong></span> 
     </span>
    </p>
   </div>
   <div class='ocr_carea' id='block_1_112' title="bbox 1997 5419 3636 5497">
    <p class='ocr_par' dir='ltr' id='par_1_112' title="bbox 1997 5419 3636 5497">
     <span class='ocr_line' id='line_1_114' title="bbox 1997 5419 3636 5497; baseline -0.005 -15"><span class='ocrx_word' id='word_1_850' title='bbox 1997 5431 2362 5482; x_wconf 85' lang='lat' dir='ltr'><strong>menstruum</strong></span> <span class='ocrx_word' id='word_1_851' title='bbox 2402 5424 2554 5481; x_wconf 68' lang='lat' dir='ltr'><strong>luna:</strong></span> <span class='ocrx_word' id='word_1_852' title='bbox 2603 5423 2830 5497; x_wconf 78' lang='lat' dir='ltr'><strong>cyclum</strong></span> <span class='ocrx_word' id='word_1_853' title='bbox 2881 5423 3031 5477; x_wconf 84' lang='lat' dir='ltr'><strong>ultra</strong></span> <span class='ocrx_word' id='word_1_854' title='bbox 3075 5421 3146 5476; x_wconf 88' lang='lat'>28</span> <span class='ocrx_word' id='word_1_855' title='bbox 3191 5419 3316 5475; x_wconf 87' lang='lat' dir='ltr'><strong>dies</strong></span> <span class='ocrx_word' id='word_1_856' title='bbox 3361 5435 3495 5475; x_wconf 90' lang='lat' dir='ltr'><strong>cum</strong></span> <span class='ocrx_word' id='word_1_857' title='bbox 3545 5435 3636 5474; x_wconf 89' lang='lat' dir='ltr'><strong>se-</strong></span> 
     </span>
    </p>
   </div>
   <div class='ocr_carea' id='block_1_113' title="bbox 1996 5509 3630 5586">
    <p class='ocr_par' dir='ltr' id='par_1_113' title="bbox 1996 5509 3630 5586">
     <span class='ocr_line' id='line_1_115' title="bbox 1996 5509 3630 5586; baseline -0.006 -12"><span class='ocrx_word' id='word_1_858' title='bbox 1996 5519 2172 5574; x_wconf 88' lang='lat' dir='ltr'><strong>misse</strong></span> <span class='ocrx_word' id='word_1_859' title='bbox 2203 5517 2414 5573; x_wconf 82' lang='lat' dir='ltr'><strong>babere</strong></span> <span class='ocrx_word' id='word_1_860' title='bbox 2449 5517 2573 5586; x_wconf 84' lang='lat' dir='ltr'><strong>jam</strong></span> <span class='ocrx_word' id='word_1_861' title='bbox 2619 5520 2920 5570; x_wconf 86' lang='lat' dir='ltr'><strong>ostensum</strong></span> <span class='ocrx_word' id='word_1_862' title='bbox 2971 5515 3077 5565; x_wconf 87' lang='lat' dir='ltr'><strong>est.</strong></span> <span class='ocrx_word' id='word_1_863' title='bbox 3110 5509 3269 5564; x_wconf 86' lang='lat' dir='ltr'><strong>Alios</strong></span> <span class='ocrx_word' id='word_1_864' title='bbox 3315 5513 3510 5565; x_wconf 82' lang='lat' dir='ltr'><strong>autem</strong></span> <span class='ocrx_word' id='word_1_865' title='bbox 3561 5511 3630 5565; x_wconf 84' lang='lat' dir='ltr'><strong>ad</strong></span> 
     </span>
    </p>
   </div>
   <div class='ocr_carea' id='block_1_114' title="bbox 1995 5597 3635 5671">
    <p class='ocr_par' dir='ltr' id='par_1_114' title="bbox 1995 5597 3635 5671">
     <span class='ocr_line' id='line_1_116' title="bbox 1995 5597 3635 5671; baseline -0.006 -8"><span class='ocrx_word' id='word_1_866' title='bbox 1995 5605 2401 5671; x_wconf 80' lang='lat' dir='ltr'><strong>complendum</strong></span> <span class='ocrx_word' id='word_1_867' title='bbox 2453 5620 2760 5660; x_wconf 89' lang='lat' dir='ltr'><strong>numerum</strong></span> <span class='ocrx_word' id='word_1_868' title='bbox 2791 5604 2862 5658; x_wconf 84' lang='lat'><strong>50</strong></span> <span class='ocrx_word' id='word_1_869' title='bbox 2893 5599 3153 5667; x_wconf 83' lang='lat' dir='ltr'><strong>adjicies,</strong></span> <span class='ocrx_word' id='word_1_870' title='bbox 3176 5599 3294 5655; x_wconf 89' lang='lat' dir='ltr'><strong>imo</strong></span> <span class='ocrx_word' id='word_1_871' title='bbox 3323 5615 3357 5656; x_wconf 77' lang='grc' dir='ltr'><strong>α</strong></span> <span class='ocrx_word' id='word_1_872' title='bbox 3387 5597 3546 5669; x_wconf 80' lang='lat' dir='ltr'><strong>cyclo</strong></span> <span class='ocrx_word' id='word_1_873' title='bbox 3570 5600 3635 5654; x_wconf 85' lang='grc'>17</span> 
     </span>
    </p>
   </div>
   <div class='ocr_carea' id='block_1_115' title="bbox 1995 5687 3635 5766">
    <p class='ocr_par' dir='ltr' id='par_1_115' title="bbox 1995 5687 3635 5766">
     <span class='ocr_line' id='line_1_117' title="bbox 1995 5687 3635 5766; baseline -0.005 -14"><span class='ocrx_word' id='word_1_874' title='bbox 1995 5695 2066 5752; x_wconf 87' lang='lat' dir='ltr'><strong>ad</strong></span> <span class='ocrx_word' id='word_1_875' title='bbox 2101 5695 2188 5765; x_wconf 86' lang='grc'>19,</span> <span class='ocrx_word' id='word_1_876' title='bbox 2219 5698 2440 5766; x_wconf 88' lang='lat' dir='ltr'><strong>septem</strong></span> <span class='ocrx_word' id='word_1_877' title='bbox 2462 5693 2588 5750; x_wconf 88' lang='lat' dir='ltr'><strong>dies</strong></span> <span class='ocrx_word' id='word_1_878' title='bbox 2613 5711 2628 5762; x_wconf 87' lang='lat'><strong>;</strong></span> <span class='ocrx_word' id='word_1_879' title='bbox 2651 5708 2788 5749; x_wconf 86' lang='lat' dir='ltr'><strong>nam</strong></span> <span class='ocrx_word' id='word_1_880' title='bbox 2819 5692 2880 5748; x_wconf 89' lang='lat' dir='ltr'><strong>in</strong></span> <span class='ocrx_word' id='word_1_881' title='bbox 2905 5689 3022 5747; x_wconf 86' lang='lat' dir='ltr'><strong>illis</strong></span> <span class='ocrx_word' id='word_1_882' title='bbox 3045 5687 3220 5760; x_wconf 82' lang='lat' dir='ltr'><strong>oyclis</strong></span> <span class='ocrx_word' id='word_1_883' title='bbox 3241 5689 3434 5762; x_wconf 85' lang='lat' dir='ltr'><strong>plures</strong></span> <span class='ocrx_word' id='word_1_884' title='bbox 3455 5691 3635 5762; x_wconf 87' lang='lat' dir='ltr'><strong>requi-</strong></span> 
     </span>
    </p>
   </div>
  </div>
