4060 6228
356 400 434 460 83
1625 400 1740 460 MA
1754 396 2012 459 ΤΤΗΑΞΙ

2143 393 2493 457 .ASTARIS
3677 396 3754 457 8|

356 540 583 588 runtur.
618 529 757 587 Dein
790 546 857 585 ex
887 530 1149 587 omnium
1199 537 1504 604 aggregato
1533 535 1717 605 abjice
1748 536 1873 589 dies
1896 533 1991 599 ’30,
2021 586 2028 597 ε

2149 529 2212 602 ip
2254 531 2288 598 ἡ
2328 527 2540 585 ἐκείνων
2588 528 2833 598 ποσότης
2890 525 2943 583 ἒν
2997 525 3213 589 τούτοις
3272 526 3600 603 συνάγεται·

357 627 414 676 ct
458 623 739 677 duntaxat
796 624 1086 675 reservato
1145 619 1376 677 residua
1408 622 1635 679 minora
1680 639 1854 695 quam
1910 621 2001 688 30,

359 711 573 783 quibus
604 709 889 765 addantur
930 713 1055 765 tum
1097 710 1219 767 dies
1265 712 1480 778 Martii,
1501 714 1683 769 donec
1706 715 1773 768 ad
1798 727 2005 768 nume-

360 817 488 857 rum
519 801 590 855 50
656 798 1006 869 perveneris.
1042 799 1142 855 Sin
1201 817 1332 857 vero
1372 818 1573 858 omnes
1631 802 1824 858 Martii
1880 802 2004 858 dies

362 890 514 944 haud
546 888 873 954 sufﬁciunt,
906 889 1051 944 adde
1080 893 1136 944 et
1168 905 1235 945 ex
1288 890 1465 960 Aprili
1498 906 1685 963 usque
1715 890 1788 946 ad
1834 890 2000 946 illum

361 978 536 1038 diem,
577 979 672 1048 qui
736 993 1045 1033 numerum
1089 980 1365 1035 istum50
1421 979 1864 1052 adimpleverit;
1924 981 2007 1036 ita

361 1065 591 1121 dabitur
626 1066 848 1122 Pascha
883 1065 1087 1138 legale.

991 1334 1151 1392 208
1184 1336 1378 1391 Aliter.

436 1426 524 1481 Uti
586 1425 822 1496 poteris,
882 1425 932 1481 si
993 1424 1200 1496 placet,
1251 1430 1309 1481 et
1364 1426 1473 1481 hac
1534 1428 1826 1485 methodo.
1852 1430 2012 1485 Adde

367 1515 748 1571 fundamento
771 1512 923 1568 luna:
958 1514 1014 1568 in
1040 1514 1131 1569 die
1162 1513 1352 1587 primo
1369 1516 1465 1570 die
1491 1515 1752 1572 Januarii
1784 1524 2010 1590 reperto

366 1609 593 1673 epactas
624 1608 740 1658 tres
772 1602 855 1674 (at
885 1603 933 1659 si
963 1602 1105 1659 luna
1165 1603 1390 1675 cyclum
1449 1606 1517 1659 17
1562 1606 1844 1679 attigerit,
1877 1608 2012 1665 inde

368 1692 439 1747 ad
476 1692 540 1745 19
568 1707 751 1764 usque
782 1698 1016 1763 epactas
1047 1703 1295 1764 qualuor
1325 1694 1701 1751 fundamento
1728 1696 2010 1768 adiicias),

367 1790 421 1837 et
451 1782 499 1836 si
534 1797 812 1835 numerus
860 1781 1036 1836 fuerit
1085 1782 1271 1852 major
1299 1782 1389 1849 30,
1422 1782 1657 1839 detrahe
1702 1786 1793 1852 30,
1821 1794 1875 1841 et
1914 1803 2010 1857 ap-

3662 528 3751 582 καὶ

2111 619 2314 680 ἒνώσας
2375 617 2601 686 ἁπάσας,
2657 613 2856 674 ἔκϐαλε
2910 617 3008 681 τὰς
3078 614 3464 692 τριακοντάδας
3540 617 3634 672 καὶ
3687 619 3752 671 τὰ

2109 707 2520 785 περιλειφθέντα
2573 708 2775 777 ἥττονα
2827 711 2934 763 τῶν
2995 706 3046 762 λ’
3103 706 3346 783 κάτασχε
3414 708 3592 780 μόνα·
3661 705 3753 761 καί

2112 798 2331 857 τούτονς
2371 797 2652 874 προστίθει
2698 797 2792 858 τὰς
2836 797 2933 851 τοῦ
2977 796 3225 871 Μαρτίου
3273 791 3506 870 ἡμέρας,
3558 795 3755 871 μέχρις

2112 885 2174 941 ἂν
2221 888 2295 948 εἰς
2334 888 2424 942 τὸν
2473 891 2519 940 ν’
2557 881 2726 961 ἔλθῃς
2769 886 3025 959 ἀριθμόν.
3076 885 3137 941 Εἰ
3190 882 3247 940 δὲ
3294 886 3393 940 οὐκ
3439 882 3757 960 ἀρκέσουσιν

2113 981 2169 1034 αἱ
2216 983 2314 1035 τοῦ
2359 978 2599 1052 Μαρτίου
2646 983 2834 1045 πᾶσαι,
2882 977 3113 1052 πρόσθες
3161 976 3251 1029 καὶ
3297 974 3385 1031 ἐπὶ
3426 979 3521 1030 τοῦ
3569 979 3758 1049 Ἀπρι-

2116 1068 2264 1140 λίου,
2294 1069 2381 1124 καὶ
2428 1069 2545 1123 κατ’
2594 1066 2802 1137 ἐκείνην
2848 1068 2949 1136 τήν
2992 1066 3204 1134 ποστήν
3245 1068 3343 1120 τοῦ
3393 1065 3587 1138 μηνὸς,
3636 1065 3756 1133 ἣτις

2116 1158 2474 1234 ἀνεπλήρωσε
2522 1157 2614 1213 τὸν
2665 1156 3030 1227 πεντηκοστὸν
3082 1154 3336 1228 ἀριθμὸν,
3377 1151 3494 1209 ’ίσθι
3549 1154 3611 1209 τὸ
3663 1173 3759 1208 νο-

2125 1249 2283 1323 μικὸν
2313 1247 2599 1323 γινόμενον
2633 1246 2850 1325 Πάσχα.

2784 1334 3095 1397 Ἀλλως.

2192 1427 2253 1482 Εἰ
2284 1423 2340 1481 δὲ
2385 1422 2535 1481 δοκεῖ
2579 1446 2665 1480 σοι
2704 1425 2792 1480 καί
2833 1424 3055 1500 ὲτέρως,
3097 1423 3374 1497 προστίθει
3420 1427 3499 1495 τῷ
3530 1421 3580 1477 ἐν
3613 1426 3682 1493 τῇ
3713 1425 3763 1475 α’

2119 1521 2216 1572 τοῦ
2284 1516 2619 1591 Ἰανουαρίου
2704 1515 2967 1590 εὑρεθέντι
3051 1512 3295 1588 θεμελίῳ
3367 1520 3466 1583 τῆς
3529 1513 3762 1583 σελήνης

2118 1608 2350 1672 ἐπακτάς
2393 1613 2468 1684 γ’,
2520 1615 2619 1677 τῆς
2670 1607 2727 1663 δὲ
2781 1605 3014 1678 σελήνης
3070 1606 3144 1670 είς
3200 1607 3292 1664 τὸν
3342 1611 3407 1676 ιζ’
3463 1607 3763 1683 ἀφιγμένης

2119 1695 2346 1764 κύκλον,
2400 1698 2490 1752 καὶ
2533 1697 2789 1765 άνιούσης
2844 1696 3010 1770 μέχρι
3055 1699 3162 1750 τῶν
3213 1697 3297 1766 ιϐ’,
3326 1693 3583 1769 τέσσαρας
3632 1693 3764 1749 ἐπα-

2121 1787 2250 1848 κτάς
2287 1791 2367 1858 τῴ
2404 1783 2648 1858 θεμελίῳ
2695 1784 3013 1858 προστίθειο
3065 1782 3155 1839 καὶ
3202 1782 3290 1838 ἐὰν
3321 1781 3487 1839 πλέον
3513 1781 3619 1838 τῶν
3652 1782 3703 1837 λ’
3735 1783 3765 1837 ὁ

369 1887 518 1941 pone
549 1869 793 1924 residuis
821 1886 990 1941 porro
1020 1889 1051 1925 a
1080 1870 1269 1941 primo
1299 1871 1392 1926 die
1417 1870 1703 1936 Januarii,
1735 1874 1874 1928 dum
1911 1890 2011 1929 nu-

2143 1875 2343 1951 ;ριθμὸς
2395 1876 2643 1948 γενηται,
2692 1872 2857 1948 ὕφελε
2886 1874 2950 1928 τά
2990 1873 3065 1943 λ’,
3097 1874 3328 1933 καὶτοῖς
3371 1870 3765 1948 περιλειφθεῖσι

371 1977 567 2015 merus
595 1960 668 2014 50
697 1959 1076 2030 compleatur.
1110 1960 1170 2015 Si
1204 1976 1334 2015 vero
1384 1960 1504 2016 dies
1536 1962 1730 2017 Martii
1776 1980 2017 2019 numero

370 2048 714 2120 complendo
773 2065 941 2121 pares
996 2066 1107 2104 non
1161 2049 1396 2117 fuerint,
1437 2055 1674 2108 caeteros
1725 2068 1791 2107 ex
1839 2053 2019 2124 Aprili

370 2139 642 2209 adjunge,
669 2154 857 2210 usque
887 2138 1051 2193 illum
1083 2139 1234 2194 diem
1271 2139 1371 2210 qui
1396 2141 1467 2195 50
1502 2156 1806 2197 numerum
1841 2143 2017 2212 perfe-

373 2228 517 2284 cerit
551 2245 563 2282 :
598 2230 863 2301 sciasque
896 2229 1000 2284 hoc
1034 2231 1225 2301 ipsum
1272 2247 1394 2287 essc
1427 2230 1649 2287 Pascha
1696 2233 2018 2289 secundum

374 2317 556 2389 legem
591 2316 1028 2374 celebrandum.

1103 2503 1292 2559 Aliter.

446 2590 564 2646 Hoc
603 2590 777 2646 etiam
811 2592 1000 2657 modo,
1036 2593 1081 2646 si
1134 2593 1274 2647 velis
1308 2611 1321 2649 :
1376 2593 1529 2650 lunae
1578 2594 2021 2651 fundamentum

378 2680 434 2735 in
460 2681 647 2751 primo
669 2679 760 2734 die
781 2679 1044 2736 Januarii
1074 2682 1291 2736 mensis
1314 2688 1598 2754 repertum
1621 2683 2026 2752 servato;buic

379 2769 523 2822 adde
570 2784 636 2823 cx
676 2767 885 2824 diebus
934 2768 1143 2837 Martii,
1179 2787 1363 2841 usque
1397 2772 1533 2827 dum
1588 2772 1731 2828 fiant
1769 2773 1893 2829 dies
1933 2772 2023 2841 47,

381 2855 464 2912 vel
496 2856 539 2910 si
573 2855 656 2910 illi
695 2855 802 2911 soli
847 2856 994 2911 haud
1047 2858 1259 2913 faciant
1300 2859 1467 2928 satis,
1502 2862 1745 2917 aduecta
1791 2879 1859 2918 ex
1907 2863 2024 2918 die-

381 2948 491 3003 bus
521 2945 860 3017 Aprilibus:
895 2951 1066 3019 atque
1096 2950 1268 3005 etiam
1318 2967 1450 3006 cum
1484 2950 1623 3006 luna
1666 2951 1725 3006 in
1770 2951 1928 3024 cyclo
1962 2952 2027 3006 17

381 3037 451 3090 ad
486 3036 553 3090 19
584 3052 765 3107 usque
786 3042 1168 3106 procurreret,
1205 3046 1510 3095 numerato
1543 3041 1664 3095 dies
1702 3040 1765 3095 48
1800 3058 1812 3095 :
1848 3041 2026 3095 scias-

383 3141 495 3196 que
542 3124 602 3179 id
640 3131 873 3197 tempus
927 3125 1192 3181 Paschati
1245 3126 1412 3197 legati
1461 3128 1738 3184 debitum.
1788 3130 2028 3192 Quando

384 3219 575 3270 autem
608 3212 755 3268 luna:
787 3213 1227 3269 fundamentum
1281 3215 1411 3287 plus
1442 3233 1614 3289 quam
1646 3217 1717 3272 26
1773 3219 1896 3274 dies
1928 3217 2029 3273 ba-

384 3303 594 3369 buerii,
631 3319 702 3359 ne
730 3304 922 3374 capias
954 3320 1157 3360 omnes
1188 3304 1310 3360 dies
1343 3306 1554 3373 Martii,
1587 3307 1684 3362 sed
1716 3324 1896 3364 unum
1931 3324 2025 3362 so-

387 3393 530 3461 lunr,
566 3397 738 3463 atque
770 3408 835 3448 ex
867 3392 1048 3464 Aprili
1073 3394 1141 3448 47
1162 3394 1285 3450 dies
1318 3395 1597 3467 perficito.

463 3666 577 3721 Hoc
608 3670 881 3739 praeterea
912 3672 966 3723 te
995 3668 1143 3723 scire
1172 3668 1421 3738 expellit,
1462 3672 1599 3739 puta
1642 3668 2030 3739 plenilunium

388 3756 543 3811 circa
574 3755 793 3811 Pascha
813 3756 996 3827 legale
1028 3757 1084 3811 in
1110 3773 1352 3814 numero
1378 3757 1443 3811 45
1474 3758 1744 3828 reperiri;
1773 3757 1853 3813 sic
1884 3758 2031 3813 enim

389 3844 711 3915 completur
744 3861 894 3900 unus
924 3846 1142 3902 mensis
1162 3845 1386 3901 lunaris
1415 3862 1547 3901 cum
1577 3846 1841 3903 semisse.
1864 3846 2036 3903 Simi-

391 3933 523 3990 litcr
551 3939 609 3989 et
641 3934 699 3990 in
748 3934 988 4007 reliquis
1021 3935 1312 3991 methodis
1347 3936 1660 4007 praedictis,
1692 3952 1818 4008 qua:
1849 3937 2035 3992 conii-

392 4023 554 4079 ciunt
587 4040 892 4080 numerum
925 4025 1015 4091 50,
1051 4042 1162 4080 non
1203 4024 1296 4080 die
1343 4026 1415 4081 50
1443 4025 1541 4081 sed
1575 4026 1643 4079 48
1672 4025 1810 4079 luna
1838 4027 2033 4081 decre-

393 4129 551 4168 scere
595 4112 817 4183 incipit.
890 4112 1070 4184 Hujus
1112 4122 1301 4169 autem
1353 4115 1664 4182 anomalia,
1711 4118 1772 4169 ut
1812 4115 2034 4170 dictum

393 4207 501 4267 cst,
520 4201 694 4258 etiam
725 4202 872 4257 duos
903 4201 1049 4258 alios
1078 4204 1203 4258 dies
1236 4205 1436 4272 poscit,
1460 4205 1716 4274 adeoque
1740 4203 2037 4275 colligitur

396 4289 531 4347 hinc
567 4291 654 4358 47,
688 4290 820 4347 inde
851 4308 1131 4350 numerus
1159 4293 1249 4348 50.

629 4473 699 4529 De
745 4477 1011 4530 Paschatc
1055 4473 1361 4530 Christiano
1399 4472 1816 4530 adinveniendo.

469 4562 560 4617 Sic
605 4561 839 4635 quidem
886 4563 1138 4635 reperire
1186 4562 1635 4635 licet,'quonam
1688 4561 1906 4618 mensis
1950 4561 2042 4618 die

2128 1965 2407 2039 προστίθει
2454 1963 2560 2017 ἀπὸ
2604 1969 2706 2031 τῆς
2756 1966 2804 2017 α’
2850 1966 2946 2017 τοῦ
2997 1961 3266 2036 Μαρτίου,
3326 1963 3521 2038 μέχρις
3569 1961 3628 2015 ἂν
3661 1961 3689 2014 ὁ
3719 1961 3770 2014 ν’

2129 2053 2359 2128 ἀριθμὸς
2415 2051 2711 2127 πληρωθῇ.
2776 2052 2844 2106 Εὖ
2892 2049 2948 2106 δὲ
2993 2056 3090 2107 τοῦ
3148 2051 3390 2127 Μαρτίοτ
3457 2056 3622 2105 πᾶσαι
3670 2048 3770 2104 οὐκ

2130 2142 2513 2216 ἀνεπλήρωσαν
2564 2142 2655 2196 τὸν
2708 2145 2774 2211 ν’,
2832 2141 3061 2214 πρόσθες
3118 2141 3213 2201 τὰς
3262 2137 3459 2201 λοιπὰς
3517 2139 3622 2194 ἀπὸ
3670 2143 3770 2194 τοῦ

2129 2230 2443 2307 Ἀπριλίου,
2484 2232 2571 2286 καὶ
2612 2231 2729 2285 κατ’
2774 2228 2976 2300 ἐκείνην
3021 2231 3122 2299 τήν
3171 2230 3375 2297 ποστὴν
3424 2232 3522 2284 τοῦ
3572 2228 3771 2301 μηνὸς,

2129 2320 2248 2387 ἣτις
2306 2316 2663 2393 ἀνεπλήρωσε
2707 2318 2796 2373 τὸν
2824 2321 2896 2386 v',
2926 2316 3258 2392 τελούμενον
3303 2319 3536 2395 γίνωσκε
3578 2318 3774 2393 Πάσχα

2129 2412 2228 2463 τοῦ
2258 2407 2453 2480 νόμου.

2797 2491 3103 2556 νΑλλως.

2207 2585 2276 2643 Εἴ
2332 2582 2386 2639 δὲ
2438 2583 2647 2659 βούλει,
2696 2584 2786 2638 καὶ
2837 2583 3018 2637 οὕτω·
3070 2586 3338 2657 κράτησον
3390 2586 3479 2641 τὸν
3532 2584 3581 2641 ἐν
3627 2589 3695 2659 τῇ
3727 2587 3775 2641 α’

2132 2677 2229 2727 τοῦ
2262 2670 2587 2747 Ἰανουαρίου
2631 2672 2802 2745 μηνὸς
2852 2668 3129 2745 εὑρεθέντα
3174 2680 3275 2742 τῆς
3323 2674 3558 2745 σελήνης
3612 2673 3776 2746 θεμέο

2134 2759 2292 2816 λιον’
2329 2759 2509 2832 τούτῳ
2542 2759 2815 2834 προστίθει
2848 2758 2907 2814 ἐκ
2935 2764 3041 2815 τῶν
3085 2758 3181 2816 δοῦ
3228 2762 3477 2837 Μαρτίου
3527 2766 3776 2837 ἡμερῶν.

2133 2848 2235 2913 ἓως
2298 2850 2356 2906 ἃν
2411 2850 2616 2925 γίνεται
2668 2848 2870 2925 ἡμέραι
2931 2855 3039 2922 μζ,
3090 2850 3123 2919 ἢ
3176 2850 3391 2906 ἐκείνων
3451 2855 3634 2925 μόνων
3695 2853 3775 2926 μὴ

2134 2938 2492 3015 ἐξαρκουσῶν,
2544 2940 2819 3014 προστίθει
2859 2938 2949 2994 καὶ
3000 2941 3105 2995 άπὸ
3151 2945 3260 2995 τῶν
3303 2946 3401 2996 τοῦ
3448 2941 3777 3017 Ἀπριλίουο

2135 3028 2281 3094 πλὴν
2313 3027 2403 3082 τὸν
2437 3032 2502 3098 ιζ’
2535 3026 2735 3083 κύκλον
2767 3034 2867 3096 τῆς
2916 3027 3153 3098 σελήνης
3185 3029 3432 3099 θεούσης,
3482 3029 3649 3107 μέχρι
3678 3034 3779 3085 τοῦ

2139 3116 2625 3186 ἒννεσκαιὸεκάτου,
2675 3118 2888 3191 ἡμέρας
2936 3116 3152 3191 ἀρίθμει
3187 3119 3298 3192 μη’,
3332 3119 3486 3174 κάκεῖ
3511 3121 3573 3174 τὸ
3618 3139 3780 3192 νομι-

2137 3209 2229 3264 κὸν
2257 3207 2589 3280 τελούμενον
2618 3206 2852 3281 γίνωσκε
2898 3209 3109 3283 Πάσχα.
3148 3208 3320 3265 Πλέον
3359 3207 3416 3265 δὲ
3455 3214 3563 3265 τῶν
3601 3208 3781 3264 ε’ίκοσι

2136 3299 2226 3352 καὶ
2256 3295 2310 3368 ἓξ
2342 3299 2561 3370 ἡμερῶν
2590 3294 2814 3372 ἔχοντος
2844 3302 2942 3352 τοῦ
2975 3296 3232 3370 θεμελίου
3275 3306 3374 3369 τῆς
3412 3299 3667 3370 σελήνης,
3701 3300 3782 3372 μή

2135 3382 2381 3459 λάμϐανε
2412 3388 2509 3448 τὰς
2534 3390 2630 3441 τοῦ
2678 3386 2918 3456 Μαρτίου
2972 3390 3139 3450 πάσας
3187 3387 3419 3463 ἡμέρας,
3469 3388 3616 3444 ἀλλά
3649 3386 3781 3461 μίαν

2141 3477 2312 3550 μόνην
2341 3495 2352 3507 ·
2405 3474 2463 3530 ἐκ
2508 3474 2564 3531 δὶ
2609 3480 2706 3531 τοῦ
2756 3473 3044 3551 ’Δπριλίου
3093 3477 3490 3553 άναπλήρωσον
3533 3481 3629 3541 τὰς
3693 3484 3767 3551 μζ

2138 3564 2365 3637 ἡμέραςο

2213 3659 2303 3709 Δεῖ
2344 3650 2401 3707 δὲ
2449 3675 2505 3708 σε
2559 3658 2720 3708 τοῦτο
2780 3650 3001 3725 εἰδέναι,
3049 3655 3123 3717 ὡς
3174 3657 3207 3725 ἡ
3257 3657 3394 3711 κατὰ
3434 3657 3496 3711 τὸ
3548 3655 3784 3728 νομικὸν

2144 3744 2334 3816 Πάσχα
2400 3742 2599 3817 κυρίως
2663 3742 2999 3814 πανσέληνος
3059 3744 3110 3799 ἐν
3181 3749 3259 3817 τῷ
3319 3749 3401 3817 με’
3476 3745 3784 3821 εὑρίσκεται

2142 3832 2402 3907 ἀριθμῷ·
2465 3832 2607 3887 οὕτω
2665 3833 2764 3906 γὰρ
2835 3832 3241 3906 ἀναπληροῦται
3318 3837 3396 3898 εἷς
3437 3837 3526 3889 καί
3584 3835 3787 3907 ἥμισυς

2145 3923 2465 3994 σεληνιακὸς
2529 3924 2655 3996 μήν.
2717 3927 2991 3986 Ὢσαυτως
3049 3925 3138 3979 καὶ
3197 3923 3285 3979 ἐπὶ
3342 3929 3450 3979 τῶν
3520 3924 3792 4000 ῥηθεισῶν

2143 4013 2338 4089 ἑτέρων
2373 4009 2641 4085 μεθόδων,
2695 4011 2750 4065 αἶ
2780 4015 3068 4086 συνάγουσι
3111 4015 3201 4068 τὸν
3237 4014 3278 4067 ν’
3309 4012 3407 4067 οὐκ
3431 4011 3517 4068 ἐπὶ
3566 4014 3791 4086 τούτου,

2144 4100 2272 4156 ἀλλ’
2304 4099 2389 4155 ἐπὶ
2420 4105 2516 4154 τοῦ
2545 4101 2638 4171 μη¹
2667 4101 2902 4173 ἀριθμοῦ
2933 4103 2967 4170 ἡ
3010 4100 3245 4171 σελήνην
3298 4101 3496 4179 φθίνειν
3546 4101 3793 4177 ὑπάρχε-

2143 4211 2253 4246 ται.
2306 4192 2367 4245 ‘H
2419 4186 2475 4243 δὲ
2514 4187 2804 4260 ἀνωμαλία
2849 4188 3073 4258 ταότης,
3122 4189 3199 4253 ὡς
3262 4187 3500 4264 ε’ίρηται,
3553 4191 3643 4244 καὶ
3689 4192 3793 4252 τὰς

2148 4281 2329 4353 ὲτέρας
2389 4275 2484 4332 δύο
2540 4276 2919 4353 προστέθεικεν
2970 4277 3220 4353 ἡμέρας·
3280 4278 3370 4334 καὶ
3417 4278 3643 4336 ἐνταῦθα
3693 4281 3797 4352 μὲν

2146 4370 2236 4424 τὸν
2268 4368 2352 4442 μζ’
2383 4366 2701 4442 συνάγουσιν
2730 4365 2987 4440 ἀριθμὸν,
3020 4367 3131 4423 ἒκεῖ
3161 4365 3219 4423 δὲ
3247 4366 3338 4424 τόν
3367 4373 3429 4426 ν’.

2151 4461 2375 4519 ’Ὁπως
2428 4457 2499 4512 τὸ
2557 4458 3033 4532 Χριστιανικὸν
3090 4456 3472 4532 εὖρίσκετοι
3531 4458 3794 4534 Πάσχα.

2228 4549 2324 4603 Καὶ
2377 4546 2519 4601 οὕτω
2554 4547 2649 4618 μὶν
2687 4549 2721 4617 ἡ
2765 4546 2816 4601 ἐν
2857 4551 2936 4617 τῷ
2972 4552 3183 4621 νομικῷ
3233 4548 3425 4623 Πάσχα
3473 4550 3647 4617 ποστή
3692 4553 3797 4604 τοῦ

399 4649 583 4722 legale
609 4612 837 4707 Pascha
866 4612 1183 4723 cori-tingat.
1207 4612 1364 4721 Opus
1384 4612 1592 4707 1autem
1624 4655 1714 4706 est
1747 4655 1811 4706 ut
1839 4650 2028 4706 intelli

2162 4637 2334 4710 μηνὸς
2375 4634 2555 4709 ἡμέρα
2598 4634 2920 4710 εὑρίσκεται.
2973 4642 3064 4690 Δεῖ
3104 4634 3159 4690 δὲ
3204 4656 3262 4691 σε
3298 4634 3495 4693 εἰδέναι
3532 4637 3621 4693 καὶ
3660 4637 3797 4693 ποία

400 4757 504 4813 gas
535 4740 712 4797 etiam
743 4742 983 4812 quinam
1015 4743 1350 4811 septimanis
1374 4740 1499 4797 dies
1518 4757 1651 4797 cum
1676 4741 1787 4795 isto
1808 4755 2049 4795 concur-

402 4836 507 4897 rat,
523 4831 662 4885 adeo
685 4835 747 4884 ut
767 4830 973 4886 exinde
994 4831 1314 4903 procedens
1330 4831 1400 4885 ad
1419 4829 1572 4886 diem
1596 4827 2050 4892 Dominicum,et

401 4919 556 4974 diem
590 4920 756 4975 illum
782 4921 1001 4976 mensis
1027 4920 1115 4976 hic
1134 4937 1333 4975 rursus
1363 4920 1926 4991 accipiens,tempus
1949 4920 2052 4972 Pa-

403 5009 626 5067 schatis
655 5009 969 5066 Christiani
1000 5009 1329 5067 celebrandi
1360 5010 1690 5082 dignoscas.
1724 5007 1902 5062 Sume
1942 5006 2051 5078 igi-

407 5106 495 5154 tur
517 5100 745 5172 cyclum
768 5098 1118 5169 solis,eique
1140 5104 1370 5170 epactas
1392 5115 1540 5169 quas
1563 5097 1821 5152 diximus
1843 5094 2048 5166 adjicr,

409 5188 549 5244 niui.
569 5207 670 5262 pro
692 5187 897 5261 quovis
921 5188 1308 5261 quadriennio
1334 5203 1666 5258 unam,quas
1691 5184 1809 5242 sint
1840 5192 2049 5257 epacte

407 5279 756 5347 bissextiles,
790 5284 913 5334 tum
956 5278 1126 5334 ctiam
1160 5278 1224 5333 11
1279 5276 1408 5332 illas
1456 5275 1745 5332 mensium
1778 5276 2049 5345 quatuor,

407 5367 670 5424 videlicet
701 5368 771 5425 ab
801 5367 1027 5425 Octobri
1056 5384 1240 5437 usque
1272 5367 1343 5422 ad
1373 5366 1739 5434 Januarium,
1772 5361 1868 5418 ubi
1893 5375 2048 5418 men-

410 5458 492 5513 sis
520 5458 589 5512 30
620 5459 827 5515 diebus
857 5464 1083 5516 constat
1108 5476 1121 5523 ;
1153 5460 1268 5512 tres
1297 5460 1491 5511 autem
1522 5472 1555 5511 a
1585 5469 1785 5510 mense
1824 5451 2049 5508 dierum

409 5548 497 5603 31.
533 5548 635 5603 Sed
669 5565 701 5603 a
742 5548 1050 5604 Februario
1083 5563 1155 5603 ne
1185 5546 1433 5615 accipias
1465 5571 1480 5614 ;
1510 5544 1604 5601 hic
1634 5543 1785 5599 enim
1820 5540 2051 5614 penitus

412 5637 773 5691 absorbetur.
836 5637 902 5692 Et
971 5637 1015 5693 si
1073 5636 1133 5691 in
1211 5634 1414 5691 Martio
1491 5632 1776 5706 reperitur
1832 5629 2051 5685 Pascha

414 5725 619 5797 legale,
649 5743 787 5794 cape
819 5727 942 5782 dies
1002 5742 1191 5796 usque
1223 5725 1291 5781 ad
1350 5724 1494 5780 illud
1546 5722 1795 5779 Pascha.
1828 5720 2034 5775 Sivero

2159 4726 2327 4799 ταύτῃ
2414 4724 2732 4799 συνέρχεται
2786 4731 2884 4793 τῆς
2953 4719 3258 4799 ἑϐδομάδος
3332 4727 3532 4801 ήμέρα,
3599 4726 3673 4781 ὡς
3730 4726 3794 4781 ἃν

2161 4815 2356 4871 ἐκεῖθεν
2416 4813 2502 4869 ἐπὶ
2554 4814 2652 4883 τήν
2704 4815 2978 4888 Κυριακήν
3057 4813 3379 4891 ἐρχόμενος,
3436 4816 3526 4870 καὶ
3585 4817 3685 4886 τὴν
3742 4815 3798 4870 ἐν

2160 4904 2295 4979 αὐτῇ
2344 4907 2441 4959 τοῦ
2488 4908 2661 4976 μηνὸς
2707 4901 2860 4964 αὖθις
2909 4901 3343 4979 καταλαμϐάνων
3401 4906 3626 4975 ποστὴν,
3683 4902 3801 4961 ἐκεῖ

2157 4995 2221 5049 τὸ
2262 4992 2636 5067 Χριστιανικὸν
2679 4990 3008 5066 τελούμενον
3060 4994 3255 5072 Πάσχα
3302 4995 3594 5069 γινώσκῃς.
3646 4996 3799 5069 Κρά-

2160 5104 2322 5154 τησον
2370 5081 2458 5136 οὖν
2503 5082 2595 5136 τὸν
2640 5079 2839 5136 κύκλον
2891 5086 2987 5138 τοῦ
3036 5081 3236 5151 ἡλίου”
3287 5084 3566 5159 προστίθει
3614 5082 3801 5155 τούτῳ

2161 5172 2253 5234 τὰς
2285 5170 2580 5247 λεγομένας
2627 5169 2879 5242 ἓπακτάς,
2913 5173 3036 5242 ἢτοι
3076 5170 3211 5226 κατὰ
3258 5168 3304 5226 δ’
3352 5171 3586 5247 χρόνους
3641 5172 3800 5244 μίαν,

2160 5260 2358 5323 α’ίτινές
2407 5261 2509 5315 εἰσι
2551 5265 2647 5315 τοῦ
2700 5259 2947 5336 βισέκτου
2975 5281 2988 5294 ·
3040 5261 3154 5315 εἶτα
3201 5260 3298 5323 τὰς
3341 5258 3529 5316 ἕνδεκα
3579 5264 3675 5315 τοῦ
3723 5281 3807 5316 τε·

2159 5353 2459 5425 τραμήνου,
2519 5350 2684 5425 ἤγουν
2742 5349 2845 5404 ἀπὸ
2911 5353 3006 5403 τοῦ
3079 5345 3415 5425 Ὀκτωϐρίου
3475 5349 3642 5427 μέχρι
3698 5354 3804 5404 τοῦ

2161 5442 2517 5513 Ἰανουαρίου,
2561 5440 2665 5493 ἀπὸ
2716 5436 2811 5495 τοῦ
2857 5435 3080 5514 ἔχοντος
3139 5440 3310 5511 μηνὸς
3362 5438 3569 5513 ἡμέρος
3597 5439 3667 5506 λ’,
3701 5436 3805 5494 δύο

2161 5524 2481 5605 λαμϐάνων,
2510 5533 2654 5600 τρεῖς
2685 5524 2741 5582 δε
2766 5528 2868 5581 ἀπὸ
2899 5533 2995 5582 τοῦ
3023 5525 3252 5601 ἔχοντος
3291 5526 3391 5583 λα’.
3428 5530 3565 5582 Ἀπὸ
3598 5524 3656 5582 δὶ
3702 5531 3809 5582 τοῦ

2162 5616 2534 5695 Φεϐρουασίου
2595 5620 2671 5691 μὴ
2742 5612 3007 5690 λάμϐανε,
3053 5615 3145 5672 διὰ
3199 5618 3262 5673 τὸ
3330 5616 3578 5692 ἐσχάτως
3639 5617 3810 5673 αὐτὸν

2161 5705 2586 5766 κεκολοϐῶσθαι.
2629 5710 2724 5763 Καὶ
2756 5708 2802 5764 εί
2855 5709 2947 5781 μὲν
2983 5706 3054 5763 ιέν
3097 5711 3180 5780 τῷ
3228 5708 3450 5782 Μαρτίῳ
3498 5707 3818 5782 εὑρίσκεται
