4080 6224
260 395 325 459 85
1269 394 1685 457 SYNTAGMA
1738 384 2370 459 ALPHABETICUM.
2418 426 2496 439 -
2538 396 2608 452 II.
3566 392 3646 453 86

258 550 309 585 το
341 531 521 604 Πάσχα
565 527 628 582 τὸ
669 529 919 600 νομικὸν,
954 521 1089 583 λάϐε
1134 526 1223 582 καὶ
1266 527 1363 590 τὰς
1416 528 1583 605 μέχρι
1632 533 1726 583 τοῦ
1778 529 1875 584 Πά-

1992 530 2051 584 in
2095 527 2299 598 Aprili,
2333 527 2526 594 accipe
2573 530 2629 578 et
2684 541 2753 580 ex
2810 524 3018 580 Martio
3074 522 3265 581 solum
3321 526 3440 581 tres
3492 525 3642 594 dies,

256 640 357 698 σχα
382 617 568 672 τούτου
599 614 806 689 ἡμέρας
829 636 840 645 ·
877 615 925 671 εί
957 614 1016 671 δὲ
1064 615 1117 672 ἐν
1168 622 1249 688 τῷ
1278 617 1571 692 ’Δπριλίῳ,
1605 613 1740 672 λάϐε
1797 619 1887 673 καὶ

257 709 351 766 ἆπὸ
395 713 488 764 τοῦ
543 706 787 781 Μαρτίου
842 707 1012 781 μόνας
1059 713 1230 783 τρεῖς,
1274 708 1368 763 καὶ
1413 707 1509 772 τὰς
1555 713 1652 764 τοῦ
1697 711 1884 783 Ἀπρι-

257 801 388 869 λέον,
416 801 531 856 ὅσαι
584 799 750 874 μέχρι
809 803 908 854 τοῦ
964 799 1159 876 Πάσχα
1204 799 1563 873 εὑρίσκονται,
1612 799 1703 855 καὶ
1749 801 1884 855 ἑνώ-

260 911 343 952 σας
370 890 591 958 ἁπάσας,
624 888 890 944 ἆνάλυσον
935 886 1023 942 ἰπὶ
1054 890 1121 944 τὰ
1167 892 1234 958 ζ’,
1267 888 1356 943 καὶ
1402 889 1447 943 εἰ
1499 890 1594 962 μὲν
1649 888 1745 962 μία
1792 904 1882 945 πε·

255 977 532 1056 ριλειφθείη
616 979 818 1050 ἡμένα,
880 974 1114 1052 ὑπάρχει
1191 978 1458 1051 Κυριακή,
1517 979 1607 1033 καὶ
1679 975 1761 1033 δεῖ
1826 999 1883 1033 σε

252 1066 550 1142 προσμένειν
607 1068 708 1137 τήν
763 1064 1110 1143 ἐρχομένην·
1171 1068 1214 1121 εἰ
1261 1063 1319 1122 δὲ
1370 1064 1487 1135 δύο,
1545 1065 1801 1142 δευτέρα³
1834 1068 1878 1122 εί

253 1155 301 1213 δὲ
347 1162 502 1232 τρεῖς,
531 1155 716 1230 τρίτη,
750 1156 842 1212 καὶ
891 1156 1013 1227 ἑξῆς
1068 1152 1232 1231 μέχρι
1280 1159 1390 1210 τῶν
1442 1155 1595 1215 ἑπτά.
1647 1157 1745 1211 Καὶ
1788 1156 1882 1230 ἀφ’

1996 625 2055 674 et
2071 635 2141 674 ex
2154 616 2332 688 Aprili
2356 622 2497 688 quot
2516 630 2770 684 eousque
2788 614 2985 669 haberi
3002 614 3300 685 contingat
3321 631 3334 680 ;
3358 621 3416 670 et
3435 615 3643 686 collige

1995 706 2056 763 in
2106 721 2399 763 summam
2450 719 2678 766 omnes,
2728 719 2900 773 quam
2943 702 3132 760 divide
3179 704 3339 773 per7
3364 720 3380 770 ;
3429 711 3553 759 tum
3590 703 3642 759 si

1993 812 2114 852 una
2168 796 2295 852 dies
2341 794 2708 861 remanserit,
2753 792 3055 848 Dominica
3092 792 3224 857 erit,
3272 792 3640 848 Dominicam

1992 884 2317 958 proximam
2354 881 2758 954 exspectanti;
2805 882 2855 937 si
2887 882 3023 949 duo,
3069 881 3213 937 feria
3259 885 3540 945 secunda,
3591 882 3640 936 si

1989 978 2129 1041 tres,
2179 972 2370 1041 tertia,
2420 978 2477 1027 et
2533 972 2618 1027 sic
2674 971 2950 1042 deinceps
3008 986 3190 1041 usque
3225 971 3298 1025 ad
3354 977 3580 1042 septem
3623 987 3636 1025 :

1987 1069 2043 1117 et
2084 1068 2309 1133 oportet
2338 1079 2371 1117 a
2401 1059 2649 1133 singulis
2688 1061 2757 1115 ad
2782 1058 3145 1115 Dominicam
3177 1060 3506 1130 procedere.
3534 1058 3638 1114 Illo

1986 1155 2183 1208 autem
2223 1151 2317 1207 die
2360 1148 2599 1217 mensis,
2633 1150 2692 1204 in
2738 1165 2854 1221 quo
2902 1147 3203 1205 Dominica
3249 1148 3476 1218 incidit,
3509 1150 3639 1205 dico

249 1248 478 1317 ἑκάστης,
525 1245 615 1301 ἐπὶ
662 1247 763 1315 τήν
814 1248 1088 1321 Κυριακήν
1134 1246 1392 1317 ἂπαντᾷν,
1433 1245 1528 1303 καὶ
1583 1245 1634 1301 ἰν
1700 1246 1875 1321 ἐκείνῃ

1989 1238 2383 1297 Christianum
2416 1238 2635 1295 Pascha
2664 1237 3017 1310 contingere.

248 1340 304 1409 τῇ
333 1338 504 1409 ἡμέρᾳ
548 1339 650 1392 τοῦ
701 1336 898 1409 μηνὸς,
929 1334 1010 1413 ἐφ’
1040 1337 1108 1405 ἣν
1162 1337 1198 1404 ἡ
1259 1336 1505 1411 Κυριακὴ
1555 1335 1874 1410 εὑρίσκεται,

250 1424 355 1499 λέγε
382 1425 440 1480 τὸ
472 1425 853 1497 Χριστιανικὸν
886 1424 1022 1479 εἶναι
1053 1425 1268 1498 Πάσχα.

453 1514 684 1575 ’Ὅπως
723 1513 1105 1587 εὑρίσκεται
1154 1514 1189 1581 ἡ
1242 1513 1641 1587 ’Δπόκρεως.

308 1603 443 1659 Μετᾶ
490 1599 547 1656 δί
595 1603 661 1658 τὸ
709 1604 883 1676 εὑρεῖν
919 1603 1018 1672 τήν
1066 1601 1273 1679 ἡμέραν
1296 1607 1393 1657 τοῦ
1435 1603 1631 1675 μηνὸς,
1661 1604 1779 1658 καθ’
1808 1605 1875 1674 ἢν

247 1694 298 1747 τὸ
338 1696 440 1746 τῶν
486 1696 837 1767 Χριστιανῶν
883 1694 1078 1771 Πάσχα
1122 1692 1346 1769 γίνεται,
1376 1692 1656 1767 προστίθει
1700 1693 1870 1768 ταύτῃ

243 1786 371 1854 τρεῖς
412 1781 625 1855 ἡμέρας
675 1782 881 1855 ἑτέρας,
924 1782 1185 1857 τέσσαρας
1233 1779 1311 1849 δὲ,
1359 1781 1406 1837 εἰ
1456 1783 1484 1837 ὁ
1535 1782 1730 1858 χρόνος
1783 1783 1870 1858 βί-

2174 1506 2423 1575 Quonam
2450 1508 2607 1576 pacto
2640 1505 2950 1575 reperiatur
2981 1502 3442 1575 Carnisprivium.

2055 1595 2364 1668 Postquam
2396 1594 2548 1650 diem
2591 1593 2808 1649 mensis
2845 1593 3231 1658 adinveneris.
3264 1610 3380 1665 quo
3422 1593 3640 1649 Pascha

1984 1684 2449 1741 Christianorum
2478 1682 2786 1754 contingit,
2820 1682 3010 1753 adjice
3037 1681 3123 1737 illi
3167 1682 3309 1738 alios
3339 1687 3455 1739 tres
3490 1682 3663 1751 dies,

1981 1776 2101 1831 imo
2132 1779 2405 1847 quatuor,
2437 1774 2486 1829 si
2521 1789 2712 1828 annus
2745 1772 2916 1827 fuerit
2946 1772 3261 1828 bissextilis
3289 1790 3308 1827 :
3340 1777 3397 1828 et
3426 1773 3476 1828 si
3508 1772 3637 1829 illo-

244 1891 411 1931 σεκτος
455 1870 566 1943 εἴη,
612 1870 707 1925 καὶ
775 1871 978 1933 ἱνώσας
1046 1872 1279 1940 ἁπάσας,
1329 1870 1375 1927 εἶ
1427 1872 1521 1945 μὲν
1579 1873 1606 1926 ὁ
1653 1872 1875 1947 ἀριθμὸς

1991 1880 2119 1919 rum
2145 1863 2325 1919 simul
2348 1866 2712 1933 sumptorum
2746 1877 3030 1917 numerus
3053 1862 3110 1915 in
3141 1860 3414 1917 Martium
3444 1861 3635 1928 cadat,

241 1959 429 2014 τούτων
477 1959 553 2023 εἰς
600 1961 698 2015 τὸν
749 1962 991 2035 Μάρτιον
1041 1962 1248 2029 πίπτει,
1286 1964 1432 2032 ζήτει
1465 1963 1564 2031 τήν
1600 1963 1879 2038 ’Δπόκρεω

242 2047 289 2103 ὲν
335 2052 398 2114 τῆ
439 2048 721 2123 ἷσαρίθμῳ
774 2053 873 2104 τοῦ
922 2050 1256 2124 Ἰανουαρίου
1306 2052 1522 2124 ἡμέρᾳ·
1557 2050 1607 2106 εἴ
1654 2049 1711 2106 δὲ
1740 2050 1879 2107 ἐκεῖ·

243 2158 322 2199 νος
367 2138 416 2192 ὲν
468 2143 548 2210 τῷ
599 2137 877 2213 Ἀπριλιῳ
937 2139 1263 2213 εὑρίσκεται,
1315 2140 1503 2194 σκόπει
1564 2142 1766 2208 ταύτην
1828 2139 1880 2196 ἐν

242 2232 310 2297 τῷ
339 2222 717 2301 Φεϐρουαρίῳ.
755 2226 954 2282 Σκόπει
989 2225 1046 2283 δὲ
1075 2228 1162 2282 καὶ
1223 2226 1366 2283 οὕτω
1389 2246 1403 2259 ·
1457 2229 1547 2285 τὸν
1595 2228 1878 2303 ἐνιστάμε-

243 2335 321 2369 νον
367 2322 463 2381 τῆς
525 2313 768 2386 σελήνης
805 2312 1059 2387 θεμέλιον
1106 2317 1239 2394 ἄχρι
1297 2317 1383 2371 καὶ
1446 2316 1878 2388 πεντηκοντάδος

243 2404 472 2474 ἐκτενεῖς,
504 2400 978 2479 προσεπιϐάλλων
1017 2404 1162 2476 αὐτῷ
1196 2406 1286 2468 τάς
1336 2406 1442 2460 ἀπὸ
1496 2413 1596 2476 τῆς
1652 2407 1875 2479 πρώτης

240 2495 696 2567 τοῦῚανουαρίου
753 2494 844 2548 καὶ
903 2494 1092 2565 πρόσω
1151 2496 1383 2566 ἡμέρας,
1433 2496 1521 2549 καὶ
1573 2500 1668 2550 τοῦ
1712 2498 1750 2550 ν’
1796 2517 1881 2552 τε·

243 2582 587 2652 λευτγςσαντος
619 2583 863 2656 ἀριθμοῦ
893 2582 971 2645 εἰς
1011 2580 1338 2654 οἱανδήποτε
1385 2580 1690 2657 ἑϐδομάδος
1738 2588 1879 2658 ἠμέ-

245 2692 341 2742 ριν,
370 2677 435 2743 τῇ
484 2673 611 2745 ἑξῆς
663 2671 911 2746 Κυριακῇ
955 2673 1054 2739 τήν
1106 2672 1385 2748 Ἀπόκρεω
1430 2669 1664 2748 βεϐαίως
1702 2673 1879 2730 ἐπιτέ-

1988 1953 2225 2025 exquire
2261 1951 2719 2023 Carnisprivium
2753 1952 2825 2007 ad
2856 1950 3130 2007 eumdem
3181 1965 3424 2006 numero
3481 1952 3634 2008 diem

1988 2042 2249 2099 Januarii
2285 2060 2299 2098 :
2333 2042 2425 2098 sin
2456 2057 2590 2098 vero
2621 2040 2717 2097 ille
2745 2041 2804 2095 in
2835 2040 3018 2111 Aprili
3063 2056 3263 2096 mense
3293 2041 3632 2111 reperiatur,

1988 2148 2184 2204 qurere
2212 2131 2642 2187 ili/Februario.
2677 2130 2841 2196 Quod
2873 2129 3048 2185 facies
3078 2129 3188 2204 hoc
3238 2128 3407 2186 modo
3439 2146 3452 2185 :
3489 2133 3637 2185 Fun-

1987 2193 2328 2276 damentum
2362 2235 2620 2291 praesens
2648 2193 2801 2275 lunae
2833 2234 3017 2287 usque
3053 2218 3125 2273 ad
3149 2193 3630 2288 'pentecontadem

1986 2309 2284 2376 extendes,
2308 2308 2478 2380 eique
2498 2307 2678 2363 addes
2702 2308 2828 2362 dies
2860 2306 3012 2363 209
3037 2323 3071 2361 a
3090 2306 3279 2377 primo
3298 2307 3559 2363 Januarii
3577 2314 3635 2362 et

1990 2413 2182 2467 porro,
2207 2403 2382 2468 atque
2415 2407 2552 2452 tunc
2582 2397 2643 2451 in
2674 2411 3077 2467 quamcunque
3107 2395 3446 2466 septimanae
3480 2396 3634 2451 diem

1985 2486 2212 2542 desinat
2249 2501 2527 2542 numerus
2575 2485 2665 2552 50,
2697 2484 3000 2559 Dominica
3057 2485 3309 2553 proxime
3355 2491 3636 2557 sequente

1987 2574 2438 2645 CarniSprivium
2500 2590 2702 2631 secure
2753 2572 3063 2629 celebrato.
3127 2572 3540 2629 Verumtamen
3586 2575 3632 2629 si

1984 2663 2125 2719 luna
2181 2664 2253 2719 ad
2312 2665 2756 2720 fundamentum
2811 2664 2885 2717 26
2913 2662 3002 2718 vel
3052 2661 3293 2718 ulterius
3340 2665 3633 2734 procedat,

241 2760 537 2819 λει.Ἀλλά
593 2769 700 2832 τῆς
756 2762 993 2834 σελήνης
1036 2763 1111 2827 εἰς
1164 2765 1256 2819 τὸν
1311 2769 1393 2829 κς¹
1432 2765 1521 2820 καὶ
1578 2769 1875 2840 περαιτέρω

1989 2770 2170 2809 unum
2194 2754 2384 2808 solum
2409 2753 2564 2809 diem
2594 2769 2662 2808 ex
2701 2752 2981 2809 Januario
3011 2752 3251 2818 eximes,
3280 2757 3634 2825 canorosque

240 2851 469 2923 θεμέλιον
510 2851 847 2927 προϊούσης,
902 2875 1028 2926 μιαν
1082 2852 1254 2926 μόνην
1302 2852 1362 2908 ἐκ
1407 2857 1503 2908 1:03
1546 2855 1875 2929 Ἰανουαρίου

1989 2843 2058 2899 de
2090 2841 2404 2898 Februario
2429 2860 2442 2909 ;
2468 2846 2642 2912 atque
2669 2841 2751 2897 ita
2771 2858 3023 2912 quonam
3055 2842 3151 2897 die
3170 2840 3634 2913 Carnisprivium

238 2939 400 3015 λήψῃ,
428 2943 527 3003 τὰς
587 2939 649 2996 δὲ
698 2962 760 3018 γε
792 2942 994 3004 λοιπὰς
1041 2941 1101 2997 ἐκ
1140 2947 1236 2998 τοῦ
1286 2940 1660 3019 Φεϐρουαρίου
1687 2964 1700 2977 ο
1736 2944 1875 2999 οὕτω

1989 2932 2268 3004 obtingat,
2295 2930 2529 2988 nescius
2550 2931 2705 2987 haud
2740 2931 2935 2988 fueris.
2959 2934 3017 2987 Si
3050 2932 3290 3004 quidem
3320 2932 3380 2989 in
3409 2932 3633 2988 Janua-

238 3028 286 3084 δὲ
336 3034 430 3100 τὴν
478 3032 801 3107 Ἀπόκρεω,
910 3032 1119 3103 πίπτει,
1166 3035 1471 3110 γνωρίσεις.
1523 3034 1586 3087 FZ
1640 3035 1735 3106 μὶν
1803 3035 1875 3095 εἷς

1989 3021 2137 3077 rium
2185 3021 2353 3077 cadat
2408 3021 2885 3091 Carnisprivium,
2936 3021 3163 3078 Pascha
3209 3021 3632 3081 (Christianum

236 3122 314 3175 τὸν
361 3124 721 3199 Ἰανουάριον.
752 3123 814 3178 τὸ
867 3122 1065 3199 Πάσχα
1094 3124 1309 3185 πάντως
1338 3119 1484 3179 ἔσται
1513 3126 1606 3178 τὸν
1641 3127 1875 3180 Μάοτιον

1989 3112 2146 3181 puta)
2171 3109 2230 3166 in
2265 3126 2463 3165 mense
2494 3109 2700 3165 Martio
2731 3110 3139 3175 celebrabitur,
3170 3111 3221 3167 si
3270 3111 3329 3167 in
3382 3108 3634 3166 Februa-

235 3212 312 3279 (τὸ
360 3217 465 3265 τῶν
525 3197 873 3288 Χριστιανῶν
925 3197 1094 3290 φῄμι)
1118 3231 1131 3245 ο
1166 3211 1211 3266 εἰ
1269 3211 1327 3268 δὶ
1365 3213 1439 3275 είς
1470 3215 1561 3268 τὸν
1591 3210 1871 3287 Φεϐρουά-

1991 3200 2165 3266 rium,
2189 3198 2299 3255 hoc
2331 3214 2530 3255 mense
2561 3197 2741 3270 Aprili
2773 3216 2787 3255 :
2840 3208 3013 3254 modo
3043 3200 3138 3255 hic
3183 3205 3271 3257 tot
3317 3199 3442 3256 dies
3485 3199 3634 3255 sub-

236 3320 335 3369 ριον
389 3299 550 3370 αὕτη,
610 3300 791 3356 ἐκεῖνο
857 3301 950 3356 τὸν
995 3300 1321 3375 Ἀπρίλιον·
1375 3302 1651 3379 ἀφαίρεσιν
1708 3303 1867 3374 μόνον

233 3390 485 3443 τοσούτων
554 3387 748 3445 ἔνθάδε
812 3394 990 3444 ποιῶν
1042 3392 1289 3465 ἡμερῶν,
1341 3391 1480 3446 ὅσων
1532 3392 1643 3446 ἐκεῖ
1699 3412 1870 3466 προσ-

232 3477 408 3548 θήκην,
437 3483 607 3552 τριῶν
656 3475 896 3549 δηλαδὴ,
927 3478 972 3534 εἰ
1025 3476 1081 3534 δὲ
1133 3479 1378 3555 βίσεκτον
1432 3478 1539 3551 εῗή,
1572 3482 1865 3552 τεσσάρων.

229 3564 392 3621 Ἀλλὰ
448 3566 541 3621 καὶ
598 3567 671 3622 τὸ
721 3570 947 3640 νομικὸν
1009 3566 1245 3624 ἒντεῦθεν
1295 3570 1488 3645 Πάσχα
1523 3572 1865 3645 γινώσκεται,

229 3659 289 3729 τῇ
329 3655 459 3728 αὐτῇ
507 3657 610 3730 μὲν
662 3654 747 3712 dei
790 3663 891 3726 τῆς
940 3653 1244 3731 ἑϐδομάδος
1293 3660 1475 3735 ἡμέρᾳ
1537 3660 1865 3732 συμπίπτον,

227 3745 281 3811 ἦν
330 3746 357 3799 ὁ
410 3746 787 3818 πεντηκοστὸς
841 3745 1076 3822 ἀριθμὸς
1132 3747 1221 3803 ἐπὶ
1278 3755 1378 3818 τῆς
1422 3750 1705 3821 ’Δποκρὲω
1754 3747 1865 3804 δεί-

230 3854 383 3904 κνυσι,
434 3835 552 3908 μετ’
597 3834 890 3914 ἀφαίρεσιν
933 3833 993 3891 δὶ
1037 3836 1306 3893 κάνταῦθα
1359 3843 1527 3914 τριῶν
1585 3840 1621 3909 ἣ
1678 3841 1860 3894 τεσσά’

233 3932 325 3997 ρων
352 3928 446 3981 τοῦ
474 3927 658 4000 μηνὸς
687 3927 936 3999 ἡμερῶν.

1988 3288 2250 3357 traxeris,
2280 3291 2423 3358 quot
2471 3286 2590 3342 illic
2639 3286 2941 3356 addidisti,
2982 3287 3204 3345 scilicet
3251 3292 3394 3356 tres,
3443 3289 3554 3357 vel,
3582 3287 3634 3342 si

1981 3374 2299 3431 bissextum
2359 3374 2550 3443 fuerit,
2583 3379 2852 3447 quatuor.
2885 3374 2996 3432 Sed
3054 3380 3112 3433 et
3167 3376 3354 3449 legale
3410 3375 3633 3431 Pascha

1977 3466 2181 3521 exinde
2211 3465 2543 3534 innotescit,
2579 3468 2869 3536 quatenus
2920 3482 3153 3537 semper
3200 3467 3401 3523 eodem
3450 3466 3629 3538 septi-

1977 3571 2161 3609 manis
2193 3554 2287 3610 die
2307 3554 2529 3621 incidit,
2553 3568 2733 3624 quem
2766 3570 3046 3610 numerus
3073 3556 3145 3610 58
3175 3572 3211 3611 a
3238 3554 3629 3626 Carnisprivio

1972 3645 2202 3714 signat:
2247 3642 2456 3699 ablatis
2496 3646 2553 3698 et
2593 3642 2691 3699 hic
2741 3642 2931 3700 tribus
2977 3643 3065 3700 vel
3112 3646 3363 3716 quatuor
3410 3644 3628 3700 mensis

1973 3732 2198 3789 diebus.
