4060 6228
409 382 486 445 95
1670 380 2012 442 ’ΜΑΊἽἪᾹ

2208 379 2529 440 ASTARIS
3731 381 3811 445 96

1025 516 1120 573 Vel
1148 517 1317 573 etiam
1342 516 1438 571 sic.
2084 518 2137 585 Α

2084 518 2137 585 Α
2677 511 2743 571 ⁴Η
2785 514 2894 569 καὶ
2932 517 3141 580 οὕτως

476 643 726 699 Numera
782 643 913 713 post
962 640 1445 713 Darnisprivium,
1517 640 1781 698 videlicet
1851 659 1885 698 a
1958 656 2051 698 se-

2225 638 2472 713 Ἀρίθμει
2507 641 2640 712 μετά
2689 641 2791 710 τὴν
2837 641 3121 716 Ἀπόκρεω
3168 640 3296 711 ἤτοι
3326 642 3432 698 ἀπὸ
3482 650 3582 712 τῆς
3624 641 3800 698 δευτέ-

403 733 598 790 cunda
652 730 797 787 feria
853 731 1190 803 septimanae
1241 730 1536 800 caesarie,
1582 730 1705 787 dies
1754 731 2006 804 quinque

2196 749 2256 791 ας
2285 736 2385 798 τῆς
2434 730 2740 807 τυροφάγου
2771 731 2983 803 ἡμέρας
3019 736 3115 799 νς’,
3148 732 3305 787 κάκεῖ
3352 736 3415 788 τὸ
3464 738 3799 809 Χριστιανῶν

399 821 564 894 ginta
619 838 757 887 sex;
833 826 891 876 et
949 820 1070 877 illic
1137 820 1531 876 Christianum
1598 820 1823 878 Pascha
1886 821 2002 877 inve

2195 816 2353 892 [ἄσχα
2401 820 2671 891 εὑρήσεις.
2721 822 2877 875 Ὅσαι
2942 819 3000 875 δὲ
3048 820 3250 895 ἡμέραι
3300 822 3642 897 εὑρίσκονται
3693 823 3798 877 ἀπὸ

401 912 544 966 nies.
576 911 724 976 Quot
766 916 960 966 autem
994 909 1119 966 dies
1165 908 1683 982 deprehenduntur
1729 927 1763 967 a
1792 913 2004 968 secund

2195 912 2258 974 ἧς
2317 902 2564 980 δευτέρας
2610 913 2712 976 τῆς
2763 904 3186 981 διακαινισίμου,
3237 911 3404 984 μέχρι
3454 917 3553 980 τῆς
3607 909 3798 985 τρίτης

398 999 541 1056 feria
600 1001 937 1072 septimanae
995 998 1386 1056 renovationis
1438 1016 1625 1071 usque
1681 1000 1752 1056 ad
1816 1001 2001 1057 tertia!

2198 997 2250 1048 οὗ
2296 984 2495 1063 Μαΐου,
2539 995 2803 1058 τοσαύτας
2850 995 3079 1072 ἐκδὲχου
3135 998 3227 1052 καὶ
3271 1000 3369 1059 τὰς
3414 998 3468 1054 ἐν
3515 1003 3595 1070 τῷ
3646 984 3801 1073 θέρει

397 1089 558 1156 Mali,
588 1092 671 1145 tot
699 1089 894 1161 accipe
943 1089 1117 1145 etiam
1163 1089 1287 1146 dies
1340 1105 1466 1145 esse
1514 1090 1794 1146 esuriales
1831 1090 1997 1162 jejun

2194 1083 2450 1155 ηστίμους
2501 1084 2637 1139 εἶναι
2683 1088 2791 1139 τῶν
2836 1083 3035 1161 Ἃγίων
3083 1085 3457 1142 Ἀποστόλων.
3488 1085 3551 1145 Εἰ
3601 1088 3694 1160 μὲν
3741 1086 3797 1140 ἐν

391 1179 734 1233 Sanctorum
766 1177 1175 1251 Apostolorum
1217 1177 1463 1234 mstlvas.
1497 1177 1696 1235 Mense
1740 1178 1945 1234 Martio

2193 1176 2229 1243 ᾧ
2292 1172 2513 1247 Μαρτίῳ
2576 1173 2640 1229 τὸ
2697 1172 2924 1235 ἐνεστὼς
2981 1172 3286 1248 εὑρίσκεται
3343 1178 3451 1230 τῶν
3512 1170 3796 1231 Ἰουδαίων

392 1282 649 1339 praesens
678 1267 973 1324 invenitur
1007 1267 1333 1323 Judaorum
1358 1266 1602 1333 Pascha,
1633 1266 1881 1327 addendi
1904 1285 1995 1325 sui

2204 1261 2368 1336 άσχα,
2418 1262 2743 1336 προσθετέον
2793 1259 3004 1336 ἡμέρας
3039 1263 3101 1315 ιϐ’
3133 1281 3146 1294 ο
3200 1262 3355 1318 κάκεῖ
3398 1264 3462 1317 τὸ
3510 1261 3658 1317 ἐπιὸν
3706 1263 3801 1317 εὑ-

389 1351 514 1407 dies
554 1355 642 1419 19,
700 1360 758 1410 et
806 1354 883 1410 ibi
938 1355 1198 1427 proxime
1256 1350 1502 1427 sequens
1558 1355 1987 1428 deprehendetu

2189 1353 2453 1421 εθήσεται.
2491 1350 2551 1407 Εἰ
2586 1349 2640 1406 δὲ
2691 1350 2743 1405 ἐν
2789 1356 2870 1423 τῷ
2914 1350 3190 1424 Ἀπριλῖῳ
3227 1353 3290 1407 τὸ
3338 1351 3585 1420 ἐνεστὼς,
3641 1353 3792 1431 ὑφαι-

387 1442 546 1506 Quod
575 1443 621 1498 si
654 1459 854 1500 mense
887 1444 1065 1516 Aprili
1097 1443 1317 1500 Pascha
1345 1444 1520 1515 hujus
1545 1443 1707 1511 anni,
1742 1444 1880 1502 tolle
1918 1445 1990 1500 άὶι

2195 1442 2328 1495 ετέον
2380 1441 2588 1513 ἡμέρας
2643 1461 2696 1494 ια
2742 1459 2753 1471 ·
2786 1440 2941 1496 κάκεῖ
2988 1441 3049 1496 τὸ
3097 1440 3396 1516 ἐρχόμενον
3447 1440 3616 1498 ἔσται.
3669 1443 3798 1497 Ἐπὶ

380 1532 676 1601 undecim,
707 1532 944 1606 illicque
974 1538 1284 1593 venturum
1334 1534 1460 1590 erit.
1498 1539 1569 1590 At
1598 1534 1645 1590 si
1676 1533 1815 1593 luna
1844 1534 1904 1590 in
1936 1534 1983 1590 dt

2194 1534 2332 1583 ὲτοῦ
2383 1526 2762 1584 ἑκκαιδεκάτου
2815 1529 2984 1602 μόνου
3014 1530 3223 1585 κύκλου
3267 1537 3366 1599 τῆς
3415 1529 3649 1601 σελήνης
3693 1527 3797 1585 οὕ-

385 1621 536 1678 cimo
565 1627 723 1679 sexto
751 1624 875 1680 solo
923 1623 1083 1696 cyclo
1122 1623 1309 1691 fuerit,
1361 1622 1698 1679 detrahendi
1748 1627 1887 1679 sunt
1914 1622 1988 1678 illi

2195 1639 2272 1687 ης,
2317 1619 2389 1692 ιβ’
2429 1616 2741 1696 ἀφαιρετέον
2775 1636 2788 1649 '
2842 1618 2934 1673 καὶ
2983 1620 3046 1673 τὸ
3088 1616 3238 1674 ἐπιὸν
3290 1618 3445 1681 εὐθὺς
3496 1614 3643 1673 ἔσται
3692 1616 3798 1688 δῆ-

383 1710 711 1783 duodecim,
744 1713 1063 1785 statimque
1092 1712 1313 1771 Pascha
1342 1717 1677 1771 secuturum
1708 1711 2032 1785 apparebit.
2149 1704 2270 1766 λον.

381 1835 537 1894 214
564 1838 638 1894 De
665 1840 926 1896 Paschatc
979 1840 1155 1912 legali
1182 1843 1233 1895 et
1277 1848 1568 1896 auctorum
1604 1838 1859 1896 dissensu
1886 1839 1984 1895 εἰνι

1014 1911 1406 1962 plenilunium-

2207 1834 2305 1907 ερί
2352 1836 2467 1888 τοῦ
2515 1838 2798 1906 νομικοῦ
2849 1833 2979 1889 [lic
3046 1854 3098 1900 α,
3150 1832 3259 1888 καὶ
3307 1840 3423 1902 τῆς
3476 1833 3623 1907 περὶ
3672 1836 3798 1902 τήν

2528 1903 2955 1962 πανσηληνον
2993 1852 3384 1962 διαφωνίας.

1009 1903 1139 1984 plen
1149 1911 1406 1969 ﬂuuium.
2064 1903 2111 1930 ”
2245 1903 2252 1907 ⁷
2528 1926 2567 1959 π
2580 1903 2612 1959 α

2064 1903 2111 1930 υ
2245 1903 2252 1907 ⁷
2528 1903 2955 1977 πανσηληνον
2995 1903 3383 1984 διαφωνίας.

454 2033 680 2104 Optime
709 2052 850 2092 sane
879 2039 937 2092 et
984 2052 1161 2107 quam
1212 2035 1344 2106 quis
1391 2035 1682 2092 existimet
1729 2034 2034 2107 pulchrius

2215 2037 2438 2105 ’Ἃριστα
2486 2033 2580 2105 μὶν
2639 2033 2879 2101 πέντων,
2930 2034 3020 2087 καὶ
3077 2033 3152 2094 ὡς
3212 2032 3312 2087 οὐκ
3369 2029 3427 2086 ἄν
3481 2053 3563 2093 τις
3627 2032 3788 2103 ᾠήθη

380 2119 533 2177 hanc
590 2125 853 2180 tabulam
898 2130 1098 2181 Patres
1143 2125 1281 2181 olim
1329 2125 1748 2182 condiderunt:
1798 2140 1921 2196 qum
1970 2141 1983 2179 ι

2189 2119 2375 2176 ἰλλιον
2433 2121 2493 2175 τὸ
2547 2121 2718 2194 παρὸν
2767 2121 3014 2176 κανόνιον
3068 2126 3185 2183 τοῖς
3233 2122 3471 2195 Πατράσι
3520 2122 3792 2175 συντίθθει-

378 2210 648 2281 triusque
679 2213 988 2270 luminaria
1016 2214 1230 2286 cyclos,
1280 2213 1420 2270 solis
1466 2213 1597 2269 dico
1637 2229 1702 2271 ac
1732 2213 1901 2278 luna,
1931 2230 1981 2269 ει

2187 2228 2269 2263 ιιδ
2327 2210 2455 2273 τοὺς
2523 2213 2626 2285 γὰρ
2683 2211 2920 2274 κύκλους
2993 2211 3320 2291 ἀμφοτέρων
3375 2216 3484 2266 τῶν
3561 2212 3790 2288 φώτων,

378 2299 588 2356 tremis
618 2302 708 2356 sui
733 2303 1023 2359 columnis
1051 2302 1304 2367 exhibet,
1335 2307 1394 2359 et
1429 2302 1587 2374 cyclo
1619 2304 1857 2374 quidem
1885 2302 1981 2358 lun

2186 2297 2307 2353 λίου
2345 2321 2425 2371 τε,
2459 2300 2627 2375 φημὶ,
2661 2300 2749 2354 καὶ
2785 2299 3045 2371 σελήνης,
3075 2306 3191 2362 τοῖς
3223 2294 3324 2372 ἔξω
3361 2296 3619 2361 σελιὸίοις
3653 2296 3789 2375 ἔχον

378 2395 562 2469 legale
593 2392 814 2449 Pascha
843 2407 1020 2464 prope
1048 2409 1250 2448 verum
1288 2393 1565 2461 ostendit,
1610 2392 1791 2451 altero
1838 2397 1981 2451 ante}

2189 2389 2574 2461 ερικειμένους,
2606 2394 2684 2460 τῷ
2717 2390 2810 2463 μὲν
2850 2396 2949 2458 τῆς
2982 2389 3221 2461 σελήνης
3265 2387 3479 2461 κύκλῳ,
3508 2389 3568 2442 τὸ
3616 2409 3792 2460 νομι-

380 2485 522 2542 solis
552 2482 971 2547 Christianum,
1001 2482 1159 2554 quod
1205 2483 1265 2537 in
1304 2482 1506 2538 eadem
1566 2489 1723 2537 recta
1764 2481 1916 2538 linea
1946 2483 1983 2537 Ιε

2188 2479 2237 2533 ὅτ
2270 2478 2421 2551 ἐγγὺς
2472 2476 2532 2533 ὃν
2583 2475 2821 2533 δείκνυσι
2857 2475 3085 2553 Πάσχα,
3114 2482 3194 2548 τῷ
3239 2475 3295 2531 δὲ
3343 2482 3439 2533 τοῦ
3485 2476 3670 2546 ἡλίου,
3722 2480 3791 2533 τὸ

381 2573 493 2645 gali
515 2572 762 2643 adjacet.
794 2572 1003 2626 Annon
1033 2570 1224 2642 igitur
1252 2569 1454 2626 littera
1476 2570 1597 2626 istm
1616 2580 1750 2626 sunt
1774 2571 1984 2627 illustri

2191 2567 2546 2640 ριστιανικὸν,
2597 2566 2685 2622 ἐπὶ
2732 2573 2831 2635 τῆς
2878 2567 3049 2636 αὐτῆς
3110 2561 3234 2621 ἔνθα
3293 2566 3381 2621 καὶ
3435 2568 3497 2621 τὸ
3554 2567 3787 2639 νομικὸν

380 2661 642 2734 ipsarum
678 2658 870 2714 rerum
904 2658 1191 2731 imagines
1213 2659 1243 2714 ?
1270 2659 1479 2714 Annon
1512 2659 1816 2730 utriusque
1834 2659 1983 2716 Teati

2188 2656 2389 2727 είμενον
2438 2655 2667 2718 εὐθείας.
2710 2657 2827 2731 Ἆρ’
2877 2654 2970 2711 οὖν
3013 2654 3114 2711 οὐκ
3152 2656 3375 2729 ἐναργὴς
3417 2657 3485 2710 τὲ
3534 2661 3791 2729 στοιχεῖα

384 2750 562 2808 menti
595 2748 988 2806 differentiam
1031 2748 1258 2821 egregie
1302 2749 1647 2821 exponunt?
1687 2750 1846 2806 Luna
1875 2750 1987 2805 enin

2183 2746 2296 2799 κυτί
2340 2750 2448 2799 τῶν
2496 2746 2828 2820 πραγμάτων
2880 2744 3079 2814 εἶκών;
3129 2747 3248 2818 'Ap’
3303 2744 3401 2800 οὐκ
3455 2745 3786 2821 ἀμφοτέρων

384 2838 698 2896 ascititiam
740 2837 926 2908 legem
976 2843 1416 2907 representans,
1468 2854 1592 2909 qua
1639 2841 1697 2894 in
1740 2848 1907 2895 nocte
1938 2855 1987 2910 p4

2187 2835 2394 2907 ηρύττει
2445 2839 2552 2889 τῶν
2599 2836 2880 2905 Διαθηκῶν
2927 2833 3202 2909 ἐπιφανῶς
3256 2834 3318 2889 τὸ
3367 2832 3667 2911 διάφορονς
3721 2839 3790 2891 Ἡ

382 2928 683 2998 lytheismi
701 2926 1036 2992 illustravit,
1061 2927 1217 2983 haud
1240 2926 1566 2983 clarissime
1584 2932 1805 2994 tamen,
1824 2943 1985 2983 verat

2186 2924 2240 2996 Ξιρ
2300 2921 2506 2993 σελήνη
2558 2924 2649 2977 τὸν
2698 2921 3012 2978 ἐπείσακτον
3064 2922 3398 2993 εἰκονίζουσα
3445 2924 3639 2996 νόμον,
3688 2922 3789 2977 τὸν

384 3017 482 3073 Dei
523 3017 816 3081 notitiam,
874 3015 1170 3072 ineﬂ’abile
1216 3014 1511 3087 plerisque
1560 3016 1987 3085 mysterium;¢

2187 3035 2193 3060 ν
2246 3018 2315 3086 τῇ
2366 3013 2518 3067 νυκτί
2565 3020 2663 3082 τῆς
2714 3012 2982 3069 πολυθέου
3041 3012 3253 3083 πλάνης
3302 3009 3559 3086 ἀμυδρῶς
3614 3013 3790 3088 αὐγά-

384 3105 624 3178 quidem
654 3105 974 3177 perfectum
1006 3103 1331 3176 triplexque
1377 3104 1618 3160 Deitatis
1656 3105 1836 3175 iubar
1862 3120 1987 3175 qua:

2186 3123 2299 3156 )ντα
2346 3102 2448 3169 τήν
2495 3109 2598 3170 τῆς
2647 3102 2972 3176 θεογνωσίας
3022 3103 3306 3173 ἀλήθειαν,
3358 3099 3667 3177 ἀπόρῥητον
3724 3100 3789 3157 ὃν

387 3195 643 3251 tenebris
685 3194 1048 3263 obvolutum,
1097 3211 1213 3250 non
1262 3194 1389 3251 sine
1432 3194 1657 3250 ratione
1701 3193 1882 3265 legale
1919 3194 1990 3250 Ps

2189 3195 2257 3251 ›ῖς
2293 3188 2593 3259 πλείστοις,
2628 3192 2722 3245 οἷα
2769 3193 3092 3266 μυστήριον,
3138 3190 3226 3246 καὶ
3277 3189 3460 3265 ὥσπερ
3504 3189 3555 3245 ἐν
3605 3191 3792 3246 σκότει

2219 3276 2239 3296 ‘
2377 3277 2389 3296 Ι
2648 3280 2662 3296 \
2772 3278 2809 3296 ΙΝ
3035 3286 3060 3296 ο
3338 3279 3393 3296 ‘1
3524 3287 3554 3296 Α
3603 3279 3615 3296 1

386 3283 526 3340 scha
548 3283 822 3340 ostendit.
856 3283 950 3340 Sol
996 3289 1188 3342 autem
1233 3281 1509 3339 omnibus
1550 3292 1786 3352 aspectu
1834 3287 1989 3353 grati:

2191 3276 2557 3350 αλυπτόμενον
2611 3280 2673 3334 τὸ
2730 3278 2937 3334 τέλειον
2995 3286 3098 3348 τῆς
3172 3279 3461 3351 τρισηλίου
3519 3279 3794 3351 Θεότητος

390 3372 491 3443 qui
549 3371 888 3445 pmiargam
945 3373 1144 3441 gratiis
1210 3370 1705 3440 dispensationem
1782 3370 1993 3443 imagis

2191 3371 2285 3435 ὣς,
2345 3365 2443 3421 οὐκ
2496 3363 2598 3437 ἔξω
2654 3365 2842 3443 λόγου,
2904 3369 2994 3423 καὶ
3049 3369 3111 3423 τὸ
3168 3373 3265 3424 τοῦ
3319 3370 3492 3440 νόμου
3553 3367 3794 3425 δείκνυσι

391 3462 647 3531 quadam
680 3462 928 3532 prafert,
961 3466 1019 3516 et
1047 3460 1268 3517 clarum
1318 3467 1371 3515 et
1416 3465 1706 3531 apertum.
1753 3464 1994 3531 tanquat

2194 3455 2357 3530 ἀσχα.
2388 3457 2495 3523 Τὴν
2531 3454 2586 3511 δὲ
2626 3456 2893 3512 πλουσίαν
2946 3456 3224 3527 εἷκονίζων
3266 3465 3364 3527 τῆς
3415 3459 3640 3533 χάριτος
3700 3455 3797 3530 δᾳ-

385 3549 449 3605 in
482 3550 724 3607 meridie
753 3550 1010 3607 veritatis
1051 3551 1300 3618 radium,
1330 3555 1388 3606 et
1429 3549 1738 3607 Trinitatis
1785 3549 1988 3621 agniti:

2190 3544 2372 3619 ουχίαν
2414 3545 2442 3600 ὁ
2496 3551 2654 3599 πᾶσιν
2705 3543 2842 3614 ἡδὺς
2895 3543 3026 3601 ἰδεῖν
3068 3544 3253 3617 ἥλιος,
3304 3544 3390 3602 καί
3440 3548 3537 3617 τὴν
3584 3549 3793 3622 τρανὴν

387 3654 545 3705 nem,
579 3655 753 3711 quam
790 3641 876 3696 sol
922 3639 1164 3710 justitia»
1206 3639 1499 3707 explicuit,
1554 3639 1771 3710 pariter
1816 3645 1871 3694 et
1915 3654 1990 3693 vel

2195 3633 2233 3687 ιί
2262 3632 2784 3707 ἀνακεκαλυμμένην
2820 3636 2895 3696 ὡς
2944 3634 2996 3689 ἐν
3031 3631 3354 3709 μεσημϐρίᾳ
3398 3642 3497 3705 τῆς
3526 3634 3798 3706 ἀληθείας

383 3726 685 3784 Paschatls
737 3733 1210 3797 praemonstrator
1252 3728 1528 3783 ostendit.
1586 3727 1870 3793 Quoniam
1900 3743 1986 3782 νει

2197 3728 2356 3791 ιτῖνα,
2406 3723 2494 3777 καὶ
2545 3725 2646 3793 τήν
2702 3730 2800 3793 τῆς
2849 3721 3078 3799 Τριάδος
3125 3723 3441 3801 ἐπίγνωσιν,
3482 3726 3545 3794 ἣν
3603 3727 3631 3780 ὁ
3689 3732 3800 3795 τῆς

385 3814 475 3871 lex
507 3817 788 3886 integram
820 3818 973 3873 lunas
998 3818 1300 3889 periodum
1348 3832 1607 3873 mensem
1639 3831 1845 3873 vocare
1865 3815 1988 3871 sole

2203 3810 2490 3881 καιοσύνης
2536 3816 2696 3867 πᾶσιν
2739 3810 3064 3890 ὲφήπλωσεν
3115 3811 3300 3882 ἥλινς,
3350 3814 3656 3892 ὁφηγητὴς,
3709 3814 3798 3869 εἰ-

384 3905 596 3977 dieque
623 3906 695 3961 15
720 3906 893 3976 primi
942 3905 1187 3977 hujusce
1219 3906 1435 3963 mensis
1478 3905 1699 3961 Pascha
1740 3904 1987 3961 celebrat

2190 3899 2319 3961 ὅτως
2375 3901 2466 3954 καὶ
2523 3906 2619 3955 τοῦ
2684 3900 2954 3971 ἀληθινοῦ
3014 3904 3207 3981 Πάσχα
3278 3899 3566 3961 δείκνυται.
3626 3902 3793 3961 Ἀλλ’

384 3994 525 4050 dum
544 3995 830 4063 decernit,
862 4000 1035 4067 atque
1063 3995 1354 4052 nobismet
1394 3994 1570 4052 moris
1600 3999 1686 4050 est
1714 3994 1987 4052 secundm

2189 3984 2332 4056 τειδὲ,
2364 3990 2466 4063 γὰρ
2497 3990 2524 4044 ὁ
2573 3991 2743 4061 νόμος
2776 3993 2874 4059 τὴν
2921 3994 3020 4059 τῆς
3052 3990 3285 4062 σελήνης
3335 3990 3646 4067 ὁλόκληρον
3678 4013 3792 4048 πε-

383 4088 725 4154 computum
786 4085 1111 4141 Romanum
1172 4101 1399 4141 menses
1458 4083 1588 4139 illos
1632 4083 1841 4150 metiri,
1875 4099 1986 4139 con

2193 4075 2327 4133 ίοδον
2382 4085 2527 4150 μῆνα
2576 4081 2761 4134 καλεῖν
2810 4081 3008 4147 εἰώθει,
3061 4082 3150 4135 καὶ
3193 4084 3263 4154 τῇ
3318 4083 3373 4137 ιε’
3418 4086 3514 4136 τοῦ
3561 4082 3796 4156 πρώτου

384 4173 553 4228 mode
584 4179 814 4245 reperta
842 4180 928 4229 est
968 4190 1225 4246 prmaens
1256 4173 1475 4239 tabula,
1526 4190 1640 4244 qua
1686 4173 1987 4229 ostendito

2191 4163 2314 4231 ὖτῆς
2372 4168 2543 4239 μηνὸς
2606 4168 2668 4222 τὸ
2728 4169 2921 4243 Πάσχα
2976 4171 3213 4240 θεσπίζει
3284 4168 3484 4241 τελεῖν,
3532 4172 3670 4244 ἡμῖν
3730 4169 3794 4227 δὲ

384 4262 660 4332 quoniam
711 4261 805 4317 die
862 4262 1084 4318 mensis
1133 4261 1386 4333 alicujus
1434 4262 1677 4318 Romani
1736 4262 1987 4331 contingi

2191 4256 2373 4317 αὐτους
2423 4257 2557 4311 κατά
2605 4258 2909 4329 Ῥωμαίους
2951 4257 3066 4320 ἔθος
3114 4265 3349 4333 μετρεῖν,
3382 4259 3679 4338 χρησίμως
3724 4263 3794 4316 τὸ

385 4350 554 4418 primi
606 4350 826 4406 mensis
882 4350 1104 4407 lunaris
1171 4350 1583 4422 plenilunium,
1647 4349 1906 4421 itemque
1972 4351 1988 4404 i

2192 4347 2319 4416 αρὸν
2371 4347 2594 4417 εὕρηται
2643 4349 2912 4414 κανόνιον,
2966 4347 3315 4406 ὑποδεικνύον
3364 4351 3456 4404 τὸν
3494 4349 3792 4424 πλησιφοιῆ

380 4454 558 4509 quam
590 4439 933 4509 septimanae
951 4439 1103 4494 diem
1135 4454 1238 4495 seu
1266 4438 1470 4495 feriam
1498 4437 1608 4494 iste
1652 4438 1778 4494 dies
1823 4439 1983 4493 cadat

2188 4439 2243 4488 οὗ
2310 4436 2531 4508 πρώτου
2594 4437 2767 4508 μηνὸς
2827 4444 2924 4505 τῆς
2973 4437 3206 4508 σελήνης
3262 4441 3672 4512 σχηματισμὸν,
3735 4440 3791 4495 ἐν

382 4527 467 4582 ita
498 4530 561 4582 ut
592 4543 700 4585 nos
729 4526 866 4583 inde
899 4528 969 4582 ad
996 4526 1198 4585 feriam
1241 4527 1492 4597 primam
1524 4532 1849 4597 pergentes,
1882 4527 1985 4583 hau

2191 4523 2277 4594 οίᾳ
2306 4529 2401 4578 τοῦ
2451 4530 2761 4596 Ῥωμαϊκοῦ
2796 4528 2965 4597 μηνὸς
3014 4531 3189 4601 ποστῇ
3220 4527 3421 4601 γίνεται
3455 4549 3467 4562 ο
3509 4529 3596 4583 καὶ
3646 4527 3791 4600 αὕτη

382 4615 571 4687 ignari
615 4615 856 4687 quinam
900 4617 1114 4671 mensis
1164 4615 1289 4671 dies
1340 4616 1493 4671 idem
1530 4613 1626 4671 ille
1674 4614 1771 4682 sit,
1812 4615 1985 4671 Pasch

2191 4611 2305 4666 ὶλιν
2356 4612 2406 4667 ἐν
2458 4614 2588 4685 ποίᾳ
2635 4617 2895 4688 τυγχάνει
2933 4621 3035 4682 τῆς
3082 4613 3387 4690 ἑϐδομάδος
3436 4618 3615 4692 ἡμέρᾳ
3648 4639 3660 4651 ·
3710 4617 3794 4673 ’ἶν’

381 4707 649 4759 nostrum
679 4710 836 4760 certa
864 4704 1088 4761 ratione
1117 4704 1498 4762 celebremus.

2190 4710 2299 4764 αεῖς
2332 4701 2528 4758 ἐκεῖθεν
2579 4702 2665 4758 ἐπὶ
2704 4706 2803 4775 τήν
2835 4706 3061 4779 πρώτην
3110 4709 3208 4776 τῆς
3265 4702 3568 4781 ἑϐδομάδος
3596 4705 3793 4762 ἐλθόν·-

379 4810 489 4859 τες,
538 4790 628 4845 καὶ
683 4792 784 4860 τὴν
849 4793 968 4847 κατ’
1033 4792 1202 4862 αὐτὴν
1248 4790 1554 4852 αὖθιςτοῦ
1619 4790 1794 4865 μηνὸς
1851 4791 2067 4865 γνόντες
2132 4794 2357 4861 ποστὴν,
2422 4799 2478 4848 τὸ
2527 4794 2794 4867 ἡμέτερον
2854 4796 3050 4871 Πάσχα
3110 4791 3344 4869 βεϐαίως
3396 4797 3795 4873 πανηγυρίζω-

383 4897 502 4951 μεν.

449 4970 728 5027 Ceterum
754 4971 910 5029 circa
939 4971 1165 5029 Pascha
1196 4976 1467 5029 nostrum
1496 4976 1748 5044 quatuor
1774 4979 1912 5028 sunt
1933 4972 2021 5027 de

2203 4970 2467 5044 Τὲσσαρες
2516 4968 2574 5027 δέ
2633 4973 2763 5029 εἰσιν
2807 4974 2859 5029 οἱ
2916 4973 3224 5051 ἀναγκαίως
3277 4975 3603 5049 ζητούμενοι
3651 4977 3790 5051 περὶ

383 5060 823 5117 terminationes
839 5060 1161 5118 necessario
1182 5061 1579 5132 exquirendae;
1607 5060 1864 5131 aquibus
1884 5061 1986 5117 due

2189 5071 2199 5112 ι
2230 5062 2496 5137 ἡμέτερον
2528 5067 2689 5117 τοῦτο
2741 5065 2933 5140 Πάσχα
2965 5062 3243 5139 διορισμοί
3277 5084 3290 5099 ⁸
3343 5062 3440 5120 δύο
3479 5066 3592 5139 μὶν,
3626 5063 3721 5127 οὓς
3760 5067 3792 5121 ὁ

380 5149 618 5221 quidem
647 5148 857 5206 statuit
885 5166 1068 5206 canon
1105 5149 1479 5220 apostolicus,
1531 5153 1595 5206 ut
1638 5166 1814 5222 supra
1844 5150 1903 5205 in
1935 5166 1983 5206 οε

2188 5150 2501 5212 τοστολικὸς
2551 5152 2789 5221 θεσπίζει
2835 5154 3030 5224 κανὼν⁹
3063 5153 3140 5215 ὡς
3180 5152 3232 5208 ἐν
3265 5173 3278 5185 ⁸
3326 5158 3407 5226 τῷ
3453 5157 3548 5209 τοῦ
3582 5159 3791 5233 Πάσχα

384 5238 498 5308 pite
527 5239 598 5295 de
627 5238 905 5296 Paschate
935 5239 1138 5296 litterae
1168 5240 1218 5296 Ii
1260 5239 1509 5295 diximus
1536 5256 1549 5293 :
1600 5238 1815 5310 quibus
1860 5254 1987 5296 acce

2188 5236 2420 5316 εφαλαίῳ
2464 5239 2568 5308 πρὸ
2625 5240 2861 5319 βραχέος
2909 5241 3227 5316 εἰρήκαμεν,
3279 5242 3369 5299 καὶ
3421 5239 3540 5313 δύο,
3590 5243 3675 5303 οἷς
3733 5242 3791 5313 ἒξ

383 5327 532 5382 dunt
561 5327 691 5382 dum
736 5327 863 5383 alia
910 5342 981 5383 ex
1027 5327 1337 5383 traditione
1384 5344 1498 5383 non
1546 5330 1780 5398 scripta.
1834 5327 1986 5382 Prim

2189 5328 2385 5403 γράφου
2417 5330 2688 5404 χρώμεθα
2718 5326 3067 5403 παραδόσεως
3100 5350 3111 5361 ·
3166 5337 3232 5399 α’,
3260 5331 3343 5385 ὅτι
3378 5327 3459 5385 δεῖ
3493 5331 3627 5404 μετὰ
3660 5329 3792 5401 ἰση-

382 5414 558 5484 igitur
585 5422 674 5473 est
701 5417 854 5489 quod
897 5416 1119 5472 Pascha
1149 5422 1280 5488 post
1327 5416 1738 5489 aequinoctium
1786 5432 1985 5473 verum

2186 5417 2329 5488 ερίαν
2362 5416 2578 5488 ἐαρινὴν
2625 5420 2687 5474 τὸ
2724 5420 2917 5497 Πάσχα
2965 5417 3229 5475 ἐπιτελεῖν
3261 5438 3274 5451 ·
3314 5420 3381 5494 β’,
3432 5418 3515 5474 ὅτι
3563 5420 3628 5473 οὐ
3677 5423 3788 5491 τὴν

385 5502 675 5561 celebrare
704 5510 969 5577 oportet:
1002 5507 1279 5573 secunda,
1330 5507 1487 5578 quod
1519 5522 1636 5562 non
1666 5506 1867 5562 eodem
1908 5506 1988 5561 die

2190 5505 2302 5574 ίτήν
2356 5507 2563 5579 ἡμέραν
2612 5515 2713 5577 τῆς
2765 5505 3071 5577 Ἰουδαϊκῆς
3117 5506 3343 5578 "celet-r1”:
3378 5528 3389 5539 '
3423 5509 3492 5584 γ’,
3539 5509 3625 5563 ὅτι
3669 5510 3793 5585 οὐχ

455 5682 534 5752 (1)
560 5683 725 5753 Apud
753 5683 1103 5743 Cotelerium
1133 5686 1195 5743 in
1222 5685 1583 5743 leuamenti:
1612 5686 1867 5744 Ecclesiae
1893 5685 2121 5754 Graece,
2151 5688 2272 5742 tom
2302 5687 2407 5755 Ill,
2439 5703 2495 5759 p.
2526 5689 2657 5755 646,
2684 5705 2754 5745 ex
2782 5689 2953 5746 codd.
2983 5689 3206 5746 Joliano
3235 5692 3294 5746 et
3322 5688 3461 5760 Reg.
