4080 6224
273 311 334 375 97
1266 306 1692 374 SYNTAGMA
1733 312 2376 381 ALPHABETIGUM.
2423 349 2501 362 —
2543 298 2612 376 ιι.
3559 303 3640 381 98

269 445 435 504 ἁπλῶς
468 445 580 516 μετ’
628 441 936 517 ἰσημερίαν,
967 441 1112 498 ἀλλά
1163 445 1298 516 μετὰ
1345 445 1446 514 τὴν
1497 446 1720 518 πρώτην
1753 448 1867 520 μετ’

1982 450 2080 523 qui
2111 451 2365 508 Judaicas
2395 448 2780 506 observationi
2825 447 3185 504 destinatur:
3235 446 3430 518 tertia,
3470 449 3627 520 quod

271 534 522 608 ἰσθμερίαν
554 531 892 601 πανσέληνον
929 553 941 564 ο
973 533 1063 588 καί
1099 531 1162 596 δ’.
1196 535 1278 588 δτι
1309 535 1398 588 καί
1433 535 1566 607 μετά
1594 537 1694 604 τήν
1742 559 1879 592 παν-

269 623 494 692 σέληνον,
543 622 702 685 εὐθὺς
743 627 845 691 τῆς
903 616 1210 695 ἑϐδομάδος
1269 623 1482 698 πρώτῃ.
1531 626 1646 680 Ἵνα
1697 625 1877 681 τοίνυν

264 711 341 768 καί
369 713 416 766 οἱ
442 713 691 784 τέσσαρες
720 709 872 765 οὗτοι
912 708 1194 786 διορισμοί
1238 716 1397 766 πᾶσιν
1447 711 1640 783 ἐπίσης
1687 711 1876 787 διατη-

267 807 437 876 ρῶνται
466 805 654 878 σοφοῖς
683 820 744 855 τε
789 800 878 854 καί
913 796 1181 864 ἰδιώταις,
1212 800 1301 855 καί
1349 801 1400 855 οἱ
1431 801 1530 856 ἀνά
1575 807 1745 857 πᾶσαν
1775 805 1874 872 τήν

264 888 562 962 οἰκουμένην
610 889 932 958 Χριστιανοὶ
980 889 1073 944 τὸν
1102 889 1264 944 αὐτὸν
1315 889 1610 963 ἐορτάζωσι
1649 892 1875 966 χρόνον,

261 981 336 1035 καί
384 981 454 1051 μη
501 979 856 1052 ἀστρονόμων
906 977 1160 1034 ἑκάστοτε
1207 976 1452 1050 δέωνται,
1497 980 1558 1034 τὸ
1607 980 1776 1054 παρὸν
1823 983 1874 1036 οἱ

261 1068 466 1141 Πατέρες
523 1069 688 1140 ἡμῶν
747 1067 993 1121 κανόνιον
1048 1067 1425 1142 συντετάχασι,
1475 1069 1566 1122 καὶ
1622 1073 1691 1142 τῇ
1751 1071 1874 1125 Ἐκ-

258 1159 438 1229 ιιλησίᾳ
483 1154 954 1231 παραδεδώκασιν,
1003 1158 1276 1228 οἰηθέντες
1327 1155 1398 1213 δι’
1453 1159 1620 1212 αὐτοῦ
1669 1158 1875 1234 μηδένα

255 1253 345 1302 τῶν
396 1247 672 1321 ῥηθέντων
729 1244 1178 1324 προσδιορισμῶν
1235 1245 1614 1304 καταλύεσθαι.
1679 1248 1872 1325 Εῗργαο

257 1357 353 1392 cui
393 1331 450 1390 δὲ
492 1335 682 1398 αὐτοῖς
737 1337 767 1391 ό
816 1334 992 1390 κανὼν
1057 1334 1202 1390 οὕτω
1236 1355 1248 1368 °
1313 1330 1572 1399 λαϐόντες
1633 1338 1697 1391 ιθ¹
1752 1338 1874 1408 ἑξῆς

254 1423 503 1486 ἐνιαυτοὺς
549 1423 682 1486 τοὺς
723 1424 831 1480 ἀπὸ
876 1429 977 1480 τοῦ
1033 1422 1204 1500 ’ςσλγ’
1245 1418 1397 1487 ἔτους
1453 1425 1560 1480 ἀπὸ
1617 1417 1872 1501 γενέσεως

253 1513 456 1587 κόσμου,
486 1515 663 1592 μέχρι
711 1519 809 1570 τοῦ
848 1520 1025 1589 ,ςσνα⁸,
1055 1513 1144 1568 καὶ
1190 1511 1640 1590 ἐπιλογισάμενοι
1687 1515 1784 1586 τήν
1817 1517 1868 1571 ἐν

252 1603 434 1676 ἑκάστῳ
473 1603 658 1658 αὐτῶν
709 1603 849 1676 μετά
891 1604 993 1673 τὴν
1042 1602 1260 1677 ἐαρινὴν
1313 1602 1600 1676 ἰσημερίαν
1643 1605 1867 1678 πρώτην

251 1691 560 1762 πανσέληνον
613 1685 890 1762 (ἐπέϐαινε
921 1691 976 1746 δὲ
1023 1695 1123 1746 τοῦ
1161 1695 1261 1758 τῆς
1307 1690 1596 1767 ἰσημερίας
1638 1693 1869 1766 σημείου

1989 557 2102 598 non
2143 539 2488 614 simpliciter
2545 546 2672 610 post
2728 537 3166 610 mquinoctinm,
3226 539 3322 593 sed
3381 541 3440 592 et
3499 544 3631 606 post

1988 631 2240 700 primum
2276 629 2688 702 plenilunium,
2721 627 2874 700 quod
2900 625 3315 698 aequinoctium
3345 627 3630 698 sequitur.

1985 720 2128 775 Dein
2159 724 2368 792 quarta
2388 717 2659 774 limitatio
2683 722 2772 773 est
2803 716 3023 783 isthasc,
3047 717 3196 787 quod
3219 715 3408 786 primo
3428 715 3629 772 statim

1986 809 2324 880 septimana
2355 808 2448 862 die
2496 810 2628 879 post
2659 804 3062 878 plenilunium.
3106 804 3326 860 Idcirco
3373 809 3437 860 ut
3485 821 3633 877 qua-

1985 902 2120 952 tuor
2151 897 2274 953 istis
2305 896 2681 951 limitationes
2711 893 2784 948 ab
2833 892 3104 950 omnibus
3134 891 3369 964 pariter,
3401 894 3638 963 sapien-

1984 985 2140 1041 tibus
2195 993 2251 1042 et
2291 983 2509 1051 idiotis,
2566 983 3038 1048 observarentur,
3074 987 3129 1036 et
3175 979 3485 1036 Christiani
3536 997 3638 1053 per

1983 1077 2170 1129 totum
2204 1078 2488 1128 terrarum
2529 1071 2728 1127 orbem
2775 1070 2977 1124 eodem
3026 1075 3286 1139 tempore
3316 1085 3436 1124 una
3464 1070 3632 1125 feria-

1984 1167 2205 1229 rentur,
2239 1177 2430 1234 neque
2470 1161 2686 1233 passim
2738 1157 3091 1214 astronomia
3137 1173 3287 1229 opus
3334 1159 3631 1222 baberent,

1983 1251 2174 1308 Patres
2202 1251 2387 1307 nostri
2419 1250 2679 1306 tabulam
2713 1250 2886 1304 istam
2940 1247 3313 1312 fabricarunt,
3357 1250 3414 1302 et
3444 1249 3632 1304 Eccle-

1977 1344 2078 1400 sia
2130 1343 2512 1410 tradiderunt,
2562 1342 2968 1398 existimantes
3017 1355 3120 1411 per
3164 1338 3329 1394 illam
3375 1353 3502 1410 quae
3551 1341 3621 1395 ad

1979 1433 2234 1489 debitam
2264 1431 2670 1488 limitationem
2699 1429 2912 1501 requiri
2937 1429 3060 1499 jam
3106 1427 3387 1496 diximus,
3427 1427 3633 1484 omnia

1979 1522 2256 1578 inviolata
2299 1521 2536 1578 servari.
2586 1519 2988 1576 Condiderunt
3037 1525 3228 1573 autem
3278 1517 3533 1573 tabulam
3570 1521 3634 1573 il-

1978 1612 2097 1668 lam
2126 1611 2237 1668 hoc
2268 1612 2472 1667 modo:
2501 1607 2768 1680 Acceptis
2819 1607 2885 1662 19
2933 1606 3139 1664 ordine
3175 1605 3346 1662 annis
3376 1605 3448 1661 ab
3478 1621 3632 1661 anno

1979 1699 2136 1756 orbis
2167 1699 2382 1755 conditi
2423 1697 2611 1755 sexies
2661 1695 2971 1753 millesimo
3017 1692 3416 1751 ducentesimo
3463 1695 3633 1750 trice-

250 1786 514 1852 τηνικαῦτα
564 1783 594 1836 ὁ
647 1781 835 1854 ἣλιος,
886 1785 975 1840 ὅτε
1021 1790 1140 1846 τοῖς
1199 1785 1439 1858 Πατρᾶσι
1486 1789 1652 1841 ταῦτα
1711 1785 1867 1841 ἐσκο-

1981 1788 2130 1844 simo
2156 1789 2350 1855 tertio,
2401 1801 2586 1860 usque
2635 1788 2704 1841 ad
2757 1800 2978 1840 annum
3021 1784 3185 1848 6251.
3238 1787 3636 1855 supputarunt

249 1876 399 1944 κεῖτο,
427 1873 526 1942 την
557 1872 790 1946 πρώτην
821 1873 916 1927 καί
965 1873 1217 1942 εἰκοστῆν
1245 1878 1352 1952 τοῦ,
1392 1875 1636 1950 Μαρτίου
1671 1876 1866 1948 μηνὸς,

247 1963 310 2024 ὡς
337 1964 396 2016 τὰ
420 1958 576 2023 ἰδίως
605 1963 748 2034 ἡμῖν
793 1959 1067 2017 ἐντεθέντα
1101 1967 1286 2042 σαφῶς
1317 1961 1548 2032 δηλοῦσι
1598 1965 1867 2039 κανόνια),

247 2047 630 2121 ἐσημειώσαντο
676 2050 768 2103 καὶ
800 2051 959 2104 ποίαν
1007 2056 1106 2104 τοῦ
1155 2051 1396 2122 Μαρτίου
1441 2052 1476 2121 ἢ
1530 2055 1626 2106 τοῦ
1675 2052 1870 2125 Ἀπρι-

247 2137 354 2191 λίου
407 2132 689 2210 συμϐαίνει
747 2142 856 2192 τῶν
911 2139 1261 2208 πανσελήνων
1320 2138 1548 2209 ἑκάστην
1602 2141 1865 2215 γίνεσθαι.

249 2221 616 2300 Πφιλαὸόντες
676 2225 771 2282 οὖν
823 2229 922 2295 τήν
981 2226 1423 2283 ἐννεακαιδεκίδα
1485 2229 1689 2299 ταύτην
1761 2234 1869 2285 τῶν

247 2316 361 2372 ἐτῶν
411 2337 466 2372 τε
517 2318 610 2370 καί
688 2315 1042 2388 πανσελήνων
1098 2318 1175 2372 ἐνὶ
1250 2319 1491 2390 κανονίφ
1544 2315 1640 2372 δύο
1695 2317 1868 2394 περιέ-

249 2426 382 2480 χοντι
427 2405 658 2476 σελίδια,
713 2407 803 2461 καὶ
849 2407 1015 2482 μέχρι
1062 2408 1388 2478 τριακοσίων
1435 2407 1568 2462 ἑτῶν
1613 2407 1706 2468 τὰς
1751 2407 1868 2480 μετ’

250 2495 511 2570 ἰσημερίαν
563 2496 788 2571 ἐαρινὴν
835 2499 933 2550 τοῦ
977 2497 1201 2572 πρώτου
1265 2497 1436 2568 μηνὸς
1495 2495 1866 2567 πανσελήνους

247 2591 351 2644 ταῖς
375 2584 556 2646 αὐταῖς
603 2589 718 2639 τῶν
767 2589 956 2658 μηνῶν
1005 2585 1332 2657 συμπίπτειν
1380 2585 1611 2658 ἡμέραις
1659 2589 1869 2657 σκοπή-

253 2693 436 2742 σαντες,
489 2677 560 2747 τῇ
620 2674 814 2750 ἐφεξῆς
871 2673 1232 2744 ἀνακυκλήσει
1290 2679 1400 2730 τῶν
1467 2672 1869 2730 ἐννεακαιδεκα·

255 2760 514 2836 ετηρίδων,
544 2763 730 2836 τούτῳ
759 2765 896 2836 ἡμῖν
925 2764 1164 2839 χρῆσθαι
1202 2769 1282 2836 τῷ
1311 2763 1496 2819 κανόνι
1545 2762 1868 2836 παρέδοσαν,

250 2851 365 2906 κατά
402 2873 462 2927 γε
507 2855 578 2908 τὰ
624 2853 752 2922 ἑξῆς
807 2853 1016 2907 ἅπαντα
1071 2851 1189 2922 ἔτη,
1240 2853 1316 2915 ὡς
1375 2852 1475 2908 οὐκ
1529 2851 1730 2909 ἄτοπον
1789 2852 1869 2922 ὃν,

249 2938 356 2997 οὐδὲ
396 2945 464 3016 τῇ
521 2937 772 3014 εὐσεϐείᾳ
819 2939 1254 3016 λυμαινόμενον,
1294 2941 1343 2998 εἴ
1390 2943 1535 3020 παρὰ
1580 2945 1679 3012 τήν
1731 2941 1870 2998 ἀνώ-

250 3029 405 3101 μαλον
451 3033 550 3098 τῆς
599 3029 842 3102 σελήνης
889 3030 1121 3100 κίνησιν,
1177 3033 1314 3106 μετά
1361 3033 1462 3103 τήν
1518 3031 1870 3106 ἐξαρίθμησιν

247 3123 337 3173 τῶν
363 3121 630 3193 ῥηθέντων
658 3120 704 3173 τ’
733 3119 891 3188 ἐτῶν,
923 3121 952 3174 ὁ
999 3120 1177 3174 κανὼν
1229 3119 1442 3190 οὑτοσὶ,
1477 3122 1554 3193 μὴ
1603 3121 1739 3188 κατὰ
1766 3126 1865 3187 τήν

1983 1878 2235 1950 primum
2261 1876 2650 1950 plenilunium
2674 1874 2731 1928 in
2755 1872 3006 1945 quolibet
3028 1871 3286 1944 ipsorum
3309 1876 3442 1943 post
3461 1873 3632 1943 requi-

1982 1967 2248 2024 noctium
2282 1981 2546 2021 vernum.
2586 1966 2887 2036 ingressus
2920 1965 3116 2018 autem
3145 1968 3232 2016 est
3259 1960 3368 2028 sol,
3400 1961 3636 2032 quando

1980 2057 2179 2113 Patres
2208 2055 2279 2110 de
2313 2054 2422 2111 hac
2452 2069 2515 2109 re
2563 2051 2984 2117 deliberabant,
3037 2054 3316 2122 punctum
3363 2051 3628 2121 aequino-

1980 2145 2075 2200 ctii
2112 2146 2206 2200 die
2257 2144 2531 2200 vicesimo
2576 2141 2766 2213 primo
2811 2140 3000 2198 Martii
3049 2139 3294 2205 mensis,
3337 2139 3490 2196 sicut
3539 2145 3626 2195 ta-

1979 2233 2130 2290 bulae
2159 2249 2307 2306 quas
2340 2235 2571 2288 nosmet
2608 2230 2871 2302 privatim
2900 2227 3355 2295 construximus,
3402 2229 3625 2300 liquido

1982 2328 2328 2380 monstrant.
2387 2321 2758 2378 Adnotahant
2813 2323 3006 2374 autem
3062 2317 3146 2372 illi
3221 2333 3476 2389 quonam
3531 2319 3624 2374 die

1984 2413 2172 2468 Martii
2219 2413 2306 2468 vel
2351 2409 2565 2480 Aprilis
2613 2408 2998 2479 plenilunium
3049 2407 3352 2478 quodlibet
3397 2416 3623 2464 contm-

1979 2511 2172 2572 gerel:
2217 2503 2474 2569 adeoque
2519 2499 2575 2553 in
2626 2513 2804 2552 unam
2853 2494 3114 2551 tabulam
3163 2495 3622 2552 bicolumnarem

1979 2589 2356 2660 conjicientes
2387 2585 2936 2642 enceacaidecadem
2958 2582 3055 2640 2|
3073 2584 3116 2640 ὗ
3153 2583 3315 2638 illam
3341 2600 3628 2640 annorum

1979 2683 2036 2733 et
2094 2676 2570 2749 pleniluniorum.
2629 2677 2815 2745 Atque
2891 2687 3060 2743 porro
3139 2672 3634 2743 deprehendentes

1979 2767 2168 2838 spatio
2193 2780 2472 2822 annorum
2507 2764 2612 2818 300
2665 2760 2984 2834 plenilunia
3043 2759 3214 2832 primi
3248 2761 3466 2818 mensis
3495 2778 3628 2833 pro-

1980 2855 2128 2912 xime
2169 2853 2472 2926 sequentia
2517 2848 2932 2925 aequinoctium
2985 2863 3231 2904 vernum
3281 2847 3341 2902 in
3389 2849 3625 2905 eosdem

1985 2942 2272 2999 mensium
2303 2941 2429 2998 dies
2459 2939 2734 3008 incidere,
2785 2941 3018 3012 propter
3065 2935 3480 2993 revolutionem
3531 2955 3628 2993 en-

1984 3031 2638 3097 neacaidecaeteridum,
2672 3029 2826 3084 hunc
2847 3025 3128 3084 cadonem
3153 3025 3324 3082 nobis
3347 3027 3627 3084 utendum

1983 3122 2354 3178 tradiderunt
2407 3121 2578 3176 etiam
2633 3134 2736 3190 pro
2782 3115 3056 3173 omnibus
3109 3115 3278 3170 annis
3333 3117 3630 3188 sequenti-

245 3171 556 3277 aavcgl'nvov
607 3212 712 3264 τοῦ
759 3171 981 3284 πρώτου
1027 3171 1864 3281 μηνὸςίδιλλά1

1981 3171 2134 3278 δαῖέ
2335 3171 2753 3266 ’δᾶιᾶἆῖδεῖιίΙά
2911 3207 3076 3272 foret,
3129 3219 3317 3276 neque
3365 3171 3632 3278 religioni

245 3292 326 3350 δύο
372 3298 576 3370 ἡμέρας
628 3298 694 3352 τὸ
752 3297 980 3370 νομικὸν
1057 3295 1216 3368 δείξει
1280 3298 1493 3373 Πάσχα,
1563 3297 1652 3352 καὶ
1719 3297 1867 3375 παρὰ

243 3388 380 3438 τοῦτο
425 3380 767 3458 συμϐήσεται
823 3384 914 3440 τὸν
970 3383 1016 3440 δ’
1075 3384 1244 3441 ἐνίοτε
1302 3386 1378 3460 μή
1431 3387 1708 3460 τηρεῖσθαι
1765 3391 1864 3443 τοῦ

249 3475 412 3549 Πάσχα
458 3473 774 3548 διορισμὸν,
807 3474 898 3529 ἅτε
942 3481 1042 3544 τῆς
1071 3476 1392 3550 προσθήκης
1432 3478 1540 3530 τῶν
1583 3473 1678 3530 δύο
1725 3479 1864 3550 ἠμε-

248 3565 338 3634 ρῶν
384 3559 729 3638 ὑπερϐαίνειν
789 3560 899 3617 ἐσθ’
947 3561 1036 3618 ὅτε
1091 3562 1364 3634 ποιούσης
1416 3564 1514 3632 τήν
1577 3565 1711 3636 μετά
1763 3566 1864 3633 τὴν

247 3650 558 3721 πανσέληνον
592 3651 824 3726 πρώτην
873 3653 1169 3725 Κυριακην,
1201 3651 1456 3722 κάκείνην
1507 3653 1600 3724 μὲν
1640 3656 1708 3719 τῇ
1754 3674 1864 3708 των

249 3738 402 3793 Barium
428 3740 697 3820 ἀφοσεοῖη
750 3742 937 3816 ἑορτῇ,
963 3745 1030 3815 τῇ
1057 3763 1120 3817 γε
1171 3743 1280 3816 μὴν
1310 3742 1432 3814 ἑξῆς
1475 3739 1538 3796 16
1589 3744 1860 3817 σωτήριον

250 3828 414 3904 Πάσχα
447 3829 747 3886 ἐπιτελεῖν.
781 3833 948 3884 Τοῦτο
981 3827 1045 3900 δὴ
1078 3832 1141 3884 τὸ
1191 3830 1273 3906 ἐφ’
1303 3833 1437 3903 ἡμῖν
1487 3829 1686 3903 ἀρτίως
1732 3852 1864 3905 συμ-

249 3910 424 3986 Βειῖνον¹
452 3919 541 3972 καὶ
589 3917 724 3980 τοὺς
771 3915 1018 3978 πολλοὺς
1063 3916 1411 3992 ἐκταράττον,
1453 3917 1528 3980 ὡς
1575 3919 1862 3994 ἀναγκαίου

246 4007 364 4067 τινὸς
391 4005 808 4080 καταλυομένου
858 4003 1132 4080 δόγματος
1162 4006 1250 4061 καί
1301 4007 1450 4076 ἀξίου
1485 4009 1562 4080 μὴ
1612 4014 1860 4082 παρορᾶ-

249 4096 365 4151 σθαι.
395 4101 562 4150 Τοῦτο
607 4093 668 4150 δὲ
699 4095 880 4170 ὥσπερ
912 4094 1082 4150 πάλαι
1125 4095 1490 4171 ἐπιτυγχάνον
1533 4095 1633 4150 οὐκ
1682 4095 1860 4172 ἄχρη-

250 4203 368 4251 στον,
413 4185 553 4240 οὕτω
599 4189 695 4239 νῦν
745 4182 1112 4258 διαμαρτάνον
1159 4182 1438 4240 ἀκίνδυνον
1487 4182 1857 4260 δειχθήσεται.

251 4272 314 4326 Οὗ
339 4273 433 4346 γαρ
463 4271 672 4342 λέληθε
719 4278 884 4329 τοῦτο
913 4273 1041 4334 τοὺς
1088 4274 1291 4336 πάντας
1323 4271 1576 4348 ἀρίστους
1626 4271 1862 4338 ἐκείνους

255 4363 482 4435 Πατέρας,
515 4360 646 4417 οὐδὲ
687 4363 835 4436 παρά
859 4363 922 4417 τὸ
969 4363 1418 4436 ἀνεπιστημόνως
1469 4361 1614 4438 ἔχειν
1664 4361 1860 4425 αὐτοὺς

255 4452 354 4524 περί
401 4453 497 4522 τήν
543 4451 956 4528 ἄστροθεάμονα
1001 4454 1222 4528 τεχνην,
1277 4456 1438 4508 τοῦτο
1496 4447 1857 4525 συμϐέϐηκεν,

255 4538 377 4596 ἆλλά
399 4543 542 4618 παρά
569 4543 674 4612 τήν
705 4547 815 4597 τῶν
857 4545 1186 4620 φωστήρων,
1217 4543 1294 4604 ὡς
1344 4540 1582 4615 εἴρηται,
1613 4539 1817 4608 κίνησιν
1851 4559 1867 4572 ⁶

257 4629 305 4682 τὸ
344 4627 386 4684 δ’
429 4630 602 4700 ὅπως,
637 4631 826 4686 αὐτίκα
875 4633 1191 4706 ῥηθήσεται.
1235 4631 1306 4685 Τὸ
1350 4629 1613 4685 ἐνιαύσιον
1657 4630 1868 4704 κίνημα

263 4713 314 4770 δι’
361 4721 573 4794 ἡμερῶν
634 4721 1066 4776 ἀποκαθίσταται
1123 4721 1222 4792 τξε⁹
1277 4719 1368 4775 καὶ
1424 4721 1867 4795 τεταρτημορίου

261 4807 434 4881 ἡμέρας
491 4809 718 4886 ἔγγιστα
751 4829 765 4843 ·
827 4811 882 4864 οἱ
939 4809 997 4866 δὲ
1055 4809 1210 4882 μέσαι
1270 4816 1371 4877 τῆς
1434 4806 1674 4878 σελήνης
1730 4807 1868 4862 κατά

263 4901 406 4964 μῆκος
452 4896 684 4972 πάροδοι
744 4900 845 4954 οὐκ
900 4899 1348 4956 ἀποκαθίστα-παι
1406 4895 1458 4951 ἐν
1514 4895 1670 4959 ὅλοις
1724 4891 1862 4952 ἔτεσι

265 4984 312 5034 ιϐ’
343 4991 448 5048 τοῖς
485 4990 624 5042 κατά
679 4985 997 5062 προσθήκην
1050 4992 1148 5042 τοῦ
1203 4985 1462 5057 τετάρτου
1523 4983 1866 5061 ἀριθμουμέ-

261 5090 350 5134 vel;
378 5093 390 5106 ο
420 5075 560 5131 ἀλλά
591 5081 739 5148 παρὰ
791 5083 916 5150 μιᾶς
945 5077 1154 5151 ἡμέρας
1187 5075 1454 5146 ἑξηκοστά
1496 5078 1686 5148 πρῶτα
1714 5075 1864 5150 τρία,

263 5161 329 5214 καὶ
357 5159 560 5239 δεύτερα
609 5164 718 5236 λζ’,
749 5167 836 5222 καὶ
887 5163 976 5222 διὰ
1006 5165 1168 5222 τοῦτο
1218 5165 1270 5220 ἐν
1313 5163 1393 5220 τδ¹
1441 5164 1706 5225 ἐνιαυτοῖς
1754 5162 1866 5242 οὐχ

253 5247 387 5312 -ελοις
409 5256 587 5326 πάλιν,
617 5254 750 5312 ἀλλ’
779 5255 1196 5330 ἐλαττουμένοις
1229 5253 1439 5329 ἡμέρας
1479 5251 1655 5316 οὐδὲν,
1689 5251 1865 5308 λεπτὰ

265 5343 420 5411 πρῶτα
443 5345 517 5412 νζ
561 5345 652 5398 καὶ
697 5341 918 5420 δεύτερα
944 5345 1050 5418 νβ’,
1097 5343 1225 5414 ἤτοι
1277 5344 1405 5417 μίαν
1457 5344 1667 5418 ἡμέραν
1712 5339 1863 5417 ἔγγι-

266 5445 359 5494 στα,
405 5433 436 5500 ἡ
487 5432 745 5506 εἰρημένη
801 5433 1000 5510 γίνεται
1078 5431 1536 5494 ἀποκατάστασις.
1597 5425 1865 5494 Λαϐόντες

265 5515 348 5588 γὰρ
374 5519 559 5594 ἀρτίως
606 5525 771 5595 ἡμεῖς
797 5523 900 5592 τήν
952 5521 1088 5596 μετά
1115 5519 1192 5578 τδ⁹
1240 5517 1334 5593 ἔτη
1376 5520 1486 5577 ἀπὸ
1532 5524 1641 5577 τῶν
1689 5517 1862 5576 Πατέ-

265 5621 357 5682 ρων
401 5607 855 5694 ἰννεακαιδεκάδα,
916 5609 1144 5686 δεκάτην
1211 5608 1456 5688 ἑϐδόμην
1525 5611 1685 5669 οὖσαν
1757 5615 1861 5686 τῆς

1978 3303 2238 3368 noxium,
2271 3300 2321 3355 si
2355 3303 2590 3372 prepter
2618 3299 2811 3352 motus
2841 3294 3064 3350 lunaris
3101 3293 3472 3362 anomaliam,
3500 3301 3632 3366 post

1976 3389 2393 3447 revolutionem
2433 3388 2720 3444 dictorum
2767 3385 2875 3440 300
2920 3398 3234 3453 annorum,
3285 3397 3471 3439 canon
3522 3386 3631 3440 iste

1979 3494 2096 3536 non
2129 3479 2200 3535 ad
2233 3476 2621 3549 plenilunium
2654 3473 2824 3546 primi
2859 3471 3104 3533 mensis.
3155 3472 3254 3527 sed
3297 3475 3425 3544 post
3471 3472 3625 3528 diem

1979 3585 2162 3626 unum
2213 3572 2314 3624 aut
2365 3567 2610 3623 alterum
2657 3563 2839 3634 legale
2886 3561 3104 3618 Pascha
3151 3561 3522 3626 ostenderet;
3571 3567 3630 3618 et

1979 3661 2128 3718 hanc
2157 3660 2230 3716 ob
2261 3673 2494 3712 causam
2543 3667 2966 3725 nonnunquam
3005 3651 3312 3716 accideret,
3357 3657 3625 3723 quartam

1977 3747 2274 3806 Paschatis
2305 3745 2716 3800 limitationem
2769 3740 3014 3796 minime
3063 3739 3378 3803 observari,
3424 3755 3631 3812 nempe

1972 3839 2130 3910 quod
2190 3837 2420 3891 dierum
2476 3833 2724 3888 duorum
2797 3829 3056 3885 accessio
3135 3831 3492 3898 promoveat,
3568 3833 3630 3884 ut

1978 3928 2064 3992 fit,
2098 3923 2455 3982 Dominicam
2505 3938 2634 3993 qua:
2679 3919 2932 3992 primum
2985 3916 3376 3988 plenilunium
3426 3918 3617 3990 sequi-

1976 4025 2088 4083 tur,
2131 4015 2412 4084 faciatque
2456 4015 2522 4067 ut
2569 4010 2720 4065 hanc
2771 4009 2913 4062 festo
2963 4005 3294 4060 Palmarum
3339 4005 3627 4076 dicemus,

1974 4108 2154 4176 atque
2189 4101 2482 4159 Dominica
2515 4098 2772 4172 proxime
2811 4098 3090 4166 sequente
3115 4093 3372 4150 salutare
3402 4093 3625 4153 Pascha

1973 4193 2360 4250 celebremus.
2393 4189 2538 4246 Illud
2579 4191 2773 4243 autem
2798 4183 3129 4254 nuperrime
3157 4184 3311 4254 apud
3339 4199 3447 4239 nos
3477 4200 3622 4240 con-

1974 4283 2126 4354 tigit,
2185 4285 2243 4338 et
2299 4296 2413 4335 non
2472 4292 2684 4350 paucos
2729 4274 3002 4341 turbavit,
3049 4271 3218 4344 quasi
3271 4277 3624 4344 preceptum

1972 4371 2208 4443 aliquod
2239 4367 2633 4426 necessarium
2681 4370 2740 4420 et
2770 4361 3006 4419 minime
3039 4359 3460 4432 negligendum
3506 4362 3628 4416 dis-

1975 4462 2334 4520 solveretur:
2364 4473 2495 4514 cnm
2527 4463 2719 4512 tamen
2746 4453 2900 4508 sicut
2931 4449 3089 4506 haud
3119 4449 3326 4506 inutile
3360 4454 3488 4506 erat
3517 4451 3628 4506 hoc

1904 4527 1948 4591 ί)
1979 4549 2290 4615 canonica,
2327 4547 2560 4620 quando
2608 4543 2747 4599 olim
2793 4539 2899 4597 rite
2942 4555 3003 4595 se
3053 4537 3274 4600 habuit,
3328 4537 3410 4594 ita
3456 4538 3627 4594 hodie

1980 4640 2110 4694 sine
2139 4639 2296 4711 gravi
2343 4635 2535 4708 aliquo
2583 4631 2836 4704 periculo
2893 4646 2930 4686 a
2983 4643 3118 4684 vero
3176 4627 3316 4691 abit,
3376 4630 3439 4682 ut
3496 4641 3628 4682 mox

1979 4725 2496 4784 demonstrabitur.
2545 4723 2740 4794 Neque
2790 4721 2946 4775 enim
3002 4717 3109 4774 hoc
3155 4713 3625 4786 praeclarissimas

1983 4819 2181 4873 Patres
2226 4815 2418 4880 latuit,
2476 4813 2560 4868 vel
2608 4812 2694 4866 sic
2742 4809 2862 4864 tleri
2913 4806 3156 4877 contigit
3202 4821 3320 4876 pra
3363 4805 3624 4874 ipsorum

1978 4907 2039 4961 in
2068 4905 2410 4962 astronomia
2441 4900 2755 4974 imperitia,
2803 4897 2904 4954 sed
2951 4902 3181 4969 propter
3225 4893 3629 4961 luminarium,

1981 5003 2045 5050 ut
2095 4995 2311 5051 dictum
2371 4997 2480 5059 est,
2538 4993 2782 5046 motum.
2844 4987 3104 5058 Tempus
3161 4998 3291 5038 vero
3343 4997 3626 5050 annuum,

1980 5085 2135 5157 quod
2195 5083 2394 5140 statim
2455 5079 2713 5154 pluribus
2780 5077 3024 5143 dicetur,
3079 5073 3281 5129 diebus
3335 5071 3442 5126 365
3495 5087 3629 5128 cum

1977 5174 2300 5244 quadrante
2329 5173 2510 5226 ferme
2539 5169 2653 5224 diei
2700 5165 3042 5223 restituitur.
3076 5161 3246 5217 Medii
3277 5166 3464 5218 autem
3496 5175 3630 5216 mo—

1977 5265 2076 5314 tus
2104 5258 2256 5314 lunas
2286 5259 2346 5314 in
2377 5256 2806 5329 longitudinem
2847 5268 2960 5308 non
3017 5250 3275 5312 redeunt,
3337 5247 3398 5302 in
3454 5248 3628 5305 annis

1977 5348 2216 5422 integris
2275 5348 2342 5404 19
2395 5345 2713 5404 secundum
2763 5339 3105 5414 quadrantis
3153 5337 3626 5394 additamentum

1976 5438 2366 5510 computatis:
2411 5435 2513 5492 sed
2563 5433 2966 5490 desiderantur
3015 5428 3191 5486 unius
3233 5424 3349 5482 diei
3391 5441 3630 5498 sexage-

1975 5529 2138 5585 sima:
2171 5528 2367 5599 prima:
2401 5536 2535 5593 tres,
2575 5529 2632 5578 et
2673 5519 2941 5578 secunde
2987 5518 3077 5573 37.
3123 5519 3310 5588 Atque
3350 5513 3498 5572 hanc
3547 5514 3622 5574 ob

1975 5634 2212 5676 causam
2245 5616 2304 5674 in
2333 5616 2439 5674 304
2467 5613 2637 5670 antiis
2672 5627 2784 5668 non
2832 5609 3070 5682 integris
3103 5605 3358 5682 quidem,
3397 5603 3500 5662 sed
3524 5603 3630 5666 mi.
