4080 6224
426 359 505 424 99
1607 467 1624 486 .
1711 367 2080 443 MAT'IHAEI
2127 369 2559 446 BLASTARIS

3719 385 3834 446 100

427 511 541 550 nus
573 495 750 552 unius
780 497 892 553 diei
933 499 1178 557 minutis
1229 503 1432 574 primis
1475 509 1545 562 57
1575 515 1632 565 et
1661 515 1934 570 secundis
1981 515 2066 583 52,

2189 515 2276 570 ὑπ’
2301 514 2518 570 ἐκείνων
2549 519 2628 586 τῷ
2655 514 2778 568 τότε
2823 513 3144 590 ληφθείσης,
3175 515 3298 584 ἥτις
3347 511 3575 590 ἄρχεται
3627 513 3828 586 δηλον-

425 585 534 640 hoc
563 591 650 642 est
689 585 804 643 fere
859 587 954 643 die
1014 606 1154 659 uno,
1215 591 1369 650 dicta
1423 599 1701 656 revolutio
1760 605 2072 676 peragitur.

424 673 567 730 Nam
602 675 652 730 si
701 685 928 732 nosmet
981 694 1136 735 nunc
1195 698 1502 742 sumamus
1531 673 2076 750 enneacaidecaete-

425 762 554 817 rida
583 767 714 834 post
742 763 1064 856 304mannos
1095 785 1129 824 a
1168 769 1437 830 Patribus
1487 776 1757 848 Nicaenis,
1787 797 1913 853 quae
1943 799 2074 856 sep-

420 854 566 940 tima
595 855 684 907 est
713 853 786 908 ab
824 853 926 909 illa
957 871 1130 926 quam
1180 859 1218 914 ii
1250 878 1555 935 sumpsere
1603 867 1847 940 (incepit
1879 853 2074 930 autem

425 939 542 994 haec
572 941 645 995 ab
675 957 828 998 anno
855 944 1036 1014 6537),
1059 953 1114 1002 et
1158 961 1570 1020 computemus
1613 939 1934 1026 plenilunia
1984 961 2076 1032 ip~

423 1028 546 1083 sius
574 1034 704 1100 post
727 1032 1132 1102 aequinoctium
1175 1052 1443 1108 vernum,
1491 1046 1850 1114 reperiemus
1894 1028 2077 1121 quod-

425 1114 568 1172 libet
602 1117 986 1188 plenilunium
1021 1139 1138 1179 uno
1171 1125 1263 1182 die
1294 1139 1638 1198 praevertere
1683 1133 1784 1191 illa
1831 1114 1959 1208 qua:
2005 1139 2077 1194 ad

427 1206 683 1276 primum
715 1211 1353 1272 enneacaidecaeterida
1377 1220 1689 1290 pertinent,
1715 1206 1916 1295 utja'm
1948 1243 2082 1284 con-

425 1295 695 1351 stitutum
729 1303 816 1352 est
849 1299 904 1354 in
931 1301 1150 1368 tabula,
1212 1321 1389 1376 quam
1450 1307 1520 1363 de
1573 1310 1696 1366 istis
1755 1317 2076 1372 construxi-

425 1399 580 1442 mus.
613 1387 796 1457 Atque
821 1389 1036 1459 pariter
1065 1391 1114 1447 si
1144 1393 1365 1451 similes
1403 1401 2077 1460 enneacaidecaeteridos

423 1477 859 1546 conjugationes
891 1479 1110 1536 calculo
1155 1498 1539 1556 exponamus,
1586 1507 1715 1562 quae
1764 1494 1836 1548 ab
1884 1495 2075 1550 isthac

422 1565 482 1620 in
514 1565 635 1635 pari
687 1566 990 1625 intervallo
1019 1569 1244 1644 incipit,
1303 1581 1366 1630 ut
1423 1594 1456 1632 a
1513 1580 1700 1636 sexies
1759 1583 2073 1641 millesimo

412 1656 866 1724 nongentesimo
925 1661 1374 1733 quadragesimo
1432 1667 1622 1738 primo
1671 1687 1848 1742 anno,
1901 1673 2077 1730 hasce

426 1743 518 1799 die
549 1760 664 1799 uno
695 1743 810 1801 illis
859 1747 1078 1816 priores
1128 1751 1660 1823 deprehendamus.
1703 1759 1850 1816 Tum
1901 1763 2075 1819 etiam

423 1833 484 1888 in
513 1833 684 1888 annis
731 1838 1129 1906 sequentibus,
1164 1843 1264 1912 qui
1315 1846 1438 1914 pari
1487 1846 1792 1906 intervallo
1831 1851 2074 1918 distant,

421 1922 673 1994 reperire
716 1929 806 1979 est
849 1925 1003 1980 inter
1049 1931 1489 2002 conjugationes
1539 1937 1713 1992 unius
1751 1939 1864 1995 diei
1913 1942 2076 1998 diﬂe—

421 2005 692 2064 rentiam.
723 2007 1083 2082 Quapropter
1115 2014 1282 2070 hodie
1321 2016 1437 2072 duo
1468 2019 1592 2076 dies
1641 2029 1774 2092 post
1820 2025 2069 2096 plenilu-

420 2095 582 2150 nium
605 2096 964 2167 adjiciuntur
991 2101 1060 2154 ad
1087 2103 1304 2158 Pascha
1327 2105 1508 2178 legale
1539 2095 2063 2186 adenveniendum,

425 2186 706 2254 quoniam
737 2187 1124 2257 plenilunium
1157 2195 1356 2264 nequit
1384 2197 1664 2269 attingere
1711 2201 1866 2256 diem
1907 2219 2072 2258 men-

2185 625 2267 680 9τι
2299 606 2404 662 ἀπὸ
2445 604 2542 661 τοῦ
2585 603 2756 684 ,ςερλζ
2784 601 2958 668 ἔτους.
2990 607 3082 661 καὶ
3131 604 3585 681 ἐπιλογισάμενοι
3631 608 3726 668 τὰς
3775 608 3826 662 έν

2183 693 2319 767 αὐτῇ
2372 693 2488 767 μετ’
2538 691 2825 768 ἰσημερίαν
2868 694 3087 770 ἐαρινὴν
3143 692 3546 766 πανσελήνους,
3599 694 3822 770 εὕρομεν

2181 785 2411 854 έκαστην
2469 783 2771 860 γενομένην
2832 783 3181 856 πανσέληνον
3240 785 3347 859 πρὸ
3408 790 3537 857 μιᾶς
3618 787 3825 861 ἡμέρας

2181 879 2289 930 τῶν
2322 873 2373 928 έν
2421 877 2490 948 τῇ
2543 875 2588 928 α’
2635 871 3086 945 έννεακαιδεκάδι,
3117 875 3194 936 ὡς
3241 873 3600 947 προτέτακται
3650 873 3704 931 έν
3751 879 3829 947 τῷ

2183 965 2312 1037 παρ’
2342 965 2502 1035 ἡμῶν
2542 962 2807 1018 έκτεθέντι
2855 961 2979 1034 περί
3009 963 3216 1018 τούτων
3263 965 3514 1036 κανονίῳ.
3554 963 3828 1027 Ὡσαύτως

2186 1049 2242 1107 δέ
2271 1052 2361 1107 καί
2410 1051 2506 1114 τὰς
2557 1051 2753 1125 ὁμοίας
2803 1050 3248 1126 ἔπιλογισάμενοι
3299 1051 3552 1129 συζυγίας
3597 1060 3700 1122 τῆς
3745 1053 3830 1108 έν-

2185 1139 2615 1204 νεακαιδεκάδος,
2657 1141 2780 1211 ἥτις
2831 1143 2936 1197 ἀπὸ
2984 1141 3187 1213 ταύτης
3231 1140 3283 1196 έν
3347 1141 3443 1214 ἴσῳ
3501 1143 3828 1216 διαστήματι

2183 1229 2433 1304 ἄρχεται,
2484 1229 2590 1284 ἀπὸ
2638 1234 2735 1284 τοῦ
2773 1232 2966 1302 ,ςωμα’
3012 1228 3276 1300 δηλονότι
3319 1229 3492 1299 ἔτους,
3543 1231 3650 1302 πρὸ
3701 1237 3831 1303 μιᾶς

2185 1319 2349 1374 πάλιν
2399 1320 2611 1392 ἡμέρας
2654 1323 2762 1374 τῶν
2803 1321 2910 1393 πρὸ
2957 1319 3136 1374 αὐτῶν
3181 1319 3378 1381 ταύτας
3427 1319 3675 1393 εὕρομεν.
3732 1320 3829 1376 Καὶ

2184 1405 2236 1462 έν
2263 1411 2379 1470 τοῖς
2409 1407 2531 1477 έεῆς
2583 1405 2639 1462 δέ
2667 1413 2776 1464 τῶν
2829 1407 2978 1470 ἐτῶν,
3009 1413 3126 1469 τοῖς
3171 1406 3252 1480 τῷ
3301 1406 3404 1481 ἴσῳ
3451 1409 3530 1464 ἀεὶ
3581 1407 3830 1484 διέχουσι

2186 1494 2538 1570 διαστήματι,
2599 1496 2725 1569 μίαν
2789 1496 2998 1570 ὁμοίως
3064 1497 3273 1572 ἡμέραν
3333 1494 3554 1572 ἔγγιστα
3613 1498 3831 1571 εὑρήσει

2189 1605 2273 1647 τις
2323 1586 2422 1654 τὴν
2467 1587 2575 1640 τῶν
2627 1589 2894 1659 συζυγιῶν
2943 1581 3229 1659 διαφοράν.
3261 1586 3357 1641 Διὰ
3405 1584 3472 1655 δὴ
3519 1589 3686 1641 τοῦτο
3735 1587 3834 1660 αρ-

2183 1674 2315 1736 τίως
2367 1671 2463 1729 δύο
2518 1673 2652 1746 μετᾶ
2699 1676 2798 1744 τήν
2850 1673 3187 1745 πανσέληνον
3245 1676 3448 1748 ἡμέραι
3499 1675 3834 1750 εὑρίσκονται

2185 1765 2607 1837 προστιθέμεναι
2665 1762 2718 1818 ἒν
2777 1767 2846 1838 τῇ
2905 1768 3002 1818 τοῦ
3054 1769 3287 1837 νομικοῦ
3365 1765 3559 1842 Πάσχα
3605 1765 3832 1840 εὑρέσει,

2185 1859 2286 1922 τῆς
2337 1852 2674 1923 πανσελήνου
2728 1854 2802 1926 μὴ
2848 1851 3150 1926 δυναμένης
3196 1849 3525 1909 καταλαϐεῖν
3571 1856 3671 1924 τήν
3721 1856 3834 1927 ὁρισ

2184 1943 2397 1998 σθεῖσαν
2443 1945 2560 2002 τοῖς
2613 1941 2848 2016 Πατράσι
2909 1943 3119 2010 ποστήν
3175 1947 3274 1996 τοῦ
3331 1943 3528 2014 μηνὸς,
3579 1943 3832 2018 ὀπιστορ-

2185 2032 2364 2103 μήτου
2421 2031 2744 2108 γενομένης,
2795 2032 2872 2093 ὡς
2924 2030 3161 2106 εἴρηται,
3209 2029 3264 2084 έν
3321 2029 3404 2086 τδ¹
3463 2029 3650 2102 ἔτεσιν,
3705 2037 3832 2105 μιᾶς

2182 2118 2394 2192 ἡμέρας
2451 2115 2672 2194 ἔγγιστα
2740 2118 3070 2192 διαστήματι
3106 2140 3118 2152 ·
3198 2120 3470 2191 τοσαῦτην
3531 2121 3560 2175 ὁ
3634 2122 3834 2195 χρόνος

2183 2209 2305 2281 περέ
2339 2209 2430 2262 τὸν
2463 2207 2660 2264 κανόνι
2689 2213 2879 2262 τοῦτον
2908 2209 3176 2278 πεποίηκε
3206 2211 3306 2278 τήν
3335 2208 3749 2282 πλημμέλειαν.

429 2275 572 2330 sisa
613 2274 868 2332 Pabibus
916 2279 1244 2350 deﬁnitum,
1305 2291 1540 2355 propter
1589 2291 2063 2348 retrocessionem
2125 2274 2264 2368 ejus.
2309 2301 2366 2354 in
2428 2301 2600 2354 annis
2657 2301 2784 2366 304,
2841 2274 3127 2372 quantum
3188 2274 3366 2354 ferme
3571 2304 3832 2372 spatium

422 2366 594 2420 anuis
618 2365 750 2422 dici.
783 2365 900 2423 Hoc
931 2370 1107 2424 errati
1134 2370 1192 2425 in
1225 2388 1444 2430 canone
1466 2375 1577 2430 isto
1611 2387 1838 2449 tempus
1871 2365 2408 2443 annuum'creavit.

917 2460 991 2513 De
1025 2473 1110 2531 eq
1119 2461 1360 2518 uiuacu'o
1391 2479 1570 2520 verno.

487 2543 594 2600 Sed
627 2560 732 2600 nec
764 2556 1054 2603 momenta
1091 2550 1420 2620 aequinoctii
1461 2554 1519 2608 in
1551 2556 1755 2611 eodem
1810 2558 1903 2614 die
1952 2566 2072 2616 ste-

412 2638 628 2688 terunt.
671 2633 953 2698 Quoniam
985 2635 1141 2692 enim
1192 2639 1278 2694 sol
1309 2641 1366 2694 in
1416 2643 1605 2698 medio
1653 2647 1887 2703 zodiaco
1937 2665 2064 2706 mo-

407 2730 533 2781 tum
571 2729 871 2798 proprium
903 2731 1067 2785 tarde
1091 2733 1332 2801 peragit,
1357 2734 1439 2789 ita
1462 2745 1522 2791 ut
1541 2739 1711 2793 unica
1733 2738 2064 2798 istiusmodi

408 2813 692 2870 revolutio
750 2833 972 2874 annum
1027 2820 1234 2876 reddat
1287 2822 1600 2895 integrum,
1653 2828 2068 2886 circumfertur

409 2907 607 2959 tamen
640 2907 763 2978 pari
821 2905 997 2963 ferme
1045 2907 1345 2967 velocitate
1389 2929 1520 2969 cum
1573 2920 1735 2972 motu
1787 2919 2061 2987 universi;

410 2999 704 3064 quatenus
761 2995 934 3052 unica
989 2997 1440 3058 circumactione
1496 3004 1650 3060 diem
1733 3008 2064 3065 naturalem

409 3097 588 3154 quam
621 3084 880 3154 proxime
919 3085 1108 3154 faciat,
1157 3091 1392 3158 quando
1423 3092 1624 3164 itaque
1676 3097 1962 3167 reperitur
2007 3097 2066 3153 in

2479 2477 2632 2550 Περὶ
2673 2483 2791 2546 τῆς
2831 2477 3106 2551 ἐαρινῆς
3149 2476 3540 2552 ἷσημερίας.

2251 2562 2414 2620 Ἀλλ’
2444 2563 2569 2620 οὐδὲ
2600 2568 2662 2620 τὰ
2704 2573 2801 2634 τῆς
2835 2565 3122 2639 ἰσημερίας
3169 2565 3258 2620 ἐπὶ
3301 2573 3399 2634 τῆς
3449 2567 3614 2637 αὐτῆς
3664 2564 3830 2636 ἔστη-

2178 2673 2265 2706 κεν
2314 2656 2526 2728 ἡμέρας
2573 2655 2679 2712 ἀεί.
2727 2655 2878 2711 Ἐπεὶ
2939 2655 3042 2732 γὰρ
3085 2657 3185 2724 τὴν
3229 2655 3318 2710 ἐπὶ
3373 2661 3470 2710 τοῦ
3521 2657 3685 2726 λοξοῦ
3735 2655 3830 2712 διὰ

2181 2739 2346 2814 μέσου
2377 2747 2485 2798 τῶν
2537 2741 2748 2812 ζωδίων
2783 2743 2921 2798 ἰδίαν
2969 2745 3182 2812 κίνησιν
3237 2741 3482 2820 βραδέως
3523 2750 3759 2800 ποιεῖται
3798 2749 3829 2801 ὁ

2176 2831 2361 2901 ἥλιος,
2393 2833 2468 2894 ὡς
2516 2833 2650 2888 εἶναι
2699 2834 2797 2902 τήν
2857 2832 2979 2906 μίαν
3027 2833 3195 2888 αὐτοῦ
3243 2833 3700 2898 ἀποκατάστασιν,
3731 2837 3828 2892 τὸν

2177 2919 2306 2975 ὅλον
2341 2920 2602 2990 ἐνιαυτὸν,
2632 2927 2713 2994 τῷ
2758 2919 2816 2976 δὲ
2848 2921 3004 2976 παντὶ
3041 2920 3314 3000 ἶσοταχῶς
3367 2920 3560 2997 σχεδὸν
3613 2944 3828 2996 συμπε-

2181 3007 2420 3084 ριπολεῖ,
2488 3007 2616 3065 ὥστ’
2676 3009 2728 3064 έν
2805 3015 2903 3084 μ.ιᾷ
2957 3014 3298 3088 περιστροφῇ
3351 3012 3413 3066 τὸ
3469 3013 3831 3087 νυχθήμερον

2179 3093 2400 3172 ἔγγιστα
2457 3105 2656 3166 ποιεῖν,
2716 3099 2841 3154 ὅταν
2893 3099 2992 3173 ἄρα
3053 3099 3141 3154 ἐπὶ
3197 3104 3304 3154 τῶν
3363 3105 3561 3156 κοινῶν
3632 3106 3825 3175 τομῶν

405 3171 705 3227 communi
751 3171 1154 3232 intersectione
1211 3179 1409 3234 circuli
1467 3161 1683 3254 proprii
1740 3189 1865 3252 (seu
1925 3186 2066 3242 ecli—

2181 3187 2426 3262 γένηται,
2455 3191 2556 3242 τοῦ
2585 3208 2644 3242 τε
2675 3187 2879 3243 οἰκείου
2905 3189 2994 3243 καὶ
3025 3191 3122 3242 τοῦ
3166 3187 3420 3262 μεγίστου
3449 3193 3557 3244 τῶν
3605 3189 3827 3265 παραλ-

404 3261 589 3331 plicat)
621 3266 680 3316 et
713 3263 955 3318 maximi
999 3265 1262 3336 paralleli
1289 3269 1422 3340 (hoc
1478 3275 1569 3325 et
1622 3274 2068 3349 aequinoctialis)

403 3349 616 3404 latione
647 3349 749 3406 illa
780 3351 996 3408 diurna
1027 3370 1220 3424 parem
1256 3357 1468 3429 ubique
1498 3359 1695 3428 efﬁcit,
1729 3362 1882 3418 210
1905 3367 2060 3435 quod

407 3453 578 3508 opus,
610 3438 766 3495 diem
801 3441 981 3497 nocti.
1016 3442 1158 3498 Nam
1184 3445 1319 3516 quia
1340 3449 1629 3504 maximus
1653 3451 2060 3521 parallelorum

407 3526 653 3597 aequalia
711 3535 1016 3600 segmenta
1069 3530 1242 3588 habet
1280 3551 1456 3606 supra
1511 3547 1564 3592 et
1615 3539 1768 3594 infra
1825 3547 2062 3608 terram,

411 3617 646 3688 quando
678 3617 762 3674 sol
810 3621 1197 3678 circumactus
1238 3625 1298 3680 in
1331 3641 1398 3681 eo
1446 3643 1574 3684 cum
1628 3633 1898 3687 universo
1947 3651 2064 3690 una

407 3706 684 3774 decurrit,
719 3709 1046 3765 necessario
1089 3727 1281 3769 moras
1341 3715 1450 3770 sub
1493 3721 1552 3771 et
1612 3735 1790 3790 supra
1845 3725 2063 3777 terram

403 3811 573 3865 pares
617 3797 770 3852 facit.
816 3797 958 3854 Nam
1018 3817 1145 3871 quas
1203 3804 1562 3874 aequabiliter
1615 3817 1942 3877 moventur,
2003 3813 2061 3867 in

399 3883 600 3953 aequali
637 3891 898 3958 tempore
937 3889 1178 3959 aequalia
1225 3896 1634 3961 pertranseunt
1677 3899 1886 3968 spatia.
1941 3904 2065 3956 lmo

406 3976 642 4044 propter
671 3975 1066 4046 aequalitatem
1129 3981 1316 4036 noctis
1376 3999 1442 4038 ac
1499 3983 1638 4052 diei,
1697 4003 1825 4058 qua
1875 3989 1934 4044 in
1967 3989 2071 4045 illo

409 4062 712 4132 contingit,
762 4066 1184 4134 aequinoctialis
1233 4083 1470 4127 vocatur
1525 4073 1622 4130 ille
1675 4077 1954 4146 circulus,
2013 4089 2069 4134 et

410 4155 627 4220 puncta
657 4151 792 4207 huic
821 4157 880 4209 et
907 4155 1141 4212 zodiaco
1189 4163 1544 4232 communia,
1577 4164 1635 4219 in
1682 4167 1894 4236 quibus
1941 4168 2063 4224 die-

411 4237 522 4292 bus
553 4257 617 4294 ac
665 4241 936 4298 noctibus
986 4246 1305 4318 aaqualibus
1353 4266 1478 4306 esse
1529 4253 1760 4322 accidit,
1803 4257 2062 4326 aequino-

407 4328 636 4400 ctialis;
665 4331 1076 4402 aequinoctium
1103 4337 1351 4408 denique
1373 4345 1649 4412 temporis
1671 4353 2062 4414 momentum,

404 4433 519 4487 quo
542 4421 805 4472 centrum
831 4419 972 4476 solis
998 4437 1371 4480 communem
1396 4427 1682 4484 dictorum
1707 4431 2060 4488 circulorum

397 4506 871 4563 intersectionem
903 4509 1082 4566 subit.
1119 4512 1261 4569 Bina
1291 4531 1424 4570 vero
1469 4523 1606 4572 sunt
1635 4526 1848 4589 puncta
1881 4525 2062 4591 aequi-

401 4594 695 4663 noctialis,
729 4600 1071 4655 autumnale
1101 4601 1340 4670 scilicet,
1392 4606 1548 4674 quod
1581 4607 1638 4662 in
1673 4608 1960 4681 principio
1989 4612 2059 4668 li-

409 4681 521 4737 bris
554 4682 732 4752 jacet,
775 4684 874 4738 ubi
925 4687 1011 4741 sol
1059 4699 1323 4744 versatur
1355 4705 1484 4746 cum
1539 4693 1742 4751 relicto
1789 4697 2062 4768 aquilone

405 4771 480 4828 ad
510 4779 773 4828 autrum
809 4775 1010 4842 tendit,
1040 4781 1096 4831 et
1127 4793 1368 4834 vernum
1415 4783 1472 4836 in
1515 4782 1682 4839 initio
1715 4785 1936 4856 arietis,
1965 4788 2059 4842 cui

405 4862 606 4918 subest
662 4868 930 4918 centrum
977 4866 1116 4921 solis
1172 4883 1206 4922 a
1261 4870 1525 4939 partibus
1580 4873 1936 4931 australibus
1987 4877 2060 4932 ad

403 4951 894 5022 septentrionales
926 4956 1242 5026 vergentis,
1285 4961 1342 5012 et
1390 4969 1748 5018 momentum
1783 4963 1926 5019 illud
1957 4983 2060 5038 ap-

401 5039 656 5112 pellatur
687 5041 1100 5112 aiquinoctinm
1145 5061 1409 5115 vernum,
1461 5058 1588 5120 post
1628 5055 1776 5122 quod
1828 5053 1921 5108 lex
1966 5055 2060 5110 di-

401 5127 538 5183 vina
568 5127 789 5184 Pascha
820 5131 1100 5189 celebrari
1128 5135 1409 5207 pracipit.
1463 5140 1829 5213 Quapropter
1857 5159 2060 5216 respe-

402 5221 500 5272 ctu
537 5221 758 5274 natura
787 5217 973 5289 ipsius
1001 5220 1057 5276 in
1092 5223 1287 5278 eodem
1335 5229 1594 5298 tempore
1623 5245 1853 5303 semper
1883 5233 2059 5304 aequi-

407 5305 599 5362 noctia
629 5307 800 5378 ﬁunt,
833 5314 1067 5381 propter
1105 5315 1488 5384 quantitatem
1539 5334 1793 5374 annuam
1829 5337 2061 5394 semper

409 5409 586 5450 unam
617 5403 671 5452 et
703 5399 991 5454 eamdem.
1041 5401 1111 5454 At
1155 5417 1286 5457 vero
1335 5410 1598 5475 respectu
1657 5407 2059 5482 dispositionis

409 5497 714 5555 corporum
775 5485 1090 5544 (rmlestium
1143 5492 1329 5560 quoad
1378 5497 1613 5561 terram,
1665 5500 1724 5552 et
1769 5513 2060 5554 mansure

405 5571 582 5626 etiam
615 5575 836 5630 dierum
871 5593 938 5631 ac
969 5581 1252 5645 noctium,
1275 5597 1389 5649 qua
1421 5583 1585 5650 juxta
1616 5585 1792 5641 ritum
1828 5586 2059 5642 Latino-

404 5673 534 5718 rum
573 5679 676 5716 nos
724 5663 836 5734 ipsi
889 5667 1132 5736 utimur,
1185 5685 1369 5742 neque
1418 5672 1622 5729 eadem
1659 5675 1821 5748 hora,
1871 5689 2058 5746 neque

2179 3273 2394 3346 λήλων,
2429 3275 2553 3346 ἴσην
2601 3276 2652 3347 ἐξ
2702 3276 2937 3351 ἀνάγκης
2985 3281 3270 3351 πανταχοῦ
3299 3279 3418 3332 κατ’
3467 3277 3674 3348 ἐκείνην
3721 3281 3823 3348 τὴν

2178 3366 2546 3442 περιστροφὴν
2577 3367 2675 3434 τὴν
2709 3365 2914 3440 ἡμέραν
2948 3371 3095 3420 ποιεῖ
3117 3370 3188 3440 τῇ
3217 3368 3510 3424 νυκτί.Τοῦ
3539 3367 3640 3442 γὰρ
3677 3370 3830 3444 μεγί-

2179 3475 2307 3508 στου
2336 3459 2445 3508 τῶν
2465 3453 2845 3524 παραλλήλων
2879 3455 3084 3510 κύκλου
3110 3454 3198 3510 ἴσα
3217 3458 3483 3527 τμήματα
3503 3451 3826 3532 ἔχοντος,τό

2175 3562 2233 3597 τε
2257 3542 2389 3616 ὑπὶρ
2422 3549 2545 3616 γῆν,
2568 3543 2655 3597 καὶ
2689 3543 2750 3598 τὸ
2777 3543 2882 3598 ὑπὸ
2911 3543 3171 3617 γῆν,δταν
3194 3541 3278 3597 ἐπ’
3301 3543 3467 3599 αὐτοῦ
3489 3544 3564 3598 ὢν
3587 3546 3614 3599 ὁ
3637 3543 3826 3616 ἥλιος,

2177 3633 2277 3700 τὴν
2305 3633 2439 3702 μετᾶ
2459 3636 2555 3686 τοῦ
2586 3632 2780 3692 παντὸς
2813 3639 3036 3700 ποιῆται
3069 3634 3455 3709 περιστροφὴν,
3480 3633 3558 3707 τῷ
3591 3635 3693 3689 ὑπὸ
3717 3642 3824 3709 γῆν

2177 3723 2368 3795 χρόνῳ
2400 3721 2516 3775 ἴσον
2565 3727 2714 3776 ποιεῖ
2740 3723 2833 3775 τὸν
2887 3721 3019 3794 ὑπὲρ
3049 3725 3148 3795 γῆν
3191 3720 3240 3794 ἐξ
3275 3723 3514 3797 ἀνάγκης
3545 3745 3556 3758 ·
3607 3726 3672 3778 τὰ
3718 3725 3828 3800 γὰρ

2178 3808 2406 3883 ὁμαλῶς
2435 3811 2730 3882 κινούμενα
2777 3809 2829 3864 ἐν
2879 3809 2981 3882 ἴσῳ
3027 3811 3217 3885 χρόνῳ
3245 3812 3312 3866 τὰ
3357 3811 3441 3866 ἴσα
3491 3809 3824 3888 διεξέρχεται

2180 3896 2368 3968 διαστή
2382 3919 2542 3972 ματα.
2579 3900 2673 3953 Διὰ
2701 3898 2901 3969 ταύτην
2944 3897 3037 3951 οὗν
3068 3899 3167 3968 τήν
3217 3899 3508 3976 γινομένην
3537 3899 3622 3956 ἐπ’
3649 3901 3826 3955 αὐτοϋ

2179 3987 2408 4057 ἰσότητα
2462 3995 2563 4056 τῆς
2619 3989 2812 4048 νυκτὸς
2871 3988 3008 4062 πρὸς
3054 3989 3154 4056 τὴν
3213 3989 3444 4064 ἡμέραν,
3501 3989 3658 4044 αὐτὸν
3723 3991 3824 4061 μὲν

2179 4077 2498 4150 ἰσημερινὸν
2547 4075 2880 4150 ὀναμάζουσι
2931 4075 3158 4146 κύκλον,
3198 4080 3264 4132 τὰ
3313 4075 3370 4133 δὲ
3417 4079 3572 4134 κοινᾶ
3618 4087 3826 4152 σημεῖα

2175 4166 2345 4220 αὐτοῦ
2373 4187 2429 4220 τε
2459 4166 2548 4220 καὶ
2592 4169 2690 4220 τοῦ
2739 4166 2924 4237 λοξοῦ,
2956 4167 3073 4220 καθ’
3119 4165 3152 4220 ἃ
3197 4169 3251 4221 αἱ
3299 4173 3406 4223 τῶν
3453 4170 3824 4243 νυχθημέρων

2173 4253 2424 4324 ίσότητες
2497 4256 2763 4330 γίνονται,
2845 4255 3154 4328 ίσημερινᾶ,
3224 4255 3512 4330 ἰσημερίαν
3592 4255 3649 4312 δὲ
3716 4261 3823 4328 τήν

2177 4343 2348 4417 ὥραν,
2445 4347 2662 4416 πρῶτον
2707 4347 2803 4396 τοῦ
2843 4343 3008 4412 ἡλίου
3037 4345 3099 4399 τὸ
3149 4346 3370 4420 κέντρον
3421 4345 3507 4401 ἐπὶ
3555 4353 3654 4418 τῆς
3700 4369 3826 4402 κοι-

2173 4437 2273 4499 νῆς
2305 4437 2490 4503 τομῆς
2535 4432 2740 4506 γίνεται
2791 4435 2899 4485 τῶν
2949 4431 3251 4505 εἰρημένων
3303 4431 3398 4488 δύο
3439 4432 3680 4491 κύκλων.
3714 4436 3825 4491 Δύο

2173 4518 2236 4574 δέ
2265 4521 2367 4575 εἰσι
2413 4523 2482 4576 τὰ
2532 4519 2818 4593 ἰσημερινᾶ
2847 4523 3016 4574 ταῦτα
3065 4526 3292 4593 σημεῖα,
3322 4523 3385 4576 τό
3433 4543 3490 4578 τε
3539 4527 3828 4602 φθινοπω-

2176 4612 2346 4684 ρινὸν,
2375 4611 2438 4665 τὸ
2487 4612 2604 4666 κατ’
2636 4609 2813 4684 ἀρχὴν
2858 4613 2956 4663 τοῦ
2989 4614 3156 4686 ζυγοῦ
3201 4611 3470 4684 κείμενον,
3503 4612 3556 4666 έν
3604 4615 3649 4686 ᾧ
3679 4615 3826 4690 γίνε-

2173 4720 2262 4753 ται
2295 4700 2322 4753 ὁ
2355 4699 2516 4769 ἥλιος
2545 4700 2652 4754 ἀπὸ
2682 4703 2792 4754 τῶν
2827 4699 3056 4772 βορείων
3089 4699 3176 4754 ἐπὶ
3225 4701 3292 4755 τὰ
3323 4703 3474 4756 νότια
3519 4699 3825 4777 διερχόμε-

2175 4810 2291 4858 νος,
2323 4791 2412 4844 καί
2451 4791 2514 4845 τὸ
2563 4789 2797 4864 ὖαρινὸν,
2829 4792 2890 4845 τὸ
2939 4792 3057 4846 κατ’
3105 4791 3285 4868 ἀρχὴν
3335 4795 3432 4844 τοῦ
3481 4795 3637 4864 κριοῦ
3687 4795 3828 4847 θεω-

2179 4879 2472 4952 ρούμενον,
2505 4879 2550 4950 ᾧ
2596 4901 2703 4934 τινι
2735 4880 2797 4934 τὸ
2842 4883 2940 4934 τοῦ
2986 4877 3155 4948 ἡλίου
3201 4880 3423 4952 κέντρον
3475 4881 3825 4956 συνέρχεται,

2175 4967 2281 5022 ἀπὸ
2312 4973 2420 5022 τῶν
2464 4969 2784 5043 νοτιοτέρων
2823 4967 2912 5022 ἐπὶ
2957 4967 3027 5022 τὰ
3073 4969 3258 5042 βόρεια
3303 4969 3626 5038 κινουμένου
3661 4989 3673 5002 ·
3724 4973 3820 5025 καὶ

2171 5059 2208 5126 ἡ
2259 5054 2377 5132 ὥρα
2428 5056 2599 5127 ἐκείνη
2644 5057 2829 5131 έαρινή
2880 5056 3126 5112 καλεῖται
3177 5057 3454 5132 ἷσημερία,
3508 5059 3622 5130 μεθ’
3675 5059 3734 5128 ἢν
3791 5061 3823 5114 ὁ

2171 5147 2321 5207 θεῖος
2378 5147 2548 5218 νόμος
2601 5146 2664 5201 τὸ
2723 5148 2918 5221 Πάσχα
2975 5145 3336 5202 ἐπιτελεῖσθαι
3387 5146 3619 5204 κελεύει.
3671 5151 3826 5204 Κατὰ

2176 5235 2270 5308 μὶν
2323 5233 2415 5288 οὖν
2465 5237 2564 5304 τήν
2610 5239 2706 5290 τοῦ
2753 5235 2955 5298 παντὸς
3002 5234 3183 5316 φύσιν,
3219 5235 3271 5292 έν
3317 5240 3398 5310 τῷ
3441 5235 3586 5310 αὐτῷ
3625 5236 3824 5312 χρόνῳ

2171 5324 2238 5378 τὰ
2264 5329 2366 5392 τῆς
2419 5323 2704 5397 ἰσημερίας
2751 5325 2832 5380 ἀεὶ
2880 5324 3104 5402 γίνεται,
3137 5322 3226 5379 διὰ
3271 5326 3334 5381 τὸ
3379 5323 3494 5380 ἴσον
3546 5325 3684 5380 εἶναι
3735 5327 3823 5382 ἀεὶ

2169 5413 2234 5468 τὸ
2267 5413 2493 5490 μέγεθος
2525 5418 2622 5468 τοῦ
2671 5413 2944 5470 ἐνιαυσίου
2991 5413 3217 5492 χρόνου.
3253 5413 3398 5469 Κατᾶ
3445 5411 3500 5468 δὲ
3543 5417 3639 5470 τὸν
3688 5415 3826 5470 ἐκά-

2175 5521 2332 5556 στονε
2361 5501 2645 5577 γινόμενον
2695 5501 2831 5577 πρός
2855 5505 2954 5572 τὴν
2983 5510 3088 5580 γῆν
3133 5524 3240 5559 των
3280 5503 3546 5579 οὐρανίων
3593 5523 3828 5579 σχημα-

2171 5591 2390 5662 τισμὸν,
2440 5593 2532 5646 καί
2587 5593 2730 5648 κατὰ
2783 5593 2847 5648 τὸ
2905 5593 3104 5665 μέτρον
3163 5596 3272 5646 τῶν
3331 5595 3553 5667 ἡμερῶν
3607 5613 3667 5648 τε
3725 5594 3824 5650 καὶ

2459 5682 2487 5704 ν.

2176 5683 2390 5755 μηνῶν,
2447 5682 2494 5756 ᾦ
2550 5682 2684 5738 κατὰ
2739 5683 3046 5758 Ῥωμαίους
3109 5685 3273 5760 ἡμεῖς
3347 5685 3629 5760 χρώμεθα,
3687 5681 3820 5746 οὔτε
