4060 6228
271 377 352 437 101
1225 365 1657 429 SYNTAGMA
1699 363 2341 429 ALPHABETIGUM.
2387 401 2465 411 —-
2507 361 2578 428 Π.

3489 372 3604 432 102

268 514 368 566 κατὰ
404 511 484 575 τήν
533 506 690 574 αὐτὴν
739 503 910 577 ὥραν,
961 493 1084 558 οὔτε
1129 503 1270 556 κατά
1318 509 1418 569 τῆν
1472 501 1639 568 αὐτὴν
1688 499 1835 571 ἡμὲ-

1953 503 2043 557 vel
2057 504 2263 558 eodem
2279 502 2371 558 die
2389 503 2598 558 accidit
2613 495 3127 573 aequinoctoctiurn
3147 499 3270 558 ﬂeri
3283 545 3296 558 .
3313 505 3600 570 Quoniam

273 621 340 675 ραν
385 592 624 669 ωμῦαίνει
681 594 762 648 ἀεὶ
816 595 919 662 τήν
997 593 1283 663 ἰσημερίαν
1363 591 1623 664 γίνεσθαι.
1688 589 1836 644 Ἐπεὶ

269 692 414 765 τᾶ.ρῆ
470 685 716 746 ἐνιαύσιος
771 686 1018 750 ποσότης
1074 681 1213 751 πρὸς
1269 684 1388 765 ταῖς
1441 679 1544 748 τξε⁹
1601 679 1838 752 ἡμέραις

274 764 345 832 καὶ
407 776 615 850 τέταρτον
693 770 918 846 ἔγγιστα
1002 764 1439 843 προσλαμϐάνει,
1494 769 1622 822 δταν
1801 769 1835 836 ἡ

279 865 473 936 ἰσημερία
527 865 646 932 πιρί
734 855 1105 931 μεσημϐρίαν,
1186 856 1248 911 τὸ
1337 857 1431 926 μὲν
1519 855 1642 927 ἑξῆς
1719 852 1840 915 ἔτθς

288 958 397 1009 Emi
435 954 525 1025 περὶ
587 949 739 1004 δύσιν
797 950 990 1018 ἡλίου,
1048 949 1109 1001 τὸ
1168 944 1225 1001 δὲ
1290 945 1413 1015 ἑξῆς
1489 945 1614 1018 περί
1677 941 1840 1018 μέσας

289 1047 436 1110 νύκτας,
471 1039 545 1094 καί
598 1037 748 1094 οὕτω
802 1039 968 1112 μέχρι
1014 1036 1230 1096 παντός,
1285 1036 1559 1090 Ἐντεῦθεν
1608 1035 1709 1108 γὰρ
1747 1033 1838 1087 καὶ

288 1134 396 1197 igni
437 1130 659 1202 βισὲκτου
727 1127 908 1199 ἡμέρα
939 1125 1017 1188 εἷς
1066 1123 1111 1178 δ’
1142 1123 1420 1185 ἐνιαυτοὺς
1468 1123 1841 1197 προσαπαρτί-

283 1228 393 1286 ζεται.
431 1217 554 1272 Ἐπεὶ
612 1214 662 1270 δ’
722 1214 880 1277 αὖθις
926 1217 960 1284 ἡ
1022 1215 1108 1268 ἐπὶ
1155 1216 1259 1283 τξε¹
1326 1212 1560 1287 ἡμέραις
1617 1211 1838 1267 ἐπουσία

278 1311 348 1381 σᾶχ
371 1307 472 1362 ὅλον
498 1308 750 1382 τέταρτον
780 1307 993 1378 ἡμέρας
1019 1307 1284 1379 περιέχει,
1318 1303 1464 1358 ἀλλᾶ
1494 1305 1639 1378 παρᾶ
1681 1323 1839 1376 τρια-

270 1398 503 1464 κοςιοστὸν,
534 1399 699 1467 ἡμεῖς
733 1393 797 1448 δὲ
820 1398 899 1465 τῷ
924 1399 1033 1448 τῶν
1080 1396 1306 1466 ἡμερῶν
1354 1392 1442 1446 καὶ
1496 1396 1682 1464 μηνῶν
1721 1389 1838 1464 ἀρι-

266 1487 354 1556 θμῷ
397 1485 512 1539 κατὰ
562 1485 880 1556 Ῥωμαίους
939 1483 1224 1560 χρώμεθα,
1285 1481 1361 1542 ὡς
1410 1485 1507 1536 τοῦ
1577 1481 1839 1555 τετάρτου

261 1574 319 1627 ἀεὶ
356 1573 534 1628 τελείου
569 1571 1033 1648 προσγινομένου,
1079 1572 1166 1626 καὶ
1221 1568 1312 1624 διὰ
1358 1573 1518 1624 τοῦτο
1555 1569 1693 1624 κατᾶ
1721 1569 1840 1623 τέσ-

258 1683 382 1735 σιρας
422 1662 679 1724 ἐνιαυτοὺς
735 1661 861 1734 μίαν
921 1660 1130 1734 ἡμέραν
1186 1664 1310 1721 ταῖς
1389 1660 1492 1731 τξε¹
1551 1657 1840 1732 προστίθε-

256 1771 346 1820 μεν,
395 1745 655 1822 συμϐαίνει
722 1749 773 1819 ἐξ
833 1749 1074 1823 ἀνάγκης
1139 1749 1271 1822 μετά
1315 1751 1362 1802 τ’
1413 1746 1692 1809 ἐνιαυτοὺς
1733 1746 1838 1820 πρὸ

249 1845 352 1910 μιᾶς
399 1840 590 1914 ἡμέρας
651 1839 898 1914 γίνεσθαι
949 1839 1048 1906 τήν
1117 1836 1406 1910 ἰσημερίαν
1466 1855 1479 1868 ⁸
1533 1838 1667 1902 οἷον,
1724 1835 1838 1890 ἐπεὶ

244 1929 353 1979 κατὰ
376 1929 428 1980 τὸ
477 1928 643 2001 παρὸν
706 1929 741 1996 ἡ
795 1925 1054 1998 ἰσημερία
1107 1925 1309 2000 γίνεται
1339 1928 1408 1996 τῇ
1463 1926 1536 1993 ιη’
1569 1923 1835 1996 Μαρτίου,

245 2015 351 2087 μετὰ
398 2018 439 2068 τ’
492 2013 579 2084 ἔτη
641 2009 792 2068 ἔσται
821 2017 888 2085 τῇ
953 2017 1041 2082 ιζ’,
1091 2013 1205 2066 εἶτα
1247 2013 1382 2084 μετὰ
1406 2008 1563 2085 ἕτερα
1603 2015 1838 2066 τοσαῦτα

244 2107 296 2170 τῇ
347 2106 427 2167 ις’,
455 2103 540 2155 καὶ
582 2102 762 2164 οὕτως
818 2101 919 2158 ἀεί.
956 2105 1013 2154 Ἢ
1079 2105 1174 2171 μὲν
1232 2099 1322 2153 οὖν
1383 2103 1518 2152 κατὰ
1574 2099 1637 2151 τὸ
1679 2097 1839 2169 ,ὃρνξ

244 2185 336 2249 ἔτος
361 2191 454 2244 ἀπὸ
499 2194 725 2250 κτίσεως
758 2209 969 2260 κοσμου
1025 2188 1209 2260 ἐαρινὴ
1265 2187 1522 2260 ἰσημερία
1581 2185 1840 2240 ἐπιλελό-

238 2299 382 2350 γισται
409 2281 531 2350 ἡμῖν
561 2284 819 2352 γεγονυῖα
850 2277 1096 2351 Μαρτίου
1126 2280 1206 2344 κζ’
1255 2283 1390 2329 κατα
1441 2271 1784 2348 μεσημϐρίαν
1821 2296 1832 2306 ·

242 2364 356 2442 λέγω
402 2365 453 2421 δὲ
511 2362 912 2440 μεστημϐρίαν,
969 2367 1104 2420 κατά
1153 2366 1247 2419 τὸν
1304 2362 1374 2418 δι’
1430 2363 1834 2438 Ἀλεξανδρείας

231 2453 593 2530 ,μετημῦρινόν,
652 2461 768 2511 Τῶν
824 2453 881 2510 δὲ
927 2456 1070 2524 ἑξῆς,
1130 2453 1250 2508 ὅσαι
1305 2454 1399 2528 μὲν
1432 2459 1549 2515 τοῖς
1589 2458 1635 2507 τ’
1667 2452 1836 2508 ἔτεσιν

235 2547 468 2615 αλλήλων
498 2546 870 2625 διαιρέρουσιν,
903 2545 1096 2614 ἑκάστη
1131 2545 1236 2614 πρὸ
1272 2553 1397 2615 μιας
1435 2551 1534 2611 τῆς
1583 2544 1690 2617 πρὸ
1743 2543 1836 2597 αὐ-

229 2642 312 2703 τῆς
355 2638 550 2710 ἡμέρας
600 2636 741 2690 κατὰ
785 2638 885 2704 τήν
933 2632 1100 2702 αὐτὴν
1149 2631 1292 2704 ὥραν
1341 2632 1563 2707 γίνεται,
1594 2633 1668 2695 ὡς
1699 2653 1833 2705 προ-

227 2724 444 2778 τέτακται
499 2724 552 2778 ἐν
608 2728 693 2795 τῷ
727 2722 1103 2798 διαγράμματι
1140 2742 1150 2756 ’
1185 2723 1240 2775 αἱ
1288 2719 1344 2774 δὲ
1395 2721 1586 2794 μεταξὺ
1626 2722 1831 2775 τούτων

231 2813 499 2887 ἰσημερίαι,
544 2819 665 2875 τοῖς
714 2811 912 2886 μεταξὺ
961 2809 1288 2884 ὃιασυήμασι
1339 2809 1595 2880 δηλονότι
1651 2812 1834 2883 γίνον-

225 2922 312 2955 ται.
345 2903 399 2958 Εἰ
452 2901 507 2957 δὲ
549 2902 641 2956 καὶ
692 2901 988 2978 σαφέστερα
1048 2898 1234 2973 βούλει
1293 2903 1493 2974 γνῶισι
1551 2903 1646 2954 τοῦ
1694 2899 1834 2974 χρό-

223 3011 299 3044 νου
351 2998 564 3061 σημεῖα.
617 2989 671 3045 ὲν
733 2991 829 3064 μὲν
899 2996 1014 3050 τοῖς
1099 2990 1321 3064 χρόνοις
1404 2983 1830 3062 Ναϐουνασαρου

224 3081 324 3152 περὶ
352 3079 499 3149 λῆξιν
532 3081 784 3153 ἑσπερίαν
817 3081 886 3148 ἦν
917 3081 952 3148 ἡ
984 3078 1242 3152 ἰσημερία
1291 3083 1391 3147 τῆς
1435 3081 1532 3132 τοῦ
1588 3077 1829 3149 Μαρτίου

220 3170 441 3239 πίμπτης
497 3171 586 3225 καὶ
649 3170 921 3237 εἰκοσνῆς,
981 3168 1031 3222 ἐν
1089 3166 1144 3222 δὲ
1200 3173 1315 3229 τοῖς
1381 3166 1664 3222 Φιλίππου
1730 3171 1826 3222 τοῦ

222 3333 336 3397 "Em
349 3334 445 3386 απὸ
461 3332 688 3392 κτίσεως
708 3332 950 3404 Κόσμου.
985 3331 1285 3405 ’ἰσημερίαι
1308 3330 1442 3385 κατᾶ
1465 3351 1553 3384 τον
1568 3327 1830 3403 Μάρτιον.

459 3453 1266 3530 ,δρνς’...δ...

485 3544 508 3562 ει
533 3560 540 3564 .
620 3549 633 3566 ι

462 3567 1268 3617 ,ουνς.......

273 4417 536 4494 ’Δριδαίου
586 4421 711 4495 περί
759 4414 1103 4493 μεσημϐρίαν
1155 4420 1252 4486 τῆς
1300 4415 1382 4472 κδ’
1426 4416 1622 4472 αὐτοῦ’
1658 4416 1708 4471 ἐν
1757 4417 1844 4476 αἷς

221 4505 264 4560 δὲ
306 4511 530 4582 ἡμέραις
586 4511 616 4563 ὁ
673 4509 906 4583 Χριστὸς
953 4513 1034 4580 τῷ
1093 4507 1284 4579 οἰκείῳ
1342 4507 1548 4578 θανάτῳ
1594 4506 1686 4560 τὸν
1743 4506 1840 4558 θά-

1949 591 2104 646 enim
2140 597 2369 663 tempus
2408 607 2666 645 annuutn
2705 596 2907 661 praeter
2940 591 3062 646 dies
3087 591 3195 647 365
3225 594 3401 649 etiam
3426 610 3600 666 prope

1947 691 2211 752 quartam
2269 685 2492 752 partem
2571 679 2688 733 diei
2749 680 3011 750 requirit,
3088 679 3138 734 si
3212 697 3367 736 nunc
3427 682 3602 738 fuerit

1948 769 2360 842 tequinoctium
2411 769 2564 824 circa
2613 767 2939 829 meridiem,
2993 785 3144 824 anno
3186 774 3469 842 sequente
3497 771 3605 828 erit

1947 861 2102 915 circa
2157 875 2426 915 occasum
2461 857 2623 922 solis,
2668 867 2715 912 et
2769 874 2922 912 anno
2969 858 3140 914 tertio
3187 859 3342 914 circa
3374 864 3602 917 noctem

1951 948 2219 1014 mediam,
2264 954 2322 1002 et
2377 948 2460 1002 sic
2516 945 2573 1000 in
2611 947 2930 1001 infinitum.
2963 947 3104 1001 Hinc
3154 947 3310 1002 enim
3351 953 3605 1019 quatuor

1947 1039 2120 1093 annis
2150 1038 2472 1106 completur
2504 1037 2627 1091 dies
2661 1036 2993 1091 bissextilis.
3031 1035 3245 1092 Deinde
3265 1053 3419 1106 vero,
3450 1055 3602 1109 quo-

1950 1127 2106 1182 niam
2154 1125 2540 1197 appendicula
2589 1141 2720 1195 quae
2777 1126 2850 1179 ad
2908 1124 3036 1180 dies
3057 1124 3165 1178 365
3203 1126 3445 1191 accedit,
3484 1144 3597 1182 non

1946 1216 2206 1271 continet
2254 1217 2546 1286 integrum
2613 1215 2726 1270 diei
2776 1215 3175 1282 quadrantem,
3247 1217 3345 1270 sed
3402 1216 3602 1272 deﬁcit

1953 1315 2108 1376 parte
2137 1303 2562 1367 trecentesima,
2601 1313 2656 1357 et
2687 1321 2792 1358 nos
2832 1303 3067 1374 quidem
3104 1320 3345 1359 numero
3376 1305 3598 1361 dierum

1949 1411 2014 1449 ac
2049 1393 2335 1448 mensium
2367 1409 2400 1446 a
2458 1391 2682 1446 Latinis
2711 1397 2945 1462 accepto
2989 1393 3227 1457 utimur,
3259 1395 3422 1463 quasi
3452 1410 3596 1465 qua-

1949 1485 2128 1538 drans
2182 1482 2297 1536 diei
2356 1481 2604 1551 perfecte
2663 1497 2892 1551 semper
2951 1483 3296 1551 expleretur,
3341 1483 3598 1554 adeoque

1949 1569 2212 1642 quolibet
2258 1569 2642 1640 quadriennio
2673 1570 2826 1625 diem
2859 1587 3040 1625 unum
3075 1571 3221 1641 ipsis
3246 1571 3355 1626 365
3382 1571 3595 1642 adjici-

1949 1674 2102 1726 mus,
2135 1656 2421 1728 contingit
2452 1657 2780 1712 necessario
2823 1663 2954 1726 post
2986 1673 3169 1713 annos
3201 1658 3306 1712 300
3327 1659 3597 1730 aequino-

1948 1747 2129 1802 ctium
2159 1746 2329 1801 unico
2381 1746 2474 1802 die
2506 1747 2786 1817 praeverti.
2833 1745 2922 1812 Ut,
2972 1745 3220 1818 exempli
3249 1748 3457 1818 gratia,
3493 1748 3598 1804 hoc

1950 1837 2072 1907 ipso
2106 1841 2385 1908 tempore,
2443 1837 2858 1906 tequinoctium
2908 1836 3118 1890 accidit
3147 1835 3240 1891 die
3287 1837 3352 1890 18
3383 1836 3598 1904 Martii,

1957 1935 2087 1998 post
2125 1942 2313 1982 annos
2359 1926 2464 1980 300
2493 1926 2638 1980 illud
2696 1925 2902 1980 incidit
2928 1927 2986 1980 in
3019 1926 3106 1992 17,
3139 1934 3261 1981 tum
3295 1932 3425 1996 post
3451 1925 3600 1981 alios

1949 2016 2057 2071 300
2095 2015 2153 2070 in
2189 2015 2275 2081 16,
2307 2025 2479 2086 alque
2504 2017 2582 2070 ita
2612 2021 2908 2086 perpetuo.
2939 2015 3371 2085 Equinoctium
3401 2015 3599 2087 itaque

1951 2124 2050 2178 pro
2070 2124 2221 2161 anno
2262 2106 2333 2162 ab
2379 2106 2514 2160 orbe
2543 2105 2778 2160 condito
2820 2105 2958 2159 4156
2989 2104 3209 2161 calculo
3240 2105 3408 2161 nobis
3438 2124 3598 2162 com-

1947 2197 2224 2267 probatur
2262 2195 2540 2249 incidisse
2597 2193 2656 2247 in
2727 2193 2917 2248 Martii
2971 2193 3039 2245 27
3071 2193 3219 2248 circa
3254 2195 3594 2262 meridiem;

1945 2285 2264 2350 meridiem,
2297 2285 2556 2354 inquam,
2583 2284 2752 2353 juxta
2784 2281 3169 2336 meridianum
3211 2283 3594 2338 Alexandria.

1944 2377 2294 2429 Caeterorum
2326 2389 2458 2427 vero
2489 2373 2994 2442 aequinoctiorum,
3061 2386 3185 2441 quis
3230 2371 3475 2426 invicem
3509 2373 3605 2426 di-

1944 2466 2099 2517 stant
2125 2462 2231 2516 300
2277 2461 2462 2521 annis.
2518 2461 2976 2530 unumquodque
3004 2459 3157 2514 circa
3197 2461 3461 2516 eamdem
3494 2459 3601 2516 ho-

1947 2569 2096 2616 ram,
2126 2555 2186 2607 at
2217 2567 2332 2606 uno
2383 2553 2476 2605 die
2505 2551 2678 2605 citius
2719 2551 2972 2615 obvenit,
3009 2554 3067 2602 ut
3100 2551 3160 2604 in
3191 2551 3468 2605 laterculo
3496 2569 3603 2621 ap-

1952 2640 2132 2710 posito
2165 2642 2552 2695 constitutum
2606 2643 2716 2692 est.
2769 2637 3140 2707 Equinnctia
3191 2643 3384 2694 autem
3417 2637 3597 2694 inter-

1945 2730 2135 2784 media
2196 2729 2368 2784 etiam
2432 2726 2792 2782 intermediis
2849 2725 2960 2780 diei
3000 2725 3204 2796 spatiis
3260 2729 3381 2783 sive
3437 2727 3598 2783 boris

1944 2818 2116 2873 ﬁunt.
2166 2819 2224 2872 Si
2288 2823 2481 2873 tamen
2537 2817 2677 2872 libet
2725 2815 2898 2886 paulo
2948 2817 3278 2872 accuratius
3319 2819 3596 2890 temporis

1945 2913 2236 2964 momenta
2265 2911 2434 2975 scire,
2495 2909 2682 2978 primo
2712 2907 2947 2978 quidem
2992 2923 3146 2963 anno
3205 2909 3596 2965 Nabonasaris

1940 2999 2092 3054 circa
2125 3014 2424 3070 vesperam
2477 3001 2787 3052 exeuntem
2831 2996 3243 3066 tequinoctium
3275 3001 3399 3052 erat
3438 2997 3597 3054 Mar-

1938 3087 2003 3142 tii
2035 3088 2129 3142 die
2158 3089 2248 3152 25,
2283 3087 2384 3142 sed
2409 3098 2664 3156 tempore
2695 3085 2968 3156 Phlilippi
3009 3085 3218 3140 Aridaai
3249 3086 3407 3143 circa
3429 3091 3596 3144 ineri-

1939 3176 2093 3230 diem
2181 3177 2293 3231 diei
2379 3176 2448 3229 24
2505 3175 2772 3245 ejusdem
2857 3175 3275 3231 2I1mensis:
3337 3181 3594 3248 tempore

1944 3338 2089 3388 Anni
2120 3339 2184 3388 ab
2205 3338 2332 3389 orbe
2361 3336 2596 3388 condito.
2817 3336 3152 3400 Equinoctia
3181 3338 3320 3388 circa
3349 3340 3592 3389 Martium

2195 3454 2334 3508 4156
3149 3456 3218 3508 27

2195 3543 2333 3597 4456
3149 3545 3222 3598 26

2197 3633 2335 3686 4756
3150 3635 3222 3687 25

2191 3724 2334 3778 5056
3147 3725 3219 3778 24

2193 3813 2335 3867 5356
3146 3814 3219 3868 23

2193 3902 2336 3957 5956
3145 3905 3218 3958 22

2195 3991 2338 4045 5956
3148 3993 3210 4046 21

2195 4082 2338 4135 6256
3149 4083 3223 4136 20

2197 4171 2340 4224 6556
3160 4173 3226 4225 19

2199 4259 2343 4314 6856
3162 4261 3228 4315 18

1953 4438 2086 4476 vero
2135 4422 2367 4492 quando
2421 4421 2688 4476 Christus
2751 4425 2934 4476 morte
2981 4439 3086 4478 sua
3127 4426 3370 4479 mortem
3411 4423 3596 4496 ipsam

1957 4511 2235 4575 enecavit,
2295 4511 2389 4565 die
2433 4510 2624 4565 Martii
2683 4513 2965 4582 vergentis
3000 4512 3092 4580 23,
3123 4515 3191 4567 ad
3216 4517 3445 4569 noctem
3479 4531 3600 4570 me-

221 4617 354 4653 εοατον
436 4600 720 4664 ἐθανάτου,
768 4596 958 4671 τρίτην
1034 4597 1123 4650 καί
1199 4597 1444 4664 εἰκοστὴν
1529 4592 1835 4654 διανύοντος

1946 4600 2144 4660 diam;
2195 4599 2329 4653 dein
2383 4600 2619 4668 quando
2677 4598 2826 4654 hanc
2885 4601 3148 4656 tabulam
3210 4601 3405 4658 Patres
3451 4619 3596 4658 con-

221 4686 373 4753 2":w3,
403 4690 529 4760 περί
565 4689 734 4760 μέσην
769 4685 976 4756 ἐκείνην
1000 4687 1101 4753 τήν
1134 4685 1304 4739 νύκτα
1327 4704 1341 4716 ·
1376 4685 1464 4738 ὅτε
1515 4682 1571 4737 δὲ
1627 4681 1689 4736 τό
1728 4687 1834 4736 τῶν

224 4777 445 4848 Πατέρων
530 4777 685 4831 τουτὶ
766 4775 1012 4830 κανόνιον
1094 4773 1349 4850 ἐγεγόνει,
1401 4777 1470 4846 τῇ
1538 4774 1582 4826 α’
1639 4771 1838 4827 τούτου

221 4865 288 4915 καὶ
326 4871 368 4917 κ’
418 4867 484 4921 τὰ
528 4873 632 4934 τῆς
678 4865 967 4939 ἰσημερίας
1018 4865 1270 4933 ἀπήντα·
1311 4867 1403 4916 νῦν
1464 4859 1510 4915 δ’
1541 4859 1621 4940 ἐφ’
1651 4863 1834 4932 ἡμῶν,

222 4950 280 5013 ὦς
323 4950 650 5023 δεδήλωται,
682 4955 716 5022 ἡ
754 4957 825 5023 ιη’
877 4953 1078 5021 ταύτην
1130 4951 1447 5025 ὁλοσχερῶς
1477 4951 1576 5026 ὁρᾷ
1607 4949 1837 5023 γινομέ-

225 5041 615 5112 ·ιην.Τοια·3την
665 5040 983 5115 ἀνωμαλίαν
1032 5043 1066 5108 ἡ
1122 5039 1208 5094 ἐπὶ
1260 5043 1327 5112 τῇ
1377 5044 1484 5092 τῶν
1531 5041 1835 5114 φωστήρων

223 5132 400 5198 κινήσει
459 5133 782 5206 βραχυτάτη
845 5128 1092 5203 ἔλλειψις
1151 5133 1286 5184 κατα
1320 5127 1512 5201 μικρὸν
1545 5148 1835 5202 προσγινο-

227 5216 332 5287 μὲνη
390 5220 636 5290 ἆπέτεκε,
686 5220 775 5274 καί
829 5219 898 5275 τᾶ
955 5225 1107 5294 φῶτα
1157 5218 1540 5292 ὀπισθὸρμητα
1597 5217 1834 5290 γίνεσθαι

227 5308 604 5378 παρεσκεύασεν.
655 5312 735 5367 Οὐ
798 5310 906 5381 μὴν
959 5309 1106 5383 παρὰ
1153 5311 1314 5362 τοῦτο
1371 5311 1682 5379 μεταποιεῖν
1739 5307 1832 5360 τὸν

223 5398 307 5446 τῶν
359 5399 606 5472 Πατὲρων
662 5401 925 5472 προσήκει
974 5396 1208 5451 κανόνα⁶
1262 5393 1386 5451 οὔτε
1440 5396 1540 5470 γὰρ
1593 5395 1709 5450 οἷόν
1776 5415 1834 5449 τε

227 5487 466 5542 συνθεῖναι
515 5488 724 5560 ἕτερον,
758 5487 904 5542 οὕτω
963 5490 1145 5562 σαφῶς
1198 5484 1478 5540 δεικνύντα
1523 5490 1641 5546 τοῖς
1701 5489 1832 5538 πᾶσι

223 5575 327 5636 τοὺς
373 5577 689 5651 εἰρημένους
748 5578 869 5652 περί
925 5577 988 5632 τὸ
1047 5577 1236 5650 Πάσχα
1291 5574 1628 5650 διορισμοῦς.
1653 5572 1836 5629 Ἀλλὰ

225 5666 301 5716 καὶ
363 5667 417 5738 ἢν
490 5666 868 5745 ἐθελήσαιμεν,
935 5664 1010 5730 ὥς
1078 5685 1243 5735 τινες,
1297 5667 1622 5742 μεταθεῖναι,
1683 5659 1833 5718 δυσὶν

1947 4694 2304 4753 struxerunt,
2364 4686 2553 4741 Martii
2611 4687 2675 4741 21
2726 4689 2818 4742 die
2873 4690 3077 4744 aderat
3123 4694 3486 4745 momentum
3520 4707 3595 4744 -

1946 4777 2316 4848 quinoctiale.
2403 4777 2566 4832 Nunc
2623 4783 2817 4833 autem
2893 4781 3046 4849 apud
3106 4796 3232 4847 nos,
3293 4787 3357 4835 ut
3416 4797 3593 4851 supra

1947 4873 2334 4922 monstratum
2393 4872 2501 4934 est,
2559 4867 2684 4922 dies
2726 4868 2789 4921 18
2844 4868 3023 4923 istius
3083 4873 3308 4925 mensis
3337 4870 3595 4939 aequino-

1945 4956 2125 5010 ctium
2149 4955 2417 5010 crassiori
2455 4956 2624 5010 modo
2645 4961 2884 5027 captum
2917 4959 3094 5013 videt.
3131 4956 3424 5028 Ejusmodi
3451 4974 3589 5012 ano-

1946 5044 2176 5099 maliain
2219 5043 2306 5099 vel
2331 5044 2613 5099 minimus
2644 5045 2798 5101 circa
2831 5050 3053 5100 motum
3081 5045 3458 5100 luminarium
3488 5047 3590 5101 de~

1944 5132 2150 5197 fectus,
2189 5132 2452 5203 quamvis
2483 5150 2598 5188 non
2645 5133 2743 5188 diu
2776 5134 2853 5188 sit
2882 5135 3037 5205 quod
3070 5135 3394 5204 contigerit,
3428 5151 3589 5190 crea-

1943 5221 2046 5290 vit,
2077 5222 2324 5291 fecitque
2381 5220 2694 5276 luminaria
2743 5228 2894 5278 retro
2951 5223 3171 5278 cedere.
3238 5221 3358 5279 Non
3391 5227 3585 5278 tamen

1943 5326 2070 5366 eam
2101 5311 2174 5367 ob
2205 5326 2442 5366 causam
2493 5326 2772 5365 canonem
2805 5309 2970 5367 illum
3010 5313 3243 5366 Patrum
3277 5311 3589 5368 immutare

1942 5403 2198 5470 oportet:
2227 5415 2409 5470 neque
2438 5399 2594 5454 enim
2625 5397 2807 5453 alium
2847 5400 3090 5454 condere
3123 5399 3274 5468 licet,
3326 5401 3422 5470 qui
3466 5405 3584 5456 tam

1943 5489 2238 5544 evidenter
2268 5491 2687 5543 commonstret
2747 5489 2916 5542 etiam
2949 5487 3225 5543 omnibus
3258 5488 3444 5544 dictas
3477 5489 3585 5544 Pa-

1942 5579 2160 5632 schstis
2191 5579 2721 5633 determinationes.
2751 5578 3157 5633 Verumtamen
3184 5581 3290 5633 etsi
3317 5581 3582 5635 velimus.

1940 5669 2093 5743 quod
2129 5668 2344 5724 faciunt
2414 5668 2697 5737 nonnulli,
2731 5668 2886 5723 hunc
2915 5670 3242 5742 immutare,
3275 5679 3448 5744 atque
3476 5669 3585 5728 ini-
