4080 6224
409 349 524 424 103

1680 355 2056 422 ΜΑΤΤιιΑιι
2097 343 2529 420 BLASTARIS

3689 355 3804 424 ιοι

403 501 550 557 tium
583 501 883 556 sumentes
939 496 1012 551 ab
1042 511 1194 550 anno
1243 495 1404 563 68“,
1455 496 1578 552 dies
1607 495 1752 553 adeo
1781 498 1927 554 duos
1955 498 2036 552 de-

2163 494 2327 548 αὐτὸν
2375 492 2608 566 ἡμέραις
2683 487 3137 562 ὑποϐιϐάσαντες,
3205 491 3496 568 ἀρξάμενοι
3548 493 3805 566 δηλονότι

405 603 595 646 mere:
641 590 1024 660 praeterquam
1057 585 1212 654 quod
1267 599 1335 638 ne
1367 587 1458 640 vix
1485 585 1760 656 possibile
1805 595 1891 642 est
1935 602 2055 641 om-

401 679 578 736 nibus
607 691 710 748 per
748 679 928 729 totum
981 677 1265 728 terrarum
1300 675 1497 729 orbem
1531 689 1726 730 rerum
1757 689 2052 730 sacrarum

299 783 304 796 '
403 763 870 822 moderatoribus
929 762 1277 830 persuadere
1323 767 1388 816 ut
1453 762 1796 818 methodum
1843 778 2052 818 novam

400 855 724 917 addiscunt,
755 851 938 906 altera
969 853 1199 920 rejecta,
1217 851 1392 906 etiam
1425 851 1519 906 hic
1551 857 1682 921 post
1709 866 1898 906 annos
1919 851 2050 920 304,

399 955 720 1012 rursusque
758 943 891 1011 post
921 938 1066 994 alios
1095 938 1223 1006 304,
1255 945 1429 1010 atque
1461 955 1632 1010 porro
1665 941 1722 994 in
1753 940 2050 996 inﬁnitum

397 1033 550 1086 idem
585 1045 748 1086 error
779 1033 1076 1099 sequetur,
1127 1034 1306 1098 atque
1334 1043 1479 1100 opus
1519 1029 1630 1084 erit
1661 1028 1922 1084 tabulam
1951 1045 2054 1083 ss:-

395 1119 526 1189 pius
553 1119 889 1173 immutare.
947 1117 1314 1188 Quapropter
1349 1117 1532 1172 multo
1591 1117 1796 1173 melius
1853 1117 2050 1186 fuerit,

397 1207 726 1264 nullatenus
745 1207 1026 1261 innovare
1049 1222 1062 1260 :
1089 1222 1224 1260 nam
1251 1206 1582 1260 istiusmodi
1606 1206 1901 1262 innovatis
1933 1223 2048 1262 non

394 1295 578 1352 solum
627 1311 741 1349 non
791 1299 982 1366 potest
1037 1295 1306 1348 eumdem
1337 1309 1592 1348 errorem
1639 1297 1916 1359 devitarc,
1945 1297 2047 1350 sed

395 1393 453 1440 et
485 1385 788 1440 turbarum
849 1398 961 1438 non
1023 1383 1404 1438 minimarum
1463 1383 1524 1438 in
1579 1383 1832 1440 Ecclesia
1871 1400 2050 1440 causa

393 1475 525 1529 erit.
585 1471 658 1528 Ut
715 1487 848 1526 vero
907 1487 1092 1526 canon
1125 1471 1222 1526 ille
1255 1487 1412 1526 nunc
1469 1488 1533 1528 se
1581 1471 1777 1538 habet,
1828 1488 1896 1527 ea
1925 1487 2048 1542 quas

396 1563 684 1633 praecipue
713 1559 867 1615 circa
897 1561 1118 1615 Pascha
1149 1561 1409 1616 obtinere
1438 1567 1680 1630 oportet,
1709 1561 1769 1616 in
1803 1561 1901 1617 illo
1951 1563 2048 1618 tir-

397 1651 568 1706 miter
619 1650 1023 1716 observantur,
1099 1649 1325 1705 scilicet
1383 1651 1540 1720 quod
1597 1655 1730 1721 post
1784 1651 2046 1722 asquin-

394 1739 596 1806 ctium,
651 1739 770 1793 imo
821 1737 996 1792 etiam
1060 1745 1189 1808 post
1245 1739 1446 1792 lunam
1506 1738 1922 1810 equinoctium
1954 1754 2044 1796 se-

395 1834 696 1899 quentem,
739 1827 867 1882 festi
899 1828 1071 1882 istius
1120 1826 1404 1883 solemnia
1453 1829 1526 1882 ab
1560 1829 1836 1884 omnibus
1872 1835 1930 1884 et
1957 1845 2048 1885 eo-

393 1917 523 1974 dem
555 1921 815 1987 tempore
843 1915 1165 1986 eodemque
1204 1917 1296 1970 die
1325 1917 1452 1970 sine
1483 1916 1733 1972 discidio
1768 1933 2048 1988 peragan-

395 2011 510 2060 tur.
549 2005 848 2072 Praterea,
881 2004 929 2058 si
955 2009 1112 2058 recte
1147 2005 1332 2073 quoad
1365 2005 1565 2059 omnia
1595 2021 1658 2060 se
1691 2005 1928 2060 haberet
1959 2021 2052 2077 pe-

395 2095 652 2148 riodicus
682 2093 782 2148 ille
811 2109 1020 2158 canon,
1043 2107 1440 2161 saepenumero
1471 2098 1665 2149 tamen
1689 2095 2051 2162 contingeret

399 2181 621 2237 Pascha
677 2199 710 2236 a
766 2181 934 2236 nobis
965 2181 1242 2251 postridie
1299 2180 1426 2235 festi
1475 2181 1814 2236 Judaeorum
1843 2183 2045 2236 obser-

393 2273 531 2326 vari.
566 2271 730 2325 Nunc
789 2273 982 2324 autem
1037 2273 1167 2338 post
1194 2273 1314 2324 tres
1343 2269 1468 2325 dies
1507 2271 1580 2324 ad
1630 2270 1940 2326 minimum
1973 2271 2044 2326 ab

393 2361 654 2432 ipsorum
715 2360 856 2414 festo
915 2362 1183 2412 nostrum
1252 2357 1597 2414 celebratur.
1659 2359 1824 2425 Quod
1869 2361 2041 2416 etiam

393 2452 582 2520 magis
603 2448 872 2502 convenit
924 2447 1134 2502 canoni
1183 2447 1522 2517 apostolico,
1563 2449 1664 2519 qui
1697 2449 1905 2504 statuit
1935 2450 2041 2504 Pa-

393 2535 536 2593 scha
561 2536 760 2591 eodem
791 2539 1048 2606 tempore
1069 2550 1200 2590 cum
1230 2535 1450 2590 Judasis
1477 2536 1720 2592 minime
1747 2536 2044 2593 celebran-

393 2630 532 2682 dum
559 2643 726 2691 esse;
787 2629 844 2680 et
873 2641 1015 2680 sane
1069 2641 1232 2681 error
1261 2626 1372 2680 iste
1401 2625 1552 2682 circa
1583 2627 1828 2696 Pascha,
1875 2627 2042 2699 quasi

393 2735 460 2774 ex
489 2718 778 2785 consulto,
815 2716 957 2771 facit
988 2721 1051 2770 ut
1081 2723 1436 2788 praeceptum
1457 2716 1600 2772 illud
1627 2719 1814 2786 magis
1844 2717 2039 2773 obser-

389 2813 574 2864 vetur.
604 2807 736 2863 Jam
777 2822 911 2862 vero
965 2810 1360 2877 opportunum
1391 2821 1518 2862 esse
1551 2823 1680 2863 reor
1708 2807 2040 2864 sanctiones

389 2899 562 2954 etiam
603 2895 966 2953 necessarias
1005 2911 1486 2952 commemorare.

457 2985 688 3042 Primus
745 2985 944 3056 itaque
990 2982 1218 3038 concilii
1265 2982 1612 3040 Antiocheni
1651 2999 1860 3052 canon,
1921 2983 2037 3040 Hoc

388 3075 624 3140 decreti,
657 3074 757 3140 ait,
803 3072 1058 3145 synodus
1113 3070 1343 3128 Nicana
1397 3071 1600 3140 edidit,
1659 3072 2036 3128 Constantino

389 3163 650 3235 piissimo
681 3163 1032 3232 imperatore
1089 3166 1390 3232 praesente,
1448 3177 1519 3216 ne
1559 3160 1869 3216 Christiani
1921 3179 2034 3218 una

385 3267 514 3308 cum
544 3250 762 3306 Judaais
791 3266 954 3306 sacra
987 3248 1280 3304 Paschatis
1309 3249 1597 3306 solemnia
1647 3249 2032 3320 celebrarent,

384 3341 486 3394 sed
518 3341 714 3412 potius
744 3338 828 3394 uti
886 3337 1110 3408 legibus
1139 3353 1204 3392 ac
1260 3337 1571 3404 sententia,
1603 3338 1689 3393 ita
1717 3349 1774 3394 et
1801 3340 2036 3394 dierum

384 3427 722 3485 discrimine
743 3427 974 3484 abistis
1004 3427 1519 3497 distinguet-antur.
1575 3425 1827 3482 Clericos
1897 3444 2034 3484 vero

383 3517 486 3589 qui
516 3516 914 3572 deﬁnitionem
955 3515 1120 3570 illam
1179 3514 1395 3571 violare
1423 3515 1550 3571 ausi
1584 3516 1820 3582 fuerint,
1865 3521 2037 3587 atque

381 3607 463 3662 ita
491 3605 768 3679 pepulum
793 3605 998 3660 docere
1035 3607 1533 3676 presumpeerint,
1565 3605 1886 3661 sacerdotis
1906 3605 2035 3676 jac-

382 3702 550 3752 ctura
571 3697 817 3752 multat:
849 3700 974 3750 tum
997 3695 1171 3750 etiam
1205 3695 1305 3764 qui
1335 3711 1468 3750 cum
1523 3696 1681 3752 hisce
1709 3697 2032 3752 communi-

382 3787 658 3854 caverint,
717 3791 844 3858 post
894 3785 1316 3856 depositionem
1359 3785 1576 3840 honore
1605 3784 1706 3856 qui
1737 3793 1898 3841 extra
1923 3803 2026 3841 sa-

380 3896 542 3934 crum
583 3875 836 3932 tribunal
897 3875 970 3931 ad
1019 3877 1178 3946 ipsos
1243 3877 1513 3946 pertinet,
1571 3877 1847 3931 cathedra
1889 3883 2029 3947 puta

380 3965 626 4036 aliisque
648 3961 980 4034 privilegiis,
1006 3963 1183 4016 exuit.
1214 3961 1360 4016 Nam
1395 3963 1494 4032 qui
1521 3963 1592 4016 ob
1615 3961 1888 4017 delictum
1912 3980 2027 4018 non

379 4069 672 4125 prtegrave
702 4051 1024 4108 sacerdotio
1055 4067 1161 4106 suo
1213 4051 1510 4118 excidunt,
1541 4067 1657 4106 non
1689 4051 1888 4106 statim
1932 4054 2028 4109 ho-

379 4158 516 4199 nore
543 4142 642 4198 illo
670 4142 822 4198 circa
850 4145 1087 4196 externa
1119 4141 1441 4212 privantur.

447 4315 643 4372 Canon
656 4322 850 4372 autem
875 4319 942 4370 66
965 4317 1164 4388 synodi
1189 4321 1361 4372 sextis
1375 4333 1410 4372 a
1449 4316 1542 4372 die
1559 4315 2020 4374 Resurrectionis

377 4421 564 4477 usque
583 4407 652 4462 ad
685 4406 1044 4460 Dominicam
1067 4411 1406 4475 sequentem
1442 4405 1681 4476 psalmis
1709 4415 1762 4462 et
1793 4407 2025 4476 hymnis

373 4503 429 4550 et
459 4496 702 4551 canticis
727 4492 1136 4564 spiritualibus
1164 4509 1366 4550 vacare
1397 4492 1598 4550 fideles
1637 4495 1934 4562 admonet,
1965 4499 2024 4550 et

376 4583 801 4656 hippodromiis
861 4583 1328 4654 speclaculisque
1379 4581 1628 4653 publicis
1660 4585 2020 4655 pratermis-

371 4675 472 4738 sis,
495 4673 554 4728 in
599 4671 784 4727 sacris
831 4670 1192 4742 frequentius
1225 4671 1464 4736 versari,
1523 4688 1636 4742 qua
1683 4673 1756 4728 de
1779 4687 1958 4728 causa
1987 4689 2022 4726 a

371 4762 648 4818 servitute
680 4760 896 4815 diaboli
925 4759 1150 4815 liberati
1183 4776 1410 4816 sumus.
1455 4760 1669 4816 Verum
1697 4761 1855 4816 enim
1887 4777 2020 4816 vero

369 4851 760 4907 Christianum
817 4853 1043 4920 Oportet
1099 4865 1394 4920 nunquam
1429 4865 1544 4904 non
1589 4856 1856 4921 paratum
1891 4866 2020 4905 esse

371 4943 442 4996 ad
473 4937 847 5009 suscipienda
897 4955 1062 4994 sacra
1095 4939 1405 5008 mysteria:
1441 4940 1520 4995 ita
1549 4940 1785 5011 quidem
1810 4940 1924 5006 (iet,
1958 4951 2018 4994 ut

374 5047 485 5086 una
513 5046 646 5086 cum
676 5029 910 5084 Christo
941 5043 1330 5100 resurgamus,
1350 5034 1526 5100 atque
1559 5029 1633 5086 de
1687 5029 1804 5084 vita
1826 5029 1923 5085 vili
1963 5034 2019 5084 et

371 5128 596 5176 terrena
633 5119 706 5174 ad
741 5117 1256 5174 ultramundanam
1305 5128 1360 5174 et
1393 5117 1758 5190 spiritualern
1789 5133 2016 5173 conver-

371 5209 655 5264 sationem
687 5205 1038 5263 attollamur.

441 5433 585 5488 Vide
623 5431 796 5487 etiam
852 5433 907 5488 in
951 5447 1076 5502 cap.
1112 5431 1136 5484 1
1172 5430 1380 5487 littera:
1409 5439 1448 5486 Θ
1479 5447 1754 5488 canonem
1783 5431 1846 5486 6t
1873 5445 2012 5488 con-

369 5524 486 5581 cilii
516 5521 1013 5593 Carthaginensis.

442 5656 594 5716 218
656 5657 850 5714 Conon
897 5659 1092 5714 autem
1145 5657 1215 5712 89
1256 5658 1463 5732 synodi
1521 5663 1696 5717 sexta
1739 5655 2010 5718 ﬁdelibus

2053 4603 2097 4667 Ι)
2125 4581 2348 4644 πιστούς

2161 583 2268 636 ἀπὸ
2295 587 2392 636 τοῦ
2422 583 2608 654 ,ςωμα’
2639 577 2812 652 ἔτους,
2855 583 2991 655 πρὸς
3037 588 3114 654 τῷ
3159 582 3301 654 μηδὲ
3344 583 3546 646 πάντας
3585 581 3803 639 δυνατὸν

2163 672 2294 726 εἶναι
2342 671 2468 732 τοὺς
2523 670 2622 724 ἇνά
2686 676 2858 724 πᾶσαν
2901 673 3001 740 τήν
3049 671 3378 745 οἰκουμένην
3427 673 3496 727 τὰ
3547 679 3800 747 Χριστια-

2159 765 2267 815 νῶν
2327 755 2722 833 πρεσϐεύοντας
2797 765 2978 814 πεῖσαι
3069 763 3395 834 μεταμαθεῖν
3484 760 3671 832 αὐτὸν,
3725 759 3804 818 ’ἔτι

2161 850 2250 903 καὶ
2315 849 2448 922 μετὰ
2502 844 2580 902 τδ¹
2637 845 2804 902 πάλιν
2855 841 2972 918 ἔτη,
3030 847 3122 904 καὶ
3179 847 3335 910 αὖθις
3389 851 3523 922 μετά
3551 853 3807 916 τοσαῦτα,

2159 938 2250 992 καὶ
2281 937 2363 992 ἀεὶ
2412 937 2585 997 οὕτως
2630 939 2665 1006 ἡ
2715 935 2852 1004 αὗτή
2903 935 3376 1012 παρακολουθήσει
3424 937 3686 1013 ἁμαρτία,
3715 939 3806 994 καὶ

2162 1025 2344 1098 δεήσει
2373 1026 2646 1088 πολλάκις
2687 1031 2880 1082 τοῦτον
2933 1032 3268 1098 μεταποιεῖν,
3291 1027 3430 1083 ὥστε
3473 1027 3693 1103 βέλτιον
3727 1029 3804 1102 μὴ

2159 1121 2523 1187 καινοτομεῖν.
2582 1119 2646 1172 Ἦ
2701 1116 2804 1190 γὰρ
2862 1115 3086 1184 τοιαύτη
3146 1115 3470 1188 καινοτομία
3528 1117 3590 1170 οὗ
3637 1117 3804 1188 μόνον

2159 1204 2222 1259 οὐ
2264 1205 2550 1274 δυνήσεται
2618 1205 2692 1277 μή
2742 1206 2812 1276 τῇ
2862 1203 2998 1276 αὐτῇ
3043 1203 3208 1258 πάλιν
3257 1209 3565 1279 περιπεσεῖν
3625 1205 3806 1276 ἀμαρ-

2155 1294 2266 1364 τίᾳ,
2319 1293 2467 1348 ἄλλα
2525 1293 2616 1348 καὶ
2679 1293 2918 1354 στάσεως
2974 1291 3036 1346 οὐ
3101 1292 3326 1366 μετρίας
3383 1297 3451 1364 τῇ
3504 1292 3811 1364 Ἐκκλησία

2154 1385 2438 1456 γενήσεται
2492 1382 2766 1456 πρόξενος.
2801 1387 2913 1441 Νῦν
2947 1379 3004 1437 δὲ
3044 1383 3137 1438 καὶ
3196 1382 3372 1446 οὕτως
3431 1381 3658 1458 ἔχοντος
3707 1387 3809 1437 τοῦ

2155 1473 2402 1542 κανόνος,
2459 1472 2526 1526 τὰ
2583 1473 2913 1545 καιριώτερα
2965 1475 3075 1526 τῶν
3127 1469 3503 1546 ὀφειλομένων
3566 1471 3688 1544 περὶ
3743 1472 3810 1525 τὸ

2157 1560 2348 1634 Πάσχα
2417 1562 2726 1631 τηρεῖσθαι,
2781 1557 2854 1613 δι’
2935 1558 3099 1614 αὐτοῦ
3185 1555 3421 1634 βεϐαίως
3489 1565 3808 1632 τηροῦνται,

2156 1649 2218 1704 τὸ
2254 1651 2368 1721 μετ’
2401 1649 2689 1724 ἰσημερίαν
2723 1646 3006 1718 δηλονότι,
3037 1649 3126 1702 καὶ
3159 1649 3224 1702 τὸ
3276 1653 3412 1721 μετὰ
3457 1649 3560 1717 τήν
3609 1647 3809 1702 πανσε-

2157 1736 2345 1808 ληνον,
2400 1739 2501 1806 τὴν
2561 1739 2676 1808 μετ’
2736 1735 3048 1810 ἰσημερίαν,
3121 1739 3186 1790 τὰ
3255 1735 3353 1801 τῆς
3431 1736 3625 1808 ἑορτῆς
3699 1735 3809 1790 ὑπὸ

2155 1829 2390 1896 πάντων,
2417 1826 2588 1882 καὶέν
2628 1830 2708 1898 τῷ
2757 1826 2906 1896 αὐτῷ
2951 1825 3162 1904 χρόνῳ,
3191 1825 3280 1880 καὶ
3327 1827 3396 1898 τῇ
3445 1825 3582 1898 αύτῇ
3621 1824 3808 1898 ἡμέρᾳ

2153 1918 2427 1972 τελεῖσθαι
2459 1916 2852 1979 ἀστασιάστως.
2882 1917 3001 1970 Ἔτι
3035 1913 3092 1970 δὲ
3134 1916 3182 1970 εἰ
3231 1915 3407 1990 ὀρθῶς
3439 1915 3585 1988 εἶχεν
3619 1915 3646 1968 ὁ
3705 1934 3804 1968 πε-

2159 2004 2394 2080 ριοδικὸς
2455 2005 2612 2068 οὗτος
2669 2009 2804 2060 κατὰ
2859 2005 3031 2060 πάντα
3105 2005 3301 2072 κανὼν,
3376 2003 3650 2064 πολλάκις
3736 2002 3800 2056 ἂν

2158 2089 2451 2160 συνέϐαινε,
2483 2096 2582 2162 τὴν
2613 2095 2736 2163 ἑξῆς
2779 2094 2933 2154 εὐθὺς
2979 2093 3188 2168 ἡμέραν
3245 2097 3345 2158 τῆς
3405 2092 3619 2148 ἐκείνων
3678 2091 3800 2166 sop-

2155 2191 2252 2252 τῆς
2307 2186 2442 2256 ἡμῖν
2501 2183 2564 2236 τὸ
2611 2183 2802 2256 Πάσχα
2850 2182 3166 2238 τελεῖσθαι·
3211 2179 3300 2236 νῦν
3351 2178 3407 2235 δὲ
3477 2181 3611 2252 μετᾶ
3651 2185 3800 2254 τρεῖς

2153 2271 2515 2346 τούλάχιστον
2549 2273 2758 2344 ἡμέρας
2787 2278 2886 2340 τῆς
2948 2270 3168 2326 ἐκείνων
3217 2271 3412 2344 ἑορτῆς
3467 2272 3503 2338 ἡ
3553 2270 3800 2344 ἡμετέρα

2153 2360 2412 2416 τελεῖται.
2471 2361 2639 2436 Ὀπερ
2697 2355 2775 2414 ἔτι
2835 2357 3047 2432 μᾶλλον
3101 2364 3180 2430 τῷ
3229 2356 3581 2428 ἀποστολικῷ
3609 2357 3798 2412 κανόνι

2153 2445 2458 2522 συμϐαίνει,
2514 2454 2593 2520 τῷ
2648 2447 3012 2522 διοριζομὲνῳ
3075 2451 3150 2521 μή
3211 2446 3321 2504 δεῖν
3375 2447 3429 2503 ἐν
3495 2453 3575 2519 τῷ
3647 2447 3802 2519 αὐτῷ

2153 2539 2340 2613 χρόνῳ
2379 2545 2494 2600 τοῖς
2546 2536 2830 2599 Ἰουδαίοις
2869 2540 2931 2592 τὸ
2983 2537 3172 2612 Πάσχα
3211 2535 3385 2592 τελεῖν
3417 2557 3428 2567 ·
3465 2538 3553 2592 καὶ
3583 2538 3618 2606 ἥ
3652 2558 3802 2607 συμ-

2151 2621 2418 2697 ϐεϐηκυῖα
2474 2626 2596 2700 περὶ
2663 2625 2725 2680 τὸ
2785 2627 2980 2702 Πάσχα
3037 2623 3334 2700 διαμαρτία
3384 2623 3564 2698 ὥσπερ
3613 2623 3800 2692 ἐξεπί-

2149 2712 2306 2783 τηδες
2339 2719 2486 2768 ποιεῖ
2512 2716 2602 2768 τὸν
2633 2717 2882 2769 τοιοῦτον
2915 2713 3175 2770 ἐπιπλέον
3205 2715 3374 2786 νόμον
3407 2713 3799 2789 φυλάττεσθαι,

2148 2801 2310 2858 Ἀλλ’
2365 2802 2466 2858 οὐκ
2523 2803 2743 2878 ἄκαιρον
2797 2803 2952 2876 οἶμαι
3016 2804 3107 2858 καὶ
3164 2808 3273 2858 τῶν
3337 2801 3628 2877 ἐπικαίρων
3681 2801 3796 2872 ἤδη

2151 2893 2454 2964 μνησθῆναι
2488 2896 2778 2966 χρησμῶν.

2216 2984 2278 3038 Ὁ
2323 2984 2371 3034 α’
2429 2987 2530 3049 τῆς
2575 2979 2626 3034 ἐν
2685 2981 2998 3054 Ἀντιοχείᾳ
3057 2977 3286 3034 συνόδου
3353 2979 3552 3050 κανὼν,
3609 2982 3795 3054 Ὀρον,

2146 3069 2325 3138 σησὶν,
2379 3069 2690 3144 ἐξενήνοχεν
2750 3071 2785 3138 ἡ
2845 3068 2896 3122 ἒν
2945 3068 3146 3139 Νικαίᾳ
3191 3069 3385 3142 πρώτη
3419 3067 3668 3137 σύνοδος,
3699 3068 3797 3122 ὑπ’

2144 3157 2262 3233 ἕψιν
2317 3162 2413 3213 τοῦ
2460 3154 2710 3219 εὐσεϐοῦς
2768 3157 3039 3232 βασιλεως
3089 3149 3511 3229 Κωνσταντίνου,
3560 3159 3660 3225 τὴν
3689 3162 3796 3211 τοῦ

2149 3249 2310 3322 ἁγίου
2341 3247 2533 3322 Πάσχα
2561 3245 2786 3314 τελετὴν
2822 3247 2899 3318 μὴ
2931 3247 3142 3318 σύναμα
3179 3253 3298 3308 τοῖς
3335 3244 3620 3308 Ἰουδαίοις
3659 3247 3794 3306 τοὺς

2147 3338 2495 3408 Χριστιανοὺς
2556 3335 2724 3411 ἄγειν,
2777 3335 2907 3390 ἀλλ’
2951 3335 3133 3410 ὥσπερ
3181 3341 3299 3400 τοῖς
3346 3337 3542 3409 νόμοις
3587 3335 3794 3408 καὶτῷ

2144 3428 2478 3502 φρονήματι,
2536 3425 2681 3478 οὕτω
2729 3425 2815 3478 καὶ
2867 3429 2946 3496 τῷ
3000 3423 3384 3480 διαλλάττοντι
3429 3430 3538 3480 τῶν
3565 3424 3795 3498 ἡμερῶν

2139 3516 2344 3570 τούτων
2373 3511 2816 3569 ἀποδιίστασθαιῖ
2851 3509 3000 3576 Τοὺξ
3035 3511 3094 3568 δί
3121 3515 3212 3568 τδν
3258 3516 3384 3590 ὅρον
3427 3515 3628 3569 ἐκεῖνον
3681 3535 3790 3568 πα-

2141 3605 2357 3681 ραλύειν
2418 3603 2738 3676 τολμῶντας
2785 3602 3109 3674 κληρικους,
3170 3605 3260 3658 καὶ
3320 3603 3461 3659 οὕτω
3505 3605 3597 3658 τὸν
3650 3605 3786 3658 λαον

2137 3693 2508 3768 πειρωμένους
2595 3685 2884 3760 δίδάσκειν,
2953 3697 3024 3766 τῇ
3097 3691 3374 3768 ἀφαιρέσει
3435 3697 3628 3764 ζημιοῖ
3681 3699 3788 3761 τῆς

2137 3783 2472 3857 ἱερωσύνης·
2533 3783 2669 3855 πρὸς
2725 3778 2802 3850 δὲ,
2853 3781 2944 3835 καὶ
2985 3781 3127 3842 ’τοὺς
3182 3783 3506 3856 τολμῷντας
3561 3780 3786 3842 τούτοις

2139 3872 2272 3943 μετᾶ
2335 3873 2434 3938 τήν
2493 3873 2803 3944 καθαίρεσιν
2861 3874 3168 3939 κοινωνεῖν,
3215 3869 3277 3924 οὐ
3327 3871 3439 3943 μὴν
3489 3867 3642 3923 ἀλλᾶ
3687 3871 3780 3922 καί

2132 3969 2231 4029 τῆς
2293 3959 2394 4032 ἔξω
2423 3963 2518 4014 τοῦ
2579 3961 2825 4033 βήματος
2857 3958 3282 4034 ἀλλοτριοῦσθαι
3331 3966 3519 4031 τιμῆς,
3577 3966 3674 4026 τῆς
3723 3957 3780 4012 ἐν

2129 4053 2199 4123 τῇ
2231 4045 2464 4122 καθέδρᾳ
2493 4044 2733 4116 δηλαδὴ,
2763 4047 2854 4101 καὶ
2881 4054 2993 4116 ’τῆς
3039 4046 3242 4118 ἄλλης.
3275 4048 3338 4102 Oi
3389 4049 3496 4122 γὰρ
3545 4045 3631 4101 διὰ
3685 4048 3784 4118 μέ-

2130 4160 2279 4214 τριον
2339 4143 2586 4210 πταῖσμα
2631 4143 2733 4207 τῆς
2779 4137 3084 4210 ἱερωσύνης
3127 4135 3476 4212 ἀφῃρημένοι
3523 4143 3622 4204 τῆς
3649 4137 3778 4211 περί

2129 4229 2196 4282 τὰ
2235 4223 2526 4300 ἕεωτιμῆς
2555 4226 2656 4281 οὐκ
2697 4223 2989 4301 εἷ’ρίίονταιζ
3063 4233 3072 4242 ’
3157 4235 3168 4246 ”
3251 4241 3258 4246 “
3311 4287 3314 4294 ,

2201 4317 2257 4370 '0
2288 4317 2362 4385 ξς¹
2391 4319 2490 4382 τῆς
2525 4315 2563 4375 ς’
2595 4311 2822 4368 συνόδου
2846 4314 2951 4388 ἄπο
2997 4319 3098 4382 τῆς
3148 4313 3514 4387 ἀναστασίμου
3561 4312 3776 4388 ἡμέρας

2127 4401 2260 4478 ἄχρι
2307 4409 2406 4472 τῆς
2438 4409 2628 4470 καινῆς
2661 4408 2955 4474 Κυριακῆς,
2979 4400 3032 4456 ἐν
3065 4400 3312 4476 ψαλμοῖς
3340 4402 3430 4456 καὶ
3463 4401 3651 4474 ὒμνοις
3681 4403 3776 4457 καὶ

2128 4491 2296 4564 ᾠδαῖς
2361 4496 2773 4564 πνευματικαῖς,
2833 4489 3106 4564 ἑορτάζειν
3195 4487 3561 4546 διακελεύεται
3643 4492 3776 4553 τοὺς

2405 4601 2420 4616 ο
2479 4580 2570 4636 καὶ
2626 4577 2896 4654 ἐῤῥῶσθαι
2964 4579 3269 4658 φράσαντας
3325 4585 3443 4642 ταῖς
3499 4581 3778 4653 ἱπποδρο-

2133 4671 2306 4745 μίαις,
2361 4671 2452 4726 καὶ
2499 4675 2619 4732 ταῖς
2677 4665 2958 4742 δημώδεσι
3017 4668 3182 4738 θέαις,
3213 4669 3414 4743 θαμινὰ
3453 4676 3570 4731 τοῖς
3601 4671 3774 4744 ἱεροῖς

2129 4760 2536 4836 ἐπιχωριάζειν,
2584 4759 2700 4812 ἀνθ’
2747 4759 2822 4812 ὧν
2889 4761 2989 4824 τῆς
3045 4762 3141 4814 τοῦ
3201 4754 3462 4814 διαϐόλου
3519 4755 3774 4822 δουλείας

2127 4849 2572 4924 ήλευθερώμεθα.
2603 4848 2701 4902 Τὸν
2762 4847 2866 4923 γὰρ
2923 4847 3106 4918 ἀληθῆ
3167 4849 3494 4920 Χριστιανὸν
3541 4845 3769 4920 ’ἐτοιμον

2127 4939 2262 4993 εἶναι
2312 4935 2392 4993 δεῖ
2429 4936 2622 5014 σχεδὸν
2679 4935 2936 4991 ἑκάστοτε
2989 4937 3125 5010 πρὸς
3177 4939 3277 5007 τὴν
3321 4941 3428 4991 τῶν
3471 4937 3628 4991 θείων
3660 4960 3770 5010 μυ-

2127 5026 2362 5101 στηρίων
2404 5024 2686 5101 ὑποδοχήν
2719 5045 2731 5057 ·
2779 5025 2926 5080 οὕτω
2972 5025 3074 5099 γὰρ
3122 5023 3356 5100 ἐσόμεθα
3411 5027 3767 5080 συναναστάν-

2126 5137 2212 5178 τες
2263 5119 2509 5189 Χριστῷ,
2553 5119 2653 5186 τῆς
2695 5113 3056 5189 χαμαιζήλου
3103 5115 3194 5169 καὶ
3223 5113 3420 5188 γηίνης
3453 5121 3623 5185 ζωῆς,
3673 5117 3765 5170 καὶ

2128 5204 2524 5278 συνυψωθέντες
2577 5205 2711 5278 πρὸς
2789 5203 3156 5280 ὑπερκόσμιον
3233 5203 3322 5258 καὶ
3390 5207 3768 5277 πνευματικήν

2125 5299 2204 5366 τῷ
2236 5291 2352 5348 ὄντι
2376 5289 2672 5368 διαγωγήν.

2197 5429 2355 5498 Ζήτέι
2384 5428 2470 5482 καὶ
2505 5426 2556 5480 ἐν
2585 5430 2666 5498 τῷ
2697 5428 2746 5481 α’
2775 5447 2895 5504 κεφ.
2925 5429 3022 5482 τοῦ
3047 5433 3088 5481 Θ
3117 5424 3398 5500 στοιχείου
3445 5424 3642 5482 κανόνα
3693 5427 3768 5498 ξα⁹

2121 5522 2224 5587 τῆς
2254 5515 2307 5570 ἐν
2348 5515 2652 5591 Καρθαγὲνῃ
2685 5513 2928 5570 συνόδου.

2189 5651 2252 5712 Ὁ
2301 5647 2360 5708 δὶ
2405 5651 2492 5708 πθ¹
2537 5655 2636 5726 τῆς
2687 5650 2730 5718 ς’
2776 5645 3009 5708 συνόδου
3045 5647 3142 5714 τὰς
3187 5653 3285 5705 τοῦ
3334 5649 3608 5728 σωτηρίου
3655 5651 3770 5708 πά-
