4060 6228
250 358 344 420 105

1223 352 1649 415 SYN'I‘AGMA
1711 351 2347 420 ALPHABETICUM'
2381 395 2456 404 —
2491 367 2559 420 ,Π

3480 374 3598 438 106

247 494 346 552 θους
385 489 574 562 ἡμέρας
634 488 688 543 ἐν
738 488 961 559 νηστείᾳ
1019 486 1340 562 εἶσηγεῖται,
1388 486 1476 542 καὶ
1525 486 1830 559 προσευχῇ,

1972 490 2247 567 praecipit,
2282 498 2344 549 ut
2371 494 2643 552 salutaris
2672 497 2965 556 Passionis
2995 503 3146 559 diem
3179 504 3235 561 in
3280 506 3505 579 jejunio
3533 513 3591 567 et

247 581 316 633 καὶ
384 578 634 646 κατανύξει
708 573 932 645 καρδίας
1006 574 1271 630 ἐπιτελεῖν
1376 574 1504 637 τοὺς
1579 578 1831 641 πιστούς*

255 664 467 742 pec-vaE
507 671 713 721 νυκτῶν
748 666 883 739 μετᾶ
924 666 987 721 τὸ
1028 659 1313 719 Σάϐϐατον
1363 664 1839 741 ἀπονηστίζεσθαι,

256 762 345 813 τῶν
383 757 508 812 θείων
556 752 962 832 εὒαγγελιστῶν
1018 756 1291 811 Ματθαίου
1344 756 1428 810 καῖ
1492 762 1695 826 Λουκᾶ,
1742 764 1840 815 τοῦ

266 847 364 919 μὶν,
388 843 456 901 διὰ
473 849 558 900 τοῦ
589 845 695 919 ὀψὲ
745 839 1035 900 Σαϐϐάτου
1065 845 1333 919 ῥήματος,
1362 849 1458 899 τοῦ
1507 842 1585 913 δὲ,
1619 843 1706 901 διᾶ
1742 852 1840 903 τοῦ

268 937 418 1009 βαθέος
461 932 668 1010 ὄρθρου,
727 936 829 1004 τὴν
907 931 1216 1009 βραδυτῆτα
1273 934 1407 1005 ἡμῖν
1472 940 1574 1004 τῆς
1649 939 1840 1002 νυκτὸς

271 1024 645 1101 ίιτογραρόντων.
708 1022 889 1099 Μέχρι
951 1024 1046 1095 μεν
1099 1024 1205 1098 γὰρ
1254 1025 1354 1091 τῆς
1408 1027 1506 1078 τοῦ
1557 1020 1838 1081 Σαϐϐἀτου

264 1122 503 1186 νυκτερινῆς
551 1116 598 1178 ς’
658 1111 827 1187 ὥρας,
879 1113 1035 1187 θέμις
1089 1111 1363 1183 νηστεύειν
1398 1132 1412 1145 ·
1476 1113 1609 1185 μετᾶ
1665 1112 1721 1169 δέ
1776 1136 1837 1190 γε

259 1204 331 1270 τήν
364 1209 394 1271 ζ’
421 1203 505 1257 οὐκ
546 1198 632 1257 ἔτι
660 1221 676 1236 ο
728 1203 819 1257 ἅτε
866 1202 959 1257 καὶ
1004 1205 1100 1256 τοῦ
1157 1199 1356 1276 Κυρίου
1403 1200 1692 1277 ἐγηγέρθαι
1741 1224 1835 1258 πι-

254 1291 508 1365 στευομένου
541 1296 628 1364 τῷ
672 1291 822 1360 τότε,
854 1292 943 1345 καὶ
998 1291 1073 1364 μὴ
1103 1289 1378 1360 νηστεύειν
1423 1290 1518 1352 τὰς
1565 1291 1832 1366 κυριωνύ-

246 1402 345 1451 μους
365 1380 836 1457 προστεταγμένον.

285 1526 471 1585 Τούτοις
498 1522 748 1595 συνᾴδων
778 1523 870 1580 καὶ
903 1525 932 1579 6
963 1524 1014 1579 ἐν
1046 1525 1222 1596 ἁγίοις
1254 1525 1533 1588 Διονύσιος
1581 1522 1830 1596 Ἀλεξαν-

230 1611 392 1686 δρείας,
443 1614 554 1667 κατ’
618 1612 792 1669 ἐκεῖνο
844 1620 945 1683 τῆς
1003 1611 1146 1689 ὥρας
1202 1611 1414 1668 κελεύει
1467 1613 1830 1685 ἀπονηστίζε-

226 1706 321 1757 σθαι
344 1705 457 1764 τοὺς
499 1723 613 1776 προ
657 1707 755 1758 τοῦ
808 1703 1002 1781 Πάσχα
1047 1702 1483 1773 νενηστευκότας,
1516 1704 1591 1757 ὧν
1640 1704 1697 1757 οἱ
1730 1705 1826 1777 μὶν

220 1790 363 1845 ἄσιτοι
404 1798 572 1846 πᾶσαν
627 1793 728 1861 τήν
776 1793 883 1862 πρὸ
938 1795 1037 1847 τοῦ
1085 1791 1278 1868 Πάσχα
1333 1787 1611 1865 ἑϐδομάδα
1648 1790 1826 1849 διατε-

1953 585 2211 641 oratione
2261 590 2317 640 et
2377 590 2819 655 compunctione
2864 593 3056 649 cordis
3088 609 3380 669 peragant,
3414 607 3590 673 atque

1950 678 2076 727 tum
2098 673 2252 728 circa
2268 679 2494 730 noctem
2510 676 2759 733 mediam
2778 678 3010 735 Sabbati
3020 684 3102 753 jej
3114 685 3319 742 unium
3333 687 3583 760 solvere;

1948 777 2078 817 cum
2125 761 2310 817 sancti
2358 763 2720 835 evangelista!
2771 766 3073 827 Mattheus
3119 788 3187 828 ac
3243 774 3443 842 Lucas,
3491 778 3590 837 ille

1950 852 2185 920 quidem
2229 850 2494 916 dicendo,
2528 868 2759 923 vespere
2807 855 3065 924 Sabbati,
3101 858 3190 916 hic
3233 877 3386 931 vero,
3427 866 3593 923 valde

1950 937 2227 1005 diluculo,
2277 938 2447 994 nobis
2499 941 2683 996 noctis
2748 944 3085 1002 tarditatem
3152 950 3585 1023 descripserint.

1945 1026 2142 1097 Usque
2191 1027 2346 1083 enim
2395 1028 2468 1084 ad
2514 1034 2734 1085 sextam
2783 1029 2987 1089 horam
3051 1041 3395 1095 nocturnam
3444 1042 3590 1098 Sab-

1947 1115 2063 1170 bati
2104 1115 2371 1185 jejunare
2418 1117 2500 1171 fas
2539 1122 2629 1172 est
2659 1134 2673 1172 :
2708 1134 2825 1174 non
2856 1124 3050 1179 tamen
3100 1136 3229 1194 post
3256 1128 3586 1201 septimam,

1943 1204 2081 1274 quia
2106 1203 2395 1259 Dominus
2427 1203 2581 1260 circa
2618 1204 2779 1262 illam
2811 1207 3015 1266 horam
3060 1216 3439 1273 resurrexisss
3465 1234 3592 1275 cre-

1941 1293 2120 1357 ditur,
2171 1292 2380 1348 diebus
2429 1297 2625 1350 autem
2676 1295 2994 1354 Dominicis
3033 1300 3299 1373 jejunare
3344 1308 3585 1365 vetitum

1939 1385 2042 1439 est.

2008 1537 2290 1593 Convenit
2320 1553 2453 1592 cum
2501 1535 2618 1593 illis
2666 1538 2841 1596 etiam
2872 1541 2934 1597 Β.
2970 1541 3282 1618 Dionysius
3333 1548 3592 1610 Alexan-

1938 1627 2077 1682 drias
2128 1625 2478 1697 patriarcha,
2519 1630 2693 1697 atque
2740 1630 2942 1686 eodem
2995 1635 3253 1705 tempore
3291 1638 3574 1709 jejuniua

1939 1717 2161 1772 solvere
2211 1731 2308 1771 eos
2350 1715 2540 1785 jubet,
2574 1717 2671 1787 qui
2724 1723 2859 1775 ante
2890 1719 3109 1778 Pascha
3156 1728 3587 1797 abstinuerunt,

1940 1821 2189 1879 quorum
2226 1804 2324 1860 alii
2357 1808 2534 1860 totam
2569 1806 2960 1878 septimanam
2994 1811 3215 1885 absque
3246 1816 3372 1873 cibo
3402 1823 3595 1883 trans-5

216 1880 395 1947 λοῦσιν,
422 1878 587 1935 ἄλλοι
638 1878 697 1936 δὲ
746 1877 844 1936 δύο
896 1868 1130 1955 ἡμέρας,
1170 1882 1205 1951 ἢ
1250 1885 1421 1956 τρεῖς,
1452 1882 1489 1951 ἢ
1536 1884 1824 1956 τέσσαρας·

1943 1868 2129 1967 egere,
2163 1894 2261 1950 alii
2310 1895 2457 1950 duos
2506 1868 2720 1963 solum,
2752 1902 2853 1953 aut
2903 1908 3032 1970 tres,
3066 1868 3167 1958 aut
3213 1905 3390 1963 etiam
3439 1925 3591 1980 qua-

209 1973 270 2024 ‘l‘6
309 1971 402 2044 γὰρ
452 1971 551 2045 ὀψὲ
609 1964 899 2024 Σαόὅάτου
948 1969 1233 2044 εἷρημίνον
1278 1974 1357 2041 τῷ
1404 1970 1531 2042 θείῳ
1572 1970 1830 2045 Ματθαίῳ

205 2058 255 2113 οὗ
279 2062 369 2129 τήν
414 2060 647 2134 ἒσπὲραν
698 2057 893 2129 δηλοῖ,
937 2061 1124 2135 φησὶν,
1175 2058 1323 2115 ἀλλὰ
1365 2060 1530 2114 νύκτα
1585 2061 1829 2134 βαθεῖαν,

208 2147 485 2220 βραδυτῆτα
519 2149 619 2203 καὶ
668 2150 876 2221 μακρὸν
924 2150 1146 2223 χρόνον,
1189 2152 1287 2203 τοῦ
1332 2148 1452 2223 ὀψὲ
1500 2145 1824 2219 δηλοῦντος.

202 2239 342 2308 ταύτῃ
373 2259 453 2293 τοι
502 2239 603 2292 καὶ
649 2236 917 2313 ἐπήγαγε,
953 2263 981 2288 (ι
1029 2242 1099 2309 τῇ
1152 2238 1533 2317 ἐπιφωσκούσῃ
1581 2238 1658 2301 εἷς
1702 2242 1828 2312 μίαν

202 2323 532 2382 Σιῦϐέτωνηι
568 2330 601 2382 ὁ
632 2325 692 2382 δὲ
725 2328 1039 2397 Ἰωάννης»
1071 2328 1460 2402 πρωῖ,σκοτίας
1493 2328 1572 2384 ἔτι
1603 2326 1826 2399 οὗσης,››

202 2417 340 2490 ςησίν
372 2436 385 2449 '
419 2420 448 2472 6
474 2416 533 2472 δὲ
566 2423 807 2481 Λουκᾶς,
841 2441 869 2469 ι(
902 2421 970 2490 τῇ
1000 2422 1098 2490 μιᾷ
1123 2423 1232 2473 τῶν
1276 2414 1598 2488 Σαϐὅάτων,
1624 2414 1824 2494 ὄρθρου

201 2506 388 2576 βαθέος·
421 2528 448 2555 ι)
484 2508 513 2560 6
547 2502 605 2559 δέ
641 2506 885 2578 Μάρκος,
909 2529 936 2555 ‹‹
973 2503 1093 2559 λίαν
1126 2506 1294 2581 πρωὶ,
1316 2512 1416 2575 τῆς
1451 2511 1577 2577 μιᾶς
1607 2502 1820 2561 Σαϐϐά-

196 2615 307 2663 των,
353 2595 404 2647 αἱ
451 2599 710 2667 γυναῖκες
767 2594 936 2662 ἦλθον
996 2594 1081 2648 ἐπὶ
1136 2595 1198 2650 τὸ
1258 2600 1550 2668 μνημεῖον,
1617 2596 1826 2651 ἂνατεί-

196 2682 371 2745 λαντος
394 2687 491 2737 τοῦ
514 2683 709 2751 ἡλίου·
738 2707 767 2734 ι)
793 2684 986 2738 ταυτὸν
1008 2680 1063 2737 δέ
1092 2682 1205 2738 ἐστι
1228 2686 1287 2738 τὸ
1314 2710 1333 2733 ι
1364 2682 1487 2739 λίαν
1518 2685 1665 2760 πρωῒ
1698 2708 1723 2738 ι
1746 2690 1825 2758 τῷ

198 2796 220 2819 α
249 2774 429 2845 βαθέος
460 2768 692 2846 ὄρθρου.
722 2795 748 2822 ι)
779 2773 951 2843 Ἀωρέ
989 2773 1082 2844 μὲν
1111 2772 1209 2846 γὰρ
1237 2777 1343 2827 τῶν
1362 2776 1565 2827 νυκτῶν
1597 2773 1732 2847 πρὸς
1762 2772 1824 2829 τό

198 2868 443 2935 μνημεῖον
492 2862 551 2916 αἱ
602 2865 858 2937 γυναῖκες
897 2860 1139 2936 ἀπῄεσαν
1172 2882 1185 2896 ·
1231 2862 1603 2938 προσήδρευον
1650 2860 1707 2917 δὲ
1745 2867 1827 2936 τῷ

190 2950 325 3027 τέρεν
359 2950 565 3025 μέχρις
616 2946 896 3017 ἀνατολῆς
927 2947 1112 3018 ἡλίου.
1150 2950 1210 3005 Εἰ
1256 2950 1360 3025 γὰρ
1391 2950 1481 3005 καὶ
1530 2951 1677 3026 ἀρχή
1722 2958 1825 3021 τῆς

192 3041 381 3114 ἡμέρας
411 3043 449 3109 ἡ
480 3044 587 3094 τοῦ
632 3037 804 3109 ἡλίου
853 3038 1091 3108 ἀνατολή
1132 3039 1362 3114 γίνεται,
1392 3041 1483 3095 καὶ
1530 3041 1677 3117 ἀρχὴ
1724 3048 1826 3111 τῆς

191 3131 359 3192 νυκτὸς
386 3132 422 3198 ἡ
458 3127 617 3190 δύσις
668 3126 854 3193 αὐτοῦ,
888 3126 1016 3181 ἀλλ’
1063 3128 1091 3181 6
1122 3127 1405 3191 πολιτικὸς
1452 3128 1617 3202 νόμος
1654 3128 1742 3184 καὶ
1776 3130 1828 3183 οἱ

1941 1989 2073 2040 tuor
2114 1983 2259 2039 dies.
2300 1981 2442 2038 Nam
2496 2000 2732 2056 vespere
2779 1986 3015 2044 Sabbati
3059 1993 3211 2061 quod
3259 1996 3411 2064 apud
3455 2014 3592 2053 san-

1940 2080 2099 2128 ctum
2125 2070 2461 2126 Mattbaaum
2484 2069 2718 2143 legitur,
2744 2090 2858 2131 non
2891 2092 3188 2149 vesperam
3213 2082 3469 2154 denotat,
3487 2087 3588 2142 sed

1940 2162 2287 2232 profundam
2336 2164 2601 2225 noctem;
2636 2163 2875 2220 tarditas
2922 2168 3060 2223 adeo
3091 2185 3158 2224 ac
3192 2172 3366 2244 longa
3402 2175 3588 2231 noctis

1940 2269 2098 2306 mora
2122 2266 2333 2322 vespere
2349 2249 2753 2321 signiﬁcatur;
2785 2252 3032 2326 ideoque
3052 2258 3210 2314 addit
3231 2261 3347 2332 ille,
3373 2288 3398 2313 κ
3426 2264 3588 2328 Quod

1940 2340 2184 2396 lucescit
2215 2340 2401 2410 prima
2422 2338 2682 2395 Sabbati.
2713 2363 2741 2389 »
2772 2341 3028 2401 Joannes
3049 2352 3239 2404 autem
3270 2351 3354 2407 sic
3376 2352 3585 2409 habet:

1939 2452 1966 2478 ‹‹
1993 2429 2157 2483 Mane
2176 2446 2306 2483 cum
2324 2428 2517 2483 adhuc
2540 2431 2788 2486 tenebras
2809 2440 3023 2490 essent.
3045 2459 3071 2485 »ι
3099 2438 3160 2492 Et
3185 2439 3390 2509 Lucas,
3408 2465 3433 2490 α
3462 2442 3587 2497 Una

1936 2518 2166 2573 Sabbati
2202 2516 2363 2573 valde
2412 2517 2687 2574 diluculo.
2723 2544 2752 2570 ιι
2787 2521 3012 2580 Marcus
3046 2526 3314 2599 denique,
3343 2553 3370 2580 ι(
3404 2529 3586 2589 Valde

1938 2622 2104 2660 mane
2132 2622 2244 2660 una
2269 2605 2675 2676 Sabbatorum,
2698 2611 2969 2669 mulieres
2988 2623 3272 2672 venerunt
3291 2620 3362 2673 ad
3391 2637 3585 2677 monu-

1937 2696 2498 2764 mentum,ortojam
2523 2695 2709 2752 sole.»
2733 2700 2887 2756 Idem
2914 2719 3048 2757 vero
3069 2710 3153 2759 est
3175 2728 3203 2754 «
3228 2707 3393 2763 valde
3415 2725 3585 2767 mane

1934 2785 2084 2854 (ιυοά
2137 2780 2346 2855 βαθέως
2393 2782 2613 2859 ὄρθρου,
2663 2788 2721 2843 id
2770 2795 2879 2854 est.
2928 2813 2957 2840 ‹‹
3008 2793 3170 2849 valde
3227 2795 3503 2853 diluculo.
3553 2822 3584 2849 »

1936 2873 2079 2930 Nam
2118 2874 2389 2930 mulieres
2412 2882 2588 2930 noctu
2621 2876 2970 2949 intempesta
2993 2896 3436 2942 monumentum
3467 2890 3587 2943 adi-

1937 2963 2098 3029 bant,
2130 2970 2308 3035 atque
2337 2963 2670 3035 sepulcrum
2703 2966 3040 3025 assidebant
3071 2987 3259 3045 usque
3289 2976 3361 3030 ad
3392 2980 3582 3034 ortum

1938 3051 2099 3115 solis,
2133 3052 2421 3124 siquidem
2471 3056 2544 3109 ab
2592 3061 2721 3110 ortu
2767 3057 2907 3114 solis
2963 3058 3107 3127 dies,
3147 3068 3205 3118 et
3251 3064 3322 3121 ab
3372 3082 3581 3124 occasu

1936 3142 2064 3211 ejus
2086 3161 2196 3198 nox
2225 3144 2481 3214 incipiat.
2511 3142 2618 3198 Jus
2641 3148 2832 3200 autem
2857 3145 3025 3202 civile
3055 3155 3111 3204 et
3130 3154 3450 3209 astronomi
3484 3156 3585 3211 ho-

189 3218 293 3290 περί
332 3219 433 3285 τήν
480 3217 906 3291 ἆστροθεάμονα
960 3215 1157 3291 τέχνην
1217 3216 1601 3293 ἐσχολακότες,
1647 3218 1825 3293 ἀρχὴν

220 3313 238 3319 -
312 3310 324 3319 .
392 3307 405 3319 .
624 3307 638 3319 .
995 3307 1008 3319 .
1101 3300 1225 3319 ..υ
1429 3307 1467 3319 ,η
1674 3307 1701 3319 ..

1943 3249 2063 3289 ram
2096 3235 2283 3290 noctis
2327 3234 2635 3302 septimam
2668 3234 3025 3306 principium
3070 3239 3181 3296 diei
3215 3249 3503 3311 statuunt.
3528 3255 3584 3302 et

187 3313 270 3373 τῆς
306 3307 540 3380 ἡμέρας,
573 3307 683 3374 τήν
733 3307 1049 3380 νυκτερινὴν
1100 3300 1343 3379 ἑϐδόμην
1387 3307 1620 3362 τίθενται
1662 3307 1826 3383 ὥραν,

187 3395 259 3447 καὶ
300 3396 484 3470 ἀρχὴν
538 3402 647 3463 τῆς
693 3395 882 3454 νυκτὸς
925 3396 1026 3464 τήν
1080 3391 1324 3469 ἑϐδόμην
1382 3398 1671 3470 ἠμερινήν.
1732 3397 1829 3451 Διά

184 3484 324 3537 τοῦτο
351 3487 439 3539 καί
476 3482 534 3537 ἐν
585 3486 660 3556 τῇ
691 3483 810 3554 ἱερᾷ
858 3482 1008 3536 νυκτὶ
1039 3489 1140 3551 τῆς
1186 3487 1286 3537 τοῦ
1315 3487 1558 3557 Χριστοῦ
1599 3483 1831 3539 ἀναστά-

187 3592 325 3642 σεως,
396 3575 494 3628 ἅτε
571 3568 873 3641 ηνικαῦτα
959 3570 1249 3646 ἰσημερίας
1334 3569 1501 3641 οὔσης
1586 3570 1828 3643 ἐαρινῆς,

184 3661 359 3736 ὄρθρος
395 3663 595 3736 βαθὺς,
631 3660 723 3715 καὶ
757 3658 881 3714 λίαν
912 3661 1059 3730 πρωῒ
1089 3658 1466 3723 ἀνατείλαονος
1494 3665 1590 3715 τοῦ
1638 3660 1828 3731 ἡλίου,

184 3753 255 3804 aui
300 3752 517 3822 emoriar,
573 3749 672 3805 mi
716 3750 843 3822 ὀψία
891 3744 1171 3803 Σαϐϐάτου
1218 3750 1295 3812 εἰς
1341 3749 1466 3822 μίαν
1513 3745 1829 3819 Σαϐϐάτων,

182 3841 265 3906 τήν
320 3840 445 3893 τότε
523 3840 842 3911 Κυριακήν,
900 3833 1302 3913 ἒπιφώσκουσα,
1359 3838 1388 3891 6
1466 3839 1600 3909 μετὰ
1666 3836 1829 3909 ἕκτην

186 3929 311 3999 ὤραν
357 3928 561 3999 καιρὸς
615 3932 720 3994 τῆς
768 3926 985 3993 νυκτὸς,
1026 3928 1094 3998 τῇ
1143 3925 1257 3995 θείᾳ
1304 3931 1412 3981 τῶν
1460 3926 1828 4004 εαγγελιστῶν

183 4019 615 4093 προσηγόρευται
671 4010 891 4088 λογάδι,
941 4014 998 4075 ὃς
1044 4014 1109 4083 ἦν
1150 4013 1300 4089 ἀρχὴ
1348 4019 1446 4080 τῆς
1501 4021 1777 4091 Κυριακῇς
1811 4037 1826 4051 ·

184 4108 306 4179 παρὸ
351 4106 418 4177 δή
471 4105 572 4161 καὶ
625 4107 929 4179 τριήμερον
978 4101 1207 4177 λέγομεν
1254 4106 1353 4173 τήν
1402 4106 1685 4161 ἀνάστασιν
1734 4105 1831 4162 τοῦ

187 4195 383 4266 Κυρίου,
432 4195 585 4250 κατᾶ
636 4194 738 4262 τήν
793 4189 1000 4266 ἀψευδή
1060 4191 1224 4247 αὐτοῦ
1280 4193 1631 4271 ἐπαγγελίαν.
1678 4198 1829 4254 Ἐπεὶ

187 4286 272 4357 ’ίὲρ
323 4289 394 4357 τῇ
449 4285 817 4360 Ιιαρασκευνῇ
863 4284 958 4336 τὸν
1016 4282 1284 4352 ζωοποιὸν
1327 4282 1534 4338 ὕπνωσε
1583 4286 1829 4357 θάνατον,

186 4372 289 4440 ἣτις
328 4374 397 4443 ἦν
438 4374 676 4447 πρώτη,
727 4369 949 4444 δευτέρα
997 4367 1053 4425 δὲ
1100 4371 1165 4425 τὸ
1212 4367 1496 4439 εάϐὕατον,
1540 4373 1724 4447 ἥψατο
1775 4372 1831 4429 δὲ

187 4464 262 4514 καὶ
288 4466 387 4527 τῆς
414 4457 681 4533 ἑϐδόμης
710 4459 855 4534 ὥρας
894 4460 993 4523 τῆς
1022 4460 1235 4529 νυκτὸς,
1265 4460 1388 4529 ἥτις
1435 4459 1504 4529 ἦν
1536 4460 1681 4537 ἁρχὴ
1731 4470 1831 4533 τῆς

190 4551 472 4623 Κυριακῆς,
523 4550 609 4611 ὡς
658 4548 894 4622 εἴρηται,
942 4548 1100 4625 τρίτη
1150 4544 1251 4623 ἄρα
1298 4549 1576 4624 λογίζεται
1625 4554 1659 4621 ἡ
1720 4559 1831 4607 Κυ-

189 4644 347 4712 ριαιτξ.

244 4768 378 4837 Φησέ
416 4763 479 4821 δὲ
513 4767 546 4821 ὁ
579 4770 684 4832 τῆς
729 4763 1059 4833 Ἐκκλησίας
1104 4759 1420 4839 περίϐολος,
1454 4767 1489 4834 ἡ
1536 4773 1637 4836 τῆς
1668 4767 1828 4843 εὐαγ.

188 4853 388 4926 γελικῆς
424 4853 726 4929 ἐμπειρίας
778 4849 998 4929 βίϐλος,
1028 4853 1057 4907 6
1106 4854 1274 4921 Θεῖος,
1306 4855 1470 4930 φημὶ,
1519 4857 1829 4929 Χρυσὸστο-

190 4964 295 5011 μος,
322 4944 505 5000 ὅτιτὸ
568 4943 669 5016 μὲν
699 4943 890 4995 θᾶττον
937 4942 1231 5010 ἀναστῆναι
1281 4939 1538 5015 ἔγκλημα
1586 4944 1684 5000 οὐκ
1712 4946 1778 5015 ἧν
1815 4968 1829 4982 ν

188 5034 237 5085 2'0
259 5032 312 5087 δὲ
362 5032 632 5109 βράδιον,
666 5031 901 5105 ὑποψίας
944 5026 1134 5105 ἔγεμεν
1171 5049 1184 5062 '
1236 5030 1299 5084 οὗ
1344 5031 1449 5106 γὰρ
1498 5033 1556 5086 ἂν
1602 5035 1690 5089 καὶ
1736 5038 1831 5091 τὸν

188 5122 330 5195 χρέος
362 5118 805 5179 καταϐάλλοντα
853 5122 960 5196 πρὸ
990 5128 1089 5191 τῆς
1122 5119 1431 5196 ὁρισθείσης
1474 5124 1829 5197 προθεσμίας,

190 5218 291 5266 se?"
347 5214 500 5290 ἔχων
556 5215 841 5289 ἅνθρωπος
899 5211 1222 5268 αἰτιάσαιτο.
1276 5214 1341 5279 οἱ
1401 5213 1495 5286 μὲν
1552 5212 1643 5268 οὖν
1695 5218 1831 5271 θεῖοι

192 5304 563 5381 εὐαγγελισταῖ
625 5304 719 5366 τὰς
776 5309 885 5358 τῶν
946 5304 1152 5377 εὐαγῶν
1218 5308 1486 5381 γυναικῶν
1540 5305 1832 5379 προσελεύ-

191 5412 306 5462 τεις,
356 5397 451 5450 καὶ
512 5394 590 5457 ἃς
640 5390 891 5448 κατεῖδον
953 5392 1107 5448 αὗται
1168 5389 1462 5468 διαφόρους
1534 5394 1659 5468 περὶ
1733 5396 1829 5465 τήν

194 5481 462 5538 iiiis—ruam
517 5481 807 5550 ὀπτασίας,
856 5479 931 5542 ὡς
979 5482 1126 5557 εἶχεν
1174 5477 1396 5543 ’ἕκαστος
1446 5477 1535 5535 διὰ
1584 5484 1834 5558 μνήμης,

191 5572 577 5649 ἧθειοτὲρας,
653 5568 869 5644 μᾶλλον
946 5571 1138 5641 εἰπεῖν,
1215 5570 1578 5644 ἑμπνεύσεως,
1651 5578 1838 5649 σαφῶς

187 5658 579 5736 ἀνεγράψαντο.
634 5665 700 5718 Ἡ
785 5657 971 5733 μεντοι
1046 5660 1262 5731 ἀληθὴς
1334 5669 1434 5731 τῆς
1500 5667 1838 5730 αναστάσεως

496 5763 766 5827 Panos.
816 5763 923 5826 Gn.
970 5760 1195 5827 CXLV.

1944 3339 2043 3392 pro
2072 3322 2255 3377 noctis
2283 3323 2449 3377 initio
2481 3323 2683 3378 horam
2734 3324 3042 3394 septimam
3075 3328 3365 3386 diurnam.
3399 3334 3580 3397 Quam

1940 3413 2015 3465 ob
2085 3428 2322 3466 causam
2398 3418 2456 3466 et
2522 3410 2582 3466 in
2655 3428 2822 3467 sacra
2897 3421 3063 3470 nocte
3140 3422 3581 3478 resurrectionis

1938 3498 2174 3565 Christi,
2207 3500 2440 3570 quando
2470 3498 2689 3556 scilicet
2718 3500 2960 3573 contigit
3006 3506 3421 3577 mquinoctium
3455 3525 3583 3565 ver-

1940 3604 2105 3654 num,
2158 3590 2512 3659 profundum
2564 3588 2906 3659 diluculum,
2938 3596 2995 3647 et
3043 3593 3207 3650 valde
3247 3613 3416 3653 mane
3464 3599 3583 3657 solo

1934 3677 2055 3747 jam
2121 3677 2363 3746 oriente,
2410 3684 2467 3733 et
2516 3679 2783 3745 tenebre,
2833 3685 2890 3737 et
2955 3699 3194 3755 vespera
3235 3686 3471 3744 Sabbati
3521 3690 3579 3744 in

1942 3767 2195 3837 primum
2271 3773 2401 3838 post
2458 3768 2774 3823 Sabbatum
2834 3771 2981 3826 diem
3041 3772 3417 3842 allucescens,
3478 3779 3579 3850 qui

1940 3855 2281 3910 Dominicus
2354 3854 2590 3925 quidem
2667 3858 2791 3920 fuit.
2860 3876 3023 3916 sacra
3094 3864 3578 3934 svangelistarum

1941 3946 2137 4017 phrasi
2178 3961 2411 4001 vocatur
2441 3953 2671 4017 tempus
2720 3950 2906 4003 noctis
2956 3950 3290 4008 immediate
3335 3972 3582 4027 sequens

1941 4033 2140 4089 horam
2173 4043 2415 4101 sextam,
2447 4036 2600 4105 quod
2643 4034 2992 4106 principium
3042 4041 3281 4111 quidem
3312 4050 3437 4098 erat
3466 4042 3579 4100 diei

1941 4122 2269 4178 Dominica.
2303 4121 2465 4178 Unde
2504 4124 2831 4179 triduanarn
2880 4142 3010 4183 esse
3056 4128 3304 4187 dicimus
3350 4132 3579 4189 Domini

1941 4211 2579 4282 rosuroctionemjuma
2628 4212 2990 4270 iut‘allibilem
3026 4218 3212 4288 ipsius
3260 4223 3578 4291 praedictio-

1943 4317 2095 4356 nem.
2119 4300 2401 4365 Quoniam
2434 4302 2589 4357 enim
2622 4303 2679 4356 in
2703 4303 3012 4360 Parasceve
3037 4314 3279 4365 mortem
3305 4310 3580 4367 dormivit

1938 4391 2066 4444 vitae
2106 4393 2422 4460 parentem,
2453 4408 2581 4461 quae
2630 4392 2818 4462 prima
2865 4393 2994 4463 fuit,
3036 4401 3095 4452 et
3141 4402 3417 4466 secunda,
3451 4417 3579 4472 quae

1938 4482 2063 4534 erat
2107 4478 2445 4545 Sabbatum,
2491 4480 2797 4551 septimam
2847 4484 3032 4539 noctis
3081 4485 3307 4556 horam,
3339 4488 3448 4545 hoc
3491 4496 3581 4545 est

1940 4567 2292 4640 principium
2325 4568 2437 4624 diei
2470 4569 2804 4639 Dominicae,
2837 4577 2900 4627 ut
2924 4572 3045 4643 jam
3090 4574 3364 4644 diximus,
3401 4579 3577 4650 perti-

1938 4657 2019 4728 git
2048 4673 2063 4724 ;
2096 4656 2263 4712 tertia
2291 4655 2471 4728 igitur
2498 4674 2739 4714 numero
2770 4659 2879 4715 fuit
2907 4661 3030 4717 dies
3061 4662 3381 4722 Dominica.

2002 4781 2156 4837 Dicit
2219 4785 2412 4836 autem
2474 4798 2675 4839 murus
2724 4781 2821 4838 ille
2889 4794 3230 4857 septumque
3286 4789 3575 4856 Ecclesia,

1935 4875 2106 4941 atque
2172 4872 2447 4926 doctrinae
2518 4872 2859 4943 evangelicae
2926 4877 3259 4943 pandectes,
3316 4883 3575 4940 sanctus.

1938 4961 2201 5028 inquam,
2234 4958 2708 5030 Chrysostomus,
2740 4959 2913 5014 citius
2946 4962 2994 5017 si
3027 4966 3437 5021 resurrexisset
3468 4964 3579 5021 Do-

1940 5050 2157 5108 minus,
2189 5050 2551 5104 tncusatione
2582 5050 2701 5103 fore
2732 5066 2976 5105 vacuum
3005 5068 3019 5115 ;
3044 5052 3133 5107 sin
3165 5069 3297 5109 vero
3326 5055 3576 5122 tardius,

1940 5137 2105 5191 valde
2136 5146 2489 5207 suspectum.
2523 5136 2665 5191 Nam
2698 5137 2744 5190 si
2797 5139 2929 5208 quis
2976 5140 3237 5196 debitum
3267 5147 3399 5196 ante
3433 5159 3578 5212 pras-

1939 5225 2211 5280 stitutum
2256 5231 2488 5296 tempus
2543 5224 2901 5294 persolverit,
2936 5227 3193 5298 prudens
3242 5245 3410 5284 nemo
3443 5232 3581 5286 vitio

1938 5317 2143 5371 vertat.
2189 5313 2387 5369 Sancti
2452 5319 2645 5369 autem
2700 5314 3071 5386 evangelista;
3132 5334 3398 5374 accessus
3455 5322 3582 5392 agi-

1939 5402 2085 5458 lium
2116 5401 2346 5458 illarum
2392 5401 2722 5471 mulierum,
2754 5403 3059 5476 variasque
3104 5421 3251 5476 quas
3278 5407 3350 5463 de
3381 5425 3586 5466 resur-

1942 5492 2193 5549 rectione
2264 5490 2522 5547 viderunt
2586 5491 2857 5560 visiones,
2908 5500 2971 5548 ut
3017 5493 3265 5567 quisque
3336 5513 3404 5552 ex
3455 5515 3581 5558 me.

1944 5583 2130 5638 moria
2188 5580 2394 5652 potuit,
2444 5585 2543 5634 aut
2595 5582 2789 5652 potius
2832 5598 2900 5638 ex
2965 5583 3162 5638 divina
3211 5584 3581 5657 revelatione,

1944 5672 2095 5729 clare
2157 5670 2609 5743 descripserunt.
2661 5669 3026 5742 lpsissimam
3075 5676 3270 5729 autem
3318 5690 3587 5755 resurrs-g

3231 5774 3274 5859 4
