4080 6224
226 412 328 475 109

1215 396 1646 463 SYNTAGMA
1691 393 2321 459 ALPHABETICUM.
2369 429 2444 439 —
2488 401 2555 455 Π.

3474 396 3593 459 110

223 544 302 597 καὶ
346 536 654 613 εὐδαιμονία
702 532 985 611 βασιλείας
1026 530 1140 588 ἐστὶ
1186 530 1277 588 καὶ
1330 528 1739 607 ἀρχιερωσύνης
1785 524 1839 582 ἐν

1990 542 2174 596 orum,
2223 530 2341 583 tam
2408 527 2601 597 quoad
2664 528 2916 586 animam
2982 545 3156 600 quam
3222 544 3456 603 corpus,
3508 533 3598 588 est

227 638 377 688 πᾶσιν
405 628 752 705 ὁμοφροσύνη
784 625 872 680 καὶ
904 620 1209 697 συμφωνία.

178 854 181 859 λ
287 814 343 870 Ὁ
413 802 1045 867 Κωνσταντινουπόλεως
1132 801 1320 876 θρόνος
1409 800 1661 874 βασιλείᾳ
1732 799 1851 856 ἐπι-

239 899 513 972 κωμηθεὶς
561 902 682 960 ταῖς
741 892 1049 956 συνοδικαῖς
1116 893 1321 968 ψήφοις
1376 896 1593 965 πρῶτος
1651 889 1855 966 ἀνηγο-

233 988 377 1066 ρεύθη
411 1007 425 1019 ’
455 988 542 1048 αἷς
572 987 624 1040 οἱ
658 986 794 1040 θεῖοι
839 979 1367 1043 κατακολουθοῦντες
1411 980 1573 1053 νόμοι
1620 977 1710 1033 καὶ
1760 977 1857 1040 τὰς

235 1062 325 1135 iure
372 1074 497 1138 τοὺς
554 1074 774 1148 ἑτέρους
822 1072 1048 1147 θρόνους
1100 1069 1354 1144 γινομένα
1418 1062 1858 1148 ἀμφισϐητήσεις

238 1168 326 1223 ὑπὸ
353 1168 447 1235 τὴν
502 1163 706 1221 ἐκείνου
755 1163 1181 1238 προστάττουσιν
1212 1159 1568 1234 ἀναφέρεσθαι
1615 1155 1857 1234 διάγνω-

236 1278 303 1311 σιν
330 1256 412 1309 καί
443 1254 642 1329 κρίσιν.

296 1345 508 1399 Πάντων
583 1347 696 1398 τῶν
777 1337 1205 1415 μητροπόλεων,
1292 1338 1383 1393 καὶ
1480 1335 1863 1406 ἕπισκοπείων,

239 1433 596 1509 μοναστηρίων
652 1451 711 1486 τε
766 1431 858 1485 καὶ
945 1427 1252 1500 ἐκκλησιῶν
1339 1429 1375 1495 ἡ
1462 1427 1691 1502 πρόνοια
1770 1438 1864 1493 καὶ

238 1524 456 1603 φροντὶς,
515 1518 599 1577 ἔτι
656 1517 714 1575 δὲ
760 1520 850 1575 καὶ
906 1520 1107 1594 κρίσις,
1182 1515 1273 1573 καὶ
1359 1516 1697 1592 κατάκρισις,
1770 1513 1863 1572 καὶ

236 1602 488 1677 ἆϐώωσις,
540 1613 624 1681 τῷ
683 1608 871 1681 οἰκείῳ
922 1606 1238 1685 πατριάρχῃ
1301 1604 1593 1662 ἀνάκειται.
1650 1609 1738 1678 Τῷ
1808 1602 1867 1660 δὲ

236 1698 848 1760 Κωνσταντινουπόλεως
903 1694 1157 1771 προέδρῳ
1213 1691 1380 1765 ἔξεστι
1444 1694 1535 1750 καὶ
1620 1694 1673 1751 ἐν
1745 1698 1866 1755 ταῖς

236 1796 330 1847 τῶν
353 1789 538 1846 ἀλλων
575 1787 782 1863 θρόνων
817 1785 1071 1860 ὶνορίαις,
1100 1783 1155 1841 ἑν
1185 1787 1270 1848 οἷς
1320 1783 1419 1841 οὐκ
1469 1782 1579 1840 ἔστι
1627 1785 1869 1860 προκαθ-

243 1882 434 1957 ιέρωσις
490 1884 665 1950 ναῶν,
714 1878 1093 1951 σταυροπήγια
1140 1872 1367 1945 διδόναι,
1416 1874 1480 1929 οὐ
1540 1875 1651 1947 μὴν
1723 1872 1873 1929 ἀλλὰ

238 1971 431 2032 καὶτὰς
462 1969 516 2024 ἐν
574 1972 695 2030 τοῖς
745 1964 943 2029 ἄλλοις
995 1964 1215 2039 θρόνοις
1264 1962 1552 2042 γινομένας
1600 1957 1881 2042 ἀμφισϐη-

234 2060 397 2133 τῄσεις
454 2058 742 2134 ἐπιτηρεῖν
784 2056 875 2111 καὶ
937 2052 1307 2130 διορθοῦσθαι,
1338 2054 1429 2110 καὶ
1480 2053 1651 2128 πέρας
1709 2051 1878 2107 ἐπιτι.

232 2151 355 2204 eam
408 2154 527 2209 ταῖς
589 2147 828 2221 κρίσεσιν
863 2166 877 2179 ·
940 2145 1204 2206 ὡσαύτως
1258 2144 1352 2199 καὶ
1419 2142 1732 2216 μετανοίας,
1782 2135 1875 2196 καὶ

232 2238 547 2315 ἐπιστροφῆς
616 2235 1027 2310 ἁμαρτημάτων
1086 2233 1177 2289 καὶ
1232 2231 1512 2308 αἱρέσεων,
1554 2231 1712 2293 αὐτὸς
1759 2251 1830 2285 κα

237 2328 384 2398 μόνος
410 2324 733 2387 καοίςταται
765 2322 1048 2393 διαιτητής
1077 2342 1137 2378 τε
1164 2322 1256 2378 καὶ
1288 2321 1561 2400 γνώμων.

296 2438 544 2489 ΚΕΦΑΛ.
576 2439 649 2488 6'.
673 2431 831 2507 Περὶ
861 2450 980 2504 περ
1002 2427 1349 2498 ιοδευτῶν,
1373 2426 1525 2499 ἤτοι
1558 2426 1877 2503 ἐξάρχων.

294 2542 442 2610 Ζήτει
475 2540 529 2594 ἐν
559 2543 645 2611 τῷ
687 2536 736 2592 λ’
765 2536 1048 2616 κεφαλαίῳ
1103 2540 1199 2592 τοῦ
1259 2538 1299 2593 E
1350 2535 1630 2611 στοιχείου
1687 2535 1879 2589 κανόνα

233 2632 323 2699 της
349 2629 398 2684 ἐν
428 2626 736 2698 Λαοδικείᾳ
765 2624 996 2681 συνόδου
1036 2627 1132 2696 νζ’.

423 2738 692 2793 ΚΕΦΔΔ.
720 2732 950 2807 [Περὶ
973 2731 1253 2795 πίστεως
1277 2728 1662 2807 ὀρθοδόξου.

298 2845 445 2912 Ζητέι
463 2844 530 2897 τὸ
560 2839 865 2918 κεφάλαιον
885 2843 1051 2895 τοῦτο
1084 2838 1194 2914 πρὸ
1221 2843 1319 2894 τοῖ’)
1339 2848 1386 2896 A
1420 2839 1719 2914 στοιχείου.

311 3042 565 3096 ΚΕΦΔΛ.
603 3037 708 3095 1Δ’.
736 3033 1306 3111 Περὶπλεονεξίας
1332 3036 1438 3090 καὶ
1472 3035 1806 3111 ἁρπαγῆς.

297 3132 452 3200 Ζήτει
479 3129 547 3185 τὸ
584 3128 658 3202 ιβ’
681 3126 978 3205 κεφάλαιον
999 3130 1098 3182 τού
1130 3134 1173 3181 Δ
1203 3125 1505 3201 σσοιχείου.

299 3223 352 3272 '0
378 3216 434 3272 δὲ
480 3219 653 3293 μέγας
709 3216 1011 3292 Γρηγόριος
1066 3217 1095 3271 ὁ
1153 3216 1368 3286 Νύσσης
1415 3214 1469 3269 ἐν
1516 3216 1597 3288 τῷ
1651 3214 1727 3289 ς’
1777 3234 1875 3269 κα-

1953 615 2184 688 imperii
2216 630 2282 673 ac
2310 616 2613 673 sacerdotii
2645 617 2704 673 in
2734 616 3007 675 omnibus
3039 620 3351 677 concordia
3375 624 3432 677 et
3459 636 3600 677 con-

1958 722 2188 763 sensus.
3521 754 3601 775 ,κδ

2032 795 2208 852 Sedes
2255 794 2917 870 Constantinopolitano,
2958 814 3088 871 qua
3133 798 3378 873 imperio
3426 797 3603 858 coho-

1962 889 2250 955 nestatur,
2281 887 2526 945 decretis
2571 886 2950 960 synodalibus
2997 890 3260 947 omnium
3292 890 3482 962 prima
3509 888 3608 947 de-

1964 976 2186 1034 clarata
2231 975 2340 1031 fuit
2370 992 2385 1031 :
2416 976 2570 1033 unde
2615 976 3038 1050 imperatorum
3082 980 3430 1044 sanctiones,
3482 994 3608 1050 quis

1964 1066 2166 1123 isthmc
2186 1073 2509 1137 sequuntur
2536 1066 2669 1123 lites
2689 1066 2750 1123 in
2780 1066 2914 1124 aliis
2936 1066 3175 1125 sedibus
3203 1070 3255 1124 si
3274 1084 3398 1139 quas
3420 1068 3612 1124 orian-

1966 1160 2085 1223 tur,
2107 1155 2179 1211 ad
2210 1155 2458 1228 hujusce
2480 1155 2676 1214 throni
2703 1156 3095 1230 cognitionem
3118 1173 3184 1214 ac
3205 1156 3495 1229 judicium
3528 1172 3610 1213 re-

1969 1244 2107 1301 ferri
2130 1244 2357 1316 jubent.

2040 1332 2317 1393 Omnium
2367 1332 2538 1407 plane
2583 1336 2960 1396 ecclesiarum
3011 1335 3615 1412 metropolitanorum,

1972 1426 2030 1481 et
2069 1423 2534 1497 episcopatuum,
2560 1430 2619 1483 et
2661 1426 3169 1496 monasteriorum,
3200 1430 3376 1499 atque
3422 1423 3618 1480 Eccle-

1971 1513 2184 1570 siarum
2234 1515 2598 1584 providentia
2641 1520 2700 1572 et
2724 1533 2887 1583 cura,
2918 1517 3034 1573 imo
3083 1515 3260 1574 etiam
3308 1512 3620 1583 recognitio

1973 1617 2042 1664 ac
2078 1617 2349 1671 censura,
2381 1607 2557 1675 atque
2604 1605 2890 1662 absolutio
2935 1606 3009 1662 ad
3042 1605 3344 1677 proprium
3375 1603 3623 1676 patriar-

1973 1690 2146 1747 cham
2196 1692 2463 1762 pertinet.
2509 1695 2751 1751 Praesuli
2799 1710 2935 1751 vero
2984 1691 3624 1765 Constantinopolitano

1977 1767 2111 1837 licet
2140 1781 2313 1838 etiam
2335 1782 2395 1838 in
2427 1782 2677 1839 aliorum
2710 1784 3054 1841 thronorum
3088 1782 3353 1839 districtu
3384 1781 3621 1854 largiri:

1980 1886 2168 1943 neque
2188 1871 2246 1927 id
2278 1873 2488 1942 solum,
2512 1874 2612 1929 sed
2644 1878 2702 1930 et
2730 1872 2881 1940 lites,
2904 1890 3032 1945 qum
3065 1871 3124 1928 in
3153 1871 3287 1928 aliis
3316 1868 3628 1941 provinciis

1984 1965 2304 2028 moventur,
2338 1964 2645 2019 observare
2674 1971 2728 2019 et
2754 1962 3064 2031 moderari,
3095 1966 3154 2019 et
3179 1961 3413 2033 penitus
3445 1962 3632 2016 deter-

1982 2048 2237 2117 minare;
2261 2050 2389 2123 ipse
2418 2051 2633 2123 pariter
2654 2058 2712 2109 et
2739 2052 3088 2123 paenitentiae
3116 2059 3292 2123 atque
3311 2049 3630 2105 conversio-

1980 2139 2073 2195 nis
2101 2157 2136 2195 a
2165 2139 2391 2197 delictis
2421 2157 2487 2197 ac
2517 2142 2841 2198 haeresibus
2870 2143 2923 2198 ei
2956 2141 3194 2215 quidem
3227 2139 3387 2198 solus
3417 2139 3633 2194 consti-

1980 2230 2164 2287 tuitur
2192 2235 2423 2289 exactor
2449 2236 2508 2288 et
2534 2231 2879 2304 explorator.

2080 2428 2234 2485 220
2264 2429 2415 2484 CAP.
2452 2430 2539 2488 IX.
2572 2431 2644 2487 De
2679 2429 3076 2501 uisitator-ibus,
3102 2430 3217 2487 sive
3251 2429 3528 2486 exercitis.

2051 2535 2249 2599 Quaere
2294 2536 2354 2591 in
2402 2538 2590 2609 capite
2630 2538 2700 2592 30
2749 2537 2952 2595 litteras
2995 2542 3038 2592 Ε
3083 2554 3368 2595 canonem
3417 2534 3626 2608 synodi

1983 2623 2315 2681 Laodicenis
2340 2627 2430 2680 57.

2369 2734 2525 2791 CAP.
2558 2735 2626 2791 X.
2660 2738 2739 2792 De
2765 2734 2879 2806 [ide
2908 2734 3228 2791 orthodoxa.

1983 2925 1997 2981 1
2053 2838 2190 2896 Vide
2223 2855 2352 2913 cap.
2388 2840 2765 2911 Prcefationis,
2798 2860 2925 2914 quae
2956 2842 3288 2899 immediate
3336 2838 3631 2912 praecedit,

2005 2926 2093 2981 itt.
2125 2930 2192 2981 A.

2005 2926 2093 2981 itt.
2125 2930 2192 2984 A.

2317 3039 2467 3095 CAP.
2500 3039 2595 3096 XI.
2629 3040 2703 3096 De
2731 3041 2975 3097 avaritia
3002 3048 3053 3097 et
3084 3042 3301 3112 rapina.

2055 3126 2306 3184 Consule
2334 3146 2462 3200 cap.
2496 3130 2563 3184 12
2591 3129 2697 3184 litt.
2731 3133 2795 3185 A.

2058 3213 2306 3286 Magnus
2336 3220 2529 3271 autem
2556 3214 2872 3289 Gregorius
2901 3216 3201 3289 Nyssenus
3223 3216 3281 3271 in
3313 3230 3533 3272 canone
3560 3213 3630 3282 G,

236 3306 357 3363 νὸνι.
381 3309 458 3365 Τὸ
480 3278 603 3374 ,τῆις
648 3278 1134 3377 εἰδωλολατρείας,
1164 3304 1352 3382 φησὶν,
1384 3302 1549 3373 εἶδος,
1581 3278 1725 3360 οὔτ-ω
1771 3304 1872 3379 γᾶρ

1990 3278 2220 3373 Species
2252 3304 2361 3359 ista
2407 3278 2769 3374 idololatriae,
2801 3278 2991 3377 inquit
3032 3305 3139 3377 (ita
3184 3305 3341 3362 enim
3394 3278 3632 3361 sanctus

237 3395 469 3469 ὠνόμασε
510 3398 617 3463 τήν
677 3393 990 3464 πλεονεξίαν
1051 3394 1081 3448 ὁ
1140 3391 1311 3470 μέγας
1368 3391 1724 3462 ’Δπόστολος,
1774 3393 1872 3448 οὐκ

239 3482 329 3539 οἷδ’
357 3487 504 3564 ξπως
558 3485 928 3558 ἀθεράπευτον
977 3484 1082 3538 ὑπὸ
1119 3488 1230 3537 τῶν
1290 3484 1545 3559 Πατέρων
1586 3486 1745 3557 ἡμῶν
1777 3503 1871 3538 πε-

243 3577 434 3653 ριὼςιθη
454 3593 469 3606 ”
500 3575 686 3630 καίτοι
716 3593 780 3647 γε
812 3571 962 3627 δοκεῖ
985 3573 1049 3629 τὸ
1090 3577 1339 3628 τοιοῦτον
1370 3575 1535 3629 κακὸν
1566 3580 1667 3643 τῆς
1714 3594 1874 3648 τριτ-

239 3671 327 3731 τῆς
352 3663 401 3718 ἐν
453 3669 523 3738 τῇ
568 3666 732 3738 ψυχῇ
773 3664 1149 3724 καταστάσεως
1197 3661 1365 3725 πάθος
1410 3664 1565 3718 εἶναι.
1618 3663 1721 3719 Καὶ
1768 3662 1872 3737 γὰρ

240 3752 264 3806 ὁ
305 3752 571 3828 λογισμὸς
629 3757 734 3820 τῆς
790 3748 889 3807 τόὗ
944 3750 1118 3805 καλοῦ
1154 3751 1382 3825 κρίσεως
1430 3751 1776 3826 ἄμαρτάνων,
1822 3749 1874 3804 ἐν

241 3845 301 3915 τῇ
330 3841 431 3916 ὕλῃ
473 3843 539 3896 τὸ
597 3838 771 3895 καλὸν
829 3842 940 3895 εἷνα
985 3841 1329 3915 φαντάζεται,
1360 3839 1421 3894 οὐ
1452 3841 1587 3914 πρὸς
1616 3840 1679 3895 τὸ
1705 3836 1874 3895 ἄυλον

244 3926 544 3987 ἀναϐλέπων
608 3928 843 3999 κάλλος.
896 3929 994 3984 Καὶ
1042 3931 1077 3998 ἡ
1131 3928 1392 4001 ἐπιθυμία
1447 3931 1583 4004 πρὸς
1627 3930 1693 3983 τὰ
1728 3928 1875 3983 κάτω

248 4020 331 4094 ῥεῖ,
359 4026 451 4075 τοῦ
482 4019 731 4091 ἀληθοῦς
782 4018 1006 4093 ὀρεκτοῦ
1057 4016 1404 4094 ἀπορρέουσα
1437 4039 1449 4051 ·
1481 4019 1570 4072 καὶ
1626 4006 1664 4087 ἡ
1715 4016 1878 4092 φιλό-

248 4109 400 4171 νεικός
456 4131 516 4166 τε
572 4109 671 4166 καὶ
729 4105 992 4181 θυμώδης
1049 4105 1308 4178 διάθεσις,
1375 4107 1591 4169 πολλὰς
1649 4108 1708 4163 ἐκ
1779 4115 1878 4179 τῆς

249 4188 486 4269 τοιαύτης
512 4197 795 4273 ἁμαρτίας
836 4197 932 4260 τὰς
972 4197 1224 4276 ἀφορμὰς
1275 4193 1541 4270 λαμϐάνει
1574 4215 1589 4229 ·
1646 4198 1761 4269 καὶ,
1816 4200 1880 4253 τὸ

254 4283 366 4341 ὅλον
394 4286 586 4357 εἰπεῖν,
618 4292 904 4364 συμφωνεῖ
950 4288 985 4355 ἡ
1043 4285 1268 4357 τοιαύτη
1301 4285 1461 4348 νόσος
1518 4290 1598 4358 τῷ
1654 4288 1881 4342 ἀποστο·

259 4371 383 4447 λικῷ
405 4384 507 4446 τῆς
532 4374 856 4445 πλεονεξίας
915 4374 1049 4450 ὅρῳ.
1084 4379 1141 4429 Ὁ
1185 4376 1289 4452 γὰρ
1347 4377 1489 4437 θεῖος
1546 4376 1883 4440 ’Δπόστολος

257 4461 306 4516 ού
334 4463 489 4537 μόνον
520 4464 700 4532 αὐτὴν
732 4460 1211 4537 εἷδωλολατρείαν,
1243 4461 1392 4519 ἀλλὰ
1418 4465 1509 4518 καί
1542 4462 1691 4540 ῥίζαν
1716 4464 1881 4520 ἀπάν-

256 4571 346 4607 των
396 4559 505 4609 τῶν
562 4556 752 4609 κακῶν
799 4552 1134 4629 ἀπεφήνατο.
1177 4553 1279 4609 Καὶ
1327 4551 1482 4624 ὅμως
1524 4554 1588 4610 τὸ
1633 4558 1884 4609 τοιοῦτον

1979 3393 2298 3463 Apostolus
2344 3395 2646 3451 avaritiam
2676 3396 2933 3467 vucavit),
2967 3395 3229 3452 Patribus
3276 3397 3495 3453 nostris
3529 3410 3634 3450 uo-

1981 3483 2101 3537 scio
2130 3499 2203 3537 an
2234 3488 2513 3555 tanquam
2547 3484 2890 3542 insanabilis
2918 3488 3151 3556 penitus
3182 3487 3443 3558 neglecta
3473 3484 3587 3540 fuit
3615 3499 3631 3551 ;

1981 3569 2274 3639 siquidem
2308 3571 2540 3627 videtur
2571 3572 2789 3627 malum
2823 3572 2967 3628 illud
2998 3574 3175 3629 tertia
3201 3574 3509 3643 cujusdam
3543 3574 3634 3627 fa-

1983 3661 2221 3716 cultatis
2268 3667 2481 3716 animas
2530 3662 2727 3733 passio
2775 3677 2921 3717 esse.
2958 3662 3124 3718 Ratio
3176 3663 3354 3727 enim,
3387 3678 3512 3733 quis
3561 3663 3634 3719 de

1985 3750 2134 3805 bono
2155 3750 2451 3820 judicium
2487 3752 2633 3806 ferre
2661 3751 2854 3817 debet,
2886 3754 3137 3819 aberrat,
3160 3760 3332 3823 atque
3359 3750 3419 3805 in
3453 3757 3605 3806 male

1984 3839 2070 3892 rie
2093 3840 2309 3893 bonum
2334 3839 2511 3895 situm
2536 3855 2664 3896 esse
2695 3841 3030 3907 arbitratur,
3055 3839 3201 3895 nihil
3232 3841 3304 3895 ad
3329 3839 3506 3894 decus
3526 3839 3607 3893 im

1989 3928 2292 3984 materiale
2322 3929 2657 4000 respiciens.
2687 3932 2762 3985 Et
2791 3930 3284 4002 concupiscentia,
3314 3948 3349 3984 a
3379 3945 3510 3985 vero
3540 3946 3636 4001 ap-

1988 4023 2213 4097 petibili
2244 4024 2557 4091 divertens,
2590 4026 2662 4080 ad
2703 4041 2770 4080 ea
2797 4040 2921 4095 quae
2951 4028 3094 4079 sunt
3121 4022 3274 4078 infra
3303 4021 3591 4077 delabitur
3619 4043 3633 4083 ε

1988 4115 2284 4187 appetitus
2314 4130 2445 4170 vero
2475 4113 2787 4170 irascibilis
2837 4119 3008 4185 atque
3039 4113 3341 4169 animosus
3373 4111 3639 4184 plerum-

1989 4220 2102 4276 que
2131 4220 2201 4259 ex
2224 4203 2321 4258 illo
2343 4219 2533 4259 errore
2552 4203 2917 4259 occasionem
2936 4203 3136 4258 sumit.
3158 4205 3367 4273 Atque,
3392 4208 3456 4257 ut
3476 4217 3639 4256 sum-

1992 4294 2198 4348 matim
2228 4291 2455 4364 loquar,
2488 4292 2757 4347 convenit
2802 4291 3093 4360 ejusmodi
3125 4292 3365 4346 morbus
3407 4296 3642 4359 aposto-

1989 4383 2114 4439 licis
2159 4383 2483 4439 detlnitioni
2530 4383 2806 4439 avaritiae.
2838 4382 3092 4438 Sanctus
3135 4381 3293 4438 enim
3323 4379 3643 4451 Apostolus

1991 4487 2120 4528 eam
2169 4488 2287 4528 non
2337 4472 2525 4527 solum
2552 4470 2940 4528 idololatriam
2988 4487 3117 4527 esse
3164 4469 3434 4535 asseruit,
3462 4469 3560 4524 sed
3591 4477 3644 4523 et

1994 4560 2285 4617 malorum
2308 4560 2574 4616 omnium
2601 4561 2874 4615 radicem.
2896 4562 3083 4626 Quare
3113 4560 3288 4615 etiam
3314 4558 3643 4630 neglectum

260 4638 380 4704 εἶδος
432 4644 715 4722 παρώφθη
745 4648 846 4712 τῆς
884 4641 1043 4697 νόσου
1072 4641 1460 4698 άνεπίσκὲπτόν
1514 4662 1574 4698 τε
1610 4643 1702 4697 καὶ
1749 4645 1876 4711 ἀτη-

2000 4651 2115 4706 iuit
2145 4649 2289 4705 illud
2322 4650 2508 4705 morbi
2540 4666 2721 4715 genus
2755 4649 2913 4705 nulla
2942 4648 3202 4705 adhibita
3231 4664 3371 4705 cura
3398 4652 3501 4703 aut
3528 4661 3647 4702 me-

264 4732 478 4802 μὲλητον
521 4753 536 4766 ο
573 4731 666 4787 διὸ
695 4732 788 4787 καὶ
820 4729 1107 4805 πλεονάξει
1134 4733 1271 4787 κατά
1298 4738 1400 4802 τῆς
1447 4731 1779 4804 Ἐκκλησίας
1830 4749 1894 4803 τὸ

267 4828 486 4879 τοιοῦτον
516 4822 869 4900 ἆρῥώστημα
908 4841 923 4857 ⁸
950 4826 1040 4878 καὶ
1072 4820 1250 4886 οὐδεὶς
1283 4822 1411 4886 τοὺς
1468 4820 1557 4879 ἕπὶ
1612 4824 1704 4879 τὸν
1761 4824 1896 4894 κλῆ-

275 4931 350 4984 ρον
399 4914 699 4989 ἀγομένους
772 4912 1205 4989 περιεργάζεται.
1268 4915 1471 4986 μήπως
1523 4917 1607 4986 τῷ
1658 4916 1897 4989 τοιούτῳ

275 4998 382 5056 εἴδει
411 5010 508 5073 τῆς
539 5000 1009 5077 εἰδωλολατρείας
1056 5003 1513 5076 κατεμιάνθησαν.
1545 5002 1720 5058 Ἀλλὰ
1773 5007 1895 5081 περί

273 5090 471 5161 τούτων,
505 5090 598 5147 διὰ
653 5092 718 5147 τὸ
775 5094 1057 5167 παρεῖσθαι
1114 5096 1232 5153 τοῖς
1284 5096 1550 5167 Πατράςιν
1594 5100 1780 5170 ἡμῶν,
1811 5098 1902 5173 ἀρ-

276 5184 366 5232 κεῖν
395 5183 679 5256 ἡγούμεθα
721 5185 800 5254 τῷ
849 5178 1104 5254 δημοσίῳ
1158 5188 1260 5250 τῆς
1317 5180 1674 5248 διδασκαλίας
1722 5187 1898 5263 λόγῳ,

277 5265 401 5329 ὅπως
453 5268 515 5323 ἄν
578 5270 702 5324 οἶόν
758 5289 813 5325 τε
863 5271 921 5340 ᾗ,
984 5271 1313 5344 θεραπεύειν,
1391 5276 1481 5328 καὶ
1549 5273 1728 5350 ὥσπερ
1784 5278 1903 5332 τινα

278 5353 579 5434 τληθωρικὰ
660 5365 762 5431 τῆς
848 5358 1239 5431 πλεονεκτικῆς
1322 5359 1628 5435 ἀρρωστίας

282 5462 393 5515 ρειν.

286 5538 515 5593 ΚΕΦΔΛ.
546 5543 656 5597 ΙΒ¹.
686 5546 909 5600 ⁴Οπως
942 5537 1043 5594 δεῖ
1077 5558 1237 5596 πνευ
1304 5542 1579 5606 ατικοὺς
1618 5546 1903 5618 πατέρας

344 5606 729 5667 οἰκονομεῖν
767 5612 923 5667 τοὺς
962 5609 1191 5667 αὐτοῖς
1240 5561 1903 5667 ἅοαολογουαὲνουε

344 5609 729 5683 οἰκονομεῖν
767 5612 923 5672 τοὺς
962 5609 1191 5672 αὐτοῖς
1240 5609 1903 5692 ἐξομολογουμένους

1712 5367 1903 5420 καθαί-

352 5717 493 5786 Ζήτει
552 5717 652 5787 νρῦ
706 5723 754 5775 δῖ
806 5718 1083 5794 στοιχείου
1139 5741 1259 5797 κεφ,
1303 5722 1363 5794 ε’,
1412 5725 1473 5797 ς’,
1535 5727 1595 5795 ζ’,
1628 5727 1683 5798 η’
1717 5727 1805 5783 καὶ
1838 5730 1901 5784 θ’.

2004 4739 2136 4796 dela
2168 4756 2180 4794 :
2213 4740 2366 4795 unde
2396 4756 2499 4811 per
2530 4738 2843 4795 Ecclesiam
2875 4743 3180 4810 grassatur
3210 4738 3314 4793 hoc
3343 4736 3569 4803 vitium,
3592 4742 3646 4789 et

2007 4845 2178 4885 nemo
2226 4828 2528 4900 quisquam
2580 4829 2687 4883 hos
2734 4828 2834 4900 qui
2863 4829 2934 4883 ad
2982 4827 3316 4883 clericatum
3364 4824 3649 4880 accedunt

2007 4918 2315 4990 diligenter
2343 4918 2637 4984 observat,
2657 4934 2729 4972 ne
2760 4919 2906 4973 forte
2935 4916 3042 4971 hoc
3073 4913 3411 4972 idololatriae
3438 4928 3650 4982 genere

2008 5007 2299 5077 inquinati
2332 5007 2565 5062 fuerint.
2599 5006 2704 5061 Sed
2750 5008 2937 5077 quoad
2972 5006 3107 5072 ista,
3138 5003 3274 5075 quia
3320 5002 3515 5057 Patres
3545 5017 3647 5056 no-

2009 5097 2115 5151 stri
2155 5113 2223 5151 ea
2266 5096 2774 5167 praetermiserunt,
2802 5111 3172 5151 communem
3212 5091 3531 5163 disciplinis
3560 5109 3647 5146 ra-

2010 5189 2226 5240 tionem
2257 5184 2527 5241 sufficere
2556 5185 2929 5251 arbitramur,
2960 5202 3077 5255 qua
3104 5183 3424 5238 curandum
3456 5181 3552 5246 sit,
3587 5188 3649 5235 ut

2011 5275 2166 5343 licet,
2205 5278 2282 5342 et,
2314 5274 2466 5345 quod
2499 5274 2556 5329 in
2609 5274 2871 5347 plethoru
2910 5273 3033 5329 ﬁeri
3080 5271 3246 5342 solet,
3278 5271 3648 5342 purgandum

2012 5361 2262 5419 avaritiae
2290 5363 2519 5419 vitium.

2013 5544 2163 5603 CAP.
2196 5546 2315 5601 XII.
2348 5550 2611 5617 Quonam
2657 5546 2817 5604 modo
2858 5550 3099 5619 aporleat
3140 5548 3319 5613 putres
3346 5543 3657 5619 spirituales

2437 5636 2495 5674 se
2521 5636 2709 5689 gerere
2736 5635 2865 5690 erga
2890 5618 3233 5688 conﬁtentes.

2087 5726 2226 5787 Vide
2256 5725 2367 5784 litt.
2401 5731 2470 5783 Μ.
2505 5744 2631 5800 cap.
2662 5727 2718 5795 5,
2747 5729 2802 5794 6,
2822 5727 2943 5799 7,8
2973 5735 3027 5785 et
3053 5727 3109 5787 9.
