4060 6228
336 396 440 456 Ml

1605 400 1656 460 Μ
1668 398 1820 459 ATT
1830 397 1978 458 HIEI
2025 393 2320 456 BLAS'I‘A
2335 391 2403 452 RI
2417 393 2454 451 S

3610 394 3723 453 112

330 541 484 599 CAP.
519 542 664 597 XIII.
716 541 863 609 Quod
922 542 1261 597 animalibus
1316 542 1587 613 suffocatis
1640 544 1779 596 vesci
1826 536 1971 593 haud

2131 537 2389 588 ΚΕΦΑΛ.
2422 534 2525 586 ll".
2559 535 2699 585 Ὀτι
2733 529 2804 583 οὐ
2837 525 2936 583 δεῖ
2965 529 3203 584 πνικτά
3234 534 3366 599 ζῶα
3396 529 3664 588 ἐσθίειν.

1068 616 1245 669 liceat.

404 720 481 776 Ex
545 734 765 776 canone
809 719 880 774 63
927 726 1260 777 sanctorum
1324 718 1744 791 apostolorum,
1800 721 1974 788 atque

334 809 506 867 etiam
535 810 605 863 67
634 809 836 882 synodi
866 815 1058 879 sextae,
1081 824 1293 866 saevum
1314 825 1444 866 esse
1466 808 1698 863 videtur
1725 811 1781 863 et
1810 804 1975 862 valde

332 900 669 968 absurdum,
704 898 877 957 hosce
907 900 1210 956 brutorum
1241 898 1583 955 animalium
1606 896 1974 969 jugulatione

332 988 681 1060 sanguinem
715 1006 828 1045 non
859 990 1019 1061 prius
1061 1005 1337 1045 evacuare
1366 989 1467 1060 qui
1513 987 1739 1043 illorum
1772 1000 1974 1041 carnes

333 1078 480 1135 221
554 1079 864 1135 comesturi
933 1088 1089 1135 sunt.
1121 1080 1371 1135 Vetitutu
1414 1083 1504 1134 est
1552 1096 1585 1133 a
1630 1076 1824 1132 bellua
1871 1093 1975 1131 ca—

329 1172 493 1237 ptum
526 1167 611 1223 vel
634 1172 960 1224 emortuum
993 1169 1181 1237 edere,
1203 1172 1378 1239 atque
1409 1167 1588 1223 etiam
1611 1167 1683 1222 ob
1712 1169 1972 1221 ventrem

327 1272 591 1311 voracem
641 1256 899 1328 cujusvis
946 1256 1211 1312 animalis
1242 1257 1587 1327 sanguinem
1629 1259 1749 1311 arte
1779 1253 1975 1324 aliqua

326 1344 691 1400 esculentum
726 1344 982 1401 reddere.
1016 1345 1160 1401 Nam
1192 1344 1421 1400 etiamsi
1467 1344 1618 1400 Deus
1651 1347 1783 1415 post
1812 1342 1972 1396 dilu-

326 1433 487 1489 vium
519 1432 743 1490 homini
773 1434 1120 1490 concesserit
1147 1450 1253 1491 nos
1280 1433 1476 1489 minus
1505 1448 1677 1505 quam
1700 1432 1772 1487 de
1798 1430 1975 1487 oleri-

326 1523 440 1577 bus
488 1538 556 1577 ex
604 1521 792 1578 brutis
839 1522 1240 1579 animantibus
1286 1523 1481 1578 cibum
1529 1538 1753 1593 capere,
1796 1518 1975 1575 voluit

326 1618 522 1668 tamen
546 1629 749 1669 carnes
779 1630 893 1668 una
917 1630 1049 1669 cum
1082 1612 1369 1685 sanguine
1390 1613 1599 1668 anima:
1629 1613 1816 1668 edere.
1840 1609 1975 1665 San-

327 1701 459 1773 guis
482 1702 637 1757 enim
671 1702 729 1757 in
751 1703 938 1759 brutis
972 1702 1178 1758 anima:
1202 1702 1484 1758 rationem
1507 1699 1746 1757 obtinet.
1766 1700 1973 1764 Quam-

325 1792 523 1849 obrem
577 1792 748 1848 etiam
799 1792 1045 1865 apostoli
1093 1793 1153 1847 in
1191 1792 1433 1848 Actibus
1482 1792 1881 1857 decreverunt,
1914 1792 1974 1844 ut

327 1880 523 1981 fideles
554 1881 725 1938 sicuti
753 1883 824 1937 ab
858 1882 1195 1952 idolothytis
1225 1886 1282 1937 et
1322 1880 1723 1981 fornicatione,
1755 1881 1918 1981 ita-et
1940 1896 1972 1933 a
2001 1914 2049 1981 Β

324 1971 605 2027 suli‘ocato
628 1972 991 2028 abstinerent
1017 1989 1031 2040 ;
1064 1972 1165 2043 qui
1189 1988 1321 2028 vero
1351 1987 1578 2043 cunque
1599 1971 1751 2026 hanc
1778 1970 1971 2040 injun-

327 2061 578 2115 ctionem
632 2061 1074 2132 parvipendent,
1107 2061 1155 2117 si
1201 2060 1322 2117 siut
1351 2077 1420 2115 ex
1466 2060 1667 2115 ordine
1696 2057 1970 2125 clericali,

325 2150 684 2219 depositione
715 2150 1055 2220 percellunt,
1080 2148 1259 2206 laicos
1289 2154 1484 2205 autem
1516 2147 1972 2204 excommunica-

325 2240 497 2295 tione.
531 2239 716 2295 Latini
747 2246 965 2306 tamen,
989 2255 1184 2296 sacros
1216 2240 1390 2297 hosce
1419 2255 1673 2296 canones
1695 2237 1841 2294 nihil
1870 2253 1967 2292 cu-

326 2338 540 2398 rantes,
572 2336 791 2387 temere
821 2332 1100 2388 sull‘ocata
1127 2331 1426 2389 devorant.

1085 2514 1212 2569 Lex.

396 2619 595 2676 Sancit
621 2619 957 2676 constitutio
1005 2619 1230 2675 novella
1257 2620 1327 2675 58
1360 2619 1567 2675 Leonis
1608 2618 1972 2691 imperatoris

322 2712 442 2766 tam
456 2725 555 2763 eos
569 2709 667 2780 qui
684 2710 1123 2777 venduntquam
1144 2709 1244 2780 qui
1261 2709 1572 2764 comedunt
1588 2710 1972 2780 quodcunque

322 2801 384 2855 in
413 2815 477 2855 se
507 2799 857 2870 sanguinem
909 2800 1191 2866 continet,
1225 2798 1418 2869 ﬂagris
1470 2815 1649 2854 caesos
1684 2798 1968 2856 bonorum

323 2886 771 2958 publicationem
822 2886 1135 2949 sustinere.
1183 2892 1242 2942 et
1292 2893 1426 2943 cute
1470 2892 1643 2943 tenus
1702 2888 1972 2943 tonsione

324 2975 660 3042 deformari,
709 2984 764 3031 et
823 2982 1096 3047 perpetuo
1164 2976 1365 3033 exsilio
1424 2976 1682 3043 multari,
1732 2981 1789 3032 et
1841 2993 1971 3031 ma-

324 3065 605 3137 gistratus
636 3065 735 3138 qui
765 3065 968 3122 isthrsc
1018 3083 1131 3122 non
1165 3067 1515 3138 puniverint.
1551 3069 1750 3123 decem
1791 3067 1969 3122 libra-

325 3168 456 3211 rum
486 3156 611 3211 auri
644 3154 895 3211 multam
929 3156 1145 3216 subire.

825 3260 982 3316 CAP.
1010 3262 1160 3316 XIV.
1193 3262 1267 3317 De
1292 3264 1479 3334 poenis.

402 3369 601 3434 Quare
629 3369 689 3424 in
724 3369 790 3424 l2
816 3369 1003 3441 capite
1032 3368 1145 3427 litt.
1178 3373 1217 3423 Σ
1250 3386 1529 3428 canonem
1559 3371 1595 3426 5
1625 3371 1829 3441 synodi
1863 3373 1978 3428 An-

331 3458 639 3515 tiochense.

1064 3549 1248 3618 Leges.

399 3652 629 3708 Nullam
663 3652 966 3709 mulierem
997 3658 1228 3726 propter
1254 3654 1533 3712 actionem
1562 3656 1979 3728 pecuniariam,

328 3740 443 3797 sive
476 3741 708 3813 publica
731 3741 919 3809 fuerit,
953 3743 1072 3798 sive
1099 3744 1342 3815 privata,
1374 3743 1459 3799 vel
1500 3759 1738 3800 causam
1774 3762 1979 3817 quam-

327 3847 578 3902 cunque,
611 3836 712 3886 aut
757 3830 816 3886 in
865 3832 1191 3887 custodiam
1237 3833 1445 3903 conjici
1485 3832 1774 3905 volumus,
1817 3841 1918 3889 aut
1945 3854 1978 3891 a

324 3919 466 3976 viris
514 3920 817 3988 custodiri,
857 3937 927 3976 ne
972 3922 1114 3977 forte
1143 3938 1207 3977 ea
1253 3921 1558 3979 occasione
1603 3922 1978 3980 inveniantur

328 4012 517 4083 quoad
542 4012 882 4083 pudicitiam
908 4013 1298 4085 corruptionis
1321 4031 1449 4070 rem.
1473 4014 1576 4070 Sin
1610 4032 1744 4071 vero
1767 4017 1977 4087 gravis-

326 4105 520 4159 sinum
553 4106 630 4159 sit
658 4104 897 4173 crimen,
930 4106 1081 4177 quod
1115 4105 1404 4175 objicilur,
1434 4106 1703 4161 trudatur
1752 4108 1810 4162 in
1844 4123 1977 4162 mo—

329 4195 642 4251 nasterium
687 4195 775 4250 vel
824 4194 1167 4251 mulieribus
1219 4196 1493 4257 tradatur.
1529 4204 1589 4251 ut
1624 4200 1745 4252 tuto
1776 4204 1973 4253 custe-

327 4284 542 4352 diatur,
573 4283 755 4341 donec
782 4300 876 4342 res
905 4284 1006 4340 ﬁat
1038 4285 1367 4342 manifesta.

398 4467 457 4524 Si
487 4466 801 4539 imperator
831 4484 1056 4538 pmnam
1089 4467 1262 4525 alicui
1295 4470 1617 4538 denuntiet,
1655 4471 1974 4528 damnatus

327 4572 398 4612 ne
428 4556 626 4611 statim
656 4556 950 4627 puniatur,
981 4559 1080 4614 sed
1107 4557 1412 4615 dill'eratur
1439 4559 1499 4615 in
1530 4559 1657 4616 dies
1689 4560 1759 4615 30
1791 4577 1975 4633 pmnm

324 4645 567 4702 inﬂictio
603 4662 616 4699 :
651 4661 782 4701 nam
815 4646 1055 4703 forsitan
1077 4647 1305 4703 veniam
1336 4648 1673 4719 obtinuerit.

398 4824 636 4893 Liberis,
671 4827 770 4896 qui
804 4823 946 4879 nihil
981 4824 1117 4880 mali
1151 4829 1470 4895 patrarunt,
1495 4830 1727 4898 patrum
1762 4826 1974 4883 delicta

326 4914 480 4970 haud
506 4920 735 4980 nocent,
764 4929 949 4984 neque
978 4912 1294 4969 liberorum
1319 4914 1593 4985 patribus.
1612 4916 1800 4987 Caput
1818 4916 1973 4971 enim

326 5002 573 5059 crimina
602 5010 935 5073 sequuntur.

400 5181 565 5237 Vetat
595 5179 932 5237 constitutio
966 5177 1050 5235 vel
1086 5193 1291 5235 manus
1323 5179 1525 5235 ambas
1557 5178 1642 5236 vel
1674 5178 1847 5251 pedes
1874 5179 1978 5235 ab-

331 5270 543 5327 scindi.

404 5358 572 5413 Pmna
622 5357 836 5414 mctalli
884 5362 974 5414 est
1003 5357 1335 5430 quempiam
1390 5357 1652 5414 damnari
1684 5356 1755 5414 ad
1801 5357 1979 5413 asbe-

336 5451 488 5502 stum
520 5448 988 5519 praeparandum,
1014 5452 1114 5501 aut
1170 5445 1420 5517 sulphur
1457 5447 1870 5502 ell‘odiendum.

410 5536 545 5592 Vide
584 5543 641 5592 et
671 5537 728 5592 in
757 5537 793 5589 9
817 5538 1003 5608 capite
1047 5535 1157 5591 litt.
1189 5537 1262 5604 M,
1296 5541 1355 5591 et
1385 5536 1444 5591 in
1472 5536 1507 5589 9
1537 5535 1726 5607 capite
1774 5536 1980 5591 litterae

334 5634 371 5683 Δ
402 5644 528 5685 can.
560 5626 630 5681 50
662 5626 888 5683 concilii
919 5626 1411 5700 Carthaginensis.

2153 716 2239 783 Τῷ
2269 713 2343 787 ξγ¹
2383 709 2565 764 κανόνι
2595 712 2701 763 τῶν
2749 707 2916 784 ἀγίων
2966 708 3309 780 ἀποστόλων,
3342 711 3475 785 πρὸς
3524 708 3582 767 δὲ
3632 714 3718 766 καὶ

2080 804 2160 871 τῷ
2189 800 2261 869 εξ
2288 802 2389 864 τῆς
2421 802 2463 860 ς’
2495 795 2743 865 συνόδου,
2778 797 2980 868 ἀπηνὶς
3017 798 3149 853 εἶναι
3201 797 3349 854 δοκεῖ
3393 800 3484 854 καὶ
3544 799 3722 874 ἀτεχ-

2082 894 2190 952 νῶς
2245 887 2448 963 ἄλογον
2489 888 2551 943 τὸ
2604 888 2681 961 μὴ
2731 890 2945 963 πρῶτον
2991 887 3238 943 ἐκκενοῦν
3282 893 3353 964 τῇ
3393 911 3569 967 σφαγῃ
3613 895 3721 944 τῶν

2083 979 2304 1055 ἀλόγων
2330 979 2482 1047 ζώων
2510 978 2572 1032 τὸ
2601 979 2741 1050 αἷμα
2770 978 2897 1038 τοὺς
2944 982 3052 1031 τῶν
3111 983 3282 1051 κρεῶν
3330 978 3503 1034 αὐτῶν
3559 976 3725 1034 ἅπτε-

2086 1067 2204 1120 σθαι
2269 1062 2591 1138 μέλλοντας.
2655 1064 2975 1138 Ἀπείρηται
3063 1061 3120 1118 δὲ
3201 1066 3289 1120 καὶ
3376 1065 3725 1140 θηριάλωτον

2084 1153 2275 1209 ἐσθίειν
2322 1154 2356 1223 ἢ
2406 1153 2682 1223 νεθνηκὸς,
2730 1148 2808 1206 ἔτι
2854 1150 2910 1206 δὲ
2957 1152 3045 1206 καὶ
3108 1150 3195 1206 διὰ
3243 1156 3342 1223 τήν
3395 1151 3585 1228 λίχνον
3627 1175 3727 1230 γα-

2085 1245 2264 1318 στέρα,
2323 1246 2462 1315 αἷμα
2513 1240 2844 1312 οῖουδήποτε
2930 1243 3094 1310 ζώου,
3158 1243 3321 1317 τέχνῃ
3400 1244 3504 1297 τινὶ
3558 1266 3723 1299 κατα-

2083 1335 2355 1401 σκευάζειν
2390 1328 2679 1404 ἐδώδιμον.
2720 1330 2780 1385 Εἴ
2829 1330 2933 1404 γάρ
2975 1331 3063 1385 καὶ
3116 1333 3248 1404 μετὰ
3295 1332 3385 1386 τὸν
3443 1332 3727 1387 κατακλυ-

2083 1421 2221 1495 σμὸν
2248 1422 2276 1475 ὁ
2309 1421 2436 1482 Θεὸς
2473 1425 2589 1482 τοῖς
2639 1420 2948 1494 ἀνθρώποις
3004 1420 3260 1496 ἐπέτρεψε
3307 1426 3414 1477 τῶν
3461 1420 3720 1501 λαχάνων

2082 1510 2189 1586 οὐχ
2245 1512 2408 1579 ἧττον
2454 1508 2522 1564 τά
2576 1506 2754 1584 ἄλογα
2801 1513 2911 1563 τῶν
2972 1510 3126 1578 ζώων
3164 1512 3436 1565 ποιεῖσθαι
3491 1514 3724 1588 στροφὴν,

2080 1598 2229 1654 ἀλλά
2274 1598 2405 1673 κρὲα
2457 1598 2509 1652 ἐν
2568 1595 2757 1670 αἵματι
2808 1601 2995 1673 ψυχῆς
3043 1596 3235 1653 ἐσθίειν
3280 1598 3540 1675 ἀπείρηκε
3581 1619 3597 1632 ο
3659 1601 3724 1655 τὸ

2081 1688 2186 1762 γὰρ
2234 1689 2376 1761 αἷμα
2424 1688 2611 1762 ψυχῆς
2659 1685 2711 1741 ἐν
2748 1692 2867 1760 γοῖς
2923 1687 3150 1762 ἀλόγοις
3217 1686 3403 1763 ἐπέχει
3469 1686 3718 1763 δύναμιν.

2084 1778 2180 1831 Διά
2218 1782 2380 1832 τοῦτο
2428 1777 2517 1831 καὶ
2563 1778 2614 1832 οἱ
2661 1774 2962 1831 ἀπόστολοι
3012 1774 3066 1831 ἐν
3103 1782 3224 1839 ταῖς
3285 1779 3531 1852 Πραξεσι,
3584 1779 3721 1852 μετά

2077 1871 2175 1921 τοῦ
2206 1864 2570 1922 εἰδωλοθῦτου
2622 1866 2710 1920 καὶ
2750 1872 2849 1935 τῆς
2891 1865 3165 1940 πορνείας,
3199 1870 3288 1921 καί
3318 1867 3424 1922 ἀπὸ
3453 1872 3549 1922 τοῦ
3599 1889 3721 1923 πνιο

2078 1959 2209 2011 κτοῦ
2238 1953 2745 2034 παραφυλάττεσθαι
2776 1956 3233 2028 νενομοθετήκασι
3274 1955 3401 2017 τοὺς
3445 1958 3672 2019 πιστούς
3708 1978 3722 1990 ·

2078 2049 2196 2107 τοῖς
2225 2041 2282 2097 δὲ
2311 2043 2508 2113 ταύτην
2547 2043 2670 2118 περὶ
2719 2042 3015 2116 ἐλαχίστου
3066 2041 3368 2115 τιθεμένοις
3422 2046 3522 2114 τήν
3580 2043 3725 2100 ἐντο-

2082 2132 2203 2200 λῆν,
2238 2132 2313 2193 εἰς
2339 2132 2641 2206 κληρικοὺς
2680 2132 2772 2203 μὲν
2819 2130 3063 2198 τελοῦσι,
3109 2129 3265 2201 δίκην
3315 2132 3573 2208 ἐπάγουσι
3620 2135 3722 2202 τὴν

2080 2221 2411 2294 καθαίρεσιν,
2444 2220 2747 2299 άφορισμὸν
2791 2218 2847 2273 δὲ
2895 2225 3015 2281 τοῖς
3059 2224 3156 2274 τοῦ
3205 2220 3360 2277 λαοῦ.
3391 2220 3457 2276 Ο²ί
3489 2243 3553 2299 γε
3612 2225 3725 2295 μὴν

2080 2316 2326 2378 Λατῖνοι,
2395 2310 2483 2366 καὶ
2557 2315 2664 2365 τῶν
2743 2310 2901 2384 ίερῶν
2954 2310 3161 2365 τούτων
3221 2309 3721 2387 κατολιγωροῦντες

2079 2401 2339 2470 κανόνων,
2374 2396 2542 2462 ἀδεῶς
2570 2398 2805 2454 ἐσθίουσι
2837 2400 2903 2455 τά
2934 2400 3150 2455 πνικτά.

2798 2509 3047 2581 Νόμος.

2151 2620 2211 2674 Ἥ
2247 2616 2303 2673 δὲ
2329 2619 2411 2687 νη¹
2447 2616 2609 2691 νεαρὰ
2648 2620 2746 2670 τοῦ
2796 2616 3066 2688 βασιλέως
3117 2618 3344 2679 Λέοντος
3403 2614 3722 2692 διορίζεται,

2077 2708 2204 2771 τοὺς
2229 2709 2322 2783 μὲν
2352 2708 2670 2768 πωλοῦντας
2719 2706 2753 2776 ἢ
2801 2705 3072 2766 ἐσθίοντας
3125 2704 3270 2769 εἶδος
3326 2705 3720 2779 οἱονδηποτοῦν

2084 2799 2311 2872 μετέχον
2359 2796 2609 2870 α’ίματος,
2654 2796 3033 2869 αἰκιζομένους
3096 2794 3446 2869 δημεύεσθαι,
3493 2798 3586 2852 καὶ
3631 2796 3725 2854 διὰ

2076 2892 2175 2957 τῆς
2208 2887 2261 2943 ἐν
2313 2892 2435 2962 χρῷ
2487 2887 2683 2960 κουράς
2725 2885 3076 2958 ἀτιμοῦσθαι,
3122 2886 3212 2940 καὶ
3259 2886 3513 2963 ἀειφυγίᾳ
3560 2909 3728 2944 κατα-

2077 2980 2350 3052 κρίνεσθαι
2380 2996 2392 3008 ·
2454 2975 2579 3037 τοὺς
2640 2974 2697 3029 δὲ
2756 2976 2833 3048 μὴ
2890 2974 2956 3029 τὰ
3001 2978 3223 3029 τοιαῦτα
3259 2974 3600 3039 ἐκδικοῦντας
3630 2976 3728 3051 ἄρ-

2080 3087 2278 3143 χοντας
2310 3062 2437 3121 δέκα
2468 3064 2655 3139 λίτρας
2689 3066 3014 3137 ζημιοῦσθαι
3046 3066 3303 3139 χρυσίου.

2455 3262 2716 3317 ΚΕΦΔΛ.
2747 3260 2843 3314 ῐΔ’.
2880 3257 3028 3332 Περὶ
3052 3263 3325 3318 ποινῶν.

2158 3370 2315 3439 Ζήτει
2337 3365 2389 3422 ἐν
2418 3371 2499 3439 τῷ
2534 3367 2600 3441 ιβ’
2646 3363 2927 3441 κεφαλαίῳ
2956 3368 3051 3420 τοῦ
3080 3372 3119 3421 Σ
3157 3366 3432 3442 στοιχείου
3460 3370 3655 3423 κανόνα
3686 3371 3727 3424 ε’

2085 3463 2187 3526 τῆς
2218 3455 2268 3512 ἐν
2298 3456 2609 3533 Ἀντιοχείᾳ
2638 3451 2887 3509 συνόδου.

2796 3542 3042 3618 Νόμου

2156 3652 2428 3727 Οὒδεμίαν
2459 3658 2687 3727 γυναῖκα
2736 3651 2869 3726 ὑπὲρ
2912 3660 3266 3726 χρηματικῆς
3323 3652 3496 3716 αἰτίας
3554 3652 3730 3728 δημο-

2087 3742 2205 3805 σίας
2254 3744 2289 3813 ἧ
2340 3739 2643 3810 ἰδιωτικῆς,
2675 3740 2709 3810 ἢ
2745 3740 2877 3816 ὑπὲρ
2918 3740 3267 3816 ἐγκλήματος
3307 3742 3653 3814 οἱουδήποτε,
3689 3745 3728 3815 ἢ

2085 3833 2159 3895 εἷς
2207 3832 2443 3905 φρουράν
2498 3828 2795 3903 βάλλεσθαι
2843 3835 3261 3905 συγχωροῦμεν,
3302 3835 3338 3903 ἢ
3384 3830 3456 3887 δι’
3511 3830 3729 3907 ἀνδρῶν

2085 3920 2464 3995 φυλάττεσθαι,
2494 3917 2589 3973 ’ἱνα
2623 3920 2700 3992 μὴ
2734 3916 2823 3973 διὰ
2865 3923 2975 3973 τῶν
3021 3919 3285 3974 τοιούτων
3336 3923 3597 4001 ἀφορμῶν
3628 3922 3728 3977 εὖ-

2085 4013 2278 4083 ρεθῶσι
2321 4010 2443 4084 περὶ
2485 4010 2584 4078 τὴν
2635 4008 2991 4085 σωφροσύνην
3055 4008 3471 4083 ἀτιμαζόμεναι.
3538 4013 3596 4067 Εἰ
3667 4012 3729 4069 δὲ

2088 4097 2382 4173 βαρύτατον
2423 4096 2508 4167 εἴη
2549 4096 2611 4151 τὸ
2660 4092 2932 4170 ἔγκλημα,
2983 4095 3064 4174 ἐφ’
3094 4098 3139 4169 ᾧ
3184 4105 3598 4173 κατηγορεῖται,
3649 4101 3729 4164 εἰς

2086 4188 2447 4261 μοναστήριον
2517 4180 2899 4258 ἐμϐαλλέσθω,
2957 4185 2991 4254 ἢ
3063 4187 3267 4261 γυναιξί
3317 4185 3729 4262 παραδιδόσθω,

2082 4276 2222 4333 ὥστε
2264 4274 2520 4353 ἂσφαλῶς
2575 4276 2879 4352 τηρεῖσθαι,
2908 4264 3015 4337 ἓως
3050 4275 3112 4331 οῦ
3161 4278 3223 4332 τὸ
3280 4282 3507 4354 πρᾶγμα
3562 4300 3733 4358 φανε..

2084 4369 2257 4442 ρωθῇ.

2154 4457 2277 4513 Ἐάν
2316 4453 2561 4531 ἐπαγάγῃ
2595 4455 2624 4509 ὁ
2669 4454 2924 4529 βασιλεὺς
2966 4454 3236 4530 τιμωρίαν
3274 4455 3400 4526 τινῖ,
3435 4458 3513 4531 μή
3556 4456 3731 4514 κολα-

2083 4547 2254 4615 ζὲσθω
2303 4550 2644 4620 παραχρῆμα
2701 4546 2729 4598 ὁ
2783 4540 3215 4617 καταδικασθεὶς,
3284 4544 3415 4600 ἀλλ’
3498 4547 3731 4621 ὑπερτι-

2000 4645 2048 4711 D
2080 4635 2252 4690 θὲσθω
2282 4632 2330 4689 λ’
2360 4635 2567 4708 ἡμέρας
2611 4635 2645 4702 ἡ
2693 4635 2809 4689 κατ’
2858 4634 3025 4689 αὐτοῦ
3080 4636 3324 4710 τιμωρία
3357 4655 3371 4668 ·
3422 4636 3554 4698 ἴσως
3614 4639 3723 4713 γὰρ

2080 4725 2318 4794 τεύξεται
2345 4722 2776 4801 φιλανθρωπίας.

2150 4813 2284 4875 Τοὺς
2335 4810 2504 4885 μηδὲν
2555 4811 2947 4886 ἡμαρτηκότας
2986 4811 3181 4874 παῖδας
3224 4812 3291 4867 τά
3353 4817 3460 4868 τῶν
3520 4817 3730 4870 παντέ-

2085 4924 2194 4978 ρων
2246 4902 2612 4977 άμαρτῄματα
2657 4902 2719 4956 οὐ
2764 4897 3160 4973 καταϐλάπτει,
3214 4900 3338 4957 οὐδὲ
3393 4905 3519 4965 τοὺς
3565 4905 3733 4960 πατέ-

2087 5012 2178 5068 ρας
2209 4994 2274 5047 τά
2303 4996 2409 5046 τῶν
2436 4991 2633 5046 τέκνων
2669 5009 2684 5025 ο
2717 4992 2783 5046 τά
2828 4991 2931 5067 γὰρ
2982 4992 3347 5066 ἁμαρτήματα
3393 4996 3462 5067 τῇ
3507 4998 3726 5069 κεφαλῇ

2082 5080 2322 5140 ἕπονται.

2156 5171 2510 5246 Ἀπαγορεύει
2558 5173 2593 5241 ἡ
2662 5169 2896 5244 διάταξις
2944 5170 3251 5251 ἀμφοτέρας
3304 5173 3589 5245 τέμνεσθαι
3630 5174 3733 5229 τά>

2089 5266 2301 5337 χεῖρας,
2333 5259 2367 5330 ἢ
2400 5259 2528 5321 τοὺς
2559 5258 2752 5323 πόδας.

2161 5351 2331 5418 Ποινή
2394 5348 2669 5422 μετάλλου
2753 5350 2863 5404 ἐστὶ
2919 5350 2981 5404 τὸ
3071 5347 3527 5420 καταδικασθῆναί
3606 5370 3734 5408 τινα

2089 5436 2343 5495 ἄσϐεστον
2377 5444 2571 5509 ποιεῖν,
2603 5441 2636 5509 ἢ
2670 5442 2812 5494 θεῖον
2844 5439 3113 5514 ἀρόττειν.

2161 5531 2320 5599 Ζήτει
2350 5528 2436 5582 καὶ
2470 5527 2520 5582 ἐν
2549 5534 2628 5601 τῷ
2667 5532 2709 5583 θ’
2747 5528 3027 5609 κεφαλαίῳ
3057 5534 3154 5584 τοῦ
3203 5535 3252 5587 Μ
3302 5529 3603 5607 στοιχείου.
3636 5534 3737 5586 καὶ

2093 5620 2146 5676 ἐν
2175 5623 2256 5690 τῷ
2285 5619 2325 5672 θ’
2359 5638 2482 5695 κεφ,
2518 5622 2614 5673 τοῦ
2645 5627 2682 5674 Δ
2714 5619 2988 5696 στοιχείου
3020 5618 3217 5674 κανόνα
3263 5622 3305 5672 ν’
3335 5626 3435 5689 τῆς
3474 5618 3527 5675 ἐν
3579 5625 3740 5697 Καρ-

2092 5709 2286 5787 θαγὲνγδ
2310 5705 2558 5767 συνόδου.
