4060 6228
278 376 368 437 113

329 598 450 662 Ζήτει
492 591 540 647 ἐν
582 596 661 665 τῷ
715 592 798 650 ιδ’.
830 613 951 671 κεφ.
994 595 1091 647 τοῦ
1131 599 1185 650 Μ
1232 594 1510 669 στοιχείου
1556 594 1757 650 κανόνα
1804 592 1850 650 δ’

277 688 351 739 τοῦ
399 680 611 757 μεγάλου
671 680 978 757 Γρηγορίου
1037 682 1276 753 Νύασης,
1328 681 1475 746 ὅστις
1533 684 1623 739 καὶ
1680 685 1758 749 εἰς
1804 687 1850 739 θ’

282 769 457 849 vim:
477 769 591 832 τοὺς
619 772 858 846 πόρνους
890 770 1243 845 ἐπιτιμᾶσθαι
1273 770 1505 829 κελεύει.

336 863 383 918 '0
411 859 450 915 δὲ
484 861 639 934 μέγας
701 858 1010 929 Βασίλειος,
1042 859 1093 914 ἐν
1139 864 1217 932 τῷ
1254 863 1325 915 νθ⁹
1353 862 1561 931 κανόνι,
1590 864 1681 917 τὸν
1715 864 1853 940 πόρ-

284 972 352 1005 νον
393 950 548 1023 μέχρις
602 947 889 1010 ἑπταετίας
951 955 1053 1019 τῆς
1106 951 1396 1012 κοινωνίας
1473 950 1737 1028 ἀπείργει.
1784 952 1851 1010 Ei“

290 1041 363 1114 γὰρ
383 1038 445 1092 καὶ
470 1037 514 1092 ἐν
541 1041 619 1110 τῷ
652 1033 740 1092 κδ’
772 1036 981 1109 κανόνι,
1008 1039 1066 1093 ’ὸν
1094 1039 1184 1093 καί
1217 1042 1368 1109 ζήτει
1417 1037 1470 1094 ἐν
1514 1044 1594 1112 τῷ
1627 1043 1691 1116 ιγ’
1730 1063 1849 1118 κεφ.

285 1132 352 1182 τοῦ
379 1133 411 1184 Α
448 1126 738 1202 στοιχείου,
781 1128 916 1201 μετὰ
965 1128 1269 1202 τετραετίαν
1321 1125 1471 1184 δοκεῖ
1535 1128 1689 1185 λύειν
1736 1137 1854 1194 τοῖς

286 1217 483 1277 τοιούτοις
522 1217 583 1271 τὸ
630 1216 932 1291 ἐπιτίμιον,
973 1215 1099 1273 ἀλλ’
1146 1217 1274 1292 οὐχὶ
1325 1218 1554 1293 γνώμην
1627 1220 1851 1290 οἰκείαν,

277 1307 347 1374 τήν
382 1302 426 1359 δὲ
470 1309 568 1360 τῶν
618 1305 728 1380 πρὸ
780 1306 945 1360 αὐτοῦ
994 1305 1246 1379 Πατὲρων
1296 1307 1610 1384 εἰσήνεγκε’
1641 1311 1743 1380 τήν
1792 1332 1856 1384 γε

276 1395 355 1465 μὴν
398 1394 657 1449 ἑπταετίαν
718 1393 790 1469 τῇ
868 1392 983 1466 ἰδίᾳ
1049 1395 1221 1470 κρίσει
1276 1395 1482 1451 τούτων
1549 1400 1853 1478 κατεψηφί-

264 1504 379 1552 σατο,
407 1482 690 1559 βαρύτερον
741 1483 777 1553 ἢ
835 1485 888 1539 οἱ
937 1485 1043 1558 πρὸ
1090 1484 1256 1540 αὐτοῦ
1300 1487 1401 1555 τήν
1460 1486 1709 1562 πορνείαν
1757 1510 1853 1544 κο-

260 1573 422 1642 λὶζων,
472 1571 648 1648 ὥσπερ
728 1572 835 1647 ἆρα
914 1574 1003 1629 καὶ
1086 1570 1244 1650 ἕτερα
1319 1579 1429 1631 τῶν
1512 1579 1698 1633 παθῶν
1756 1578 1853 1634 οὐκ

258 1664 406 1741 ὀλίγα.

313 1756 418 1827 Περὶ
446 1751 499 1810 δὲ
524 1758 622 1810 τοῖ’)
650 1753 865 1831 γυναικὶ
898 1756 1278 1818 συνοικοῦντος
1309 1757 1538 1830 νομίμῳ
1566 1757 1658 1813 καὶ
1706 1778 1853 1832 παρ-

1232 372 1661 435 SYNTAGMA
1714 373 2348 437 ALPHABETICUM.
2394 409 2471 419 —
2512 382 2583 433 Π.

538 508 781 559 ΚΕΦΑΛ.
828 508 915 559 lE.
961 502 1116 575 Περὶ
1154 506 1493 578 πορνείας.
1868 508 1924 576 Α

3495 371 3606 436 114

2274 506 2434 564 222
2465 505 2619 563 CAP.
2654 505 2768 562 XV.
2800 510 2882 562 De
2909 508 3289 577 fornicatione.

2032 598 2231 663 Quaere
2259 596 2319 651 in
2354 597 2419 651 14
2448 612 2575 667 cap.
2610 595 2729 652 litt.
2761 598 2813 651 Μ
2844 611 3122 652 canonem
3168 597 3200 651 4
3234 596 3429 669 magni
3460 595 3609 652 Gre-

1960 687 2103 759 gorii
2130 688 2400 759 Nysseni,
2434 689 2532 759 qui
2563 687 2623 743 in
2680 688 3033 744 novennium
3084 688 3463 745 fornicatores
3507 705 3611 744 ca—

1962 778 2165 850 stigari
2190 778 2377 849 jubet.

2033 868 2281 940 Magnus
2312 871 2507 923 autem
2531 866 2804 934 Basilius,
2838 867 2896 922 in
2929 883 3147 923 canone
3202 884 3376 935 nono,
3428 867 3612 923 forni-

1962 962 2219 1013 catorem
2244 973 2344 1028 per
2365 956 2737 1027 septennium
2758 956 3167 1012 communione
3187 955 3614 1027 privat.Quam-

1961 1046 2047 1102 vis
2078 1049 2233 1103 enim
2267 1063 2488 1102 canone
2515 1049 2590 1101 22
2616 1047 2811 1119 (quem
2847 1047 3057 1103 videsis
3087 1047 3146 1102 in
3176 1048 3364 1119 capite
3397 1048 3463 1102 l3
3491 1048 3608 1102 litt.

1960 1137 2049 1208 A)
2096 1136 2363 1193 videatur
2440 1141 2572 1206 post
2653 1136 3099 1208 quadriennium
3188 1136 3341 1193 hisce
3421 1127 3653 1192 corrc?

1962 1225 2214 1281 ctionem
2237 1224 2477 1294 solvere,
2493 1242 2606 1281 non
2621 1229 2817 1280 tamen
2839 1224 2919 1281 ibi
2933 1226 3225 1296 propriam
3241 1227 3611 1291 sententiam,

1963 1312 2064 1369 sed
2094 1314 2338 1368 Patrum
2376 1314 2822 1384 praecedentium
2857 1313 3077 1369 attulit.
3108 1314 3190 1368 Ex
3237 1312 3471 1385 propria.
3501 1330 3611 1369 au-

1960 1408 2078 1458 tem
2105 1403 2396 1459 sententia
2433 1419 2535 1458 eos
2588 1404 2650 1458 in
2698 1401 3065 1474 seplennium
3115 1402 3431 1468 damnavit,
3478 1419 3612 1475 gra-

1960 1491 2205 1562 viusque
2226 1491 2370 1547 adeo
2401 1507 2580 1563 quam
2609 1491 2709 1561 qui
2732 1496 3151 1563 precesserunt
3170 1491 3612 1548 fornicationem

1962 1579 2205 1653 punivit,
2237 1579 2410 1637 sicuti
2440 1585 2498 1637 et
2526 1578 2800 1652 pleraque
2830 1579 2945 1637 alia
2975 1580 3130 1636 vitia.

2031 1760 2164 1817 Jam
2197 1776 2327 1816 vero
2360 1760 2429 1815 de
2459 1775 2526 1815 e0
2550 1757 2651 1831 qui
2681 1758 2943 1830 legitima
2972 1773 3107 1814 cum
3140 1772 3316 1815 uxore
3363 1772 3473 1813 sua
3518 1773 3618 1814 co-

254 1844 458 1905 νεῦοντος
502 1846 652 1915 ζήτει
706 1841 758 1899 ἓν
809 1847 889 1916 τῷ
943 1844 1008 1907 ις’
1037 1843 1316 1924 κεφαλαίῳ
1357 1849 1455 1901 τοῦ
1506 1852 1540 1900 Γ
1581 1846 1857 1923 στοιχείου

1995 1849 2209 1915 rebitet,
2243 1848 2512 1921 quamvis
2560 1847 2899 1912 fornicatur,
2930 1846 3060 1901 vide
3088 1846 3148 1901 in
3180 1845 3374 1918 capite
3406 1846 3472 1900 l6
3500 1845 3614 1904 litt.

249 1934 414 1987 κανόνα
439 1935 530 1988 τοῦ
563 1933 813 2008 μεγάλου
849 1931 1133 1989 Βασιλείου
1167 1943 1267 1992 γ.α’.

308 2021 418 2095 Περὶ
466 2021 521 2078 δὲ
573 2027 673 2078 τοῦ
736 2027 967 2099 γυναῖκα
1038 2022 1300 2098 παρθένον
1375 2023 1688 2102 φθείραντος
1768 2027 1861 2102 βίᾳ

246 2112 368 2180 ζήτει
401 2112 460 2166 τὸ
490 2111 537 2168 λ’
562 2132 684 2188 κεφ.
715 2116 814 2168 τοῦ
852 2118 888 2167 Γ
924 2112 1223 2187 στοιχείου.

297 2201 353 2257 '0
401 2199 455 2256 δὲ
526 2202 693 2279 μέγας
771 2201 1061 2264 Βασίλειος
1137 2202 1188 2257 ἐν
1254 2210 1328 2258 κε’
1384 2202 1593 2275 κανόνι,
1652 2206 1711 2259 Ὀ
1760 2207 1859 2274 τήν

238 2289 576 2361 ἆμνήστευτον
629 2291 855 2368 φθείρας
900 2290 1186 2366 παρθένον,
1239 2293 1394 2370 φησὶ,
1434 2294 1523 2348 καὶ
1575 2294 1710 2367 μετᾶ
1758 2297 1857 2364 τήν

239 2380 412 2453 φθορὰν
459 2383 548 2435 οἷα
592 2379 814 2454 συζῦγῳ
873 2380 1189 2458 χρώμενος,
1210 2381 1273 2436 τὸ
1325 2383 1419 2454 μὲν
1460 2380 1549 2437 ἐπὶ
1579 2388 1647 2458 τῇ
1688 2384 1863 2463 φθορᾷ

235 2465 485 2540 ἐπιτίμιον
559 2469 949 2539 ὑποστήσεται.
996 2471 1101 2539 Τήν
1167 2468 1226 2526 δὲ
1287 2477 1534 2544 γυναῖκα,
1582 2475 1680 2542 τὴν
1745 2482 1859 2545 μετ’

238 2555 382 2612 αξιτοῦ
456 2554 764 2632 συμϐίωσιν
832 2559 1182 2633 αἱρουμένην,
1245 2559 1342 2615 οὐκ
1413 2561 1858 2637 ἀφαιρεθήσεται,

237 2646 284 2701 εἷ’
320 2668 369 2723 γε
416 2650 502 2703 καὶ
555 2650 610 2704 οἱ
656 2653 834 2723 γονεῖς
879 2655 981 2717 τῆς
1011 2647 1180 2723 κόρης
1220 2647 1434 2721 δηλαδή
1469 2649 1859 2727 καταδέχοιντο

237 2732 303 2790 ἔτι
330 2734 490 2807 οὔσης
541 2738 885 2808 ὑπεξουσίου.
921 2738 1172 2793 Ἐκείνων
1216 2740 1318 2813 γὰρ
1374 2741 1450 2811 μὴ
1490 2740 1859 2815 ἀνεχομένων,

240 2824 494 2900 ὀφθείρας
552 2826 691 2883 κατᾶ
735 2828 864 2891 τοὺς
918 2825 1239 2890 πολιτικοὺς
1287 2829 1490 2902 νόμους
1531 2834 1862 2907 τιμωρηθή-

237 2934 386 2984 σεται,
418 2914 510 2978 οὖς
567 2917 659 2970 καί
719 2917 867 2987 ζήτει
925 2918 1060 2973 κατὰ
1113 2916 1176 2972 τὸ
1229 2917 1391 2991 ῥηθὲν
1450 2918 1499 2975 λ’
1553 2925 1793 2994 κεφ.τοῢ
1826 2927 1863 2976 Γ

236 3001 513 3080 στοιχείου.

291 3093 406 3146 Ἐπὶ
454 3092 697 3167 τριετίαν
745 3089 801 3147 δὲ
838 3093 930 3148 καὶ
969 3093 997 3149 ὁ
1048 3095 1269 3172 φθείρας
1317 3094 1654 3171 ἐπιτιμᾶται,
1694 3098 1783 3154 καὶ
1828 3100 1861 3168 ἡ

1966 1945 2005 1995 Γ
2036 1955 2320 1996 canonem
2355 1936 2551 2011 magni
2583 1935 2779 1992 Basilii
2812 1951 3054 1991 numero
3082 1936 3174 1990 21.

2040 2030 2119 2085 De
2150 2043 2217 2083 eo
2248 2027 2348 2099 qui
2382 2025 2664 2099 virginem
2696 2041 2799 2098 per
2831 2024 2947 2080 vim
2992 2024 3343 2096 stupraverit
3378 2023 3618 2081 consule

1968 2133 2095 2189 cap.
2129 2116 2341 2173 301m.
2372 2118 2429 2170 Γ.

2039 2206 2190 2263 Tum
2242 2222 2369 2261 vero
2419 2220 2666 2277 magnus
2714 2202 2970 2259 Basilius
3004 2204 3065 2257 in
3111 2218 3334 2258 canone
3373 2203 3468 2269 25,
3508 2203 3619 2269 Qui

1968 2296 2254 2368 virginem
2311 2295 2571 2351 nondum
2650 2293 3087 2364 desponsatam,
3156 2291 3365 2364 inquit,
3419 2286 3649 2349 corrui

1968 2386 2137 2456 perit,
2170 2399 2350 2455 eaque
2381 2387 2512 2455 post
2539 2389 2810 2450 stuprum
2840 2386 3119 2452 tanquam
3177 2383 3425 2452 conjuge
3475 2397 3615 2437 usus

1972 2474 2166 2542 fuerit,
2221 2469 2713 2543 constuprationis
2799 2486 2999 2540 pcenas
3056 2468 3239 2527 dabit.
3310 2469 3615 2537 Feminam.

1970 2580 2121 2631 vero,
2154 2562 2204 2619 si
2225 2577 2354 2617 cum
2385 2559 2486 2617 illo
2521 2577 2633 2616 una
2662 2559 2851 2616 vivere
2879 2559 3036 2627 velit,
3084 2576 3199 2615 non
3260 2558 3608 2630 repudiabit,

1968 2652 2247 2709 nimirum
2283 2650 2601 2707 dummodo
2641 2653 2904 2722 parentes
2962 2649 3188 2721 puellae,
3248 2665 3371 2721 quas
3419 2648 3612 2705 adhuc

1969 2743 2079 2798 sub
2112 2745 2395 2814 potestate
2424 2740 2655 2796 illorum
2688 2739 2786 2809 sit,
2817 2740 2874 2794 id
2897 2739 3022 2794 fieri
3047 2738 3433 2810 permiserint.
3466 2744 3609 2794 Nam

1971 2831 2021 2888 si
2040 2831 2125 2887 illi
2147 2828 2560 2895 recusaverint,
2578 2832 2872 2901 stuprator
2893 2829 3212 2885 secundum
3236 2829 3393 2901 leges
3414 2828 3612 2885 civiles

1971 2920 2272 2993 punietur:
2322 2918 2474 2989 quod
2520 2917 2709 2975 disces
2774 2917 2950 2974 etiam
3014 2933 3081 2974 ex
3138 2917 3289 2975 dicto
3350 2934 3477 2989 cap.
3541 2916 3612 2974 30

1972 3010 2083 3065 litt.
2118 3012 2176 3062 Γ.

2041 3098 2275 3154 Pcenam
2334 3100 2529 3153 autem
2586 3096 2932 3152 triennalem
2992 3096 3102 3153 luit
3152 3104 3268 3153 tam
3324 3100 3617 3169 stuprator

235 3183 498 3258 φθαρεῖσα,
563 3181 703 3238 κατὰ
777 3180 907 3247 τοὺς
966 3183 1234 3256 κειμένοις
1297 3188 1396 3240 τοῦ
1455 3186 1612 3260 ἁγίου
1667 3188 1862 3243 τούτου

1995 3203 2153 3260 [nam
2186 3190 2473 3259 stuprata,
2499 3187 2668 3257 juxta
2691 3201 2945 3242 canones
2986 3185 3160 3258 hujus
3209 3185 3396 3243 sancti
3428 3186 3619 3242 Patris

233 3273 439 3335 κανόνας
488 3271 543 3328 ἐν
592 3276 675 3344 τῷ
718 3277 769 3342 η’
797 3293 918 3349 κεφ.
949 3276 1045 3327 τοῦ
1086 3280 1125 3328 Γ
1172 3274 1471 3349 στοιχείου.
1515 3275 1863 3340 Ἀκολούθως

238 3361 287 3417 δὲ
329 3366 415 3418 καὶ
469 3365 638 3426 οὗτος
683 3368 764 3436 τῷ
809 3363 1162 3437 ἀποστολικῷ
1202 3366 1244 3435 ζ’
1273 3365 1479 3437 κανόνι,
1513 3368 1572 3422 ’ὀν
1599 3368 1688 3423 καὶ
1722 3370 1872 3439 ζήτει

236 3449 280 3507 ἐν
328 3457 403 3526 τῷ
452 3452 608 3526 αὗτῷ
656 3451 707 3508 λ’
740 3472 860 3532 κεφ.
892 3454 988 3507 τοῦ
1018 3461 1040 3509 Ι
1072 3453 1373 3530 στοιχείου,
1402 3456 1495 3513 τὸν
1542 3459 1641 3527 τὴν
1673 3456 1873 3533 παρθέ-

240 3562 318 3595 νον
373 3543 672 3617 φθείραντα
728 3541 983 3616 νομίμως
1038 3544 1209 3617 ταύτῃ
1273 3545 1627 3602 συνάπτεσθαι
1700 3544 1875 3622 διορί-

240 3636 407 3700 ζεται⁸
466 3629 605 3692 ἴσως
665 3631 769 3706 γὰρ
830 3629 872 3685 εἴ
937 3632 1014 3703 μὴ
1069 3631 1250 3706 τούτῳ
1308 3636 1622 3710 συναφθείη,
1683 3638 1877 3709 ἄτιμος

239 3719 740 3798 περιλειφθήσεται,
799 3717 1013 3785 οὐδενὸς
1066 3722 1265 3793 ταύτην
1337 3723 1667 3799 αἱρουμένου
1741 3727 1877 3802 πρὸς

243 3811 406 3885 γάμον
443 3806 667 3866 λαϐεῖν.

307 3902 391 3955 Ἐν
437 3900 497 3956 δὲ
528 3906 614 3955 τῶ
646 3900 749 3968 κέ,
778 3902 843 3955 Ἡ
891 3900 1112 3975 πορνεία
1152 3901 1328 3978 γάμος
1378 3902 1478 3958 οὐκ
1523 3898 1658 3971 ἔστι,
1699 3905 1882 3981 φησὶν,

246 3989 358 4045 ἀλλ’
387 3988 518 4046 οὐδὲ
550 3992 738 4066 γάμου
769 3994 919 4068 ἀρχή
947 4014 957 4025 ·
990 3991 1035 4046 εί
1068 3991 1164 4064 μὲν
1195 3989 1288 4046 οὖν
1333 3990 1454 4045 οἷόν
1496 4013 1553 4046 τε
1593 3992 1719 4055 τοὺς
1749 3994 1886 4049 κατᾶ

247 4081 485 4154 πορνείαν
561 4079 1003 4153 συναιττομὲνους
1066 4080 1414 4155 χωρίζεσθαι,
1464 4084 1624 4135 τοῦτο
1699 4081 1883 4151 κράτι-

248 4189 400 4223 στονο
450 4172 659 4244 σαθρὸς
707 4170 812 4246 γὰρ
859 4171 933 4230 ὡς
977 4167 1210 4241 ἄθεσμος
1250 4170 1278 4223 ὁ
1332 4172 1429 4223 τοῦ
1483 4170 1742 4226 τοιοὸτου
1788 4173 1888 4246 γαν

247 4282 343 4331 μου
390 4260 683 4333 θεμέλιος.
720 4260 779 4314 Εἰ
840 4259 895 4314 δὲ
952 4259 1294 4334 πτέργουσιν
1349 4260 1408 4314 ἐκ
1457 4263 1655 4323 παντὸς
1683 4264 1889 4331 τρόπου

248 4350 326 4402 καὶ
374 4347 549 4426 ἄμφω
594 4349 660 4403 τὸ
711 4348 1068 4417 συνοικὲσιον,
1094 4349 1157 4403 τὸ
1211 4350 1304 4420 μὲν
1342 4357 1443 4418 τῆς
1489 4349 1741 4425 πορνείας
1783 4350 1893 4403 ἐπι-

242 4437 417 4511 τίμιον
473 4437 912 4515 γνωριζέτωσαν,
959 4437 1296 4515 ἆφιὲσθωσαν
1356 4435 1413 4493 δὲ
1470 4444 1758 4507 συνοικεῖ),
1802 4436 1893 4491 ’ἱνα

251 4533 317 4598 μή
377 4528 576 4603 χεῖρόν
636 4547 690 4582 τι
744 4528 984 4601 γένηται.
1017 4529 1087 4584 Ἠ
1145 4529 1248 4601 γὰρ
1305 4527 1474 4602 ἑτέρῳ
1514 4532 1797 4600 συζυγεῖσα
1856 4528 1890 4595 ἡ

248 4620 395 4692 γυνή,
424 4618 507 4680 εἷς
551 4617 813 4691 μοιχείαν
847 4615 1314 4688 ἐκκυλισθήσεται,
1347 4622 1424 4689 τῷ
1471 4618 1672 4692 πρώτῳ
1722 4616 1896 4689 λάθρα

251 4707 737 4783 συμφθειρομένη’
797 4704 832 4773 ἤ
891 4706 1200 4782 στέργοντες
1268 4705 1554 4778 ἀλλήλους
1632 4703 1890 4774 διακαῶς,

248 4797 326 4850 ι.αέ
367 4802 619 4852 συνεῖναι
666 4794 1034 4869 κωλυόμενοι,
1067 4794 1288 4859 ἑαυτοὺς
1334 4794 1785 4874 διαχειρίσονται,
1816 4800 1895 4867 τῷ

250 4891 353 4940 κατ’
413 4884 597 4961 ἄκρας
659 4884 867 4939 ἁλῶναι
933 4889 1011 4957 τῷ
1087 4883 1272 4960 ἔρωτι,
1320 4887 1421 4954 τήν
1480 4886 1570 4941 ἀπ’
1626 4883 1893 4956 ἀλλήλων

250 4975 319 5045 μὴ
377 4972 697 5049 ἐνεγκόντες
770 4970 1057 5047 διάζευξιν.
1117 4976 1277 5044 Ζήτει
1349 4974 1438 5029 καὶ
1514 4975 1604 5029 τὸν
1658 4978 1713 5028 π’
1769 4971 1899 5028 τού-

250 5083 336 5117 του
418 5063 638 5120 κανόνα
700 5062 753 5118 ἐν
834 5067 913 5136 τῷ
998 5060 1043 5118 δ’
1109 5063 1388 5143 κεφαλαίῳ
1459 5068 1557 5119 τοῦ
1633 5070 1669 5118 Γ
1747 5082 1899 5118 στοι-

255 5152 416 5229 χείου.

960 5245 1206 5315 Νόμοι.

316 5336 476 5395 Ἀλλ’
528 5337 561 5391 ὁ
624 5336 792 5403 νόμος
846 5356 935 5389 τον
989 5332 1248 5407 παλλακῇ
1316 5335 1552 5409 σώφρονι
1613 5335 1901 5410 χρώμενον

254 5427 651 5501 semermem
693 5424 909 5482 κελεύει
950 5424 1151 5495 ταύτην
1201 5424 1290 5479 καὶ
1359 5424 1516 5497 νόμῳ
1576 5425 1757 5496 γάμου
1804 5422 1902 5477 λα·

256 5511 360 5570 ὗεῖν
387 5537 400 5548 ο
432 5521 543 5587 τήν
581 5512 640 5571 δὲ
668 5516 756 5571 καὶ
793 5514 998 5589 ἑτέροις
1049 5515 1400 5590 μιγνυμένην,
1432 5514 1519 5569 καὶ
1571 5516 1645 5587 μὴ
1704 5516 1784 5583 τῷ
1828 5511 1904 5566 ἑνὶ

253 5606 607 5680 ἀρκουμὲνην
638 5606 943 5677 προσώπῳ,
978 5606 1068 5659 καὶ
1094 5612 1191 5674 τῆς
1243 5605 1420 5668 οἰκίας
1464 5610 1561 5660 τοῦ
1610 5601 1904 5677 πορνεύον-

256 5716 344 5757 τος
370 5694 722 5771 Quassatam.

1979 3279 2037 3334 in
2069 3294 2195 3349 cap.
2219 3278 2253 3331 8
2281 3276 2391 3332 litt.
2425 3280 2480 3329 Γ.
2512 3276 2579 3331 Et
2609 3276 2669 3331 in
2699 3292 2766 3331 eo
2796 3275 3030 3347 quidem
3061 3273 3329 3332 convenit
3369 3274 3620 3331 Basilius

1979 3385 2114 3424 cum
2142 3368 2176 3419 7
2199 3383 2421 3423 canone
2441 3365 2861 3438 apostolorum,
2887 3381 3061 3437 quem
3080 3364 3316 3421 consule
3340 3364 3396 3419 in
3419 3365 3620 3420 eodem

1981 3458 2051 3513 30
2107 3473 2234 3528 cap.
2268 3455 2379 3512 litt.
2431 3457 2476 3520 Ι,
2537 3455 2692 3528 quod
2758 3459 3149 3524 stupratorem
3227 3452 3463 3524 virginis
3540 3453 3621 3508 le-

1985 3547 2188 3622 gitime
2217 3563 2349 3603 cum
2381 3562 2448 3602 ea
2479 3544 2756 3616 conjungi
2815 3544 3118 3615 (tanquam
3166 3543 3471 3615 maritum)
3517 3543 3626 3598 de—

1986 3641 2205 3693 cernat.
2240 3635 2364 3693 Nisi
2398 3635 2553 3691 enim
2585 3634 2667 3690 illi
2690 3635 2895 3705 juncta
2925 3633 3113 3699 fuerit,
3138 3632 3355 3689 fortean
3385 3631 3627 3687 infamis

1989 3724 2366 3797 relinquetur,
2399 3722 2538 3795 quia
2566 3739 2739 3779 nemo
2760 3722 2917 3778 illam
2950 3722 3159 3777 ducere
3186 3718 3342 3778 velit.

2060 3905 2294 3962 Canone
2325 3907 2517 3960 autem
2549 3903 2638 3970 26,
2673 3900 3017 3970 Fornicatio,
3050 3900 3131 3956 ait
3175 3900 3293 3966 ille,
3325 3898 3630 3954 matrimo-

1993 3996 2155 4050 nium
2191 4010 2301 4049 non
2335 3998 2440 4062 est,
2467 3994 2580 4048 imo
2604 4008 2706 4047 nec
2738 3990 2969 4047 initium
3004 3989 3381 4046 matrimonii.
3416 3988 3632 4044 Idcirco

1996 4084 2045 4139 si
2078 4084 2196 4139 ﬁeri
2231 4082 2429 4156 possit,
2465 4086 2529 4137 ut
2557 4081 2655 4151 qui
2705 4098 2805 4153 per
2850 4080 3293 4136 fornicationem
3340 4076 3634 4147 conjuncti

1995 4184 2132 4232 sunt
2180 4178 2546 4246 separentur,
2592 4173 2699 4228 hoc
2747 4172 2931 4227 multo
2980 4170 3211 4228 melius.
3262 4170 3435 4225 Putre
3481 4169 3635 4226 enim

1996 4270 2104 4332 est,
2138 4264 2218 4320 uti
2254 4273 2310 4318 et
2341 4262 2713 4333 illegitimum
2747 4262 2878 4317 talis
2913 4259 3267 4317 matrimonii
3289 4259 3638 4314 fundamen-

1997 4362 2143 4412 tum.
2179 4355 2281 4410 Sin
2314 4371 2446 4408 vcro
2487 4353 2656 4407 ambo
2702 4353 2865 4408 omni
2906 4352 3078 4407 modo
3126 4350 3365 4422 cupiant
3405 4348 3639 4404 cohabi-

2001 4446 2300 4512 tationem,
2352 4442 2753 4499 fornicationis
2799 4442 3038 4512 quidem
3085 4457 3315 4512 pcenam
3363 4439 3637 4506 sentiant,

2004 4534 2414 4605 permittantur
2442 4538 2638 4588 tamen
2672 4548 2787 4587 una
2817 4531 3101 4596 habitare,
3124 4546 3195 4586 ne
3217 4529 3357 4601 quid
3389 4527 3641 4584 deterius

2003 4622 2318 4694 contingat.
2351 4622 2573 4694 Quippe
2602 4626 2705 4678 aut
2736 4621 3120 4684 alterijuncta
3141 4618 3353 4675 mulier
3381 4618 3439 4672 in
3470 4614 3643 4671 adul-

2003 4708 2215 4765 terium
2266 4708 2616 4776 prolabatur,
2686 4722 2819 4763 cum
2882 4706 3065 4761 altero
3124 4703 3450 4760 clanculum
3497 4716 3645 4755 con-

2004 4814 2222 4870 gressa,
2256 4802 2375 4864 aut,
2417 4814 2546 4852 cum
2579 4798 2845 4852 ardenter
2875 4811 2938 4851 se
2967 4795 3278 4866 depereant
3299 4790 3566 4857 invicem,
3586 4793 3645 4845 et

2006 4892 2200 4942 tamen
2234 4885 2576 4941 aconnubio
2610 4887 3049 4956 prohibeantur,
3082 4883 3194 4939 sibi
3252 4895 3461 4939 manus
3517 4878 3644 4933 vio-

2007 4976 2191 5033 lentas
2223 4976 2492 5042 iuferent,
2526 4993 2643 5048 prae
2673 4992 2903 5031 summo
2940 4990 3139 5030 amore
3166 4988 3282 5044 quo
3312 4968 3644 5041 capiuntur.

2007 5064 2424 5137 eeparationem
2458 5065 2527 5121 ab
2556 5065 2801 5122 invicem
2834 5063 3078 5120 minime
3096 5060 3424 5117 tolerantes.
3446 5056 3647 5121 Quare

2008 5159 2066 5211 et
2093 5171 2222 5211 can.
2247 5155 2318 5209 80
2345 5154 2600 5224 ejusdem
2624 5154 2818 5209 Basilii
2847 5170 2974 5225 cap.
3010 5152 3042 5206 4
3072 5149 3181 5206 litt.
3214 5152 3273 5202 Γ.

2742 5245 2923 5313 Leges.

2085 5334 2214 5390 Vult
2242 5338 2436 5389 autem
2464 5336 2560 5405 jus
2589 5331 2756 5387 civile
2800 5333 2986 5387 virum
3035 5329 3136 5401 qui
3184 5325 3504 5383 concubina
3544 5339 3648 5396 pu-

2014 5424 2145 5479 dica
2174 5423 2376 5489 utitur,
2409 5423 2535 5494 cogi
2557 5431 2614 5477 ut
2646 5421 2804 5476 illam
2837 5426 3119 5490 tanquam
3145 5430 3379 5471 uxorem
3401 5418 3645 5481 tractet;

2014 5529 2144 5570 eam
2190 5528 2322 5568 vero
2384 5528 2514 5583 quae
2583 5527 2718 5566 cum
2763 5509 2891 5565 aliis
2938 5524 3003 5564 se
3047 5505 3403 5569 commiscet,
3462 5516 3651 5573 neque

2018 5618 2129 5657 uno
2162 5602 2281 5659 viro
2328 5607 2595 5658 contenta
2632 5609 2739 5668 est,
2796 5598 2970 5655 etiam
3019 5612 3051 5653 e
3093 5597 3264 5653 domo
3313 5591 3651 5651 fornicantis

2014 5690 2172 5764 pelli.
