4080 6224
347 353 462 412 liii

1625 353 1996 415 ΜΑΤΤΗᾹΞΙ
2041 353 2192 415 BLA
2205 354 2474 416 STARIS

3641 355 3754 414 “6

417 487 580 554 Quod
613 491 804 544 autem
839 488 1114 542 mulieres
1149 488 1374 554 attinet,
1405 503 1534 558 qua
1577 503 1680 560 per
1713 487 1830 543 vim
1865 489 1986 544 for-
2015 549 2017 556 ,

2175 487 2304 561 Περῖ
2353 483 2410 540 δὲ
2465 489 2572 540 τῶν
2623 483 3036 560 πορνευομένων
3087 485 3138 554 ἐξ
3189 485 3428 560 ἀνάγκης
3475 489 3752 558 γυναικῶν

349 577 638 646 nicantur,
669 593 916 648 magnus
945 576 1198 633 Basilius
1227 577 1286 632 in
1311 593 1437 634 ean.
1477 579 1568 642 49,
1599 583 1828 650 Stupra,
1881 579 1984 646 ait,

349 682 478 737 quae
511 683 614 738 per
635 666 750 720 vim
781 665 1132 734 inferuntur,
1155 666 1324 734 culpa
1353 673 1580 722 vacant.
1605 667 1692 722 Ita
1711 668 1760 722 si
1781 667 1994 724 ancilla

350 770 386 808 a
415 753 646 824 pr0prio
677 753 915 809 domino
943 753 1060 808 vim
1093 771 1260 826 passa
1283 755 1474 822 fuerit,
1499 757 1992 828 constuprationis

351 841 588 914 quidem
641 843 852 914 gratia,
894 842 1130 898 multari
1179 861 1302 900 eam
1355 845 1598 900 minime
1644 850 1906 916 oportet;
1941 849 1992 900 si

353 939 538 986 tamen
589 930 764 986 fuerit
833 931 1182 998 diaeonissa,
1267 931 1586 989 abstinebit
1659 951 1692 988 a
1751 949 1994 990 munere

353 1019 828 1076 diaconico.1mo
875 1036 1009 1077 vero
1066 1021 1280 1076 femina
1337 1037 1465 1092 qua
1521 1023 1608 1078 vel
1665 1040 1700 1078 ι
1755 1024 1994 1080 domino

355 1123 462 1164 suo
523 1107 610 1164 vel
677 1109 790 1165 alio
851 1109 1058 1181 quovis
1117 1116 1392 1182 corrupta
1449 1111 1642 1178 fuerit,
1707 1113 1828 1168 viro
1893 1115 1992 1184 qui

357 1213 554 1252 sacros
597 1199 832 1254 ordines
877 1207 1254 1272 suscepturus
1301 1203 1414 1268 est,
1453 1217 1822 1273 nequaquam
1875 1219 1998 1258 ma-

358 1286 632 1342 trimonio
655 1288 954 1360 jungetur.

431 1465 593 1522 228
625 1467 852 1524 Primus
883 1475 1068 1524 autem
1099 1487 1284 1526 canon
1309 1472 1492 1526 sancti
1513 1471 1768 1544 Gregorii
1805 1469 1998 1526 Thau-

363 1559 640 1630 maturgi,
673 1561 724 1615 si
757 1560 1003 1628 feminas,
1059 1561 1274 1632 inquit,
1323 1579 1358 1616 a
1405 1561 1670 1617 barbaris
1717 1567 2002 1632 corruptae

361 1649 478 1704 vita
499 1649 657 1720 prior
679 1651 948 1706 damnata
971 1651 1162 1720 fuerit,
1195 1667 1382 1722 neque
1417 1657 1602 1706 status
1635 1651 2000 1717 fornicarius,

363 1739 598 1810 captiva
629 1737 780 1804 licet,
817 1739 1152 1810 suspicione
1197 1745 1364 1796 vacat
1394 1757 1408 1794 :
1441 1756 1618 1810 quare
1663 1755 1794 1796 cum
1843 1741 2006 1809 ejus-

2097 578 2126 632 ὁ
2173 575 2344 652 μέγας
2395 573 2678 636 Βασίλειος
2721 573 2778 630 ἐν
2829 577 2916 638 μθ¹
2955 575 3166 642 κανόνι,
3193 575 3264 631 Αἱ
3313 575 3450 646 πρὸς
3493 573 3754 648 ἀνάγκην,

2099 664 2256 740 φησὶ,
2301 665 2582 738 γενόμεναι
2657 661 2878 740 φθοραὶ,
2927 663 3206 717 ἀνεύθυνοι
3271 659 3548 717 ἕστωσαν’
3599 662 3748 718 ὥστα

2097 753 2188 807 καὶ
2227 755 2264 822 ἡ
2311 750 2510 822 δούλη,
2543 751 2590 806 εἰ
2637 753 2784 825 παρᾶ
2827 755 2926 806 τοῦ
2977 749 3118 806 ἰδίου
3149 749 3416 806 δεσπότου
3453 747 3756 824 βεϐίασται,

2099 843 2436 918 ἀνέγκλητος
2489 837 2664 898 ἔστω·
2699 841 2880 916 ὥσπερ
2927 839 2992 912 δή
3043 863 3132 898 και
3181 845 3217 911 ἡ
3257 840 3308 910 ἐξ
3341 841 3592 917 ἁρπαγῆς
3629 845 3752 913 βια-

2101 935 2305 1002 σθεῖσα,
2335 931 2370 1000 ἢ
2419 935 2456 1002 ἡ
2505 939 2624 994 τοῖς
2671 931 2968 1006 πολεμίοις
3017 929 3312 1008 ληφθεῖσα,
3353 931 3446 986 καὶ
3498 931 3586 984 ὑπ’
3617 930 3764 985 ἑκεί-

2099 1045 2203 1078 νων
2257 1025 2556 1102 φθαρεῖσα·
2587 1021 2736 1078 ἀλλὰ
2783 1029 2886 1093 τῆς
2945 1025 3040 1095 μὶν
3093 1026 3298 1101 φθορᾶς
3347 1021 3517 1078 ’ἑνενεν
3571 1022 3694 1076 έπιτ
3713 1043 3760 1074 ι-

2105 1116 2304 1188 μᾶσθαι
2349 1113 2550 1183 ταύτην
2613 1111 2674 1168 οὗ
2723 1111 2868 1168 δέον.
2923 1112 2986 1170 Ei
3049 1111 3110 1168 δὲ
3157 1110 3410 1174 διάκονος
3459 1111 3768 1188 ἐτύγχανεν

2103 1201 2256 1268 οὖσα,
2293 1207 2392 1257 τοῦ
2439 1201 2708 1258 διακονεῖν
2755 1201 3014 1258 παύσεται
3041 1219 3058 1234 ⁸
3107 1201 3238 1256 ἀλλ’
3287 1199 3412 1256 ούδέ
3457 1205 3538 1272 τῷ
3585 1203 3756 1274 ἱερω-

2102 1293 2360 1362 θήσεσθαι
2423 1290 2686 1365 μέλλοντι
2743 1294 2780 1360 ἡ
2845 1291 2952 1346 ὑπὸ
3003 1291 3272 1346 τοιούτων
3335 1289 3676 1369 ἐιρθαρμένη,
3739 1288 3778 1357 ἢ

2103 1379 2448 1452 οῗουδήτινος
2481 1381 2679 1450 ἄλλοι),
2711 1383 3142 1458 σύναοθήσεται.

2176 1473 2236 1524 Ὀ
2283 1468 2342 1524 δῖε
2377 1473 2426 1524 α’
2469 1471 2650 1526 κανὼν
2682 1474 2780 1526 τοῦ
2821 1471 2986 1545 ἁγίου
3037 1471 3354 1543 Γρηγορίού
3405 1473 3504 1524 τοῦ
3553 1475 3788 1541 Θαυμα-

2107 1565 2366 1635 τούργοῦ.
2423 1566 2534 1628 Τῆς
2595 1560 2698 1614 ὑπὸ
2769 1554 3060 1635 βαρϐάρων
3121 1558 3450 1635 φθαρείσης,
3511 1559 3672 1636 φησὶ,
3735 1557 3788 1612 εἰ

2115 1651 2210 1722 μὶν
2247 1649 2336 1704 καὶ
2385 1650 2414 1703 ὁ
2467 1651 2732 1724 πρότερος
2791 1647 2910 1722 βίος
2967 1647 3350 1722 κατέγνωστο,
3397 1645 3528 1702 οὐδὲ
3583 1643 3788 1720 δορυα-

2113 1741 2300 1796 λώτου
2349 1741 2640 1814 γενομένης
2685 1743 2720 1808 ἡ
2771 1739 3004 1812 πορνική
3053 1737 3167 1808 ’ἐξις
3211 1737 3554 1806 ἀνύποπτος,
3607 1736 3784 1810 ταύτῃ

367 1829 522 1886 modi
557 1828 720 1886 facile
749 1831 1110 1886 orationibus
1139 1830 1574 1886 communicare
1613 1847 1726 1885 non
1757 1835 2005 1901 oportet.

2133 1853 2206 1888 τοι
2259 1833 2350 1884 καὶ
2397 1830 2714 1904 προχείρως
2761 1829 2824 1884 οὐ
2867 1827 2952 1883 δεῖ
2979 1833 3098 1888 ταῖς
3128 1829 3410 1889 τοιαύταις
3447 1827 3624 1901 εὐχῶν
3658 1848 3792 1881 κοι-

367 1919 470 1974 Sin
501 1935 636 1974 vero
667 1916 860 1990 aliqua
891 1919 948 1973 in
985 1935 1223 1974 summa
1277 1918 1638 1974 continentia
1691 1920 1920 1988 vixerit,
1953 1923 2012 1974 et

369 2009 618 2078 priorem
650 2009 830 2064 vitam
861 2009 1398 2065 commonstraverit
1425 2009 1620 2064 omnis
1662 2009 2018 2081 suspicionis

367 2097 786 2168 liberam,jam
837 2115 970 2154 vero
1011 2115 1078 2154 ex
1120 2099 1172 2152 vi
1221 2099 1399 2156 allata
1455 2115 1522 2155 ac
1569 2099 1918 2154 necessitate
1957 2099 2016 2153 in

371 2187 786 2244 contumeliam
819 2186 986 2259 lapsa
1011 2188 1200 2255 fuerit,
1235 2187 1568 2244 miseranda
1599 2187 1786 2258 magis
1841 2204 2012 2260 quam

372 2277 714 2346 incusanda,
741 2278 910 2346 juxta
935 2278 1270 2348 exemplum
1299 2277 1446 2332 illud
1479 2279 1535 2332 iu
1571 2277 2018 2333 Dcuterouomio

373 2368 446 2422 de
465 2366 922 2434 adolescentula,
967 2383 1138 2438 quam
1186 2366 1360 2422 homo
1401 2366 1462 2422 in
1513 2383 1648 2436 agro
1697 2365 1931 2439 reperit,
1963 2371 2020 2422 et

375 2472 478 2528 per
505 2455 623 2511 vim
654 2457 910 2526 corrupit
945 2472 958 2512 :
1011 2476 1038 2508 ‹
1071 2455 1556 2524 Adolesceutule,
1607 2457 1822 2527 inquit,
1873 2455 2020 2510 nihil

375 2545 598 2602 facietis
631 2559 648 2600 :
683 2565 708 2596 ι
739 2543 1186 2601 Adolescentula
1223 2543 1418 2600 delicti
1467 2544 1731 2616 capitalis
1773 2561 1886 2600 non
1935 2548 2024 2600 est

375 2650 496 2705 rea,
529 2635 670 2707 quia
715 2635 1206 2705 quemadmodum
1255 2635 1300 2690 si
1353 2635 1484 2706 quis
1533 2634 1707 2690 homo
1741 2635 2022 2690 adversus

379 2725 710 2795 proximum
760 2740 932 2780 suum
981 2724 1383 2792 insnrrexerit,
1424 2731 1480 2780 et
1507 2723 1700 2795 ipsum
1723 2724 2022 2791 occiderit,

379 2813 460 2868 sic
489 2817 546 2868 et
575 2829 666 2868 res
697 2813 808 2868 ista
871 2830 1001 2869 sese
1043 2814 1234 2868 habet.
1287 2813 1638 2870 Exclamavit
1685 2812 2022 2870 adolescen-

377 2902 524 2970 tula,
555 2904 654 2958 sed
701 2919 816 2960 non
865 2907 990 2959 erat
1033 2903 1132 2973 qui
1175 2903 1226 2958 ei
1257 2919 1424 2972 opem
1473 2902 1665 2958 ferret.
1715 2902 2024 2958 Verumta-

381 3007 514 3046 men
560 2997 619 3046 et
663 2991 776 3047 illis
825 2992 1192 3047 mediocriter
1233 2993 1568 3061 punientur,
1609 2991 1780 3046 sicuti
1835 2991 1874 3046 ii
1923 2993 2022 3062 qui

379 3081 540 3138 cibos
569 3081 894 3153 prohibitos
926 3082 1102 3137 invite
1125 3083 1260 3138 licet
1289 3083 1626 3153 degustant.

453 3171 530 3226 De
557 3171 784 3228 clericis
813 3179 1006 3227 autem
1038 3173 1136 3242 qui
1167 3171 1226 3226 in
1273 3173 1714 3228 fornicationem
1767 3156 2024 3244 prolapsi

380 3259 518 3326 sint,
547 3261 626 3316 ita
655 3261 714 3316 in
745 3261 1068 3318 cononibus
1101 3262 1492 3318 constitutum
1522 3267 1644 3318 est:

451 3349 680 3405 Primus
727 3349 964 3422 quidem
1015 3369 1200 3408 canon
1251 3351 1480 3406 concilii
1541 3351 2020 3408 Neocaesariensis

381 3455 517 3496 eum
549 3439 648 3510 qui
679 3448 806 3508 post
835 3447 1172 3512 susceptum
1204 3441 1594 3497 sacerdotium
1647 3441 2020 3495 matrimonio

381 3529 640 3602 legitimo
669 3528 807 3584 licet
835 3530 1062 3585 mulieri
1088 3531 1373 3602 jungitur,
1411 3529 1772 3586 munereillo
1813 3529 2019 3596 privat,

383 3621 766 3676 fornicantem
797 3635 930 3674 vero
959 3625 1062 3676 aut
1083 3621 1141 3674 in
1165 3619 1448 3676 adulterio
1471 3619 1816 3690 prehensum
1839 3636 1906 3674 ex
1929 3619 2022 3674 Ec-

383 3709 528 3766 lesia
555 3725 794 3780 prorsus
819 3709 1000 3781 pellit,
1021 3713 1078 3764 et
1107 3711 1164 3765 in
1205 3709 1330 3764 loca
1355 3709 1762 3779 pmnitentium
1813 3707 2016 3776 rejicit,

381 3798 480 3852 sed
531 3798 662 3854 istis
727 3799 908 3868 prunis
961 3798 1154 3870 plecti,
1202 3799 1560 3854 sacerdotem
1615 3799 2020 3862 fornicantem,

383 3903 570 3957 neque
601 3887 920 3942 canonibus
949 3887 1576 3960 apostolorum'ncque
1623 3887 1858 3943 Patrum
1891 3904 2022 3942 san-

383 3973 596 4044 citum;
629 3992 778 4048 quos
807 3975 1018 4034 videsis
1048 3977 1108 4033 in
1139 3993 1264 4048 cap.
1301 3979 1366 4032 10
1395 3975 1599 4034 litterae
1647 3983 1705 4032 Δ.

457 4165 634 4218 Porro
689 4161 896 4218 tertius
981 4177 1166 4217 canon
1219 4160 1412 4232 magni
1463 4158 1668 4216 Basilii
1715 4159 2024 4216 diaconum

384 4253 768 4308 iornicantem
797 4252 1106 4307 diaconatu
1138 4249 1374 4322 quidem
1407 4249 1625 4320 dejicit,
1655 4253 1712 4304 et
1755 4249 1812 4304 in
1845 4247 2030 4304 laico—

387 4357 516 4397 rum
549 4341 744 4398 locum
767 4341 963 4408 trudit,
1005 4342 1106 4396 sed
1155 4346 1354 4396 tamen
1397 4356 1432 4394 a
1479 4338 1884 4394 communione
1929 4355 2030 4393 sa—

385 4447 486 4488 cra
517 4431 668 4488 haud
697 4431 974 4488 excludit.
1005 4430 1150 4486 Illud
1183 4429 1692 4501 quidemft‘actum,
1745 4429 1844 4496 ait,
1905 4445 2032 4498 pro-

387 4527 512 4592 pter
539 4521 726 4594 legem
757 4529 1025 4588 veterem,
1057 4537 1183 4592 qua
1215 4519 1357 4576 dicit
1399 4536 1412 4573 :
1463 4541 1490 4568 ιι
1537 4519 1662 4574 Νοιι
1709 4518 2031 4574 vindicabis

2123 1927 2336 1978 νωνεῖν.
2379 1921 2440 1978 Εἰ
2489 1919 2548 1976 δέ
2589 1941 2674 1982 τις
2717 1919 2772 1974 ἐν
2823 1917 2962 1992 ἄκρᾳ
3029 1919 3238 1988 ζήσασα
3287 1917 3642 1994 σωφροσύνῃ,
3691 1917 3790 1970 καὶ

2126 2010 2382 2072 ὑπονοίας
2427 2011 2606 2080 πάσης
2653 2008 2936 2080 ἐλεύθερον
2989 2009 3084 2062 τὸν
3149 2008 3414 2081 πρότερον
3479 2003 3786 2080 ἐπιδεδειγ-

2129 2107 2262 2174 μένη
2319 2101 2466 2175 βίον,
2495 2103 2588 2152 νῦν
2645 2098 2704 2154 ἐκ
2763 2099 2886 2172 βίας
2935 2097 3030 2152 καὶ
3079 2097 3320 2170 ἀνάγκης
3371 2099 3792 2170 περιπέπτωκεν

2125 2189 2301 2266 ὕϐρει,
2343 2189 2612 2246 ἐλεεῖσθαι
2667 2185 2906 2261 μᾶλλον,
2935 2187 2970 2256 ἢ
3017 2183 3368 2260 ἐγκαλεῖσθαι
3413 2183 3616 2253 δικαία,
3647 2186 3792 2241 κατᾶ

2125 2283 2188 2336 τὸ
2245 2281 2300 2336 ἐν
2359 2281 2438 2352 τῷ
2497 2276 2850 2352 Δευτερομίῳ
2907 2273 3258 2349 παράδειγμα
3305 2275 3392 2330 ἐπὶ
3443 2278 3510 2348 τῇ
3561 2273 3794 2347 νειίὶνιδι⁹

2125 2373 2188 2440 ἣν
2247 2371 2300 2425 ἐν
2353 2375 2434 2440 τῷ
2491 2367 2664 2440 πεδίῳ
2721 2367 2894 2440 εὑρὼν
2949 2361 3234 2438 ἅνθρωπος
3293 2360 3582 2420 ἑὸιᾶσστο·
3617 2387 3648 2416 κ
3708 2367 3793 2436 Τῇ

2128 2457 2330 2516 νεάνιδι
2363 2459 2488 2536 γὰρ,
2519 2481 2546 2512 s
2579 2457 2766 2536 φησὶν,
2791 2479 2820 2508 ιι
2853 2456 2922 2510 ού
2953 2457 3246 2526 ποιήσεται
3281 2451 3456 2510 οὐδέν.
3485 2475 3511 2508 ι
3535 2454 3652 2512 Οὖκ
3671 2451 3792 2508 ἔστι

2129 2553 2198 2622 τῇ
2247 2545 2452 2603 νεάνιδι
2493 2547 2794 2620 ἁμάρτημα
2833 2547 3095 2612 θανάτου,
3127 2545 3214 2599 ὅτι
3272 2545 3346 2605 ὡς
3393 2542 3552 2606 εἴτις
3579 2543 3794 2616 ἀναστῇ

2129 2639 2216 2695 ἐπὶ
2247 2639 2338 2693 τὸν
2385 2637 2624 2708 πλησίον
2669 2637 2860 2706 αὐτοῦ,
2891 2637 2980 2690 καὶ
3037 2636 3324 2710 θανατώσῃ
3375 2634 3534 2688 αὐτόν
3561 2651 3576 2666 ⁸
3639 2631 3795 2688 οὕτω

2129 2728 2313 2784 καὶτὸ
2353 2732 2578 2802 πρᾶγμα
2611 2731 2774 2781 τοῦτο
2801 2744 2816 2758 ⁵
2865 2725 3090 2796 ἐϐόησεν
3139 2727 3175 2794 ἠ
3223 2730 3418 2795 νεᾶνις,
3448 2724 3538 2778 καὶ
3583 2723 3611 2778 ὁ
3647 2723 3798 2798 βοη-

2131 2825 2240 2876 θῶν
2295 2819 2394 2875 ούκ
2441 2821 2508 2888 ἧν
2563 2819 2728 2891 αὐτῇ.
2763 2817 2917 2886 Πλὴν
2967 2818 3058 2872 καὶ
3115 2815 3272 2870 αὗται
3333 2814 3572 2888 μετρίως
3603 2811 3794 2868 ἐπιτι-

2135 2913 2496 2983 μηθήσονται,
2529 2908 2604 2970 ὥς
2635 2931 2698 2984 γε
2727 2906 2796 2978 δὴ
2827 2910 2916 2962 καὶ
2949 2911 2998 2962 οἱ
3033 2908 3344 2982 βρωμάτων
3391 2905 3788 2978 ἀπειρημένων

2130 3007 2246 3056 κατ’
2277 3000 2512 3074 ἆνᾶγκην
2543 2999 3004 3074 ἀπογευσάμενοι.

2207 3181 2334 3254 Περὶ
2389 3175 2446 3233 δὲ
2493 3183 2601 3231 τῶν
2647 3175 2870 3252 πορνείᾳ
2931 3172 3428 3250 περιπεπτωκότων
3499 3171 3794 3246 κληρικῶν

2131 3274 2298 3323 ταῦτα
2327 3273 2442 3328 τοῖς
2473 3267 2660 3322 κανόσι
2687 3264 3002 3336 διείληπται
3031 3283 3044 3296 ·

2199 3359 2262 3416 Ὀ
2323 3359 2416 3430 μὲν
2463 3359 2566 3432 γὰρ
2615 3363 2660 3410 α’
2701 3357 2876 3410 κανὼν
2919 3361 3020 3424 τῆς
3069 3354 3120 3408 ἐν
3189 3349 3578 3424 Νεοκαισαρείᾳ
3625 3351 3790 3403 συνό-

2133 3445 2228 3502 δου
2277 3446 2368 3502 τὸν
2419 3447 2554 3518 μετᾶ
2595 3447 2694 3514 τήν
2743 3444 3045 3518 ἱερωσύνην
3094 3443 3322 3516 νομίμῳ
3375 3437 3536 3508 δῆθεν
3563 3438 3786 3512 γυναικὶ

2133 3535 2458 3613 συναφθέντα
2497 3542 2598 3603 τῆς
2655 3534 2952 3608 ἱερωσύνης
3013 3534 3358 3608 ἀπογύμνοῖ·
3411 3531 3786 3604 πορνεύσαντα

2135 3624 2190 3680 δὲ
2237 3627 2271 3695 ἢ
2331 3627 2698 3699 μοιχεύσαντα
2747 3621 2950 3686 τελέως
3001 3629 3100 3690 τῆς
3143 3618 3472 3690 Ἐκκλησίας
3527 3616 3782 3690 ἐξοστρα-

2133 3715 2296 3785 κίζει,
2323 3715 2412 3769 καὶ
2461 3713 2514 3768 ἐν
2561 3719 2684 3774 τοῖς
2727 3713 2922 3774 τόποις
2977 3709 3157 3780 ἷστησι
3187 3715 3295 3765 τῶν
3333 3707 3738 3780 μετανοούντων
3765 3725 3780 3738 ·

2135 3805 2282 3861 ἆλλᾶ
2335 3805 2398 3860 τὸ
2441 3803 2790 3876 ἐπιτιμᾶσθαι
2835 3802 3002 3876 ταὺτῃ
3053 3801 3146 3856 τὸν
3198 3798 3566 3874 πορνεύσαντα
3605 3797 3781 3870 ἱερέα,

2137 3893 2260 3950 οὔτε
2299 3901 2416 3956 τοῖς
2463 3891 2874 3962 ἆποστολικοῖς,
2915 3888 3040 3946 οὔτε
3085 3895 3204 3952 τοῖς
3249 3893 3544 3964 Πατρικοῖς
3589 3885 3784 3940 κανόσι

2137 3983 2308 4054 δοκεῖ,
2341 3983 2432 4046 οὓς
2479 3984 2565 4038 καὶ
2613 3983 2764 4054 ζήτει
2811 3981 2864 4038 ἐν
2911 3985 2991 4053 τῷ
3041 3982 3070 4034 ι’
3099 3977 3386 4054 κεφαλαίῳ
3423 3981 3520 4033 τοῦ
3561 3985 3598 4032 Δ
3632 3996 3782 4030 στοι-

2135 4075 2316 4150 χείου.

2209 4167 2410 4239 Ὥσπερ
2461 4161 2529 4234 δὴ
2575 4163 2663 4218 καὶ
2715 4163 2743 4218 ὁ
2789 4163 2835 4237 γ’
2867 4165 2966 4217 τοῦ
3018 4158 3260 4234 μεγάλου
3293 4154 3574 4213 Βασιλείου
3602 4157 3784 4210 κανὼν

2137 4255 2227 4310 τὸν
2283 4253 2646 4326 πορνεύσαντα
2695 4249 2941 4308 διάκονον
2989 4257 3091 4318 τῆς
3147 4251 3240 4321 μὲν
3285 4245 3560 4308 διακονίας
3589 4239 3788 4301 ἐκϐαλ-

2141 4341 2364 4416 λει,καὶ
2421 4343 2498 4405 είς
2553 4343 2646 4398 τὸν
2701 4346 2812 4396 τῶν
2871 4340 3078 4396 λαϊκῶν
3139 4339 3432 4394 ἀπωθεῖται
3461 4335 3786 4404 τόπον,τῆς

2143 4429 2198 4488 δὲ
2249 4431 2536 4493 κοινωνίας
2585 4431 2686 4486 οὐκ
2740 4429 2982 4506 ἀπείργει
3037 4433 3148 4482 τῶν
3197 4426 3548 4500 ἁγιασμάτων
3577 4444 3590 4457 ·
3618 4429 3786 4480 τοῦτο

2145 4523 2262 4595 μὲν,
2293 4521 2448 4599 φησὶ,
2479 4519 2566 4576 διὰ
2595 4523 2706 4590 τὸν,
2739 4545 2768 4572 ι(
2799 4519 2908 4575 Οὐκ
2937 4515 3264 4588 ἐκδικήσεις,
3299 4541 3326 4566 ››
3362 4514 3610 4589 λέγοντα,
3642 4539 3672 4567 ιι
3705 4511 3792 4578 δὶς

389 4611 556 4666 hisin
589 4611 863 4681 idipsum.
905 4633 934 4661 ››
969 4611 1084 4666 Hoc
1113 4613 1328 4678 autem,
1361 4612 1500 4681 quia
1517 4623 1650 4680 spes
1669 4609 1860 4664 omnis
1893 4625 2017 4680 prie

2139 4612 2224 4667 ἐπὶ
2263 4613 2326 4667 τὸ
2377 4612 2530 4674 αὐτὸ,
2565 4609 2858 4665 »παλαιὸν
2903 4610 3102 4682 νόμον·
3135 4611 3298 4662 τοῦτο
3347 4604 3428 4673 δὲ,
3459 4605 3550 4660 καὶ
3595 4601 3684 4658 διὰ
3723 4605 3791 4660 τὸ

387 4701 598 4758 ciditur
629 4701 698 4756 ad
735 4700 1044 4770 pristinum
1066 4700 1312 4770 gradum
1339 4699 1636 4754 redeundi.
1669 4700 1893 4769 Quippe
1927 4697 2030 4752 lai-

389 4807 514 4858 cus,
548 4791 644 4862 qui
679 4789 878 4862 lapsus
909 4789 1100 4852 fuerit,
1155 4793 1286 4859 post
1345 4789 1622 4858 temporis
1677 4803 1912 4842 cursum
1971 4785 2030 4841 in

391 4879 744 4950 pmnitentias
793 4879 974 4934 forma
1020 4893 1359 4950 expressum
1423 4876 1568 4932 redit
1613 4877 1766 4930 unde
1813 4877 2033 4932 disces-

391 4975 572 5036 serat;
607 4967 853 5024 clericus
875 4971 1064 5022 autem
1095 4967 1274 5022 semel
1305 4965 1414 5020 luit
1461 4981 1807 5035 permanens
1855 4965 2034 5036 depo-

392 5057 623 5114 sitionis
653 5055 1026 5128 supplicium.
1065 5060 1238 5111 Porro
1271 5059 1462 5110 autem
1499 5054 1558 5110 in
1589 5069 1802 5126 genere
1831 5069 2032 5110 verum

393 5147 712 5202 remedium
737 5151 794 5202 et
831 5146 1176 5218 praparatio
1207 5145 1332 5214 ejus
1363 5145 1430 5198 ad
1467 5143 1874 5215 mysteriorum
1903 5159 2036 5213 par-

394 5235 786 5308 ticipationem
857 5244 946 5291 est
1007 5237 1250 5292 recessio
1303 5253 1336 5290 ιι
1387 5239 1641 5306 peccato,
1695 5249 1794 5303 per
1843 5231 2037 5288 cordis

393 5325 800 5382 contritionem
831 5329 888 5381 et
915 5325 1107 5382 carnis
1137 5325 1576 5396 subjectiouem.
1615 5323 1757 5377 Nam
1783 5323 1832 5377 si
1849 5321 2036 5376 adhuc

397 5415 668 5486 persistat
701 5415 758 5470 in
791 5415 1150 5481 fornicando,
1179 5431 1290 5469 non
1312 5413 1500 5468 solum
1519 5429 1584 5468 ex
1603 5410 2034 5482 communione,

397 5501 492 5558 sed
533 5509 588 5558 et
609 5507 888 5560 conventu
937 5503 1192 5558 fidelium
1243 5501 1530 5556 orantium
1584 5500 1942 5564 excludetur,
1983 5507 2038 5554 et

397 5593 874 5662 cerrectiouibus,
909 5597 972 5647 ut
1001 5591 1186 5658 laisci,
1209 5589 1572 5660 subjiciatur.

2146 4705 2222 4774 μὴ
2283 4697 2426 4776 ἔχειν
2485 4699 2562 4755 ἔτι
2623 4698 2820 4754 ἐλπίδα
2873 4699 3008 4772 πρὸς
3057 4698 3150 4752 τὸν
3199 4695 3462 4770 πρότερον
3511 4691 3788 4749 ἐπανιέναι

2147 4791 2378 4866 βαθμόν.
2433 4795 2490 4845 Ὀ
2543 4791 2636 4863 μὶν
2694 4789 2796 4866 γὰρ
2867 4787 3058 4848 λαϊκὸς
3131 4784 3430 4855 ἐκπίπτων,
3491 4785 3626 4858 μετὰ
3683 4785 3790 4854 τήν

2143 4879 2585 4952 ἐντετυπωμένην
2639 4877 2691 4932 ἐν
2881 4875 3135 4950 μετανοίᾳ
3190 4877 3286 4930 τοῦ
3333 4875 3546 4948 χρόνου
3595 4871 3796 4946 περίο-

2143 4969 2257 5043 30v,
2315 4967 2578 5024 ἐπάνεισιν
2653 4967 2772 5022 ὅθεν
2863 4964 3183 5036 ἐξελήλυθεν
3221 4983 3236 4998 ·
3297 4964 3456 5024 οὗτος
3533 4959 3588 5017 δὲ
3653 4961 3798 5035 ἅπαξ

2143 5056 2271 5134 ἔσχε
2317 5056 2509 5136 διαρκῆ
2557 5059 2655 5127 τὴν
2705 5053 3002 5126 καταδίκην
3051 5062 3152 5124 τῆς
3195 5053 3600 5128 καθαιρέσεως·
3652 5053 3804 5107 καθ-

2146 5149 2280 5204 όλου
2337 5169 2398 5222 γε
2453 5149 2558 5222 μὴν
2617 5145 2820 5217 ἀληθὲς
2877 5145 3027 5217 αὐτῷ
3085 5143 3220 5218 ἴαμα
3267 5146 3403 5218 πρὸς
3450 5144 3548 5212 τὴγ
3585 5141 3798 5216 μέθεξιν

2144 5244 2253 5293 τῶν
2285 5237 2658 5312 ἁγιασματων,
2689 5237 2724 5304 ἦ
2751 5242 2851 5306 τῆς
2887 5233 3152 5309 ἁμαρτίας
3183 5233 3556 5311 ἀναχώρησις,
3581 5229 3670 5285 διά
3738 5253 3802 5286 τε

2147 5327 2484 5402 συντρίμμοῦ
2547 5323 2798 5401 καρδίας,
2853 5325 2944 5380 καὶ
2999 5321 3369 5399 παιδαγωγίας
3419 5327 3524 5390 τῆς
3571 5321 3800 5394 σαρκός.

2147 5416 2214 5473 Εἴ
2243 5418 2348 5491 γαρ
2397 5411 2474 5470 ἔτι
2525 5415 2796 5488 πορνεύων
2844 5414 2905 5469 οὗ
2947 5415 3240 5484 πέπαυται,
3273 5413 3350 5485 μὴ
3401 5412 3483 5465 ὅτι
3531 5413 3630 5474 τῆς
3681 5429 3804 5464 κοι-

2148 5505 2360 5572 νωνίας,
2393 5505 2540 5560 ἀλλὰ
2581 5507 2672 5560 καὶ
2719 5511 2818 5572 τῆς
2871 5505 3006 5576 μετᾶ
3053 5507 3158 5558 τῶν
3203 5507 3406 5556 πιστῶν
3459 5503 3534 5562 είς
3562 5501 3663 5562 τὰς
3703 5501 3806 5556 εὐ-

2149 5596 2252 5674 χὰς
2285 5595 2642 5656 συνελεύσεως
2675 5589 3097 5664 ἐκϐληθήσεται,
3131 5595 3220 5647 καὶ
3279 5589 3578 5664 ἐπιτιμίοις
3610 5589 3804 5664 ὥσπερ

2149 5685 2204 5739 οἱ
2233 5687 2333 5738 τοῦ
2355 5681 2491 5740 λαοῦ
2520 5677 3093 5754 καθύποῦληθήσεται.
