4080 6224
260 398 358 458 117

1246 394 1689 460 SYNTAGMA
1734 400 2363 464 ALPHABETICUM.
2409 435 2487 446 -
2528 406 2597 460 Π.

3509 392 3623 453 118

316 529 372 583 Ὀ
417 524 468 580 δὲ
522 524 608 598 μδ⁹
656 532 883 600 γυναῖκα
948 526 1194 584 διάκονον
1237 530 1471 601 Ἕλληνι
1528 533 1860 606 συμπορνεύ-

2048 536 2268 592 Deinde
2297 550 2482 591 canon
2513 534 2582 589 44
2632 531 3021 589 diaconissam
3070 544 3201 601 qua:
3247 544 3379 584 cum
3424 526 3621 583 Grasco

259 636 400 670 σσσαν
444 622 537 685 τῆς
590 618 688 688 μὲν
738 617 893 688 ἀξίας
940 619 1206 692 καθαιρεῖ,
1235 625 1510 675 κοινωνεῖν
1544 618 1603 674 δὲ
1627 625 1708 691 τῷ
1748 619 1867 695 λαῷ

258 707 464 767 στάσεως
508 707 595 759 καὶ
645 705 829 781 εὔχῶν
878 705 977 762 ούκ
1021 707 1269 784 ἄπείργει
1294 728 1309 741 ⁸
1342 713 1421 782 τῷ
1452 706 1509 764 δὲ
1549 714 1593 779 ζ’
1623 704 1731 765 ἔτει
1766 718 1866 779 τῆς

259 801 352 849 τῶν
392 796 733 869 άγιασμάτων
784 797 1068 861 κοινωνίας
1115 798 1390 869 ἀξιοῦσθαι
1443 798 1674 869 κελεύει,
1713 799 1766 855 εἷ’
1804 820 1868 874 γε

256 882 301 939 ἐν
324 884 487 959 ἁγνείᾳ
538 885 682 958 βιῴη
714 886 806 940 καὶ
855 888 1206 964 σωφροσύνῃ.
1238 892 1314 962 Τῇ
1361 889 1542 945 πίστει
1592 886 1649 944 δὲ
1695 910 1869 964 προσ-

260 973 373 1029 ιόντι
424 978 499 1045 τῷ
544 976 788 1046 ’Έλληνι
839 978 929 1031 καί
985 978 1187 1048 ταύτην
1234 978 1312 1041 εἰς
1355 980 1538 1055 γάμου
1582 980 1864 1058 συνάφειαν

253 1064 550 1137 σὶτουμὲνῳ,
609 1064 708 1121 οὐκ
765 1064 941 1121 οἴεται
1021 1065 1130 1123 δεῖν
1207 1065 1498 1139 ἐκδιδόναι,
1554 1068 1864 1142 ἱεροσυλίαν

254 1162 377 1232 σαρῆ
408 1155 791 1233 λογιζόμενος,
821 1159 884 1213 τὸ
916 1158 1055 1230 ἅπαξ
1084 1160 1379 1236 ἀφιερωθὶν
1418 1164 1497 1232 τῷ
1542 1165 1660 1231 Θεῷ
1708 1165 1867 1233 σῶμα

252 1246 318 1309 εἰς
369 1253 561 1320 χρῆσιν
616 1255 879 1321 σαρκικῆς
937 1249 1201 1324 ὑπάρχειν
1252 1247 1565 1322 ἐπιθυμίας.
1592 1250 1865 1306 Ἐντεῦθεν

255 1343 350 1397 τοῖς
388 1336 558 1410 ὀρθῶς
603 1341 900 1392 σκοποῦσιν
945 1338 1047 1393 οὐκ
1091 1335 1319 1409 ἄδηλον,
1369 1340 1445 1401 ὡς
1492 1337 1619 1394 οὐδὲ
1662 1339 1869 1415 κληρι-

256 1422 358 1486 xci);
436 1427 1120 1504 μετασχηματιζομένους,
1179 1429 1214 1496 ἢ
1303 1427 1601 1502 μοναχοὺς,
1658 1427 1867 1502 γυναιξὶ

257 1515 583 1570 συνάπτεσθαι
631 1517 853 1589 θεμιτόν
879 1535 893 1548 ·
926 1515 987 1572 οὗ
1049 1517 1144 1589 μὲν
1204 1514 1332 1572 οὐδὲ
1380 1517 1476 1581 τὰς
1518 1521 1627 1572 τῶν
1679 1516 1865 1592 ἱερέων

251 1608 479 1678 γυναῖκας
534 1603 709 1677 ὅσιον,
767 1602 1041 1681 δευτέροις
1098 1607 1301 1681 γάμοις
1366 1604 1753 1683 προσομιλεῖν,
1810 1606 1865 1662 ’ἐν

254 1697 392 1798 σῶμα
456 1698 527 1768 τῇ
624 1694 763 1768 πρὸς
846 1696 971 1758 τοὺς
1056 1693 1229 1770 ἱερέας
1314 1695 1571 1772 συναφείᾳ
1652 1716 1869 1772 γεγενη-

249 1801 407 1854 μενας.

306 1873 447 1941 Ζήτει
501 1873 599 1927 καὶ
655 1874 717 1928 τὸ
771 1878 845 1929 κε’
899 1894 1016 1952 κεφ.
1074 1878 1171 1930 τοῦ
1228 1880 1278 1931 Χ
1334 1873 1632 1949 στοιχείου,
1664 1875 1752 1930 καὶ
1813 1873 1865 1930 ἐν

244 1965 310 2032 τῷ
359 1957 399 2015 δ’
458 1981 581 2039 κεφ.
642 1966 739 2017 τοῦ
798 1969 835 2018 Γ
889 1964 1168 2043 στοιχείου
1244 1964 1467 2025 κανόνας
1521 1969 1629 2019 τῶν
1686 1965 1858 2040 ἁγίων

238 2050 538 2107 ἀποστόλων
578 2054 643 2121 ιζ’
670 2053 761 2108 καὶ
801 2054 893 2122 ιη’,
923 2054 1014 2108 καί
1056 2054 1150 2108 τὸν
1187 2053 1263 2126 ξα¹
1290 2051 1344 2107 ἐν
1392 2056 1471 2125 τῷ
1515 2050 1582 2107 ιδ’
1612 2072 1733 2126 κεφ.
1762 2057 1861 2107 τοῦ

240 2147 283 2195 Ι
336 2141 650 2217 στοιχείουο
682 2143 773 2197 καὶ
825 2143 878 2198 έν
923 2147 1002 2215 τῷ
1054 2144 1098 2196 θ’
1153 2164 1274 2220 κεφ.
1334 2144 1430 2197 τοῦ
1489 2148 1525 2196 Γ
1582 2142 1861 2217 στοιχείου

237 2231 417 2284 κανόνα
463 2231 544 2300 κζ’
595 2234 694 2286 τοῦ
741 2229 988 2305 μεγάλου
1032 2228 1337 2296 Βασιλείου,
1377 2230 1468 2285 καὶ
1520 2236 1619 2300 τῆς
1670 2231 1715 2294 ς’
1743 2251 1865 2284 συν-

239 2315 352 2373 όδου
378 2321 478 2390 κς’,
507 2319 605 2375 καὶ
654 2319 711 2375 ἐν
764 2324 846 2393 τῷ
896 2322 954 2375 ιε’
981 2341 1101 2397 κεφ.
1141 2324 1238 2375 τοῦ
1277 2319 1442 2376 αὐτοῦ
1473 2318 1749 2395 στοιχείου
1775 2339 1866 2375 κα-

236 2408 347 2463 νόνα
368 2413 465 2465 τοῦ
497 2408 751 2483 μεγάλου
783 2408 1070 2467 Βασιλιίου
1099 2411 1229 2480 ξθ⁹.;

294 2498 413 2573 Περὶ
442 2496 499 2555 δὲ
535 2503 647 2554 τῶν
698 2498 1106 2575 πόρνευσάντων
1156 2503 1415 2579 μοναχῶν
1466 2501 1617 2570 ζήτει
1662 2497 1751 2554 καὶ
1796 2499 1861 2555 τὸ

232 2594 283 2640 ιε’
306 2587 597 2664 κεφάλαιον
627 2593 728 2646 τοῦ
767 2596 818 2645 Μ
849 2588 1150 2665 στοιχείου.

230 2698 462 2754 necui.
502 2697 628 2771 ις.
673 2696 833 2773 Περὶ
869 2699 1378 2773 τοῦ-πορνεῦσαι
1418 2694 1862 2771 ἐπιθυμήσαν-

592 2768 890 2839 τος,’καὶ
942 2770 1028 2841 μή
1077 2768 1466 2845 πράξαντος.

285 2858 437 2919 Ἔθος
484 2878 549 2932 γε
595 2860 708 2931 μὴν
747 2857 979 2933 ἀρχαῖόν
1027 2856 1139 2914 ἐστι
1188 2862 1258 2932 τῇ
1306 2857 1488 2929 κακίᾳ,
1535 2859 1611 2932 μή
1661 2856 1854 2934 ἀθρόον

227 2945 365 3017 ἡμῖν,
399 2945 542 3020 μηδὲ
596 2947 709 3002 ἀπὸ
760 2951 857 3002 σοῦ
903 2947 1124 3023 πρώτου
1181 2949 1551 3023 παραστάντος
1600 2945 1857 3022 ἐπιστρα-

224 3034 378 3089 τεύειν
418 3036 486 3091 τὰ
533 3039 710 3107 πάθη,
737 3036 888 3093 ἀλλὰ
932 3036 1101 3112 τέχνῃ
1146 3037 1255 3093 τινὶ
1302 3036 1393 3092 καὶ
1433 3036 1677 3111 περινοίᾳ
1705 3057 1853 3111 σοφι-

226 3127 363 3198 στικῇ
405 3126 467 3180 τὸ
515 3133 621 3195 τῆς
671 3123 950 3190 ἀπωλείας
995 3128 1132 3199 ἡμῖν
1181 3126 1448 3203 βάραθρον
1496 3127 1631 3182 κατά
1663 3127 1855 3202 μικρὸν

224 3213 550 3287 ὑπορύττειν.
586 3215 767 3290 Ταύτῃ
807 3235 893 3271 τοι
941 3216 1029 3270 καὶ
1078 3221 1198 3280 τοῖς
1240 3215 1535 3291 λογισμοῖς
1565 3215 1746 3286 ἠπίως
1775 3220 1854 3289 τῷ

1977 625 2256 682 fornicata
2301 623 2493 690 fuerit,
2536 621 2820 696 dignitate
2867 638 2976 676 sua
3022 618 3279 687 abdicat;
3317 634 3431 674 non
3468 620 3621 673 vetat

1973 719 2171 771 tamen
2201 714 2341 786 quin
2391 713 2640 768 elatione
2678 728 2743 766 ac
2793 709 3062 780 precibus
3109 723 3239 763 cum
3288 707 3454 762 laicis
3502 723 3621 761 una

1975 804 2401 860 communicet:
2429 818 2581 857 anno
2610 801 2747 856 dein
2790 798 3040 870 septimo
3090 798 3159 852 ad
3198 812 3425 852 sacram
3458 811 3621 851 com-

1974 894 2312 949 munionem
2344 890 2567 948 admitti
2610 890 2802 961 jubet,
2844 888 2894 944 si
2943 887 3003 942 in
3045 886 3307 943 castitate
3341 901 3407 940 ac
3453 884 3620 955 pudi-

1975 983 2111 1040 citia
2139 982 2365 1038 vixerit.
2396 981 2589 1037 Graeco
2618 995 2750 1035 vero
2781 978 2898 1044 isti,
2934 978 2984 1032 si
3008 977 3079 1031 ad
3105 975 3279 1030 (idem
3306 984 3618 1030 Conversus

1976 1072 2252 1130 feminam
2285 1071 2445 1127 illam
2488 1069 2549 1125 in
2598 1066 3038 1124 matrimonium
3086 1064 3332 1136 petierit,
3377 1061 3619 1118 minime

1975 1161 2315 1219 tradendam
2344 1175 2473 1216 esse
2492 1158 2739 1231 judicat,
2763 1158 3041 1229 reputans
3073 1152 3451 1209 manifestum
3490 1167 3619 1208 esse

1974 1250 2341 1323 sacrilegium
2393 1263 2602 1319 corpus
2667 1245 2862 1302 semel.
2920 1243 3037 1300 Deo
3101 1244 3507 1297 consecratum
3558 1242 3618 1297 in

1975 1356 2153 1397 usum
2186 1337 2438 1394 carnalis
2476 1333 2957 1407 concupiscentia:
2997 1331 3222 1387 cedere.
3275 1329 3421 1384 Hinc
3466 1330 3620 1400 patet

1973 1434 2087 1487 ista
2135 1429 2244 1484 rite
2303 1424 2754 1500 peusitantibus,
2810 1422 2960 1493 quod
3022 1435 3212 1491 neque
3241 1416 3480 1474 clericos
3518 1417 3617 1489 qui

1974 1518 2240 1574 habitum
2304 1519 2556 1580 mutant,
2608 1514 2729 1570 sive
2794 1509 3115 1567 monachos
3159 1523 3363 1564 uxores
3409 1507 3619 1563 ducere

1975 1607 2065 1664 fas
2084 1607 2195 1663 sit:
2218 1605 2336 1661 imo
2366 1618 2554 1676 neque
2587 1602 2747 1674 pium
2781 1614 2988 1656 uxores
3009 1598 3373 1654 sacerdotum
3401 1611 3615 1651 secun-

1974 1699 2078 1755 das
2106 1696 2337 1769 nuptias
2362 1692 2725 1760 contrahere,
2754 1706 2889 1747 cum
2946 1704 3049 1762 per
3095 1686 3432 1759 conjugium
3481 1702 3616 1742 cum

1974 1787 2370 1844 sacerdotibus
2404 1784 2567 1840 facta
2598 1781 2817 1840 fuerint
2845 1794 3031 1836 unum
3062 1794 3291 1850 corpus.

2046 1879 2246 1943 Quare
2273 1876 2446 1931 etiam
2477 1889 2605 1945 cap.
2634 1872 2707 1926 25
2735 1870 2846 1927 lltt.
2880 1875 2943 1940 Χ,
2976 1873 3033 1924 et
3079 1869 3138 1923 in
3187 1882 3318 1938 cap.
3356 1866 3389 1920 4
3435 1863 3546 1920 litt.
3578 1866 3617 1915 Γ

1971 1969 2308 2022 sanctorum
2337 1965 2524 2035 apost.
2556 1975 2805 2016 canones
2837 1958 2903 2017 17
2931 1964 2983 2013 et
3008 1956 3093 2024 18,
3128 1959 3302 2027 atque
3340 1955 3404 2009 61
3439 1967 3616 2008 cano-

1972 2070 2104 2112 nem
2158 2054 2216 2110 in
2266 2069 2393 2124 cap.
2444 2051 2509 2107 14
2578 2049 2688 2109 litt.
2739 2054 2812 2115 M,
2856 2051 2914 2103 et
2962 2046 3019 2102 in
3075 2062 3199 2116 cap.
3237 2044 3274 2097 9
3321 2042 3527 2098 litteris
3575 2045 3613 2093 Γ

1971 2159 2249 2200 canonem
2289 2143 2361 2196 27
2424 2140 2621 2212 magni
2668 2135 2888 2205 Basilii,
2955 2139 3012 2191 et
3058 2151 3188 2207 syn.
3245 2149 3301 2188 vr
3342 2148 3475 2188 con.
3519 2131 3613 2200 26,

1970 2240 2025 2288 et
2094 2232 2155 2288 in
2223 2232 2290 2287 15
2348 2246 2475 2303 cap.
2550 2227 2813 2300 ejusdem
2884 2224 2999 2281 litt.
3077 2239 3206 2280 can.
3278 2222 3350 2277 69
3413 2220 3612 2293 magni

1970 2321 2194 2378 Basilii.

2043 2410 2298 2481 Denique
2355 2409 2426 2466 de
2491 2405 2797 2464 monachis
2882 2401 3335 2462 fornicantibus‘
3377 2398 3610 2458 consule

1969 2516 2097 2573 cap.
2131 2500 2196 2555 15
2224 2496 2427 2554 litterae
2456 2500 2533 2554 Μ.

2039 2706 2196 2764 224
2226 2703 2379 2762 CAP.
2413 2704 2561 2760 XVI.
2596 2704 2673 2758 De
2692 2702 2794 2757 illo
2824 2701 2921 2772 qui
2975 2698 3245 2768 fornicari
3293 2699 3466 2771 cupit,
3514 2712 3613 2754 nec

2441 2778 2628 2831 tamen
2651 2777 2776 2830 actu
2804 2774 3132 2843 fornicatur.

2035 2869 2213 2926 Vetus
2241 2867 2340 2923 ille
2370 2881 2494 2923 mos
2515 2868 2605 2921 est
2636 2861 2959 2936 pravitatis,
2988 2877 3105 2917 non
3142 2857 3476 2924 confestim,
3509 2874 3610 2914 ne-

1964 2975 2077 3031 que
2106 2959 2180 3014 ad
2220 2956 2467 3029 primam
2496 2952 2838 3009 instantiam
2868 2950 3164 3023 passiones
3195 2952 3425 3005 nostras
3454 2948 3611 3004 inva-

1965 3049 2119 3116 dere,
2153 3047 2254 3104 sed
2285 3049 2409 3101 arte
2430 3044 2685 3116 quadam
2717 3045 2774 3098 et
2822 3040 3036 3097 astutia
3072 3037 3387 3111 sophistica
3442 3037 3610 3093 bara-

1963 3138 2166 3194 thrum
2198 3132 2532 3207 perditionis
2562 3133 2638 3188 ad
2667 3132 2841 3203 pedes
2869 3133 3096 3186 nostros
3127 3125 3409 3200 paulatim
3438 3126 3612 3182 suffo-

1963 3231 2115 3285 dere.
2151 3230 2509 3298 Quapropter
2533 3231 2591 3279 et
2621 3220 3068 3296 cogitationibus
3098 3216 3373 3274 immittit
3394 3217 3466 3274 ad
3496 3216 3609 3272 ira-

224 3299 386 3358 δοκεῖν
456 3306 548 3360 καὶ
641 3304 851 3379 ἱλαρῶς
928 3302 1337 3382 ἐπιμίγνυσθαι,
1393 3304 1657 3381 προτέραν
1746 3304 1849 3360 τινὶ

1975 3296 2325 3374 miscendum
2405 3329 2530 3370 sese
2578 3311 2822 3384 placide,
2882 3309 3187 3381 utquidem
3253 3307 3508 3374 videtur,
3555 3308 3613 3361 et

223 3392 508 3469 λεγομένην
593 3392 784 3471 ἐφίησι
866 3390 1184 3468 προσϐολήν
1262 3399 1341 3468 τῷ
1419 3393 1688 3471 ἐπαγωγῷ
1758 3399 1855 3449 τοῦ

223 3477 558 3554 δεικνυμένου
622 3480 955 3555 ἷνδάλμοιτος
1040 3484 1362 3561 ὑποφθεῖραι
1438 3483 1665 3546 τούτους
1745 3482 1856 3538 ἐπιο

221 3570 421 3635 δούλως
479 3574 891 3649 μηχανωμένη,
933 3574 1021 3628 καὶ
1079 3574 1175 3636 τὰς
1224 3576 1334 3628 τῶν
1387 3569 1605 3643 ἡδονῶν
1656 3572 1853 3652 ἀρχὰς,

222 3661 285 3723 ὡς
332 3662 496 3736 ψιλὰς
544 3661 784 3731 ἐννοίας,
813 3661 902 3717 καὶ
955 3659 1125 3735 μηδὲν
1174 3661 1365 3732 πλέον,
1395 3661 1463 3718 τά
1500 3684 1560 3738 γε
1609 3661 1684 3724 εἷς
1726 3662 1858 3737 βλά-

222 3745 304 3813 ϐος
358 3751 625 3828 ἐχούσας,
655 3748 833 3813 ἀδεῶς
890 3749 1218 3825 εἰσδέξασθαι
1274 3751 1556 3808 πείθουσα.
1616 3751 1858 3826 Κρύπτει

221 3841 308 3913 γὰρ
354 3842 416 3896 τὸ
480 3848 588 3911 τῆς
651 3840 922 3917 ἁμαρτίας
998 3841 1306 3916 ἄγκιστρον,
1363 3846 1444 3914 τῷ
1498 3848 1598 3911 τῆς
1655 3839 1857 3911 ἡδονῆς

224 3927 440 4002 δελέατι,
482 3932 564 3994 ὡς
623 3928 685 3985 ἃν
744 3930 923 4003 τούτῳ
980 3931 1386 4006 περιχανόντες,
1447 3928 1636 4000 ἐκείνῳ
1694 3951 1858 4006 περι-

223 4026 442 4093 παρῶσι,
501 4022 792 4077 κάντεῦθεν
854 4017 1096 4076 λαϐοῦσα
1180 4018 1556 4096 ῦποχειρίους,
1615 4020 1713 4075 ὅσα
1767 4022 1858 4076 καὶ

223 4111 500 4184 ὁπηρέταις
558 4111 752 4166 αὐτοῖς
804 4112 1104 4186 χρήσηται.
1167 4109 1289 4168 Εἴθε
1347 4112 1442 4183 μὲν
1502 4111 1591 4165 οῦν
1636 4112 1712 4183 μὴ
1769 4111 1859 4166 καὶ

212 4199 544 4276 ’συμμάχους
604 4197 918 4274 ἐκλάμϐανε
982 4200 1119 4256 κατά
1173 4208 1272 4271 τῆς
1321 4204 1529 4278 ψυχῆς,
1578 4200 1703 4262 τοὺς
1757 4198 1856 4255 διὲ-

224 4310 326 4345 πειν
400 4292 537 4367 φεῦί
599 4290 696 4344 καὶ
768 4295 1021 4367 φρουρεῖν
1083 4290 1255 4358 αὐτὴν
1341 4288 1859 4364 ἐπιτετραμμένοος.

225 4379 277 4433 Ei
320 4382 421 4456 γὰρ
471 4379 799 4456 γυμνωθείη
846 4385 945 4448 τῆς
993 4376 1052 4435 ἐκ
1088 4383 1195 4434 τῶν
1229 4378 1508 4455 λογισμῶν
1541 4377 1862 4453 συμμαχίας

225 4469 389 4537 ἥδισθ’
418 4472 589 4544 ἡμῶν
641 4468 861 4543 ὀργῶσα
901 4468 1082 4538 κακία,
1114 4467 1193 4532 εἷς
1242 4469 1418 4541 μάτην
1470 4467 1607 4541 αὐτῇ
1655 4469 1721 4522 τὰ
1759 4476 1858 4538 τῆς

225 4556 418 4632 ἐνέδρας
479 4557 639 4615 ἔσται
697 4559 785 4612 καὶ
849 4558 1198 4633 μαγγανείας,
1260 4559 1338 4629 μή
1396 4563 1665 4636 πεφυκυῖα
1716 4558 1856 4630 μόνη

1961 3407 2219 3477 jucunde
2249 3402 2501 3476 primum
2522 3401 2626 3474 qui
2655 3405 2890 3456 vocatur
2928 3396 3274 3468 impulsum,
3327 3399 3384 3451 et
3439 3395 3611 3451 hasce

1964 3495 2269 3551 blanditiis
2293 3491 2504 3564 speciei
2532 3490 2769 3560 objecta:
2799 3501 3172 3557 corrumpere
3209 3484 3451 3541 subdole
3482 3500 3608 3540 ma-

1966 3582 2261 3648 chinatur,
2317 3586 2491 3652 atque
2543 3577 2827 3651 principia
2890 3575 3279 3646 voluptatum,
3330 3576 3608 3644 tanquam

1966 3678 2283 3744 conceptus
2330 3686 2542 3738 meros,
2602 3683 2786 3738 neque
2852 3665 3044 3736 majus
3100 3662 3336 3735 aliquod
3389 3661 3607 3717 malum

1966 3760 2285 3827 trahentes,
2318 3766 2536 3815 temere
2565 3756 2821 3827 recipere
2840 3750 3165 3826 persuadet.
3188 3750 3334 3806 Nam
3365 3748 3610 3805 hamum

1968 3851 2186 3924 peccati
2218 3849 2329 3905 sub
2360 3864 2492 3904 esca
2520 3844 2833 3917 voluptatis
2882 3842 3206 3902 abscondit,
3253 3846 3317 3897 ut
3341 3838 3444 3912 qui
3476 3839 3613 3895 huic

1965 3940 2213 4006 inhient,
2245 3940 2303 3993 in
2335 3938 2509 3993 istum
2533 3934 2831 4002 incidant;
2865 3936 2989 3988 tum
3018 3945 3117 3988 eos
3156 3931 3320 3987 ducit
3350 3929 3609 4001 captivos

1967 4035 2028 4086 et
2053 4034 2337 4101 tanquam
2398 4024 2689 4093 mancipia
2724 4025 2950 4079 tractat.
2984 4020 3217 4077 Utinam
3267 4019 3445 4093 igitur
3492 4033 3611 4074 non

1967 4134 2228 4175 sumeres
2257 4119 2460 4172 contra
2514 4114 2776 4170 animam
2833 4109 3208 4167 auxiliatores
3255 4110 3412 4180 ipsos
3455 4107 3610 4176 illos,

1969 4206 2182 4278 quibus
2204 4204 2364 4259 illam
2388 4199 2765 4274 persequendi
2797 4214 2864 4253 ac
2902 4196 3269 4254 custodiendi
3317 4212 3458 4251 cura
3502 4198 3609 4251 est.

1968 4297 2107 4353 Nam
2135 4295 2186 4351 si
2209 4294 2430 4365 privata
2469 4290 2640 4346 fuerit
2668 4286 3082 4360 cogitationum
3113 4285 3330 4343 auxilio
3361 4284 3612 4358 pravitas

1966 4387 2069 4443 illa
2097 4401 2224 4457 quis
2254 4387 2452 4440 contra
2474 4398 2579 4436 nos
2610 4378 2838 4435 infensa
2866 4384 2976 4443 est,
3008 4377 3229 4433 frustra
3275 4380 3445 4432 erunt
3474 4390 3608 4430 om-

1969 4492 2073 4533 nes
2092 4475 2217 4545 ejus
2250 4470 2480 4528 insidias
2508 4485 2573 4526 ac
2598 4466 2912 4533 lenocinia,
2942 4481 3077 4523 cum
3109 4468 3391 4535 nequeant
3433 4480 3500 4519 ex
3551 4479 3614 4519 se

1968 4566 2109 4622 solis
2141 4578 2356 4635 regere,
2405 4565 2462 4616 et
2512 4559 2574 4615 iu
2622 4559 2908 4613 actionem
2959 4556 3273 4627 producere
3317 4554 3610 4619 affectum,

225 4649 371 4713 πάθος
447 4645 893 4722 δημιουργῆσαι,
949 4647 1041 4701 καὶ
1122 4647 1197 4710 εἷς
1274 4641 1427 4722 ἔργον
1495 4652 1856 4721 προενεγκεῖν,

1975 4656 2068 4729 qui
2096 4657 2376 4724 tanquam
2404 4648 2565 4706 bulla
2597 4648 2768 4704 modo
2798 4650 3055 4718 apparet,
3079 4646 3254 4701 modo
3285 4643 3539 4714 disparet
3557 4646 3617 4698 et

224 4739 277 4792 τὸ
323 4739 702 4815 πομφόλυγος
762 4734 916 4807 δίκην
973 4738 1114 4809 ὁμοῦ
1168 4757 1227 4791 τε
1281 4738 1625 4815 φαινόμενον,
1656 4756 1746 4790 και
1775 4736 1860 4790 εὖ·

228 4826 306 4890 οὓς
351 4828 750 4901 ἀπολλύμενον
795 4826 883 4883 καὶ
943 4824 1321 4900 διαλυόμενον,
1364 4831 1553 4901 νεκρᾶς
1598 4827 1655 4882 ὃν
1706 4826 1860 4901 ἀτεχ-

226 4920 436 4986 νῶς-,ὡς
494 4919 700 4989 εἷπεῖν,
751 4919 839 4973 καὶ
893 4917 1236 4991 ἀνυπάρκτου
1291 4916 1535 4994 φύσεως’
1595 4915 1744 4971 ἀλλὰ
1797 4916 1860 4971 τὸ

233 5007 349 5061 εἶναι
383 5008 474 5063 καὶ
535 5008 604 5063 τὸ
662 5011 765 5080 ζῇν
822 5007 959 5081 πρὸς
1010 5010 1119 5061 τῶν
1167 5006 1447 5080 ἡμετέρων
1486 5004 1858 5079 δανειζόμενον

233 5095 519 5172 λογισμῶν,
547 5101 741 5172 νεκροῖ
795 5094 926 5157 τοὺς
980 5095 1043 5151 τὸ
1090 5099 1187 5169 ζῇν
1241 5092 1482 5159 διδόντας
1522 5095 1690 5167 αὐτῷ.
1722 5098 1861 5152 Τοις

235 5189 350 5239 αὕτα
398 5188 505 5261 γὰρ
567 5187 641 5241 τὰ
695 5188 803 5239 τῶν
876 5186 1061 5239 παθῶν
1136 5191 1237 5254 τῆς
1312 5186 1501 5247 κακίας
1567 5183 1860 5259 ἐπίχειραο

233 5273 349 5345 αῦτη
375 5275 561 5331 τοίνυν
585 5277 625 5345 ἡ
670 5269 958 5350 προσϐολή
987 5274 1061 5336 ὡς
1090 5275 1288 5343 ἥκιστα
1331 5281 1431 5344 τῆς
1475 5276 1637 5346 ἡμῶν
1677 5294 1862 5349 προαιο

237 5360 409 5431 ρεσεως
464 5360 788 5438 ἠρτημένη,
819 5358 1075 5438 ἔγκλημα
1124 5364 1261 5435 ἡμῖν
1320 5363 1432 5437 οὐχ
1487 5361 1580 5418 οἶα
1606 5384 1662 5418 τε
1691 5383 1860 5437 προσο

231 5453 528 5524 τρέψασθαι.
612 5456 673 5506 ‘0
761 5449 1099 5523 συνδυασμὸς
1182 5448 1355 5506 ἔπεισι
1443 5449 1713 5526 δεύτερος,
1799 5453 1859 5508 ’ὀν

230 5540 391 5613 ἡρέμα
447 5541 541 5596 καὶ
602 5541 719 5595 κατ’
754 5538 947 5615 ὀλίγον
1005 5542 1067 5596 τὸ
1111 5545 1212 5611 τῆς
1260 5536 1578 5615 προσϐολῆς
1635 5543 1859 5614 θαμινὸν

230 5628 391 5686 εἰώθει
471 5632 790 5705 ἆπογεννᾷν,
871 5628 1126 5704 ἐμπαθῶς
1197 5630 1231 5700 ἢ
1308 5630 1396 5686 καί
1469 5631 1688 5694 ἀπαθῶς
1761 5635 1860 5687 τοῦ

235 5719 489 5795 λογισμοῦ
546 5720 962 5784 συλλαλοῦντας
1018 5725 1100 5794 τῷ
1152 5717 1553 5796 προσϐαλόντι·
1590 5726 1749 5779 τοῦτο
1777 5722 1861 5787 τίς

1968 4742 2328 4811 dissolvitur,
2362 4737 2621 4796 mortalis
2653 4736 2821 4808 plane
2858 4752 2925 4791 ac
2974 4750 3178 4807 parum
3236 4732 3615 4789 subsistentia

1969 4837 2214 4890 naturai.
2247 4829 2463 4887 Verum
2493 4826 2552 4882 id
2580 4826 2734 4898 quod
2757 4840 2886 4881 esse
2905 4827 2964 4880 et
2986 4823 3171 4880 vivere
3190 4822 3401 4894 accipit
3417 4838 3450 4876 a
3467 4819 3616 4892 cogi-

1971 4920 2291 4979 tationibus
2337 4915 2574 4981 nostris,
2624 4913 2897 4969 interﬁcit
2941 4928 3037 4968 eas
3088 4927 3215 4982 qua
3264 4909 3379 4981 ipsi
3434 4908 3612 4964 vitam

1969 5011 2273 5067 dederunt.
2309 5003 2608 5077 Ejusmodi
2629 5004 2781 5059 enim
2803 5005 3273 5073 sunt.pravorum
3296 4998 3612 5054 affectuum

1970 5097 2227 5173 prmmia.
2252 5096 2353 5151 llic
2385 5094 2559 5167 igitur
2584 5091 2889 5162 impulsus,
2922 5105 3062 5147 cum
3096 5087 3333 5144 minime
3362 5103 3396 5142 a
3417 5088 3617 5142 nostra

1970 5189 2266 5247 voluntate
2284 5186 2628 5258 dependeat,
2658 5182 2880 5240 crimen
2911 5179 3081 5237 nobis
3101 5178 3367 5235 aﬁricare
3389 5175 3614 5248 nequit.

1968 5277 2204 5335 Accedit
2232 5274 2494 5331 secunda
2520 5272 2851 5343 conjunctio
2893 5285 3070 5340 quam
3107 5266 3325 5323 sensim
3373 5264 3614 5337 quidem

1970 5375 2024 5424 et
2056 5364 2633 5439 paulatimfrequens
2664 5358 2955 5430 impulsus
3000 5357 3148 5415 solet
3191 5371 3486 5427 generare,
3524 5371 3614 5411 ra—

1968 5457 2128 5513 tione
2157 5454 2243 5511 vel
2276 5470 2407 5509 cum
2444 5452 2710 5524 passione
2735 5448 2820 5504 vel
2862 5448 3006 5503 citra
3053 5444 3423 5518 impressioni
3471 5460 3612 5500 con-

1969 5545 2276 5603 sentiente'
2310 5543 2448 5609 Quis
2494 5556 2628 5596 vero
2671 5540 2893 5595 asserat
2938 5536 3049 5592 hoc
3097 5535 3305 5591 animae
3344 5534 3615 5591 rationali

1970 5652 2085 5693 non
2128 5649 2353 5699 nocere,
2405 5630 2592 5703 quoad
2634 5628 2731 5684 Dei
2779 5625 3190 5699 cognitionem,
3221 5639 3357 5682 cum
3401 5623 3615 5697 cogita-

1973 5727 2163 5784 tiones
2211 5725 2339 5796 ejus
2397 5720 2619 5779 talibus
2683 5716 3077 5789 occupentur?
3121 5716 3297 5775 Adest
3340 5714 3509 5773 tertio
3556 5715 3615 5769 in
