4080 6224
419 401 537 466 119

1697 407 2078 470 MATTH/EI
2121 399 2546 466 BLASTABIS

3707 391 3821 450 120

423 535 552 592 loco
593 553 886 606 assensus,
933 535 1202 594 indicans
1251 539 1434 610 ipsam
1485 541 1692 596 anima:
1735 539 2060 596 inclinatio-

2196 535 2232 588 ίν
2291 531 2632 606 ίσχυρίσαιτο
2689 529 2764 600 μή
2825 525 3026 598 ζημίαν
3095 527 3232 580 εἶναι
3305 527 3494 602 ψυχῆς
3559 522 3818 598 λογικῆς,

425 641 558 682 nem
600 625 672 680 ad
719 626 988 682 atl'ectum
1047 627 1476 698 voluptuosum.
1537 646 1706 701 quem
1786 637 2066 701 tanquam

425 714 818 787 syngrapham
861 715 1147 786 recipiens
1191 719 1549 788 prohibitum
1597 719 1714 774 sive
1771 718 2068 790 captivitas

427 819 622 874 presse
653 813 853 872 quarto
883 803 944 858 in
978 805 1102 860 loco
1132 807 1410 876 sequitur,
1461 807 1674 864 bonam
1723 825 1848 880 qua:
1881 809 2068 862 adhuc

425 896 548 948 erat
577 892 754 946 animi
805 892 1244 964 dispositionem
1291 896 1538 962 violans,
1597 899 2070 968 persuadensque

423 978 668 1048 experiri
705 979 872 1034 fallax
903 981 1334 1046 imaginationis
1359 984 1601 1040 malum.
1621 985 1724 1040 Sin
1753 1001 1886 1040 vero
1923 991 2069 1038 tem-

427 1083 566 1138 pore
611 1068 888 1124 orationis
951 1071 1288 1142 obrepserit,
1341 1073 1584 1143 impedit
1629 1091 1702 1128 ne
1761 1074 2068 1128 utilitatem

425 1156 562 1211 inde
593 1155 772 1210 ullam
805 1157 1121 1226 capiamus,
1153 1165 1208 1213 et
1259 1160 1432 1216 malis
1479 1161 1932 1234 cogitationibus
1975 1163 2070 1216 in-

425 1245 656 1299 volutos
683 1247 850 1300 ridet.
883 1247 1027 1302 Cum
1062 1249 1236 1318 igitur
1265 1249 1685 1322 intelligamus,
1727 1268 1902 1321 quam
1936 1251 2070 1306 mali

427 1335 640 1402 simus,
673 1339 1008 1393 annitamur
1047 1339 1102 1394 id
1161 1339 1528 1396 colluctando
1583 1358 1858 1414 superare
1915 1341 2070 1414 quod

431 1429 662 1480 nosmet
683 1425 1054 1496 supplantare
1083 1437 1354 1494 conatur;
1399 1435 1456 1484 et
1503 1431 1752 1484 duorum
1799 1429 2072 1493 alterum,

431 1517 532 1568 aut
561 1513 778 1570 scilicet
807 1515 1206 1572 vehementius
1237 1518 1578 1574 anhelantes
1617 1520 1832 1574 auxilio
1880 1520 2074 1574 divino

429 1604 678 1658 victores
708 1605 1078 1672 evaserimus,
1130 1611 1230 1662 aut
1275 1609 1512 1663 emolliti
1557 1613 1614 1664 et
1657 1615 1818 1680 terga
1869 1611 2074 1663 dantes

433 1707 672 1760 agemur
739 1697 798 1748 et
861 1695 1117 1749 feremur
1199 1697 1280 1752 lta
1343 1697 1574 1764 quidem
1659 1698 1902 1768 spiritus
1983 1713 2078 1752 ne-

433 1780 628 1850 quitiae
677 1781 952 1836 diuturno
1008 1787 1268 1856 tempore
1333 1788 1484 1854 apud
1565 1786 1818 1840 animam
1859 1803 2076 1858 perma-

433 1874 676 1936 mentes,
707 1879 756 1925 et
789 1870 848 1924 in
899 1887 1068 1926 suum
1119 1873 1382 1930 habitum
1427 1875 1616 1942 ipsam
1639 1877 2052 1930 transferentes

433 1959 652 2012 dictum
687 1959 922 2015 demum
957 1961 1520 2034 aﬂ'ectumtanquam
1545 1971 1854 2035 tropeaeum
1891 1965 2080 2034 ﬁgunt

433 2053 490 2102 et
511 2048 846 2104 columnam
879 2051 934 2103 in
969 2053 1140 2106 corde
1171 2055 1454 2108 memoria
1499 2059 1852 2108 crescentem
1885 2060 1944 2108 et
1969 2071 2076 2107 usu

433 2144 861 2204 conservatam,
914 2145 972 2194 et
1035 2143 1292 2196 animam
1347 2149 1792 2212 prieparantem,
1841 2145 1906 2198 ad
1949 2159 2080 2213 per-

437 2227 778 2298 petrandum
811 2227 867 2282 in
901 2229 1102 2298 quavis
1131 2247 1191 2284 re
1221 2232 1488 2300 quamvis
1515 2231 1960 2302 turpitudinem.

2060 1918 2074 1982 Ῐ
2111 1917 2153 1982 Β

2171 627 2272 688 τῆς
2319 626 2418 677 τοῦ
2465 623 2600 674 Θεοῦ
2647 617 2860 677 ἑννοίας
2909 617 3034 690 περὶ
3083 615 3338 675 πλείονος
3375 619 3482 668 τῶν
3535 611 3817 686 λογισμῶν

2173 711 2341 780 αὐτῆς
2399 712 2744 780 ποιουμένων
2798 705 2898 772 τὴν
2953 704 3079 778 περὶ
3133 705 3200 758 τὰ
3263 707 3488 758 τοιαῦτα
3561 698 3817 774 σχολήν;

2173 803 2236 857 Ἠ
2287 799 2670 874 συγκατάθεσις
2739 793 3018 872 ἐφίσταται
3095 793 3275 865 τρίτη,
3323 795 3498 845 νεῦσιν
3573 789 3664 844 καὶ
3719 797 3817 857 τῆς

2176 891 2363 966 ψυχῆς
2409 889 2794 958 κατηγοροῦσα
2843 883 2980 955 πρὸς
3007 882 3071 936 τὸ
3109 880 3276 942 πάθος
3317 877 3590 949 ἐνήδονον,
3621 880 3687 947 ἣν
3731 875 3818 932 καὶ

2177 981 2254 1040 ὼς
2291 981 2666 1052 γραμματεῖον
2715 969 2824 1042 ἤδη
2871 970 3132 1044 δεξαμένη
3183 969 3517 1045 ἀπόρρητον,
3545 970 3580 1036 ἣ
3615 967 3820 1042 αἰχμα-

2177 1065 2352 1122 λωσέα
2429 1067 2566 1119 κατὰ
2635 1061 2806 1123 πόδας
2891 1061 3120 1134 τετάρτη
3207 1059 3665 1132 κατεξανίσταται,
3721 1059 3822 1124 τὴν

2175 1159 2400 1230 ἀρίστην
2463 1159 2625 1228 ἡμῶν
2673 1153 2974 1231 ἀχρειοῦσα
3033 1151 3374 1220 κατάστασιν,
3430 1155 3530 1217 τῆς
3595 1143 3822 1220 καρδίας

2178 1245 2286 1316 ἤδη
2359 1241 2777 1319 περιγενομένη,
2855 1239 2944 1294 καὶ
3029 1237 3312 1310 δρέπεσθαι
3383 1235 3644 1291 πείθουσα
3723 1237 3826 1302 τὴν

2177 1336 2469 1405 ἀπατηλήν
2531 1333 2772 1406 βλάστην
2830 1335 2932 1397 τῆς
2990 1327 3304 1406 φαντασίας.
3363 1326 3428 1382 Εἴ
3473 1323 3532 1380 δὲ
3587 1326 3677 1379 καὶ
3743 1329 3827 1396 τῷ

2179 1429 2355 1496 καιρῷ
2411 1431 2512 1491 τῆς
2563 1423 2879 1496 προσευχῆς
2937 1417 3276 1494 εἷσφθαρείη,
3325 1413 3478 1472 οὐδὲν
3527 1414 3830 1470 ἀπόνασθαι

2177 1515 2380 1582 ταύτης
2439 1511 2520 1582 ἐᾷ,
2552 1511 2640 1565 καὶ
2707 1507 2944 1580 μάλιστα
2999 1513 3265 1576 πονηροῖς
3319 1505 3695 1577 ἐνθυμήμασιν
3737 1505 3828 1558 αἱ-

2185 1603 2483 1678 ρουμένους
2543 1595 2998 1674 ἐγκαλινδεῖσθαι.
3061 1591 3306 1654 Συνέντες
3365 1591 3422 1648 δὲ
3555 1597 3724 1648 κακοῦ
3753 1610 3836 1666 γε·

2183 1689 2440 1766 γόναμεν,
2471 1687 2562 1744 διὰ
2615 1685 2802 1757 πάλης
2851 1683 3223 1761 περιγενέσθαι
3263 1687 3362 1738 τοῦ
3403 1685 3682 1754 πτερνίσαι
3721 1703 3836 1736 πει·

2187 1780 2438 1856 ρωμένου
2491 1777 2814 1850 περώμεθα·
2873 1774 2964 1829 καὶ
3023 1771 3173 1828 δυοῖν
3229 1774 3470 1846 θάτερον,
3511 1771 3546 1840 ἢ
3599 1768 3832 1848 σφοδρό-

2185 1889 2338 1942 τερον
2417 1865 2736 1926 πνεύσαντις
2821 1861 3188 1940 ἐκρατήσαμεν
3267 1861 3508 1933 θειοτέρᾳ
3565 1861 3732 1934 ῥοπῇ,
3791 1860 3830 1928 ἢ

2195 1959 2585 2032 γαυνωθέντες,
2641 1955 2733 2008 καὶ
2810 1953 2876 2008 τὰ
2955 1957 3100 2006 νῶτα
3183 1949 3385 2017 δόντες,
3439 1949 3682 2024 ἀγόμεθα
3737 1949 3832 2002 καὶ

2189 2048 2482 2126 φερόμεθα.
2531 2043 2686 2098 Οὕτω
2749 2039 2806 2096 δὲ
2873 2041 2940 2096 τὰ
3021 2047 3122 2108 τῆς
3205 2039 3470 2112 πονηρίας
3549 2037 3832 2109 πνεύματα

2189 2143 2376 2211 συχνῷ
2433 2135 2620 2210 χρόνῳ
2675 2137 2744 2206 τῇ
2793 2135 2946 2207 ψυχῇ
2995 2131 3418 2204 παραμείναντα,
3447 2131 3536 2184 καὶ
3597 2131 3672 2190 είς
3727 2131 3833 2196 τήν

2191 2232 2338 2306 σφῶν
2397 2227 2570 2280 αὐτῶν
2639 2221 2746 2294 ’ἑξιν
2817 2221 2990 2290 αὐτὴν
3065 2221 3418 2292 μεταθέμενα,
3473 2216 3835 2286 τελευτῶντα,

436 2335 499 2368 το
557 2315 856 2388 λεγόμενον
915 2317 1110 2384 πάθος,
1167 2319 1357 2374 ὡσανεὶ
1415 2319 1700 2394 τρόπαιον,
1755 2321 2016 2396 πήγνυσι,
2066 2319 2156 2373 καὶ
2215 2317 2426 2388 στήλην
2479 2314 2531 2370 ἒν
2583 2318 2652 2387 τῇ
2709 2309 2904 2388 καρδίᾳ
2959 2315 3028 2384 τῇ
3091 2314 3282 2383 μνήμῃ
3335 2308 3686 2386 τρεφόμενον»
3741 2309 3838 2362 καὶ

439 2409 508 2478 τῇ
573 2405 826 2478 συνηθείᾳ
889 2403 1346 2482 διατηρούμενον,
1393 2409 1484 2464 καὶ
1566 2412 1666 2480 τήν
1750 2411 1936 2486 ψυχὴν
2021 2408 2425 2484 παρασκευάζον
2505 2405 2628 2480 περὶ
2711 2403 2908 2463 παντὸς
2999 2401 3274 2456 ποιεῖσθαι
3354 2405 3526 2454 πᾶσαν
3605 2398 3840 2474 αἰσχρό-

439 2515 600 2566 τητα.

513 2587 820 2658 Propterea
847 2593 904 2644 et
933 2590 964 2642 4
1026 2607 1152 2662 syn.
1203 2591 1690 2647 Neocaesariensis
1737 2608 1922 2647 canon
1955 2607 2082 2644 cum

442 2677 541 2747 qui
571 2676 868 2732 mulierem
901 2681 1256 2746 concupiscit
1289 2685 1346 2734 et
1377 2680 1434 2736 in
1487 2683 1683 2737 animo
1735 2681 1910 2735 habet
1948 2697 2082 2735 cum

441 2765 542 2820 illa
585 2783 700 2819 una
747 2767 1020 2830 dormire,
1071 2767 1118 2822 si
1171 2770 1340 2824 modo
1387 2773 1746 2840 propositum
1791 2771 1918 2839 ejus
1967 2785 2078 2822 non

441 2855 702 2924 procedat
737 2855 806 2908 ad
837 2859 1056 2916 actum,
1091 2873 1189 2929 per
1217 2860 1462 2928 gratiam
1505 2858 1734 2913 liberari
1789 2859 2078 2925 afﬁrmat;

441 2949 698 2998 attamen
729 2943 960 3012 expedit
1005 2961 1136 2999 eum
1187 2947 1552 3001 mediocriter
1597 2947 1891 3018 castigari,
1917 2949 2083 3014 juxta

443 3047 722 3087 canonem
753 3033 824 3086 70
855 3033 1046 3106 magni
1083 3033 1292 3090 Basilii.
1329 3035 1418 3089 Ait
1449 3037 1625 3095 enim.
1678 3037 1988 3091 diaconum
2021 3037 2078 3090 in

441 3120 614 3176 labiis
657 3119 947 3192 pollutum
995 3127 1052 3176 et
1098 3123 1468 3178 conﬁtentem
1513 3139 1574 3177 se
1621 3125 1808 3195 quoad
1878 3123 2082 3179 oscula

443 3226 734 3282 peccasse,
767 3212 838 3264 ab
858 3211 1047 3266 ofﬁcio
1068 3212 1358 3268 abstinere
1387 3214 1806 3284 aliquantisper
1835 3219 2077 3286 oportet,

443 3301 540 3356 sed
567 3315 700 3356 cum
721 3301 984 3356 diaconis
1023 3301 1250 3356 interim
1301 3319 1462 3358 sacra
1509 3302 1962 3358 communicare.
1999 3303 2080 3356 lta
2111 3333 2154 3400 Ο

445 3393 504 3442 et
534 3389 954 3460 presbyterum.
987 3387 1086 3444 Sin
1117 3405 1248 3444 vero
1281 3391 1750 3462 deprehendatur
1777 3391 1836 3446 in
1879 3392 2076 3446 eodem

447 3477 656 3532 delicto
707 3493 1096 3548 perseverans,
1147 3480 1550 3552 cujuscunque
1611 3480 1830 3552 gradus
1889 3481 2082 3548 fuerit,

447 3565 656 3637 deponi
687 3565 914 3622 debere.

519 3745 668 3802 225
701 3745 1064 3802 Conveniunt
1094 3763 1228 3803 cum
1279 3748 1408 3802 istis
1459 3765 1647 3803 nonus
1695 3749 1870 3803 etiam
1915 3755 2090 3820 atque

449 3835 710 3890 decimus
759 3835 1018 3903 ejusdem
1051 3837 1275 3891 concilii
1309 3839 1783 3893 Neocaesariensis
1817 3853 2088 3906 canones,

450 3925 725 3990 dicentes,
763 3925 999 3980 Peccata
1061 3943 1188 3996 quae
1257 3927 1697 3982 fornicationem
1757 3928 2092 3982 antecedere

449 4015 659 4082 solent,
693 4015 973 4069 nimirum
1019 4029 1143 4085 quae
1193 4021 1460 4086 spectant
1507 4017 1578 4070 ad
1631 4021 1842 4082 tactus,
1883 4021 1940 4070 et
1980 4016 2094 4072 alia

451 4105 1014 4174 hujusmodi,sermo
1046 4105 1268 4160 obtinet
1297 4105 1452 4176 apud
1501 4105 1832 4177 complures
1865 4107 2092 4161 ordina-

451 4195 608 4248 tione
640 4193 801 4248 solvi.
853 4193 914 4248 Si
949 4199 1142 4248 tamen
1187 4200 1322 4250 ante
1374 4196 1798 4250 ordinationem
1847 4196 2096 4251 fornica-

451 4283 626 4338 tionis
669 4289 934 4338 teneatur
999 4283 1080 4338 vel
1135 4285 1448 4355 presbyter,
1519 4285 1604 4340 vel
1675 4285 1974 4352 diaconus,
2041 4291 2099 4340 et

449 4374 806 4430 conscientia
853 4373 1194 4444 compulsus
1249 4375 1526 4430 delictum
1595 4381 1728 4430 ante
1785 4376 2098 4430 ordinatio-

450 4481 581 4520 nem
605 4465 984 4520 commissum
1016 4466 1322 4521 confessus
1355 4467 1544 4534 fuerit,
1579 4484 1610 4518 ιι
1661 4469 2098 4522 consecratione

451 4553 823 4608 Eucharistias
857 4553 1274 4622 prohibebitur,
1329 4557 1421 4609 sed
1457 4561 1648 4610 tamen
1703 4557 1770 4608 ad
1823 4557 2092 4611 virtutem

449 4659 812 4698 conversusa
843 4642 1062 4697 caeteris
1094 4644 1396 4698 sacerdotii
1445 4645 1756 4715 privilegiis
1803 4662 1918 4700 non
1961 4647 2084 4712 reji-

451 4733 653 4788 cietur.
697 4735 764 4786 At
812 4748 945 4786 vero
1012 4733 1060 4786 si
1129 4749 1232 4786 nec
1299 4735 1422 4802 ipse
1471 4735 1836 4800 confiteatur,
1901 4751 2088 4804 neque

451 4821 756 4876 manifeste
806 4821 1202 4884 convincatur,
1261 4827 1484 4890 oportet
1535 4839 1708 4892 penes
1771 4823 2094 4892 ipsummet

455 4913 797 4981 potestatem
843 4923 970 4965 esse
1011 4909 1095 4962 vel
1163 4911 1426 4964 cessandi
1493 4911 1540 4964 si
1613 4913 1953 4981 peccaverit,
2004 4913 2092 4966 vel

454 5015 614 5054 sacra
646 4999 918 5060 obeundi,
954 5003 998 5052 si
1027 4997 1170 5052 nihil
1213 4997 1320 5051 sibi
1374 5000 1644 5054 conscius
1703 5001 1892 5055 fuerit.
1943 5001 2093 5066 Quin

453 5089 572 5143 imo
601 5087 646 5142 si
679 5104 710 5141 a
741 5089 1002 5160 quinque
1037 5087 1308 5152 testibus,
1355 5088 1454 5157 qui
1495 5090 1827 5158 juramentn
1851 5106 2098 5144 accusa-

455 5179 667 5232 tionem
739 5177 1230 5243 confirmaverint,
1281 5177 1580 5231 convictus
1657 5179 1828 5232 fuerit
1893 5183 2098 5248 praeter

455 5266 872 5338 depositionem
903 5267 1072 5320 etiam
1107 5265 1419 5334 privilegiis
1464 5267 1766 5322 sacerdotii
1828 5266 2098 5322 multabi-

455 5361 554 5410 tur
581 5361 636 5410 et
663 5355 722 5410 in
745 5357 1020 5410 laicorom
1051 5353 1242 5409 locum
1277 5355 1630 5411 retrudetur.

525 5442 884 5512 Theophilus
931 5447 1126 5497 autem
1183 5442 1606 5498 Alexandrinus
1669 5445 1724 5496 in
1795 5459 2015 5498 canone
2063 5445 2098 5498 5

457 5533 556 5595 ait,
595 5533 880 5586 Lectorem
915 5531 1313 5587 fornicationis
1345 5547 1526 5596 reum,
1571 5533 1620 5586 si
1670 5539 1936 5588 accurata
1965 5550 2094 5588 exa-

460 5621 776 5676 minutione
823 5621 969 5678 facta
1010 5627 1204 5692 aperte
1251 5621 1646 5686 convincatur,
1687 5639 1720 5677 a
1769 5621 1918 5678 clero
1965 5621 2094 5692 ejici

459 5713 712 5782 oportet;
761 5713 819 5764 et
865 5710 924 5765 in
991 5709 1142 5767 clero
1175 5709 1408 5780 quidem
1469 5725 1826 5780 permanere,
1881 5713 1929 5767 si
1979 5727 2094 5768 non

2121 4695 2172 4758 D

2263 2595 2362 2641 Δια
2408 2583 2474 2654 δή
2523 2589 2689 2639 τοῦτο
2731 2585 2823 2638 καὶ
2873 2583 2901 2638 ὁ
2939 2582 3192 2654 τέταρτος
3223 2587 3324 2648 τῆς
3359 2579 3412 2635 ἐν
3441 2581 3839 2654 Νεοκαισαρεία

2191 2673 2418 2730 συνόδου
2502 2673 2672 2728 κανὼν
2751 2674 2842 2726 τὸν
2913 2672 3322 2743 ἐπιθυμήσαντα
3394 2670 3668 2742 γυναικὸς,
3741 2669 3839 2723 καὶ

2191 2759 2620 2838 συγκαθευδῆσαι
2665 2761 2834 2834 ταύτῃ
2885 2761 3238 2834 προθέμενον,
3289 2757 3366 2819 εἷς
3419 2755 3576 2832 ἔργον
3637 2755 3694 2811 δὲ
3755 2761 3837 2830 μή

2189 2847 2598 2928 προϐεϐηκύίας
2653 2857 2754 2918 τῆς
2839 2849 3206 2921 ἐνθυμήσεως,
3242 2847 3346 2901 ὑπὸ
3427 2853 3526 2914 τῆς
3605 2849 3840 2920 χάριτος

2191 2945 2450 3017 ῥυσθῆναι
2504 2939 3102 3014 διῖοχυρίζεται,πλήν
3161 2937 3248 2990 καὶ
3305 2941 3498 2990 τοῦτον
3547 2935 3712 2990 καλὸν
3775 2935 3841 2990 ἂν

2190 3033 2273 3105 εἴη
2339 3033 2572 3108 μετρίως
2616 3031 2990 3104 ἐπιτιμᾶσθαι,
3037 3030 3176 3084 κατὰ
3218 3031 3310 3083 τὸν
3359 3031 3406 3082 o'
3441 3032 3539 3084 τοῦ
3589 3029 3843 3104 μεγάλου

2191 3122 2474 3180 Βασιλείου
2531 3121 2744 3176 κανόνα.
2779 3121 2926 3190 Φησῖ
2983 3119 3262 3194 γάρ·Τὸν
3317 3117 3370 3172 ἐν
3419 3116 3632 3195 χείλεσι
3689 3139 3848 3190 μιαν-

2189 3209 2344 3264 θέντα
2391 3207 2666 3274 διάκονον,
2717 3207 2806 3262 καὶ
2873 3206 3038 3279 μέχρι
3096 3205 3410 3282 φιλήματος
3443 3207 3844 3279 ,ἡμαρτηκέναι

2191 3296 2630 3371 ὁμολογήσαντα,
2661 3305 2763 3366 τῆς
2817 3297 2912 3367 μὲν
2970 3295 3313 3371 λειτουργίας
3353 3291 3486 3372 ἄχρι
3531 3297 3680 3358 τινος
3733 3295 3846 3349 ἐπι-

2192 3391 2452 3461 σχεθῆναι
2485 3389 2596 3461 χρή
2627 3407 2639 3420 '
2669 3390 2777 3441 τῶν
2807 3383 2861 3440 δί
2893 3384 3243 3460 ἁγιασμάτων
3277 3384 3372 3437 σὺν
3399 3389 3517 3446 τοῖς
3567 3381 3846 3446 διακόνοις

2196 3473 2630 3550 μεταλαμϐάνειν
2669 3494 2683 3508 ·
2763 3474 3023 3535 ὡσαύτως
3101 3473 3190 3528 καὶ
3269 3469 3653 3548 πρεσϐύτερον.
3737 3477 3843 3528 Τὸν

2195 3564 2252 3621 δέ
2305 3587 2358 3622 τι
2405 3566 2573 3620 πλέον
2623 3565 2938 3639 φωραθέντα
2985 3564 3382 3638 ἡμαρτηκέναι,
3415 3561 3468 3618 ἐν
3511 3561 3612 3636 οἵῳ
3657 3561 3718 3617 ἂν
3751 3563 3841 3634 εἴη

2199 3658 2300 3730 βαθ
2310 3659 2418 3728 μῷ,
2450 3656 2842 3730 καθαιρεῖσθαι.

2267 3749 2490 3800 ’Έπεται
2539 3745 2754 3805 τούτοις
2801 3745 2888 3800 καὶ
2939 3745 2968 3799 ὁ
3015 3745 3057 3797 θ’
3086 3745 3308 3817 προσέτι
3355 3743 3444 3798 καὶ
3476 3745 3504 3798 ὁ
3547 3751 3575 3797 ι’
3605 3747 3702 3812 τῆς
3735 3743 3846 3799 αύ-

2199 3841 2297 3902 τῆς
2361 3833 2413 3888 ἐν
2487 3833 2875 3907 Νεοκαισαρείᾳ
2953 3831 3197 3901 συνόδου,
3255 3834 3324 3888 τὰ
3383 3833 3480 3902 μὶν
3559 3834 3665 3906 πρὸ
3733 3841 3842 3904 τῆς

2201 3925 2454 3996 πορνείας
2533 3923 2778 3999 λέγοντες
2853 3927 3243 3998 ἁμαρτήματα,
3301 3925 3433 3996 ἅπερ
3505 3922 3557 3978 ἔν
3613 3922 3852 4000 ἐπαφαῖς

2201 4015 2292 4070 καὶ
2377 4015 2676 4092 φιλήμασι,
2733 4016 2820 4069 καὶ
2905 4013 3108 4090 έτέροις
3193 4011 3259 4084 δή
3337 4035 3445 4068 τισι
3519 4015 3852 4086 θεωροῦνται

2201 4105 2496 4172 τοιούτοις,
2529 4103 2695 4177 λόγος
2729 4105 2874 4174 αἱρεῖ
2926 4103 3072 4177 παρᾶ
3109 4107 3226 4165 τοῖς
3265 4101 3500 4167 πολλοῖς
3529 4100 3855 4160 διαλύεσθαι

2203 4197 2272 4266 τῇ
2341 4193 2676 4266 χειροθεσίᾳ,
2737 4192 2798 4246 Εἰ
2867 4193 3054 4264 μέντοι
3131 4193 3238 4266 πρὸ
3322 4199 3425 4262 τῆς
3499 4192 3854 4270 χείροτονίας

2207 4282 2460 4356 πορνείας
2535 4281 2659 4349 ἥλω
2733 4277 3096 4355 πρεσϐύτερος
3167 4281 3203 4350 ἢ
3281 4279 3556 4342 διάκονος.
3615 4283 3705 4335 καὶ
3775 4287 3858 4354 τῷ

2208 4369 2472 4425 συνειδότι
2521 4371 2853 4442 κρουόμενος
2903 4370 3272 4446 ὁμολογήσειε
3318 4372 3380 4424 τὸ
3423 4372 3528 4443 πρὸ
3575 4378 3676 4440 τῆς
3723 4391 3860 4448 χει-

2209 4465 2452 4532 ροτονίας
2513 4459 2837 4532 ἁμάρτημα,
2887 4464 2982 4513 τοῦ
3035 4461 3128 4530 μὶν
3191 4461 3492 4534 ἱερουργεῖν
3561 4459 3858 4535 εἰρχθήσε-

2205 4567 2330 4603 ται·
2392 4549 2588 4622 ἀρετῆς
2653 4547 2708 4603 δῖε
2771 4548 3254 4622 μεταποιούμενος,
3313 4553 3422 4603 τῶν
3483 4546 3692 4603 λοιπῶν
3749 4557 3858 4618 τῆς

2205 4637 2510 4714 ἱερωσύνης
2579 4635 2874 4712 πρεσϐείων
2935 4637 3034 4692 οὐκ
3093 4632 3528 4707 ἐκϐληθήσεταί·
3581 4639 3720 4708 μήτε
3795 4637 3858 4694 δὲ

2209 4727 2366 4786 αὐτὸς
2411 4726 2725 4800 ὁμολογῶν,
2771 4730 2910 4798 μήτε
2965 4729 3074 4798 μὴν
3123 4731 3414 4804 προφανῶς
3460 4725 3855 4800 ἐλεγχόμενος,

2205 4815 2286 4872 ἐπ’
2317 4816 2506 4890 ἐκείνῳ
2565 4816 2684 4872 δέον
2741 4820 2839 4886 τήν
2894 4817 3132 4887 ἐξουσίαν
3185 4819 3482 4886 ποιεῖσθαι,
3639 4817 3857 4873 παύσα-

2207 4907 2324 4960 σθαι
2399 4905 2452 4960 εἷ’
2505 4927 2566 4980 γε
2623 4906 2958 4980 ἦμαρτεν,ἣ
3017 4905 3278 4979 ἐνεργεῖν,
3337 4905 3384 4960 εἴ
3445 4903 3612 4978 μηδὲν
3675 4907 3858 4978 ἐαυτῷ

2207 4994 2474 5054 σύνοιδεν.
2519 4995 2834 5076 Ἐλεγχθεὶς
2883 4993 2940 5051 δὲ
2993 4997 3097 5052 ὑπὸ
3139 5001 3294 5050 πέντε
3345 4995 3654 5068 μαρτύρων,
3701 4998 3858 5070 δρκῳ

2203 5087 2304 5154 τήν
2335 5085 2670 5160 κατηγορίαν
2731 5081 3206 5160 βεϐαιωσαμένων,
3237 5105 3372 5159 προς
3427 5089 3496 5158 τῇ
3541 5085 3858 5158 καθαιρέσει

2205 5175 2293 5228 καὶ
2361 5179 2468 5229 τῶν
2531 5179 2704 5250 γερῶν
2757 5181 2857 5244 τῆς
2916 5175 3212 5245 ἱερωσύνης
3275 5175 3707 5245 ζημιωθήσεται,
3769 5175 3850 5236 εἰς

2207 5262 2401 5318 λαϊκοῦ
2443 5262 2810 5336 διωθούμενος
2839 5263 3026 5321 τόπον.

2277 5445 2333 5496 Ὃ
2391 5441 2446 5497 δὲ
2504 5443 2767 5522 Θεόφιλος
2827 5439 3230 5518 ’Δλεξανδρεῖας
3307 5443 3358 5497 ἐν
3415 5447 3492 5515 τῷ
3547 5443 3584 5496 ε’
3641 5445 3858 5513 κανόνι,

2205 5531 2590 5604 Ἀναγνώστην
2649 5534 2893 5606 πορνείαν
2954 5535 3216 5610 φυγόντα,
3251 5535 3292 5586 εἰ
3347 5535 3644 5608 γενομένης
3693 5533 3860 5604 ἀκρι-

2207 5615 2336 5680 ϐοῦς
2395 5621 2678 5689 ἐξετάσεως
2757 5627 3000 5697 φανερῶς
3057 5621 3371 5697 ἐλεγχθείη,
3429 5619 3525 5676 τοῦ
3609 5620 3860 5696 κλήρου,

2205 5710 2391 5787 φησίν,
2449 5706 2808 5794 ἐκϐάλλεσθαι
2865 5713 3017 5789 χρή“
3077 5711 3129 5767 ἐν
3185 5715 3264 5784 τῷ
3337 5713 3532 5788 κλήρῳ
3599 5707 3656 5766 δὲ
3731 5713 3864 5786 μένε
