4080 6224
251 394 393 466 (ΞΓ

1289 403 1725 467 SYNTAGMA
1766 405 2394 470 ALPHABETICUM.
2439 440 2514 450 —
2559 412 2632 466 Il.

3485 397 3493 408 ’
3548 393 3663 456 122

255 540 333 612 μή
365 535 707 612 ἐλεγχθέντα
738 557 750 568 ·
812 537 875 593 οὗ
943 537 1046 614 γάρ
1105 534 1189 592 δεῖ
1239 541 1356 598 ταῖς
1423 535 1676 609 ματαίαις
1732 556 1910 611 προσ-

2063 541 2195 596 ierit
2251 539 2569 594 convictus.
2631 537 2868 592 Minime
2926 533 3083 592 enim
3159 531 3326 588 decet
3390 526 3662 585 futilibus

251 627 406 702 ἐχειν
434 621 752 690 διαϐολαῖς.

957 731 1214 807 Νόμος.

329 824 480 894 Φησί
541 821 599 879 δὲ
654 824 744 878 καὶ
795 823 827 878 ὁ
871 821 1064 896 νόμος,
1127 827 1384 896 Κρεῖσσον
1431 823 1499 878 τὰ
1545 824 1914 898 ἁμαρτήματα

256 912 695 986 καταλιμπάνειν
745 909 1094 983 άνεκδίκητα,
1151 913 1188 982 ἢ
1246 932 1392 974 τινας
1439 911 1700 976 ἀναιτίως
1743 913 1916 968 καλά-

261 1005 472 1072 ζεσθαι.

521 1113 788 1167 ΚΕΦΔΛ.
824 1110 922 1166 ΙΖ’.
956 1109 1118 1183 Περὶ
1149 1102 1667 1182 παρνοϐοσκῶν.

332 1199 394 1252 '0
449 1199 538 1259 πς⁹
594 1202 696 1264 τῆς
753 1199 793 1259 ς’
850 1195 1083 1254 συνόδου
1139 1198 1317 1252 κανὼν
1372 1197 1500 1258 τοὺς
1563 1195 1649 1252 ἐπ’
1714 1196 1922 1270 ὀλίσθῳ

263 1291 465 1363 ψυχῶν
524 1287 726 1362 πόρνας
791 1288 1124 1362 συνάγοντας
1190 1285 1281 1340 καὶ
1335 1284 1719 1360 ἒκτρὲφοντας,
1785 1284 1923 1355 κλη-

269 1376 458 1450 ρικοίις
687 1376 846 1438 δντας
922 1377 1213 1452 καθαιρεῖο
1273 1376 1411 1450 πρὸς
1483 1374 1654 1449 ταύτῃ
1711 1373 1922 1430 κελεύει

268 1467 356 1520 καὶ
419 1465 794 1543 ἃιρορίζεσθαι,
863 1463 1068 1535 διπλῆν
1141 1463 1358 1526 τούτοις
1417 1462 1633 1538 ἐπάγων
1687 1465 1786 1535 τήν
1834 1461 1924 1518 ἐπ-

268 1551 569 1628 εξέλευσιν,
599 1553 826 1616 λαῖκοίις
857 1552 937 1627 δὲ,
967 1554 1341 1631 ἀφορίζεσθαι.

972 1663 1222 1735 Νόμοι.

339 1753 409 1812 Ὀ
460 1751 624 1817 εἰδὼς
677 1753 1030 1827 πορνεύεσθαι
1103 1752 1204 1822 τήν
1278 1751 1474 1808 ἑαυτοῦ
1531 1752 1778 1829 γυναῖκα,
1836 1753 1926 1808 καὶ

272 1846 528 1910 σιωπῶν,
556 1837 934 1916 πορνοϐοσκός
969 1840 1131 1898 ἐστιν.

2019 627 2486 685 incusationibus
2516 624 2838 682 intendere.

2777 735 2906 787 Lex.

2095 825 2248 882 Dicit
2275 824 2449 881 etiam
2471 824 2574 896 jus
2603 821 2768 878 civile
2789 820 3006 878 melius
3044 834 3170 875 esse
3225 815 3435 874 delicta
3481 814 3668 870 inulta

2027 914 2380 986 relinquere,
2413 929 2588 986 quam
2621 911 2956 984 quempiam
2989 909 3278 965 insontem
3303 903 3518 978 puniri.

2219 1095 2374 1150 CAP.
2416 1093 2600 1150 XVII.
2635 1095 2710 1148 De
2730 1094 2800 1148 iis
2831 1093 2928 1163 qui
2954 1092 3267 1146 meretrices
3294 1089 3470 1144 alunt.

2101 1187 2294 1241 Canon
2358 1184 2429 1238 86
2495 1181 2698 1252 synodi
2755 1186 2949 1244 sextae,
3010 1179 3110 1250 qui
3194 1177 3254 1233 in
3341 1175 3666 1231 animarum

2029 1273 2345 1345 perniciem
2400 1277 2589 1328 scorta
2619 1276 2675 1328 et
2705 1275 2922 1342 cogunt
2952 1275 3009 1326 et
3039 1268 3225 1331 alunt,
3259 1265 3502 1322 clericos
3539 1263 3672 1336 qui-

2031 1365 2164 1420 dem
2196 1362 2456 1434 deponit,
2489 1361 2606 1416 imo
2635 1365 2693 1416 et
2743 1355 3332 1415 excommunicandos
3387 1353 3668 1420 decernit,

2030 1451 2330 1525 geminum
2387 1451 2472 1506 eis
2525 1449 2782 1506 inferens
2837 1445 3238 1519 supplicium;
3289 1442 3468 1500 laicos
3535 1456 3670 1498 vero

2029 1539 2321 1616 segregari
2349 1541 2491 1596 vult.

2789 1650 2920 1702 Lex.

2105 1738 2236 1809 Qui,
2311 1755 2446 1795 cum
2521 1737 2668 1792 sciat
2742 1752 2974 1792 uxorem
3068 1748 3238 1790 suam
3328 1728 3673 1787 fornicatam

2039 1830 2236 1896 fuisse,
2253 1826 2502 1883 tacuerit
2528 1831 2747 1889 tamen,
2777 1823 2903 1895 ipse
2933 1824 3062 1880 leno
3101 1827 3210 1878 est.

343 1933 417 1990 Oi
475 1906 540 1986 ἐκ
592 1906 843 2006 πορνείας
893 1928 1280 2006 γεγεννημένοι
1347 1929 1410 1986 ού
1462 1929 1628 2003 μόνου
1673 1937 1776 2000 τῆς
1827 1952 1932 2003 μη-

2108 1919 2190 1974 Ex
2231 1916 2614 1974 fornicatione
2659 1917 2780 1970 nati
2840 1912 3233 1969 baereditatem
3292 1926 3411 1966 non
3468 1907 3674 1964 matris

267 2025 428 2100 τρὸς,
477 2021 624 2077 ἀλλὰ
652 2022 746 2077 καὶ
794 2025 904 2076 τῶν
964 2018 1024 2076 ἐκ
1085 2021 1294 2094 μητρὸς
1345 2025 1612 2096 συγγενῶν
1656 2019 1927 2096 κληρονοο

275 2117 473 2186 μοῦστ,
505 2110 597 2167 καὶ
649 2112 739 2167 ὑπ’
781 2109 959 2166 αὐτῶν
1008 2109 1506 2184 κληρονομοῦνται.
1558 2114 1620 2167 Ἡ
1655 2107 1711 2164 δὲ
1742 2108 1931 2165 ἷλλου-

268 2203 436 2278 στρία
465 2200 738 2274 νομίμους
771 2197 976 2275 ἔχουσα
1007 2197 1207 2263 παῖδας
1245 2198 1336 2254 καὶ
1376 2203 1739 2276 παρνογενεῖς,
1774 2197 1926 2254 οὐδὲν

270 2288 498 2346 δύναται
555 2293 863 2367 παρασχεῖν
920 2293 1036 2352 τοῖς
1094 2286 1492 2363 πορνογενέσιν,
1576 2285 1700 2344 οὔτε
1763 2292 1928 2362 ζῶσα,

271 2382 402 2440 οὔτε
429 2382 768 2438 τελευτῶσα.

344 2477 413 2530 Ἦ
471 2475 572 2526 τοῦ
619 2474 985 2548 πορνογενοῦς
1032 2469 1381 2544 κληρονομία
1430 2468 1530 2524 οὐκ
1578 2467 1768 2540 ἀνήκει
1815 2473 1934 2532 τοῖς

273 2563 416 2638 πρὸς
496 2563 702 2632 πατρὸς
777 2560 1080 2634 συγγενέσιν
1116 2577 1132 2590 ·
1193 2558 1254 2614 οὗ
1331 2560 1435 2636 γὰρ
1513 2557 1725 2632 λέγεται
1783 2555 1931 2633 ἔχειν

272 2651 516 2729 πατέρα,
558 2653 630 2725 τῇ
683 2650 854 2721 μητρὶ
906 2645 966 2704 δὲ
1025 2647 1190 2704 αὐτοῦ
1245 2649 1337 2703 καὶ
1386 2651 1502 2710 τοῖς
1563 2648 1936 2723 ὁμομητρίοις

274 2740 571 2806 ἆδελφοῖς.
622 2742 686 2796 Οἱ
736 2737 794 2794 δῖε
844 2739 968 2812 περὶ
1015 2739 1206 2816 γάμων
1245 2738 1432 2812 νόμοι,
1477 2739 1568 2793 καὶ
1619 2738 1671 2793 οἱ
1719 2737 1936 2800 κανόνες

276 2831 714 2908 ἐπιγινώσκωσι
763 2834 860 2884 καῖ
917 2829 1016 2897 τὴν
1062 2826 1122 2884 ἐκ
1165 2827 1420 2900 πορνείας
1463 2826 1798 2904 συγγένειαν,
1844 2827 1935 2882 καὶ

277 2918 728 2992 συναπτομένους
772 2917 903 2980 τοὺς
947 2917 1009 2973 ἐκ
1050 2918 1304 2992 πορνείας
1355 2921 1645 2992 συγγενεῖς,
1689 2917 1765 2979 ὡς
1811 2915 1937 2979 τοὺς

275 3012 334 3082 ἐξ
377 3008 624 3083 ἒννὸμων
670 3007 863 3082 γάμων
909 3005 1202 3081 αἱμομιξίᾳ
1247 3006 1633 3083 περιπεσόντας
1678 3005 1938 3076 κολάζου-

277 3121 390 3157 σιν.

2039 2010 2229 2068 eolum
2263 2009 2363 2066 sed
2397 2011 2454 2064 et
2481 2013 2860 2076 cognatorum
2902 2004 3030 2074 ejus
3061 2003 3299 2069 adeunt,
3330 2003 3390 2056 et
3416 1998 3674 2054 haeredee

2037 2099 2109 2155 ab
2141 2097 2256 2154 illis
2284 2097 2706 2154 incribuntur.
2750 2093 2987 2150 Femina
3025 2100 3218 2148 autem
3263 2087 3510 2145 illustris
3547 2102 3679 2159 quae

2038 2194 2094 2246 et
2121 2187 2416 2262 legitimos
2443 2191 2502 2242 et
2531 2186 2826 2241 naturales
2851 2183 3003 2238 ﬁlios
3035 2177 3396 2249 habes,nihil
3415 2177 3676 2233 conferre

2041 2283 2229 2349 potest
2253 2275 2493 2348 spuriis,
2531 2290 2719 2346 neque
2748 2273 2872 2330 viva
2903 2287 3090 2342 neque
3111 2268 3384 2326 moriens.

2113 2457 2428 2514 Haareditas
2450 2455 2634 2528 spurii
2664 2470 2778 2510 non
2829 2453 3074 2526 pertinet
3102 2451 3174 2506 ad
3234 2448 3416 2522 patris
3463 2462 3684 2516 cogna-

2042 2554 2174 2616 tos;
2203 2565 2316 2602 non
2348 2547 2502 2602 enim
2537 2545 2588 2600 is
2631 2552 2852 2618 patrem
2900 2541 3116 2598 habere
3170 2537 3528 2611 agnoscitur,
3554 2552 3682 2608 per-

2043 2637 2198 2694 venit
2239 2641 2433 2693 autem
2475 2635 2545 2691 ad
2607 2637 2854 2690 matrem
2903 2636 2963 2686 et
3011 2631 3216 2686 fratres
3273 2642 3410 2683 suos
3463 2641 3533 2680 ex
3587 2640 3686 2679 ea-

2044 2727 2176 2784 dem
2223 2731 2482 2798 parente.
2545 2723 2728 2794 Leges
2768 2729 2956 2776 autem
3011 2717 3166 2774 circa
3221 2714 3454 2785 nuptias
3509 2717 3686 2784 atque

2047 2833 2299 2874 canones
2356 2816 2643 2886 agoscunt
2697 2811 2872 2867 etiam
2935 2814 3121 2865 ortam
3177 2821 3248 2863 ex
3306 2803 3687 2860 fornicatione

2047 2907 2480 2978 cognationem,
2537 2908 2594 2959 et
2639 2907 2916 2973 cognatos
2971 2914 3039 2953 ex
3106 2893 3538 2960 fornicationes,
3587 2890 3692 2962 qui

2051 2992 2490 3052 matrimonium
2522 2990 2769 3046 invicem
2800 2988 3064 3054 trahunt,
3091 2987 3370 3056 tanquam
3404 2981 3505 3054 qui
3545 2995 3692 3052 nup-
3743 3053 3747 3056 _

2049 3085 2149 3142 tiis
2179 3082 2456 3157 legitimis
2475 3085 2707 3155 prepter
2734 3073 3305 3149 consanguinitatem
3336 3069 3692 3138 exciderant,

2051 3174 2329 3248 plectunt.

353 3279 414 3332 Ὀ
460 3279 652 3351 μέντοι
697 3274 1089 3348 παλλακισμός
1131 3272 1368 3348 νόμιμός
1417 3273 1592 3329 ἐστιν’
1637 3275 1665 3328 ὁ
1708 3274 1812 3349 γὰρ
1846 3278 1935 3348 γύ-

2063 3216 2087 3248 ?
2115 3216 2555 3320 Educubinatus
2611 3262 2804 3314 autem
2853 3255 3048 3312 licitus
3089 3255 3196 3308 est.
3228 3250 3376 3306 Nam
3433 3247 3534 3320 qui
3566 3216 3692 3304 mu-

279 3374 441 3424 εαῖκα
493 3367 700 3442 σεμνὴν
747 3363 1252 3437 παλλακευόμενος,
1301 3362 1392 3418 καὶ
1440 3367 1612 3419 ποιῶν
1644 3363 1698 3418 ἐν
1741 3354 1943 3438 ἐκμαρ-

278 3457 448 3533 τυρίᾳ
503 3460 670 3512 τοῦτο
741 3453 1076 3524 κατάδηλον,
1137 3453 1212 3516 ὡς
1269 3453 1512 3528 γαμετήν
1568 3453 1739 3522 αὐτὴν
1793 3451 1942 3527 ἔχειν

283 3547 474 3604 δοκεῖ’
507 3547 557 3602 εἰ
587 3543 634 3600 δ’
685 3543 802 3615 οὖν,
854 3542 1142 3615 ἀσέλγειαν
1192 3543 1327 3619 πρὸς
1375 3543 1546 3612 αὐτὴν
1593 3541 1942 3617 πλημμελεῖ,

285 3751 560 3816 ΚΕΦΑᾼ.
593 3743 702 3799 Iﬂ'.
741 3734 1317 3816 Ηερὶμπρεσϐείων
1363 3737 1942 3816 καὶὲπρρονομίιυν,

360 3760 560 3835 ςφλέι.
593 3760 702 3799 1H.
741 3760 898 3868 Περι
945 3760 1317 3816 πρεσοειων
1363 3760 1472 3794 και
1521 3760 1942 3813 προνομιων,

360 3819 831 3904 ὧντχουρινηο
901 3812 1258 3900 ἀρχιερεῖς
1296 3812 1403 3901 καὶ
1443 3811 1512 3898 αἱ
1551 3807 1942 3881 ἐκκλησίαι,

360 3903 474 3943 καί
524 3903 677 3959 περι
721 3906 850 3940 των
895 3904 1268 3960 παροικιων
1312 3903 1554 3939 αυτων.

362 3998 527 4068 Ζήτει
556 3994 620 4050 τὸ
654 3994 725 4050 ια’
753 3989 1049 4070 κεφάλαιον
1080 3995 1180 4046 τοῦ
1210 3991 1254 4048 Ε
1281 3989 1585 4067 στοιχείου,

292 4107 556 4162 ΚΕΦΑΛ.
592 4106 690 4158 ιθ’.
735 4098 892 4175 Περὶ
931 4095 1014 4225 ὦδν
1063 4091 1340 4224 ἕχίουσιν
1389 4099 1451 4153 οἱ
1499 4092 1944 4173 πρεσϐύτεροι

1014 4189 1118 4225 ικα
1164 4190 1276 4225 ων.

1014 4189 1276 4226 ικαιων.

285 4286 452 4355 Ζήτει
482 4282 551 4336 τὸ
581 4282 624 4336 θ’
652 4277 946 4357 κεφάλαιον
982 4280 1081 4332 τοῦ
1111 4283 1162 4333 Μ
1193 4277 1498 4352 στοιχείου.

387 4395 650 4448 ΚΕΦΔΛ.
691 4390 752 4446 K'
803 4387 960 4462 Περὶ
1013 4387 1370 4462 μροικῷων
1412 4388 1844 4462 πραγμάτων.

995 4475 1250 4550 Νόμοι.

359 4575 426 4626 Ἦ
494 4565 931 4638 διατετιμημένη
993 4563 1152 4637 προίξ
1201 4567 1282 4636 τῷ
1329 4560 1486 4637 ἀνδρέ
1537 4559 1940 4618 κινδυνεύεται·

2050 3353 2250 3412 lierem
2285 3368 2515 3425 gravem
2547 3355 2605 3405 et
2634 3350 2940 3420 ingenuam
2979 3344 3037 3398 in
3087 3339 3477 3398 concubinam
3525 3352 3688 3393 sum-

2053 3443 2250 3516 pserit,
2296 3442 2473 3514 idque
2519 3437 2764 3496 testibus
2821 3433 3101 3491 adhibitis
3157 3432 3351 3503 palam
3395 3428 3688 3500 professus

2054 3533 2246 3600 fuerit,
2295 3528 2665 3587 existimatur
2742 3540 2870 3581 eam
2937 3521 3093 3577 velut
3147 3533 3386 3576 uxorem
3441 3517 3689 3584 habere;

2052 3637 2224 3678 secus
2243 3635 2396 3688 vero,
2419 3624 2688 3689 stuprum
2720 3629 2850 3670 cum
2884 3612 2985 3668 illa
3015 3609 3394 3667 committere.

2053 3725 2218 3784 226
2259 3727 2412 3782 CAP.
2442 3723 2650 3780 XVIII.
2683 3723 2756 3777 De
2799 3718 3104 3791 priuilegiis
3161 3723 3215 3772 et
3246 3713 3694 3791 immunitatibus

2122 3798 2488 3869 pretatarum
2517 3811 2580 3850 ac
2622 3787 3182 3860 ecclesiarummtque
3223 3789 3392 3843 etiam
3445 3787 3513 3840 de
3565 3798 3691 3856 pro-

2125 3869 2323 3927 vinciis
2353 3870 2600 3924 istorum.

2123 3978 2325 4044 Quaere
2353 3991 2482 4048 cap.
2516 3974 2576 4030 11
2612 3971 2821 4028 litterae
2849 3970 2914 4026 E.

2335 4086 2487 4144 CAP.
2527 4084 2675 4140 XIX.
2707 4084 2781 4139 De
2799 4084 2922 4152 iure
2946 4079 3405 4152 presbyterorum.

2121 4271 2268 4327 Vide
2297 4271 2472 4340 caput
2499 4267 2534 4321 9
2564 4264 2766 4321 litterae
2791 4263 2868 4318 M.

2504 4375 2661 4430 CAP.
2704 4371 2816 4428 ΧΧ.
2852 4372 2929 4426 De
2957 4384 3014 4424 re
3042 4365 3232 4422 dotali.

2781 4461 2964 4528 Leges.
2977 4465 2983 4472 '

2121 4558 2236 4614 Dos
2276 4555 2566 4611 aestimata
2593 4549 2718 4605 viro
2763 4545 3088 4621 periculum
3118 4543 3306 4616 gignit
3336 4559 3350 4596 :
3380 4539 3512 4596 licet
3568 4538 3692 4595 ani-

289 4659 384 4716 κὶν
440 4627 884 4714 ἀποθάνωσιητᾶ
919 4627 1078 4725 ’ζῶά,
1135 4627 1390 4722 κᾶνυτήν
1433 4627 1658 4722 ’ἐσθῆτα
1715 4653 1750 4722 ἡ
1800 4653 1935 4729 γυνή

2063 4646 2218 4704 nalia
2245 4641 2746 4700 intermm-iantur.
2771 4643 2873 4694 aut
2901 4635 3112 4691 mulier
3141 4637 3356 4688 vestem
3388 4627 3689 4694 attriverit,

288 4749 620 4824 κατατρίψει,
676 4746 780 4814 τὴν
836 4743 1170 4816 ἀποτίμησιν
1229 4741 1403 4796 αὐτῶν
1461 4738 1687 4796 δίδωσι*
1737 4740 1838 4808 τῆς
1883 4739 1941 4796 δὲ

287 4837 662 4912 ἆόιατιμήτου
699 4832 792 4890 καὶ
835 4834 870 4902 ὴ
920 4829 1144 4902 αὕξησ,ς
1198 4831 1286 4886 καὶ
1340 4832 1374 4896 ἡ
1429 4830 1651 4904 μείωσις
1691 4831 1791 4898 τὴν
1839 4851 1942 4906 γυ-

287 4935 442 4986 enim
501 4927 630 5002 ὁρᾷ,
695 4929 790 4980 καῖ
845 4922 982 4992 αὐτὴ
1038 4916 1308 4995 λαμϐάνει
1385 4921 1476 4976 τὸν
1551 4917 1774 4975 τοκετὸν
1831 4921 1938 4974 τῶν

291 5017 512 5076 δούλων
540 5035 555 5048 ’
597 5014 730 5076 τοὺς
769 5010 828 5068 δὲ
862 5011 1106 5087 καρποὺς
1143 5010 1234 5067 καὶ
1268 5011 1372 5080 τήν
1411 5014 1580 5086 γονήν
1624 5012 1732 5064 τῶν
1773 5010 1944 5082 θρεμ-

296 5109 482 5184 μάτων
515 5106 545 5160 ὁ
573 5105 719 5180 ἀνὴρ
747 5096 1036 5178 λαμϐάνει.

358 5199 438 5253 Τά
483 5191 895 5272 ἑπαγγελθὲντα
941 5191 1107 5266 χάριν
1153 5189 1404 5264 προικὸς,
1453 5188 1500 5244 εὶ
1535 5187 1612 5261 μή
1658 5185 1807 5249 ἐντὸς
1847 5183 1942 5242 δύο

292 5285 424 5343 ἐτῶν
465 5278 893 5352 καταϐληθεῖεν,
936 5279 1288 5335 ἀπαιτοῦνται
1337 5278 1429 5334 καὶ
1478 5278 1531 5332 οἱ
1568 5277 1724 5333 τόκοι
1763 5274 1941 5331 αὐτῶν

293 5377 394 5431 ἀπὸ
419 5374 619 5450 τρίτης
648 5370 965 5438 ἑκατοστῆς.

355 5466 744 5538 Ἀποροῦντος
788 5461 886 5514 υοῦ
937 5453 1130 5532 ἀνδρὸς
1177 5455 1234 5512 ἐν
1292 5460 1583 5512 συνεστῶτι
1631 5459 1710 5526 τῷ
1755 5453 1944 5528 γάμῳ,

291 5551 512 5609 δύναται
567 5554 606 5621 ἡ
666 5550 808 5626 γυνὴ
885 5547 1245 5620 παρακρατείν
1305 5547 1373 5601 τὰ
1427 5545 1726 5619 πράγματα
1781 5539 1946 5597 αἶ)τοῦ

290 5645 362 5706 εἰς
418 5645 520 5714 τὴν
583 5639 731 5698 ἰδίαν
786 5640 1012 5712 προῖκα,
1054 5633 1448 5710 προτιμωμένη
1518 5633 1720 5695 παντὸς
1777 5629 1948 5686 δανει-

288 5739 413 5792 στοῦ
468 5734 559 5790 καὶ
613 5729 913 5800 ὑποθήκην
969 5718 1230 5803 ἔχοντοςν
1283 5723 1432 5796 πλὴν
1475 5723 1538 5780 ού
1587 5721 1808 5778 δύναται
1857 5719 1948 5775 ἐκ-

2054 4736 2178 4808 ipse
2190 4731 2632 4790 estimationem
2646 4744 2845 4785 eorum
2860 4719 3484 4796 praestatJnaastimatie
3495 4721 3690 4808 autem

2053 4805 2206 4883 dotis
2235 4841 2369 4881 cum
2402 4822 2828 4877 incrementum
2879 4822 3000 4871 tum
3043 4811 3354 4869 diminutio
3389 4805 3690 4864 mulierem

2053 4915 2306 4986 respicit.
2359 4912 2476 4968 Ista
2529 4923 2758 4980 quoque
2806 4920 3104 4962 servorum
3144 4899 3404 4958 sobolem
3460 4894 3691 4966 accipit,

2051 5005 2276 5061 fructus
2305 5019 2436 5058 vero
2467 5017 2534 5056 ac
2561 5013 2836 5070 pecorum
2870 4997 3051 5052 letum
3079 4993 3163 5049 vir
3191 4986 3456 5064 percipit.

2125 5183 2418 5240 Promissa
2447 5181 2683 5238 nomine
2725 5177 2876 5236 dotis
2905 5173 3017 5232 nisi
3061 5174 3214 5228 intra
3240 5166 3544 5225 biennium
3574 5165 3694 5223 sol-

2052 5279 2282 5338 vantur.
2309 5272 2617 5345 exiguntur
2649 5284 2848 5325 eorum
2886 5281 3074 5322 usura:
3121 5263 3188 5318 ad
3242 5259 3512 5314 trientem
3561 5273 3694 5314 cen-

2054 5366 2279 5422 tesimae
2309 5362 2510 5436 patris.

2125 5453 2186 5510 Si
2235 5456 2539 5509 constante
2597 5446 2961 5506 matrimonio
3029 5445 3115 5500 vir
3181 5441 3378 5512 inopia
3448 5439 3694 5506 laboret,

2054 5547 2245 5615 potest
2300 5541 2510 5598 mulier
2567 5556 2657 5596 res
2713 5555 2847 5594 suas
2890 5553 2991 5610 pro
3023 5534 3157 5592 dote
3188 5531 3374 5605 ipsius
3423 5529 3690 5597 retinere,

2054 5639 2186 5690 ante
2244 5647 2476 5688 omnem
2533 5629 2876 5687 creditorem
2933 5630 2990 5681 et
3045 5620 3694 5696 bypotbecarium;ve-

2058 5731 2390 5781 rumlamen
2431 5736 2556 5792 qua
2605 5718 2836 5788 retinet,
2893 5713 3218 5773 abalienare
3276 5709 3498 5786 nequit,
3545 5723 3684 5780 quo-
