4060 6228
357 383 472 445 123

1628 396 1998 460 ΜΑΤΤΗιΕΙ
2044 401 2484 462 BLASTARIS

3638 405 3757 465 124

357 517 514 573 niam
546 535 613 575 ex
643 520 773 577 istis
811 522 1062 594 seipsam
1095 528 1153 581 et
1183 528 1459 583 maritum
1491 532 1547 584 et
1587 528 1800 587 liberos
1857 548 1993 590 suos

2129 539 2288 589 ποιεῖν
2330 536 2365 589 ’ἁ
2405 539 2731 609 καρακρατεῖ
2757 553 2770 566 ·
2821 531 3007 602 ἐπειδὴ
3053 532 3265 613 ὀφεῖλει
3302 532 3355 604 ἐξ
3393 533 3568 589 αὐτῶν
3616 536 3754 589 ἀπο-

357 609 510 666 alere
531 611 720 667 debet.

429 698 636 755 Mulier
665 717 779 757 non
815 705 1046 759 tenetur
1093 707 1484 764 contractibus
1544 709 1673 776 viri,
1712 710 1844 766 licet
1893 710 2000 780 ipsi

362 786 710 858 desponsata
743 790 918 846 fuerit
947 809 1135 863 neque
1185 795 1356 849 etiam
1410 797 1619 852 marito
1678 799 2000 869 proscripto

360 874 513 928 bona
562 876 822 934 mulieris
884 880 1285 951 publicentur,
1312 885 1413 939 sed
1465 901 1568 940 nec
1620 887 2003 943 extradotalia

358 960 466 1017 viri
498 966 732 1021 servitio
765 976 921 1023 sunt.

426 1150 692 1221 Maritus,
727 1153 898 1226 inops
928 1154 1083 1226 licet,
1116 1157 1406 1230 integram
1437 1159 1629 1217 dotem
1664 1160 1853 1217 debet.

427 1333 485 1387 Si
515 1348 681 1388 socer
707 1350 739 1388 a
761 1351 971 1406 genero
1003 1340 1057 1392 et
1091 1354 1232 1394 uxor
1261 1357 1295 1395 a
1326 1340 1536 1396 marito
1585 1342 1776 1397 dotem
1826 1360 1999 1414 quam

359 1422 808 1495 stipulabantur,
831 1432 1168 1498 exposcant,
1191 1430 1262 1485 ad
1298 1430 1639 1487 facultatum
1665 1449 1999 1490 mensuram

360 1511 652 1568 evincunt.

433 1602 491 1657 Si
524 1603 772 1659 maritus
802 1622 933 1660 cum
971 1622 1147 1663 uxore
1177 1609 1499 1678 contrahat,
1531 1616 1594 1666 ut
1643 1611 1768 1683 ipse
1810 1628 2001 1669 emor-

361 1693 473 1746 tua:
506 1690 897 1749 haareditatem
937 1688 1127 1765 adeat,
1157 1696 1358 1753 irritus
1392 1703 1481 1755 est
1538 1700 1585 1755 is
1643 1705 1999 1758 contractus.

361 1780 420 1836 Si
454 1785 651 1836 autem
684 1782 755 1837 ab
780 1782 944 1839 initio
969 1790 1203 1856 pactum
1229 1787 1422 1857 fuerit,
1448 1793 1511 1844 ut
1535 1789 1583 1844 si
1619 1788 1824 1845 mulier
1847 1790 2003 1861 prior

365 1868 575 1978 qbierit
630 1871 785 1978 apud
837 1874 1106 1978 m‘a‘ritum
1165 1876 1266 1930 dos
1323 1882 1582 1946 maneat,
1612 1882 1783 1948 atque
1839 1883 2083 1978 paterB

364 1958 559 2014 dotem
616 1960 757 2016 adeo
810 1962 1147 2034 reddiderit,
1198 1970 1435 2038 pactum
1493 1966 1662 2036 valet,
1694 1971 1752 2023 et
1806 1967 2003 2023 exclu-

362 2047 525 2103 ditur
545 2053 723 2119 pater.

432 2230 493 2287 Si
532 2233 704 2289 modo
744 2238 908 2306 pater
944 2235 1132 2307 turpis
1176 2236 1319 2293 adeo
1359 2237 1555 2307 fuerit,
1589 2241 1651 2294 ut
1690 2245 1877 2295 metus
1924 2238 2003 2295 sit

361 2335 434 2376 ne
490 2322 678 2379 dotem
739 2328 1125 2382 concreditam
1176 2328 1468 2397 absumat,
1524 2328 1678 2384 hunc
1734 2329 2003 2401 prohibet

359 2411 542 2482 actio;
574 2417 631 2470 et
653 2414 833 2483 judex
862 2419 990 2473 tum
1021 2417 1121 2472 isti
1143 2417 1421 2491 prospicit
1452 2426 1570 2473 tum
1601 2417 1757 2474 ﬁlias.

429 2594 488 2650 Si
520 2594 658 2652 ﬁliis
690 2597 882 2653 adhuc
912 2600 1331 2671 superstitibus
1378 2618 1526 2674 opus
1584 2603 1751 2659 fuerit
1810 2601 1996 2659 virum

360 2684 458 2757 qui
506 2689 636 2756 post
690 2687 915 2743 obitum
964 2689 1232 2761 conjugis
1269 2707 1387 2746 suis
1438 2691 1650 2747 viduus
1695 2692 1998 2759 manserit,

361 2789 553 2846 neque
582 2777 653 2832 ad
685 2779 974 2834 secundas
1005 2780 1244 2851 nuptias
1272 2782 1599 2849 accesserit,
1624 2799 1658 2836 a
1678 2781 1997 2838 liberorum

362 2879 601 2920 suorum
631 2866 899 2922 convictu
923 2868 1196 2939 separari,
1229 2869 1399 2925 debet
1427 2870 1478 2926 is
1508 2875 1712 2941 praeter
1741 2871 1997 2943 integras

360 2967 451 3008 res
478 2970 618 3010 suas
647 2956 820 3011 etiam
853 2958 1029 3013 unius
1060 2958 1163 3013 ﬁlii
1214 2963 1429 3014 sortem
1475 2976 1678 3031 capere
1731 2977 1832 3030 pro
1881 2976 1999 3015 nu—

360 3056 517 3098 mero
559 3042 896 3114 liberorum,
934 3061 1046 3103 non
1084 3051 1313 3104 tantum
1371 3049 1730 3105 educationis
1787 3048 1997 3121 gratia,

357 3133 457 3187 sed
491 3138 843 3190 conservatae
875 3135 985 3205 ipsi
1015 3152 1151 3208 erga
1180 3136 1399 3209 primas
1449 3139 1685 3208 nuptias
1742 3154 1998 3194 reveren-

361 3220 455 3278 tim
484 3225 540 3277 et
569 3222 829 3280 honoris.

2108 618 2322 698 τρέφειν
2356 624 2552 692 ἑαυτὴν
2583 622 2672 678 καὶ
2702 624 2792 678 τὸν
2832 620 3000 697 ἄνδρα
3023 646 3035 657 ·
3069 623 3160 679 καὶ
3189 626 3255 679 τὰ
3285 623 3445 679 τέκνα
3473 623 3664 693 αὐτῆς.

2181 711 2258 771 O6
2298 711 2582 788 κατέχεται
2631 714 2665 781 ἡ
2714 714 2851 787 γυνή
2904 710 2963 767 ὲκ
3008 717 3112 767 τῶν
3163 717 3260 768 τοῦ
3307 710 3496 786 ἀνδρὸς
3545 711 3754 767 συναλ-

2112 800 2432 876 λαγμάτων,
2485 800 2583 857 κᾶν
2628 800 2966 878 ἐγγυήσηται
3006 801 3165 858 αὐτόν
3202 802 3293 856 καὶ
3333 798 3459 856 οὐδὲ
3503 798 3754 875 δημευο-

2113 890 2279 964 μένου
2325 896 2422 947 τοῦ
2477 889 2671 967 ἀνδρὸς
2738 891 3126 968 συναπάγονται
3179 893 3248 946 τὰ
3301 893 3601 966 πράγματα
3647 898 3751 957 τῆς

2107 981 2401 1056 γυναικόςο
2453 977 2579 1035 οὐδὲ
2634 982 2704 1036 τά
2758 981 3063 1055 ἐξώπροικα
3124 980 3436 1037 ὑπόκεινται
3493 987 3613 1044 ταῖς
3656 987 3759 1037 τοῦ

2112 1069 2306 1146 ἀνδρὸς
2339 1071 2729 1147 λειτουργίαις.
3479 1072 3483 1076 ’

2183 1162 2244 1219 Ὀ
2302 1162 2463 1235 ἀνὴρ,
2521 1163 2609 1217 καὶ
2677 1155 2883 1236 ἄπορος
2960 1159 3059 1232 ὣν,
3133 1166 3305 1217 πᾶσαν
3380 1163 3481 1232 τὴν
3552 1168 3761 1238 προῖκα

2110 1256 2403 1326 χρεωστεῖ.

2180 1341 2242 1398 Ὀ
2289 1341 2544 1416 πενθερὸς
2596 1340 2698 1396 ὑπὸ
2746 1344 2845 1395 τοῦ
2905 1334 3180 1416 γαμϐροῦ,
3226 1337 3318 1394 καὶ
3368 1341 3404 1408 ἡ
3453 1340 3591 1414 γυνή
3649 1340 3761 1395 ὑπὸ

2108 1432 2206 1482 τοῦ
2253 1428 2450 1503 ἀνάρὸς
2498 1428 2891 1502 ἀπαιτούμενοι
2938 1428 3004 1497 ἢν
3070 1428 3490 1503 ἐπερωτήθησαν
3527 1434 3761 1503 προῖκα,

2110 1517 2246 1591 πρὸς
2272 1518 2335 1572 τὸ
2371 1519 2569 1592 μέτρον
2596 1525 2696 1588 τῆς
2729 1517 2914 1581 οὐσίας
2945 1517 3124 1573 αὐτῶν
3155 1515 3627 1588 καταδικάζονται.

2183 1607 2304 1663 Ἐάν
2362 1608 2390 1663 6
2448 1605 2586 1682 ἂνήρ
2633 1611 2973 1686 συμφωνήσῃ
3024 1609 3161 1682 πρὸς
3203 1608 3304 1676 τήν
3367 1613 3610 1681 γυναῖκα,
3661 1607 3763 1662 ’ἱνα

2111 1693 2448 1751 τελευτῶσαν
2476 1697 2647 1765 αὐτὴν
2679 1695 3099 1773 κληρονομήση,
3128 1697 3191 1752 τὸ
3222 1696 3513 1775 σύμφωνον
3564 1695 3765 1775 ἄχρη-

2110 1784 2233 1840 στόν
2264 1783 2403 1840 ἐστιν
2431 1829 2446 1843 .
2479 1786 2600 1841 Ἐὰν
2639 1783 2696 1840 δὲ
2735 1788 2956 1862 γενηται
3011 1784 3301 1861 σύμφωνον
3332 1783 3381 1854 ἐξ
3413 1786 3615 1864 ἀρχῆς,
3660 1783 3765 1840 ’ίνα

2111 1875 2562 1949 προτελευτώσης
2636 1881 2736 1943 τῆς
2814 1874 3071 1950 γυναικὸς
3138 1875 3173 1943 ἡ
3231 1874 3391 1949 προὶξ
3474 1874 3757 1949 ἀπομείνῃ

2110 1964 2257 2039 παρᾶ
2299 1968 2377 2036 τῷ
2422 1963 2597 2040 ἀνδρὶ,
2634 1964 2725 2019 καὶ
2773 1962 2819 2019 εί
2877 1964 3022 2038 παρὰ
3079 1967 3178 2018 τοῦ
3233 1964 3437 2032 πατρὸς
3487 1959 3755 2034 δεδομένη

2110 2053 2252 2108 ἐστὶν
2289 2056 2324 2124 ἡ
2365 2055 2544 2129 προὶξ,
2585 2051 2819 2129 ἕῤῥωται
2856 2054 2919 2109 τὸ
2960 2052 3275 2130 σύμφωνον,
3322 2053 3410 2108 καὶ
3460 2051 3761 2108 ἀποκλείε-

2108 2164 2197 2199 ται
2229 2143 2256 2198 ὁ
2288 2145 2493 2219 πατήρ.

2181 2235 2305 2291 Ἐάν
2366 2234 2395 2287 6
2454 2233 2634 2309 πατὴρ
2694 2230 2867 2294 οὕτως
2924 2230 3068 2286 ἐστὶν
3125 2229 3377 2310 αἴσχρός.
3437 2228 3577 2285 ὥστε
3628 2227 3758 2293 δέος

2110 2324 2265 2393 εἶναι,
2318 2324 2532 2397 μήποτε
2579 2318 2767 2377 λαϐὼν
2814 2322 2913 2390 τήν
2960 2326 3168 2396 προῖκα
3210 2318 3518 2395 δαπανήσῃ,
3568 2319 3757 2393 ἀρνεῖ-

2105 2434 2193 2467 ται
2239 2414 2390 2485 αὐτῷ
2434 2415 2469 2483 ἡ
2521 2412 2712 2489 ἀγωγή
2740 2426 2754 2442 ’
2805 2410 2894 2466 καὶ
2935 2412 2965 2466 6
3005 2407 3261 2479 δικαστὴς
3308 2413 3539 2484 προνοεῖ
3581 2408 3759 2464 αὐτοῦ

2106 2501 2196 2556 καὶ
2225 2508 2326 2571 τῆς
2353 2503 2638 2576 θυγατρός.

2179 2590 2241 2648 Εἰ
2292 2588 2500 2647 παίδων
2559 2591 2801 2647 ὑπόντων
2856 2587 3037 2660 δεήσει
3090 2588 3183 2645 τὸν
3228 2587 3563 2664 ἐμμείναντα
3611 2588 3764 2662 μετὰ

2104 2680 2363 2751 τελευτήν
2414 2687 2514 2751 τῆς
2574 2679 2804 2754 συζύγου
2862 2679 3048 2749 αὐτοῦ,
3112 2676 3237 2734 ἄνευ
3296 2682 3391 2733 τοῦ
3442 2676 3757 2754 περιελθεῖν

2105 2771 2181 2833 εἰς
2245 2767 2426 2845 ἕτερον
2495 2768 2851 2838 συνοικέσιον,
2917 2771 3017 2832 τῆς
3083 2771 3192 2822 τῶν
3279 2765 3495 2822 οἲιιείων
3550 2767 3760 2821 τὲκνων

2106 2857 2484 2934 συνδιαγωγῆς
2516 2860 2884 2935 χωρισθῆναι,
2927 2857 3062 2931 μετὰ
3098 2858 3161 2912 τὸ
3202 2851 3502 2912 ἀπολαϐεῖν
3552 2853 3758 2925 ἐντελῆ

2103 2950 2169 3004 τὰ
2227 2948 2341 3005 ἴδια
2396 2949 2713 3025 πράγματα,
2771 2946 2854 3003 δεῖ
2909 2944 3209 3021 λαμϐάνειν
3263 2944 3428 3003 αὐτὸν
3486 2946 3575 3001 καὶ
3630 2944 3760 3007 ἑνὸς

2103 3036 2297 3101 παιδὸς
2340 3044 2532 3113 μοῖραν
2574 3040 2710 3093 κατὰ
2746 3038 2838 3093 τὸν
2886 3037 3117 3112 ἀριθμὸν
3164 3039 3273 3090 τῶν
3318 3036 3542 3107 τέκνων,
3573 3054 3765 3091 τεκνοο

2103 3128 2330 3207 τροφίας
2358 3149 2418 3183 τε
2445 3124 2619 3197 ἕνεκα,
2660 3128 2747 3182 καὶ
2790 3133 2891 3196 τῆς
2924 3123 3365 3199 διασεσωσμὲνης
3416 3125 3564 3196 αὐτῷ
3612 3126 3761 3198 πρὸς

2031 3246 2075 3314 C
2110 3218 2204 3274 τὸν
2234 3224 2452 3293 πρῶτον
2483 3217 2658 3291 γάμον
2690 3213 2878 3314 αίδοῦς
2908 3215 3000 3271 καὶ
3028 3221 3221 3287 τιμῆς.

436 3311 494 3368 Si
528 3320 760 3384 propter
788 3330 1064 3386 sponsam
1097 3333 1263 3372 suam
1295 3320 1668 3391 mgrotantem
1702 3317 1789 3373 vir
1834 3334 2001 3374 sum-

2183 3309 2254 3366 Ei’
2305 3310 2357 3364 τί
2415 3310 2443 3363 6
2502 3309 2639 3384 ἀνὴρ
2686 3305 2988 3378 ἐδαπάνησε
3043 3307 3181 3382 πρὸς
3237 3306 3337 3375 τὴν
3388 3306 3629 3380 γαμετὴν
3668 3305 3763 3359 αύ-

365 3405 501 3473 ptus
531 3402 681 3458 227
709 3404 935 3474 aliquos
966 3406 1184 3474 fecerit,
1218 3422 1330 3462 non
1366 3411 1559 3478 potest
1594 3414 1725 3479 post
1772 3407 2002 3464 obitum

2129 3404 2205 3454 :06
2260 3403 2544 3468 νοσοῦσαν,
2598 3396 2733 3471 μετὰ
2773 3398 2867 3452 τὸν
2917 3398 3084 3467 αὐτῆς
3130 3397 3361 3450 θάνατον
3416 3394 3479 3449 06
3528 3392 3757 3449 δύναται

366 3508 594 3564 sponsas
620 3509 648 3547 ε
682 3509 849 3550 socro
882 3499 1159 3567 repetere,
1191 3498 1264 3553 ad
1319 3512 1495 3568 quem
1536 3498 1640 3554 dos
1693 3498 1825 3553 ﬁliae
1885 3515 2002 3555 sua!

2129 3490 2357 3544 ἱπαιτεῖν
2403 3489 2494 3543 τὸν
2545 3487 2800 3562 πενθερὸν
2847 3487 3034 3555 αὐτοῦ,
3085 3487 3222 3559 πρὸς
3270 3484 3331 3539 ’όν
3370 3486 3406 3552 ἠ
3446 3482 3603 3556 προὶξ
3650 3490 3765 3553 τῆς

367 3582 620 3677 redierit,
681 3584 783 3638 sed
841 3583 901 3640 in
970 3585 1155 3657 ipslus
1222 3586 1580 3656 beneplacito
1638 3588 2002 3659 acquiescere

2129 3579 2373 3652 θυγατρὸς
2434 3577 2598 3632 αὐτοῦ
2653 3575 2929 3647 ἐπανήξει,
2990 3573 3138 3630 ἀλλὰ
3183 3578 3253 3648 τῇ
3303 3570 3535 3628 διαθὲτει
3589 3569 3765 3626 αὐτοῦ

366 3669 554 3725 debet.
613 3671 936 3744 Sepultum
987 3680 1183 3731 autem
1251 3679 1521 3747 sumptus
1576 3658 1763 3732 reddit
1820 3682 2002 3748 pater,

2129 3666 2322 3744 ίφείλει
2354 3665 2662 3741 λογίζεσθαι
2686 3683 2701 3696 ⁶
2744 3664 2844 3720 ὅσα
2873 3662 2929 3720 δὲ
2960 3664 3034 3726 είς
3071 3665 3170 3733 τήν
3220 3664 3396 3740 ταφὴν
3444 3658 3765 3731 ἠνάλωσεν,

368 3762 538 3832 cujus
564 3761 621 3816 in
657 3779 867 3820 manus
894 3765 996 3821 dos
1027 3765 1282 3822 redierit.

2129 3758 2142 3812 5
2172 3758 2355 3830 πατὴρ
2396 3753 2587 3810 δίδωσι
2626 3755 2763 3830 πρὸς
2792 3756 2851 3810 ’ὀν
2885 3755 2919 3823 ἡ
2947 3754 3105 3830 προὶξ
3133 3751 3451 3817 ἐπανῆλθεν.
3528 3839 3543 3857 ‘
3642 3838 3658 3857 ’
3712 3839 3727 3857 γ

439 3850 498 3906 Si
543 3850 953 3910 ﬁliusfamilias
1010 3869 1243 3911 uxorem
1299 3856 1545 3924 duxerit,
1578 3859 1741 3927 pater
1782 3860 2002 3913 tenetur

2184 3848 2247 3904 '0
2298 3849 2395 3900 τοῦ
2452 3845 2737 3923 γήμαντος
2801 3843 3123 3914 ὑπεξουσίου
3196 3842 3376 3916 πατὴρ
3456 3839 3546 3894 καὶ
3596 3839 3770 3895 αὐτὸν

2129 3934 2136 3947 .
2590 3933 2599 3947 .
2890 3931 2905 3947 ε
3020 3932 3033 3947 .
3312 3931 3327 3947 ς
3458 3928 3471 3947 ,
3546 3931 3613 3947 -,
3721 3927 3737 3946 ,

372 3943 430 3995 et
459 3941 651 4011 ipsum
684 3946 742 3997 et
770 3944 1077 4015 conjugem
1101 3944 1274 4001 alere.
1303 3946 1359 4001 ls
1379 3944 1535 4001 enim
1557 3961 1734 4002 onera
1762 3946 2002 4003 sustinet

2129 3934 2467 4009 ἱναγκάζεται
2514 3933 2749 4009 τρέφειν,
2816 3931 2907 3987 καὶ
2974 3932 3073 4000 τὴν
3124 3931 3366 4005 γαμετὴν
3413 3931 3577 3984 αὐτοῦ
3604 3946 3618 3959 ⁸
3671 3931 3771 3983 αὖ-

368 4029 711 4100 nuptiarum
744 4031 850 4086 ﬁlii
881 4033 1001 4089 sui.

2129 4027 2205 4086 πὸς
2234 4026 2334 4099 γὰρ
2388 4024 2666 4079 ὑπόκειται
2715 4027 2831 4085 τοῖς
2887 4021 3074 4097 βάρεσι
3121 4024 3219 4076 τοῦ
3267 4021 3447 4096 γάμου
3493 4022 3590 4074 τοῦ
3638 4019 3770 4073 υἱοῦ

2120 4136 2304 4171 αυτου.

2189 4205 2348 4275 Ζήτει
2377 4204 2439 4257 τὸ
2558 4199 2857 4280 κεφάλαιον
2888 4204 2987 4255 τοῦ
3029 4206 3066 4255 Δ
3098 4196 3396 4275 στοιχείου.

764 4343 920 4400 CAP.
950 4343 1091 4400 XXI.
1125 4345 1198 4400 De
1225 4343 1621 4414 proditoribus.

2424 4336 2679 4388 ΚΕΦΔΛ.
2723 4330 2848 4388 KA'.
2892 4328 3049 4403 Περὶ
3082 4324 3457 4403 προδοτῶν.

449 4454 644 4509 Canon
683 4469 875 4509 nonus
919 4451 2002 4525 Gregorii'l‘haumaturgi,quicunque.

2190 4440 2248 4494 '0
2279 4440 2325 4492 θ’
2355 4438 2534 4493 κακὼν
2573 4441 2671 4493 τοῦ
2710 4436 2870 4510 άγίου
2910 4435 3219 4512 Γρηγορίου
3267 4437 3364 4489 τοῦ
3413 4438 3776 4540 ἵαυματουρ-

384 4541 596 4613 inquit,
626 4558 760 4597 cum
787 4541 999 4615 captivi
1027 4517 1239 4599 fvuerint
1277 4543 1431 4614 apud
1462 4517 1766 4609 baerar—os,
1796 4544 1855 4596 et
1890 4517 2002 4596 veo-

2129 4533 2247 4605 γοῦ,
2285 4530 2462 4599 Ὅσοι,
2520 4528 2707 4602 φησὶν,
2757 4524 3108 4601 αἰχμάλωτοι
3159 4529 3273 4586 τοῖς
3325 4517 3623 4598 βαρϐάροις
3678 4543 3778 4596 γε-

385 4601 514 4686 rum
556 4601 877 4703 impietate.
906 4631 1225 4703 constricti,
1258 4601 1333 4687 in.
1368 4635 1595 4687 tantum
1631 4601 1819 4703 ipsius
1874 4630 2002 4684 fiant

2129 4601 2352 4695 γόνασι,
2426 4618 2518 4674 καὶ
2581 4622 2650 4692 τῇ
2717 4621 2862 4695 σφῶν
2941 4610 3225 4687 δυσσεϐείᾳ
3298 4612 3777 4690 συναπαχθέντες,

2263 4714 2289 4721 ..
2496 4707 2509 4721 ι
2766 4705 2777 4721 1
2999 4705 3024 4721 u
3236 4705 3250 4721 \
3287 4705 3307 4721 \
3365 4705 3390 4721 Λ
3510 4700 3531 4721 \
3585 4696 3647 4721 ρο

388 4696 700 4792 participes
751 4724 813 4776 ut
856 4696 1223 4778 Christiane
1255 4736 1375 4777 suae
1432 4696 1800 4793 professionis
1854 4717 1996 4775 obiit

2129 4714 2386 4766 τοσοῦτον
2414 4707 2614 4780 ταύτης
2659 4705 2945 4782 μετέσχον,
2986 4705 3127 4762 ὥστε
3165 4705 3254 4760 καὶ
3287 4705 3463 4775 λήθην
3510 4696 3781 4768 λαϐόντες

384 4791 705 4867 nonnullos
730 4827 970 4868 suorum
1001 4791 1615 4882 contribulium'liguo
1663 4814 1764 4867 aut
1809 4809 2002 4881 lsquec

2129 4803 2220 4855 τοῦ
2270 4800 2407 4855 εἶναι
2453 4796 2837 4873 Χριστιανοὺς,
2891 4794 3066 4859 ἐνίους
3112 4799 3220 4851 τῶν
3269 4792 3570 4873 ὁμοφύλων
3618 4791 3782 4867 ξύλῳ

381 4900 758 4969 interﬁciant,
813 4905 871 4958 et
923 4901 1045 4958 vias
1101 4917 1168 4957 ac
1223 4902 1429 4958 domos
1476 4902 1735 4958 barbaris
1773 4901 2002 4958 istarum

2129 4888 2160 4959 ἢ
2222 4886 2434 4964 ἀγχόνῃ
2479 4886 2786 4964 ἐφόνευσαν,
2836 4884 2927 4942 καὶ
2993 4882 3154 4948 ὁδοὺς
3196 4885 3231 4954 ἢ
3284 4883 3460 4945 οἰκίας
3507 4884 3779 4959 ἀγνοοῦσι

379 4989 603 5062 ignaris
632 4995 1119 5056 commonstrant,
1153 5007 1221 5048 ex
1270 4991 1607 5048 auditorum
1646 4990 1893 5048 statione
1940 4990 2002 5061 ej‘

2129 4985 2243 5044 τοῖς
2298 4976 2595 5055 βαρϐάροις
2662 4974 2962 5051 ὑπέδειξαν,
3028 4974 3119 5031 καὶ
3164 4981 3266 5045 τῆς
3315 4973 3629 5051 ἀκροασεως
3678 4972 3788 5029 ἐκ-

379 5081 629 5151 ciantur,
663 5080 995 5152 usquedum
1028 5082 1248 5138 sanctis
1272 5082 1443 5137 simul
1497 5078 1860 5153 congregatis
1912 5079 2002 5134 ali!

2129 5065 2536 5141 ϐληθήτωσαν,
2616 5067 2814 5143 μέχρις
2887 5068 2946 5122 ἂν
3020 5062 3342 5122 συνελθοῦσι
3407 5069 3526 5127 τοῖς
3591 5063 3782 5138 ἁγίοις

387 5171 542 5242 quod
574 5172 646 5226 de
675 5171 746 5226 iis
775 5170 1162 5228 communiter
1194 5170 1380 5228 visum
1414 5171 1513 5239 sit,
1534 5175 1590 5228 et
1644 5169 1807 5243 prius
1837 5168 2002 5241 Spiri-

2129 5165 2286 5234 κοινῇ
2316 5159 2442 5235 περὶ
2480 5158 2656 5215 αὐτῶν
2702 5180 2758 5213 τι
2807 5154 2962 5231 δόξῃ,
3009 5157 3098 5212 καὶ
3130 5157 3238 5232 πρὸ
3286 5154 3462 5212 αὐτῶν
3505 5157 3585 5226 τῷ
3630 5154 3788 5229 ἁγίῳ

440 4212 644 4276 Quaere
673 4218 849 4286 caput
875 4217 911 4268 2
942 4214 1146 4273 litterae
1178 4223 1236 4273 A.

382 5261 469 5317 tui
491 5265 715 5318 sancto.

1112 5369 1294 5439 Leges.

452 5476 559 5540 Qui
590 5476 832 5549 instigat
862 5475 1080 5541 hostes,
1120 5478 1220 5531 aut
1248 5473 1307 5529 in
1340 5490 1541 5531 eorum
1573 5490 1783 5532 manus
1830 5472 2024 5546 prodit

383 5565 700 5633 Romanos,
760 5566 944 5638 capite
994 5563 1288 5637 plectitur.
1339 5564 1444 5631 Qui
1475 5580 1604 5620 vero
1641 5564 1701 5619 in
1768 5563 2017 5620 desertis

382 5654 549 5724 locis,
593 5661 693 5711 aut
751 5660 986 5728 propter
1038 5669 1197 5710 mare
1275 5653 1595 5710 latronibus
1632 5653 2017 5726 opitulantur,

2132 5250 2427 5325 Πνεύματι.

2822 5356 3083 5431 Νόμοι.

2203 5472 2265 5526 Ὀ
2294 5466 2548 5539 ἐρεθίζων
2619 5464 2945 5540 πολεμίους,
3005 5462 3041 5534 ἤ
3098 5461 3393 5539 προδιδοὺς
3470 5460 3790 5534 πολεμίοις

2132 5554 2465 5630 Ῥωμαίους,
2504 5552 2820 5632 κεφαλικῶς
2857 5559 3204 5629 τιμωρεῖται.
3245 5553 3314 5610 Οἱ
3353 5549 3410 5607 δὲ
3456 5549 3592 5606 κατᾶ
3637 5550 3794 5626 χέρ-

2133 5666 2247 5716 συν,
2286 5644 2322 5715 ἢ
2381 5642 2651 5700 θάλασσαν
2705 5648 2821 5706 τοῖς
2881 5642 3206 5719 λῃστεύουσι
3254 5639 3792 5716 συλλῃστεύσαντες,

386 5758 562 5819 quam
593 5744 794 5802 hostes
823 5744 1007 5816 aperti
1038 5760 1102 5803 eo
1132 5742 1363 5818 gravius
1380 5743 1725 5816 puniuntur.
1739 5758 1852 5816 quo
1865 5742 2002 5800 olant

2130 5740 2240 5793 τῶν
2306 5738 2549 5812 φανερῶν
2611 5730 2894 5810 πολεμίων
2965 5731 3177 5808 μᾶλλον
3243 5731 3591 5804 κολάζονται,
3657 5730 3796 5807 ὅσῳ
