4080 6224
245 389 337 448 125
1189 387 1559 447 SYNTAGM
1571 389 1616 446 A
1661 387 1845 447 ALPE

1980 386 2294 449 ETICUM.
2341 421 2417 432 —
2461 387 2615 446 Ρ-Σ.

3493 381 3608 441 126

238 521 420 575 καίτοῦ
467 514 693 594 φανεροῦ
723 516 978 588 πολέμου
1027 519 1061 585 ἡ
1093 517 1298 595 ἀφανὴς
1346 512 1615 587 ἐπιϐουλὴ
1669 519 1841 595 χαλε-

1980 519 2442 578 Ιοειίηωίηείάὶω
2474 519 2604 591 plus
2636 517 2871 591 periculi
2906 517 3098 573 ferunt
3126 531 3304 587 quam
3336 518 3601 587 apertum

237 609 424 682 πωτέρα
451 605 762 677 καθέστηκε.

289 698 409 760 Τοὺς
459 695 520 751 ἐκ
571 702 678 751 τῶν
743 697 1070 769 Ῥωμαϊκῶν
1143 697 1278 772 πρὸς
1336 697 1461 759 τοὺς
1541 697 1846 771 πολεμίους

235 787 601 864 ἀποφεύγοντας
648 786 724 847 ὡς
775 784 1080 859 πολεμίους
1138 784 1333 858 ἔξεστιν
1393 785 1690 850 ἀκινδύνως
1749 809 1846 866 φο-

232 898 396 935 νευειν.

291 972 345 1025 'O
368 968 496 1021 κατᾶ
537 971 638 1035 τῆς
672 965 948 1040 σωτηρίας
993 969 1090 1022 τοῦ
1138 966 1405 1042 βασιλέως
1443 968 1478 1036 ἢ
1530 971 1633 1033 τῆς
1681 967 1845 1024 πολι-

230 1057 351 1118 τείας
404 1056 890 1130 μηχανησάμενος,
931 1057 966 1126 ii
1029 1055 1354 1128 μελετήσας,
1414 1057 1698 1135 φονεύεται
1755 1057 1846 1112 καὶ

231 1146 514 1218 δημεύεται.

287 1237 339 1288 Οἱ
413 1235 549 1308 πρὸς
635 1233 763 1296 τοὺς
847 1234 1150 1308 πολεμίους
1234 1234 1688 1309 αύτομολοῦντες,
1755 1239 1846 1293 καὶ

226 1327 301 1385 τὰς
362 1323 628 1398 ἡμετέρας
710 1323 916 1397 βουλὰς
1001 1324 1463 1400 ἀπαγγέλλοντες,
1539 1329 1848 1404 ἀπαγχονί-

232 1423 400 1485 ζονται.

281 1506 421 1573 Ζήτει
452 1503 514 1557 τὸ
548 1504 623 1557 ια’
651 1501 948 1578 κεφάλαιον
980 1508 1078 1558 τοῦ
1111 1511 1150 1558 Σ
1187 1504 1487 1584 στοιχείου.

600 1616 779 1665 ΑΡΧΗ
821 1617 944 1665 ΤΟΥ
987 1616 1020 1664 Ρ
1062 1617 1440 1669 ΣΤΟΙΧΕΙΟΓ.

225 1723 442 1773 ΚΕΦΑᾹ.
480 1720 555 1798 A‘:
608 1716 763 1798 Περξ
802 1721 940 1798 ego!
965 1716 1026 1771 ἐν
1067 1717 1250 1798 ῥύσει
1291 1719 1716 1795 ἀπροαιρέτῳ
1755 1744 1847 1798 γι-

400 1785 707 1861 νομένων
739 1785 990 1862 ἀνδρῶν
1026 1785 1093 1843 τὶ
1132 1791 1238 1844 καὶ
1278 1785 1630 1865 γυνάικῶν.

2056 613 2197 667 lum.

2056 613 2109 667 lu
2185 654 2197 666 .

1960 611 2196 767 belQuima
2226 701 2432 757 castris
2465 698 2738 755 Romanis
2770 699 2840 752 ad
2887 698 3081 753 hostes
3117 700 3446 762 transeunt,
3481 700 3605 751 tan-

1959 807 2132 863 quam
2166 790 2364 846 hostes
2397 790 2614 860 absque
2646 787 2767 843 ullo
2792 785 3132 842 discrimine
3163 787 3424 842 occidere
3445 784 3598 840 licet.

2029 973 2133 1038 Qui
2166 973 2442 1030 adversus
2491 971 2742 1027 salutem
2787 968 3154 1042 imperatoris
3213 971 3318 1022 aut
3376 963 3604 1037 imperii

1959 1063 2280 1134 quidquam
2316 1061 2550 1118 molitur
2578 1062 3345 1130 autmeditatur,summum
3381 1054 3604 1127 suppli-

1958 1153 2116 1209 cium
2148 1155 2269 1224 ipse
2300 1152 2430 1218 luit,
2463 1156 2520 1206 et
2550 1153 2704 1207 bona
2735 1152 2947 1208 cedunt
2979 1151 3139 1206 ﬁsco.

2030 1242 2134 1307 Qui
2167 1243 2237 1298 ad
2269 1242 2497 1297 hostem
2546 1242 2963 1313 transfugiunt,
3000 1244 3058 1294 et
3113 1237 3359 1294 consilia
3405 1239 3604 1292 nostra

1959 1331 2235 1403 produnt,
2267 1330 2732 1402 strangulatione
2756 1334 3020 1403 pereunt.

2029 1517 2232 1581 Quare
2261 1531 2389 1587 cap.
2417 1516 2476 1570 11
2511 1515 2618 1570 litt.
2655 1519 2715 1570 Σ.

2302 1621 2454 1678 228
2497 1622 2778 1678 INITIUM
2822 1621 3156 1677 LITTERIE
3195 1620 3255 1674 P.

1958 1730 2107 1786 CAP.
2133 1732 2174 1785 l.
2208 1733 2282 1786 De
2309 1731 2450 1787 viris
2482 1747 2546 1786 ac
2572 1730 2921 1796 mulieribus,
2945 1732 3042 1800 qui
3065 1728 3453 1783 invotuntario
3480 1742 3600 1798 pro-

2541 1805 2707 1872 ﬂuuio
2732 1803 3008 1857 laborant.

274 1879 416 1947 Ζῆτει
446 1878 507 1932 τὸ
562 1884 623 1941 ις’
651 1899 770 1953 κεφ.
805 1881 902 1932 τοῦ
949 1881 986 1934 Α
1035 1881 1314 1953 στοιχείου
1361 1882 1450 1935 καὶ
1497 1883 1559 1937 τὸ
1608 1890 1691 1954 κη’
1723 1907 1838 1960 κεφ.

2021 1892 2164 1948 Vide
2194 1896 2364 1964 caput
2396 1893 2462 1947 16
2492 1891 2604 1946 litt.
2636 1893 2701 1960 A,
2735 1896 2789 1948 et
2820 1908 2945 1961 cap.
2978 1891 3048 1944 28
3080 1889 3190 1945 litt.
3225 1889 3291 1946 Κ.

219 1970 301 2020 τοῦ
328 1972 364 2020 Κ
395 1965 702 2042 στοιχείου.

595 2060 785 2113 ΑΡΧΗ
823 2063 946 2112 ΤΟΥ
985 2065 1024 2112 Σ
1068 2064 1443 2119 ΣΤΟΙΧΕΙΟΥ.

214 2147 443 2203 ΚΕΦΑΔ.
467 2147 691 2203 Δ’.“Ὀτι
721 2151 866 2207 τοῖς
901 2141 1238 2202 Σάϐϐασιν
1268 2150 1338 2204 ού
1371 2147 1470 2205 δεῖ
1493 2153 1842 2222 νηστεύειν

273 2237 417 2304 Ζήτει
475 2235 526 2289 ἐν
579 2239 664 2306 τῷ
714 2234 794 2304 λζ’
841 2234 1119 2312 κεφαλαίῳ
1165 2242 1261 2292 τοῦ
1311 2245 1350 2293 Κ
1407 2241 1687 2318 στοιχείου
1743 2264 1842 2297 x1-

214 2324 322 2376 νόνα
369 2328 474 2378 τῶν
536 2324 712 2398 ἁγίων
770 2322 1090 2380 ἀποστόλων
1146 2328 1237 2400 ξς’,
1295 2329 1381 2383 καὶ
1441 2337 1540 2399 τῆς
1619 2333 1658 2392 ς’
1717 2353 1843 2387 συν-

215 2409 323 2466 όδου
366 2415 459 2484 νε’,
508 2414 602 2468 καὶ
660 2417 740 2486 τῷ
794 2412 874 2468 λε’
922 2435 1041 2494 κεφ.
1089 2420 1186 2470 τοῦ
1247 2424 1284 2472 Ε
1327 2418 1605 2494 στοιχείου
1642 2429 1743 2491 τῆς
1792 2421 1844 2477 ἒν

213 2499 473 2572 Λαοδικείᾳ
532 2499 768 2558 συνόδου
820 2504 1020 2559 κανόνα
1079 2508 1169 2576 ις’,
1228 2506 1318 2562 καὶ
1375 2508 1426 2562 ἐν
1491 2513 1570 2582 τῷ
1627 2512 1664 2566 ε’
1721 2531 1840 2590 κεφ.

211 2595 290 2645 τοῦ
317 2599 350 2647 Τ
379 2592 667 2668 στοιχείου
697 2593 892 2648 κανόνα
921 2598 995 2650 νε⁹
1024 2603 1124 2665 τῆς
1157 2598 1200 2660 ς’
1234 2595 1482 2656 συνόδου.

519 2706 780 2757 ΚΕΦΑΛ.
825 2703 899 2757 B'.
943 2702 1100 2777 Περὶ
1143 2710 1500 2773 σκηνικῶν.

268 2788 411 2857 Ζήτει
446 2788 498 2844 ἰν
529 2795 615 2861 τῷ
647 2791 692 2844 α’
739 2811 859 2865 κεφ.
891 2791 988 2846 τοῦ
1019 2797 1058 2847 Θ
1107 2797 1386 2868 στοιχείου
1417 2797 1611 2852 κανόνα
1659 2801 1704 2852 α’
1741 2804 1841 2866 τῆς

212 2879 246 2938 ς’
272 2875 507 2949 συνόδου,
542 2882 638 2935 καί
689 2880 742 2935 ἐν
775 2885 854 2953 τῷ
885 2883 928 2952 ζ’
971 2903 1089 2959 κεφ.
1121 2888 1216 2938 τοῦ
1249 2891 1298 2940 Μ
1330 2888 1609 2962 στοιχείου
1645 2890 1843 2947 κανόνα

217 2971 291 3038 μς’
311 2975 404 3037 τῆς
435 2968 491 3024 ἐν
520 2972 847 3046 Καρθαγένῃ
877 2968 1130 3030 συνόδου.

270 3058 415 3126 Ζήτει
446 3060 538 3112 καὶ
571 3059 641 3114 τὸ
678 3061 740 3114 ια’
767 3060 1067 3134 κεφάλαιον
1094 3067 1191 3118 τοῦ
1221 3071 1268 3120 Μ
1301 3067 1599 3142 στοιχείου.

213 3166 771 3252 ΚΕΦρεξκΓῈςρτι
821 3168 1220 3252 σιταυρὸνϋέν
1274 3168 1505 3252 team;
1563 3177 1840 3252 γράφειν

283 3236 347 3288 οὐ
387 3235 506 3303 δεῖ,
549 3235 729 3291 ἀλλὰ
766 3239 874 3292 καὶ
913 3235 1066 3303 τοῦς
1105 3235 1294 3304 ὄντας
1333 3235 1757 3322 ἀπαλείφειν.

266 3323 318 3372 ’0
371 3331 454 3397 ογ’
510 3331 616 3392 τῆς
678 3331 717 3386 ς’
792 3325 1020 3382 συνόδου
1083 3331 1256 3384 κανὼν
1310 3332 1400 3387 τὸν
1490 3337 1588 3390 τού
1657 3338 1846 3412 τιμίου

211 3417 423 3484 σταυροῦ
479 3413 657 3468 τύπον
733 3413 787 3468 ἐν
863 3414 1047 3494 ἐδάφει
1115 3421 1338 3496 γράφειν
1415 3423 1728 3497 ἀπείρηκεν,
1785 3428 1848 3482 ού

212 3501 308 3592 μὴν,
335 3500 477 3556 ἀλλά
509 3503 620 3592 ,καὶ
653 3502 780 3565 τοὺς
831 3503 938 3575 ἤδη
972 3510 1271 3585 γραφέντας
1323 3508 1638 3592 διαγρᾶφειν
1691 3519 1845 3572 ἀνεν-

212 3584 451 3652 δοιασ-τως
503 3591 833 3662 ἐπισκήπτει
862 3595 952 3648 καὶ
1000 3594 1321 3669 ἐξαλείφειν,
1354 3601 1428 3662 ὼς
1479 3584 1543 3657 ἂν
1575 3607 1651 3677 μή
1704 3628 1848 3682 συμ-

209 3682 527 3752 πατούμενον
579 3689 701 3745 τοῖς
759 3682 1099 3758 βαδίζουσιν,
1153 3685 1498 3766 ἐφυϐρίζοιτο
1555 3697 1616 3751 τὸ
1666 3702 1849 3770 σωτή-

211 3789 308 3840 ριον
334 3778 430 3839 τῆς
461 3774 634 3844 ἡμῶν
677 3771 833 3844 νίκης
865 3775 1125 3849 τρόπαιον
1159 3797 1172 3811 ⁸
1222 3783 1285 3834 τὸ
1316 3782 1403 3836 καὶ
1455 3780 1661 3857 διανοίᾳ
1701 3786 1848 3843 αἰδοῖ

210 3862 266 3928 τῇ
294 3861 431 3933 πάσῃ
480 3860 831 3935 τιμώμενον,
876 3865 964 3919 καὶ
1013 3863 1169 3941 λόγῳ
1221 3865 1583 3948 διαφερόντως
1638 3877 1845 3950 Θαυμα-

212 3949 436 4020 ζὸμενον,
493 3953 585 4006 καὶ
645 3951 896 4024 αἴσθήσει
965 3962 1282 4030 πρακτικῶς
1353 3949 1844 4038 προσκυνούμενον.

904 4061 1144 4134 Nouem

271 4143 464 4238 Μηδεὶς
525 4144 583 4238 iv
617 4144 852 4238 Δἐδάφει,
903 4149 937 4219 ἢ
999 4149 1053 4206 ἐν
1115 4156 1411 4230 μαρμάρῳ,
1471 4158 1557 4214 ἐπὶ
1615 4159 1846 4238 ἐδάφους

209 4235 440 4330 κειμένω,
504 4236 540 4304 ἢ
615 4235 667 4330 εν
729 4237 932 4330 μυλίτῃ
993 4240 1134 4314 λίθῳ
1191 4246 1418 4319 σταυρὸν
1475 4235 1841 4330 ἐγγλυφέτωο

209 4323 283 4375 καὶ
311 4324 359 4377 οἱ
408 4323 562 4387 ὅντες
614 4323 668 4380 ἒν
717 4326 931 4391 τούτοις
980 4332 1462 4408 περιαιρείσθωσαν
1497 4323 1526 4370 ’⁷
1555 4323 1590 4393 γὸ
1640 4323 1695 4396 δὲ
1741 4364 1843 4398 πα-

212 4407 457 4481 ραϐαίνων
535 4416 632 4469 τὸν
713 4416 908 4489 νόμον,
965 4421 1067 4488 τήν
1147 4421 1453 4496 βαρυτάτην
1528 4428 1842 4503 ὑπομενέτω

209 4503 402 4572 ποινήν,

213 4610 444 4664 ΚΕΦΑΛ.
489 4610 564 4666 Δ’.
613 4611 775 4685 Περὶ
818 4609 1258 4686 συμϐολαίων
1300 4621 1408 4675 καί
1449 4626 1844 4702 συμφώνων.
1882 4637 1920 4699 [)

905 4703 1150 4778 Νόμομ

273 4787 327 4843 Ἡ
382 4792 490 4843 τῶν
554 4784 918 4862 συμϐολαίων
988 4793 1242 4852 ἀπώλεια
1319 4799 1417 4854 ούκ
1489 4801 1700 4880 ἀναιρεῖ
1755 4809 1850 4870 τὰς

214 4872 430 4968 ᾇγωγὰς,
461 4877 515 4933 ἓν
552 4880 602 4952 ᾧ
657 4877 878 4937 δυνατόν
909 4881 1050 4940 ἐστιν
1101 4887 1298 4963 ἑτὲρως
1342 4872 1736 4968 ἁποδειχθῆναι
1787 4900 1850 4952 τὸ

217 4961 411 5033 ἀληθὲς.

272 5054 339 5145 ’1ξᾶ
367 5058 545 5145 χωρίς
578 5056 751 5114 δόλου
784 5060 1046 5140 σύμφωνα
1075 5066 1165 5120 καὶ
1201 5068 1276 5140 μή
1307 5074 1426 5133 τοῖς
1457 5071 1646 5145 νόμοις
1698 5074 1853 5130 ἐναν-

214 5143 443 5216 τιούμενα
474 5142 741 5223 ἔρρωται.

501 5259 768 5314 ΚΕΦΔΛ.
812 5263 888 5316 E'.
932 5261 1092 5336 Περὶ
1133 5268 1545 5338 συμποσίων.

398 5346 465 5398 νε¹
515 5352 622 5416 τῆς
674 5345 728 5402 ἐν
775 5346 1074 5423 Λαοδικείᾳ
1129 5353 1352 5412 συνόδου
1411 5361 1590 5414 κανόνι
1651 5359 1852 5436 κληρι-

219 5426 409 5524 χοῦς-ἣ
471 5431 706 5498 λαϊκοὺς
785 5441 1064 5513 συμπόσια
1118 5451 1297 5500 ποιεῖν
1373 5447 1422 5517 ἐξ
1493 5447 1686 5524 ἐράνου
1761 5426 1852 5507 καὶ

220 5513 481 5613 ξυμϐολῆς
541 5525 838 5601 ἀπείρηται
871 5546 886 5559 ⁸
943 5535 1110 5586 ταῦτα
1166 5536 1292 5609 γὰρ,
1345 5539 1417 5599 ὡς
1477 5539 1695 5613 ἐπίπαν,
1751 5542 1851 5598 ού-

222 5599 242 5624 δ
309 5606 318 5624 ν
415 5611 428 5624 ς

220 5606 348 5746 οἶνός
385 5611 516 5668 εἰσιν
565 5615 794 5692 ἆγαθοῦ,
843 5617 926 5674 ὅτι
971 5621 1049 5692 μή
1109 5625 1198 5677 καὶ
1251 5626 1427 5698 πάσης
1480 5629 1844 5705 αἱσχρότητος

220 5712 359 5746 πεα-

220 5712 282 5748 τυ.
289 5715 359 5752 εα.

2399 2093 2687 2150 INITIUM
2733 2093 3062 2149 LITTEBE
3089 2097 3150 2147 Σ.

1951 2186 2106 2239 CAP.
2143 2185 2186 2241 Ι.
2219 2184 2367 2254 Quod
2400 2184 2457 2239 in
2477 2185 2727 2240 Sabbatis
2755 2185 2985 2238 minime
3021 2182 3280 2255 jejunare
3336 2183 3596 2252 oporteat.

2045 2274 2288 2330 Consule
2351 2274 2410 2329 in
2467 2275 2536 2328 37
2579 2290 2703 2343 cap.
2741 2273 2852 2328 litt.
2917 2273 2962 2328 K
3015 2287 3298 2328 canonem
3357 2275 3602 2326 sancto-

1953 2378 2086 2418 rum
2117 2362 2510 2432 apostolorum
2539 2362 2630 2428 66,
2662 2365 2719 2415 et
2744 2361 2973 2432 'synodi
3031 2377 3088 2415 v1
3137 2375 3245 2415 can
3301 2359 3393 2423 55,
3426 2362 3482 2414 et
3540 2360 3598 2414 in

1950 2452 2021 2508 35
2077 2468 2204 2524 cap.
2240 2452 2280 2506 E
2340 2452 2542 2507 litterae
2601 2467 2729 2520 syn.
2773 2450 3110 2506 Laodicenis:
3158 2463 3446 2505 canonem
3503 2449 3594 2518 16,

1951 2546 2010 2598 et
2038 2541 2096 2597 in
2116 2542 2152 2596 5
2183 2557 2306 2612 cap.
2335 2543 2376 2596 T
2407 2541 2607 2597 littera:
2640 2556 2922 2596 canonem
2951 2539 3025 2593 55
3052 2555 3106 2594 ιν
3136 2538 3362 2610 synodi.

2377 2727 2530 2784 CAP.
2557 2726 2620 2782 Il.
2657 2729 2728 2782 De
2757 2727 2896 2782 ludis
2916 2726 3165 2783 scenicis.

2026 2821 2226 2884 Quaere
2256 2817 2315 2874 in
2346 2833 2473 2890 cap.
2509 2819 2534 2873 1
2571 2818 2682 2874 litt.
2715 2824 2754 2871 Θ
2777 2834 3054 2874 canonem
3103 2816 3361 2888 primum
3391 2817 3593 2889 synodi

1954 2910 2239 2973 sextae,et
2295 2907 2354 2962 in
2400 2910 2436 2961 7
2495 2923 2619 2978 cap.
2655 2908 2764 2962 litt.
2817 2908 2889 2964 Μ.
2923 2921 3206 2964 canonem
3263 2907 3332 2961 46
3389 2906 3594 2977 synodi

1956 2997 2454 3068 Carthaginensis.

2022 3088 2220 3150 Quaere
2241 3091 2301 3143 et
2329 3103 2456 3159 cap.
2501 3089 2561 3142 11
2597 3087 2704 3144 litt.
2741 3087 2814 3142 M.

1952 3195 2105 3250 CAP.
2149 3196 2247 3251 lll.
2309 3194 2459 3263 Quod
2498 3212 2609 3250 non
2657 3198 2864 3265 oportet
2924 3197 2981 3248 in
3021 3195 3326 3264 pavimento
3381 3209 3599 3248 crucem

2200 3267 2528 3333 describere,
2559 3267 2648 3322 sed
2667 3272 2720 3321 et
2743 3266 2821 3321 ita
2848 3281 3135 3336 expressas
3159 3265 3355 3321 delere.

2028 3355 2224 3411 Canon
2252 3357 2323 3409 63
2355 3355 2583 3410 concilii
2606 3373 2658 3410 vr
2693 3356 2936 3427 ﬁguram
2974 3354 3239 3425 pretiosae
3292 3355 3482 3409 crucis
3539 3353 3598 3409 in

1959 3445 2288 3516 pavimento
2328 3445 2654 3500 describere
2683 3451 2854 3510 vetat,
2891 3461 3078 3516 neque
3111 3444 3218 3499 hoc
3249 3442 3465 3510 solum,
3498 3444 3598 3499 sed

1951 3539 2008 3589 et
2032 3535 2152 3604 jam
2183 3535 2515 3590 eﬂ'ormalas
2546 3533 2960 3590 deformandas
2995 3534 3233 3589 indubia
3264 3533 3476 3588 statuit
3537 3536 3596 3587 et

1956 3622 2294 3691 abolendae,
2327 3639 2398 3677 ne
2430 3623 2592 3690 forte,
2628 3623 2874 3694 pedibus
2905 3623 3333 3690 conculcatum,
3365 3619 3601 3676 vilescat

1956 3710 2213 3766 salutare
2239 3709 2493 3766 victoriae
2526 3717 2738 3767 nostrae
2766 3717 3074 3782 tropaeum,
3107 3710 3262 3781 quod
3305 3713 3364 3765 et
3410 3715 3601 3764 mente

1957 3801 2116 3856 omni
2139 3818 2270 3858 cum
2329 3803 2649 3858 reverentia
2705 3803 2938 3868 colitur,
2969 3806 3028 3858 et
3083 3815 3348 3858 sermone
3392 3799 3601 3856 eximie

1957 3889 2300 3958 celebratur,
2331 3899 2382 3947 et
2414 3893 2602 3963 quoad
2635 3908 2876 3948 sensum
2911 3907 3114 3963 reapse
3144 3890 3439 3945 adoretur.

2710 4057 2842 4112 Lex.

2027 4171 2205 4222 Nemo
2260 4167 2319 4222 in
2376 4166 2700 4238 pavimento
2767 4173 2865 4221 aut
2919 4179 3208 4220 marmore
3238 4162 3396 4234 quod
3427 4177 3602 4234 super

1956 4255 2473 4327 pavimentojacet,
2508 4259 2607 4310 aut
2636 4255 2825 4326 lapids
2859 4252 3063 4309 molari
3097 4269 3331 4308 crucem
3375 4252 3597 4308 inscul-

1956 4350 2083 4418 pat;
2113 4347 2162 4401 si
2195 4362 2320 4409 quae
2359 4351 2551 4401 autem
2603 4346 2728 4414 jam
2777 4343 3006 4415 scriptae
3066 4343 3301 4408 fuerint,
3349 4342 3601 4397 eradan—

1955 4439 2069 4491 tur.
2123 4435 2463 4506 Quicunque
2524 4450 2654 4490 vero
2715 4435 2901 4504 legem
2959 4433 3409 4504 transgreditur,
3469 4447 3604 4504 gra-

1953 4525 2250 4582 vissimam
2284 4541 2512 4596 poenam
2544 4524 2706 4580 ﬂuat.

2244 4652 2394 4706 CAP.
2420 4651 2508 4706 IV.
2533 4653 2606 4706 De
2631 4653 2806 4722 pactis
2825 4659 2876 4707 ct
2899 4652 3284 4707 contractibus

2720 4741 2848 4796 Lex.

2034 4829 2286 4886 Perditio
2345 4845 2563 4896 rerum,
2615 4831 2686 4885 de
2765 4829 2980 4900 quibus
3068 4834 3412 4887 conventum
3471 4829 3605 4898 fuit,

1969 4935 2084 4974 non
2142 4917 2296 4975 tollit
2360 4919 2638 4988 actiones,
2668 4919 2724 4974 in
2785 4925 3068 4990 quantum
3127 4920 3263 4976 licet
3302 4920 3605 4976 veritatem

1965 5008 2076 5064 alio
2109 5009 2281 5064 modo
2305 5007 2583 5079 pateﬁeri.

2033 5100 2186 5155 Citra
2229 5097 2430 5154 dolum
2482 5099 2695 5155 malum
2750 5102 2938 5172 pacta,
2985 5105 3040 5156 et
3098 5101 3321 5172 legibus
3371 5100 3608 5174 quidem

1969 5187 2216 5244 minime
2246 5189 2554 5256 contraria,
2585 5189 2798 5246 valent.

2353 5297 2506 5353 2‘29
2538 5299 2694 5353 CAP.
2729 5298 2794 5354 V.
2840 5300 2910 5354 De
2939 5299 3222 5356 conviviis.

2037 5387 2408 5442 Interdicitur
2433 5403 2562 5442 cum
2594 5388 2818 5442 clericis
2865 5393 2990 5443 tum
3041 5389 3202 5446 laicis
3260 5405 3497 5458 canone
3538 5393 3610 5448 55

1963 5476 2191 5532 concilii
2225 5476 2552 5542 Laodiceni,
2577 5475 2842 5531 convivia
2864 5494 2936 5531 ex
2958 5477 3263 5536 collatione
3286 5480 3603 5552 celebrare,

1963 5567 2078 5622 Ista
2097 5566 2251 5622 enim
2269 5565 2650 5636 utplurimum
2670 5566 2816 5622 nihil
2848 5573 3115 5640 prosunt,
3132 5571 3246 5627 imo
3270 5572 3608 5645 aliquando,

1959 5657 2122 5714 omni
2155 5656 2521 5729 turpitudine
2553 5655 2760 5713 referta
2788 5664 2948 5714 sunt.
