4080 6224
438 398 551 460 127

444 628 557 694 pis,
589 643 715 698 quae
748 634 1045 697 vocantur,
1075 628 1469 685 conviviorum
1514 630 1808 701 portiones
1839 631 2081 688 clericos

453 718 677 787 tollere,
699 724 755 774 et
781 720 1019 775 domum
1053 720 1283 776 referre.
1311 720 1426 776 Hoc
1456 720 1611 775 enim
1645 722 1836 793 arguit
1863 724 2083 793 gulosi-

444 813 626 864 tatem
665 817 720 863 et
760 810 1197 879 improbitatem
1231 810 1487 879 illorum,
1520 812 1618 882 qui
1675 813 1753 867 ita
1809 814 2084 881 fecerint;

450 898 592 953 adeo
625 903 688 951 ut
717 897 1072 954 contumelia
1099 899 1306 954 exinde
1336 899 1635 969 inﬂigatur
1675 901 1865 956 ordini
1897 901 2086 958 eccle-

446 986 702 1042 siastico.

515 1077 715 1140 Quaere
745 1077 918 1131 etiam
948 1082 1123 1149 caput
1154 1080 1183 1132 3
1213 1076 1323 1133 litt.
1360 1084 1424 1133 A.

521 1182 673 1238 CAP.
709 1184 801 1240 Vl.
837 1192 914 1240 Ue
943 1187 1012 1240 iis
1040 1188 1136 1256 qui
1161 1204 1343 1241 sacras
1365 1203 1601 1259 synaxcs
1630 1192 1825 1243 vitant.

528 1347 774 1402 Consule
806 1348 862 1402 in
894 1364 1018 1418 cap.
1051 1348 1085 1402 9
1116 1349 1226 1404 litt.
1261 1350 1303 1404 B
1325 1366 1447 1405 can.
1483 1352 1753 1423 quintum
1782 1359 1839 1408 et
1866 1360 2094 1411 sextum

461 1437 670 1509 synodi
702 1437 1070 1509 Gangrensis.

446 1544 601 1599 CAP.
631 1544 749 1600 VII.
783 1546 856 1601 De
883 1545 1100 1603 clericis
1128 1551 1223 1619 qui
1268 1556 1563 1605 extraneas
1612 1551 1877 1608 mulieres
1915 1553 2096 1609 alunt.

517 1713 723 1775 Quaare
759 1716 938 1782 caput
965 1713 1001 1766 9
1032 1712 1145 1768 litt.
1179 1717 1235 1767 Γ.

451 1820 611 1876 CAP.
647 1820 792 1876 VIII.
827 1821 901 1875 De
930 1820 1001 1875 iis
1031 1823 1129 1891 qui
1158 1822 1291 1876 aliis
1337 1823 1545 1876 conscii
1582 1831 1730 1892 sunt,
1763 1839 1862 1879 nec
1915 1832 2104 1881 tamen

718 1892 916 1947 delicta
946 1893 1175 1948 illorum
1201 1893 1418 1949 clericis
1450 1895 1798 1963 conﬁtentur.

530 1998 727 2053 Canon
748 1998 813 2051 7t
842 1998 1038 2068 magni
1072 1998 1304 2052 Basilii:
1328 1999 1435 2064 Qui
1466 2000 1663 2056 delicti
1697 2002 1947 2073 alicujus
1971 2020 2103 2059 cum

464 2086 579 2141 alio
609 2086 878 2142 conscius
921 2102 1036 2142 non
1069 2091 1258 2143 tamen
1313 2089 1615 2145 confessus
1666 2092 1856 2160 fuerit,
1890 2092 1938 2147 is
1968 2109 2104 2149 con-

463 2175 651 2231 victus
682 2175 878 2230 tandiu
915 2192 1117 2245 poenas
1146 2175 1329 2243 dabit,
1360 2193 1537 2247 quam
1580 2178 1771 2250 ipsum
1820 2180 2101 2236 malorum

470 2269 816 2332 patratorem
841 2262 1011 2332 plecti
1042 2265 1312 2332 oportuit.
1332 2268 1450 2321 Non
1475 2272 1600 2321 erat
1622 2267 1797 2337 igitur
1823 2286 1889 2325 ex
1915 2276 2106 2327 mente

465 2351 570 2406 viri
604 2353 811 2418 sancti,
842 2352 1025 2407 utille
1056 2355 1374 2422 puniretur,
1400 2354 1496 2424 qui
1541 2356 1850 2412 scientiam
1885 2376 2105 2416 meram

463 2444 601 2496 facti
635 2440 824 2509 habet,
856 2440 1139 2512 impedire
1197 2458 1329 2498 vero
1383 2446 1609 2516 nequit.
1641 2447 1740 2501 sed
1790 2447 1892 2518 qui
1935 2464 2105 2520 opem

464 2547 530 2586 ac
560 2531 869 2586 consilium
905 2532 1031 2596 fert,
1063 2535 1121 2586 et
1143 2530 1407 2587 inhibere
1441 2534 1647 2604 possit,
1679 2536 1731 2590 si
1760 2535 1915 2592 velit.
1970 2538 2102 2592 Pro-

467 2619 643 2691 pheta
673 2621 829 2674 enim
864 2637 977 2674 non
1009 2622 1135 2676 vult
1192 2621 1534 2691 simpliciter
1573 2640 1705 2679 eum
1758 2626 1972 2695 puniri,
2005 2630 2106 2698 qui

468 2712 655 2764 furem
688 2713 790 2763 aut
819 2708 1145 2764 adulterum
1172 2710 1348 2776 videt,
1371 2713 1468 2767 sed
1507 2714 1607 2783 qui
1651 2717 1944 2770 concurrit
1972 2734 2104 2773 curn

467 2802 615 2863 fure,
639 2799 690 2852 ei
720 2798 1061 2868 opitulatur,
1094 2800 1229 2854 etin
1263 2799 1652 2871 delinquendo
1682 2820 1813 2858 cum
1847 2805 2107 2861 adultero

467 2887 762 2959 particeps
819 2893 927 2943 est.
966 2887 1285 2943 Universim
1352 2906 1484 2945 vero
1546 2893 1829 2948 confessio
1878 2912 2106 2964 pinnam

465 2976 720 3030 maxima
739 2993 805 3031 ex
828 2983 988 3046 parte
1010 2978 1245 3044 minuit,
1269 2979 1546 3035 convictio
1568 2992 1759 3035 autem
1783 2982 2107 3054 graviorem

461 3066 659 3119 trahit.

1714 407 2090 468 MA'I‘TH/EI
2136 407 2559 469 BLASTARIS

514 539 712 594 Canon
740 543 933 594 autem
964 541 1034 593 27
1063 539 1321 609 ejusdem
1353 540 1558 612 synodi
1589 540 1767 597 voluit
1823 542 1879 596 in
1931 558 2075 613 aga-
2108 543 2163 609 Α

3725 406 3843 467 128

2262 542 2319 597 Ὀ
2379 540 2437 597 δὲ
2490 544 2570 611 κζ’
2624 541 2827 610 ταύτης
2899 539 2950 594 ὲν
3009 546 3128 603 ταῖς
3210 539 3533 617 λεγομέναις
3607 536 3844 613 ἀγᾶἱπαις

2190 639 2299 689 τῶν
2352 633 2671 707 συμποσίων
2735 633 2872 707 μέρη
2941 630 3134 706 α’ἱρειν,
3189 633 3281 687 καὶ
3339 629 3527 687 οἷ’καδε
3600 630 3847 705 κομίζειν

2192 722 2322 785 τοὺς
2352 728 2449 778 τοῦ
2492 722 2704 797 κλήρου
2752 722 3049 796 ἀπείρηκε·
3098 722 3350 796 λιχνείαν
3396 721 3501 797 γὰρ
3551 725 3709 775 τοῦτο
3757 720 3848 774 καὶ

2202 812 2518 885 μοχθηρίαν
2546 814 2654 865 τῶν
2706 808 2959 884 δρώντων
2991 814 3308 884 κατηγορεῖ,
3341 810 3415 872 ὡς
3463 807 3701 863 ἐντεῦθεν
3748 810 3844 877 τὴν

2197 903 2300 964 τῆς
2332 898 2662 969 Ἐκκλησίας
2693 900 3011 953 κατάστασιν
3044 896 3432 973 ἐξυϐρίζεσθαι.

2276 1078 2436 1146 Ζήτει
2467 1079 2556 1131 καὶ
2584 1077 2647 1131 τὸ
2677 1080 2729 1153 γ’
2759 1075 3050 1153 κεφάλαιον
3077 1080 3177 1131 τοῦ
3209 1078 3255 1132 Α
3288 1072 3592 1149 στοιχείου.

2206 1188 2462 1238 ΚΕΦΔΛ.
2643 1181 2800 1256 Περὶ
2838 1185 2966 1237 τῶν
3004 1182 3118 1243 τὰς
3154 1181 3455 1256 συνάξεις
3502 1181 3616 1241 τὰς
3666 1181 3853 1253 ἱερὰς

2717 1252 3343 1330 ἀποστρεφομένων.

2274 1344 2433 1411 Ζήτει
2466 1342 2517 1397 ἐν
2546 1347 2625 1413 τῷ
2657 1344 2705 1397 θ’
2735 1362 2855 1419 κεφ.
2904 1345 3002 1397 τοῦ
3038 1348 3078 1398 Β
3121 1341 3405 1420 στοιχείου
3452 1340 3655 1395 κανόνα
3684 1340 3723 1394 ε’
3767 1339 3858 1393 καὶ

2208 1436 2251 1493 ς’
2281 1438 2384 1500 τῆς
2413 1432 2464 1485 ἐν
2499 1432 2722 1507 Γάγγρᾳ
2747 1428 2995 1487 συνόδου.

2215 1543 2472 1596 ΚΕΦΑΛ.
2514 1544 2583 1597 Z'.
2636 1538 2793 1612 Περὶ
2840 1543 2969 1593 τῶν
3020 1536 3495 1612 συνεισάκτους
3543 1541 3861 1612 γυναῖκας

2676 1608 2973 1684 ἐχόντων
3013 1609 3388 1683 κληρικῶν.

2280 1721 2441 1791 Ζήτει
2471 1719 2536 1774 τὸ
2569 1719 2638 1772 ιθ¹
2665 1717 2962 1791 κεφάλαιον
2995 1720 3092 1773 τοῦ
3123 1723 3162 1771 Γ
3193 1714 3493 1791 στοιχείου.

2216 1832 2470 1883 ΚΕΦΑΛ.
2515 1828 2599 1882 11⁸.
2641 1824 2797 1897 Περὶ
2836 1827 2963 1877 τῶν
3001 1823 3596 1897 συνεπισταμένωνΔ
3630 1822 3867 1896 κληριο

2135 1910 2187 1975 Β
2270 1903 2419 1958 κοῖς
2460 1893 2930 1970 ἁμαρτήματα,
2970 1898 3077 1949 καὶ
3121 1896 3207 1967 μὴ
3248 1893 3798 1968 ὁμολογούντων.

2285 2008 2341 2058 Ὁ
2399 2004 2477 2057 οα¹
2532 2005 2628 2056 τοῦ
2692 1998 2933 2075 μεγάλου
2984 1997 3269 2054 Βασιλείου
3325 1999 3526 2067 κανὼν,
3570 2002 3628 2053 '0
3685 1998 3863 2073 ἆμαρ-

2211 2094 2416 2163 τήματι
2467 2090 2821 2166 συνεγνωκὸς,
2855 2089 3012 2162 φησὶ,
3044 2087 3177 2159 τινὶ,
3205 2086 3296 2142 καὶ
3350 2089 3427 2160 μή
3478 2086 3863 2161 ὁμολογήσας,

2214 2178 2344 2235 ἀλλ’
2391 2177 2706 2253 ἐλεγχθεὶς,
2755 2176 2844 2232 ἐπὶ
2887 2180 3147 2231 τοσοῦτον
3195 2175 3419 2254 χρόνον,
3452 2176 3515 2229 ’ὁτ
3560 2176 3588 2229 ὁ
3636 2174 3868 2250 ἐργάτης

2214 2270 2320 2324 τῶν
2370 2273 2549 2323 κακῶν
2610 2266 3013 2340 ἐπιτετίμηται,
3069 2266 3155 2320 καὶ
3218 2265 3379 2328 αὐτὸς
3434 2263 3583 2319 ἔσται
3637 2263 3692 2318 ἐν
3750 2262 3871 2318 ἒπι-

2211 2357 2403 2431 τιμίῳ.
2455 2356 2565 2410 Ούκ
2613 2357 2681 2424 ἧν
2731 2353 2789 2410 δὲ
2845 2354 2949 2429 ἄρα
2998 2358 3078 2425 τῷ
3127 2352 3263 2429 ἁγίῳ
3319 2353 3455 2427 πρὸς
3506 2350 3716 2426 τρόπου
3774 2353 3873 2406 τὸν

2221 2448 2394 2520 μόνην
2465 2444 2671 2515 εἴδησιν
2743 2442 2965 2518 ἔχοντα,
3022 2444 3110 2498 καὶ
3192 2444 3270 2516 μή
3347 2442 3612 2517 ἀρκοῦντα
3685 2439 3874 2496 κωλῦ-

2217 2558 2327 2605 σαι,
2373 2536 2753 2609 τιμωρεῖσθαι,
2802 2534 2895 2588 τὸν
2950 2529 3008 2587 δέ
3054 2553 3116 2607 γε
3164 2530 3526 2606 συναράμενον
3586 2530 3677 2585 καὶ
3728 2552 3869 2603 συμ-

2217 2624 2604 2693 ϐουλεύσαντα,
2660 2624 2750 2678 καὶ
2810 2621 3100 2695 δυνάμενον
3160 2621 3425 2695 ἐπισχεῖν,
3486 2618 3638 2691 εἴπερ
3705 2615 3866 2674 ἐϐού-

2218 2716 2363 2771 λετο.
2417 2714 2522 2769 Καὶ
2570 2714 2599 2767 6
2641 2714 2930 2788 προφήτης
2976 2711 3079 2787 γὰρ
3134 2711 3233 2766 οὐκ
3282 2708 3473 2771 ἁπλῶς
3529 2708 3854 2778 κολάζεσθαι

2216 2804 2360 2874 ἀξιοῖ
2404 2804 2495 2858 τὸν
2546 2804 2850 2874 θεωροῦντα
2896 2801 3139 2871 κλέπτην
3193 2801 3229 2870 ἢ
3293 2799 3518 2873 μοιχὸν,
3563 2797 3712 2853 ἀλλὰ
3770 2799 3863 2853 τὸν

2217 2893 2577 2967 συντρέχοντα
2655 2894 2734 2961 τῷ
2808 2890 3039 2963 κλέπτῃ,
3109 2888 3201 2944 καὶ
3283 2887 3692 2962 συναιρόμενον,
3777 2887 3870 2940 καὶ

2215 2985 2304 3038 τὸν
2337 2980 2811 3056 συμμεριζόμενον
2839 2983 2907 3053 τῇ
2938 2980 3202 3050 κοινωνίᾳ
3226 2983 3306 3050 τῷ
3357 2982 3547 3056 μοιχῷ
3575 2978 3638 3032 τὸ
3688 2977 3873 3050 ἁμάρσ

2215 3093 2387 3146 τημα.
2442 3073 2732 3145 Πανταχοῦ
2773 3066 2832 3123 δὲ
2881 3069 2915 3138 ἡ
2969 3069 3065 3142 μὲν
3109 3066 3507 3142 ἐξομολόγησις
3554 3072 3653 3136 τῆς
3698 3063 3876 3120 κολά-

461 3171 595 3211 σεως
628 3152 936 3226 ἀφαιρεῖται
966 3153 1029 3208 τὸ
1059 3152 1317 3209 πλεῖστον
1352 3174 1365 3187 ·
1401 3157 1431 3210 6
1464 3153 1521 3210 δὲ
1551 3151 1775 3234 ἕλεγγος
1807 3158 2197 3238 χαλεπωτέραν
2229 3162 2430 3230 ταύτην
2460 3158 2764 3235 ἐργάζεται.

539 3262 738 3325 Quare
768 3267 824 3318 et
872 3263 929 3318 in
969 3265 1005 3319 9
1065 3282 1194 3337 cap.
1227 3265 1337 3322 litt.
1373 3270 1410 3321 Γ
1436 3283 1717 3324 canonem
1772 3271 1843 3325 25
1898 3272 2102 3344 synodi
2136 3282 2182 3344 ο

474 3352 813 3423 Αηογηυεο.

1229 3464 1357 3519 Lex.

541 3548 647 3615 Qui
707 3549 966 3607 criminis
1023 3552 1277 3624 alicujus
1334 3570 1496 3609 reum
1574 3555 1765 3612 sciens
1849 3556 2114 3629 suscipit,

466 3640 731 3694 eamdem
771 3657 997 3712 prunam
1032 3644 1229 3714 subit;
1264 3644 1363 3715 qui
1395 3662 1524 3702 vero
1574 3646 1830 3703 latrones
1888 3648 2112 3720 recipit,

472 3743 660 3799 neque
709 3729 765 3783 in
818 3732 915 3800 jus
971 3732 1230 3803 adducit,
1290 3736 1692 3807 proscribitur,
1727 3740 1828 3790 aut
1883 3737 2115 3808 punitur

462 3815 636 3887 juxta
692 3819 1080 3875 conditionem
1140 3838 1417 3893 personas,
1464 3829 1634 3895 prout
1683 3825 1865 3895 judici
1927 3826 2114 3883 visum

476 3906 668 3963 fuerit.

568 4016 724 4072 230
752 4018 903 4073 CAP.
941 4019 1031 4075 IX.
1071 4022 1146 4076 De
1172 4021 1393 4093 synodis
1420 4024 1718 4094 quotannis
1748 4023 2033 4080 habendis.

546 4199 889 4256 Sanctorum
934 4204 1333 4274 apostolorum
1383 4221 1563 4260 canon
1611 4206 1679 4259 37
1730 4208 1998 4278 imperat,
2052 4210 2118 4260 ut

474 4289 673 4359 quovis
725 4307 876 4346 anno
942 4291 1027 4347 cis
1095 4300 1447 4366 congregant
1510 4295 1821 4351 concilium
1890 4294 2117 4367 cujuvis

476 4380 786 4451 provincias
815 4382 1094 4453 episcopi,
1126 4385 1198 4438 ad
1231 4401 1402 4439 suum
1430 4384 1938 4456 metmpolitanum
1973 4402 2117 4439 con-

479 4472 947 4536 ﬂuentes,semel
1001 4475 1234 4542 quidem
1286 4483 1491 4543 quarta
1541 4476 1866 4546 septimana
1913 4474 2114 4529 Pente-

480 4565 688 4615 costes.
743 4563 951 4617 iterum
1016 4579 1153 4618 vero
1210 4569 1490 4619 autumno
1550 4572 1813 4630 exeunte,

1899 4562 2121 4619 scilicet

2292 3271 2448 3339 Ζήτει
2496 3267 2585 3322 καὶ
2635 3264 2690 3321 ἒν
2738 3270 2819 3340 τῷ
2867 3267 2912 3321 θ’
2952 3287 3073 3341 κεφ.
3124 3269 3222 3320 τοῦ
3262 3271 3297 3321 Γ
3347 3265 3624 3341 στοιχείου
3677 3264 3876 3320 κανόνα

2222 3361 2297 3414 κε’
2325 3362 2425 3425 τῆς
2457 3356 2508 3413 ἐν
2539 3358 2785 3434 Ἀγκύρᾳ
2811 3353 3059 3412 συνόδου.

2925 3462 3169 3536 Νόμος.

2296 3558 2357 3613 Ὀ
2415 3551 2807 3627 ὑποδεξάμενός
2865 3573 2986 3607 τινα
3043 3550 3372 3626 ἐνεχόμενον
3449 3548 3762 3627 ἐγκλήματι
3821 3549 3876 3606 ἐν

2224 3644 2428 3716 εῗδήσει
2477 3646 2577 3712 τὴν
2624 3642 2791 3713 αὐτὴν
2841 3641 3125 3720 ὑφίσταται
3176 3641 3450 3715 τιμωρίαν
3485 3659 3499 3672 ·
3554 3642 3583 3695 6
3642 3637 3703 3694 δὲ
3774 3639 3877 3715 λῃ-

2224 3736 2347 3796 στὰς
2397 3731 2793 3806 ὑποδεξάμενος
2839 3731 2934 3787 καὶ
2991 3732 3067 3803 μὴ
3127 3730 3488 3805 προσαγαγὼν
3543 3726 3743 3791 αὐτοὺς
3796 3733 3880 3802 τῷ

2225 3822 2557 3898 δικαστηρίῳ
2632 3819 2949 3894 δημεύεται,
3025 3820 3060 3890 ἢ
3134 3824 3481 3905 τιμωρεῖται,
3562 3817 3701 3905 κατᾲ
3774 3820 3876 3887 τήν

2223 3914 2492 3984 ποιότητα
2521 3915 2617 3966 τοῦ
2647 3911 2971 3987 προσώπου,
3006 3910 3079 3970 ὡς
3110 3904 3169 3964 ἂν
3202 3910 3230 3963 ὁ
3264 3906 3520 3978 δικαστὴς
3552 3904 3767 3982 συνίδῃ.

2227 4026 2487 4075 ΚΕΦΑΛ.
2530 4020 2603 4076 Θ’.
2646 4018 2800 4091 Περὶ
2849 4013 3145 4143 συνιέδων
3188 4019 3314 4070 τῶν
3363 4012 3649 4081 ἐτησίως
3698 4036 3878 4090 γινο-

2931 4110 2971 4143 u.
3018 4108 3160 4143 νων.

2930 4108 3160 4162 μενων.

2298 4203 2355 4253 Ὁ
2387 4196 2468 4266 λζ’
2512 4201 2620 4250 τῶν
2666 4193 2988 4251 ἀποστόλων
3036 4193 3212 4247 κανὼν
3260 4189 3342 4253 δὶς
3389 4196 3486 4247 τοῦ
3537 4189 3696 4252 ἔτους
3748 4193 3882 4246 σύν-

2225 4288 2350 4346 οδον
2400 4287 2612 4343 κελεύει
2659 4292 2808 4343 ποιεῖ
2851 4288 2979 4347 τοὺς
3038 4286 3269 4355 ἑκάστης
3330 4284 3596 4359 ἐπαρχίας
3652 4281 3882 4339 ἕπισκόυ

2226 4401 2365 4441 πους
2406 4383 2484 4449 τῷ
2537 4376 2723 4450 οἷ’κείῳ
2768 4377 3045 4437 συνιόντας
3100 4373 3483 4449 μητροπολίτῃ
3514 4391 3527 4403 ⁸
3576 4374 3712 4442 ἅπαξ
3764 4374 3880 4446 μὲν,

2224 4473 2293 4540 τῇ
2349 4466 2576 4541 τετάρτῃ
2636 4472 2735 4534 τῆς
2814 4470 3188 4533 Πεντηκοστῆς
3259 4459 3547 4537 ἓβδομάδι,
3628 4458 3881 4535 δεύτερον

2228 4556 2306 4626 δὲ,
2347 4555 2639 4633 φθινούσης
2689 4552 2800 4625 ἤδη
2848 4556 2946 4621 τῆς
2996 4552 3163 4628 ὥρας,
3193 4557 3263 4626 τῇ
3298 4553 3368 4625 ιβ’
3415 4556 3513 4607 τοῦ
3562 4545 3882 4621 ’Υπερϐερεο

486 4649 831 4706 duodecimo
905 4651 999 4706 die
1073 4651 1487 4723 Hyperboretzei
1558 4654 1676 4707 sive
1736 4652 2024 4719 Octobris,
2064 4660 2112 4705 u‘

2233 4646 2412 4714 ταίου,
2456 4643 2583 4713 ἤτοι
2612 4649 2710 4699 τοῦ
2762 4638 3099 4715 Ὀκτωϐρίου
3133 4660 3146 4673 ·
3198 4641 3278 4714 ἐφ’
3322 4642 3367 4713 ᾧ
3416 4646 3590 4695 πᾶσαν
3639 4635 3884 4716 ἀμφιϐο-

483 4737 831 4794 ιιὶτὶωουιυι-
850 4756 1049 4795 omnes
1074 4741 1501 4809 controversias,
1525 4758 1652 4812 quae
1676 4742 1824 4795 circa
1846 4742 2123 4811 dogmata

2234 4735 2358 4791 λίαν
2407 4734 2531 4806 περί
2576 4755 2634 4789 τε
2683 4731 2996 4808 δογμάτων,
3045 4731 3135 4785 καὶ
3194 4734 3475 4807 γραφικῶν
3523 4728 3884 4802 ζητημάτων,

480 4832 537 4881 et
567 4830 885 4898 quretiones
925 4829 1193 4899 scriptas,
1226 4834 1284 4885 et
1330 4837 1674 4901 argumenta
1732 4830 2112 4886 ecclesiastica

2231 4824 2324 4881 καὶ
2381 4822 2849 4893 ἐκκλησιαστικῶν
2930 4821 3234 4875 ὑποθέσεων
3314 4818 3558 4887 λύεσθαι,
3615 4819 3706 4873 καὶ
3788 4818 3884 4889 μέν

480 4919 769 4989 oriuntur,
826 4921 942 4975 imo
1001 4926 1057 4975 et
1114 4920 1535 4985 dissensiones,
1575 4937 1701 4993 quin
1749 4921 1901 4977 inter
1966 4920 2112 4990 ipso:

2231 4935 2319 4969 τοι
2363 4912 2452 4968 καὶ
2502 4910 2763 4989 διαφορὰς
2815 4905 2957 4966 ἔστιν
2988 4911 3062 4965 ὧν
3113 4910 3249 4983 πρὸς
3295 4906 3606 4980 ἀλλήλους,
3656 4907 3749 4962 καὶ
3799 4905 3888 4962 δί-

484 5009 847 5079 contingant,
877 5014 934 5063 et
963 5024 1189 5073 causas,
1223 5016 1394 5081 atque
1425 5011 1574 5066 lites.

557 5096 829 5152 Convenit
863 5114 994 5152 cum
1027 5098 1138 5153 isto
1171 5100 1347 5155 ferme
1378 5102 1564 5170 quoad
1616 5100 1790 5154 verba
1840 5103 1896 5153 et
1931 5097 2132 5151 vicesi-

492 5205 626 5243 mus
656 5204 840 5243 canon
876 5191 1080 5261 synodi
1111 5189 1479 5245 Antiochense
1515 5206 1527 5243 :
1560 5188 1758 5259 adjicit
1779 5193 1977 5242 tamen
2019 5186 2130 5240 mi-

488 5281 646 5333 nime
692 5278 862 5333 licere
926 5279 1131 5349 quovis
1200 5295 1301 5350 per
1351 5278 1576 5350 seipsos
1623 5276 1872 5349 synodos
1921 5274 2133 5330 habere

1995 5367 2135 5419 tunc
2240 5365 2336 5416 τοῦ
2383 5366 2484 5431 τῆς
2535 5358 2802 5435 ἐπαρχίας
2855 5358 3268 5434 μητροπολίτου
3301 5377 3313 5388 ’
3373 5358 3497 5413 τότε
3552 5356 3658 5429 γὰρ
3706 5352 3894 5408 τελεία

492 5366 649 5423 haud
706 5374 989 5438 praesente
1047 5369 1488 5438 metrOpolitano
1560 5364 1870 5438 provincia:
1923 5380 1935 5419 :

2234 5024 2355 5072 κας,
2388 5002 2475 5056 καὶ
2509 4999 2711 5077 ἔριδας.

2306 5093 2493 5164 Τούτῳ
2538 5090 2628 5146 καὶ
2679 5092 2707 5145 6
2754 5094 2803 5144 κ’
2848 5095 2950 5159 τῆς
3009 5088 3060 5143 έν
3109 5088 3418 5163 Ἀντιοχεία
3475 5081 3699 5141 συνόδου
3748 5083 3888 5158 πρὸς

2240 5181 2382 5251 λέξιν
2443 5178 2639 5256 σχεδὸν
2693 5179 2877 5235 ἕπεται
2912 5198 2927 5211 ⁸
2992 5180 3065 5252 μὴ
3126 5178 3316 5251 ἐξεῖναι
3396 5175 3454 5232 δὲ
3525 5175 3889 5251 προστίθησιν

2241 5273 2404 5334 ἐνίοις
2461 5274 2580 5328 καθ’
2637 5272 2859 5335 ἑαυτοὺς
2914 5268 3171 5332 συνόδους
3228 5274 3429 5337 ποιεῖν,
3493 5269 3569 5342 μὴ
3620 5267 3895 5342 παρόντος

487 5458 643 5511 enim
692 5456 1010 5528 prefectum
1078 5456 1390 5513 concilium
1469 5455 1736 5521 habetur,
1794 5468 1927 5510 cum
1976 5451 2112 5507 ades

2244 5449 2449 5523 γίνεται
2482 5446 2729 5522 σύνοδος,
2759 5449 2849 5505 ὅτε
2880 5449 2966 5504 καὶ
3001 5449 3030 5503 ὁ
3063 5445 3483 5521 μητροπολίτης
3515 5443 3725 5499 σύνεστι
3774 5446 3895 5503 τοῖς

485 5544 705 5615 primas
740 5564 850 5601 una
882 5562 1010 5601 cum
1043 5547 1284 5602 cmteris.

563 5633 713 5698 Quin
747 5634 859 5690 imo
883 5651 1065 5691 canon
1099 5634 1338 5707 quintus
1360 5634 1566 5708 synodi
1599 5631 1818 5705 primae.
1851 5636 2133 5685 autumno

496 5725 661 5794 lapso
693 5724 761 5778 ad
778 5723 1079 5782 Octobrem
1108 5743 1365 5783 mensem
1392 5725 1645 5782 alterum
1667 5722 1975 5781 concilium
1996 5737 2141 5778 con-

2247 5538 2486 5599 λοιποῖς.

2319 5626 2494 5683 Ἀλλᾶ
2540 5630 2628 5684 καὶ
2678 5635 2707 5684 ὁ
2756 5631 2793 5684 ε’
2834 5635 2934 5697 τῆς
2978 5629 3024 5682 α’
3074 5623 3302 5682 συνόδου
3348 5625 3548 5694 κανὼν,
3597 5620 3899 5700 φθινούσης

2252 5719 2348 5793 μὲν
2398 5715 2547 5796 ὥρας
2604 5721 2741 5776 κατά
2795 5718 2887 5775 τὸν
2943 5715 3299 5794 Ὀκτώὸριον,
3345 5714 3555 5772 κελεύει
3611 5713 3714 5782 τὴν
3767 5710 3896 5785 μίαν
