4060 6228
207 383 293 444 129

204 515 284 567 τῶν
327 510 546 566 συνόδων
600 509 943 586 ἀθροίζεσθαι
978 529 992 542 ο

205 605 257 672 τῇ
295 607 642 668 Πεπηκοστῆ,
691 599 840 654 ἀλλὰ
882 599 991 674 πρὸ
1040 604 1141 668 τῆς
1189 602 1628 673 Τεσσαρακοστῆς
1677 616 1805 649 συν-

210 691 378 746 ιστάναι
416 709 428 722 ·
491 690 568 751 ὡς
631 689 712 758 ἃν,
773 687 954 758 πάσης
1010 685 1206 759 ἀηδίας
1272 689 1362 744 καὶ
1429 687 1804 762 μικροψυχίας

209 781 287 847 τῆς
519 776 817 849 ἀλλήλους
902 778 1360 853 περιαιρεθείσης,
1423 776 1649 850 καθαροῖ
1723 775 1803 845 τῷ

215 867 336 943 σόσει
375 871 588 947 παφαρῷ
664 867 730 922 τὸ
787 873 892 936 τῆς
930 866 1180 938 νηστείας
1239 865 1648 942 προσενέγκοιεν
1701 862 1806 919 δῶ-

223 977 294 1029 ρον
302 1000 312 1011 .

277 1043 378 1102 Ὁδὲ
408 1048 465 1100 ιϐ’
511 1052 618 1115 τῆς
668 1042 716 1100 δ’
771 1043 1002 1100 συνόδου
1051 1044 1105 1100 ἐν
1157 1043 1304 1118 καλῇ
1363 1043 1540 1100 οἴεται
1597 1045 1805 1098 κεῖσθαι

225 1135 318 1195 τοὺς
355 1133 670 1196 ἐπισκόπους
739 1131 823 1197 δὶς
896 1139 996 1189 τοῦ
1071 1131 1222 1194 ἔτους
1285 1131 1545 1196 συνόδους
1602 1137 1803 1204 ποιεῖν,

224 1218 311 1277 ἔνθα
351 1223 398 1277 ἂν
451 1226 483 1277 ὁ
536 1231 645 1293 τῆς
698 1223 975 1299 ἐπαρχίας
1033 1219 1304 1297 δοκιμάσῃ
1361 1219 1804 1297 μητροπολίτης,

218 1315 280 1369 ἐπ’
305 1315 426 1370 ἐνίων
498 1314 976 1386 ἐκκλησιαπικῶν
1055 1314 1340 1391 διορθώσει
1417 1315 1750 1390 πραγμάτων
1786 1331 1800 1345 ⁸

211 1403 303 1466 τοὺς
346 1403 390 1460 δὲ
452 1407 538 1478 μὴ
600 1407 884 1468 συνιόντας
934 1409 1048 1460 τῶν
1103 1403 1433 1473 ἐπισκόπων,
1485 1405 1651 1480 ὑγιῶς
1706 1408 1804 1456 τοῦ

205 1495 402 1566 σώματος
465 1491 724 1570 ἔχοντας,
753 1494 845 1550 καὶ
901 1500 1021 1558 ταῖς
1088 1493 1260 1550 αὐτῶν
1335 1493 1804 1568 ἐπιχωριάζοντας

199 1579 371 1652 πόλεσι,
429 1583 584 1658 μηδὲ
647 1605 798 1648 τινος
865 1584 1051 1658 ἑτὲρου
1123 1583 1412 1660 ἀναγκαίου
1484 1583 1806 1660 πράγματος

191 1671 450 1747 εἴργοντος,
479 1671 792 1752 ﬁdem}:
815 1673 1259 1744 ἐπιπλήττισθαι.

247 1762 296 1819 Ὁ
321 1759 374 1818 δὲ
423 1769 534 1831 τῆς
577 1764 623 1827 ς’
652 1761 882 1818 συνόδου
941 1771 993 1834 η’
1045 1767 1233 1819 τοῦτον
1297 1764 1392 1836 μὲν
1436 1763 1510 1826 ὡς
1558 1761 1675 1838 ἔχει
1725 1762 1805 1818 λέ-

187 1855 295 1922 ξεως
333 1848 522 1922 δίεισι,
572 1855 864 1926 νομοθετεῖ
911 1851 992 1922 δὲ,
1043 1852 1178 1922 ἅπαξ
1224 1857 1324 1908 τοῦ
1371 1849 1530 1914 ἔτους
1577 1853 1668 1908 καὶ
1729 1853 1807 1926 μὴ

187 1937 252 2000 εἰς
298 1937 524 1995 σύνοδον
578 1940 843 2016 γίνεσθαι,
902 1942 1089 2015 καιρὸν
1143 1941 1328 2016 ὁρίσας
1379 1943 1472 1996 τὸν
1550 1941 1658 1996 ἀπὸ
1711 1945 1809 1995 τοῦ

189 2029 355 2106 Πάσχα
406 2028 612 2104 μέχρις
663 2027 798 2084 δλυυ
855 2034 956 2086 τοῦ
1027 2024 1388 2104 Ὀκτωϐρίου,
1457 2029 1543 2084 διά
1598 2050 1658 2084 τε
1710 2031 1809 2092 τὰς

186 2120 274 2169 τῶν
323 2112 623 2191 βαρϐάρων
687 2117 940 2193 ἐφόδους,
1015 2120 1104 2174 καὶ
1187 2119 1284 2179 τὰς
1367 2119 1812 2193 προσπιπτούσας

185 2206 340 2278 ἑτέρας
375 2207 590 2276 αἰτίας,
647 2207 702 2262 αἶ
751 2205 1032 2284 δυσχερεῖς
1108 2206 1326 2264 ποιοῦσι
1407 2214 1524 2270 τοῖς
1598 2208 1812 2263 ἐπισκό-

180 2313 287 2354 ⁴,τοις
313 2296 407 2357 τας
437 2302 689 2370 συνεχεὶς
717 2294 1055 2368 ἀποδημίας.

238 2385 442 2442 Τοῦτον
501 2383 661 2448 αὖθις
717 2387 746 2440 ὁ
808 2388 846 2447 ς’
905 2385 1174 2457 ἐπικυρῶν
1206 2387 1297 2440 καὶ
1339 2394 1438 2456 τῆς
1491 2388 1531 2455 ζ’
1563 2384 1812 2456 συνόδου,

183 2471 512 2550 ἐφυβρίζεσθαι
562 2475 726 2546 ἀξιοῖ,
779 2473 828 2530 ε¹ί
881 2495 966 2538 τις
1031 2473 1219 2554 ἄρχων
1291 2476 1528 2552 εὑρεθείη
1615 2477 1812 2554 εἴργων

182 2565 285 2616 τινα
333 2569 451 2618 τῶν
499 2564 582 2624 εἰς
643 2565 744 2632 τὴν
808 2562 1036 2618 σύνοδον
1097 2565 1370 2620 ἀπιόντων
1455 2565 1768 2620 ἐπισκόπων
1799 2586 1812 2599 ·

184 2655 400 2705 συνιοῦσι
444 2648 504 2705 δὲ
557 2652 796 2718 τούτοις,
853 2648 1157 2727 προῦργου,
1190 2653 1346 2726 φησὶ,
1401 2652 1635 2725 μελέτω,
1679 2652 1818 2710 ὥστε

183 2739 264 2800 τὰς
311 2743 412 2794 τοῦ
469 2737 816 2816 Εὐαγγελίου
865 2739 1108 2811 ἐντολὰς,
1137 2741 1226 2795 καὶ
1279 2741 1375 2802 τὰς
1430 2745 1539 2796 τῶν
1575 2744 1815 2798 κανόνων

187 2828 411 2897 μετιέναι
445 2824 730 2882 διδάσκειν
757 2829 884 2891 τοὺς
918 2829 1022 2883 ὑπὸ
1069 2835 1250 2904 χεῖρα.
1304 2828 1376 2886 Ei’
1423 2852 1546 2886 τινα
1601 2828 1659 2886 δὲ
1708 2837 1816 2887 τῶν

187 2915 632 2987 συνεληλυθότων
686 2915 998 2972 ἐπισκόπων
1053 2925 1278 2989 κτῆνος,
1323 2919 1359 2988 ἢ
1410 2916 1592 2994 ἕτερον
1657 2919 1820 2992 εἶδος,

187 3005 212 3056 ὁ
263 3005 688 3080 μητροπολίτης
730 3005 1038 3078 ἀπαιτήσας
1091 3005 1290 3064 ἄκοντα
1363 3009 1680 3086 ἐλεγχθείη,
1733 3031 1823 3066 τε-

183 3093 510 3166 τραπλάσιον
543 3095 880 3152 ἆποτισάτω.

245 3271 341 3325 Καὶ
374 3273 404 3326 ὁ
439 3273 497 3344 μ’
527 3276 632 3341 τῆς
682 3270 734 3326 ἐν
782 3270 1070 3344 Λαονικείᾳ
1126 3273 1348 3344 πολλῆς
1406 3276 1547 3346 ἆξιοῖ
1594 3276 1812 3352 φροντίο
1855 3253 1900 3319 C

184 3355 264 3418 δος
309 3360 372 3414 τὸ
428 3360 556 3414 καθ’
599 3359 831 3432 ἑκάστην
875 3359 1140 3437 ἐπαρχίαν
1192 3362 1426 3435 ἐτησίως
1475 3363 1696 3421 σύνοδον
1737 3366 1821 3443 γί-

184 3449 372 3508 νεςθαι.
432 3449 530 3502 Διὸ
585 3449 678 3503 καὶ
730 3452 858 3510 τοὺς
917 3449 1248 3514 ἐπισκόπους
1309 3453 1385 3515 εἷς
1457 3453 1658 3524 ταύτην
1725 3475 1824 3510 κα-

181 3533 198 3548 ,
330 3535 342 3552 .
579 3535 594 3555 ν
715 3537 729 3554 τ
811 3535 868 3556 ..ρ
1217 3541 1232 3560 ,
1305 3542 1321 3556 ς
1517 3543 1533 3563 ς
1619 3543 1634 3558 .

183 3555 480 3609 Λουμενους
538 3557 640 3592 ουκ
701 3541 1047 3608 αναουεσθαι,
1102 3538 1211 3595 ἀλλ
1295 3542 1534 3614 αμελητι
1609 3543 1821 3598 απιὲναι

185 3625 499 3697 προστάττει
547 3644 562 3660 ⁸
617 3626 706 3681 καὶ
764 3628 800 3696 ἢ
857 3626 986 3690 τοὺς
1041 3627 1406 3708 σοφωτέρους,
1465 3633 1597 3686 ἂττα
1681 3631 1824 3686 ἴσασι

183 3712 472 3786 διδάσκειν,
504 3715 541 3784 ἧ
572 3717 702 3778 τοὺς
742 3717 1168 3794 ἁπλουστέρους,
1201 3721 1335 3794 ἅπερ
1387 3721 1639 3796 ἂγνοοῦσι
1685 3743 1822 3795 μαν-

185 3804 378 3861 θάνειν.
437 3805 600 3861 Οὕτω
663 3805 764 3879 γὰρ
851 3807 1241 3877 κατορθοῦσθαι
1323 3808 1422 3876 τὴν
1505 3809 1827 3880 Ἐκκλησίαν

183 3892 272 3946 καὶ
339 3890 644 3948 ἐπιδιδόναι
701 3889 1015 3968 συμϐαίνοι,
1072 3896 1195 3972 περί
1249 3917 1306 3952 τε
1361 3898 1429 3953 τὰ
1511 3897 1647 3972 ἀρθᾶ
1725 3905 1828 3968 τῆς

187 3983 412 4046 πίστεως
473 3981 748 4060 δόγματα,
803 3985 895 4039 καὶ
950 3986 1044 4046 τὰς
1099 3987 1191 4041 τὸν
1259 3987 1378 4061 βίον
1460 3986 1824 4064 ῥυθμιζούσας

187 4072 404 4135 smn;
463 4093 477 4106 °
541 4077 570 4128 ὁ
646 4071 705 4129 δὲ
761 4080 1135 4154 καταφρονῶν,
1221 4077 1406 4133 ἑαυτὸν
1483 4077 1828 4154 ἐπιτιμηθεὶς

194 4161 465 4234 αἰτιάσθω,
517 4162 564 4218 εἰ
615 4165 692 4237 μή
742 4184 846 4218 τινι
896 4163 1183 4239 ἀνωμαλίᾳ
1241 4167 1276 4237 ἢ
1335 4171 1431 4222 τοῦ
1491 4169 1747 4242 σώματος
1792 4169 1829 4240 ἢ

189 4254 298 4304 τῶν
324 4251 662 4329 πρηγμάτων
685 4249 1064 4326 ἒμποδισθείη.

263 4340 358 4394 Καὶ
407 4341 436 4395 ὁ
497 4343 562 4396 ιϐ’
606 4347 708 4411 τῆς
768 4341 820 4398 ἐν
879 4343 1188 4420 Καρθαγένῃ
1248 4343 1469 4400 σύνοδον
1524 4352 1642 4409 τοῖς
1707 4346 1831 4403 ἐπι-

200 4428 412 4491 σκόποις
467 4432 586 4508 κατ’
630 4428 870 4486 ἐνιαυτὸν
929 4429 1248 4504 ἐπισκήπτει
1300 4439 1476 4489 ποιεῖν
1511 4453 1525 4466 ⁸
1583 4433 1828 4506 ἀλλὰδή

200 4515 288 4568 καὶ
325 4518 353 4570 δ
397 4520 496 4593 ογ’,
551 4519 614 4573 ’ὀν
667 4520 752 4574 καὶ
815 4521 966 4591 ζήτει
1014 4518 1066 4576 ἓν
1115 4526 1194 4594 τῷ
1241 4525 1282 4591 ζ’
1319 4522 1602 4600 κεφαλαίῳ
1647 4528 1745 4579 τοῦ
1782 4531 1832 4581 Η

205 4606 497 4682 στοιχείου.

275 4695 486 4759 Τούτοις
542 4693 600 4752 δί
655 4699 745 4752 καὶ
794 4698 824 4752 ὁ
881 4701 958 4761 ος⁸
1024 4697 1434 4779 ἐπιψηφίζεται,
1499 4700 1594 4764 τὰς
1669 4702 1834 4767 αὐτὰς

209 4787 318 4844 107.;
367 4785 576 4858 ῥηθεῖσι
631 4787 848 4842 κανόσιν
905 4787 1078 4850 αἰτίας
1131 4789 1358 4862 ἐπεξιών
1415 4809 1430 4822 ·
1487 4789 1580 4846 τδν
1639 4789 1698 4846 δὲ
1757 4794 1834 4867 μή

213 4873 515 4946 πειθόμενον
571 4882 670 4946 τῆς
729 4877 824 4950 μὲν
881 4881 986 4934 τῶν
1033 4877 1220 4935 ἄλλων
1263 4880 1585 4956 ἀφίστασθαι
1641 4901 1836 4936 κοινω-

217 4960 324 5024 νίας
374 4963 602 5037 κελεύει,
651 4965 795 5041 μόνῃ
847 4963 906 5022 δὲ
958 4971 1028 5042 τῇ
1098 4975 1198 5039 τῆς
1283 4966 1424 5032 ἰδίας
1507 4969 1837 5043 Ἐκκλῃσίας

219 5048 447 5121 ἀρχεῖονοα
456 5074 472 5106 ι
479 5095 494 5110 .

284 5137 442 5196 Ἀλλᾶ
501 5147 581 5215 τῷ
635 5145 718 5221 [ιζ’
774 5143 962 5200 κανόνι
1021 5145 1082 5200 οὗ
1137 5150 1247 5202 τῶν
1322 5147 1629 5222 ἀναγκαίων
1704 5149 1840 5202 εἶναι

228 5222 378 5299 δοκεῖ,
420 5234 534 5288 κατ’
583 5233 834 5289 ἐνιαυτὸν
873 5232 1098 5290 σύνοδον
1153 5235 1393 5309 γίοεσθαι
1457 5242 1566 5292 τῶν
1631 5236 1842 5292 ἐπισκό-

228 5319 426 5381 mei;
465 5321 818 5398 Καρχηδόνα,
845 5320 940 5378 ἵνα
999 5324 1074 5397 μὴ
1125 5320 1519 5401 συντρίϐωνται
1577 5326 1636 5381 οἱ
1680 5323 1844 5382 ἀδελ-

235 5405 328 5478 ςοοί.
371 5410 519 5466 Ἀλλ’
572 5413 620 5469 εἰ
681 5414 777 5485 μὲν
828 5411 997 5468 αἰτίαι
1077 5415 1246 5469 κνιναί
1319 5415 1648 5491 ἀνακύψαιεν
1716 5415 1842 5489 περὶ

235 5490 489 5572 δογμάτων
536 5505 733 5578 τυχὸν,
783 5504 1072 5579 γράμμασι
1116 5502 1398 5560 καλεῖσθαι
1441 5507 1568 5566 τοὺς
1616 5504 1840 5561 ἐπισκό-

231 5605 366 5659 πως,
413 5594 498 5647 καὶ
549 5602 740 5666 κοινῆς
794 5593 1086 5670 γινομένης
1162 5593 1412 5668 συνόδου,
1497 5596 1718 5654 λόεσθαι
1777 5598 1840 5653 τὸ

229 5671 512 5756 ἀμφίϐολον
541 5705 554 5718 ·
617 5684 665 5740 εἰ
727 5682 788 5740 δὲ
839 5681 1010 5739 ἶδικαὶ
1068 5683 1192 5755 εἶεν,
1243 5685 1295 5743 ἐν
1355 5684 1593 5763 ἐπαρχίᾳ
1640 5688 1836 5762 ἑκάστῃ

230 5765 318 5840 τήν
347 5764 491 5830 λῦσιν
515 5772 683 5842 αὐτὰς
713 5764 1042 5852 λαμϐάνειν,

1200 377 1625 438 SYNTAGMA
1667 373 2282 438 ALPHABETICUM.
2349 408 2406 418 —-
2452 382 2516 433 Σ.

1052 512 1152 581 τήν
1207 507 1264 563 δὲ
1320 509 1527 584 ἑτέραν,
1585 505 1684 562 οὒκ
1739 505 1792 561 ἐν

1939 509 2094 562 ocari
2126 507 2308 574 jubet,
2359 507 2599 561 alterum
2643 523 2893 565 veronon
2947 510 3004 564 in
3070 511 3424 568 Pentecoste.
3458 515 3558 568 sed

3440 378 3556 439 I30

1911 603 2044 652 ante
2103 598 2612 668 Quadragesimam
2672 598 2996 666 celebrari;
3058 605 3123 656 ut
3157 601 3342 672 posita
3403 615 3566 670 omni

1911 687 2150 743 ncritate
2178 702 2246 743 ac
2276 686 2656 742 illiberalitate
2695 688 2896 755 animi,
2931 691 3060 760 puri
3119 691 3225 761 ipsi
3258 696 3463 750 natura
3494 710 3564 750 ex

1912 780 2118 848 suapte
2151 793 2291 848 pnro
2316 775 2525 847 jejunii
2558 777 2775 832 donum
2817 777 3082 834 offerant.

1983 1040 2180 1096 Canon
2203 1041 2400 1094 autem
2435 1037 2500 1093 19
2541 1037 2750 1120 synodi
2793 1042 3012 1109 quartas
3056 1055 3286 1110 equum
3321 1041 3570 1098 bonum-

1912 1145 2032 1201 que
2072 1129 2320 1198 judicat,
2383 1131 2446 1182 ut
2503 1127 2759 1198 episcopi
2819 1128 2909 1182 bis
2962 1129 3272 1198 quotannis
3323 1130 3566 1186 concilia

1910 1217 2220 1284 celebrent,
2280 1217 2404 1283 ubi,
2463 1203 2538 1270 si'
2583 1215 2886 1286 provinciae
2964 1217 3404 1288 metropolitano
3484 1219 3568 1274 ita

1911 1307 2214 1378 placuerit,
2267 1306 2338 1360 de
2371 1307 2546 1360 rebus
2604 1307 3014 1362 ecclesiasticis
3048 1309 3430 1364 ret'ormandis
3459 1311 3566 1366 de—

1912 1405 2149 1452 cernant
2206 1395 2544 1466 :episcopos
2580 1402 2795 1463 autem,
2829 1395 2928 1466 qui
2971 1413 3105 1451 cum
3151 1413 3389 1469 corpore
3420 1400 3568 1455 bene

1912 1485 2158 1554 valeant,
2191 1493 2244 1541 et
2300 1486 2356 1539 in
2391 1485 2636 1540 urbibus
2667 1485 2792 1540 suis
2849 1491 3173 1551 versentur,
3217 1503 3406 1558 neque
3447 1488 3567 1544 ulla

1915 1577 2031 1631 alia
2070 1591 2242 1631 causa
2280 1573 2582 1646 impediat,
2642 1591 2758 1630 non
2805 1575 3160 1632 conveniunt
3189 1580 3413 1646 tamen,
3447 1579 3566 1634 fra-

1912 1670 2082 1720 terno
2115 1679 2273 1718 more
2319 1661 2626 1732 increpari.

1986 1753 2129 1808 Dein
2159 1768 2343 1808 canon
2365 1759 2562 1807 sextus
2593 1751 2796 1820 sydoni
2855 1757 3030 1808 sexta;
3090 1753 3242 1809 hunc
3285 1755 3565 1812 verbalim

1918 1839 2145 1908 repetit,
2195 1837 2385 1893 sancit
2433 1842 2626 1893 autem
2657 1837 2840 1894 semel
2869 1839 3105 1909 quidem
3139 1839 3197 1894 in
3240 1858 3414 1909 anno,
3453 1858 3568 1898 non

1919 1929 2006 1983 bis
2053 1927 2366 1984 concilium
2417 1927 2632 1994 haberi,
2667 1937 2839 1998 atque
2892 1933 3121 2000 tempus
3155 1931 3502 2001 praescribit,
3537 1949 3572 1988 a

1918 2017 2198 2074 Paschate
2229 2022 2359 2086 puta
2383 2031 2568 2086 usque
2589 2020 2657 2070 ad
2691 2015 2996 2074 Octobrem
3021 2018 3400 2090 completum,
3432 2038 3567 2076 cum

1919 2109 2153 2176 propter
2198 2105 2578 2160 barbarorqu
2627 2105 2925 2176 incursus,
2960 2112 3084 2162 tum
3145 2124 3354 2162 causas
3401 2110 3568 2177 alias,

1917 2211 2041 2265 quis
2073 2193 2386 2263 obtingunt
2421 2201 2475 2247 et
2526 2195 2860 2264 frequentes
2909 2196 3410 2268 peregrinationes
3441 2198 3568 2269 epi-

1919 2283 2106 2353 scopis
2138 2281 2513 2352 permolestas
2552 2283 2818 2336 reddunt.

1994 2375 2158 2425 Hunc
2206 2385 2488 2425 canonum
2540 2371 2846 2426 conﬁrmat
2883 2371 3058 2427 etiam
3113 2377 3308 2428 sextus
3366 2373 3574 2447 synodi

1921 2460 2206 2531 septimae,
2240 2464 2410 2528 atque
2449 2461 2854 2529 magistratum
2889 2463 3378 2517 excommunicari
3431 2462 3574 2531 vult,

1921 2550 2023 2619 qni
2052 2547 2458 2618 episcoporum
2489 2550 2560 2602 ad
2591 2551 2880 2619 synodum
2905 2551 3333 2618 properantium
3365 2568 3572 2622 quem-

1923 2639 2079 2710 piam
2111 2637 2435 2708 impediens
2487 2639 2976 2707 deprehendatur.
3009 2640 3150 2696 Cnm
3183 2647 3376 2696 autem
3427 2659 3572 2698 con-

1923 2728 2135 2799 ξιπομάιί
2171 2729 2404 2792 fuerint,
2439 2726 2746 2797 praecipua,
2780 2728 2990 2799 inquit,
3049 2747 3188 2784 cura
3213 2736 3338 2785 esto
3370 2731 3572 2787 subdi-

1926 2821 2016 2872 tus
2048 2833 2184 2870 suos
2241 2832 2612 2888 summopere
2661 2817 2865 2873 docere
2913 2827 3199 2890 praecepta
3245 2820 3578 2893 evangelica

1927 2915 1984 2964 et
2013 2907 2309 2964 canonica.
2358 2907 2459 2964 Sin
2512 2925 2640 2964 vero
2685 2909 3054 2981 metropolita
3085 2912 3442 2982 iumentum,
3491 2913 3579 2968 vel

1927 3015 2050 3055 rem
2083 2998 2349 3068 quamvis
2377 2997 2578 3066 aliam,
2619 3014 2750 3068 quae
2788 2999 2858 3054 ad
2891 2999 3198 3072 episcopos
3223 3001 3582 3058 conﬂuentes

1930 3087 2233 3158 pertineat,
2293 3085 2404 3142 sibi
2466 3086 2737 3154 vindicet,
2803 3095 2860 3142 et
2924 3089 3325 3160 convincatur,
3381 3091 3582 3146 reddet

1930 3173 2340 3246 quadruplum.

2009 3263 2129 3318 Imo
2172 3269 2228 3319 et
2294 3264 2365 3318 40
2428 3281 2610 3320 canon
2674 3264 2902 3320 concilii
2970 3265 3276 3320 Laodiceni
3334 3265 3576 3322 sollicite

1930 3353 2246 3408 admodum
2273 3353 2466 3424 jubet,
2500 3363 2559 3409 ut
2601 3356 2658 3408 in
2708 3354 2962 3425 qualibet
2997 3354 3287 3425 provincia
3316 3357 3577 3425 synodus

1931 3442 2244 3514 quotannis
2291 3447 2653 3498 convocetur.
2703 3443 2974 3514 Adeoque
3020 3444 3343 3514 episcopos,
3376 3443 3476 3516 qui
3508 3445 3576 3499 ad

1931 3547 2058 3588 eam
2091 3532 2368 3599 citantur,
2401 3531 2556 3587 haud
2609 3533 2950 3600 detrectare,
2983 3533 3084 3588 sed
3125 3533 3388 3604 protinus
3419 3533 3582 3588 adire

1923 3621 2116 3691 jubet,
2147 3625 2319 3692 atque
2349 3621 2788 3692 sapientioressi
2815 3622 2950 3688 sint,
2975 3622 3320 3692 docet-equis
3341 3631 3580 3692 norunt,

1931 3707 2020 3766 vel
2067 3709 2449 3780 simpliciores
2497 3727 2561 3765 ea
2611 3709 2933 3775 addiscere,
2981 3726 3112 3778 quae
3161 3711 3450 3764 nesciunt.
3493 3713 3577 3766 Ita

1933 3796 2089 3852 enim
2151 3795 2236 3862 ﬁt,
2289 3801 2352 3850 ut
2393 3796 2737 3852 reformatur
2789 3796 3060 3864 Ecclesia,
3119 3801 3177 3851 et
3224 3795 3373 3852 circa
3422 3803 3577 3853 recte

1936 3887 2206 3958 dcgnata
2261 3885 2416 3952 fidei,
2447 3894 2498 3941 et
2550 3887 2824 3940 mandata
2861 3886 2992 3940 vita:
3049 3885 3193 3940 bene
3250 3885 3578 3941 ordinandas

1936 3973 2333 4038 inservientia,
2355 3975 2664 4045 :prot'ectus
2695 3975 2888 4029 faciat.
2921 3973 3028 4040 Qui
3063 3990 3196 4030 vero
3227 3980 3589 4046 contempse-

1941 4063 2033 4130 rit,
2058 4065 2205 4134 quod
2234 4063 2712 4134 reprehendatur,
2745 4065 3006 4134 seipsum
3040 4063 3250 4134 culpet,
3285 4065 3400 4120 nisi
3434 4066 3584 4120 forte

1939 4153 2136 4224 aliquo
2171 4153 2522 4219 discrimine,
2577 4152 2732 4225 quod
2775 4155 2846 4208 ad
2897 4169 3108 4224 corpus
3150 4153 3233 4208 vel
3287 4153 3588 4210 facultates

1939 4247 2178 4311 eiectat,
2222 4243 2591 4314 impediatur.

2012 4333 2157 4388 23I
2253 4332 2498 4404 Insuper
2550 4349 2735 4388 canon
2808 4333 2874 4387 19
2930 4349 3057 4403 syn.
3109 4332 3587 4405 Carthaginonsis

1941 4424 2245 4495 episcopos
2303 4426 2496 4478 monet
2529 4421 2841 4478 concilium
2892 4421 3202 4494 quotannis
3237 4423 3470 4479 habere.
3504 4421 3588 4478 Ita

1941 4518 1998 4568 et
2025 4529 2212 4569 canon
2241 4513 2332 4581 73,
2364 4528 2531 4584 quem
2571 4511 2698 4568 vide
2739 4511 2794 4566 in
2828 4527 2954 4584 cap.
2984 4511 3018 4564 7
3051 4511 3135 4566 lit.
3160 4510 3230 4567 II.

1869 4631 1915 4694 ll

2015 4695 2157 4750 Cum
2230 4693 2358 4751 istis
2415 4695 2708 4751 consentit
2757 4701 2812 4748 et
2868 4710 3053 4750 canon
3111 4694 3184 4748 '76
3250 4694 3593 4763 easdemque

1947 4783 2199 4839 rationes
2254 4784 2466 4853 pariter
2521 4784 2708 4839 att'ert.
2743 4782 2911 4838 Illum
2953 4788 3146 4838 tamen
3195 4783 3296 4854 qui
3356 4799 3594 4838 recusa-

1945 4873 2113 4941 verit,
2143 4879 2484 4930 ca-terorum
2516 4872 2924 4944 episcoporum
2969 4874 3379 4928 communione
3409 4872 3595 4926 absti~

1949 4980 2082 5020 nere
2105 4964 2293 5034 jubet,
2325 4963 2592 5019 Ecclesiae
2622 4977 2745 5019 suae
2784 4961 2906 5018 sola
2952 4968 3303 5018 contentum.

2021 5145 2092 5198 At
2129 5157 2261 5198 vero
2317 5141 2526 5198 canoni
2569 5141 2640 5194 9'7
2685 5140 2842 5196 haud
2903 5142 3295 5197 necessarium
3347 5139 3593 5205 videtur,

1952 5235 2263 5306 quotannis
2306 5233 2620 5288 concilium
2666 5230 3010 5302 Carthagine
3041 5231 3430 5297 celebrari,ne
3462 5231 3595 5284 t'ati—

1951 5328 2160 5392 genter
2191 5323 2418 5376 fratres.
2451 5319 2566 5374 Sed
2615 5319 3078 5390 quotiescunque
3107 5333 3296 5372 causan
3328 5333 3593 5372 commu-

1954 5426 2054 5467 nes
2083 5409 2449 5481 contingant,
2480 5409 2551 5463 de
2607 5408 2902 5477 dogmatis
2943 5417 3098 5476 puta,
3143 5405 3353 5460 litteris
3379 5421 3593 5460 convo-

1953 5501 2074 5555 cari
2100 5498 2423 5572 episcopos,
2447 5508 2503 5552 et
2529 5497 2746 5568 synodo
2785 5494 3078 5551 communi
3099 5494 3318 5559 habita,
3349 5495 3592 5550 dubium

1947 5589 2112 5644 solvi.
2153 5589 2253 5644 Sin
2301 5603 2435 5642 vero
2481 5585 2709 5656 privatis
2767 5601 2956 5639 causa
3019 5583 3249 5651 fuerint,
3308 5584 3470 5656 ipsas
3513 5585 3594 5639 in-

1949 5678 2184 5752 proprie
2215 5675 2512 5748 provincia
2552 5673 2953 5730 determinari.
