4060 6228
408 391 516 454 131
1682 381 2011 443 ΜΑΤΊἮᾹ

2203 379 2393 440 ASTA
2406 379 2528 440 RIS
3687 388 3806 446 132

1166 525 1301 576 Lex.
2078 514 2133 580 Α

2078 514 2133 580 Α
2858 514 3100 586 Νόμος.

479 614 793 673 Justiniani
841 608 1063 669 novella
1114 610 1216 665 137
1273 605 1454 665 semel
1501 610 1603 661 aut
1649 604 1737 661 bis
1771 602 1831 660 in
1872 620 2047 675 anno,

2224 602 2292 656 Ἠ
2335 598 2392 655 δὲ
2436 600 2556 676 ρλζ⁴
2608 603 3040 664 Ἰουστινιάνειος
3082 604 3246 678 νεαρὰ
3308 604 3444 675 ἅπαξ
3494 606 3529 675 ἢ
3582 601 3662 668 δὶς
3708 610 3807 661 τοῦ

406 723 605 766 mense
671 703 942 761 nimirum
1006 700 1185 757 Junio
1245 707 1344 755 aut
1400 694 1739 768 Septembri,
1797 692 2009 765 synodo

2206 711 2309 753 τους
2357 694 2437 761 τῷ
2487 690 2693 764 Ἰουνίῳ
2748 692 2783 760 ἢ
2831 690 2911 765 τῷ
2967 689 3331 767 Σεπτεμϐρίῳ
3379 691 3638 759 συνόδους
3667 695 3809 769 γίνε-

407 796 693 855 celehrari
758 793 944 864 jubet,
1032 789 1538 862 metropolitarum
1597 785 1833 858 quidem
1890 800 2008 855 apu

2170 782 2278 834 rem
2344 779 2598 855 βούλεται
2647 784 2755 835 τῶν
2819 780 3242 857 μητροπολιτῶν
3300 784 3449 858 παρά
3510 789 3629 846 τοῖς
3698 805 3773 839 πα

407 884 771 960 patriarchas
824 888 884 940 et
937 882 1341 953 episcoporum
1425 879 1578 952 apud
1634 873 2010 947 metropolita:

2210 868 2448 943 ιιάρχαις
2497 868 2587 923 καὶ
2633 873 2741 924 τῶν
2802 868 3111 927 ἐπισκόπων
3154 873 3301 947 παρὰ
3344 878 3461 934 τοῖς
3522 893 3813 947 μητροπο-

406 990 733 1047 causasque
763 971 1109 1040 examinari,
1137 986 1287 1042 quas
1342 966 1596 1040 episcopi
1654 971 1713 1021 et
1767 962 1962 1020 clerici
1997 978 2009 1017 ι

2208 957 2357 1021 ἷταις,
2418 958 2507 1013 καὶ
2563 956 2895 1028 ἐξετάζεσθαι
2953 960 3048 1022 τὰς
3101 960 3303 1031 αίτίας,
3374 961 3437 1024 ἃς
3492 963 3542 1017 οἱ
3591 961 3811 1018 ἐπίσκο-

408 1064 684 1122 monachi
713 1063 962 1119 invicem
995 1060 1288 1117 sustinent
1315 1058 1471 1114 circa
1497 1056 1671 1112 fidem
1717 1058 1777 1110 et
1801 1067 2011 1109 canone

2213 1067 2253 1102 )t
2282 1047 2374 1102 καὶ
2405 1048 2460 1102 οἱ
2499 1047 2760 1121 κληρικοὶ
2798 1049 2890 1103 καὶ
2939 1050 2991 1105 οἱ
3035 1050 3271 1126 μοναχοὶ
3327 1051 3465 1126 πρὸς
3521 1050 3816 1122 ἀλλήλους

405 1164 460 1211 et
516 1171 606 1211 res
664 1150 1106 1219 ecclesiasticas,
1180 1153 1238 1204 et
1284 1164 1412 1220 qum
1461 1147 1615 1203 facta
1656 1148 1799 1202 sunt
1852 1146 2008 1198 contr

2209 1157 2350 1212 [ουσι
2380 1136 2505 1212 περί
2550 1158 2610 1192 τε
2665 1134 2922 1201 πίστεως,
2974 1140 3064 1197 καὶ
3120 1141 3376 1214 κανόνων,
3424 1140 3515 1195 καὶ
3562 1142 3812 1217 πραγμά-

407 1260 660 1302 canones
697 1241 907 1313 corrigi
934 1258 949 1307 ;
981 1239 1363 1311 magistratus
1380 1252 1516 1292 vero
1567 1233 1667 1306 qui
1700 1249 1817 1290 non
1838 1247 2010 1304 cogur

2211 1249 2270 1284 ον
2329 1227 2822 1299 ὲκκλησιαστικῶν,
2879 1230 2972 1285 καὶ
3035 1232 3100 1285 τὰ
3174 1232 3321 1298 παρὰ
3385 1234 3513 1295 τοὺς
3584 1234 3814 1295 κανόνας

403 1333 824 1407 metropolitas,
855 1335 913 1387 et
940 1330 1244 1403 episcopos
1275 1342 1465 1385 moras
1500 1325 1796 1381 trahentes
1836 1325 2006 1377 statut

2206 1319 2585 1392 μαρτανόμενα
2641 1315 2989 1394 διορθοῦσθαι
3023 1338 3038 1354 ο
3097 1321 3225 1384 τοὺς
3279 1319 3337 1377 δὲ
3406 1319 3675 1397 ἄρχοντας
3730 1325 3809 1395 μή

405 1405 649 1480 concilia
712 1420 1026 1486 celebrare,
1079 1421 1181 1474 aut
1244 1432 1363 1472 non
1434 1414 1654 1470 idicant
1717 1411 2008 1482 imperato.

2211 1410 2568 1481 τιτιθεμένους
2612 1414 2733 1471 τοῖς
2789 1409 3231 1486 μητροπολίταις
3273 1411 3364 1466 καὶ
3416 1417 3535 1473 τοῖς
3583 1410 3814 1466 ἐπισκό-

404 1512 831 1577 inobedientes,
872 1507 1146 1566 extremis
1185 1503 1489 1577 suppliciis
1534 1500 1765 1571 subjici.
1806 1501 1878 1554 At
1923 1512 2007 1552 νοι

2215 1518 2310 1568 αις,
2404 1496 2842 1571 ὑπερτιθεμένοις
2933 1500 3030 1562 τὰς
3133 1499 3453 1574 τεταγμένας
3556 1498 3818 1563 συνόδους

404 1603 527 1658 hinc
557 1617 683 1673 quae
731 1601 803 1655 ad
855 1596 1103 1653 concilia
1150 1593 1505 1651 celebranda
1538 1589 1831 1664 pertinent
1888 1586 2007 1642 hod:

2217 1591 2358 1654 ne't'v,
2415 1587 2453 1657 ἢ
2510 1588 2638 1650 τοὺς
2706 1589 2782 1660 μὴ
2836 1588 3195 1663 πειθομένους
3253 1590 3316 1646 οὗ
3380 1590 3679 1665 μηνόοντας
3734 1594 3820 1663 τῷ

405 1705 641 1763 prorsus
688 1688 1079 1760 negliguntur.

2218 1675 2383 1732 ισιλεῖ
2443 1677 2693 1752 ἐσχάτως
2747 1680 3126 1751 τιμωρεῖσθαι.
3162 1678 3341 1737 Ἀλλὰ
3404 1681 3467 1735 τὸ
3521 1684 3631 1735 τῶν
3688 1700 3821 1735 συν-

2164 1765 2305 1824 όδων
2332 1765 2540 1823 τούτων
2562 1770 2735 1837 πάντη
2767 1770 2833 1824 τὸ
2861 1772 2954 1824 νῦν
2984 1768 3113 1845 ἔχον
3144 1769 3641 1847 καταπεφρόνηται.

549 1890 704 1947 CAP.
736 1889 807 1945 X.
838 1888 923 1942 De
953 1883 1156 1942 litteris
1186 1880 1661 1940 commendatitiis.
2082 1879 2130 1946 Β

2119 1884 2130 1944 ι
2248 1877 2502 1932 ΚΕΦΑΛ.
2537 1875 2594 1930 1'.
2628 1874 2788 1950 Περὶ
2820 1880 3244 1931 συστατικῶν
3276 1877 3722 1953 γραμμάτων.

478 2002 684 2066 Quaere
714 2002 890 2071 caput
915 1997 951 2051 9
971 1994 1083 2052 litt.
1115 1999 1184 2050 Α.

2236 1983 2397 2052 Ζήτει
2428 1981 2490 2036 τὸ
2520 1982 2563 2034 θ’
2592 1982 2889 2060 κεφάλαιον
2916 1986 3013 2038 τοῦ
3042 1990 3086 2038 Δ
3120 1985 3417 2060 στοιχείου.

406 2109 570 2166 CAP.
602 2109 703 2164 Xl.
738 2108 811 2163 De
850 2107 919 2159 iis
946 2103 1057 2186 qui
1095 2102 1500 2186 conjuraliones
1541 2107 1594 2186 et
1660 2093 2009 2167 fraternitate

2219 2096 2421 2147 ΕΦΑΔ.
2455 2092 2555 2148 1Α’.
2589 2090 2745 2186 [ἱερὶ
2777 2096 2920 2183 ντῶν
2954 2093 3410 2185 συνωμοσίας,
3440 2096 3478 2166 ἦ
3509 2095 3822 2169 φατρίας,

860 2162 1307 2232 ααίδειίιιὶὀηεε
1361 2176 1601 2227 struunt.
1660 2162 1670 2167 ⁷

2616 2164 2644 2232 ἢ
2678 2162 2942 2226 στάσεις
2966 2162 3365 2226 ποιούντων.

479 2290 679 2345 Canon
730 2288 797 2343 18
856 2283 1058 2357 synodi
1109 2285 1353 2355 quarta,
1403 2288 1458 2336 et
1485 2280 1554 2334 34
1608 2279 1811 2350 synodi
1860 2281 2056 2347 sextis,

2235 2276 2289 2325 Ὁ
2331 2272 2403 2340 ιη’
2433 2275 2531 2339 τῆς
2566 2266 2607 2323 δ’
2642 2267 2869 2324 συνόδου
2899 2271 3102 2341 κανὼν,
3131 2272 3221 2326 καὶ
3262 2272 3291 2326 6
3337 2270 3423 2327 λδ⁶
3473 2279 3574 2343 τῆς
3620 2274 3662 2335 ς’
3720 2294 3825 2328 συ-

402 2380 685 2455 ‘Legihus,
743 2356 956 2447 inquit,
1004 2372 1298 2438 civilibus,
1374 2383 1625 2441 quarum
1680 2367 1970 2438 pleraeque

2219 2356 2350 2428 ὶδου,
2409 2360 2496 2413 Ἐν
2552 2364 2668 2419 τοῖς
2726 2357 3061 2431 πολιτικοῖς,
3113 2362 3265 2438 φασὶ,
3333 2363 3549 2436 νόμοις,
3609 2364 3685 2418 ὧν
3766 2364 3822 2417 οἱ

413 2443 775 2541 sapientibus
826 2443 1117 2520 extraneis
1168 2475 1268 2515 seu
1328 2456 1644 2529 gentilibus
1711 2455 1839 2512 latin
1896 2470 2016 2510 sun‘

2221 2448 2389 2507 λείους
2439 2448 2575 2521 πρὸς
2632 2452 2739 2503 τῶν
2793 2443 2895 2521 ἔξω
2943 2454 3125 2526 σοφῶν
3186 2450 3557 2522 συνετέθησαν,
3595 2452 3660 2506 τὸ
3716 2458 3824 2521 τῆς

414 2535 635 2615 crimen
681 2552 1109 2625 conjurationis
1150 2549 1239 2605 vel
1272 2546 1652 2603 fraternitatis
1693 2545 2017 2617 prohibeto:

2221 2537 2510 2610 ινωμοσίας
2560 2535 2596 2605 ἢ
2651 2539 2882 2613 φατρίας
2939 2539 3224 2614 ἀπείρηται
3279 2539 3570 2614 τόλμημα,
3610 2540 3824 2612 πολλῷ

414 2647 599 2702 multo
633 2660 762 2701 vero
798 2624 990 2713 magis
1031 2641 1093 2696 in
1125 2638 1380 2695 Ecclesia
1437 2637 1557 2691 Dei.
1593 2633 1838 2705 Quiquis
1881 2634 2017 2705 igitu

2219 2650 2227 2681 ι
2258 2624 2438 2697 δήπου
2467 2631 2535 2699 τῇ
2564 2630 2661 2680 τοῦ
2694 2630 2828 2682 Θεοῦ
2871 2626 3190 2701 Ἐκκλησία.
3240 2631 3422 2693 Ὅστις
3470 2630 3651 2685 τοίνυν
3705 2638 3822 2687 τῶν

411 2738 499 2794 vel
548 2736 794 2792 clericus
853 2733 942 2788 vel
1006 2730 1329 2787 monachus
1386 2725 1727 2797 hujusmodi
1785 2723 2014 2780 facinori

2221 2715 2508 2784 οναζόντων
2548 2716 2583 2783 ἢ
2630 2712 2913 2791 κληρικῶν
2957 2717 3192 2790 τοιούτῳ
3258 2717 3421 2790 ἁλοίη
3488 2717 3824 2795 ἐγκλήματι,

412 2845 548 2884 reus
585 2824 1000 2897 deprehensus,
1034 2826 1135 2876 aut
1180 2818 1477 2875 convictus
1532 2814 1728 2882 fuerit,
1759 2813 2015 2883 conspirr

2278 2804 2536 2865 συσκευᾶς
2613 2804 2903 2880 ἐλεγχθείη
2969 2807 3233 2880 τυρεύων,
3301 2805 3425 2877 ἤτοι
3500 2809 3826 2881 τεκταίνων,

410 2918 599 2972 tiones
678 2912 999 2985 coagulans
1043 2909 1235 2980 quasi,
1285 2907 1407 2963 sive
1473 2903 1722 2960 moliens
1778 2902 2013 2958 adverse

2227 2895 2490 2956 τισκόποις
2537 2892 2574 2963 ἢ
2621 2892 2933 2967 κληρικοῖς,
2963 2900 3062 2950 τοῦ
3114 2894 3318 2951 οἰκείου
3356 2897 3659 2953 ἐκπιπτέτω
3694 2901 3830 2973 βαθ-

410 3006 716 3076 episcopos
743 2979 844 3058 aut
890 2979 1149 3064 clericos,
1182 2995 1362 3067 gradu
1409 3010 1517 3050 suo
1566 2992 1812 3048 excidat.
1842 2989 2013 3060 Conju

2227 2988 2299 3041 οῦ.
2334 2982 2663 3056 Συνωμοσία
2701 2979 2758 3038 δέ
2805 2982 2914 3039 ἐστι
2957 2985 3020 3039 τό
3070 3005 3223 3047 τινας
3272 2989 3410 3042 κατά
3463 3008 3622 3043 τινων
3682 2989 3830 3064 βου-

409 3093 552 3149 ratio
596 3096 793 3147 autem
831 3092 921 3145 est
964 3087 1013 3143 si
1046 3086 1228 3157 aliqui
1261 3087 1464 3140 contra
1490 3080 1716 3152 aliquos
1746 3078 2012 3136 consiliul

2222 3071 2481 3141 εύσασθαι,
2512 3071 2603 3126 καὶ
2635 3068 2922 3142 ἀλλήλους
2953 3073 3140 3147 ὅρκοις
3169 3071 3453 3144 συνδῆσαι,
3484 3076 3519 3145 ἦ
3577 3079 3686 3149 μὴν
3739 3079 3825 3149 μή

409 3183 633 3251 ineunt,
666 3185 723 3236 et
741 3196 802 3235 se
822 3177 1070 3233 invicem
1101 3173 1452 3245 juramentis
1485 3170 1746 3238 obligant
1776 3186 1810 3225 a
1847 3184 2012 3240 propr

2218 3161 2566 3251 τοστήσεσθαι
2595 3163 2693 3214 τοῦ
2728 3158 3131 3235 βουλεύματος,
3167 3165 3365 3238 μέχρις
3396 3162 3455 3219 ἂν
3503 3169 3667 3220 τοῦτο
3722 3186 3821 3221 τε·

410 3272 523 3327 sito
571 3246 687 3327 non
745 3268 1052 3332 desistere,
1102 3264 1427 3334 usquedum
1483 3261 1553 3316 ad
1585 3259 1804 3315 exitum
1838 3257 2013 3328 perdu

2221 3248 2381 3319 ισθείη
2417 3266 2432 3279 ·
2465 3246 2540 3313 ὥς
2568 3270 2673 3304 που
2714 3249 2803 3305 καὶ
2837 3251 2888 3306 ἑν
2919 3258 3037 3315 ταῖς
3090 3253 3315 3327 Πράξεσι
3344 3258 3426 3325 τῷ
3454 3256 3586 3329 θείῳ
3634 3260 3824 3327 Λουκᾷ

407 3353 618 3415 xerint,
669 3348 838 3405 sicuti
885 3345 1097 3402 alicubi
1130 3346 1189 3400 in
1242 3343 1487 3399 Actibus
1519 3340 1582 3396 Β.
1616 3343 1800 3395 Lucas
1832 3353 2010 3394 memc

2223 3338 2472 3411 τὸρηται,
2514 3338 2601 3394 ὅτι
2649 3342 2976 3411 ποιήσαντες
3031 3362 3172 3405 τινες
3225 3348 3334 3399 τῶν
3386 3343 3661 3401 Ἰουδαίων
3700 3368 3826 3401 συ-

409 3447 518 3497 rat.
571 3438 853 3495 Videlicet
898 3436 1232 3491 Judmorum
1297 3430 1564 3487 nonnulli
1627 3426 2012 3500 conspiration

2231 3428 2423 3513 ροφᾶς,
2468 3427 2856 3501 ἀνεθεμάτισαν
2915 3430 3162 3500 ἑαυτοὺς,
3215 3434 3357 3504 μήτε
3411 3439 3626 3513 φαγεῖν,
3677 3436 3833 3507 μήτε

407 3532 577 3597 facta,
634 3545 743 3585 sua
797 3526 989 3597 capita
1028 3526 1402 3586 devoverunt,
1462 3536 1525 3575 se
1590 3533 1779 3588 neque
1857 3515 2010 3572 cibui

2232 3521 2326 3579 εῖν,
2360 3512 2461 3578 ἕως
2519 3516 2580 3572 ἃν
2638 3518 2994 3575 ἀποκτείνωσι
3042 3521 3135 3577 τὸν
3196 3512 3440 3582 Παῦλουζ
3501 3524 3830 3599 Φατρία-δέ

410 3636 598 3691 neque
628 3627 827 3690 potum
875 3622 1242 3685 sumpturos,
1294 3610 1477 3665 donec
1532 3606 1774 3663 Paulum
1812 3605 2013 3661 interfe

2226 3627 2277 3660 τι
2326 3605 2531 3679 κυρίως
2559 3607 2622 3661 τὸ
2673 3612 2782 3662 τῶν
2834 3614 3108 3686 συγγενῶν
3141 3613 3176 3681 ἢ
3206 3616 3315 3667 τῶν
3361 3610 3547 3675 ἄλλως
3594 3614 3828 3687 ἡνωμέ-

407 3711 641 3766 cissent.
675 3704 1033 3762 Fraternitas
1064 3707 1256 3758 autem
1300 3698 1530 3771 proprie
1558 3706 1649 3752 est
1676 3700 2010 3767 cognatorui

2228 3718 2268 3748 ›ν
2304 3693 2554 3769 σύστημα
2587 3716 2599 3728 ο
2653 3695 2878 3753 ἐνταῦθα
2908 3695 2966 3752 δὲ
3023 3700 3316 3763 κακοθελὲς
3374 3698 3543 3772 δηλοῖ
3590 3699 3831 3759 διαδού-

406 3807 504 3855 aut
524 3799 636 3853 alio
669 3796 841 3851 modo
872 3794 1324 3862 conjunctorum
1366 3801 1699 3858 compages.
1727 3784 1829 3839 llic
1859 3788 2009 3839 autel

2230 3804 2315 3850 ον,
2364 3784 2455 3837 καὶ
2499 3786 2809 3863 συμφωνίαν
2863 3792 3025 3842 τινῶν
3099 3789 3188 3843 ἐπὶ
3253 3790 3476 3863 πράξεσι
3560 3788 3829 3865 φαύλαις,

408 3888 812 3959 malignatium
862 3881 1058 3938 innuit
1117 3877 1607 3941 conventiculum,
1666 3880 1725 3929 et
1780 3875 1851 3928 ad
1910 3872 2011 3928 feci

2225 3871 2419 3943 δρεῦειν
2453 3870 2532 3942 δὲ,
2580 3875 2643 3929 τὸ
2693 3874 2909 3950 σκληρὰ
2960 3878 3049 3931 καὶ
3111 3879 3327 3953 πονηρὰ
3374 3881 3828 3953 κατασκευάζειν,

407 3994 552 4034 nora
599 3972 988 4047 perpetranda
1053 3968 1520 4024 consensionem.
1570 3962 1888 4035 Coagulare
1926 3978 2010 4017 vel

2223 3964 2257 4017 ιὶ
2292 3985 2365 4034 μη
2378 3966 2641 4037 χανασθαι
2668 3984 2680 3995 ·
2706 3967 2779 4027 ὡς
2800 3967 2881 4029 τὸ,
2907 3993 2935 4018 ι(
2964 3968 3240 4042 Ἑνυρώθη
3267 3994 3295 4022 »ι
3323 3972 3357 4041 ἡ
3389 3969 3580 4045 καρδία
3611 3970 3826 4045 αὐτῶν,

393 4067 524 4125 siva
578 4062 822 4138 τορεύειν
863 4071 949 4117 est
997 4075 1271 4132 perversa
1327 4062 1387 4111 et
1444 4054 1711 4125 improba
1770 4057 1967 4107 stuere

1327 4062 1387 4111 et
1444 4054 1711 4125 improba
1770 4057 1967 4107 stuere
2004 4055 2061 4105 et
2169 4052 2281 4105 ἀντὶ
2306 4056 2403 4107 τοῦ
2433 4077 2461 4106 ι(
2496 4051 2864 4125 ἐσκληρύνθη.
2893 4080 2921 4107 ››

407 4155 621 4215 moliri.
655 4153 747 4209 Uti
780 4151 839 4207 in
868 4151 968 4207 illo
997 4148 1145 4217 loco,
1188 4146 1551 4218 Coagulatum
1589 4148 1677 4199 est
1705 4158 1805 4196 cor
1833 4155 2057 4207 eorum,

410 4262 537 4318 pro,
580 4242 855 4299 induruit.

1052 4347 1206 4404 282
1238 4347 1422 4416 Leges.

2857 4337 3095 4410 Νόμομ

477 4460 588 4525 Qui
642 4455 1070 4529 coniurationis
1132 4454 1417 4509 adversus
1485 4446 1902 4520 rempublicam
1962 4462 2065 4502 au-

2242 4444 2308 4498 ‘O
2340 4442 2681 4515 συνωμοσίαν
2732 4446 2867 4500 κατὰ
2913 4452 3014 4514 τῆς
3069 4444 3354 4510 πολιτείας
3393 4452 3825 4525 παρασκεμάσας

407 4560 531 4607 ctor
584 4528 890 4615 exstiterit,
936 4549 1034 4600 aut
1095 4542 1304 4599 castris
1352 4539 1666 4595 insidiatus
1725 4536 1920 4607 fuerit,
1968 4553 2010 4590 ai

2225 4529 2441 4598 ινέσθαι,
2497 4532 2586 4585 καὶ
2644 4534 2676 4586 ἁ
2728 4528 3121 4597 ἐπιϐουλεύσας
3177 4541 3259 4609 τῷ
3333 4537 3705 4611 στρατοπέδῳ,
3786 4545 3828 4613 ἢ

405 4640 507 4697 illa
537 4639 688 4696 hosti
721 4635 1040 4710 prodiderit
1073 4651 1088 4701 ;
1134 4633 1302 4704 quive
1341 4629 1471 4686 dolo
1504 4627 1653 4684 malo
1678 4626 2008 4700 impediveri

2231 4625 2280 4680 ῖς
2313 4618 2609 4693 πολεμίοις
2639 4621 2769 4678 αὐτὸ
2800 4621 3057 4697 προδοὺς,
3090 4624 3125 4695 ἢ
3157 4626 3186 4679 6
3234 4626 3373 4682 κατᾶ
3428 4625 3592 4682 δόλον
3635 4628 3832 4702 ἐμπο-

406 4708 937 4801 ιιυοωίοιιεήὶιοειοε
953 4725 1014 4778 in
1037 4726 1386 4794 potestatem
1407 4718 1608 4790 populi
1632 4716 1877 4772 Romani
1901 4731 2005 4770 ven

2228 4729 2323 4771 σας
2376 4711 2483 4765 ὑπὸ
2540 4715 2852 4785 Ῥωμαίους
2897 4714 3138 4787 γενέσθαι
3194 4717 3325 4777 τοὺς
3390 4715 3722 4791 πολεμίους,
3786 4721 3827 4791 ἢ

406 4824 556 4887 rent,
590 4828 693 4874 aut
721 4812 1005 4873 curaverit
1038 4828 1136 4867 eos
1166 4808 1430 4880 adjuvari
1470 4807 1674 4879 cepiis,
1722 4804 1809 4861 vel
1856 4803 2009 4859 armi:

2225 4801 2582 4874 ιρασκευάσας
2631 4802 2826 4864 αύτνὺς
2875 4798 3218 4874 ϐοηζηθῆναι
3260 4804 3483 4877 πλήθει,
3525 4809 3560 4877 ἢ
3594 4806 3828 4881 ὅπλοις,

405 4909 493 4965 vel
525 4906 789 4979 pecunia,
813 4903 901 4962 vel
933 4901 1046 4958 alio
1090 4902 1260 4956 modo
1291 4913 1657 4969 quocunque,
1706 4895 1829 4965 lege
1878 4894 2008 4963 maji

2233 4890 2545 4979 χρήμασιν,
2584 4891 2620 4961 ἢ
2665 4888 2832 4965 ἑτέρῳ
2870 4890 3174 4964 οἱῳδὴσοτε
3210 4894 3421 4969 τρόπῳ,
3448 4900 3528 4969 τῷ
3556 4903 3658 4966 τῆς
3696 4902 3833 4953 καθ.

406 4978 577 5055 statis
606 5001 857 5053 tenetur.
918 4994 1036 5048 Imo
1084 5006 1219 5046 vero
1252 4988 1481 5044 turbam
1527 4986 1814 5042 concitare
1853 4992 2009 5055 praete

2229 4978 2445 5040 ἰώσεως
2506 4978 2783 5035 ὑπόκειται
2840 4980 3172 5057 ἐγκλήματι.
3218 4984 3390 5040 Ἀλλὰ
3445 4986 3533 5039 καὶ
3582 4991 3643 5039 τὸ
3699 5008 3832 5043 συν-

408 5086 753 5143 mandatum
777 5079 1164 5153 imperatoris,
1197 5076 1359 5148 gravi
1382 5073 1668 5145 supplicio
1697 5071 1943 5143 dignum
1965 5068 2011 5123 le

2225 5069 2392 5141 (εσθαι
2444 5067 2619 5144 δ’χλον
2677 5071 2855 5147 χωρὶς
2914 5072 3204 5146 βασιλικοῦ
3242 5072 3630 5152 ἐπιτάγματος,
3671 5079 3828 5135 πολ-

406 5174 687 5232 decernit.
721 5174 922 5238 Quaere
943 5173 1001 5225 et
1030 5183 1155 5239 cap.
1185 5165 1253 5220 21
1286 5165 1396 5221 litt.
1423 5164 1491 5219 Il.

2225 5163 2274 5225 ἧς
2307 5155 2458 5226 ἄξιον
2490 5159 2759 5233 τιμωρίας
2790 5161 3025 5236 κρίνεται
3055 5163 3190 5236 πρὸς
3239 5167 3347 5218 τῶν
3387 5165 3588 5238 νόμων.
3649 5168 3828 5237 Ζήτει

2168 5245 2258 5301 καὶ
2289 5245 2350 5299 τὸ
2380 5247 2461 5300 κα⁹
2488 5248 2783 5323 κεφάλαιον
2810 5253 2907 5304 τοῦ
2940 5256 2983 5305 [Ι
3012 5253 3313 5328 στοιχείου.

478 5353 920 5410 Novellaautem
958 5345 1297 5405 constitutio
1328 5338 1687 5398 Constantini
1735 5335 2063 5409 Porphyro-

2241 5334 2305 5390 Ἦ
2337 5332 2395 5389 δὲ
2424 5336 2583 5410 νεαρὰ
2608 5342 2706 5392 τοῦ
2750 5337 3018 5413 βασιλεως
3079 5342 3486 5397 Κωνσταντίνου
3513 5348 3609 5399 τοῦ
3671 5352 3832 5422 Πορ-

410 5449 693 5514 gennetae,
726 5458 859 5498 cum
891 5436 1134 5494 scientia
1166 5432 1348 5488 Alexii
1380 5428 1718 5501 patriarchae
1746 5433 1804 5481 et
1828 5424 2013 5495 synod

2228 5426 2599 5514 ›ρυγεννητου,
2659 5424 2864 5499 εἰδήσει
2918 5429 3009 5483 καὶ
3065 5434 3161 5484 τοῦ
3200 5433 3541 5508 πατριάρχον
3574 5431 3831 5505 Ἀλεξίοτ

410 5511 763 5587 anathemati
794 5528 1032 5599 subiicit
1072 5541 1172 5581 eos
1217 5522 1315 5592 qui
1376 5518 1782 5575 machinantur
1812 5512 2013 5569 insidii

2228 5511 2267 5565 ιὶ
2293 5519 2395 5582 τῆς
2428 5512 2677 5587 συνόδου,
2709 5516 3004 5591 ἆναθέματι
3052 5516 3463 5576 καθυποϐαλλει
3502 5522 3628 5583 τοὺς
3681 5522 3831 5597 μὲλ-

411 5631 512 5678 aut
542 5621 861 5689 tumultus,
892 5627 1067 5691 atque
1095 5615 1273 5671 etiam
1302 5627 1402 5667 eos
1426 5610 1523 5680 qui
1557 5607 1687 5663 istis
1717 5619 1883 5677 opem
1905 5605 2014 5658 teru

2227 5622 2369 5691 οντας
2399 5603 2436 5673 ἢ
2469 5600 2789 5671 ἐπιϐουλαῖς
2817 5606 3131 5684 ἐπιχειρεῖν,
3153 5608 3189 5679 ἢ
3225 5609 3452 5683 μούλτῳ
3485 5629 3500 5643 ·
3550 5610 3698 5667 ἀλλὰ
3750 5613 3830 5688 δὴ

409 5720 467 5771 et
497 5712 558 5768 in
590 5710 915 5767 defectione
958 5711 1101 5766 sunt
1154 5701 1319 5772 socii,
1350 5708 1446 5758 aut
1497 5698 1616 5755 illis
1644 5695 1981 5763 consulunt,

2234 5690 2266 5747 ιῖ
2294 5691 2421 5756 τοὺς
2449 5698 2899 5771 συμπράττοντας
2946 5698 3037 5756 καί
3085 5703 3576 5779 συγκόινωνοῦντας
3614 5705 3684 5779 τῇ
3716 5707 3837 5761 αὖ-
