4080 6224
232 372 326 433 133

1223 356 1649 418 SYNTAGMA
1689 351 2316 415 ALPHABETICUM.
2363 384 2437 398 —
2483 361 2548 414 Σ.

3474 359 3592 422 134

231 505 316 558 uin
363 495 669 568 ἀποστασία,
713 494 804 551 καὶ
851 492 978 554 τοὺς
1019 487 1490 565 συμϐουλεύοντας
1530 489 1566 559 ἢ
1616 506 1828 562 παρορο
1858 507 1873 557 Α

1991 488 2016 542 1
2060 487 2352 558 ejusmodi
2406 487 2664 544 facinora
2710 489 2978 557 incitant,
3025 495 3125 547 aut
3172 491 3583 563 commilitant,

235 597 418 664 μῶντας
467 588 539 650 εἰς
595 588 661 641 τὰ
716 587 961 653 τοιαῦτα,
989 582 1078 637 καὶ
1107 579 1236 644 τοὺς
1266 579 1832 652 συνεκστρατεύοντας,

229 685 300 738 καί
342 682 455 742 τοὺς
503 676 837 757 δεχομένους
887 674 1085 736 αὐτοὺς
1130 671 1208 735 εἰς
1261 673 1570 747 μετάνοιαν,
1605 672 1682 745 μὴ
1738 689 1835 744 με·

228 768 596 844 ταμελομένους
647 766 757 822 ἀπὸ
801 771 902 830 τῆς
950 761 1302 834 ἀποστασίας,
1349 762 1442 817 καὶ
1488 757 1837 831 καταλιμπά-

229 881 392 922 νοντας
436 857 618 929 αύτήν.
651 857 809 927 Ζήτει
857 854 978 928 περὶ
1027 853 1229 922 ταύτης
1275 857 1379 920 τῆς
1418 855 1610 924 νεαρᾶς
1659 847 1710 904 ἐν
1765 849 1836 921 τῇ

233 949 468 1026 ἐπιγραφῇ
509 953 610 1016 τῆς
669 945 722 1002 ἐν
780 945 1000 1020 Γάγγρᾳ
1057 939 1304 1015 συνόδου,
1336 942 1458 1012 ἣτις
1488 938 1540 995 ἐν
1589 941 1659 1013 τῇ
1690 939 1837 1014 ἀρχῇ

231 1043 312 1095 τοῦ
345 1033 557 1112 βιϐλίου
586 1041 786 1092 κεῖται.

447 1259 701 1310 ΚΕΦΑΛ.
747 1254 853 1310 1Β’.
897 1251 1053 1326 Περί
1094 1252 1583 1325 σχισματικῶν.

289 1346 428 1414 Ζήτει
481 1343 534 1398 έν
587 1347 672 1414 τῷ
817 1339 1100 1414 κεφαλαίῳ
1146 1343 1242 1394 τοῦ
1271 1343 1314 1396 Α
1352 1337 1598 1412 σοιχείου
1645 1336 1844 1390 κανόνα

240 1442 272 1490 α’
313 1437 398 1489 τοῦ
469 1431 716 1508 μεγάλου
770 1429 1086 1502 Βασιλείου,
1139 1433 1326 1508 ’σοφῶς
1385 1423 1707 1501 ὁριζομένου
1753 1427 1845 1480 καί

244 1522 540 1597 διαιροῦντος
599 1522 670 1577 τά
726 1519 1025 1596 σχίσματα,
1082 1517 1172 1574 καὶ
1245 1517 1342 1580 τὰς
1416 1515 1672 1594 αἱρέσεις,
1728 1519 1848 1579 ταῖς

242 1612 472 1688 ἑκατέρων
500 1607 773 1682 ’ἰδιότησιν
785 1653 800 1668 .

291 1707 341 1756 '0
389 1698 443 1756 δὲ
495 1699 579 1756 λα’
625 1705 740 1756 τῶν
797 1698 968 1775 ἁγίων
1023 1694 1346 1753 ἀποστόλων
1396 1695 1593 1763 κανὼν,
1636 1696 1848 1763 ⁰Ὀστις,

236 1791 368 1867 φησί,
401 1784 785 1866 πρεσϐύτερος,
843 1785 1013 1861 μηδέν
1057 1807 1114 1842 τι
1160 1784 1522 1859 κατεγνωκὼς
1567 1779 1848 1839 τοῦ-ἰδίου

1940 574 2074 632 illos
2111 576 2363 648 denique
2393 577 2490 648 qui
2522 577 2680 647 ipsos
2697 579 2765 634 ad
2791 580 3196 651 paenitentiam
3229 581 3584 656 suscipiunt,

1943 681 2077 722 cum
2143 665 2487 723 defectionis
2537 667 2935 738 pmnitentiam
2981 670 3196 727 nedum
3244 677 3445 744 agant,
3489 681 3592 730 aut

1943 771 2069 812 eam
2107 754 2462 828 relinquant.
2515 756 2718 822 Quaere
2765 759 2836 814 de
2875 758 2982 816 hac
3035 759 3262 818 novella
3290 760 3350 816 in
3384 762 3593 819 inscri-

1947 846 2144 916 ptione
2174 863 2303 918 syn.
2335 845 2713 919 Gangrensis,
2739 863 2866 920 quae
2889 849 3042 906 circa
3074 848 3424 922 principium
3457 851 3591 907 libri

1947 933 2223 991 occurrit.

2362 1249 2512 1304 CAP.
2548 1248 2670 1305 ΧΠ.
2704 1249 2780 1304 οδ
2798 1248 3182 1310 schismaticis.

2023 1339 2223 1404 Quaere
2287 1339 2347 1394 in
2417 1355 2545 1410 cap.
2604 1341 2638 1392 2
2695 1339 2806 1395 litt.
2877 1341 2924 1394 A
2992 1356 3273 1399 canonem
3341 1345 3598 1417 primum

1954 1427 2154 1500 magni
2194 1427 2419 1497 Basilii,
2448 1427 2740 1500 sapienter
2787 1428 2866 1484 ibi
2899 1430 3232 1489 deﬁnientis
3276 1449 3344 1490 ae
3382 1435 3596 1494 distin-

1953 1518 2183 1590 guentis
2213 1517 2540 1574 schismata
2569 1521 2744 1590 atque
2771 1518 3202 1593 haeresesjuxta
3228 1539 3366 1581 suas
3395 1543 3602 1598 quam-

1956 1607 2096 1663 libet
2126 1606 2543 1679 proprietates.

2025 1695 2222 1754 Canon
2291 1701 2484 1752 autem
2540 1697 2606 1752 31
2668 1701 3003 1755 sanctorum
3081 1703 3506 1774 apostolorum,
3559 1706 3606 1762 si

1959 1786 2109 1858 quis,
2142 1785 2245 1855 ait,
2277 1784 2602 1858 presbyter.
2631 1803 2764 1843 cum
2811 1789 3151 1860 episcopum
3181 1807 3356 1848 suum
3388 1809 3613 1866 nequa-

235 1880 522 1951 ἐπισκόπου,
573 1881 717 1952 μήτε
765 1877 891 1950 περὶ
937 1877 1038 1944 τήν
1108 1869 1381 1930 εὐσέϐειαν
1445 1870 1856 1950 σφαλλομένου,

1991 1891 2142 1946 luam
2192 1873 2465 1930 incusare
2513 1891 2579 1930 ac
2621 1877 2900 1933 damnare
2957 1884 3152 1950 queat,
3211 1887 3410 1953 utpote
3462 1883 3616 1939 nihil

239 1969 349 2043 μήτ’
382 1967 444 2022 αὖ
497 1967 794 2043 χαίροντος
854 1962 1113 2036 ἀδικίαις,
1165 1962 1294 2020 ἀλλ’
1347 1957 1597 2024 εὐσεϐοῦς
1653 1961 1749 2034 μὶν
1785 1959 1854 2016 τὰ

235 2060 350 2132 πρὸς
390 2059 534 2125 Θεὸν,
568 2053 786 2111 δικαίοο
828 2051 886 2110 δὶ
929 2055 996 2110 τὰ
1044 2054 1181 2128 πρὸς
1226 2051 1543 2128 ἀνθρώπους
1577 2052 1854 2126 ὑπάρχον-

235 2167 331 2212 τος,
359 2147 507 2201 πάθει
537 2143 842 2225 φιλαρχίας
890 2143 1129 2218 κάτοχος
1170 2141 1270 2210 ὢν,
1303 2139 1416 2213 ἰδίᾳ
1463 2142 1621 2212 πήξει
1680 2141 1858 2193 θυσια-

239 2239 451 2308 στήριον,
493 2237 581 2290 καί
631 2234 1024 2308 παρασυνάξεις
1073 2236 1246 2288 ποιῶν
1313 2230 1366 2285 ἐν
1416 2230 1598 2302 τούτῳ
1641 2231 1857 2304 ἱερουρο

237 2330 326 2400 γεῖ,
374 2327 498 2399 μετὰ
551 2325 683 2397 μίαν
730 2324 823 2378 καὶ
873 2319 1122 2398 δευτέραν
1172 2321 1261 2375 καὶ
1311 2319 1500 2395 τρίτην
1546 2317 1860 2394 παραίνεσιν

238 2416 313 2470 καὶ
363 2415 701 2490 παράκλησιν
771 2413 860 2468 ἐπὶ
923 2415 1025 2483 τήν
1097 2411 1362 2488 προτέραν
1447 2411 1720 2484 ὁμόνοιαν,
1779 2404 1859 2466 ἔτι

238 2507 405 2580 γνώμῃ
461 2505 760 2580 χρώμενος
816 2502 1152 2574 αὖθεκάστῳ,
1185 2501 1350 2563 αὐτὸς
1411 2501 1509 2574 μὲν
1557 2500 1632 2561 ὡς
1662 2499 1860 2578 φίλαρ-

239 2615 346 2668 χος,
388 2594 472 2649 καὶ
529 2593 846 2669 τυραννικὸν
918 2587 1079 2670 ἔργον
1153 2587 1619 2662 ἐπιδεικνύμενος,
1677 2589 1864 2643 καθαι-

243 2685 428 2756 ρείσθω.
467 2684 530 2737 O't
583 2680 644 2738 δὲ
701 2681 1136 2759 συναπαχθέντες
1194 2680 1364 2750 αὐτῷ,
1423 2679 1514 2733 καὶ
1573 2675 1866 2748 συνεκκληο

244 2774 505 2842 σιάζοντες,
564 2772 613 2827 εἰ
673 2772 768 2844 μὲν
825 2769 1084 2846 κληρικοῖ
1143 2770 1272 2839 εἶεν,
1321 2771 1408 2825 καὶ
1467 2769 1621 2824 αὐτοὶ
1679 2771 1869 2824 καθαι-

249 2863 535 2935 ρείσθωσαν,
567 2862 614 2917 εἰ
679 2857 737 2917 δὶ
794 2859 1001 2933 λαϊκοὶ,
1053 2860 1348 2940 ἀφορισμῷ
1405 2853 1868 2931 ὑποϐεϐλήσθων.

302 3061 565 3137 Ἐναργῶς
650 3056 836 3115 τοίνυν
905 3055 966 3114 ἐκ
1036 3057 1236 3114 τούτου
1320 3056 1672 3132 παρίσταται,
1742 3051 1874 3129 μηδ’

245 3150 501 3220 ἡντιναοῦν
550 3145 746 3226 ὅφλειν
799 3148 1048 3219 εὐθύνην,
1093 3149 1222 3209 τοὺς
1280 3153 1390 3204 τῶν
1453 3144 1606 3202 ἰδίων
1662 3145 1881 3201 ἐπισκό-

1961 1970 2163 2021 contra
2192 1964 2466 2036 pietatem
2487 1973 2839 2036 peccantem,
2864 1983 3044 2038 neque
3063 1969 3420 2042 improbitati
3442 1973 3610 2028 indul

1963 2057 2216 2126 gentem,
2274 2054 2376 2109 sed
2430 2070 2462 2110 e
2518 2059 2722 2110 contra
2779 2058 2966 2125 quoad
3044 2059 3310 2116 homines
3375 2063 3606 2134 justum

1965 2141 2246 2214 piumque
2293 2158 2431 2214 erga
2479 2142 2683 2212 Deum,
2733 2144 3048 2202 ambitione
3104 2153 3296 2205 tactus
3347 2151 3610 2222 privatim

1968 2233 2150 2290 altare
2199 2233 2407 2301 fixerit,
2447 2238 2504 2289 et
2555 2241 2874 2292 conventus
2913 2237 3192 2310 colligens
3237 2259 3417 2314 super
3465 2242 3611 2300 illud

1967 2323 2238 2390 celebret,
2271 2328 2445 2394 atque
2493 2328 2626 2394 post
2673 2341 2851 2380 unam
2883 2341 2950 2381 ae
2979 2328 3244 2394 alteram,
3277 2339 3450 2403 atque
3478 2333 3617 2388 dein

1971 2415 2201 2468 tertiam
2225 2412 2683 2468 admonitionem
2706 2419 2764 2468 et
2783 2414 3240 2474 cohertationem
3268 2423 3336 2474 ad
3363 2423 3615 2492 priorem

1971 2501 2461 2570 eonformitatem,
2501 2500 2560 2555 in
2592 2503 2883 2557 sententia
2930 2521 3037 2559 sua
3075 2507 3364 2564 obstinate
3414 2525 3619 2581 perse-

1975 2597 2152 2658 veret,
2181 2595 2464 2662 tanquam
2497 2591 2849 2648 ambitiosus
2869 2599 2926 2649 et
2947 2595 3218 2652 allectum
3243 2599 3613 2670 tyrannicum

1977 2681 2251 2753 prodens,
2310 2679 2650 2752 deponatur.
2719 2682 2829 2745 Qui
2893 2688 3086 2739 autem
3156 2688 3515 2743 conveniunt
3561 2695 3620 2743 et

1979 2775 2404 2840 congregantur
2444 2770 2513 2825 ad
2545 2769 2736 2837 illum,
2769 2771 2818 2825 si
2851 2771 3044 2828 clerici
3077 2772 3311 2844 fuerint,
3343 2777 3516 2832 etiam
3563 2782 3623 2834 et

1979 2860 2066 2915 illi
2088 2860 2290 2916 ordine
2310 2865 2742 2928 semoveantur,
2764 2861 2855 2917 sin
2885 2866 3080 2920 autem
3112 2865 3264 2933 laici,
3291 2883 3624 2926 excommu-

1983 2947 2274 3004 nicentur.

2057 3054 2276 3112 Exinde
2305 3059 2500 3112 autem
2531 3057 2904 3115 manifestum
2929 3059 3072 3116 nihil
3095 3060 3376 3133 impedire
3396 3065 3627 3138 quomi-

1989 3163 2101 3202 nus
2123 3162 2159 3200 a
2177 3145 2302 3202 suis
2323 3145 2612 3218 episc0pis
2636 3146 2853 3204 faciant
2880 3149 3146 3221 divortia,
3165 3157 3223 3208 et
3236 3156 3505 3211 secedant
3524 3155 3630 3212 cle-

244 3261 342 3295 πων
383 3239 884 3314 ἆποσχιζομένους,
933 3237 1022 3294 καὶ
1082 3239 1490 3313 ἁποφοιτῶντας
1535 3234 1866 3311 κληρικοὺς,

1991 3235 2114 3304 rici,
2148 3235 2198 3292 si
2228 3236 2389 3307 ipsos
2419 3241 2696 3306 tanquam
2730 3238 3025 3310 improbos
3053 3250 3151 3297 aut
3180 3242 3430 3313 injustas
3460 3261 3626 3304 coar-

245 3329 729 3406 καταγινώσκοντας
807 3327 884 3390 ὡς
977 3321 1316 3382 ἀσεϐούντων
1401 3325 1438 3396 ἢ
1513 3323 1870 3383 ἀδικούντων.

248 3420 312 3474 Δι’
333 3419 505 3495 ἓτερον
557 3418 746 3493 μέντοι
776 3437 841 3494 γε
885 3415 1112 3491 τρόπον,
1141 3414 1238 3471 κᾶν
1297 3415 1364 3470 τά
1409 3417 1658 3490 χείριστα
1707 3413 1871 3491 λέγη-

251 3527 321 3562 ται
359 3507 475 3582 περί
525 3507 832 3564 ἐπισκόπου
878 3505 914 3574 ἢ
964 3499 1353 3579 πρεσϐυτέρου,
1399 3504 1462 3559 ού
1513 3501 1718 3560 δίκαιον
1773 3511 1872 3572 τῆς

251 3595 428 3653 ἐκείνου
482 3595 779 3658 κοινωνίας
833 3593 1176 3672 ἀφίστασθαι,
1227 3592 1354 3666 πρὶν
1406 3592 1466 3648 ἃν
1526 3595 1562 3663 ἡ
1625 3591 1696 3648 δι’
1725 3593 1875 3665 ἀκρι-

254 3679 361 3746 ϐοῦς
413 3685 700 3756 ἐξετάσεως
761 3682 938 3758 κρίσις
993 3685 1186 3737 τοῦτον
1242 3679 1472 3755 καθέλῃ.
1503 3679 1576 3736 Ού
1625 3681 1730 3758 γὰρ
1769 3684 1878 3736 τῶν

255 3774 517 3848 ἀνθρώπων
573 3777 610 3844 ἡ
673 3773 860 3848 χάρις,
903 3771 1050 3827 ἀλλὰ
1105 3775 1203 3826 τοῦ
1259 3769 1418 3843 ἁγίου
1475 3769 1808 3843 Πνεύματος,
1849 3769 1878 3824 ὃ

256 3863 331 3916 καὶ
383 3861 466 3918 διὰ
522 3868 632 3918 τῶν
688 3860 921 3935 ἀναξίων
979 3859 1224 3936 πορίζειν
1283 3860 1486 3930 ταύτην
1535 3859 1716 3914 εἰώθει
1761 3863 1878 3920 τοῖς

261 3952 527 4024 θερμότητι
585 3953 825 4012 πίστεως
882 3953 1191 4022 προσιοῦσι.
1249 3949 1454 4010 Πάντας
1507 3949 1633 4024 γὰρ,
1692 3947 1881 4026 φησὶν,

264 4043 422 4104 ὂΘεὸς
454 4043 519 4099 οὐ
551 4045 888 4121 χειροτονεῖ,
921 4037 1012 4095 διὰ
1044 4040 1260 4096 πάντων
1295 4037 1354 4094 δὲ.
1382 4037 1606 4115 ἐνεργεῖ.

319 4134 383 4186 Τά
427 4133 563 4189 αύτά
607 4133 704 4188 καὶ
755 4132 784 4186 ὁ
819 4137 920 4201 τῆς
951 4129 1003 4186 ἐν
1033 4129 1344 4206 Ἀντιοχείᾳ
1372 4133 1412 4186 ε’
1445 4127 1685 4202 διέξεισι,
1716 4150 1886 4208 προσ-

267 4221 358 4284 θείς
409 4223 506 4292 ὡς,
564 4219 612 4276 εἰ
675 4219 812 4292 μετά
876 4219 974 4287 τήν
1029 4217 1340 4292 καθαίρεσιν
1397 4213 1643 4291 θορυϐῶν
1702 4217 1889 4292 ἐπιμέ-

268 4330 347 4380 νει,
373 4310 456 4366 καί
519 4311 622 4380 τήν
654 4306 982 4378 Ἐκκλησίαν
1036 4305 1374 4378 ἀναστατῶν,
1407 4305 1497 4362 διὰ
1549 4313 1650 4376 τῆς
1701 4304 1892 4377 ἔξωθεν

270 4400 342 4450 ui
381 4395 676 4467 πολιτικῆς
726 4393 968 4466 ἐξουσίας
1029 4395 1469 4472 σωφρονιζέσθω,
1492 4391 1546 4448 εἷ’
1579 4414 1698 4456 πως
1727 4394 1895 4466 ταύτῃ

271 4487 374 4560 γοῦν
429 4488 564 4560 πρὸς
652 4486 937 4558 μετάνοιαν
993 4481 1388 4558 ἐπιστρέψειεν.
1449 4484 1738 4555 Ἐπιτιμᾷν
1794 4481 1894 4550 τὴν

278 4574 414 4645 μόνον
461 4574 672 4654 ἐφεῖται
719 4579 836 4636 τοῖς
879 4570 1222 4642 ἇπισκόποις,
1253 4569 1382 4627 ἀλλ’
1412 4571 1547 4647 οὐχὶ
1601 4571 1691 4627 καί
1725 4592 1897 4645 τιμω-

279 4667 452 4735 ρεῖσθαι
504 4666 636 4727 τοὺς
695 4664 1024 4724 πταίοντας’
1089 4662 1167 4735 μὴ
1239 4662 1596 4736 πειθομένους
1669 4659 1726 4716 δὲ
1779 4664 1896 4722 τοῖς

281 4751 479 4828 ἄρχουσι
507 4755 649 4830 πρὸς
685 4752 1066 4832 σωφρονισμὸν
1094 4747 1391 4810 ἐκδιδόναι.

338 4845 477 4914 κήτει
532 4845 626 4899 καὶ
684 4843 780 4900 τὸν
840 4839 924 4896 λα’
952 4842 1042 4896 καὶ
1099 4841 1194 4895 τὸν
1245 4841 1324 4895 νθ¹
1373 4846 1475 4911 τῆς
1516 4841 1557 4902 ς’
1587 4836 1816 4895 συνόδου
1846 4837 1900 4895 ἰν

285 4938 346 5005 τῷ
365 4937 404 4990 α’
423 4958 538 5016 κερ.
563 4939 668 4992 τοῦ
701 4940 740 4989 Β
771 4933 1078 5012 στυιχείου.

342 5064 391 5113 Ὁ
416 5059 469 5118 δὲ
499 5063 570 5138 ιβ’
597 5059 786 5117 κανὼν
815 5065 915 5130 τῆς
946 5057 1254 5136 λεγομένης
1280 5058 1507 5133 πρώτης
1535 5058 1627 5113 καὶ
1658 5055 1908 5133 δευτέρας

295 5147 504 5222 σδνόόου,
529 5155 619 5223 Τῷ
680 5149 788 5220 λα’,
821 5150 977 5222 φησί,
1004 5155 1105 5218 τῆς
1169 5148 1207 5212 ς’
1261 5143 1492 5202 συνόδου
1539 5147 1726 5203 κανόνι
1764 5147 1908 5222 γινό·

298 5257 418 5307 μενοι
465 5240 781 5318 σύμψηφοι,
829 5235 1405 5312 ἀποκεκληρωμένους
1452 5237 1615 5306 εἶναι,
1643 5236 1734 5291 καὶ
1783 5235 1910 5291 ἐπι-

296 5331 660 5402 τετραμμένους
732 5325 1028 5402 κελεύομεν
1107 5327 1247 5402 πρὸς
1321 5329 1418 5382 τοῦ
1502 5327 1636 5382 κατὰ
1721 5326 1907 5402 χώραν

301 5413 583 5489 ἐπισκόπου,
629 5419 762 5480 τοὺς
813 5416 866 5472 ἒν
917 5415 1224 5491 εὐκτηρίοις
1277 5414 1472 5485 οἴκοις,
1530 5410 1680 5470 ἔνδον
1737 5413 1912 5475 οἰκίας

303 5502 418 5575 οὖσι,
461 5507 906 5584 λειτουργοῦντας
947 5505 1142 5580 ἱερέας.
1193 5505 1260 5563 Εἰ
1305 5503 1362 5560 δέ
1408 5525 1546 5568 τινες
1586 5505 1734 5580 παρὰ
1785 5502 1913 5560 τού-

304 5612 405 5655 τως
453 5595 572 5652 ἄνευ
626 5602 863 5674 γνώμης
918 5599 1018 5651 τοῦ
1073 5592 1372 5650 ἐπισκόπου
1431 5595 1509 5658 εἰς
1579 5595 1678 5656 τὰς
1735 5590 1914 5656 οἰκίας

307 5679 633 5759 ἰμτίπτοντες
687 5681 918 5765 ἅψασθαι
979 5684 1318 5761 λειτουργίαν
1374 5685 1735 5761 τολμήσαιεν,
1781 5682 1918 5739 ἐκείς

1984 3332 2163 3398 guunt
2191 3331 2249 3382 et
2279 3327 2576 3382 damnent.
2610 3325 2859 3399 Alioqui,
2888 3331 3155 3400 quamvis
3203 3334 3459 3402 pessima
3503 3352 3628 3407 per-

1982 3415 2294 3472 hibeantur
2340 3417 2410 3470 de
2461 3416 2734 3488 episcopo
2765 3424 2822 3472 et
2853 3419 3208 3491 presbytero,
3244 3439 3359 3479 non
3407 3424 3544 3480 licet
3596 3442 3631 3481 a

1985 3504 2404 3562 communione
2437 3504 2626 3576 ipsius
2656 3505 2946 3576 secedere,
2995 3515 3308 3580 antequam
3341 3513 3636 3582 judicium

1987 3599 2117 3666 post
2129 3600 2464 3650 accuratam
2480 3595 2968 3652 examinationem
2982 3597 2992 3650 l
3004 3603 3167 3654 atnm
3183 3599 3362 3656 istum
3377 3617 3634 3659 semove-

1987 3683 2080 3738 rit.
2111 3687 2235 3738 Non
2267 3683 2424 3739 enim
2456 3683 2760 3740 hominum
2804 3701 2869 3741 ea
2897 3686 3092 3758 gratia
3119 3696 3226 3757 est,
3248 3689 3354 3746 sed
3381 3690 3632 3762 Spiritus

1988 3771 2198 3839 sancti,
2231 3772 2331 3844 qui
2365 3789 2467 3844 pro
2507 3773 2732 3829 meritis
2761 3790 2890 3830 eam
2922 3776 3070 3833 solet
3097 3777 3236 3834 viris
3266 3779 3469 3836 ardore
3495 3782 3632 3838 ﬁdei

1991 3861 2458 3934 praecellentibus
2489 3862 2769 3918 conferre.
2799 3863 3016 3921 Omnes
3044 3865 3224 3928 enim.
3257 3867 3466 3940 inquit,
3489 3872 3638 3940 (sci-

1987 3951 2125 4008 licet
2152 3951 2219 4008 D.
2261 3952 2733 4024 Chrysestomus)
2763 3969 2878 4009 non
2918 3955 3151 4013 ordinat
3185 3959 3352 4025 Deus,
3399 3960 3501 4016 sed
3534 3979 3637 4032 per

1994 4057 2200 4097 omnes
2227 4045 2527 4110 operatur.

2071 4127 2284 4186 Eadem
2315 4130 2490 4185 etiam
2513 4136 2818 4201 percenset
2837 4132 3067 4188 concilii
3087 4134 3432 4194 Antiocheni
3455 4154 3643 4196 canon

1997 4219 2256 4291 quintus,
2287 4225 2467 4290 atque
2495 4219 2660 4274 addit
2697 4233 2713 4275 :
2772 4222 2846 4275 At
2887 4237 3042 4289 vero,
3092 4223 3142 4280 si
3190 4231 3320 4297 post
3363 4227 3646 4300 depositi-

1999 4325 2171 4365 onem
2189 4307 2579 4380 permanserit
2601 4309 2802 4365 turbas
2823 4313 2878 4365 et
2901 4312 3249 4370 seditionem
3269 4331 3644 4374 commovens

2003 4398 2061 4452 in
2093 4395 2371 4463 Ecclesia,
2416 4413 2518 4468 per
2544 4402 2845 4455 externam
2873 4415 2940 4455 ac
2972 4401 3264 4471 politicam
3309 4411 3648 4476 potestatem

2001 4487 2336 4558 castigatur,
2373 4487 2421 4542 si
2455 4486 2602 4542 forte
2631 4485 2796 4542 illum
2843 4488 2914 4543 ad
2964 4491 3364 4560 paenitentiam
3411 4511 3646 4552 conver-

1929 4623 1976 4684 υ
2006 4582 2128 4677 tere
2155 4577 2611 4684 queat.‘Q|uippe
2639 4577 2981 4634 conceditur
3024 4581 3318 4656 episcopis
3367 4585 3651 4642 duntaxat

2011 4666 2308 4736 increpare
2339 4665 2770 4737 delinquentes,
2803 4682 2918 4724 non
2948 4669 3120 4725 etiam
3140 4672 3365 4742 punire,
3389 4675 3490 4730 sed
3517 4691 3649 4730 vero

2010 4754 2416 4810 inobedientes
2448 4754 2812 4826 magistratui
2846 4757 3216 4830 castigandos
3249 4764 3490 4819 tradere.

2014 4932 2034 4988 1
2083 4849 2296 4988 Qum;
2315 4851 2373 4901 et
2401 4861 2530 4902 can.
2562 4844 2626 4902 3t
2659 4851 2717 4902 et
2744 4847 2816 4902 59
2864 4849 3068 4921 synodi
3117 4857 3293 4909 sexta
3337 4853 3396 4909 in
3447 4870 3575 4926 cap.
3625 4857 3649 4910 1

2041 4933 2224 4988 itterze
2306 4974 2319 4988 .

2041 4933 2224 4990 itteras
2253 4933 2319 4988 Β.

2087 5059 2241 5117 283
2289 5060 2488 5116 Canon
2538 5065 2733 5118 autem
2777 5062 2844 5117 12
2891 5064 3146 5132 concilii,
3197 5067 3353 5137 quod
3404 5069 3652 5140 primum

2017 5166 2083 5205 ac
2113 5149 2439 5206 secundum
2471 5150 2817 5222 appellatur,
2859 5153 3095 5221 Canoni,
3142 5154 3353 5227 inquit,
3402 5158 3467 5212 31
3517 5174 3655 5213 con-

2018 5239 2138 5298 cilii
2178 5241 2323 5297 sexti
2373 5240 2825 5309 consentientes,
2865 5242 3139 5301 clericatu
3190 5246 3508 5318 privandos
3555 5251 3663 5306 de-

2021 5329 2338 5398 cernimus,
2397 5335 2454 5386 et
2507 5331 2779 5402 episcopo
2837 5331 3004 5389 istius
3081 5334 3190 5390 loci
3259 5336 3662 5406 subjiciendus

2021 5419 2369 5485 sacerdotes,
2401 5418 2502 5490 qui
2552 5420 2612 5474 in
2643 5419 2933 5486 oratoriis;
2982 5438 3109 5492 qua:
3153 5423 3306 5479 intra
3343 5425 3497 5483 ades
3545 5430 3662 5500 pri-

2023 5513 2188 5564 vatas
2235 5507 2548 5576 habentur,
2579 5524 2744 5564 sacra
2781 5508 3094 5566 celebrant.
3146 5513 3490 5588 Quicunque
3531 5535 3666 5574 νει-υ

2026 5603 2234 5669 praeter
2261 5598 2457 5668 hosce,
2497 5598 2644 5655 citra
2693 5599 2945 5671 episcopi
2996 5605 3352 5662 sententiam
3397 5607 3458 5663 in
3508 5609 3664 5664 aedes

2025 5687 2415 5762 ingredientes
2497 5689 2624 5746 ausi
2699 5689 2914 5746 fuerint
2986 5708 3154 5753 sacra
3225 5695 3437 5772 facere,
3512 5699 3667 5772 ipsos
