4080 6224
375 359 491 420 135

1655 356 2020 419 ΜΑΤΤΗᾸΞῘ
2064 353 2502 416 BLASTARIS

3660 365 3776 428 I36

371 488 610 561 quidem
695 489 929 562 deponi,
1011 489 1512 548 communicantes
1597 506 1728 548 vero
1813 505 2008 564 segre-

2124 507 2248 548 νους
2315 487 2410 558 μὲν
2486 487 2882 561 καθαιρεῖσθαι,
2939 488 3067 552 τοὺς
3139 487 3198 546 δὲ
3273 500 3775 568 συγκοινωνοῦντας

373 595 524 651 gari.

441 669 638 725 Canon
667 684 800 724 vero
832 669 918 736 13,
947 667 1017 724 Ut
1044 667 1196 726 here
1224 668 1472 726 tieorum
1511 664 1860 726 ziza'niorum
1885 683 2020 740 ger-

374 757 556 826 mina,
605 757 820 829 inquit,
869 773 1008 814 ense
1057 759 1244 814 sancti
1291 759 1540 832 Spiritus
1594 759 1877 816 radicitus
1919 773 2014 814 ex-

369 847 800 916 scindebantur,
851 847 934 902 ita
973 846 1478 904 schismaticorum
1528 848 1850 915 insaniam,
1889 863 2018 919 qua:

369 952 482 1006 pus
503 935 714 990 Christi
735 935 990 991 dividere
1011 936 1226 1004 studet,
1252 939 1480 992 nosmet
1497 936 1882 1008 reprimentes
1903 940 2021 992 sta-

367 1025 612 1092 tuimus,
663 1025 816 1096 quod
858 1025 906 1080 si
949 1023 1081 1095 quis
1112 1025 1406 1097 presbyter
1451 1029 1552 1080 aut
1601 1025 1886 1081 diaconus
1943 1025 2016 1081 ob

370 1113 619 1170 crimina
666 1114 956 1185 quaedam,
989 1129 1120 1184 quae
1171 1114 1244 1169 ad
1275 1114 1536 1170 carnales
1586 1115 1828 1170 allectus
1881 1130 2016 1185 per-

367 1203 580 1270 tinent,
611 1219 788 1258 suum
813 1203 1148 1274 episcopum
1184 1202 1492 1270 damnans,
1526 1203 1624 1274 qui
1674 1219 1809 1258 cum
1852 1192 2016 1259 omni

368 1293 580 1362 pietate
628 1308 696 1349 ac
737 1293 1071 1348 innocentia
1113 1291 1332 1359 vixerit,
1365 1291 1584 1348 directo
1626 1296 1828 1348 contra
1869 1309 2014 1362 apo-

367 1381 572 1438 stolico
621 1398 687 1438 ac
733 1397 894 1437 sacro
943 1396 1162 1437 canone
1215 1380 1548 1446 definitum,
1611 1397 1792 1438 ausus
1839 1380 2014 1436 fuerit

364 1491 398 1528 a
453 1471 865 1527 communione
917 1471 1042 1540 ejus
1101 1470 1388 1535 secedere,
1439 1475 1572 1525 ante
1625 1470 2009 1542 cognitionem

368 1559 736 1632 synodicam,
762 1560 1004 1629 ejusque
1035 1573 1272 1624 nomen,
1305 1559 1538 1630 quando
1569 1575 1733 1614 sacra
1765 1558 2008 1631 peragit,

367 1667 484 1705 non
533 1648 761 1708 referat,
831 1647 987 1703 hunc
1042 1647 1394 1718 depositioni
1447 1647 1663 1718 subjici
1723 1646 2010 1716 volumus,

367 1743 424 1796 et
452 1737 614 1794 omni
643 1735 984 1794 sacerdotali
1019 1735 1238 1793 honore
1277 1735 1511 1808 privari.
1549 1736 1824 1794 lllicitum
1853 1737 2010 1794 enim

363 1832 459 1885 est
487 1843 618 1884 eum
651 1825 753 1898 qui
781 1825 1073 1896 judicium
1126 1825 1698 1894 metrOpolitanorum
1733 1826 2008 1900 praeripit,

367 1921 502 1974 ante
525 1916 839 1988 judicium,
863 1923 1146 1986 quantum
1203 1917 1274 1969 ad
1308 1913 1474 1970 illum
1526 1921 1774 1986 spectat,
1806 1916 2009 1972 adrer-

367 2023 471 2063 sus
529 2012 748 2078 patrem
808 2020 984 2060 suum
1065 2009 1236 2076 atque
1292 2004 1630 2076 episcopum
1681 2005 2010 2062 decernere.

367 2096 476 2154 Sed
510 2100 568 2150 et
595 2094 698 2166 qui
727 2111 860 2150 eum
895 2097 1238 2165 sequuntur,
1271 2095 1318 2148 si
1369 2093 1562 2148 clerici
1619 2093 1850 2162 luerint,
1881 2111 2013 2150 eas-

370 2186 502 2240 dem
551 2199 752 2256 pmnas
799 2183 1012 2250 subire,
1061 2183 1154 2237 siu
1193 2198 1328 2238 vero
1371 2181 1664 2250 monachi,
1713 2187 1814 2238 aut
1857 2182 2011 2252 laici,

376 2291 491 2331 non
523 2279 750 2329 tantum
787 2272 1199 2328 communione
1231 2271 1461 2342 privari,
1495 2272 1600 2328 sed
1629 2273 1798 2328 etiam
1831 2273 2014 2328 eccle-

376 2365 460 2420 sia
513 2364 746 2434 penitus
803 2361 1030 2434 expelli,
1079 2363 1262 2417 donec
1329 2362 1820 2432 conspirationem
1878 2379 2012 2418 cum

375 2451 768 2512 schismaticis
797 2455 1160 2522 respuentes,
1201 2444 1272 2506 ad
1323 2450 1624 2521 proprium
1673 2450 2011 2522 episcopum

373 2545 584 2601 reversi
615 2543 850 2599 fuerint.

2041 1879 2098 1946 B

2127 574 2312 636 αὐτοῖς
2347 573 2714 652 ἀφορίζεσθαι.

2197 666 2260 722 Ὁ
2319 661 2374 718 δὲ
2433 665 2518 738 ιγ’,
2549 666 2748 740 ’Ὡσαερ
2797 666 2852 720 αἱ
2897 671 3006 722 τῶν
3057 671 3346 745 αἱρετικῶν
3402 674 3652 744 ζιζανίων
3683 676 3774 732 ἐκ-

2126 752 2332 830 φύσεις,
2381 753 2534 832 φησί,
2587 757 2658 826 τῇ
2723 755 2973 830 μαχαίρᾳ
3045 762 3142 812 τοῦ
3227 761 3541 835 Πνεύματος
3597 764 3773 838 ῥίζαις

2125 839 2316 904 αὑταῖς
2365 839 2716 912 ἐξεκόπησαν,
2749 843 2892 898 οὕτω
2945 845 3041 900 καὶ
3073 847 3172 916 τὴν
3228 853 3338 904 τῶν
3391 857 3770 926 σχισματικῶν

2131 929 2344 1002 μανίαν,
2374 931 2438 984 τὸ
2487 934 2586 986 τοῦ
2643 936 2876 1006 Χριστοῦ
2938 938 3102 1010 σῶμα
3161 937 3398 1011 μερίζειν
3453 939 3774 1016 ἐπιχειροῦ-
3821 1014 3824 1018 ,

2127 1038 2244 1089 σαν,
2302 1019 2466 1091 ἡμεῖς
2532 1018 2983 1093 ἀναστέλλοντες,
3041 1025 3360 1101 ὁριζὸμιθα,
3420 1029 3514 1098 ὡς,
3575 1029 3630 1086 εἷ’
3685 1053 3775 1095 τις

2123 1103 2511 1196 πρεσβύτερος,
2543 1108 2578 1178 ἢ
2634 1106 2910 1178 διάκονος,
2951 1112 3039 1168 ἐπί
3093 1135 3205 1170 τισι
3261 1113 3423 1186 δῆθεν
3479 1118 3772 1196 ἐγκλήμα-

2124 1215 2226 1262 σιν,
2267 1195 2301 1253 ’ἆ
2343 1199 2452 1249 τῶν
2504 1202 2776 1272 σαρκικῶν
2843 1198 3068 1270 ἐξῆπται
3143 1206 3354 1276 παθῶν,
3410 1195 3527 1262 τοῦθ
3567 1209 3772 1264 οἰκείου

2119 1283 2471 1357 κατεγνωκὼς
2517 1282 2844 1359 ἐπισκόπου,
2889 1289 3068 1362 πάσης
3117 1289 3430 1357 δυσσεϐείας
3494 1297 3587 1351 κάὶ
3653 1296 3772 1352 ἀδίο

2119 1395 2219 1463 κου
2250 1377 2496 1463 πράξεως
2525 1373 2758 1454 ἔχοντος
2813 1381 2906 1436 τὸν
2969 1382 3088 1457 βίον
3117 1384 3178 1440 ἐκ
3206 1382 3526 1461 διαμέτρου,
3557 1389 3634 1453 ὡς
3693 1395 3774 1463 τῷ

2119 1460 2474 1534 ἀποστολικῷ
2531 1464 2621 1518 καὶ
2681 1465 2809 1540 θείῳ
2865 1470 3048 1526 κανόνι
3095 1460 3432 1544 διείληπται,
3465 1460 3770 1548 ιίιποστῆνανι

2117 1556 2220 1619 τῆς
2277 1551 2444 1606 αὐτοῦ
2500 1555 2788 1618 κοινωνίας
2815 1555 3116 1631 τολμήσειε
3162 1563 3268 1636 πρὸ
3309 1561 3602 1636 συνοδικῆς
3652 1563 3771 1622 δια-

2122 1640 2392 1713 γνώσεως,
2423 1642 2512 1696 καὶ
2560 1639 2721 1699 τοῦδε
2779 1648 2842 1701 τὸ
2900 1643 3075 1721 ὄνομα
3125 1651 3226 1721 τήν
3298 1651 3440 1708 θείαν
3499 1654 3770 1712 ἐπιτελῶν

2126 1726 2514 1803 ἱεροτελεστίαν
2577 1733 2653 1806 μή
2715 1733 2987 1812 ἀναφέροι,
3018 1741 3213 1794 τοῦτον
3272 1739 3588 1798 ὑποκεῖσθαι
3632 1747 3772 1800 καθ-

2129 1819 2328 1893 αιρέσει
2383 1815 2701 1892 κελεύομεν,
2758 1823 2848 1878 καὶ
2921 1827 3099 1898 πάσης
3185 1829 3460 1903 ἱερατικῆς
3537 1833 3772 1890 ἀποστε-

2131 1908 2336 1982 ρεῖσθαι
2363 1913 2554 1981 τιμῆς.
2589 1910 2879 1989 ’Δθέμιτον
2907 1915 3008 1990 γὰρ
3050 1918 3150 1985 τὴν
3195 1923 3304 1974 τῶν
3341 1921 3770 1997 μητροπολιτῶν

2121 2006 2296 2083 κρίσιν
2351 2009 2685 2084 ἁρπάζοντα,
2723 2006 2830 2082 πρὸ
2887 2007 3142 2081 κρίσεως,
3173 2006 3300 2062 ὅσον
3357 2011 3421 2064 τὸ
3478 2007 3562 2067 ἐπ’
3602 2011 3772 2084 αὐτῷ,

2119 2100 2218 2150 τοῦ
2267 2097 2470 2153 οἰκείου
2521 2098 2723 2172 πατρὸς
2782 2095 2872 2150 καὶ
2941 2094 3236 2151 ἐπισκόπου
3283 2100 3770 2176 καταψηφίζεσθαι.

2121 2185 2296 2242 ’Δλλά
2323 2189 2415 2243 καὶ
2447 2188 2575 2251 τοὺς
2620 2187 2920 2260 ἐπομένους
2969 2186 3140 2258 αὐτῷ,
3171 2185 3474 2262 κληρικὸὺς
3509 2192 3605 2263 μὲν
3642 2212 3773 2264 τυγο

2124 2275 2414 2352 χάνοντας,
2452 2285 2568 2340 τοῖς
2609 2277 2792 2337 αὐτοῖς
2838 2274 3138 2348 ἐπιτιμίοις
3177 2273 3584 2334 ὑποϐάλλεσθαι
3610 2298 3623 2310 ⁸
3675 2303 3772 2353 μο-

2122 2370 2329 2438 ναχοὸς
2360 2363 2440 2435 δὲ,
2471 2367 2507 2436 ἢ
2540 2365 2791 2434 λαϊκοὺς,
2826 2367 2903 2439 μή
2953 2363 3034 2418 ὅτι
3083 2371 3182 2434 τῆς
3229 2367 3380 2440 ἱερᾶς
3423 2367 3770 2446 ἀφορίζεσθαι

2122 2455 2434 2524 κοινωνίας,
2493 2454 2640 2510 ἀλλά
2710 2455 2801 2510 καὶ
2877 2457 2978 2520 τῆς
3060 2453 3352 2524 ἐκκλησίας
3435 2458 3773 2512 παντάπασιν

2123 2538 2454 2613 ἐξωθεῖσθαι,
2491 2545 2688 2618 μὲχρις
2743 2541 2802 2596 ἂν
2854 2544 2956 2612 τὴν
3016 2543 3150 2616 πρὸς
3197 2543 3324 2606 τοὺς
3367 2545 3770 2620 σχιαματικοὺς

371 2633 652 2713 συνάφειαν
683 2629 1089 2701 διαπτὺσαντες,
1120 2631 1255 2701 πρὸς
1283 2629 1373 2683 τὸν
1403 2627 1600 2683 οἰκεῖον
1634 2627 2034 2706 ἐπιστραφῶσιν
2061 2626 2375 2690 ἐπίσκοπον.

439 2725 631 2782 Canon
665 2739 832 2794 porro
869 2723 932 2776 lt
961 2721 1375 2794 depositionem
1408 2720 1582 2774 ctiam
1617 2720 1871 2792 episcOpi
1911 2721 2014 2776 de-

367 2818 572 2878 cernit.
607 2817 653 2870 si
685 2833 717 2872 a
743 2814 1154 2871 communione
1199 2811 1294 2868 sui
1321 2810 1754 2883 metrOpolitani
1786 2811 2016 2867 defece-

367 2907 466 2973 rit,
511 2911 613 2962 aut
661 2903 1011 2961 recusaverit
1057 2902 1118 2958 in
1167 2900 1358 2958 ofﬁcio
1409 2916 1575 2958 sacro
1626 2917 1837 2958 nomen
1886 2901 2016 2970 ejus

367 2995 600 3052 referre.

435 3085 582 3141 Tum
614 3100 796 3140 canon
832 3084 900 3138 15
930 3082 1087 3156 paris
1125 3080 1390 3137 criminis
1437 3080 1631 3153 arguit
1677 3080 1851 3136 etiam
1897 3095 2013 3136 me-

2197 2723 2258 2778 ‘O
2319 2721 2376 2777 δὲ
2438 2719 2502 2777 ιδ’
2532 2721 2834 2798 καθαίρεσιν
2894 2723 2983 2778 καὶ
3035 2727 3133 2778 τοῦ
3191 2722 3490 2779 ἐπισκόπου
3522 2727 3767 2800 καταψη-

2125 2809 2356 2886 φίζεται,
2389 2811 2435 2868 εἰ
2465 2819 2566 2882 τῆς
2595 2812 2883 2875 κοινωνίας
2915 2816 3012 2868 τοῦ
3059 2811 3198 2868 ἰδίου
3249 2811 3610 2888 ἀποσχισθείη
3657 2837 3768 2889 μη-

2123 2900 2477 2974 τροπολίτου,
2513 2899 2653 2974 μηδὲ
2701 2902 2976 2979 ἀναφέρειν
3026 2901 3285 2977 ἀνέχοιτο
3336 2901 3388 2957 ἐν
3434 2909 3552 2964 ταῖς
3591 2904 3765 2977 ἱεραῖς

2121 2988 2366 3052 τελεταῖς
2395 2992 2458 3046 τὸ
2498 2992 2667 3046 αὐτοῦ
2698 2990 2891 3065 ὄνομα.

2195 3085 2252 3136 '0
2309 3077 2367 3136 δὲ
2427 3087 2482 3135 ιε’
2510 3084 2618 3136 τῶν
2671 3079 2846 3136 αὐτῶν
2904 3081 3138 3136 εὐθυνῶν
3166 3081 3257 3137 καὶ
3303 3087 3422 3147 τοῖς
3477 3103 3765 3158 μητροπο-

361 3175 664 3246 tropolitas
695 3173 857 3244 quia
887 3149 994 3228 suo
1049 3170 1378 3244 patriarcha
1426 3149 1731 3226 recedunt.
1771 3169 2008 3227 Verum-

2124 3167 2299 3230 λίταις
2344 3173 2590 3242 τιμᾶται,
2620 3174 2736 3232 τοῖς
2787 3169 3253 3244 ἀποσχιζομένοις
3304 3174 3402 3226 τοῦ
3461 3175 3606 3251 σφῶν
3650 3193 3762 3228 πα-

359 3269 580 3327 tamen,
632 3263 680 3318 si
723 3261 1055 3335 patriarcha
1101 3261 1422 3316 fortassean
1467 3265 1570 3316 aut
1617 3259 2007 3330 metrOpolita,

362 3354 464 3414 ait,
499 3358 600 3409 aut
623 3353 932 3424 episcopus
985 3349 1226 3406 hzeresin
1279 3349 1540 3420 aliquam
1571 3365 1604 3404 α
1634 3348 1854 3405 sanctis
1902 3347 2009 3403 Pa-

357 3443 549 3498 tribus
587 3443 927 3497 damnatam
962 3439 1213 3510 publice,
1265 3442 1323 3494 et
1375 3443 1440 3494 ut
1488 3439 1572 3494 ita
1613 3437 1802 3493 dicam
1850 3437 2007 3492 nudo

356 3532 547 3602 capite
592 3529 1008 3602 praedicaverit,
1051 3528 1152 3600 qui
1209 3526 1611 3584 communioni
1663 3526 1792 3597 ejus
1849 3525 2009 3582 abre-

358 3622 655 3688 nuntiant,
701 3629 756 3676 et
798 3620 1024 3692 seipsos
1075 3619 1481 3675 communiunt
1529 3617 1802 3673 adversus
1849 3633 2006 3686 eum,

357 3729 476 3768 non
522 3727 690 3782 paena
731 3711 968 3782 dignus,
1001 3707 1105 3764 sed
1151 3710 1346 3780 potius
1396 3707 1636 3773 honore,
1669 3707 1768 3778 qui
1817 3707 2008 3762 ortho-

354 3801 522 3857 doxis
570 3800 870 3872 competit,
927 3799 1228 3854 habeatur.
1281 3797 1404 3852 Non
1477 3801 1632 3852 enim
1685 3797 2004 3866 episcOpos,

353 3893 455 3948 sed
529 3891 1022 3963 pseudepiscopos
1069 3895 1128 3942 et
1177 3886 1724 3958 pseudodidascalos
1770 3887 2008 3941 damna-

361 3988 518 4049 runt,
551 3979 824 4050 nequein
857 3977 1176 4034 schismata
1219 3977 1497 4031 unitatem
1545 3975 1814 4032 Ecclesiae
1861 3991 2007 4031 con-

359 4069 686 4136 sciderunt,
774 4069 874 4123 sed
963 4083 996 4120 a
1071 4063 1404 4120 schismatis
1482 4070 1541 4119 et
1624 4063 2006 4118 divisionibus

359 4157 678 4213 Ecclesium
746 4155 992 4210 liberare
1047 4154 1421 4219 studuerunt,
1471 4155 1758 4223 quantum
1814 4151 1872 4206 in
1919 4151 2004 4208 eis

357 4250 500 4302 erat.
579 4245 972 4309 Quamobrem
1030 4247 1090 4298 et
1147 4258 1253 4298 nos
1312 4249 1465 4298 recte
1537 4241 1782 4297 facimus
1847 4240 2003 4312 quod

354 4335 832 4391 communionem
905 4333 1115 4388 veteris
1172 4331 1369 4386 Romae
1426 4330 1758 4396 abnuimus,
1819 4331 1997 4386 etiam

355 4425 489 4478 ante
520 4417 862 4490 synodalem
894 4417 1289 4490 cognitionem
1313 4432 1380 4473 ac
1400 4416 1716 4488 judicium.

427 4598 622 4655 Canon
655 4602 847 4656 autem
892 4604 1089 4655 sextus
1119 4598 1327 4668 synodi
1375 4597 1726 4670 Gangrensis
1775 4597 1850 4668 ei,
1897 4599 1997 4668 qui

353 4687 672 4744 Ecclesium
725 4691 1104 4744 contemnens
1151 4686 1404 4760 privatas
1452 4688 1758 4742 conciones
1805 4687 1998 4754 habet,

353 4782 531 4848 atque
583 4778 711 4832 sine
760 4775 994 4832 licentia
1045 4776 1301 4848 episcopi
1360 4792 1525 4831 sacra
1581 4773 1854 4845 celebrat,
1912 4775 2001 4832 ul-

352 4867 560 4922 timum
595 4864 951 4937 supplicium
985 4865 1294 4920 denuntiat
1324 4879 1338 4920 :
1371 4865 1506 4936 quid
1559 4867 1712 4920 enim
1765 4865 1998 4937 uspiam

351 4955 722 5010 anathemate
752 4953 993 5026 gravius
1026 4958 1083 5009 et
1111 4953 1434 5010 terribilius
1461 4954 1490 5008 ?
1529 4953 1846 5010 Ecclesium
1897 4971 2002 5009 au-

354 5052 465 5098 tem
525 5048 692 5100 vocat
747 5059 860 5098 non
911 5043 1222 5114 templum,
1283 5044 1382 5099 sed
1445 5047 1656 5098 cretum
1715 5041 1999 5098 ﬁdelium.

351 5132 661 5202 Templum
693 5131 849 5188 enim
883 5133 1205 5188 secundum
1246 5141 1514 5188 sanctum
1565 5131 1854 5188 Isidorum
1903 5131 2004 5188 Pe-

353 5221 624 5276 lusiotam
673 5221 907 5292 proprie
965 5220 1454 5278 ecclesiasterium
1505 5219 1800 5292 appellem
1845 5219 2001 5290 licet,

354 5309 525 5366 sicuti
583 5306 830 5382 θυμίαμα
917 5309 1306 5382 θυμιατήριον,
1361 5314 1420 5365 et
1475 5307 1630 5362 θυσία
1714 5307 2004 5377 θυσιαστή-

357 5417 494 5470 ριον.

430 5488 550 5543 Imo
608 5488 784 5543 etiam
844 5504 1026 5544 canon
1089 5489 1156 5544 10
1213 5487 1446 5544 concilii
1501 5486 2000 5560 Carthaginensis,

357 5577 757 5648 presbyterum
801 5577 1163 5650 depositione
1213 5577 1580 5646 muletatum,
1622 5575 1672 5632 si
1717 5593 1786 5633 ex
1837 5576 2001 5634 inso-

354 5664 535 5720 lentia
565 5681 776 5722 novum
805 5667 986 5724 altare
1013 5667 1312 5734 struxerit,
1339 5670 1398 5723 et
1413 5665 1676 5739 privatim
1702 5670 1813 5725 Deo
1835 5683 2000 5725 sacra

2028 4535 2074 4600 D
2108 4525 2267 4566 σεως.

2114 3259 2403 3334 τριάρχου.
2465 3258 2526 3313 Εἰ
2583 3255 2629 3313 δ’
2684 3259 2712 3313 ὁ
2770 3260 3121 3333 πατριάρχης
3168 3260 3358 3334 τυχὸν,
3417 3261 3672 3340 φησίν,ἢ
3731 3263 3760 3317 ὁ

2119 3344 2561 3420 μητροπολίτης,
2617 3345 2654 3415 ἢ
2711 3347 2740 3402 ὁ
2796 3345 3112 3416 ἐπίσκοπος,
3169 3345 3484 3419 οἱανδήτινα
3554 3347 3757 3424 α’ίρεσιν

2114 3436 2252 3511 πρὸς
2298 3441 2406 3490 τῶν
2457 3435 2613 3490 θείων
2667 3436 3134 3510 κατηγνωσμένην
3194 3437 3472 3512 Πατὲρων,
3514 3436 3763 3512 δημοσίᾳ

2114 3528 2206 3582 καί
2267 3529 2471 3600 γυμνῇ,
2503 3525 2954 3602 φάναι,κηρύττῃ
3011 3530 3080 3601 τῇ
3137 3525 3375 3604 κεφαλῇ,
3409 3527 3460 3582 οἱ
3513 3535 3614 3598 τῆς
3663 3528 3764 3584 αὐ-

2112 3619 2211 3670 τοῦ
2261 3614 2548 3676 κοινωνίας
2604 3610 3188 3688 ἀποδιαστελλόμενοι,
3237 3616 3329 3670 καὶ
3373 3617 3767 3692 ἀποτειχίζον-

2112 3725 2200 3766 τες
2231 3703 2478 3774 ἑαυτοὺς,
2513 3705 2589 3776 μὴ
2649 3703 2731 3758 ὅτι
2775 3703 3078 3774 κολάσεως,
3109 3703 3255 3760 ἀλλᾶ
3302 3707 3390 3760 καί
3447 3707 3545 3775 τῆς
3587 3726 3765 3780 προσ-

2116 3793 2356 3864 ηκούσης
2403 3798 2521 3855 τοῖς
2567 3791 2877 3867 ὀρθοδόξοις
2941 3793 3218 3866 ἀξιούσθεν
3289 3801 3478 3868 τιμῆς.
3524 3793 3597 3849 Οὖ
3659 3797 3764 3870 γάρ

2116 3881 2448 3951 ἐπισκόπων,
2497 3878 2644 3936 ἀλλά
2685 3878 3132 3955 ψευδεπισκόπων
3184 3882 3274 3938 καὶ
3322 3879 3765 3956 ψευδοδιδασκά-

2117 3967 2230 4024 λων
2280 3969 2638 4045 κατέγνωσαν,
2688 3969 2776 4024 καὶ
2822 3971 2927 4025 οὐκ
2979 3970 3053 4032 εἷς
3103 3970 3378 4046 σχίσματα
3426 3973 3524 4040 τήν
3569 3967 3764 4028 ἕνωσιν

2112 4065 2210 4127 τῆς
2271 4057 2596 4127 Ἐκκλησίας
2670 4057 2982 4132 κατέτεμον,
3061 4057 3210 4115 ἀλλά
3279 4061 3602 4136 σχισμάτων
3669 4063 3764 4117 καὶ

2117 4151 2397 4220 μερισμῶν
2435 4149 2536 4214 τήν
2581 4145 2909 4218 Ἐκκλησίαν
2985 4145 3318 4203 ἐσπούδασαν
3367 4147 3652 4225 ῥύσασθαι,
3696 4151 3763 4205 τό

2114 4257 2176 4312 γε
2207 4235 2284 4296 εἷς
2341 4235 2540 4299 αὐτοὺς
2587 4238 2743 4304 ἧκον.
2772 4235 2872 4291 Διά
2914 4240 3078 4293 τοῦτο
3121 4237 3213 4292 καὶ
3243 4239 3406 4312 ἡμεῖς
3437 4239 3494 4292 εὗ
3523 4243 3762 4294 ποιοῦν-

2110 4345 2220 4394 τες,
2279 4327 2380 4395 τήν
2455 4331 2556 4394 τῆς
2640 4324 2876 4389 παλαιᾶς
2962 4327 3185 4400 Ῥώμης
3243 4327 3589 4401 ἀπειπάμεθα
3643 4349 3762 4383 κοι-

2111 4414 2333 4484 νωνίαν,
2365 4415 2452 4468 καὶ
2511 4413 2618 4489 πρό
2674 4434 2739 4490 γε
2796 4413 3088 4486 συνοδικῆς
3126 4413 3465 4492 διαγνώμης,
3495 4419 3582 4471 καὶ
3633 4419 3756 4491 κρί-

2177 4597 2241 4652 Ὀ
2285 4591 2342 4649 δέ
2399 4596 2447 4657 ς’
2477 4599 2579 4663 τῆς
2626 4591 2678 4648 ἐν
2725 4593 2947 4670 Γάγηρᾳ
2991 4591 3218 4650 συνόδου
3262 4593 3441 4650 κανὼν
3495 4599 3576 4668 τῷ
3631 4599 3760 4672 περὶ

2109 4681 2408 4759 ἐλαχίστου
2445 4677 2716 4755 τιθεμένῳ
2769 4685 2870 4753 τὴν
2903 4681 3257 4754 Ἐκκλησίαν,
3289 4685 3377 4739 καὶ
3427 4682 3536 4739 ίδία
3566 4683 3762 4756 ἐκκλη-

2111 4775 2382 4842 σιάζοντι,
2420 4773 2508 4828 κάὶ
2567 4772 2712 4848 παρά
2765 4773 2994 4849 γνώμην
3054 4773 3424 4850 ἱερουργοῦντι
3477 4777 3575 4828 τοῦ
3631 4773 3762 4830 ἐπι-

2109 4863 2344 4926 σκόπου,
2402 4865 2512 4918 τῶν
2587 4860 2834 4936 ἐσχάτων
2909 4865 3072 4934 τιμᾷν
3143 4861 3323 4932 ἀξιοῖσ
3378 4861 3430 4916 τί
3501 4862 3602 4938 γάρ
3659 4867 3762 4917 τοῦ

2108 4951 2442 5026 ἀναθέματος
2528 4949 2902 5028 ἐσχατώτερον
2977 4971 3035 5006 τε
3108 4952 3198 5007 καὶ
3283 4948 3758 5030 φρικωδέστερονς

2109 5042 2438 5113 Ἐκκλησίαν
2491 5039 2548 5098 δὲ
2604 5041 2667 5098 οὒ
2723 5043 2816 5098 τὸν
2876 5041 3035 5114 νεὼν,
3068 5040 3214 5097 ἀλλά
3267 5043 3330 5098 τὸ
3386 5048 3495 5100 τῶν
3549 5049 3760 5098 πιστῶν

2109 5152 2244 5208 φησι
2274 5129 2557 5205 πλήρωμα
2581 5152 2594 5166 ·
2629 5131 2658 5186 ὁ
2692 5132 2796 5208 γάρ
2845 5131 3001 5200 νεὼς,
3031 5129 3170 5186 κατά
3213 5131 3307 5185 τὸν
3358 5132 3764 5204 Πηλουσιώτην

2109 5215 2264 5296 ἅγιον
2298 5219 2607 5294 Ἰσίδωρον,
2638 5219 3131 5294 ἐκκλησιαστήριον
3164 5217 3227 5274 ἂν
3265 5219 3468 5293 κυρίως
3515 5218 3761 5295 λέγοιτο,

2111 5309 2186 5370 ὡς
2277 5308 2526 5384 θυμίαμα
2608 5310 2968 5384 θυμιατήριον
3045 5307 3134 5362 καὶ
3223 5307 3381 5363 θυσία
3462 5311 3761 5380 θυσιαστήο

2111 5417 2252 5472 ριον.

2183 5487 2360 5548 Ἀλλά
2413 5489 2504 5544 καὶ
2559 5491 2587 5545 ὁ
2639 5490 2670 5544 ι’
2719 5495 2822 5560 τῆς
2869 5488 2922 5544 ἐν
2974 5489 3309 5567 Καρθαγένῃ,
3341 5487 3432 5543 τὸν
3467 5487 3764 5566 ἀφορισμῷ

2110 5579 2508 5654 ἐπιτιμηθέντα
2555 5573 2936 5654 πρεσϐύτερον,
2987 5577 3034 5632 εἰ
3085 5575 3138 5649 ἐξ
3187 5574 3448 5639 ἄπονοίης
3492 5575 3609 5631 νέον
3647 5582 3762 5650 πή-

2111 5669 2202 5743 ξας
2249 5672 2652 5746 θυσιαστήριον,
2707 5667 2845 5725 ἰδίαν
2893 5673 2973 5742 τῷ
3037 5671 3154 5742 Θεῷ
3227 5667 3532 5746 ἱερουργίαν
3585 5689 3764 5744 προσ-
