4060 6228
450 349 568 411 139

1723 343 2099 408 ΜΑΤΤΗΑΞΙ
2139 343 2566 408 BLASTARIS

3723 366 3828 427 N0

451 491 539 539 cat
571 458 919 557 presbyteris
945 494 1367 552 praeoccupare,
1415 482 1586 549 atque
1636 477 1996 534 introeuntes
2026 496 2061 533 ε‹

2201 498 2315 570 νου,
2354 480 2429 551 μὴ
2479 478 2671 550 ἐξεῖναι
2718 481 2926 540 κελεύει
2975 492 3090 550 τοῖς
3139 486 3523 568 πρεσϐυτέροις
3572 494 3822 570 προλαμ-

449 574 552 629 des
601 585 919 644 capessere,
978 574 1034 626 et
1093 568 1432 641 episcopum
1473 565 1665 624 solum
1737 567 2087 641 relinquere,

449 660 604 719 Illud
633 661 787 717 enim
818 675 936 715 non
966 662 1198 715 tantum
1234 656 1461 713 decoris
1492 654 1710 725 violati,
1744 657 1843 714 sed
1869 666 1917 715 et
1946 673 2086 713 con-

447 755 705 821 temptus
734 747 992 820 episcopi
1023 748 1437 819 argumentum
1460 748 1584 800 est:
1618 746 1722 801 sed
1753 745 1951 816 potius
1972 761 2088 801 una

447 855 578 894 cum
609 838 877 910 episcopo
914 835 1143 910 ingredi
1168 833 1312 904 vult,
1352 833 1469 891 nisi
1497 833 1634 906 quis
1683 850 1921 907 corpore
1970 834 2085 891 mi-

444 943 558 984 nus
584 926 790 995 valeat,
822 931 879 983 et
920 925 1116 984 standi
1160 940 1385 981 moram
1437 922 1692 997 perferre
1738 923 2082 996 neutiquam

442 1014 647 1088 possit.

912 1103 1059 1160 CAP.
1091 1103 1159 1159 II.
1190 1102 1265 1158 De
1290 1101 1600 1173 sepultura.

1170 1192 1353 1262 Leges.

510 1282 765 1357 Sepelire
793 1282 951 1339 haud
985 1280 1072 1337 fas
1103 1289 1210 1351 est,
1240 1280 1343 1336 ubi
1373 1282 1603 1337 constat
1633 1294 1850 1351 corpus
1876 1284 2086 1348 marty-

439 1372 520 1429 ris
546 1374 758 1443 jacere.

508 1462 690 1518 Nemo
718 1460 1028 1533 quisquam
1053 1459 1124 1515 de
1143 1457 1428 1531 sepulcris
1452 1457 1753 1513 materiem
1767 1474 2085 1529 quamcun-

438 1569 552 1624 que
580 1552 649 1608 ad
682 1551 858 1608 aliam
889 1551 1129 1605 domum
1157 1548 1566 1604 exstruendam
1599 1548 1851 1603 auferat.

508 1642 764 1698 Cadaver
797 1638 1057 1697 hominis
1087 1638 1231 1694 citra
1256 1638 1593 1693 mandatum
1628 1637 1778 1708 imp.
1810 1653 1982 1694 nemo
2015 1637 2076 1693 in

436 1732 631 1788 locum
665 1730 844 1787 alium
876 1729 1209 1785 transferat.

505 1823 703 1885 Quaere
731 1822 788 1875 et
819 1819 879 1874 in
911 1834 1035 1890 cap.
1071 1817 1139 1871 15
1168 1815 1279 1872 litt.
1315 1815 1393 1873 Μ.

436 1927 594 1984 CAP.
627 1925 725 1981 III.
777 1923 936 1995 Quod
985 1926 1230 1995 mortuos
1284 1922 1565 1992 baptizare
1614 1922 1847 1995 minime
1885 1922 2072 1995 liceat,

503 2014 678 2070 neque
706 1993 894 2054 earum
921 1993 1280 2051 cadaveribus
1324 2010 1483 2050 sacra
1521 1993 1782 2064 mysteria
1808 1994 2069 2066 praebere.

501 2181 699 2247 Quaere
729 2196 857 2253 cap.
885 2178 958 2233 26
984 2177 1101 2234 litt.
1135 2177 1201 2233 K.

787 2268 946 2325 CAP.
977 2267 1068 2323 ιν.
1101 2269 1175 2321 De
1198 2265 1525 2321 clericorum
1552 2265 1714 2336 ﬁliis.

499 2361 698 2418 Canon
744 2359 812 2414 35
851 2356 1079 2414 concilii
1126 2355 1597 2427 Carthaginensis
1630 2355 1867 2411 minime
1896 2370 2064 2426 Opor-

425 2454 547 2508 tere
575 2448 871 2506 existimat
898 2446 1203 2519 episcopos
1242 2460 1310 2501 ac
1357 2444 1597 2501 clericos
1646 2443 1812 2500 facile
1868 2444 2067 2500 liberis

426 2540 553 2597 suis
582 2541 927 2611 potestatem
961 2536 1052 2591 sui
1084 2535 1420 2601 concedere,
1444 2532 1554 2588 nisi
1582 2549 1682 2604 per
1713 2537 1940 2589 aetatem
1969 2537 2072 2589 aut

427 2645 653 2685 morum
684 2626 1023 2699 probitatem
1071 2624 1242 2680 ﬁdem
1274 2627 1487 2678 certam
1521 2622 1975 2694 fecerilit,jposse
2007 2638 2070 2678 se

425 2716 835 2776 convenienter
883 2732 946 2770 ac
995 2712 1234 2785 provide
1297 2727 1391 2766 res
1448 2727 1585 2766 suae
1633 2711 2065 2767 administrare.

425 2808 601 2864 Secue
647 2805 804 2863 enim
836 2808 893 2859 et
919 2802 1036 2875 ipsi
1081 2801 1400 2858 liberorum
1445 2816 1682 2857 suorum
1723 2800 2066 2858 criminibus

424 2895 658 2954 obnoxii
689 2899 876 2951 erunt.

1148 2980 1334 3050 Leges.

495 3074 676 3143 Leges
720 3073 914 3127 autem
975 3070 1245 3124 statuunt
1301 3065 1626 3122 libertatem
1688 3065 1828 3121 ﬁliis
1870 3081 1984 3121 non
2030 3082 2064 3121 a

422 3168 587 3236 patre
631 3159 775 3227 solo,
817 3160 936 3216 sive
970 3157 1218 3214 clericus
1262 3154 1361 3225 sit,
1404 3155 1524 3211 sive
1582 3154 1791 3225 laicus,
1835 3155 2058 3226 donari,

2104 1854 2151 1918 Β

2197 562 2401 637 ϐάνειν,
2454 571 2541 624 καὶ
2591 571 3005 648 εἰσερχομένους
3072 562 3326 652 καθίζειν,
3391 562 3481 639 καὶ
3532 562 3693 657 μόνον
3742 562 3818 657 έᾷν

2192 658 2284 712 τὸν
2345 658 2636 717 ἐπίσκοπον
2694 665 2828 741 (οὐχ
2893 666 3044 733 ὅπως
3098 670 3203 745 γ’ἁρ
3260 670 3498 747 ἀταξίας,
3554 672 3704 731 ἀλλὰ
3737 675 3818 731 καὶ

2192 750 2289 802 τοῦ
2318 758 2661 829 περιφρονεῖν
2701 755 2791 809 τὸν
2830 754 3119 814 ἐπίσκοπον
3153 764 3316 816 τοῦτο
3355 766 3631 837 σημεῖον),
3683 763 3817 820 ἀλλὰ

2190 835 2369 909 τούτῳ
2418 841 2754 912 συνεισιέναι,
2804 843 2849 898 εἰ
2883 848 3072 919 μήπου
3118 869 3202 911 τις
3239 849 3547 925 ἀνωμάλως
3598 851 3717 928 ἔχει
3761 852 3818 908 τὸ

2191 929 2372 999 σῶμα,
2395 928 2484 983 καὶ
2514 931 2616 1001 τήν
2648 931 2831 988 στάσιν
2861 933 3059 1005 ἣκιστα
3090 935 3308 994 δύναται
3337 938 3541 1017 φέρειν.

2590 1099 2843 1155 ΚΕΦΑΛ.
2885 1098 2958 1159 Β’.
3001 1100 3161 1175 Περὶ
3190 1108 3430 1181 ταφῆς.

2889 1189 3133 1262 Νόμοι.

2257 1269 2373 1327 Οὐκ
2399 1266 2564 1341 ἔξεστι
2598 1275 2815 1331 θάπτειν
2853 1270 2974 1332 ἔνθα
3024 1274 3193 1345 ’δῆλόν
3239 1277 3380 1336 ἔστιν
3417 1280 3498 1337 ὅτι
3543 1284 3819 1359 μάρτυρος

2187 1362 2345 1431 σῶμα
2374 1362 2676 1420 ἀπόκειται.

2258 1446 2448 1512 Οὐδεὶς
2486 1450 2593 1507 ἀπὸ
2633 1457 2742 1508 τῶν
2792 1455 2976 1532 τάφων
3024 1456 3163 1529 ὕλην
3213 1461 3335 1514 τινὰ
3370 1458 3407 1530 ἤ
3436 1458 3617 1535 ἕτερον
3669 1461 3823 1517 εἰκο-

2188 1534 2249 1591 δό
2258 1559 2334 1611 μη
2344 1559 2417 1611 μα
2451 1541 2758 1619 μεταφέρει.

2256 1628 2465 1701 Μηδεὶς
2515 1636 2676 1704 σῶμα
2721 1633 3060 1710 ἀνθρώπινον
3104 1640 3283 1715 χωρὶς
3329 1640 3629 1705 κελεύσεως
3678 1643 3815 1718 βασι

2187 1718 2350 1790 λικῆς
2382 1720 2457 1784 εἰς
2484 1718 2665 1797 ἕτερον
2692 1723 2858 1780 τόπον
2895 1728 3260 1808 μεταφερέτω.

2255 1812 2415 1882 Ζήτει
2445 1814 2536 1867 καὶ
2566 1812 2618 1867 ἐν
2656 1818 2734 1886 τῷ
2768 1814 2822 1870 ιε’
2852 1835 2971 1893 κεφ.
3002 1822 3100 1872 τοῦ
3131 1825 3179 1875 Μ
3212 1818 3512 1895 στοιχείου.

2189 1924 2444 2004 Reuss.
2478 1921 3498 2004 1".A"01:t_‘:obc_:rs).sun§ca_v'ra<
3531 1927 3683 2004 031s
3716 1931 3815 2004 βα-

2253 1992 2867 2074 πτίζεινιθεμιτὸν,
2900 1996 3051 2074 οΑὕ-τε
3086 1992 3244 2062 τοῖς.
3269 2002 3564 2074 σώμασιν
3602 1992 3820 2056 αὕτ’ῶν

2253 2066 3137 2139 κοινωνίαςμεταδιδόναι.

2253 2173 2409 2242 Ζήτει
2438 2174 2501 2228 τὸ
2531 2177 2612 2236 κς⁸
2640 2173 2935 2251 κεφάλαιον
2966 2180 3064 2232 τοῦ
3096 2183 3134 2232 Κ
3164 2176 3459 2255 στοιχείου.

2254 2268 2509 2318 ΚΕΦΑΛ.
2554 2265 2623 2320 Δ’.
2668 2264 2823 2339 Περὶ
2852 2269 2980 2320 τῶν
3011 2265 3251 2321 τέκνων
3281 2272 3407 2323 τῶν
3438 2266 3819 2341 κληρικῶν.

2251 2353 2313 2408 Ὁ
2345 2350 2422 2405 λε’
2452 2354 2552 2423 τῆς
2583 2351 2636 2406 ὲν
2680 2355 2993 2429 Καρθαγένῃ
3030 2353 3255 2409 συνόδου
3296 2355 3472 2410 κανὼν
3513 2356 3614 2410 οὐκ
3650 2355 3824 2411 οἴεται

2181 2436 2293 2494 δεῖν
2343 2438 2669 2502 ἐπισκόπους
2708 2442 2798 2495 καὶ
2837 2442 3136 2515 κληρικοὺς
3179 2442 3418 2519 εὐχερῶς
3453 2448 3572 2504 τοῖς
3611 2442 3829 2509 τέκνοις

2178 2530 2357 2584 αὐτῶν
2401 2527 2604 2585 διδόναι
2646 2530 2709 2585 τὸ
2757 2531 3123 2602 αὐτεξούσιονς
3173 2532 3221 2587 εἰ
3271 2533 3349 2605 μὴ
3392 2532 3499 2588 άπὸ
3547 2540 3645 2603 τῆς
3694 2531 3831 2602 ἡλι-

2177 2622 2299 2680 κίας
2356 2619 2446 2673 καὶ
2502 2624 2609 2674 τῶν
2670 2620 2886 2695 ἀγαθῶν
2942 2622 3162 2694 τρόπων
3219 2619 3360 2676 δοῖεν
3410 2620 3831 2702 πληροφορίαν,

2179 2708 2262 2762 ὅτι
2295 2705 2615 2779 δυνήσονται
2648 2706 2875 2772 δεόντως
2915 2711 3004 2765 καὶ
3044 2705 3292 2773 εὐλαϐῶς
3334 2711 3399 2765 τά
3433 2712 3554 2766 καθ’
3593 2711 3829 2774 ἑαυτοὺς

2179 2798 2485 2872 οἰκονομεῖν
2519 2814 2534 2829 ⁸
2577 2798 2620 2852 εἰ
2662 2796 2709 2853 δ’
2747 2797 2865 2870 οὖν,
2903 2805 3011 2855 τῶν
3059 2801 3468 2876 ἁμαρτημάτων
3510 2800 3691 2856 αὐτῶν
3730 2801 3827 2855 καὶ

2177 2887 2330 2943 αὐτοὶ
2362 2886 2570 2944 ἔσονται
2599 2886 2874 2944 κοινωνοί.

2878 2978 3119 3052 Νόμομ

2246 3064 2313 3122 Οἳ.
2347 3062 2404 3119 δὲ
2440 3063 2599 3138 νόμοι
2637 3064 2920 3121 κελεύουσι
2961 3068 3038 3140 μὴ
3078 3069 3223 3144 παρὰ
3266 3069 3432 3141 μόνου
3469 3072 3566 3123 τοῦ
3606 3070 3825 3144 πατρὸς

2172 3149 2286 3208 ε’ἱτε
2331 3152 2623 3228 κληρικοῦ,
2675 3152 2787 3211 ε’ίτε
2833 3154 3050 3220 λαῖκου,
3095 3158 3195 3227 τὴν
3254 3161 3361 3212 τῶν
3418 3159 3619 3214 τέκνων
3679 3160 3825 3214 αὐτ-

422 3220 534 3310 insi
560 3220 815 3322 cognitio
862 3245 1264 3303 auctoritativa
1292 3244 1375 3300 ita
1402 3243 1697 3299 decernat.
1731 3245 1857 3299 Non
1905 3244 2061 3301 enim

2190 3242 2522 3313 ξουσιότητα
2551 3245 2814 3319 γίνεσθαι,
2862 3245 2906 3301 εἰ
2954 3247 3030 3319 μὴ
3069 3246 3156 3302 καὶ
3197 3243 3481 3318 δικαστικὴ
3523 3245 3823 3323 διάγνωσις

423 3354 741 3398 consensus
788 3352 985 3393 merus
1033 3333 1213 3407 patris
1260 3336 1464 3390 natum
1520 3335 1710 3405 patria
1777 3336 2060 3404 potestate

421 3430 653 3498 liberat,
684 3427 783 3485 sed
813 3423 1074 3498 legitima
1102 3422 1270 3481 actio.

492 3609 683 3668 Liberi
712 3612 908 3666 autem
936 3606 1368 3679 episcoporum,
1398 3604 1498 3675 qui
1537 3602 1819 3676 dignitate
1864 3604 2061 3677 aliqua

420 3701 895 3765 cohonestantur,
926 3695 1019 3752 sui
1056 3694 1208 3766 juris
1242 3694 1413 3765 juxta
1461 3692 1620 3765 leges
1650 3694 1926 3760 evadunt,
1958 3711 2061 3751 ue-

420 3806 533 3862 que
563 3805 663 3861 pro
692 3787 811 3843 illis
842 3794 1032 3859 patres
1074 3783 1354 3840 rationem
1408 3782 1674 3838 reddunt.
1712 3783 1858 3838 Dicit
1901 3784 2055 3839 enim

421 3876 658 3937 Novella
684 3873 1000 3932 Justiniaui
1019 3874 1087 3928 81
1118 3889 1130 3927 :
1156 3871 1262 3937 Qui
1285 3870 1631 3943 dignitatem
1655 3870 1876 3942 indepti
1900 3876 2056 3940 sunt,

419 3984 486 4024 ac
515 3966 709 4024 officia
752 3963 986 4037 publica
1032 3960 1348 4028 sustinent,
1384 3976 1504 4016 sua
1552 3961 1854 4030 potestatis
1900 3967 2056 4025 sunt,

418 4055 688 4128 quamvis
719 4069 820 4127 per
848 4055 1074 4110 atatem
1106 4066 1223 4107 non
1251 4053 1513 4121 oporteat
1558 4048 1718 4120 ipsos
1765 4051 1834 4106 de
1879 4065 2056 4106 manu

419 4146 609 4219 patria
630 4142 883 4201 liberari.

491 4234 652 4291 286
684 4231 905 4289 Delicta
933 4229 1083 4287 circa
1111 4229 1397 4284 damnum
1431 4244 1560 4300 quae
1592 4232 1924 4300 perpetrant
1951 4227 2056 4285 filii

415 4327 526 4383 sub
582 4322 769 4397 patria
816 4327 1115 4395 potestate,
1166 4318 1280 4391 ipsi
1349 4323 1543 4389 patres
1609 4320 1812 4375 merito
1866 4319 2054 4389 luunt,

414 4432 532 4472 non
562 4417 645 4471 ita
674 4418 732 4470 et
759 4410 1028 4468 crimina.
1061 4408 1261 4481 Neque
1302 4409 1457 4466 enim
1490 4408 1817 4482 puniuntur
1863 4418 2055 4481 patres

413 4506 643 4578 propter
670 4501 845 4571 ﬁlios,
876 4515 1012 4557 cum
1044 4498 1136 4555 lex
1167 4497 1384 4554 diserte
1416 4498 1603 4556 dicat:
1638 4498 1859 4555 Delicta
1878 4504 2056 4572 caput

411 4595 767 4666 sequuntur.

408 4707 564 4764 CAP.
597 4702 666 4758 V.
698 4704 773 4759 De
807 4716 970 4758 sacra
1016 4698 1467 4773 Quadragesima,
1510 4704 1567 4756 et
1610 4701 1811 4757 ritibus
1849 4702 1945 4773 qui
1987 4703 2050 4757 in

994 4787 1062 4827 ea
1089 4771 1459 4828 observantur.

475 4868 679 4933 Quare
708 4879 834 4933 cap.
865 4863 901 4916 4
932 4860 1040 4918 litt.
1074 4859 1145 4916 N.

474 4959 671 5015 Canon
703 4956 898 5008 autem
930 4950 1002 5005 65
1050 4949 1292 5021 synodis
1317 4953 1455 5006 extaa
1497 4965 1597 5005 eos
1646 4950 1746 5021 qui
1795 4952 2046 5007 veterem

406 5049 651 5106 Romam
710 5040 996 5108 incolunt,
1058 5042 1255 5094 monet
1312 5054 1384 5093 ne
1442 5038 1499 5094 in
1554 5038 1823 5094 Sabbatis
1874 5056 2047 5095 saera;

402 5130 870 5204 Quadragesimaa
894 5129 1183 5200 jejunent,
1219 5133 1602 5199 praeterquam
1639 5127 1699 5183 in
1752 5144 1868 5183 uno
1915 5132 2048 5183 tan-

403 5233 549 5289 tum,
597 5233 781 5293 eoque
829 5232 1041 5288 magno
1099 5215 1371 5271 Sabbato.
1422 5216 1527 5271 Sed
1578 5220 1915 5288 arrogantes
1961 5216 2046 5272 illi

401 5308 824 5382 incorrigibiles
901 5309 1370 5378 perseverarunt,
1452 5320 1641 5376 neque
1720 5306 2043 5363 canonibus

402 5397 756 5473 apostolicis,
783 5409 972 5467 neque
1012 5393 1148 5449 huic
1191 5394 1596 5466 obsequentes,
1640 5396 1897 5468 adeoque
1936 5413 2042 5454 nec

400 5488 594 5549 clerici
625 5485 1048 5558 depositionem
1082 5486 1372 5552 metuunt,
1406 5501 1596 5557 neque
1638 5484 1771 5541 laici
1810 5502 2038 5542 excom-

401 5575 879 5637 municatiouem.
906 5573 1091 5629 Tanto
1140 5576 1334 5630 autem
1384 5574 1672 5645 turpiores
1712 5579 2037 5644 evaserunt,

401 5673 609 5733 utnon
641 5662 833 5722 solum
864 5661 1104 5733 in-istis,
1153 5664 1253 5721 sed
1298 5668 1355 5722 et
1401 5664 1534 5722 aliis
1582 5663 1722 5722 anni
1767 5664 2039 5721 Sabbatis

2170 3334 2331 3386 τοῦτο
2376 3331 2721 3413 ἐπιψηφίσειε
2752 3351 2766 3365 ’
2814 3335 2941 3409 φασὶ
2989 3336 3094 3412 γάρ
3128 3354 3141 3368 ’
3200 3336 3279 3393 Οὐ
3337 3338 3520 3413 γυμνὴ
3567 3336 3825 3393 συναίνε⁴

2171 3442 2253 3483 σις
2307 3425 2405 3477 τοῦ
2461 3423 2665 3497 πατρὸς
2721 3423 2998 3499 ἐλευθεροὶ
3047 3432 3149 3495 τῆς
3206 3426 3659 3498 ὑπεξουσιότητος
3716 3428 3824 3483 τὸν

2168 3506 2354 3578 παῖδα,
2387 3508 2533 3566 ἀλλὰ
2562 3512 2800 3587 νόμιμος
2832 3516 3043 3589 πρᾶξις.

2238 3602 2308 3658 Οἱ
2347 3600 2403 3655 δὲ
2452 3600 2691 3677 ὀφφικίῳ
2727 3601 3044 3676 τιμηθέντες
3089 3601 3278 3666 παῖδες
3321 3608 3430 3660 τῶν
3471 3603 3826 3680 ἐπισκόπων,

2169 3688 2500 3760 αὐτεξούσιοι
2560 3690 2705 3765 παρᾶ
2758 3695 2856 3747 τοῦ
2906 3691 3078 3765 νόμου
3151 3693 3412 3769 γίνονται,
3488 3693 3581 3748 καὶ
3641 3693 3827 3773 λόγον

2172 3780 2304 3853 ὑπὲρ
2337 3778 2510 3834 αὐτῶν
2550 3781 2603 3833 οἱ
2642 3779 2871 3856 πατέρας
2922 3778 2983 3836 οἰ)
3034 3779 3242 3838 διδόασι
3274 3803 3288 3815 ·
3344 3785 3475 3861 φησὶ
3518 3784 3622 3858 γὰρ
3654 3787 3691 3854 ἡ
3726 3787 3825 3839 πα¹

2169 3868 2592 3931 Ἰοοστινιάνειος
2656 3869 2838 3944 νεαρὰ,
2905 3869 2989 3925 ὅτι
3052 3877 3250 3934 πάντες
3307 3874 3360 3927 οἱ
3420 3873 3819 3946 ἀξιωματικοῇ

2167 3957 2258 4012 καὶ
2298 3958 2350 4011 οἱ
2398 3952 2616 4033 ἔχοντες
2664 3958 2900 4039 ὀφφίγια-
2936 3958 3217 4036 ἄρχοντες,
3258 3962 3597 4030 αὐτεξούσιοι
3634 3960 3817 4018 ἔστω-

2168 4066 2287 4115 σαν,
2326 4047 2416 4102 καὶ
2446 4045 2496 4101 εἴ
2533 4053 2633 4116 τῆς
2681 4055 2950 4123 πατρικῆς
3008 4050 3197 4129 χειρὸς
3246 4049 3345 4105 οὐκ
3390 4044 3621 4129 ἔφθασαν
3671 4052 3817 4107 ἀπο-

2168 4136 2417 4208 λυθῆναι.

2236 4233 2350 4283 Τῶν
2408 4232 2660 4307 ψυχικῶν
2714 4228 2897 4305 μέντοι
2948 4230 3307 4311 σφαλμάτων,
3359 4234 3495 4308 ἅπερ
3542 4235 3596 4288 οἱ
3643 4235 3825 4309 ὑπεξ-

2167 4320 2340 4375 ούσιοι
2379 4321 2741 4397 ἁμαρτάνουσι
2801 4319 3010 4392 παῖδες,
3067 4321 3204 4388 ’ἴσως
3260 4325 3313 4379 οἱ
3366 4325 3596 4400 πατέρες
3651 4323 3823 4399 δίκην

2167 4409 2483 4485 ὑπέχουσιν,
2519 4411 2586 4465 οὐ
2627 4413 2735 4485 μὴν
2784 4413 2875 4467 καὶ
2918 4417 3027 4467 τῶν
3077 4411 3493 4490 ἐγκληματικῶν
3520 4433 3534 4447 '
3592 4416 3657 4470 οὐ
3704 4418 3831 4494 γὰρ

2162 4497 2487 4568 κολάζονται
2517 4500 2744 4576 πατέρες
2776 4501 2907 4576 ὑπὲρ
2932 4501 3133 4557 τέκνων
3158 4521 3171 4533 ·
3215 4503 3350 4579 φησῖ
3382 4503 3487 4579 γὰρ
3525 4505 3555 4558 ὁ
3594 4504 3788 4578 νόμος
3808 4526 3825 4541 ο

2077 4595 2130 4660 D
2158 4588 2239 4645 Τὰ
2268 4589 2634 4665 ἁμαρτήματα
2662 4591 2730 4663 τῇ
2761 4589 2972 4665 κεφαλῇ
2998 4586 3243 4651 ἕπονται.

2160 4697 2531 4778 ΚΕΦΔΛπΕξ
2583 4697 2737 4778 Περὶ
2784 4703 2902 4778 τῆς
2959 4698 3156 4778 άχὶας
3202 4705 3820 4778 Τεσσαρακοστῆς,

2324 4768 2581 4823 καὶτῶν
2636 4767 2696 4824 ἐν
2741 4769 2904 4845 αὐτῇ
2950 4767 3372 4846 τελουμένων
3425 4767 3626 4831 ἓθῶν.

2226 4858 2385 4928 Ζήτει
2414 4858 2477 4912 τὸ
2502 4855 2543 4912 δ’
2570 4856 2867 4935 κεφάλαιον
2896 4863 2993 4913 τοῦ
3023 4864 3070 4915 Ν
3101 4860 3401 4939 στοιχείου.

2228 4949 2290 5003 Ὁ
2323 4944 2380 5001 δὲ
2418 4966 2474 5001 νε
2520 4953 2621 5017 τῆς
2662 4953 2702 5009 ς’
2750 4945 2975 5003 συνόδου
3023 4950 3200 5004 κανὼν
3245 4955 3363 5013 τοῖς
3407 4952 3507 5022 τὴν
3554 4951 3819 5010 παλαιὰν

2157 5034 2369 5090 οἰκοῦσι
2443 5034 2665 5108 Ῥώμην
2749 5042 3134 5112 πσρεγγυᾶται,
3224 5041 3299 5113 μὴ
3385 5040 3664 5110 νηστεύειν
3741 5048 3828 5101 τὰ

2155 5120 2398 5178 σάϐϐατα
2443 5130 2542 5194 τῆς
2586 5125 2740 5199 ἁγίας
2793 5134 3248 5201 τεσσαρακοστῆς,
3299 5128 3452 5193 ἐκτὸς
3491 5129 3658 5204 μόνον
3707 5140 3827 5189 τοῖ’)

2156 5214 2274 5275 ἑνὸς
2314 5215 2402 5269 καὶ
2449 5212 2692 5290 μεγάλου
2729 5210 3001 5272 σαϐϐάτου
3025 5236 3039 5249 ·
3085 5215 3213 5272 ἀλλ’
3254 5215 3581 5292 άδιόρθωτοι
3626 5242 3830 5296 μεμε-

2153 5304 2378 5373 νήκασιν
2429 5304 2479 5357 οἱ
2530 5301 2812 5374 ἀλαζόνες,
2859 5306 3000 5379 μήτε
3044 5309 3154 5361 τῶν
3206 5304 3586 5363 ἆποστολικῶν
3634 5313 3837 5367 κανό-

2150 5413 2275 5467 νων,
2339 5394 2478 5464 μήτε
2530 5392 2726 5448 τούτου
2778 5392 3230 5471 ἐπιστρεφόμενοι
3279 5415 3293 5429 ο
3352 5396 3443 5450 καὶ
3502 5398 3643 5469 μήτε
3706 5405 3833 5472 τὴν

2149 5476 2453 5552 καθαίρεσιν
2506 5479 2558 5532 o't
2616 5479 2930 5553 ἱερωμένοι,
2990 5482 3118 5554 μήθ’
3197 5482 3248 5535 οἱ
3305 5486 3401 5537 τοῦ
3459 5480 3644 5557 δήμου
3710 5488 3829 5543 τὸν

2149 5567 2453 5645 ἀφορισμὸν
2494 5562 2929 5639 εὐλαϐούμενοι·
2984 5569 3197 5643 μᾶλλον
3249 5569 3307 5626 δὲ
3354 5576 3616 5628 τοσοῦτον
3667 5584 3833 5652 χεῖ-

2150 5678 2278 5733 ρους
2321 5656 2626 5734 γεγόνασιν,
2663 5657 2736 5721 ὡς
2779 5659 2856 5733 μή
2908 5657 3068 5734 μόνον
3118 5657 3171 5716 ἒν
3214 5659 3454 5737 τούτοις,
3502 5661 3653 5719 ἀλλὰ
3704 5669 3836 5727 κᾶν
