4080 6224
255 390 340 452 ill

247 607 409 662 στεύειν
442 628 452 637 ·
497 609 558 661 τὸ
601 605 647 660 δ’
697 603 776 662 ἔτι
832 609 1027 664 τούτου
1076 613 1559 688 παρανομώτερον,
1611 614 1694 671 ὅτι
1740 619 1840 686 τήν

242 702 317 752 τοῦ
364 691 616 751 σαϐϐάτου
673 696 971 753 κατάλυσιν
1026 698 1116 754 ἐπὶ
1172 701 1271 770 τήν
1330 701 1558 777 τετράδα
1617 725 1842 778 μετενη-

242 786 398 862 νόχασι
442 786 524 839 καὶ
571 789 938 861 παρασκευὴν,
984 790 1083 856 τήν
1135 787 1181 844 δ’
1226 788 1278 845 ὲν
1324 793 1542 854 ταύταις
1589 797 1841 864 νηστείαν

241 875 309 930 ἐπὶ
354 877 409 929 τὸ
463 869 749 944 σάϐϐατον,
807 875 960 951 ἔργον
1017 878 1211 934 ὡσανεὶ
1265 880 1611 955 ποιούμενοι,
1670 885 1845 940 πάντα

241 965 374 1037 νόμον
398 964 532 1039 ἱερὸν
561 965 765 1020 τιθέναι
798 966 1116 1024 ἀνάστατον.

292 1055 340 1108 Ὀ
381 1050 431 1107 δὲ
475 1058 551 1117 νς¹
603 1057 705 1125 τὴν
756 1053 909 1119 αὖθις
953 1055 1013 1110 ἐκ
1061 1054 1358 1133 διαμέτρου
1406 1064 1513 1114 τῶν
1545 1061 1844 1136 Ἀρμενίων

242 1138 576 1214 διορθούμενος
625 1141 866 1214 πλάνην,
909 1143 960 1198 ἐν
1001 1151 1120 1208 τοῖς
1168 1143 1400 1202 σάϐϐασι
1448 1151 1538 1204 καὶ
1584 1156 1702 1212 ταῖς
1749 1172 1843 1205 κυο

241 1234 415 1300 ριακαῖς
470 1236 566 1298 τῆς
628 1230 786 1307 ἁγίας
843 1237 1296 1307 τεσσαρακοστῆς,
1352 1241 1518 1312 τυροῦ
1574 1239 1663 1292 καὶ
1723 1239 1844 1294 ὠῶν

238 1317 486 1393 ἀπεγεαθαι
533 1319 625 1373 καὶ
676 1321 903 1385 τούτους
951 1321 1184 1392 κελεύει,
1217 1327 1314 1379 οἷπ
1363 1325 1430 1394 δὴ
1480 1329 1646 1400 νόμος
1693 1329 1838 1402 πάσῃ

234 1411 284 1478 τῇ
321 1387 533 1479 ’ύφηλίῳ
580 1412 679 1463 τοῦ
733 1415 868 1464 Θεοῦ
926 1410 1248 1482 Ἐκκλησία.
1295 1415 1500 1488 ’Ὠσπερ
1552 1417 1655 1492 γὰρ
1705 1418 1842 1472 πάν-

233 1515 314 1548 των
335 1499 428 1549 τῶν
474 1498 759 1570 θυομένων
788 1499 1112 1574 ἀπεχόμεθα
1160 1501 1337 1575 ζώων,
1380 1504 1526 1558 οὕτω
1577 1503 1717 1576 δέον,
1749 1509 1835 1562 καὶ

228 1583 305 1638 is:
347 1586 540 1639 τούτων
613 1588 846 1661 καρπὸς,
905 1591 982 1650 εἰς
1054 1592 1264 1668 τροφὴν
1347 1594 1422 1662 μὴ
1498 1594 1834 1669 προσίεσθαι.

225 1677 364 1728 Τοῦτο
393 1675 473 1728 καί
507 1674 594 1729 ἐπί
645 1681 755 1730 τῶν
801 1676 1075 1751 τετράδων
1122 1682 1540 1754 παρατηρητέον
1582 1685 1674 1738 καὶ
1727 1707 1838 1740 πα·-

224 1767 454 1834 ρασκευῶν
485 1768 582 1818 τοῦ
634 1763 772 1820 ὅλου
821 1765 1102 1822 ἐνιαυτοῦ·
1159 1774 1280 1831 τοῖς
1313 1767 1368 1824 δὲ
1417 1766 1834 1844 παραϐαίνουσι,

221 1852 482 1926 καθαιρέσει
639 1855 932 1931 ἀφορισμῷ
1003 1861 1250 1930 τιμᾶται,
1312 1858 1603 1934 κληρικοῖς
1659 1864 1828 1932 οὖσιν,

222 1939 512 2012 ἣδημὸταις
557 1944 758 2018 τυχόν.
800 1943 980 2000 Ἀλλᾶ
1009 1946 1107 2001 κάν
1155 1945 1333 2020 τούτῳ
1387 1949 1515 2011 τοὺς
1566 1953 1829 2015 Λατίνους

223 2027 404 2097 μᾶλλον
435 2028 492 2084 ἃν
526 2030 655 2104 ’ίδῃς
707 2033 786 2096 εἴς
816 2028 1046 2113 ἔσχατον
1095 2037 1432 2112 ἀφιγμένους
1464 2041 1826 2113 παρανομίας,

221 2116 370 2191 ὥσπερ
413 2118 718 2192 ἐξεπίτηδες
757 2123 926 2195 ὁμόσε
975 2128 1294 2199 γωροῦντας
1350 2131 1466 2188 τοῖς
1526 2129 1693 2191 θείοις
1741 2151 1830 2185 κα-

220 2207 338 2259 vim
368 2227 380 2240 ·
427 2208 475 2261 ἐν
507 2211 611 2283 γὰρ
657 2215 777 2272 τοῖς
829 2207 1058 2266 σάϐϐασι
1090 2215 1177 2268 καὶ
1230 2219 1350 2275 ταῖς
1399 2223 1682 2290 κνδριακαῖς
1729 2226 1829 2288 τῆς

217 2301 637 2369 τεσσαρακοστῆς,
690 2300 754 2353 οῦ
810 2301 974 2372 μόνον
1016 2306 1182 2374 τυροῦ
1228 2305 1317 2356 καί
1365 2303 1512 2373 ὠῶν,
1571 2306 1717 2362 ἀλλά
1770 2329 1830 2383 γε

218 2387 288 2438 καὶ
330 2392 486 2458 κρεῶν
539 2390 826 2450 ἅπτονται,
880 2390 1009 2465 οὖχί
1063 2396 1161 2445 τοῦ
1210 2389 1390 2464 δήμου
1453 2396 1640 2467 μόνον,
1684 2397 1830 2452 ἀλλά

217 2474 288 2524 καὶ
331 2479 424 2526 τῶν
481 2483 747 2550 μοναχῖυν
801 2479 852 2531 οἱ
912 2479 1149 2541 ἀσθενῶς
1209 2478 1366 2546 δῆθεν
1421 2487 1518 2536 τοῦ
1576 2486 1829 2557 σώματος

215 2560 420 2634 ἔχοντες.

268 2656 404 2720 Ζήτει
448 2657 532 2708 καί
567 2655 625 2709 ἐν
672 2661 755 2728 τῷ
803 2663 846 2711 α’
894 2679 1012 2735 κεφ.
1063 2663 1161 2712 τοῦ
1213 2667 1250 2714 Β
1300 2663 1577 2734 στοιχείου
1624 2668 1723 2730 τῆς
1773 2664 1827 2719 ἐν

213 2738 464 2814 Λαοδικείᾳ
496 2742 729 2799 συνόδου
775 2748 974 2802 κανόνα
1007 2755 1106 2821 με’,
1139 2751 1229 2801 καί
1279 2749 1331 2802 ἐν
1362 2755 1443 2822 τῷ
1495 2755 1534 2820 ζ’
1582 2773 1700 2832 κεφ.
1731 2758 1829 2808 τοῦ

217 2836 249 2882 ΙΙ
278 2836 531 2907 στοιχείου
564 2836 764 2890 κανόνα
793 2839 878 2890 πθ’
909 2845 1006 2907 νῆς
1040 2847 1080 2900 ς’
1111 2840 1361 2900 συνόδου.

263 2923 316 2976 Ὁ
343 2918 393 2974 δὲ
437 2929 534 2992 τῆς
585 2925 632 2988 ς’
685 2924 915 2980 συνόδου
947 2928 1029 3003 νβ’
1075 2930 1276 2998 κανὼν,
1318 2929 1369 2986 ἒν
1422 2933 1514 3004 μὲν
1552 2937 1674 2995 ταῖς
1721 2931 1830 2987 ἅλ-

214 3006 312 3067 λαις
347 3017 439 3079 τῆς
483 3013 644 3087 ἁγίας
691 3024 1121 3090 τεσσαρακοστῆς
1170 3021 1431 3094 ἡμέραις,
1481 3023 1570 3076 οἷα
1616 3023 1827 3076 πενθεῖν

214 3106 667 3178 προστεταγμένον,
726 3106 818 3159 καὶ
893 3109 1170 3176 νηστεύειν
1247 3109 1335 3165 καὶ
1415 3112 1827 3166 κατανύσσεσθαι

213 3188 272 3249 εἰς
323 3189 572 3265 ἐξίλασμα
629 3198 740 3249 τῶν
802 3192 863 3249 οὗ
921 3196 1105 3259 καλῶς
1175 3197 1380 3272 ἑκάστῳ
1453 3197 1828 3276 βεϐιωμένων,

215 3277 292 3343 τήν
333 3284 432 3332 τῶν
485 3284 948 3358 προηγιασμὲνων
997 3284 1340 3364 λειτουργίαν
1395 3289 1603 3344 κελεύει
1651 3290 1829 3345 τελεῖ-

217 3366 355 3418 σθαι·
387 3368 436 3421 ἐν
467 3367 522 3423 δέ
568 3391 630 3444 γε
667 3377 788 3434 τοῖς
836 3368 1066 3428 σαϐϐασι
1109 3376 1198 3430 καὶ
1240 3382 1357 3439 ταῖς
1399 3383 1682 3448 κεσριαιιαῖς
1732 3379 1827 3434 αύ-

215 3456 315 3523 τῆς,
357 3459 440 3512 καὶ
485 3465 553 3533 τῇ
603 3463 733 3538 ἁγίᾳ
787 3467 885 3517 τοῦ
945 3465 1364 3540 Εὐαγγελισμοῦ
1421 3467 1621 3542 ἡμέρᾳ,
1679 3470 1826 3525 ἐπεί-

214 3563 295 3617 περ
342 3547 388 3600 ἐν
444 3552 670 3612 ταύταις
729 3552 1004 3621 νηστεύειν
1052 3555 1149 3609 οὐκ
1198 3552 1445 3631 ἔννομον,
1495 3559 1583 3612 καὶ
1641 3559 1823 3614 θυσίαν

213 3641 517 3714 προσφέρειν,
570 3640 663 3694 καὶ
723 3639 937 3697 τελείαν
996 3645 1231 3718 γίνεσθαι
1292 3644 1681 3721 λειτουργίαν·
1736 3670 1824 3704 τι-

211 3728 368 3796 μῶμεν
397 3729 494 3802 γὰρ
543 3733 644 3796 τήν
697 3735 797 3785 τοῦ
843 3733 1266 3809 Εὐαγγελισμοῦ
1317 3735 1548 3810 ἡμέραν,
1580 3759 1822 3813 πανηγυ-

208 3812 407 3879 ρίζοντες
465 3817 516 3871 ἐν
578 3820 745 3891 αὐτῇ.
809 3821 883 3882 ὡς
954 3821 1136 3896 ἀρχὴν
1193 3823 1284 3877 καί
1357 3823 1650 3902 κεφάλαιον
1723 3834 1823 3896 τῆς

205 3901 332 3971 ἡμῶν
380 3907 676 3980 σωτηρίας.
709 3911 922 3963 ’Ἔοικεν
975 3908 1065 3964 οῦν
1122 3912 1249 3984 μίαν
1297 3913 1428 3967 εἶναι
1480 3915 1578 3981 τὴν
1625 3936 1823 3970 τεσσα-

205 3996 573 4066 ρακονθήμερον
624 3999 900 4067 νηστείαν.
952 3999 1011 4054 Εἰ
1062 4001 1163 4076 γὰρ
1209 4003 1298 4055 καὶ
1357 4000 1509 4076 ἑτέρα
1558 4010 1672 4066 τοῖς
1721 4027 1817 4060 κα-

204 4079 323 4133 νόσιν
375 4083 791 4158 ἐπεγινώσκετο,
843 4088 1050 4162 ὡρίσθη
1114 4088 1174 4144 ἂν
1223 4092 1313 4145 καὶ
1370 4091 1422 4145 ἐν
1482 4091 1682 4167 ἐκείνῃ,
1740 4097 1817 4166 μὴ

203 4168 376 4226 τελείαν
450 4175 875 4249 ἱεροτελεστίαν,
961 4176 1108 4234 ἀλλᾶ
1189 4179 1644 4256 προηγιασμένην
1728 4205 1816 4239 τε·

208 4253 229 4308 λ
235 4260 356 4313 εἶσθα
365 4282 377 4314 ι
386 4306 397 4318 .

203 4384 292 4436 Διὰ
331 4386 387 4440 τί
432 4387 514 4450 ὡς
555 4386 670 4444 ἐπὶ
717 4391 788 4445 τὸ
834 4390 1152 4470 πλεῖστον
1204 4395 1318 4467 μὲν
1364 4395 1606 4470 τρίτην
1645 4394 1812 4470 ὥραν

256 4463 352 4525 τῆς
405 4459 666 4534 ἡμέρας
716 4463 954 4554 ἡκθεία
1006 4459 1306 4556 τελεῖται
1364 4459 1808 4556 λ’ἑιτουργία·

256 4524 366 4556 Ξ---
429 4530 485 4556 ετξ
533 4534 784 4556 υκ-μγν
858 4536 963 4556 ,,\

1608 4524 1616 4540 .
1664 4524 1674 4542 .

253 4524 369 4581 ἔστι
425 4524 490 4586 δ’τε
530 4524 646 4588 ότε
683 4524 790 4587 καὶ
847 4536 1011 4608 πρὸς
1053 4537 1331 4610 ἑσπέραν
1393 4538 1454 4592 ἐν
1509 4544 1654 4600 ταῖς
1708 4562 1812 4613 με-

253 4599 490 4672 γίσταις
529 4609 665 4660 τῶν
705 4599 976 4679 ἑορτιῖίν.

252 4706 528 4785 ’Δλλὰγαρ
582 4707 849 4781 ζητητέον
899 4712 1140 4785 ἐνταῦθα,
1173 4714 1321 4777 τίνος
1368 4715 1532 4790 χάριν
1575 4714 1664 4771 ἐπὶ
1713 4718 1806 4791 μὲν

201 4796 278 4845 τῶν
321 4796 495 4854 ἄλλων
544 4803 771 4874 ἡμερῶν
829 4807 926 4857 τοῦ
979 4801 1241 4874 ἐνιαυτοῦ,
1293 4805 1416 4880 περί
1464 4826 1570 4860 που
1615 4807 1806 4880 τρίτην

201 4881 309 4955 ὥραν
338 4887 436 4942 ἀπὸ
464 4897 564 4958 τῆς
615 4885 719 4958 ἕω,
748 4890 921 4964 νόμος
946 4894 1046 4962 τήν
1099 4893 1241 4948 Θείαν
1289 4892 1561 4948 τελεῖσθαι
1597 4917 1801 4968 μυσταο

200 4975 399 5046 γωγίακιν
461 4983 572 5033 τῶν
623 4976 680 5034 δὲ
733 4986 1036 5060 περιφανῶν
1086 4978 1228 5036 ἔστιν
1287 4983 1347 5045 ἃς
1403 4985 1629 5058 ἑορτῶν,
1683 5006 1800 5040 και-

199 5063 368 5137 νότερον
420 5071 624 5142 τρόπον
683 5072 849 5126 οἱονεὶ
903 5069 1217 5146 πρεσϐεύειν
1279 5073 1541 5148 οἰόμενοι,
1590 5076 1798 5132 τούτων

201 5151 274 5218 τὴν
297 5155 506 5230 τελετήν
552 5159 633 5220 εἷς
673 5160 771 5228 τήν
825 5161 1046 5236 ἑσπέραν
1097 5163 1484 5237 ταμιευόμεθα,
1527 5166 1614 5218 καὶ
1661 5167 1797 5238 μετά

198 5240 269 5304 τᾶς
303 5245 568 5321 ἑσπερίους
621 5249 779 5311 εὐθὺς
829 5250 1182 5326 ἐπιτελοῦμεν
1234 5252 1397 5324 ᾠδάς.
1448 5255 1611 5310 Τουτί
1662 5260 1790 5328 γοῦν

195 5332 240 5380 τὸ
279 5330 382 5396 ἔθος
425 5340 543 5393 κατ’
588 5337 855 5413 ἐξαίρετον
901 5341 989 5396 καὶ
1039 5340 1149 5413 ίδίᾳ
1203 5345 1500 5416 τετήρηται
1545 5346 1614 5416 τῇ
1661 5345 1791 5420 ἁγίᾳ

193 5417 257 5470 καί
299 5425 495 5500 μεγάλῃ
555 5426 804 5502 πέμπτῃ,
853 5433 932 5501 τῷ
969 5449 1026 5483 τε
1081 5429 1223 5506 ἁγίῳ
1275 5431 1364 5484 καὶ
1427 5431 1653 5505 μεγάλῳ
1696 5417 1786 5486 καὶ

190 5503 424 5585 σεϐασμίῳ
466 5511 721 5588 σαϐϐάτῳ
753 5535 765 5547 ·
799 5519 934 5592 πρὸς
985 5515 1059 5590 δὶ,
1089 5524 1158 5593 τῇ
1205 5524 1487 5598 περιφανεῖ
1514 5526 1614 5589 τῆς
1646 5521 1787 5594 ΧΡ²”

189 5602 290 5650 στσῦ
328 5606 620 5674 γεννήσεως
671 5607 871 5682 ἡμέρᾳ,
913 5607 1004 5662 καί
1049 5629 1106 5682 γε
1151 5613 1220 5682 τῇ
1273 5610 1500 5684 λαμπρᾷ
1547 5611 1636 5665 καὶ
1686 5632 1782 5688 φε-

187 5688 387 5765 ρωνύμῳ
421 5699 514 5748 τοῦ
564 5695 707 5750 Θείου
757 5698 958 5769 φωτὸς,
991 5696 1103 5773 εἷ’γε
1155 5700 1231 5770 μὴ
1283 5699 1588 5755 συνέλθοιεν
1636 5702 1774 5776 ἦμέ-

1226 392 1649 456 SYNTAGMA
1691 394 2319 464 ALPHABETICUM.
2368 439 2444 452 -—
2485 407 2558 468 Τ.

247 525 337 580 τοῖς
387 517 564 578 ἄλλοις
616 522 716 573 τοῦ
775 520 980 596 χρόνου
1039 516 1292 590 σάϐϐασι,
1351 526 1686 599 παρανόμως
1739 550 1840 598 νη·
1871 539 1923 604 Α
1957 548 2159 606 illicite

3479 433 3594 493 142

2183 551 2466 622 jejunent.
2502 557 2621 613 Imo
2651 564 2797 631 quod
2830 566 3020 622 adhuc
3054 571 3232 642 magis
3272 578 3595 636 cauonibus

1952 645 2255 710 repugnat,
2296 641 2643 702 solutionem
2694 649 2930 707 Sabbati
2965 656 3021 710 in
3075 641 3275 716 teriam
3327 673 3592 736 quartam

1950 730 2006 781 et
2031 727 2380 786 Parasceven
2423 733 2700 804 referunt,
2735 743 2908 811 atque
2946 743 3192 803 istorum
3233 751 3459 811 dierum
3494 758 3593 829 je-

1941 815 2180 886 junium
2214 818 2270 873 in
2303 821 2635 893 Sabbatum,
2669 829 2839 897 quasi
2871 832 3116 893 sollicite
3143 841 3447 900 studentes
3479 815 3593 902 dm-

1952 921 2084 960 nem
2117 905 2300 980 legem
2332 927 2559 969 sacram
2610 917 2962 977 subvertere.

2023 1089 2217 1144 Canou
2273 1107 2404 1147 vero
2453 1094 2525 1148 56
2571 1100 2931 1158 contrarium
2989 1104 3160 1174 plane
3207 1110 3592 1174 Armenorum

1953 1191 2208 1233 errorem
2243 1181 2558 1254 corrigens,
2590 1184 2649 1240 in
2682 1187 2947 1246 Sabbatis
2978 1200 3035 1249 et
3077 1195 3401 1260 Dominicis
3437 1207 3592 1271 Qua-

1950 1267 2430 1335 dragesimalibus
2464 1289 2496 1327 a
2526 1289 2693 1332 caseo
2707 1283 2763 1331 et
2793 1281 2914 1335 ovis
2947 1283 3242 1343 abstinere
3271 1289 3427 1361 ipsos
3452 1267 3592 1361 prae-

1951 1351 2126 1422 cipit;
2152 1355 2308 1426 quod
2341 1357 2578 1428 quidem
2600 1370 2946 1436 praeceptum
2972 1370 3030 1424 in
3063 1351 3329 1432 universa
3359 1351 3591 1436 DeiEc-

1948 1439 2125 1498 clesia
2154 1445 2399 1501 obtinet.
2432 1447 2577 1505 Nam
2609 1451 2777 1508 sicuti
2809 1457 2879 1512 ab
2927 1461 3204 1519 omnibus
3251 1467 3592 1528 sacriﬁcatio

1947 1531 2298 1590 animalibus
2324 1539 2742 1610 temperamus,
2776 1545 2851 1599 ita
2883 1551 2938 1602 et
2970 1549 3193 1610 fructus
3239 1554 3499 1627 ipsorum
3531 1560 3588 1615 iu

1945 1619 2142 1676 cibum
2169 1624 2403 1681 minime
2418 1628 2688 1686 adhibere
2703 1633 3004 1693 debemus.
3030 1640 3146 1697 Hoc
3160 1645 3327 1700 etiam
3350 1646 3410 1703 in
3433 1648 3590 1706 feriis
3631 1728 3633 1730 η

1945 1713 2163 1780 quartis
2193 1718 2248 1767 et
2277 1716 2454 1770 sextis
2488 1734 2586 1786 per
2616 1724 2796 1778 totum
2830 1741 3050 1784 annum
3089 1732 3393 1791 observare
3425 1753 3590 1810 opor-

1942 1802 2043 1852 tet.
2079 1799 2184 1863 Qui
2218 1819 2388 1858 secus
2420 1804 2684 1880 fecerint,
2716 1812 3097 1885 depositionis
3120 1827 3222 1878 aut
3252 1840 3587 1883 excommu-

1943 1887 2246 1946 nicationis
2303 1909 2534 1962 pcenam
2589 1898 2663 1955 iis
2713 1901 2980 1975 intentat,
3031 1918 3201 1978 prout
3231 1913 3428 1971 clerici
3458 1917 3588 1975 fue-

1943 1975 2079 2047 rint,
2113 1983 2213 2034 aut
2245 1979 2398 2040 laici.
2421 1984 2532 2042 Sed
2553 1987 2642 2043 vel
2677 1989 2812 2048 hinc
2844 1975 3044 2052 videas
3063 1999 3296 2060 Latinos
3327 2006 3398 2061 ad
3426 2023 3588 2064 sum-

1941 2082 2092 2123 mam
2125 2069 2497 2131 insolentiam
2531 2082 2878 2154 pervenisse,
2902 2089 3177 2158 tanquam
3196 2094 3264 2148 de
3293 2093 3587 2155 industria

1939 2160 2121 2216 sacris
2169 2166 2493 2223 canonibus
2545 2171 2905 2242 resistentes,
2939 2179 3161 2236 scilicet
3208 2182 3265 2239 in
3316 2185 3584 2245 Sabbatis

1939 2253 1995 2301 et
2022 2249 2227 2304 diebus
2260 2251 2580 2311 Dominicis
2613 2275 2714 2330 per
2762 2264 3293 2342 Quadrgesimam,
3327 2291 3440 2330 non
3483 2294 3585 2332 so-

1939 2335 2058 2391 lum
2091 2354 2322 2395 caseum
2357 2351 2412 2397 et
2463 2361 2590 2412 ova,
2641 2351 2739 2404 sed
2781 2353 2953 2408 etiam
2995 2371 3200 2414 carnes
3245 2366 3580 2435 comedunt,

1939 2441 2123 2495 neque
2163 2428 2368 2497 plebeii
2421 2433 2702 2492 duntaxat
2747 2440 2856 2498 boc
2903 2444 3140 2511 faciunt.
3175 2450 3273 2505 sed
3319 2428 3582 2512 monachi

1937 2514 2113 2569 etiam
2147 2516 2339 2573 minus
2371 2519 2512 2576 bene
2554 2524 2826 2584 valentes.

2007 2691 2192 2754 Quare
2216 2705 2269 2750 et
2310 2698 2366 2752 in
2399 2716 2523 2771 cap.
2571 2705 2592 2758 l
2642 2704 2751 2761 litt.
2789 2709 2848 2762 Β.
2877 2727 3004 2782 syn.
3057 2715 3392 2776 Laodicenis
3450 2740 3578 2781 can.

1937 2779 2027 2842 42,
2059 2788 2114 2834 et
2145 2781 2204 2836 iu
2238 2801 2364 2856 cap.
2396 2788 2429 2838 7
2456 2789 2562 2843 litt.
2601 2793 2648 2846 ll
2679 2779 2920 2851 concilii
2941 2803 3088 2856 sexti
3113 2821 3241 2860 can.
3273 2808 3364 2862 89.

2011 2868 2234 2926 Rursus
2266 2890 2452 2930 canon
2494 2880 2565 2931 52
2613 2885 2815 2952 synodi
2869 2899 3061 2959 sexta,
3091 2892 3149 2947 in
3199 2897 3422 2954 castoris
3453 2901 3580 2971 qui-

1939 2959 2066 3011 dem
2093 2961 2559 3035 Quadragesimae
2588 2971 2812 3041 diebus,
2836 2975 3056 3035 scilicet
3088 2981 3287 3052 luctui,
3319 2959 3582 3060 jejuniis,

1940 3062 2005 3100 ac
2036 3053 2788 3120 compunotionidestinatis
2819 3063 2875 3118 in
2891 3068 3274 3137 expiationem
3303 3076 3584 3135 uniuscu‘

1930 3135 2148 3206 jusque
2183 3155 2474 3211 perperam
2507 3151 2975 3223 commissorum,
3023 3160 3281 3218 ofﬁcium
3333 3181 3582 3235 pressan-

1938 3221 2324 3281 ctiﬁcatorum
2357 3230 2632 3288 celebrari
2658 3237 2828 3307 jubet
2857 3258 2871 3294 :
2911 3221 3164 3302 attamen
3218 3250 3274 3305 in
3313 3221 3581 3313 sabbatis

2858 3291 2870 3294 _
2914 3291 3164 3302 _--_.......
3219 3291 3274 3305 ...
3313 3291 3581 3313 “unum

1860 3291 1902 3358 C
1940 3316 1998 3364 et
2033 3315 2342 3372 Dominicis
2373 3319 2856 3396 Quadragesime,
2891 3336 2946 3385 et
2995 3334 3087 3390 die
3136 3354 3298 3395 sacro
3344 3344 3582 3400 Annuu-

1938 3398 2222 3470 tiatiouis,
2243 3404 2510 3475 jejunare
2542 3412 2695 3469 haud
2718 3417 2866 3484 licet,
2892 3418 3025 3477 licet
3058 3429 3247 3482 tamen
3281 3439 3332 3484 et
3358 3398 3577 3488 sacriﬁ-

1935 3487 2089 3545 cium
2165 3493 2394 3562 oll'erre,
2455 3504 2510 3554 et
2567 3505 2878 3574 perfectam
2941 3511 3233 3586 liturgiam
3287 3536 3578 3594 peragere.

1934 3578 2307 3639 Celebramus
2334 3587 2489 3643 enim
2522 3592 2997 3654 Annuntiationis
3027 3578 3182 3658 diem
3228 3578 3487 3666 feriendo
3518 3578 3576 3668 in

1931 3669 2080 3738 ipso,
2114 3675 2395 3743 tanquam
2429 3679 2780 3752 principium
2814 3703 2878 3741 ac
2910 3696 3087 3761 caput
3115 3695 3319 3752 salutis
3342 3706 3573 3758 nostris.

1931 3759 2175 3818 Videtur
2238 3765 2415 3837 igitur
2475 3771 2711 3829 unicum
2769 3792 2895 3833 esse
2927 3759 2999 3838 ac
3041 3785 3289 3858 simplex
3319 3791 3578 3854 Quadra-

1931 3850 2208 3918 gesimale
2240 3855 2426 3912 isthoc
2449 3860 2760 3930 jejunium.
2795 3866 2939 3924 Nam
2973 3873 3021 3927 si
3052 3873 3207 3931 aliud
3241 3878 3300 3934 in
3343 3885 3577 3938 canoni-

1932 3939 2040 3994 bus
2063 3952 2493 4015 agnosceretur,
2528 3953 2908 4012 constitutum
2944 3967 3098 4018 esset
3117 3969 3173 4018 et
3221 3967 3275 4021 in
3309 3967 3408 4024 illo
3459 3988 3571 4028 non

1928 4025 2247 4095 plenarium
2281 4032 2706 4100 ofﬁcirum,sed
2743 4050 3345 4113 praesanctiﬁcatorum
3375 4058 3555 4114 obire.

1927 4412 2101 4480 Quam
2123 4416 2192 4502 pub
2220 4433 2442 4502 causam
2491 4428 2548 4478 ut
2591 4427 2896 4495 plurimum
2945 4437 3106 4491 tertia
3145 4439 3280 4495 hora
3315 4441 3427 4500 diei
3469 4461 3560 4502 sa-

1991 4501 2087 4541 cra
2117 4488 2340 4572 litufgia
2370 4488 2696 4584 ,ιμεναράιιιν
2740 4518 2761 4554 .·
2780 4519 3178 4578 nonnunquam
3225 4522 3432 4584 tamen,
3501 4521 3560 4573 in

1990 4560 2251 4615 maximis
2273 4560 2403 4633 puti;
2432 4560 2602 4635 [est-is,
2625 4574 2862 4644 tempore
2892 4560 3217 4650 υεερὲἶῆιῖο.

1987 4735 2115 4792 Jam
2151 4757 2279 4798 vero
2294 4743 2729 4816 disquirendum
2762 4760 2850 4811 est
2881 4761 3078 4829 quade
3107 4779 3307 4833 causa,
3338 4785 3469 4826 cum
3496 4771 3554 4827 in

1913 4822 2044 4880 aliis
2074 4831 2208 4884 anni
2235 4831 2442 4890 diebus
2473 4838 2624 4895 circa
2654 4841 2859 4900 horam
2901 4850 3125 4906 tertiam
3159 4871 3192 4908 a
3245 4857 3386 4912 solis
3426 4869 3552 4916 ortu

1910 4910 2000 4967 lex
2032 4916 2179 4972 287
2227 4920 2346 4976 vult
2377 4941 2605 4984 sacrum
2637 4933 2888 4990 ofﬁcium
2933 4939 3230 5003 celebrari.
3274 4945 3549 5004 festorum

1906 5006 2288 5070 quorumdam
2322 5028 2388 5065 ex
2421 5029 2529 5070 usu
2563 5019 3040 5093 moderuo,quasi
3075 5029 3350 5097 peculiari
3369 5032 3550 5089 hono-

1905 5106 1964 5144 re
1996 5093 2170 5165 digna
2199 5095 2296 5153 illa
2327 5101 2746 5174 existimantes,
2785 5111 2976 5168 ofﬁcia
3009 5114 3064 5170 in
3106 5133 3402 5190 vesperam
3456 5139 3545 5179 re-

1902 5194 2220 5253 servamus,
2252 5192 2308 5242 et
2339 5196 2470 5260 post
2513 5192 2761 5264 hymnos
2792 5205 3152 5269 vespertinas
3203 5209 3398 5263 statim
3455 5227 3541 5266 ce-

1901 5266 2329 5331 lebramus.Hic
2361 5286 2556 5335 autem
2586 5299 2724 5340 usus
2746 5290 3116 5356 peculiariter
3135 5311 3198 5349 ac
3213 5298 3541 5366 specialiter

1899 5355 2236 5417 observatur
2257 5364 2311 5418 in
2339 5384 2500 5422 sacra
2519 5386 2726 5442 magna
2743 5355 2881 5431 leris
2909 5381 3135 5448 quinta,
3160 5390 3215 5438 et
3237 5386 3291 5440 in
3309 5402 3467 5444 sacro
3481 5397 3538 5445 et

1897 5456 2174 5516 magnoet
2191 5458 2520 5513 venerando
2535 5462 2934 5531 Sabbato,tum
2947 5469 3118 5524 etiam
3145 5471 3358 5529 illustri
3382 5477 3536 5534 Nati-

1891 5534 2088 5592 vitatis
2109 5539 2317 5598 Christi
2333 5546 2443 5614 die,
2459 5552 2628 5619 atque
2641 5553 2815 5608 etiam
2835 5555 2892 5609 in
2916 5573 3080 5614 sacro
3094 5566 3148 5616 et
3161 5562 3530 5622 celeberrimo

1889 5622 2066 5680 divini
2080 5625 2462 5694 luminis,uisi
2479 5638 2622 5693 forte
2635 5641 2837 5697 diebus
2851 5646 3294 5722 coincidantqui
3308 5660 3532 5714 cummi

1889 5713 2044 5769 nime
2058 5718 2354 5786 patiuntur
2369 5723 2610 5783 istorum
2631 5745 2806 5786 causa
2819 5733 3132 5799 ofﬁcieslbi
3145 5741 3356 5801 eximia
3375 5745 3527 5808 inter
