4080 6224
403 393 520 455 143

1677 375 2042 438 ΜΑΤῬΗΑΞΙ
2095 376 2516 442 BLASTARIS

3689 379 3802 438 144

403 525 576 581 mitti.
610 525 774 579 Hisce
796 520 967 576 etiam
983 517 1146 580 adde,
1181 515 1230 568 si
1247 514 1452 584 placet,
1478 511 1768 566 etl‘elicem
1799 514 2034 566 Annun-

2157 532 2296 586 ραις,
2363 518 2469 567 τῶν
2543 513 2754 567 οἰκείων
2829 511 2928 565 οὐκ
2999 511 3363 586 ἀνεχομέναις
3437 512 3526 568 διᾶ
3607 511 3802 573 ταύτας

403 615 666 672 tiationis
680 612 850 666 diem.
871 607 1093 677 Quippe
1105 603 1429 660 consimilis
1445 606 1535 656 est
1547 599 1690 656 ratio
1723 605 1896 671 atque
1917 602 2045 670 ejus

407 705 504 776 qui
523 699 852 775 praecessit;
871 695 1004 767 quia
1033 710 1171 750 nam
1191 692 1303 748 hoc
1323 694 1445 762 ipso
1479 689 1806 747 Paracletus
1819 693 1887 746 ad
1904 706 2041 761 apo-

398 791 576 848 stolos
593 787 802 844 illustri
824 784 994 840 modo
1008 783 1338 847 adveniens,
1355 779 1841 852 ettriplexlumen
1861 779 2047 850 perfe-

399 885 671 946 ctumque
703 875 954 947 perfecte
975 871 1092 926 illis
1117 871 1552 934 demonstrans,
1577 873 1806 922 nosmet
1827 883 2042 936 cogno-

398 967 540 1020 mini
574 965 958 1020 sacrosancta
979 957 1242 1014 'l‘rinitati
1270 957 1408 1012 hora
1427 957 1742 1028 perlectum
1769 955 2041 1010 ministe-

397 1053 546 1107 rium
579 1047 950 1121 tripersonali
971 1045 1554 1112 Deitaticonsecrare,
1589 1059 1687 1114 per
1719 1041 1879 1112 ipsos
1911 1059 2042 1113 per-

395 1141 598 1212 spicue
620 1138 837 1195 docuit.
871 1136 1146 1200 Quamvis
1177 1137 1334 1189 enim
1361 1133 1537 1189 ofﬁcii
1580 1131 1728 1188 sacri
1787 1130 2038 1186 admini-

399 1229 602 1284 stratio
657 1223 968 1282 ineffabilia
1011 1223 1180 1278 Verbi
1233 1221 1720 1292 dispensationem
1765 1219 2043 1291 mysterio

395 1319 628 1390 plenam
651 1314 918 1372 ostendat
935 1329 948 1368 :
965 1311 1147 1368 nihilo
1169 1315 1364 1366 tamen
1391 1309 1585 1364 minus
1601 1309 1848 1380 gratiam
1874 1307 2044 1364 habe-

397 1425 529 1464 mus
560 1401 948 1476 complacenti
977 1405 1190 1457 aaterno
1238 1399 1363 1470 ejus
1397 1399 1574 1464 Patri,
1607 1407 1660 1453 et
1709 1397 2040 1468 cooperanti

395 1495 638 1568 Spiritui
666 1491 1000 1549 viviﬁcanti.
1035 1493 1252 1545 Verum
1282 1489 1342 1543 in
1373 1487 1540 1542 dictis
1587 1487 1923 1557 insignibus
1957 1487 2036 1542 fe-

399 1588 526 1656 stis,
560 1601 628 1640 ea
657 1581 932 1652 mysteria
963 1581 1021 1635 in
1058 1579 1343 1652 profundo
1387 1575 1746 1642 abscondita,
1798 1579 1854 1630 et
1901 1591 2040 1630 con-

395 1683 626 1747 ceptum
672 1671 969 1744 sapientiae
1038 1669 1244 1724 divinas
1307 1666 1665 1738 superantia,
1717 1665 2036 1721 subobscu-

398 1781 458 1820 re
487 1765 742 1836 quidem,
774 1761 937 1832 quasi
969 1757 1338 1828 sciagraphia
1388 1756 1640 1826 quadam
1692 1755 2041 1824 detegantur

2153 599 2404 670 ἐκστῆναι
2453 597 2751 676 πρεσϐείων
2785 621 2796 630 ·
2847 601 3089 668 ταύταις,
3139 600 3186 653 εἰ
3233 600 3446 674 βούλει,
3499 601 3800 674 προστίθει,

2152 690 2242 744 καὶ
2297 691 2394 758 τὴν
2458 689 2626 764 εὐαγῆ
2685 694 2782 744 τοῦ
2843 688 3257 765 Εὐαγγελισμοῦ
3315 691 3549 764 ἡμέραν,
3615 689 3714 744 Καὶ
3765 691 3797 758 ἡ

2157 780 2254 850 μὲν
2287 778 2346 833 ἐκ
2389 783 2497 834 τῶν
2551 778 2773 834 εἲκότων
2817 782 2914 833 τοῦ
2961 779 3228 854 προτέρου
3283 778 3451 846 αἰτία,
3483 778 3566 832 ὅτι
3611 777 3698 832 τοὶ
3747 776 3796 832 ἐν

2151 867 2330 940 τούτῳ
2360 875 2466 938 τῆς
2507 867 2716 943 ἡμέρας
2745 869 2773 922 6
2824 867 3183 942 Παράκλητος
3215 867 3450 942 ἐναργῶς
3497 871 3613 928 τοῖς
3655 866 3798 920 ἀπο-

2155 957 2375 1018 στόλοις
2425 958 2804 1034 ἐπιφοιτήσας,
2853 958 2942 1012 καὶ
2989 958 3052 1012 τὸ
3101 957 3316 1030 τριττὸν
3375 961 3492 1033 φῶς
3551 954 3660 1026 ἤδη
3711 957 3799 1010 καὶ

2149 1044 2359 1101 τέλειον
2419 1045 2620 1108 τελέως
2683 1047 2897 1108 τούτοις
2979 1047 3434 1122 μυσταγωγήσας,
3486 1043 3576 1100 καὶ
3651 1047 3798 1116 ἡμᾶς

2148 1139 2218 1209 τῇ
2271 1134 2547 1208 ἐπωνύμῳ
2602 1142 2703 1203 τῆς
2760 1135 2907 1198 θείας
2958 1133 3188 1208 Τριάδυς
3245 1132 3383 1208 ὥρᾳ,
3433 1137 3530 1204 τήν
3589 1133 3802 1189 τελείαν

2149 1227 2436 1298 καθιεροῦν
2519 1223 2824 1299 ἱερουργίαν
2895 1227 2966 1296 τῇ
3047 1225 3461 1297 τρισυποστάτῳ
3547 1225 3800 1294 Θεότητι,

2151 1311 2222 1367 δι’
2269 1313 2445 1367 αὐτῶν
2493 1317 2673 1388 σαφῶς
2733 1309 3034 1382 ἐδιδάξατο.
3087 1312 3148 1366 Εἰ
3199 1312 3302 1386 γὰρ
3361 1313 3448 1366 καὶ
3509 1313 3607 1382 τῆς
3657 1311 3802 1372 θείας

2149 1401 2458 1476 ἱερουργίας
2518 1403 2552 1468 ἡ
2610 1399 2806 1468 τελετή
2863 1401 2927 1456 τὸ
2999 1407 3100 1470 τῆς
3175 1399 3417 1475 ἀρῥήτου
3477 1400 3800 1474 οἰκονομίας

2151 1490 2453 1566 ὑπογράφει
2481 1493 2578 1543 τοῦ
2637 1489 2814 1562 Λόγου
2877 1491 3198 1562 μυστήριον,
3257 1487 3384 1544 ἀλλ’
3427 1487 3579 1544 οὐδὲν
3631 1491 3799 1557 ήττον

2147 1581 2246 1648 τὴν
2289 1579 2449 1653 χάριν
2497 1577 2653 1649 ἴσμεν
2713 1582 2792 1650 τῷ
2841 1598 2898 1632 τε
2959 1574 3312 1648 εὔδοκήσαντι
3359 1577 3584 1652 ἆνάρχῳ
3632 1578 3800 1632 αὐτοῦ

2151 1667 2343 1741 Πατρὶ,
2401 1667 2492 1721 καὶ
2549 1671 2628 1739 τῷ
2703 1669 3086 1742 συνεργήσαντι
3163 1671 3423 1737 ζωοποιῷ
3501 1665 3798 1739 Πνεύματι.

2149 1758 2244 1812 Ἔν
2299 1777 2358 1831 γε
2417 1757 2525 1827 μὴν
2579 1761 2699 1817 ταῖς
2777 1757 3092 1829 εἰρημέναις
3165 1756 3460 1828 ἐπισήμοις
3539 1756 3796 1830 ἡμέραις,

399 1858 455 1910 et
484 1852 926 1915 adumbrantur,
959 1849 1036 1903 ita
1054 1851 1116 1902 ut
1145 1861 1213 1902 ex
1234 1845 1542 1915 ejusmodi,
1572 1847 1857 1915 quantum
1879 1843 2034 1909 licet,

2147 1845 2285 1920 ἕτερ’
2335 1846 2466 1900 ἅττα
2513 1845 2564 1899 ἐν
2619 1845 2770 1918 βάθει
2817 1843 3226 1919 κεκαλυμμένα,
3273 1844 3364 1898 καὶ
3418 1845 3551 1915 ὑπὲρ
3593 1842 3800 1898 ἔννοιαν

395 1943 740 2008 initiatione,
775 1937 940 1994 nobis
971 1937 1135 1992 detur
1163 1935 1234 1989 ad
1265 1934 1528 1988 divinum
1561 1949 1820 1988 amorem
1857 1931 2039 2002 magis

396 2031 538 2102 erigi
587 2035 644 2086 et
689 2027 894 2084 attolli.
948 2023 1394 2094 Quamprimum
1440 2027 1636 2076 autem
1685 2021 1937 2091 perfecta
1983 2023 2041 2074 et

391 2115 825 2178 summaluxin
859 2113 1028 2171 terris
1059 2111 1330 2184 apparuit
1370 2111 1712 2166 hominibus
1759 2117 2036 2180 tanquam

390 2212 448 2266 in
543 2223 801 2279 vespere,
873 2203 987 2258 ﬁne
1089 2200 1370 2256 nimirum
1458 2198 1828 2264 saeculorum,
1922 2197 2038 2252 diei

393 2299 563 2372 legis,
613 2303 675 2353 ut
723 2295 884 2366 loqui
942 2291 1097 2360 licet,
1151 2289 1504 2346 curriculum
1557 2289 1774 2344 exitum
1827 2287 1970 2343 vidit
2017 2303 2031 2341 :

395 2388 538 2446 Novi
569 2403 699 2444 vero
728 2380 1087 2440 Testamenti
1118 2379 1415 2451 splendor,
1476 2377 1846 2450 polytbeismi
1885 2385 2038 2432 tene-

397 2480 528 2535 bras
561 2475 846 2546 dissipare
869 2471 1124 2544 primum
1157 2467 1366 2540 potuit,
1405 2483 1547 2536 quas
1587 2465 1915 2522 umbratilis
1945 2464 2036 2520 lex

397 2567 579 2624 multo
619 2571 753 2620 ante
799 2562 996 2618 tollere
1043 2558 1341 2614 debuerat.
1391 2557 1750 2626 Quapropter
1806 2560 1862 2609 et
1897 2553 2034 2608 Ser-

393 2663 553 2714 vator
585 2660 781 2710 noster
809 2667 941 2707 cum
973 2645 1279 2718 discipulis
1317 2646 1460 2711 suis,
1503 2645 1602 2714 qui
1637 2649 1764 2698 tum
1797 2643 2034 2714 quidem

391 2745 769 2818 accipiebant,
827 2749 881 2796 et
931 2743 1125 2812 postea
1172 2737 1586 2792 ministrabant
1623 2732 1768 2788 illud
1819 2737 2034 2804 myste-

395 2837 572 2903 rium,
600 2829 1064 2894 communicans,
1091 2825 1494 2890 noninterdiu,
1525 2823 1625 2879 sed
1657 2821 1716 2876 in
1749 2821 2034 2892 profundo

393 2939 647 2997 vespere,
679 2935 901 2992 magna;
936 2923 1074 2988 puta
1109 2915 1260 2971 feriae
1283 2913 1499 2984 quintae
1523 2933 1537 2980 ;
1561 2913 1696 2968 etad
1726 2927 1890 2967 sacra
1912 2925 2036 2965 cer-

395 3014 618 3072 tamina
647 3024 1000 3084 perungens,
1034 3011 1210 3078 atque
1243 3003 1454 3074 pariter
1484 3001 1804 3057 admonens
1845 3001 1916 3056 ab
1947 3015 2034 3054 er-

399 3119 527 3162 rore
575 3105 841 3158 recedere
889 3098 1081 3152 animo
1133 3094 1302 3166 plane
1349 3089 1684 3161 tranquillo,
1749 3094 1807 3146 et
1849 3088 2037 3144 ﬁrmis

398 3191 870 3268 cogitationibus,
920 3187 1161 3242 minime
1200 3183 1435 3256 quidem
1479 3181 1662 3237 instar
1709 3179 2032 3246 oculorum,

395 3242 677 3358 quoatenus
723 3276 980 3352 oportuit
1033 3242 1376 3344 opera‘fore
1433 3270 1694 3338 meliora,
1730 3285 1904 3340 quam
1948 3242 2033 3323 se;

2150 3242 2261 3324 λίῦν
2313 3271 2380 3340 τῇ
2439 3265 2616 3358 πλάνῃ
2689 3242 2914 3342 χωρεῖν,
2947 3242 3372 3342 ’ἀτρεμιζούσῃ“
3405 3242 3656 3341 καθαρως
3721 3271 3797 3340 τῇ

392 3373 650 3430 cundum
696 3373 944 3424 veterem
993 3365 1230 3436 legem:
1279 3363 1390 3417 Hoc
1451 3363 1782 3432 precntum,
1823 3359 2036 3430 inquit,

389 3465 610 3520 Novum
643 3459 850 3515 miscet
879 3455 1321 3510 Testamentum
1353 3450 1424 3507 ii
1465 3450 1558 3522 qui
1593 3467 1696 3522 pro
1745 3447 1845 3505 illo
1894 3463 2034 3504 con-

393 3552 640 3608 tendunt
687 3551 745 3603 et
792 3543 1120 3600 dimicant:
1168 3541 1491 3598 subinuens
1539 3541 1681 3595 adeo
1713 3555 1812 3610 per
1857 3554 2038 3609 pocu-

399 3644 546 3708 lum,
581 3651 880 3708 nunquam
922 3633 1041 3688 [οι-ο
1074 3637 1139 3687 ut
1167 3629 1277 3702 ipsi
1303 3629 1692 3701 periculorum
1733 3635 1790 3684 et
1847 3633 2034 3683 tenta-

399 3735 626 3788 tionum
657 3729 728 3782 ad
758 3737 1014 3780 errorem
1045 3721 1342 3776 immunes
1363 3718 1766 3782 consisterent,
1791 3717 1878 3770 vel
1901 3731 2034 3770 eum

401 3822 631 3895 penitus
679 3811 1054 3878 debellarent,
1092 3811 1259 3881 cujus
1309 3809 1588 3864 instantes
1643 3823 1708 3862 eo
1759 3806 2034 3876 temporis

399 3911 651 3968 tenebras
679 3905 902 3960 illustre
923 3902 1156 3972 signum
1194 3905 1378 3954 erant.
1430 3898 1494 3952 ld
1539 3900 1791 3968 propter,
1846 3911 2034 3966 quan-

393 4009 518 4056 tum
551 3995 720 4053 nobis
748 3992 896 4050 seire
927 3991 1077 4054 licet,
1110 4003 1241 4044 cum
1271 3987 1332 4041 in
1363 3987 1495 4041 aliis
1525 3984 1662 4039 anni
1693 3983 1898 4038 diebus
1937 3982 2032 4038 ho-

391 4107 456 4146 ra
501 4089 674 4143 tertia
716 4081 1080 4140 Euobaristia
1139 4079 1466 4148 peragatur,
1501 4073 1560 4128 in
1613 4073 1784 4128 dictis
1837 4077 2033 4126 tamen

390 4177 616 4234 eximiis
639 4175 868 4238 diebus,
917 4171 1100 4240 iisque
1144 4165 1307 4232 solis,
1357 4163 1752 4234 vespertinum
1799 4165 2033 4231 tempus

385 4285 456 4324 ex
510 4267 740 4321 decreto
797 4263 1038 4317 Patrum
1119 4254 1482 4310 observatur.
1541 4249 1818 4306 Solebant
1875 4247 2032 4304 enim

387 4357 584 4413 Patres
613 4351 872 4411 ofﬁcium
921 4343 1379 4402 Eucharisticum
1433 4339 1750 4396 identidem
1799 4337 2033 4393 submu-

386 4451 529 4514 tare,
561 4453 615 4499 et
645 4457 750 4513 per
785 4439 1113 4494 varietatem
1162 4433 1312 4487 hanc
1358 4429 1766 4501 mysteriorum
1810 4426 2034 4482 incom-

382 4529 940 4605 prehensibilitatem
999 4519 1436 4596 perhumaniter
1493 4517 1658 4573 nobis
1705 4517 2028 4582 ostendere,

2149 1941 2250 2003 τῆς
2297 1938 2393 1988 τοῦ
2443 1938 2576 1988 Θεοῦ
2621 1935 2814 2010 σοφίας
2859 1937 3156 2009 μυστήρια,
3187 1931 3447 2008 ἀμυδρῶς
3496 1937 3612 1994 πῶς
3661 1935 3800 2006 ἡμῖν

2147 2027 2600 2097 παραγυμνοῦται
2658 2023 3154 2098 σκιαγραφούμενα,
3213 2023 3286 2084 ὡς
3343 2019 3402 2076 ἂν
3459 2023 3550 2076 καὶ
3589 2021 3650 2076 ἐκ
3695 2029 3800 2090 τῆς

2145 2111 2374 2178 τούτων,
2427 2113 2657 2166 καθόσον
2699 2112 2942 2188 ἐφικτὸν,
2989 2113 3265 2184 μυήσεως,
3311 2111 3447 2186 πρὸς
3501 2110 3592 2164 τὸν
3651 2113 3796 2164 θεῖον

2147 2205 2284 2276 ἡμῖν
2335 2201 2542 2276 ὑπάρξῃ
2593 2203 2759 2256 πόθον
2809 2201 2896 2256 ἐπὶ
2947 2201 3112 2256 πλέον
3161 2203 3484 2274 πτεροῦσθαι
3531 2201 3620 2256 καὶ
3669 2201 3798 2254 ἀνα-

2145 2291 2427 2348 τείνεσθαι.
2486 2295 2591 2346 Τοῦ
2638 2296 2766 2366 γοῦν
2815 2291 3028 2346 τελείου
3067 2289 3157 2346 καὶ
3213 2289 3382 2364 ἄκρου
3441 2290 3643 2368 φωτὸς,
3705 2287 3796 2344 ἐπὶ

2145 2388 2248 2455 γῆς
2281 2382 2356 2444 ὡς
2405 2380 2457 2436 ἐν
2507 2379 2706 2454 ἑσπέρᾳ
2751 2385 2830 2452 τῷ
2875 2379 3021 2444 τὲλει
3071 2385 3180 2436 τῶν
3225 2381 3437 2435 αἷώνων
3477 2384 3560 2452 τῷ
3599 2381 3798 2452 κόσμῳ

2147 2470 2424 2544 φανέντος,
2473 2470 2633 2533 τέλος
2687 2471 2781 2544 μὲν
2830 2471 2857 2524 ὁ
2909 2467 3114 2546 δρόμος
3163 2471 3262 2538 τῆς
3318 2474 3415 2524 τοῦ
3465 2468 3658 2542 νόμου,
3717 2469 3794 2530 ὡς

2147 2561 2331 2624 εἰπεῖν,
2366 2561 2576 2635 ἡμέρας
2617 2556 2920 2632 ἒλάμϐανεν
2953 2577 2966 2592 ’
3016 2562 3051 2628 ἡ
3085 2557 3140 2614 δὲ
3187 2566 3288 2628 τῆς
3333 2565 3533 2628 Καινῆς
3585 2560 3794 2628 Διαθή-

2145 2671 2247 2718 κης
2299 2649 2444 2722 αὐγὴ
2499 2649 2594 2704 τὸν
2650 2653 2748 2713 τῆς
2805 2646 3078 2702 πολυθέου
3139 2647 3325 2702 σκότον
3385 2647 3575 2708 κακίας
3633 2667 3796 2701 κατα-

2147 2737 2295 2792 λύειν
2331 2739 2638 2813 ὑπήρχετο,
2670 2739 2728 2792 ’ὸν
2777 2739 2806 2792 6
2837 2735 3079 2807 σκιώδης
3121 2737 3288 2810 νόμος
3337 2735 3555 2790 πολλοῦ
3598 2755 3659 2810 γε
3689 2733 3797 2810 ἄρα

2145 2819 2251 2878 ἔδει
2299 2823 2592 2898 περιελεῖν.
2645 2823 2820 2898 Ταύτῃ
2869 2845 2958 2878 τοι
3007 2823 3098 2878 καὶ
3149 2827 3246 2878 τοῦ
3309 2821 3613 2894 μυστηρίου
3667 2821 3800 2876 τού.

2145 2935 2240 2968 του
2269 2917 2390 2975 τοῖς
2436 2909 2888 2985 συλληψομένοις
2929 2909 3039 2983 ⁶ἤδη
3093 2913 3180 2968 καὶ
3232 2912 3636 2986 ὑπουργήσουσι
3688 2931 3796 2983 μα-

2147 3005 2338 3073 θηταῖς
2385 3006 2661 3056 κοινωνῶν
2693 3002 2720 3056 6
2763 3003 2981 3072 Σωτὴρ,
3015 3001 3078 3056 οὐ
3131 3002 3248 3072 μεθ’
3295 3001 3530 3076 ἡμέραν,
3561 2999 3690 3056 ἀλλ’
3739 2999 3796 3054 ἐν

2147 3087 2342 3165 ἑσπέρᾳ
2402 3091 2608 3164 βαθείᾳ,
2665 3097 2766 3159 τῆς
2837 3087 3085 3165 μεγάλης
3150 3089 3405 3162 πέμπτης
3461 3091 3628 3168 φημὶ,
3702 3089 3798 3144 καὶ

2145 3179 2280 3252 πρὸς
2323 3179 2500 3240 θείους
2548 3177 2854 3258 ἐπαλείφων
2902 3179 3134 3255 ἀγῶνας,
3183 3179 3274 3234 καὶ
3325 3179 3494 3252 ὁμόσε
3541 3198 3800 3253 παρακα-

2150 3359 2328 3432 ψυχῇ,
2380 3355 2470 3410 καὶ
2517 3359 2634 3417 τοῖς
2683 3355 2972 3430 λογισμοῖς
3025 3357 3270 3428 ἑστῶσιν,
3322 3357 3434 3430 οὐχ
3480 3355 3630 3415 ὅπως
3677 3361 3799 3418 τοῖς

2149 3444 2483 3524 ὀφθαλμοῖς,
2541 3445 2615 3506 ὡς
2675 3443 2906 3500 ἐντεῦθεν
2969 3443 3286 3516 μελλόντων
3341 3440 3510 3518 ἔργων
3585 3443 3798 3498 ἔσεσθαι

2147 3536 2472 3611 κρειττόνων
2505 3534 2539 3602 ἢ
2572 3535 2708 3588 κατὰ
2745 3533 2836 3588 τὸν
2883 3533 3116 3589 παλαιὸν
3159 3529 3355 3606 νόμον,
3383 3537 3558 3590 Τοῦτο
3587 3535 3648 3588 τὸ
3691 3554 3800 3588 πο-

2147 3625 2403 3699 τήριον-ὴ
2456 3625 2648 3692 Καινή,
2701 3624 2856 3700 φησί,
2887 3625 3100 3698 κίρνησι
3149 3625 3414 3692 Διαθήκη,
3461 3628 3578 3684 τοῖς
3629 3623 3799 3697 ὑπερ-

2153 3717 2392 3792 μάχοῦσι
2442 3713 2640 3782 ταύτης
2673 3712 2762 3766 καὶ
2811 3711 3258 3788 προασπίζουσιν,
3307 3713 3657 3791 ὑπεμφαίνων
3705 3710 3803 3767 διὰ

2145 3807 2243 3858 τοῦ
2291 3801 2585 3878 ποτηρίου,
2636 3804 2710 3874 μὴ
2763 3801 2824 3860 ἄν
2873 3821 3004 3858 ποτε
3045 3801 3259 3864 τούτοις
3307 3803 3557 3877 ὑπάρξαι,
3609 3799 3800 3856 κινδύ-

2147 3915 2252 3948 νων
2298 3891 2422 3948 ἄνευ
2469 3893 2558 3947 καὶ
2608 3896 2922 3968 πειρασμῶν
2976 3899 3076 3960 τῆς
3134 3891 3346 3963 πλάνης
3398 3891 3798 3966 περιγενέσθαι,

2145 3984 2234 4036 καὶ
2267 3982 2342 4043 εἷς
2393 3981 2554 4043 τέλος
2601 3981 2802 4053 ταύτην
2853 3981 3341 4058 καταγωνίσασθαι,
3373 3984 3440 4051 ἧς
3489 3983 3552 4038 τὸ
3595 3980 3802 4036 ἐνιστά-

2150 4093 2312 4144 μενον
2361 4068 2616 4142 τηνικάδε
2663 4073 2876 4142 σκότος,
2927 4076 3154 4144 σημεῖον
3207 4073 3496 4151 περιφανὲς
3543 4073 3632 4141 ἦν.
3686 4071 3799 4132 Διὰ

2147 4160 2212 4231 δή
2259 4165 2447 4228 ταῦτα,
2496 4160 2594 4216 ὅσα
2649 4163 2798 4234 ἡμᾶς
2857 4158 3052 4216 εἰδέναι
3108 4161 3196 4216 καὶ
3245 4162 3308 4216 τὸ
3359 4161 3506 4224 εἰκὸς
3549 4162 3796 4232 ἀπαιτεῖ,

2143 4250 2231 4306 ἐπὶ
2267 4251 2363 4322 μὲν
2403 4255 2512 4306 τῶν
2563 4247 2748 4306 ἄλλων
2795 4253 3018 4324 ἡμερῶν
3065 4253 3161 4305 τοῦ
3209 4252 3437 4325 χρόνου,
3471 4249 3586 4326 ὥρᾳ
3633 4252 3796 4327 τρίτῃ

2142 4340 2208 4392 τὰ
2239 4343 2336 4405 τῆς
2365 4338 2508 4400 θείας
2557 4339 2795 4394 τελεῖται
2839 4339 3144 4414 ἱερουργίας
3173 4357 3186 4372 ·
3236 4340 3374 4394 κατὰ
3425 4339 3519 4411 μέν
3563 4360 3648 4394 τοι
3697 4342 3798 4402 τας

2145 4424 2487 4498 δηλωθείσας
2547 4426 2858 4501 ἐπέσήμους
2915 4427 3004 4482 καὶ
3067 4427 3248 4501 μόνον,
3309 4427 3507 4502 ἑσπέρα
3565 4429 3794 4501 θεσμοῖς

2145 4517 2398 4591 ΙΙατέρων
2447 4519 2791 4590 τετήρηται·
2845 4517 3066 4572 εἰώθασι
3116 4517 3219 4592 γὰρ
3267 4519 3319 4572 οἱ
3369 4519 3504 4573 θεῖοι
3557 4521 3792 4592 Πατὲρες

386 4603 560 4692 atque
580 4619 650 4674 ad
685 4617 945 4680 unicam,
983 4609 1436 4676 ineffabilem,et
1467 4621 1804 4678 supremam
1835 4603 2030 4676 cogni-

2146 4605 2206 4660 τὰ
2233 4613 2333 4674 τῆς
2382 4607 2528 4680 ἱερᾶς
2579 4604 2942 4660 ὑπαλλάττειν
2981 4607 3386 4682 μυσταγωγίας,
3417 4605 3506 4660 καὶ
3552 4605 3642 4662 διὰ
3687 4615 3794 4678 τῆς

381 4711 596 4766 tionem
630 4707 804 4762 etiam
841 4701 1082 4759 miriﬁce
1133 4698 1550 4754 manuducere.
1600 4694 1722 4750 Imo
1771 4693 2030 4765 quidem,

374 4803 541 4870 juxta
588 4793 925 4858 Historiam,
975 4793 1146 4845 noctu
1203 4787 1375 4857 Virgo
1416 4783 1729 4840 Dominum
1787 4781 2026 4854 peperit,

381 4888 534 4959 quod
567 4885 744 4940 etiam
775 4881 958 4952 liquet
987 4895 1056 4934 ex
1087 4877 1188 4931 illo
1220 4873 1610 4946 evangelista},
1645 4893 1672 4920 α
1707 4875 1886 4925 Erant
1924 4885 2026 4924 au-

379 4955 490 5028 tem
525 4975 809 5042 pastores,
845 4989 871 5016 ››
898 4973 1004 5022 etc.
1037 4963 1220 5018 Noctu
1254 4962 1428 5016 etiam
1461 4957 1745 5014 Dominus
1781 4973 1814 5012 a
1847 4955 2024 5011 Joan-

377 5079 446 5118 ne
474 5061 799 5133 baptizatus
847 5061 956 5121 est,
1005 5059 1068 5108 ut
1125 5051 1377 5123 Spiritus
1417 5049 1476 5103 in
1523 5049 1704 5103 forma
1745 5045 2029 5102 columbas

375 5152 444 5210 ad
479 5151 642 5206 illum
665 5147 968 5210 accedens,
998 5147 1054 5198 et
1085 5142 1316 5211 copioso
1347 5137 1570 5193 lumine
1619 5139 1847 5192 noctem
1901 5133 2028 5188 illu-

371 5247 584 5304 strnns,
619 5236 1014 5309 populumque
1051 5229 1370 5302 percellens
1393 5226 1628 5282 insolito
1667 5221 2018 5296 spectaculo,

375 5332 534 5400 ipsos
573 5329 686 5383 Deo
717 5321 1000 5380 Servalori
1029 5319 1332 5375 attendere
1379 5317 1647 5371 moneret
1677 5321 1726 5368 et
1778 5312 2027 5366 obtesta-

377 5425 558 5476 retur.
591 5419 872 5472 Praeterea
904 5417 1074 5468 noctu
1119 5409 1403 5464 Dominus
1445 5407 1514 5462 de
1563 5421 1723 5460 cmna
1783 5403 2028 5472 mystica

375 5525 512 5567 cum
542 5505 844 5577 discipulis
872 5499 1375 5564 communicabat;
1417 5499 1588 5552 noctu
1622 5493 1796 5549 etiam
1829 5493 2028 5549 Resur-

2141 4693 2444 4764 ποικιλίας,
2499 4693 2638 4749 ἔστιν
2697 4693 2728 4748 ἃ
2785 4699 2891 4749 τῶν
2971 4695 3103 4768 ὑπὲρ
3169 4689 3370 4750 ἔννοιαν
3451 4697 3793 4770 μυστηρίων,

2143 4783 2542 4860 φιλανθρώπως
2589 4786 2724 4856 ἡμῖν
2785 4783 3157 4862 ὑπεμιραίνειν,
3207 4783 3298 4838 καὶ
3345 4787 3482 4858 πρὸς
3529 4787 3626 4854 τήν
3677 4787 3794 4840 ένιο

2139 4875 2258 4928 αίαν
2317 4875 2405 4928 καὶ
2463 4873 2764 4950 ὑπέρσοφον
2823 4873 3056 4928 ἐντεῦθεν
3117 4878 3343 4950 γνῶσιν,
3401 4875 3512 4950 οὐχ
3588 4875 3794 4945 ἥκιστά

2140 4967 2452 5038 θαυμασίως
2501 4971 2884 5040 χειραγωγεῖν.
2937 4965 3037 5021 Καὶ
3087 4967 3224 5020 κατὰ
3265 4967 3365 5035 τήν
3415 4966 3658 5040 ἱστορίαν
3714 4971 3792 5037 (1)

2140 5053 2216 5123 δὲ,
2250 5053 2438 5116 νύκτὸς
2487 5057 2520 5124 ἡ
2573 5051 2835 5128 Παρθένος
2887 5054 2975 5109 τὸν
3031 5053 3224 5130 Κύριον
3267 5053 3452 5110 τέτοκε
3485 5073 3498 5086 ·
3549 5055 3636 5110 καὶ
3689 5053 3792 5126 δῆ-

2143 5144 2238 5198 λον
2289 5144 2338 5216 ἐξ
2387 5145 2432 5198 ὦ
2481 5145 2509 5198 6
2559 5141 2970 5220 Εὐαγγελιστής
3023 5165 3210 5222 φησιν,
3255 5143 3330 5206 ὡς
3379 5145 3469 5198 καὶ
3529 5143 3796 5217 ποιμένες

2135 5233 2295 5301 ἦσαν,
2341 5233 2429 5288 καὶ
2487 5234 2552 5288 τὰ
2609 5233 2730 5303 ἑξῆς
2765 5250 2778 5263 ·
2839 5233 3030 5294 νυκτὸς
3075 5229 3132 5286 δὲ
3175 5232 3202 5286 6
3263 5231 3458 5306 Κύριος
3509 5232 3644 5308 πρὸς
3691 5237 3796 5290 τοῦ

2137 5321 2390 5376 Ἰωάννου
2450 5316 2804 5392 ἐϐαπτίσατο,
2852 5319 2944 5376 ’ίνα
2995 5322 3057 5376 τὸ
3115 5325 3336 5392 Πνεῦμα
3395 5321 3446 5376 ἐν
3503 5319 3632 5376 ε’ίδει
3689 5343 3798 5378 πε-

2137 5411 2386 5482 ριστερᾶς
2445 5407 2580 5482 πρὸς
2637 5405 2796 5461 αὐτὸν
2853 5405 3180 5482 ἐρχόμενον,
3235 5404 3456 5481 δαψιλεῖ
3509 5406 3588 5480 τῷ
3645 5410 3794 5486 φωτὶ

2135 5497 2234 5563 τήν
2281 5495 2444 5552 νύκτα
2493 5499 2879 5572 περιαυγάσαν,
2923 5497 3010 5550 καὶ
3061 5495 3152 5551 τὸν
3201 5494 3328 5550 λαὸν
3381 5494 3652 5567 ἐκπλῆξαν
3707 5502 3800 5570 τῷ

439 5647 524 5716 (1)
567 5643 878 5718 Καίκατᾶ
917 5643 1034 5709 τήν
1073 5637 1472 5712 ἱστορίαν...
1518 5631 1805 5704 ἐδέξατο.
1847 5635 2034 5694 Monet

2149 5639 2258 5694 iter
2289 5639 2584 5696 Asthensis
2618 5639 2739 5697 hee
2781 5639 2840 5695 in
2871 5639 3220 5698 condicibus
3253 5655 3393 5697 mss.
3429 5655 3576 5711 quos
3599 5641 3802 5718 inspi-

367 5733 506 5800 cere
547 5717 736 5794 potuit
765 5717 982 5776 deesse.
