4080 6224
275 364 362 425 145
784 384 793 394 ·
1243 358 1660 419 SYNTAGMA
1706 359 2340 423 ALPHABETIGUM.
2387 393 2464 406 -
2506 363 2578 422 T.

3509 361 3625 422 146

272 498 483 568 ἀσυνήθει
525 499 620 561 τῆς
675 494 823 560 θέας,
871 493 956 547 οἶα
1004 494 1122 563 Θεῷ
1164 489 1245 564 τῷ
1299 497 1518 567 Σωτῆρι
1566 493 1850 568 προσέχειν

1972 496 2149 553 rectio
2195 494 2469 553 salutaris
2517 494 2796 566 contigit;
2842 496 3015 551 noctu
3069 492 3321 566 denique
3367 493 3536 565 Virgo
3584 510 3619 549 a

268 589 447 649 τούτοις
491 581 917 658 διαμαρτύρηται
950 597 963 614 ⁸
1019 580 1218 645 νυκτὸς
1257 578 1315 635 δὲ
1353 579 1411 636 δὲ
1446 586 1543 637 τοῦ
1595 588 1858 657 μυστικοῦ

1969 584 2235 643 Gabriele
2264 585 2470 640 miram
2501 582 2660 639 illam
2685 584 3091 640 salutationem
3137 584 3355 640 retulit.

266 676 443 734 δείπνου
489 674 515 728 ὁ
559 670 756 745 Κύριος
804 669 1206 740 κεκοινώνηκεο
1250 670 1444 734 νυκτὸς
1490 669 1548 726 δὶ
1579 671 1669 727 καὶ
1720 674 1755 742 ἡ
1807 673 2080 749 σωτήριος
2132 671 2450 736 ’Δνάστασις
2493 671 2778 746 γεγένηται
2807 688 2820 702 ·
2871 671 3061 734 νυκτὸς
3116 672 3205 727 καὶ
3248 673 3285 742 ἡ
3336 669 3612 746 Παρθένος

262 767 372 843 πρὸς
396 767 482 818 τοῦ
517 756 762 836 Γαϐριῆλ
792 760 885 817 τὸν
918 759 1202 834 ἀσπασμὸν
1228 760 1322 816 τὸν
1354 760 1500 831 ξένον
1528 759 1763 833 ἐδέξατο.

317 861 402 914 Καὶ
439 855 585 922 ὁτῆς
621 852 675 907 έν
716 849 1001 923 Λαιδικείᾳ
1036 849 1096 906 δὲ
1136 852 1220 926 μθ¹
1262 852 1399 907 κατά
1443 854 1543 922 τῆν
1591 874 1855 929 τεσσαρα-

260 946 552 1018 κονθήμερον
606 940 809 1011 ταύτην
870 938 1028 1015 ἄρτον
1078 939 1424 1019 προσφέρειν,
1480 941 1605 1011 ἢτοι
1648 940 1856 997 τελείαν

258 1040 398 1091 ποιεῖν
435 1030 825 1105 ἱεροτελεστίαν
869 1031 969 1086 οὐκ
1017 1028 1194 1087 οῗεται
1242 1028 1376 1105 δεῖν,
1425 1031 1472 1087 εί
1524 1034 1600 1107 μή
1647 1031 1699 1086 ἐν
1737 1037 1853 1095 τοῖς

259 1122 423 1191 ταύτης
451 1114 678 1174 σάϐϐασι
710 1119 798 1173 καὶ
832 1123 1139 1189 κυριακαῖς.

310 1216 357 1265 Ὁ
382 1210 433 1265 ὂὶ
460 1210 535 1265 va‘
577 1211 719 1283 μήτε
762 1207 815 1263 έν
855 1212 972 1270 ταῖς
1025 1209 1293 1281 μνήμαις,
1338 1209 1477 1281 μήοε
1515 1207 1568 1263 ἐν
1604 1213 1721 1270 τοῖς
1761 1224 1851 1283 γε·

255 1299 453 1362 υεθλίοις
486 1303 595 1353 τῶν
637 1297 809 1375 άγίων
855 1316 1162 1372 μαρτυρων,
1202 1299 1320 1353 καθ’
1360 1297 1498 1369 ὅλην
1533 1300 1631 1367 τήν
1671 1318 1853 1353 τεσσα-

254 1389 501 1464 ρακοστήν,
558 1385 652 1442 διὰ
704 1386 918 1449 τελείας
976 1386 1161 1451 θυσίας
1223 1386 1495 1443 ἐπιτάττει
1546 1385 1852 1463 πανηγυρί-

252 1486 354 1549 ζειν,
391 1478 432 1532 εί
480 1480 670 1551 μήπου
711 1476 1019 1532 συνέλθοιεν
1065 1476 1254 1555 ἡμέφᾳ
1300 1472 1573 1533 σαϐϐάτου
1602 1474 1640 1547 ἤ
1669 1498 1855 1551 κυρια-

248 1575 366 1638 κῆς·
413 1568 496 1621 καὶ
550 1566 597 1621 εί
655 1571 766 1620 τῶν
830 1566 1116 1639 μαρτύρων
1166 1567 1261 1629 τὰς
1321 1569 1540 1640 μνήμας
1595 1567 1853 1642 ἀθέμιτον

248 1658 288 1712 ἑν
334 1656 548 1730 ἡμέραις
602 1654 896 1727 νηστίμοις
946 1651 1241 1725 ἒπιτελεῖν,
1289 1654 1474 1730 σχολῇ
1520 1676 1582 1731 γε
1628 1653 1695 1725 δή
1747 1676 1853 1709 που

2034 855 2197 913 τις
2228 857 2414 925 Atque
2451 856 2650 912 Conon
2699 855 2769 909 49
2815 853 3044 910 concilii
3095 854 3399 911 Laodiceni
3453 855 3609 911 haud

1961 961 2192 1017 equum
2210 944 2502 1001 existimat
2514 947 2773 1015 tempore
2788 942 3273 1016 quadragesimali
3288 947 3387 998 aut
3399 959 3609 1015 panem

1963 1034 2178 1096 ot‘ferri.
2233 1039 2334 1091 aut
2377 1034 2690 1107 perfectam
2742 1033 3038 1105 liturgiam
3093 1033 3306 1106 peragi,
3367 1037 3612 1106 prseter-

1963 1141 2136 1198 quam
2170 1125 2229 1182 in
2257 1124 2531 1182 Sabbatis
2563 1131 2615 1180 et
2650 1124 2989 1180 Dominicis.

2031 1214 2227 1271 Canon
2294 1214 2468 1270 etiam
2523 1213 2591 1267 5i
2676 1229 2862 1283 neque
2930 1213 2989 1268 in
3050 1212 3369 1281 memoriis,
3412 1226 3601 1284 neque

1961 1303 2237 1360 natalitus
2263 1305 2598 1359 sanctorum
2639 1305 2985 1374 martyrum,
3021 1317 3123 1374 per
3146 1305 3325 1358 totam
3357 1302 3610 1373 quadra-

1958 1393 2266 1462 gssimam,
2326 1393 2647 1462 perfectum
2711 1389 3063 1447 sacrificium
3123 1390 3399 1447 celebrari
3461 1407 3609 1461 praa-

1959 1481 2143 1551 cipit:
2189 1481 2299 1537 nisi
2343 1482 2488 1538 forte
2538 1497 2670 1536 cum
2718 1481 2971 1537 Sabbato
3021 1485 3119 1537 aut
3172 1480 3265 1535 die
3309 1479 3610 1536 Dominica

1960 1570 2315 1628 coiucidant.
2376 1570 2839 1642 Haudquaquam
2882 1585 3015 1625 vero
3047 1570 3097 1626 si
3127 1568 3262 1626 licet
3290 1569 3350 1624 in
3399 1568 3606 1625 diebus

1956 1660 2163 1731 jejunii
2227 1657 2313 1715 vel
2393 1661 2714 1731 martyrum
2782 1657 3092 1714 memorias
3167 1657 3477 1727 celebrare,
3534 1673 3602 1713 eo

244 1751 330 1802 τῶν
380 1745 557 1807 ἄλλως
628 1743 1044 1819 ἀποιχομένων,
1100 1745 1147 1800 εἰ
1207 1745 1283 1819 μή
1341 1744 1395 1800 ἐν
1454 1740 1711 1818 σαϐϐάτῳ
1762 1745 1850 1800 καῖ

1967 1749 2164 1804 minus
2195 1765 2226 1804 e
2253 1749 2370 1805 vita
2401 1746 2826 1805 discedenlium
2858 1745 3014 1814 licet,
3058 1746 3171 1804 nisi
3220 1746 3314 1802 die
3342 1746 3610 1818 Sabbati,

245 1857 372 1909 μονῳ
380 1878 391 1890 .

296 1926 349 1983 '0
375 1923 426 1979 δε
449 1924 526 1998 νβ’
555 1920 689 1979 οὐδὲ
735 1924 972 2001 γάμους,
1024 1920 1150 1979 οὐδἒ
1194 1921 1447 1999 γενέθλια
1490 1922 1666 1978 τελεῖν
1700 1921 1751 1978 έν
1780 1926 1848 1997 τῇ

236 2015 601 2088 τεσσαρακοστῇ
635 2016 942 2089 συγχωρεῖ.

234 2122 416 2181 Ὅπως
444 2115 950 2179 ἀποδεκάτωσις
990 2121 1111 2173 τοῦ
1150 2115 1312 2172 ὅλου
1353 2117 1599 2244 χρόνου
1640 2120 1675 2188 ἠ
1708 2138 1845 2173 τεσ-

291 2192 651 2244 σαρακοστῆ
687 2189 986 2244 λέγεται.
1010 2192 1119 2244 καὶ
1151 2188 1257 2244 διὰ
1288 2211 1365 2244 πο
1410 2211 1478 2244 ας
1509 2190 1730 2244 αἰτίας
1758 2210 1845 2244 τε-

291 2192 651 2266 σαρακοστή
680 2189 986 2266 λέγεται,
1010 2192 1119 2266 καὶ
1151 2188 1257 2245 διὰ
1288 2188 1478 2253 ποίας
1509 2190 1730 2253 αἰτίας
1758 2210 1849 2245 τε-

292 2260 491 2317 λεῖται
522 2264 647 2317 ὅσα
676 2260 741 2316 ἰν
773 2260 948 2335 αὐτῇ
979 2261 1312 2319 τελεῖται.

294 2367 446 2426 Ἀλλᾶ
490 2368 593 2443 γάρ
647 2367 816 2423 καλὸν
859 2366 919 2423 ἄν
979 2365 1062 2438 ε’ίη
1112 2369 1202 2423 καὶ
1244 2366 1341 2431 τάς
1389 2369 1598 2425 τούτων
1648 2367 1850 2440 αἰτίας,

234 2460 294 2520 ὼς
326 2459 436 2512 οἶόν
485 2479 564 2527 τε,
620 2455 797 2528 δήλας
844 2458 1010 2511 θεῖναι
1058 2460 1175 2521 τοῖς
1222 2458 1539 2534 ἀγνοοῦσινο
1592 2454 1847 2532 ἄγνωμον

233 2548 315 2624 γάρ
368 2546 576 2603 ἐκείνων
637 2548 903 2623 φθονῆσαι
979 2550 1095 2608 τοῖς
1172 2545 1465 2623 βαθυτέρας
1535 2545 1847 2622 ἐφιεμένοις

231 2638 473 2712 γνώσεως,
506 2632 541 2691 ἆ
576 2636 711 2698 τοὺς
757 2634 1004 2697 πολλοὺς
1054 2636 1294 2710 ῥᾳθυμίᾳ
1341 2634 1662 2716 διαπέφευγε
1706 2636 1846 2713 γνώ-

235 2746 344 2799 μης-

286 2818 446 2879 Ἅπας
502 2818 532 2872 ὁ
580 2813 823 2875 παλαιὸς
869 2815 1041 2887 νόμος
1086 2819 1201 2877 τοῖς
1254 2816 1472 2891 ὁρατοῖς
1512 2813 1845 2872 ἐκπαιόεύειν

230 2904 385 2961 εἰώθει
416 2908 512 2974 τήν
550 2910 669 2960 τῶν
708 2904 952 2978 ἀοράτων
988 2903 1331 2976 κατάστασιν,
1374 2906 1464 2960 καὶ
1502 2910 1618 2968 τοῖς
1660 2926 1847 2978 σωμαο

229 3000 376 3057 τικοῖς
428 3000 537 3051 τῶν
602 2997 985 3067 πνευματικῶν
1035 2994 1501 3070 πραγματεύεσθαι
1546 2996 1646 3064 τὴν
1693 2992 1851 3069 διόρ-

229 3084 368 3138 θωσιν
390 3102 402 3115 ·
433 3085 569 3158 πρὸς
607 3082 665 3138 δὲ
692 3088 811 3145 τοῖς
842 3080 1058 3152 ἄλλοις,
1090 3084 1178 3137 καὶ
1210 3086 1304 3147 τὰς
1332 3088 1440 3139 τῶν
1488 3084 1842 3160 ὑπαρχόντων

227 3171 426 3236 δεκάτας
470 3179 554 3247 τῷ
613 3179 731 3247 Θεῷ
784 3176 1067 3248 καθιεροῦν
1126 3173 1357 3246 έτησίως
1412 3180 1528 3238 τοῖς
1588 3173 1846 3235 παλαιοῖς

230 3264 598 3336 προσετέτακτο
630 3284 643 3296 ⁸
695 3262 764 3316 τά
812 3259 869 3317 δί
924 3265 1166 3324 τυπικῶς
1203 3264 1331 3338 παρ’
1379 3262 1607 3327 ἐκείνοις
1651 3261 1849 3317 τελού-

230 3372 345 3424 μενα
383 3355 660 3425 μυστικῶς
703 3352 840 3424 ἡμῖν
882 3346 1299 3425 έκλαμϐανεται.
1344 3357 1407 3409 Ἡ
1453 3354 1544 3408 οὖν
1586 3351 1700 3408 θεία
1738 3355 1845 3407 τῶν

226 3441 524 3497 ἀποστόλων
587 3438 781 3516 λογάς,
835 3441 911 3513 μὴ
961 3438 1271 3504 καταλύειν,
1323 3440 1449 3497 ἀλλ’
1497 3440 1850 3516 ἂναπληροῦν

226 3532 308 3585 κάν
350 3533 529 3603 τούτῳ
580 3531 647 3586 τὸ
697 3526 873 3585 ἐνδέον
915 3528 1208 3605 ἐγνωκότες
1246 3534 1344 3585 τοῦ
1386 3529 1580 3605 νόμου,
1632 3531 1695 3586 οὐ
1737 3534 1847 3585 τῶν

226 3620 498 3695 ἐπικαίρων
549 3620 917 3696 πραγμάτων,
963 3618 1110 3675 ἀλλᾶ
1151 3620 1261 3676 τῶν
1301 3621 1523 3695 ἡμερῶν
1559 3622 1657 3690 τῆς
1700 3624 1846 3690 ζωῆς

226 3711 365 3781 ἡμῶν
408 3709 644 3777 ἑκάστης
691 3711 790 3762 τοῦ
842 3705 1092 3762 ἐνιαυτοῦ
1139 3716 1495 3784 περιτροπῆς,
1542 3709 1638 3771 τὰς
1689 3706 1846 3763 δεκάς-

225 3816 305 3858 ta:
339 3796 621 3872 καθιέροῦν
658 3800 740 3866 τῷ
778 3799 895 3868 Θεῷ
930 3796 1325 3868 τεθεσπίκασιν,
1382 3797 1457 3860 ὡς
1504 3796 1564 3851 ἂν
1613 3794 1703 3851 διδ.
1747 3803 1848 3866 τῆς

226 3884 268 3940 ἐν
320 3884 498 3948 αὐταῖς
557 3882 809 3953 σπουδῆς
868 3884 957 3939 καὶ
1018 3883 1345 3959 θερμοτέρας
1419 3884 1724 3958 μετανοίας,
1781 3885 1850 3939 τά

226 3982 330 4049 παρ’
382 3975 511 4030 ὅλον
565 3974 665 4029 τόν
721 3974 957 4028 ἐνιαυτὸν
1024 3976 1121 4043 τῆς
1174 3977 1360 4048 ψυχῆς
1416 3975 1847 4052 ἁρῥωσυήματα,

223 4065 301 4118 σὺν
355 4069 467 4137 Θεῷ
526 4066 738 4138 βοηθῷ,
791 4061 1150 4135 δυνηθείημεν
1198 4062 1537 4133 έξιάσασθαι’
1591 4065 1650 4118 τὸ
1701 4062 1850 4119 δέκα·

223 4173 301 4206 τον
338 4149 389 4207 δὲ
425 4156 526 4207 τοῦ
566 4150 846 4217 ένταῦτοῦ,
884 4152 981 4215 τὰς
1023 4158 1132 4207 τῶν
1172 4158 1433 4223 νηστειῶν
1471 4154 1664 4214 ταύτας
1706 4153 1849 4226 ἡμέ-

226 4262 307 4314 ρας
349 4241 478 4297 εἶναί
529 4260 731 4318 φαμεν,
796 4241 862 4297 Αἱ
919 4241 1018 4316 γάρ
1078 4242 1213 4297 ἑπτὰ
1261 4242 1467 4298 τούτων
1528 4238 1848 4312 ἒϐδομάδες,

224 4332 380 4407 χωρὶς
414 4336 529 4384 τῶν
573 4324 865 4383 σαϐϐάτωτ
905 4331 993 4384 καὶ
1033 4335 1326 4404 κυριακῶν,
1369 4334 1569 4405 ἡμέραι
1610 4333 1846 4407 γίνονται

226 4417 361 4473 πέντε
416 4420 555 4493 πρὸς
615 4424 735 4481 ταῖς
788 4420 1080 4487 τριάκοντα
1113 4439 1126 4452 ·
1176 4422 1602 4496 προστιθεμένου
1660 4418 1715 4475 δὲ
1760 4418 1849 4473 καί

1964 1852 2148 1910 eoque
2179 1836 2320 1895 solo.

2028 1926 2332 1983 Proximus
2389 1929 2585 1984 autem
2644 1941 2827 1982 canon
2897 1941 3083 1997 neque
3135 1925 3372 1998 nuptias
3419 1939 3609 1998 neque

1959 2016 2221 2074 natalitia
2245 2015 2304 2071 in
2337 2014 2795 2087 Quadragesima
2834 2014 3127 2072 celebrare
3154 2015 3452 2087 permittit.

1959 2125 2211 2194 Quanam
2257 2122 2477 2179 ratione
2523 2121 2951 2193 Quadragcsima
2993 2120 3207 2177 decima
3269 2138 3399 2193 pars
3435 2124 3603 2178 tonus

2026 2196 2168 2251 anni
2195 2194 2525 2264 appellatur,
2557 2198 2608 2249 et
2628 2210 2764 2264 quas
2792 2194 2856 2250 ob
2899 2209 3093 2249 causa:
3140 2208 3203 2250 ea
3241 2196 3603 2266 peraguntur,

2028 2282 2153 2339 quae
2180 2270 2239 2322 in
2273 2270 2391 2338 ipsa
2419 2266 2696 2322 observari
2714 2266 2907 2322 solent.

2025 2372 2440 2428 Verumtamen
2471 2371 2626 2427 haud
2658 2371 3045 2442 iniucundum
3069 2371 3241 2428 fuerit
3267 2375 3325 2427 et
3342 2371 3588 2427 istarum

1956 2476 2150 2517 rerum
2199 2476 2430 2528 causas,
2488 2459 2581 2515 his
2631 2460 2728 2531 qui
2784 2459 3071 2530 ignorant,
3112 2467 3396 2532 quantum
3454 2458 3593 2515 licet

1956 2550 2298 2625 patefacere.
2331 2548 2612 2605 Inscitum
2644 2548 2800 2603 enim
2824 2551 2913 2605 est
2958 2563 3026 2605 ea
3063 2548 3320 2605 invidere
3368 2550 3599 2622 profun-

1956 2639 2102 2696 diori
2142 2637 2416 2694 scientias
2464 2637 2758 2705 imbutos;
2799 2653 2932 2709 quas
2964 2637 3271 2710 plerosque
3318 2654 3432 2710 pra
3490 2653 3599 2693 sua

1953 2728 2184 2800 ignavia
2214 2727 2467 2800 fugiunt.

2030 2816 2305 2874 Universa
2349 2816 2440 2873 lex
2477 2821 2640 2871 vetus
2688 2815 3019 2873 visibilibus
3068 2816 3239 2873 solita
3268 2821 3359 2873 est
3404 2833 3599 2873 rerum

1957 2905 2337 2964 invisibilium
2382 2910 2653 2962 naturam
2711 2907 2972 2976 edocere,
3005 2910 3063 2961 et
3108 2906 3396 2978 corporeis
3429 2906 3602 2975 spiri-

1958 2995 2200 3053 tualium
2232 2994 2706 3052 constitutionem
2741 2998 3018 3068 praestare
3046 2999 3105 3052 et
3131 2996 3421 3053 exhibere.
3445 2996 3604 3052 Inter

1960 3085 2075 3143 alia
2103 3084 2355 3141 decimas
2387 3083 2732 3141 facultatum
2766 3086 2880 3141 Deo
2910 3100 3250 3142 consecrare
3289 3085 3603 3157 quotannis

1961 3174 2168 3247 priscis
2197 3174 2570 3243 imperatum.
2594 3175 2728 3240 Qua
2750 3187 2881 3229 vero
2911 3173 2982 3229 ab
3014 3173 3132 3230 illis
3154 3174 3343 3246 typice
3372 3177 3606 3245 peracta

1955 3267 2140 3331 erant,
2175 3279 2208 3319 a
2232 3262 2399 3319 nobis
2421 3262 2660 3335 mystice
2699 3262 3085 3334 accipiuntur.
3136 3262 3414 3327 Quocirca
3452 3262 3606 3318 divi-

1951 3368 2093 3409 num
2139 3351 2317 3407 decus
2387 3352 2635 3424 apostoli
2684 3367 2799 3408 non
2847 3351 3158 3408 dissolvere
3205 3352 3462 3424 quidem,
3502 3353 3600 3407 sed

1952 3441 2222 3514 supplere
2304 3439 2413 3497 hoc
2503 3441 2627 3513 ipso
2717 3440 2977 3497 volentes
3067 3441 3357 3497 defectum
3436 3440 3598 3513 legis,

1951 3531 2328 3587 decreverunt
2353 3545 2468 3585 non
2501 3530 2757 3601 cujusvis
2787 3530 3153 3601 tempestatis
3204 3530 3447 3594 fructus,
3497 3530 3598 3586 sed

1950 3619 2080 3675 vita:
2138 3624 2350 3675 nostra:
2407 3618 2717 3690 cujuslibet
2769 3620 2948 3675 annui
3015 3620 3299 3676 decursus
3346 3618 3604 3675 decimas

1951 3709 2067 3766 Deo
2114 3724 2502 3770 consecrare;
2550 3709 2694 3765 adeo
2746 3714 2807 3764 ut
2854 3726 2956 3781 per
3019 3710 3488 3767 exercitationem
3542 3711 3602 3766 in

1951 3798 2082 3854 istis
2111 3802 2165 3853 et
2208 3798 2598 3866 pmnitentiam
2625 3798 2931 3865 acriorem,
2971 3798 3343 3854 inﬁrmitates
3393 3801 3601 3856 animis

1953 3903 2056 3958 per
2084 3890 2270 3941 totum
2296 3901 2538 3945 annum.
2560 3887 2867 3957 adiuvante
2897 3887 3034 3956 Deo,
3059 3903 3263 3943 sanare
3287 3887 3599 3958 possimus.

1953 3975 2252 4033 Deoimam
2305 3980 2496 4030 autem
2546 3977 2683 4031 anni
2747 3980 2967 4046 partem
3011 3977 3185 4032 hosce
3228 3976 3437 4046 jejunii
3471 3976 3597 4031 dies

1954 4065 2232 4123 conficere
2264 4067 2603 4120 asscrimus.
2628 4067 2853 4137 Quippe
2893 4073 3111 4137 septem
3162 4067 3365 4121 horum
3417 4066 3597 4136 septi-

1955 4170 2164 4221 manae,
2214 4154 2450 4209 omissis
2510 4156 2779 4211 Sabbatis
2836 4160 2893 4211 et
2951 4155 3291 4222 Dominicis,
3339 4156 3602 4212 conﬁunt

1954 4243 2080 4298 dies
2109 4242 2198 4307 35,
2249 4243 2442 4297 addito
2492 4259 2624 4298 vero
2672 4260 2885 4315 magno
2933 4244 3205 4312 Sabbato,
3256 4248 3312 4300 et
3360 4242 3602 4299 dimidia

1958 4334 2121 4401 parte
2153 4330 2402 4401 insignis
2432 4335 2490 4387 et
2519 4331 2839 4400 splendidas
2862 4331 3065 4400 noctis,
3100 4332 3460 4404 colliguntur
3480 4331 3605 4387 dies

1954 4421 2179 4475 36cum
2211 4419 2493 4487 semisse;
2536 4422 2635 4492 qui
2675 4427 2870 4477 exacte
2900 4422 3269 4478 constituunt
3319 4422 3607 4477 decimam

225 4514 306 4562 τοῦ
337 4507 586 4583 μεγάλου
618 4502 913 4577 σαϐϐάτου,
944 4508 1034 4564 καὶ
1063 4513 1161 4564 τοῦ
1191 4511 1418 4582 ἡμίσεος
1449 4518 1549 4579 τῆς
1597 4508 1850 4583 λαμπρᾶς

1967 4513 2179 4579 partem
2206 4508 2310 4563 365
2339 4509 2560 4564 dierum
2600 4510 2776 4565 unius
2824 4511 2981 4566 anni.
3016 4510 3160 4566 Nam
3208 4511 3429 4566 decima
3478 4526 3609 4582 pars

226 4598 299 4652 καὶ
328 4596 665 4675 φωτοειδοῦς
694 4600 909 4670 νυκτὸς,
941 4599 1143 4675 ἡμέραι
1184 4620 1428 4676 γινονται
1475 4600 1553 4662 λς’
1594 4601 1681 4654 καὶ
1717 4598 1853 4671 ἠμί-

228 4707 345 4759 σεια,
400 4689 462 4744 τὸ
529 4688 560 4741 ι’
620 4682 862 4762 ἀκριϐῶς
920 4688 1074 4742 οὖσαι
1132 4692 1241 4743 τῶν
1297 4690 1396 4759 τξε’
1443 4692 1538 4743 τοῦ
1604 4689 1853 4743 ἐνιαυτοῦ

228 4780 447 4854 ἡμερῶν.
488 4782 612 4834 ἰ’ῶν
662 4778 762 4852 γὰρ
811 4777 1133 4852 τριακοσίων
1174 4780 1236 4834 τὸ
1293 4777 1537 4852 δέκατον,
1586 4780 1653 4834 τά
1698 4798 1849 4852 τρια-

226 4889 389 4937 κοντα,
416 4870 510 4924 καὶ
553 4873 665 4925 τῶν
782 4868 849 4923 τά
886 4872 950 4940 ς’,
991 4870 1079 4923 καὶ
1117 4874 1226 4924 τῶν
1264 4873 1300 4925 ε’
1336 4870 1396 4924 τὸ
1437 4870 1631 4943 ἥμισυ,
1680 4866 1853 4925 Ἀλλᾶ

230 4960 304 5011 καὶ
343 4955 526 5030 ἵτερόν
579 4978 634 5013 τι
687 4958 945 5031 μυστικὸν
993 4957 1236 5034 ἐμφαίνει
1282 4960 1543 5035 θεώρημα
1585 4959 1613 5013 ὁ
1641 4977 1854 5033 τριακο-

231 5047 335 5109 στός
358 5043 516 5109 ἕκτος
557 5045 723 5108 οὗτος
762 5046 995 5121 ἀριθμός
1020 5065 1032 5081 ·
1074 5047 1337 5123 τρίγωνον
1383 5048 1489 5123 γὰρ
1529 5046 1657 5103 ὄντα
1698 5045 1851 5124 φασὶν

233 5137 418 5213 οἱπερὶ
456 5140 633 5192 ταῦτα
672 5133 1061 5211 έσχολάκότες,
1102 5137 1190 5191 καὶ
1232 5138 1306 5199 εἰς
1349 5144 1543 5217 σχῆμα
1581 5134 1857 5211 τετραγώ-

232 5247 312 5281 νου
346 5228 433 5281 καί
471 5225 687 5281 κ·3κλου
742 5222 1106 5300 μεταϐάλλειν
1134 5271 1146 5283 .
1188 5227 1249 5284 Ὀ
1289 5228 1391 5302 γάρ
1440 5228 1606 5300 μόνος
1644 5225 1855 5287 τέλειος

235 5313 279 5369 έν
320 5317 541 5387 μονάσιν
584 5313 742 5379 ἕκτος
780 5316 1031 5391 ἀριθμὸς,
1087 5318 1224 5390 πρὸς
1271 5316 1427 5373 αὐτόν
1490 5319 1651 5379 αὐτὸς
1688 5316 1853 5371 πολυ-

234 5404 680 5480 πλασιαζόμενος,
739 5410 930 5461 τοῦτον
979 5411 1224 5461 τοιοῦτον
1273 5407 1562 5484 ἀπογεννᾷ.
1614 5406 1712 5461 Διὰ
1763 5404 1856 5476 μὲν

235 5493 315 5548 οὖν
363 5499 459 5550 τοῦ
498 5496 790 5572 τριγώνου,
833 5496 869 5566 ἠ
920 5496 1341 5571 τρισυπόστατος
1390 5495 1617 5571 θεαρχία
1666 5492 1860 5563 δηλοῦ-

233 5604 330 5652 ται,
378 5581 467 5639 διά
514 5582 576 5639 δὶ
612 5589 708 5640 τοῦ
754 5586 1117 5661 τετραγώνου,
1148 5588 1184 5655 ἠ
1217 5586 1353 5660 πρὸς
1391 5588 1558 5656 αὖτήν
1600 5586 1734 5657 ὀρθή
1770 5582 1858 5636 πί-

235 5695 337 5738 στις
390 5674 481 5728 καὶ
542 5680 737 5750 πάγιος
772 5694 788 5707 ·
847 5671 1060 5749 ἑδραῖον
1121 5674 1224 5751 γὰρ
1281 5676 1370 5731 καὶ
1445 5676 1529 5730 ἀεὶ
1602 5674 1859 5734 ὡσαύτως

1961 4599 2067 4652 300
2094 4606 2178 4652 est
2209 4597 2299 4663 30,
2329 4602 2503 4670 atque
2531 4600 2671 4665 606,
2703 4604 2759 4655 et
2794 4601 2830 4654 5
2872 4599 3158 4656 semissis.
3206 4600 3355 4664 Quin
3394 4599 3511 4654 imo
3550 4604 3608 4653 et

1960 4687 2135 4742 aliam
2197 4687 2504 4759 mysticam
2568 4690 2860 4745 notionem
2921 4690 3115 4745 innuit
3161 4704 3443 4745 numerus
3490 4688 3600 4743 iste

1960 4776 2049 4831 36.
2136 4776 2567 4847 Triangularem
2654 4778 2810 4833 enim
2878 4795 3187 4835 numerum
3245 4793 3370 4833 esse
3396 4777 3601 4833 dicunt

1960 4866 2167 4923 harum
2198 4884 2388 4924 rerum
2422 4870 2606 4941 periti,
2639 4875 2695 4926 et
2724 4873 3106 4928 transmutari
3146 4870 3207 4929 in
3251 4872 3597 4943 quadratum

1962 4962 2018 5013 et
2060 4957 2120 5013 in
2178 4957 2477 5015 circulum.
2535 4960 2678 5016 Nam
2739 4961 3022 5025 senarius,
3081 4962 3181 5035 qui
3240 4962 3401 5019 solus
3453 4962 3605 5016 inter

1963 5064 2238 5103 numeros
2280 5050 2613 5106 monadicos
2655 5052 2941 5122 perfectus
2980 5059 3087 5120 est,
3128 5052 3187 5108 in
3218 5068 3347 5107 sese
3392 5053 3603 5105 ductus

1964 5139 2226 5206 procreat
2282 5136 2501 5192 dictum
2557 5155 2864 5195 numerum
2903 5140 2992 5197 36.
3044 5143 3232 5206 Quare
3280 5155 3378 5211 per
3429 5138 3606 5193 trian-

1964 5223 2167 5297 gulum
2201 5225 2394 5279 divina
2425 5227 2674 5283 essentia
2709 5229 2816 5283 sub
2860 5229 3049 5285 tribus
3099 5228 3360 5300 personis
3407 5230 3603 5284 osten-

1966 5313 2143 5379 ditur,
2196 5330 2295 5382 per
2350 5316 2702 5385 quadratum
2745 5323 2901 5374 recta
2950 5321 3007 5375 in
3056 5318 3396 5373 Trinitatem
3455 5316 3602 5371 ﬁdes

1962 5410 2016 5460 et
2051 5403 2235 5459 firma.
2269 5402 2503 5459 Stabilis
2534 5406 2689 5460 enim
2712 5411 2801 5462 est
2828 5412 2884 5462 et
2913 5409 3113 5463 eodem
3162 5406 3332 5461 modo
3379 5420 3606 5475 semper

1966 5493 2291 5549 consistens
2306 5492 2490 5565 ﬁgura
2511 5494 2808 5566 quadrata,
2841 5497 3080 5569 paribus
3113 5496 3351 5551 laterum
3375 5494 3607 5568 angulis

1968 5579 2133 5634 fulta.
2166 5578 2439 5641 Circulos
2472 5597 2600 5636 vero
2625 5582 2842 5637 indicat
2888 5583 3167 5640 virtutum
3213 5583 3359 5638 inter
3390 5597 3450 5638 se
3493 5582 3606 5637 cir-

1968 5672 2219 5729 onlarem
2279 5688 2515 5730 nexum.
2592 5674 2878 5739 Quoniam
2922 5674 3078 5732 enim
3125 5674 3246 5733 haec
3305 5675 3376 5731 ad
3425 5676 3605 5733 Deum
