4060 6228
440 352 553 412 147

1713 366 1974 428 ΜΑΤΤΗ
1983 365 2080 427 1E1
2121 365 2552 430 BLASTARIS

3713 355 3828 416 MS

439 493 752 564 pertinent,
795 497 948 550 recta
994 493 1212 554 scilicet
1253 499 1406 556 circa
1458 501 1734 558 Deitatem
1781 501 1962 572 notio,
2020 505 2076 558 et

2193 497 2358 560 ἑστὼς
2397 500 2461 554 τὸ
2519 499 2714 572 σχῆμα
2765 497 2861 549 τοῦ
2919 493 3288 567 τετραγώνου,
3345 494 3463 551 ταῖς
3517 489 3832 562 ἰσομέτροις

439 583 840 638 mandatorum
907 584 1250 654 observatio,
1305 597 1500 644 monet
1548 595 1602 646 te
1650 608 1931 648 numerus
1980 593 2077 649 ille

438 673 612 726 etiam
644 671 702 727 in
733 672 845 728 fide
875 679 1088 729 sancta:
1117 675 1414 732 Trinitatis
1451 678 1684 734 firmum
1716 685 1769 735 et
1803 681 2076 738 stabilem

439 775 588 824 esse,
637 765 694 814 et
731 759 1004 816 virtutum
1055 762 1340 818 circulum
1392 766 1544 821 haud
1591 769 1774 823 obiter
1821 785 2074 840 ponere:

437 863 634 904 verum
691 848 864 904 etiam
923 857 1166 922 utraque
1234 857 1517 924 tanquam
1564 857 1850 928 primitias
1907 857 2077 914 totius

440 935 577 990 anni
612 937 726 992 Deo
774 937 998 1006 offerre,
1057 943 1370 1010 praesertim
1421 949 1678 1016 tempore
1719 946 1932 1016 jejunii
1965 947 2077 1002 Ho-

439 1023 544 1079 stis
573 1025 751 1096 igitur
779 1029 836 1080 et
865 1029 1225 1084 adversarius
1256 1031 1352 1102 qui
1386 1033 1630 1088 salutem
1671 1035 1900 1090 cmlitus
1940 1051 2080 1092 con-

441 1129 664 1168 cessam
699 1115 864 1170 nobis
907 1115 1142 1182 invidet,
1192 1120 1397 1174 videns
1432 1139 1536 1176 nos
1581 1122 1758 1192 pluris
1807 1124 2082 1180 facientes

441 1203 734 1269 virtutem,
768 1221 942 1276 quam
975 1207 1141 1262 valde
1191 1211 1377 1266 varias
1434 1212 1557 1266 vitii
1606 1215 1852 1282 species,
1896 1219 1952 1268 et
1994 1214 2081 1268 in-

441 1297 764 1347 strumenta
821 1295 1007 1362 ipsius
1074 1312 1201 1368 qua
1253 1298 1312 1353 in
1361 1299 1528 1356 nobis
1587 1306 1742 1369 sunt,
1801 1307 2080 1374 tanquam

441 1381 652 1435 animae
698 1387 914 1452 pestem
951 1385 1159 1455 ejicere
1202 1393 1503 1457 conantes,
1555 1407 1718 1446 arma
1777 1393 2080 1446 adversum

444 1485 550 1524 nos
582 1471 764 1525 sumit
793 1488 924 1528 cum
953 1474 1222 1530 insolenti
1257 1479 1694 1550 praeparatione,
1724 1487 1778 1536 et
1805 1487 2082 1548 tanquam

443 1557 761 1616 defectores
783 1563 1058 1618 reducere
1089 1567 1293 1628 tentat,
1324 1569 1380 1622 ct
1419 1569 1588 1638 quasi
1633 1568 1904 1640 fugitivos
1954 1585 2084 1638 per-

443 1649 688 1704 suadere
717 1651 880 1721 cupit
901 1659 962 1706 ut
991 1652 1098 1722 ipsi
1120 1671 1222 1710 nos
1244 1653 1402 1710 289
1435 1656 1877 1726 submittamus,
1910 1663 2084 1727 atque

445 1737 604 1792 frena
621 1755 736 1794 non
766 1742 1151 1809 excutiamus,
1183 1760 1373 1816 neque
1405 1747 1593 1816 pravis
1625 1748 1888 1804 moribus
1919 1748 2086 1804 abre-

445 1827 806 1896 nuntiemus,
845 1831 946 1884 sed
1004 1833 1253 1889 assuetis
1299 1835 1596 1891 affectibus
1653 1837 2082 1908 indulgeamus.
2118 1854 2161 1918 Β

445 1916 602 1972 Solet
631 1917 784 1972 enim
811 1923 870 1974 ut
889 1919 1208 1990 plurimum
1227 1921 1466 1994 iniquus
1488 1924 1584 1980 ille
1603 1942 1702 1981 eos
1723 1927 1820 1996 qui
1841 1943 1874 1980 a
1897 1925 2082 1996 passio

446 2005 621 2063 nibus
643 2005 870 2064 liberari
885 2025 1112 2066 summo
1135 2028 1266 2082 pere
1279 2015 1544 2080 student,
1560 2015 1807 2072 ferociu
1825 2015 2080 2086 aggredi,

443 2101 496 2150 et
525 2094 1004 2154 vehementiorem
1039 2100 1350 2158 ali'ectuum
1403 2103 1698 2160 ﬂammam
1751 2107 2084 2171 accendere,

441 2183 696 2256 seipsum
761 2195 961 2243 contra
1015 2205 1114 2246 eos
1179 2191 1312 2246 totis
1377 2192 1598 2249 viribus
1645 2209 1968 2265 opponens,
2023 2197 2084 2248 ut

442 2273 646 2328 animae
680 2274 1080 2332 fortitudinem
1117 2279 1498 2336 tentationum
1551 2281 1805 2338 volentia
1852 2281 2078 2348 vincat;

443 2362 594 2432 quod
627 2369 682 2418 et
711 2362 863 2420 Deus
886 2365 1006 2420 fieri
1051 2368 1352 2438 permittit,
1389 2375 1453 2424 ut
1501 2369 1666 2442 probi
1699 2371 1838 2424 fiant
1895 2370 2084 2424 maui-

441 2449 591 2517 festi,
654 2453 712 2507 et
791 2452 1144 2512 fortissimos
1193 2456 1320 2528 ipsa
1390 2457 1721 2514 colluctatio
1791 2459 2082 2524 ostendat,

439 2543 614 2610 atque
641 2539 814 2596 etiam
849 2543 1096 2600 humiles
1127 2563 1233 2600 nos
1269 2561 1466 2617 gerere
1521 2547 1840 2614 discamus,
1891 2563 2080 2618 neque

441 2628 500 2682 in
543 2630 828 2686 nobismet
875 2631 1148 2690 fiduciam
1188 2651 1418 2704 ponere,
1479 2636 1814 2708 malumque
1849 2635 2082 2708 penitus

440 2733 786 2788 aversemur,
846 2721 1076 2791 quando
1133 2723 1301 2792 plane
1361 2733 1714 2795 compertam
1761 2725 2080 2780 habeamus

441 2811 707 2863 naturam
735 2809 861 2878 ejus
899 2810 1283 2880 perniciosam
1315 2817 1372 2868 et
1419 2814 1680 2869 fallacem
1709 2819 1766 2868 et
1807 2815 2088 2886 impetuc-

440 2913 588 2952 sam.
623 2897 714 2952 Est
735 2901 927 2954 autem
959 2899 1185 2971 insigne
1234 2903 1618 2974 malignitatis
1659 2903 1840 2974 iniqui
1885 2919 2084 2958 exem-

442 2984 602 3054 plum
635 2986 808 3041 etiam
823 2986 1045 3042 Pharao
1069 2989 1190 3056 ille,
1213 2990 1461 3060 quiolim
1485 2991 1754 3048 Israelem
1781 2991 2082 3046 subditum

441 3073 659 3140 tenuit;
745 3074 853 3130 iste
919 3079 1075 3132 enim
1162 3077 1436 3134 Israelem
1516 3097 1682 3136 suam
1746 3081 2086 3135 diuturnam

441 3164 774 3220 servitutem
795 3181 943 3236 aegre
977 3165 1342 3236 tolerantem,
1375 3175 1436 3223 et
1473 3169 1708 3226 liberari
1738 3171 2085 3241 cupientem,

442 3269 507 3308 eo
591 3231 954 3323 gravioribus
1010 3231 1582 3327 laboribus'affllxit,
1666 3265 1722 3314 et
1805 3231 2159 3314 lateribusC

441 3340 714 3411 parandis
743 3342 1049 3398 incurvum
1100 3345 1234 3400 fecit
1282 3347 1593 3418 imaginem
1627 3347 1890 3418 praeferre
1911 3348 2087 3403 servi-

443 3429 584 3484 tutis
633 3429 934 3486 Satanicaa.
978 3433 1048 3487 Et
1089 3435 1196 3489 iste
1254 3436 1468 3506 pariter
1521 3453 1626 3491 nos
1671 3436 1731 3492 in
1781 3441 1992 3492 terram
2032 3440 2088 3492 et

444 3524 676 3576 terrena
738 3521 963 3578 inhiare
1027 3525 1202 3596 cogit,
1261 3531 1318 3581 et
1383 3529 1570 3582 totum
1628 3528 1890 3582 animum
1959 3527 2086 3582 istis

443 3609 781 3682 adjungere,
815 3627 949 3666 cum
999 3612 1272 3669 omnibus
1303 3631 1422 3670 una
1463 3615 1733 3671 sensibus
1767 3626 1878 3670 tam
1909 3621 2087 3671 exter-

445 3697 537 3751 nis
569 3714 737 3768 quam
772 3699 1036 3770 internis,
1070 3707 1126 3756 et
1165 3703 1236 3758 ad
1278 3721 1368 3758 res
1418 3704 1786 3760 insensibiles
1845 3705 2088 3760 minime

445 3801 580 3840 eum
603 3787 839 3857 erigere.
885 3788 1106 3844 Pharao
1155 3791 1386 3862 quidem
1431 3793 1798 3850 tributariam
1849 3795 1960 3849 sibi
2018 3810 2085 3848 ac

445 3875 766 3944 subjectam
799 3877 1004 3933 habuit
1031 3879 1361 3952 Egyptum,
1393 3899 1520 3952 quas
1566 3882 1966 3954 interpretauti
1997 3887 2087 3938 est

447 3963 732 4024 teuebrte:
767 3965 844 4021 ita
875 3972 930 4022 et
960 3967 1054 4022 hic
1084 3969 1562 4026 intellectualium
1589 3973 1856 4044 princeps
1886 3971 2082 4044 appel-

445 4051 595 4106 latur
649 4053 1040 4111 tenebrarum.
1085 4057 1173 4113 Illi
1230 4075 1382 4115 curre
1429 4065 1552 4116 erat
1601 4059 1752 4116 filios
1799 4059 2087 4116 masculos

447 4141 705 4211 perdere,
767 4153 822 4200 et
896 4145 1031 4201 huic
1087 4148 1258 4203 etiam
1333 4149 1583 4218 potiores
1641 4150 2017 4220 cogitationes
2069 4166 2082 4203 ε

445 4246 622 4299 quare
651 4235 707 4286 et
734 4231 848 4288 Rex
890 4241 1086 4290 noster
1137 4236 1422 4304 Christus,
1479 4239 1578 4293 ubi
1617 4255 1724 4293 nos
1772 4237 1963 4293 erudit
2013 4238 2082 4293 ad

443 4319 664 4376 bellum
697 4337 828 4376 cum
851 4337 916 4377 eo
947 4326 1288 4395 gerendum,
1321 4330 1376 4380 et
1402 4329 1770 4383 concertandi
1803 4327 2086 4384 rationem

445 4409 594 4466 bene
623 4410 898 4482 disponit,
932 4413 1160 4483 jejunio
1211 4431 1316 4470 nos
1365 4422 1556 4472 armat
1583 4423 1640 4471 et
1694 4418 1974 4482 oratione,
2033 4421 2089 4470 et

445 4499 639 4554 cordis
724 4503 1186 4571 compunctione.
1261 4505 1408 4559 Nam
1483 4505 1722 4560 istorum
1801 4506 2091 4560 contraria

2185 588 2410 666 γωνίαις
2455 591 2561 642 τῶν
2607 583 2857 658 πλετρῶν
2905 579 3250 657 ἐρειδόμενον
3275 598 3285 610 ·
3320 579 3348 634 ὁ
3381 576 3436 633 δὲ
3479 575 3681 639 κύκλος
3721 581 3830 666 τῷν

2186 663 2388 750 άρετῶν
2431 673 2680 750 ἐμφαίνει
2738 671 2836 740 τὴν
2891 671 3028 745 πρὸς
3085 669 3278 731 ἑαυτὰς
3333 665 3601 732 κυκλικὴν
3643 663 3833 740 περίο-

2186 762 2300 823 δον.
2365 759 2587 832 Ἐπειδή
2645 761 2745 834 γὰρ
2795 763 2961 814 ταῦτα
3009 761 3354 834 προσοικειοῖ
3401 759 3480 828 τῷ
3531 752 3671 825 Θεῷ,
3709 755 3744 824 ἦ
3777 773 3832 807 τε

2186 855 2319 929 ὀρθή
2353 851 2473 926 περὶ
2505 851 2566 906 τὸ
2597 854 2750 906 Θεῖον
2787 847 3090 920 ὑπόληψις,
3119 847 3205 900 καὶ
3240 848 3274 914 ἡ
3307 849 3413 899 τῶν
3457 841 3699 898 ἐντολῶν
3729 843 3834 911 τή-

2187 964 2366 1018 ρησις,
2407 939 2646 996 διδάσκει
2698 959 2757 992 σε
2801 939 2830 992 ὂ
2883 936 3118 1011 ἀριθμὸς
3165 934 3254 989 καὶ
3305 933 3355 988 ἐν
3403 937 3471 1006 τῇ
3515 931 3694 986 πίστει
3734 934 3835 1000 τῆς

2189 1033 2344 1106 ἁγίας
2381 1027 2606 1103 Τριάδος
2645 1025 2857 1102 ἑδραῖον
2901 1026 3034 1080 εἶναι
3080 1025 3170 1078 καὶ
3211 1023 3566 1096 ἀμετάθετον,
3603 1020 3696 1075 καὶ
3737 1021 3837 1074 τὸν

2187 1119 2388 1174 κύκλον
2435 1123 2544 1173 τῶν
2595 1119 2799 1190 ἂρετῶν
2853 1117 2928 1187 μὴ
2997 1111 3051 1168 ἐν
3104 1113 3358 1186 παρέργῳ
3415 1111 3642 1178 τιθέναι,
3686 1107 3838 1162 ἀλλὰ

2188 1209 2276 1264 καὶ
2317 1208 2598 1284 ἀμφότερα
2639 1205 2712 1267 ὡς
2753 1204 3012 1280 ἀπαρχήν
3051 1207 3146 1256 τοῦ
3197 1199 3330 1256 ὅλου
3373 1199 3616 1254 ἐνιαυτοῦ
3663 1206 3840 1270 πρὸσ-

2189 1295 2433 1370 κομίζειν
2485 1299 2624 1365 Θεῷ,
2669 1292 2720 1348 ἐν
2772 1297 2852 1364 τῷ
2903 1299 3004 1360 τῆς
3046 1289 3294 1360 νηστείας
3353 1288 3591 1360 μάλιστα
3639 1306 3840 1360 καιρῳ.

2189 1387 2247 1440 Ὀ
2303 1384 2485 1439 τοίνυν
2544 1386 2644 1452 τῆς
2703 1381 2975 1454 σωτηρίας
3039 1383 3199 1452 ἡμῶν
3261 1375 3462 1432 ἄνωθεν
3527 1374 3841 1450 βασκαίνων

2192 1475 2385 1550 ἐχθρὸς
2425 1473 2515 1528 καὶ
2556 1469 2855 1543 πολέμιος,
2896 1471 3035 1542 ὁρῶν
3073 1471 3224 1542 ἡμᾶς
3269 1467 3393 1540 περὶ
3431 1465 3684 1524 πλείονος
3733 1465 3840 1532 τὴν

2194 1565 2387 1638 ἀρετὴν
2433 1559 2817 1633 ποιουμένους,
2885 1565 2992 1613 τῶν
3043 1565 3143 1626 τῆς
3209 1554 3398 1616 κακίας
3447 1553 3606 1609 εἷ’δῶν
3670 1550 3844 1607 ὄντων

2192 1651 2489 1721 πλειόνων,
2547 1650 2638 1704 καὶ
2680 1649 2748 1704 τὰ
2794 1649 2846 1702 έν
2894 1651 3029 1721 ἡμῖν
3080 1647 3252 1701 αὐτοῦ
3301 1643 3464 1712 σκεύη
3525 1643 3598 1704 ὡς
3650 1643 3842 1713 λύμην

2194 1745 2382 1819 ψυχῆς
2439 1739 2689 1814 ἄντικρυς
2769 1733 3056 1794 ἐκϐάλλειν
3122 1733 3508 1812 διεγερθέντας,
3565 1733 3634 1787 τὰ
3689 1731 3842 1786 ὅπλα

2193 1831 2311 1884 καθ’
2359 1832 2522 1902 ἡμῶν
2572 1827 2714 1902 αῖρει
2764 1829 2876 1900 μεθ’
2929 1824 3274 1900 ὑπερηφάνου
3327 1827 3698 1896 παρασκευῆς,
3747 1820 3841 1874 καὶ

2192 1923 2281 1976 οἷα
2337 1917 2578 1996 φυγάδας
2643 1917 2930 1993 ἐπανάγειν
3002 1919 3272 1990 πειρᾶται,
3339 1913 3430 1967 καὶ
3487 1912 3562 1974 ὡς
3632 1907 3834 1984 δραπε⁶

2189 2009 2450 2066 τευόντων
2527 2003 3006 2082 ἀντιλαμϐάνεται,
3077 2005 3312 2061 ὑπείκειν
3381 2002 3526 2074 αὖτῷ
3592 1999 3839 2057 κελεῦων

2191 2100 2278 2154 καὶ
2342 2101 2417 2174 μή
2469 2100 2723 2178 ἀφηνιᾷν,
2787 2091 2928 2172 μηδὲ
2976 2102 3094 2158 ταῖς
3141 2101 3402 2171 πονηραῖς
3449 2095 3844 2152 ἀπὸτάττεσθαι

2192 2187 2524 2258 συνηθείαις,
2565 2184 2712 2240 ἀλλὰ
2748 2189 2864 2246 τοῖς
2905 2183 3151 2239 εἴωθόσιν
3191 2181 3642 2260 ἐγκαλινδοῦσθαι
3675 2185 3846 2237 πάθε-

2191 2297 2299 2334 σεν.
2343 2275 2506 2331 Φιλεῖ
2534 2277 2638 2350 γὰρ
2688 2274 2764 2335 ὡς
2821 2272 3014 2328 ἐπίπαν
3065 2273 3092 2326 ὁ
3143 2273 3408 2347 πονηρὸς,
3454 2278 3571 2333 τοῖς
3621 2271 3845 2346 ἔπειγο-

2195 2364 2376 2437 μένοις
2410 2369 2518 2420 τῶν
2559 2365 2746 2418 παθῶν
2791 2361 3239 2436 ἑλευθερωθῆναι,
3295 2363 3659 2437 μανικώτερον
3717 2361 3848 2416 ἐπι-

2189 2450 2450 2521 τίθεσθαι,
2509 2450 2598 2504 καὶ
2655 2445 3018 2528 σφοδροτὲραν
3077 2453 3182 2502 τῶν
3259 2450 3444 2502 παθῶν
3511 2447 3842 2502 ὑπανάπτειν

2188 2539 2287 2604 τὴν
2334 2537 2533 2617 φλόγα,
2577 2537 2762 2591 ἑαυτὸν
2803 2541 2920 2597 τοῖς
2963 2533 3119 2598 ὅλοις
3159 2535 3468 2602 ἀντιτιθεὶς,
3511 2533 3603 2589 ἵνα
3653 2539 3846 2610 ψυχῆς

2190 2624 2410 2701 ἀνδρίαν
2471 2629 2788 2700 πειρασμῶν
2863 2625 3113 2700 κρατήσῃ
3189 2623 3492 2698 περιοοσίᾳ,
3548 2629 3645 2678 τοῦ
3705 2629 3846 2680 Θεοῦ

2189 2720 2349 2770 τοῦτο
2384 2718 2823 2788 συγχωροῦντος,
2856 2712 3005 2773 ὅπως
3039 2713 3090 2767 οἱ
3122 2711 3343 2786 δόκιμοι
3389 2714 3606 2789 φανεροὶ
3641 2711 3846 2789 γένων-

2189 2825 2301 2870 ται,
2353 2803 2442 2856 καὶ
2504 2800 2650 2876 δείξῃ
2691 2803 2817 2864 τοὺς
2878 2801 3128 2877 ἀρίστους
3161 2805 3195 2871 ἡ
3227 2801 3401 2872 πάλη,
3445 2802 3536 2856 καὶ
3583 2823 3842 2857 ταπεινο-

2193 2897 2408 2970 φρονεῖν
2461 2889 2830 2964 διδαχθῶμεν,
2887 2892 2977 2945 καὶ
3038 2893 3172 2963 ἡμῖν
3227 2891 3410 2950 αὐτοῖς
3463 2891 3540 2962 μὴ
3595 2888 3848 2968 θαβρεῖν,

2194 2983 2282 3036 καὶ
2340 2983 2438 3049 τὴν
2505 2981 2697 3035 κακίαν
2765 2979 2968 3040 τελέως
3043 2981 3388 3052 μισήσωμεν,
3455 2979 3846 3056 ἐναργέστερον

2193 3069 2546 3146 καταγνόντες
2583 3069 2750 3133 αὐτῆς
2807 3070 2868 3122 τὸ
2923 3070 3143 3144 φονικὸν
3206 3070 3349 3142 ὁμοῦ
3407 3069 3496 3124 καὶ
3554 3067 3850 3140 ἀπατηλὸν

2195 3162 2285 3215 καὶ
2335 3159 2636 3232 ἐξάγιστον.
2680 3159 2944 3234 Ἐναργής
2987 3155 3044 3212 δὲ
3081 3165 3181 3228 τῆς
3217 3163 3315 3212 τοῦ
3355 3163 3602 3232 πονηροῦ
3641 3161 3845 3213 σκαιό-

2194 3268 2363 3318 τητος
2423 3246 2608 3315 εἰκὼν,
2659 3245 2747 3300 καὶ
2794 3247 2822 3298 ὁ
2876 3245 3048 3300 πάλαι
3093 3247 3184 3300 τὸν
3235 3245 3458 3318 Ἰσραὴλ
3519 3246 3852 3322 ὑποχείριον

2195 3335 2450 3412 ἐσχηκὼς
2483 3337 2686 3410 Φαραώ
2711 3354 2724 3367 ·
2777 3339 2972 3390 τοῦτον
3002 3335 3103 3410 γάρ
3153 3335 3399 3398 κάκεῖνος
3431 3336 3844 3409 παραπλησίως

2193 3417 2506 3501 τῇχρονίῳ
2539 3423 2942 3500 δυσχεράναντα
2974 3421 3217 3498 δουλείᾳ,
3257 3429 3344 3481 καὶ
3385 3428 3484 3495 τὴν
3529 3424 3846 3500 ἐλευθερίαν

2195 3521 2466 3573 ποθοῦντα
2523 3522 2639 3578 τοῖς
2696 3515 3110 3591 χαλεπωτέροις
3166 3522 3272 3571 τῶν
3327 3513 3498 3592 ἔργων
3541 3521 3850 3587 τηνικαῦτα

2199 3605 2411 3680 μᾶλλον
2459 3600 2720 3676 ἐξέθλιϐε,
2778 3605 2869 3662 καὶ
2915 3609 2984 3680 τῇ
3033 3605 3395 3680 πλινθουργίᾳ
3443 3607 3853 3684 συγκεκυφότα,

2192 3697 2254 3752 τὸ
2288 3703 2388 3764 τῆς
2431 3693 2680 3756 δουλείας
2727 3694 2950 3749 εἷσάπαν
2987 3695 3352 3770 παρεσκεύαζε
3392 3701 3586 3770 σχῆμα
3625 3693 3850 3751 δεικνύ-

2194 3805 2300 3842 ναι.
2334 3789 2420 3848 Ὡς
2456 3783 2514 3840 δὲ
2542 3783 2634 3839 καὶ
2667 3783 2826 3844 οὕτος
2855 3785 2992 3860 πρὸς
3021 3785 3120 3854 τὴν
3151 3785 3251 3858 γὴν
3285 3787 3432 3858 ἡμᾶς
3471 3785 3560 3840 καὶ
3590 3785 3658 3840 τὰ
3707 3789 3780 3862 γη
3796 3792 3844 3840 ί-

2192 3893 2254 3926 να
2303 3874 2532 3926 συνωθεῖ
2584 3870 2896 3945 κεχηνέναι,
2945 3871 3033 3926 καὶ
3084 3871 3303 3933 τούτοις
3354 3871 3481 3928 ὅλον
3541 3871 3850 3950 προσέχειν

2191 3961 2281 4016 τὸν
2315 3965 2462 4032 νοῦν,
2505 3961 2598 4015 σὺν
2639 3961 2833 4022 πάσαις
2875 3961 3015 4033 ὁμοῦ
3050 3967 3167 4024 ταῖς
3203 3959 3506 4036 ὁρωμέναις
3551 3963 3642 4018 καὶ
3681 3985 3850 4019 νοου-

2198 4051 2384 4124 μέναισ
2424 4047 2729 4120 αἲσθήσεσι,
2769 4048 2860 4104 καὶ
2899 4050 3035 4124 πρὸς
3085 4051 3151 4104 τὰ
3201 4049 3332 4120 ὑπὲρ
3383 4049 3634 4122 α’ίσθησιν
3690 4051 3850 4116 ὅλως

2197 4141 2273 4212 μή
2318 4140 2609 4210 ἀνανεύειν,
2669 4137 2940 4216 ὁπόφορον
2989 4139 3188 4201 ἐκεῖνος
3239 4141 3354 4215 εἶχε
3391 4141 3489 4210 τὴν
3542 4139 3856 4216 Αἴγυπτον,

2195 4229 2317 4298 ἥτις
2359 4227 2710 4302 ἑρμηνεύεται
2753 4230 2944 4291 σκότος
2969 4245 2982 4260 ⁸
3021 4229 3207 4306 ἅρχων
3248 4231 3336 4284 καὶ
3377 4231 3533 4291 οῦτος
3569 4236 3670 4286 τοῦ
3709 4254 3856 4304 νοη-

2195 4322 2292 4372 τοῦ
2345 4318 2784 4393 προσηγόρευται
2829 4319 3081 4386 σκότους,
3131 4317 3317 4392 ἐκείνῳ
3367 4317 3455 4374 διὰ
3494 4318 3738 4390 σπουδῆς
3783 4324 3856 4392 ἦν

2197 4411 2303 4461 τῶν
2355 4404 2564 4460 παίδων
2615 4407 2848 4482 φθείρειν
2886 4407 2952 4461 τὰ
2993 4405 3210 4482 ἄῤῥενα,
3249 4409 3338 4462 καὶ
3375 4409 3557 4482 τούτῳ
3595 4408 3724 4472 τοὺς
3773 4407 3863 4486 ἑβ-

2199 4493 2478 4569 ῥωμένους
2531 4499 2638 4550 τῶν
2683 4495 2987 4570 λογισμῶν.
3041 4497 3216 4572 Ταύτῃ
3267 4518 3354 4552 τοι
3401 4499 3551 4552 καὶὸ
3588 4497 3860 4573 βασιλεὺς

445 4589 753 4646 accendere
800 4589 994 4646 solent
1047 4593 1379 4648 daemonum
1441 4595 1658 4650 rabiem
1721 4612 1835 4650 non
1893 4596 2084 4650 minus

2198 4585 2356 4658 ἡμῶν
2389 4585 2641 4657 Χριστὸς,
2671 4585 2762 4639 τὸν
2806 4585 2944 4654 πρὸς
2982 4586 3141 4642 αὐτὸν
3177 4585 3425 4660 πόλεμον
3463 4591 3610 4660 ἡμᾶς
3651 4585 3862 4644 ἐκπαι-

447 4694 625 4748 quam
645 4677 839 4736 oleosa
867 4681 1099 4752 ignem;
1133 4691 1188 4738 et
1217 4685 1298 4738 sic
1331 4684 1427 4740 ille
1459 4702 1562 4740 nos
1597 4685 1765 4756 jubet
1814 4687 2090 4740 adversus

447 4767 642 4824 hostes
673 4771 1039 4840 contendere,
1070 4773 1170 4844 qui
1229 4773 1350 4844 ipse
1409 4785 1493 4829 est
1533 4776 1668 4842 dux,
1715 4781 1772 4830 et
1821 4777 2092 4830 defensor

447 4863 776 4928 protegens,
810 4866 867 4916 et
900 4877 1030 4916 cum
1079 4861 1437 4919 luctantibne
1462 4882 1577 4919 una
1616 4879 1906 4935 pugnans,
1967 4863 2091 4932 ipse

445 4945 701 5010 vincens,
727 4953 784 5002 et
816 4951 1120 5006 Praemium
1147 4957 1339 5007 tamen
1373 4951 1538 5007 nobis
1589 4953 1828 5008 donans.
1863 4953 2090 5016 Quanta

447 5043 538 5092 est
570 5037 928 5108 judiciorum
988 5047 1222 5096 tuorum
1272 5042 1512 5112 abyssus
1555 5058 1788 5098 omnem
1839 5041 2088 5097 admira-

447 5127 663 5182 tionem
687 5133 948 5184 nostram
981 5145 1281 5200 superans,
1317 5131 1560 5185 Domine
1616 5129 1888 5186 Creatori
1931 5130 2092 5184 Sicut

449 5217 626 5284 igitur
675 5216 888 5272 milites
946 5218 1097 5272 diem
1157 5221 1469 5290 prseliando
1527 5221 1906 5286 insumentes,
1940 5219 2093 5274 circa

451 5319 744 5374 vesperam
796 5305 1042 5376 dispersi
1106 5305 1300 5360 cibum
1353 5315 1638 5376 quaerunt,
1698 5312 1966 5377 parantes
2024 5323 2092 5362 ex

451 5393 647 5462 spoliis
705 5393 1152 5448 tumultuariam
1226 5411 1487 5451 mensam
1553 5413 1622 5452 ne
1689 5397 1836 5451 vires
1891 5410 2090 5450 eorum

454 5484 687 5551 ponitus
746 5483 1038 5552 deficiant,
1107 5485 1380 5556 quoniam
1475 5487 1778 5556 postmodo
1847 5483 2090 5538 alterum

455 5571 732 5638 impetum
772 5571 828 5625 in
875 5573 1155 5629 Barbaros
1187 5573 1370 5628 facere
1399 5577 1638 5645 cupiunt
1679 5593 1692 5630 :
1737 5590 1871 5631 nam
1925 5572 2094 5628 boves

455 5658 622 5730 genio
654 5661 995 5724 sacriﬁcare,
1027 5667 1083 5720 et
1105 5679 1168 5719 se
1197 5665 1464 5736 saginare
1497 5664 1710 5720 milites
1754 5679 1870 5720 non
1911 5662 2091 5732 decet,

2201 4671 2390 4742 δεύων,
2439 4672 2527 4727 καὶ
2566 4673 2663 4740 τήν
2708 4674 2942 4748 ἀγωνίαν
2997 4671 3052 4728 εὖ
3105 4672 3254 4748 μάλα
3305 4673 3696 4749 διατιθέμενος,
3747 4699 3859 4750 νη-

2200 4761 2346 4834 στείᾳ
2383 4761 2703 4830 καθοπλίζει
2743 4765 2833 4816 καὶ
2883 4767 3192 4839 προσευχῇ,
3233 4765 3323 4818 καὶ
3371 4765 3656 4838 κατανύξει
3703 4787 3860 4842 καρ-

2201 4851 2316 4910 δίας
2349 4851 2436 4925 (τόι
2467 4851 2569 4928 γὰρ
2602 4851 2809 4908 ἐναντία
2847 4851 3052 4907 τούτων
3095 4853 3335 4924 ἐξάπτειν
3375 4855 3494 4909 καθ’
3534 4857 3698 4928 ἡμῶν
3741 4859 3856 4928 τήν

2197 4947 2305 4995 τῶν
2344 4939 2618 5014 δαιμόνων
2651 4942 2854 5020 πέφυκε
2893 4939 3113 5013 λύτταν,
3147 4941 3256 5018 οὐχ
3291 4946 3454 5012 ἧττον
3492 4941 3522 5012 ἒς
3555 4943 3621 4998 ui
3650 4943 3858 5000 Eleuth-

2200 5031 2266 5100 δη
2317 5033 2378 5085 τὸ
2427 5035 2576 5105 πῦρ),
2620 5031 2711 5086 καὶ
2753 5031 2897 5086 οὕτω
2935 5037 3052 5094 τοῖς
3095 5031 3388 5107 πολεμίοις
3431 5033 3600 5108 ὁμόσε
3639 5043 3860 5112 χωρεῖν

2199 5119 2494 5194 ἐπιτρέπει,
2571 5119 2729 5183 αὐτὸς
2805 5126 3153 5199 στρατηγῶν,
3241 5123 3404 5184 αὐτὸς
3487 5123 3862 5200 ὑπερμαχῶν,

2201 5209 2570 5284 προασπίζων,
2631 5210 3025 5286 προπολεμῶν,
3096 5211 3220 5272 τοὺς
3289 5211 3616 5274 ἀντιπάλους
3684 5213 3866 5280 αὐτὸς

2199 5303 2387 5368 νικῶν,
2439 5299 2525 5354 καὶ
2566 5300 2627 5354 τὸ
2681 5296 2933 5376 βραϐεῖον
2973 5303 3107 5374 ἡμῖν
3163 5303 3542 5376 χαριζόμενος.
3595 5301 3702 5360 Οἴα
3753 5327 3868 5361 σου

2199 5393 2307 5444 τῶν
2363 5387 2646 5462 χριμάτων
2709 5392 2742 5458 ἡ
2794 5385 3068 5452 ἅϐυσσοςί
3132 5391 3391 5464 μειζόνων
3447 5391 3482 5462 ἤ
3533 5393 3654 5446 καθ’
3699 5395 3868 5465 ἡμᾶς

2202 5475 2471 5548 θαυμάσαι
2538 5479 2890 5552 πραγμάτων,
2961 5476 3264 5555 δημιουργὲ
3343 5481 3530 5553 Κύριε.
3599 5483 3870 5560 Καθάπερ

2205 5567 2294 5622 οῦν
2330 5569 2380 5622 οἱ
2409 5575 2756 5642 στρατιῶται,
2803 5568 3220 5645 διημερεύοντες
3261 5571 3317 5626 ἐν
3345 5578 3412 5646 τῇ
3457 5573 3640 5646 μάχῃ,
3682 5573 3870 5646 μόλις·

2205 5657 2338 5732 πρὸς
2397 5655 2621 5732 ἑσπέραν
2667 5655 3025 5734 διακριθεντες
3075 5667 3279 5738 τροφῆς
3333 5660 3662 5735 μέμνηνται,
3715 5667 3874 5740 σχέ-
