4080 6224
262 359 352 421 189
777 390 793 402 ο
1242 364 1677 427 SYNTAGMA
1720 367 1870 429 ALP

2007 364 2354 431 BETICUM.
2400 398 2478 409 --
2516 364 2592 426 '1‘.
3499 361 3618 423 150

258 490 348 547 διον
392 491 436 560 ἐξ
489 489 676 546 ἑώλων
736 490 1045 567 βρωμάτων
1104 491 1514 568 ααρατιθέμενοι
1561 495 1850 571 τράπεζαν,

2011 503 2123 560 uod
2152 499 2415 558 solemne
2478 495 2560 552 eis
2589 495 2688 567 qui
2737 510 2807 551 ex
2847 494 3139 566 voluptate
3183 494 3487 561 feriantur,
3536 496 3620 550 ita

255 584 364 658 πρὸς
390 581 446 635 τὸ
478 581 551 653 μή
597 582 904 636 παντάπασι
951 581 1047 644 τὰς
1095 581 1271 639 αὐτῶν
1311 584 1653 657 ξασθενῆσαι
1695 586 1851 644 δυνά-

2008 598 2021 648 t
2049 608 2158 647 nos
2187 603 2403 645 novum
2429 591 2695 642 nostrum
2727 583 3083 640 sacrificium
3115 587 3435 640 mactantes
3463 583 3619 639 Sab-

256 692 371 745 μεις,
398 669 503 726 ἐπεὶ
550 671 637 724 καὶ
673 668 973 742 μέλλουσιν
1021 671 1178 735 αὖθις
1206 680 1305 743 τῆς
1351 674 1632 750 ὑστεραίας
1683 679 1851 751 ὁμόσε

2005 685 2092 738 ato
2146 684 2204 736 et
2271 674 2594 743 Dominica,
2662 674 2896 745 quando
2965 672 3238 729 laxamus
3310 671 3616 745 paululum

249 764 343 821 τοῖς
394 753 677 833 βαρϐαροις
738 758 870 815 ἰέναι
924 760 1233 835 (βουθυτεῖν
1288 764 1389 840 γὰρ
1449 765 1486 834 ἢ
1541 767 1850 843 σφαγιάζειν

2004 787 2166 828 srvos
2197 782 2428 844 severa:~
2458 762 2910 831 exercitationis,
2949 778 3018 818 ex
3059 761 3179 818 illis
3219 761 3615 834 praemactatis

247 855 342 912 τοῖς
382 846 705 921 πολεμοῦσιν
756 846 859 904 οὒκ
912 846 1133 919 ἔξεστιν,
1182 849 1315 926 ὅπερ
1371 859 1488 916 τοῖς
1538 853 1619 911 ἔπ’
1668 855 1847 920 ἀδείας

2005 854 2536 932 tprassanctiﬁcatis
2578 851 2839 924 patribus
2892 859 3168 921 quantum
3220 865 3389 922 parce
3435 849 3616 906 victi-

246 937 663 1013 πανηγυρίζουσιν
717 935 905 1012 ἴδιον),
964 938 1109 995 οὕτω
1164 943 1255 997 καὶ
1313 945 1477 1016 ἡμεῖς
1540 947 1603 1001 τὸ
1660 949 1843 1003 καινὸν

2001 951 2223 1006 intibus
2273 945 2441 1011 satis,
2512 942 2666 998 circa
2738 956 3041 1013 vesperam
3119 941 3437 1007 sumimus,
3513 956 3612 1010 pro

244 1032 373 1101 ἡμῶν
397 1027 612 1105 σφάγιον
661 1027 885 1092 θύοντες
931 1024 1203 1086 σαϐϐάτου
1249 1034 1340 1087 καὶ
1388 1042 1672 1108 κυριακῆς,
1722 1038 1846 1108 ἡνί-

1997 1037 2285 1095 auditione
2327 1032 2654 1105 lugentium
2706 1035 2880 1102 atque
2923 1028 3102 1085 simul
3159 1029 3547 1101 pugnantium
3594 1047 3608 1085 :

242 1123 397 1173 κατοῦ
430 1119 582 1173 τόνου
624 1126 728 1189 τῆς
755 1119 976 1191 πολλῆς
1026 1120 1398 1197 ὑποχαλῶμεν
1444 1125 1742 1197 ἀσκήσεως,
1793 1128 1844 1199 ἐξ

1997 1144 2055 1184 au
2090 1126 2281 1198 potius
2327 1139 2526 1179 sacras
2573 1120 2705 1177 illas
2752 1134 2957 1176 carnes
3010 1119 3363 1192 accipientes
3407 1134 3608 1174 corro-

241 1207 421 1262 ἑιείνων
460 1211 566 1262 τῶν
615 1205 1035 1282 προτεθυμένων
1087 1211 1179 1265 καὶ
1235 1216 1684 1290 προηγιασμένων
1743 1237 1845 1290 με-

1996 1232 2234 1273 uramur
2262 1212 2332 1268 ad
2353 1211 2611 1268 validum
2635 1210 2920 1282 impetum
2944 1209 3004 1264 in
3026 1209 3226 1264 hostes
3248 1207 3607 1263 faciendum.

241 1294 396 1368 ρίόων,
437 1296 554 1351 ὅσον
604 1296 817 1372 άποζῇν
867 1300 1004 1372 πρὸς
1050 1296 1273 1375 ἑσπέραν
1323 1304 1638 1377 σιτούμεθα,
1687 1307 1844 1379 νόμῳ

1998 1305 2122 1362 [iliti
2155 1302 2309 1360 enim
2340 1298 2624 1373 spirituali
2679 1298 2865 1354 victus
2895 1297 3073 1353 etiam
3108 1294 3432 1369 spiritualis
3472 1311 3609 1350 con-

240 1387 532 1441 πενθούντων
563 1387 656 1441 καὶ
699 1389 1095 1461 πολεμούντων
1149 1390 1291 1463 ὁμοῦ
1323 1410 1336 1424 ·
1393 1390 1607 1466 μᾶλλόν
1636 1416 1699 1471 γε
1733 1397 1840 1469 μὴν

1997 1397 2108 1454 snit
2132 1396 2301 1468 (puta
2322 1390 2674 1462 tolerantis.)
2714 1388 3105 1456 Quamobrem
3150 1385 3320 1443 nobis
3365 1385 3608 1457 mystice

238 1480 321 1530 τῶν
369 1475 527 1550 ἁγίων
584 1474 806 1531 ἐκείνων
864 1475 1372 1551 μεταλαμϐάνοντες
1430 1488 1665 1556 σαρκῶν,
1719 1506 1841 1540 νευο

1994 1486 2190 1542 uidem
2258 1487 2520 1555 tempore
2575 1479 2900 1551 vespertino
2969 1492 3197 1549 praesan
3215 1474 3605 1532 ctiﬂcatorum

236 1565 455 1637 ρούμεθα,
483 1566 623 1639 πρὸς
669 1566 735 1620 τὸ
780 1572 897 1627 τοῖς
944 1565 1168 1642 ἐχθροῖς
1213 1567 1365 1633 αὖθις
1405 1571 1481 1633 εἰς
1530 1578 1719 1648 χεῖρας
1747 1571 1847 1650 Ep-

1304 1574 1365 1633 lu:
1405 1571 1481 1633 εἰς
1530 1578 1719 1648 χεῖρας
1747 1571 1847 1650 ἐρ-
1952 1574 2214 1633 ofﬁcium
2258 1571 2549 1629 celebrare
2568 1570 2915 1641 imperatur.

234 1654 451 1728 ῥώμένως
478 1653 610 1710 ἴέναι
647 1673 662 1685 ⁸
689 1660 1039 1729 πνευματικῷ
1062 1658 1170 1733 γὰρ
1198 1659 1396 1735 ὀπκίτῃ
1444 1665 1782 1736 πνευματική
1827 1664 2028 1741 τροφὴ,
2074 1662 2323 1724 σύστασις
2358 1677 2373 1693 °
2406 1656 2496 1715 διὰ
2542 1656 2610 1728 δὴ
2644 1660 2808 1713 τοῦτο
2844 1655 3248 1729 μυστικώτερον
3276 1653 3415 1729 πρὸς
3446 1651 3605 1708 ἑσπέ-

231 1764 325 1819 ραν,
348 1745 437 1814 τήν
466 1748 573 1799 τῶν
604 1746 1061 1820 προηγιασμένων
1090 1745 1266 1802 τελεῖν
1293 1746 1734 1826 ἐπιτετράμμεθα
1763 1750 2129 1830 λειτουργίαν.

230 1853 413 1941 Ὀπιος
449 1850 865 1950 ούιτελεῖται
909 1856 1340 1925 μνημόσυνον
1389 1861 1514 1912 τῶν
1562 1860 1841 1950 ἀποιχο-

286 1942 470 1950 --φ---.--
553 1945 581 1950 .-
631 1928 706 1950 -.Ὺ
761 1932 1242 1950 _____-______-__3
1331 1928 1380 1950 ,ν
1486 1931 1504 1950 \
1607 1931 1622 1950 \
1780 1928 1810 1950 ρ

1992 1861 2276 1950 rem?!
2301 1853 2776 1950 αέςοίεξίὲίέέες
2801 1852 3177 1950 ἀέξειξιεείέζέξῑη
3541 1850 3603 1907 in

284 1923 472 2051 ξένων
518 1922 582 1980 έν
628 1928 709 1998 τῇ
758 1922 1276 2002 τεσσαρακοστῇ,
1324 1928 1382 1984 εἰ
1423 1931 1510 2003 μὴ
1558 1931 1631 1987 τὸ
1691 1922 1844 1987 σάϐ-
1875 1922 1895 1931 ’

324 2015 479 2051 ατον.

1899 1922 1918 1932 ’
1956 1922 1987 1928 ⁷⁷
2041 1940 2277 2004 tempore
2302 1925 2798 1999 Quadragesimali,
2828 1922 2940 1980 nisi
2962 1924 3152 1981 diebus
3182 1922 3510 1979 Sabbatinis.

324 2015 479 2054 ατον.
959 2055 965 2060 ,

286 2084 439 2181 Πάλιν
468 2085 518 2181 οἱ
549 2087 690 2181 προς
722 2085 904 2181 μάχας
935 2080 1183 2181 ἔχοντες,
1212 2090 1337 2164 περὶ
1368 2095 1436 2165 τῇ
1469 2093 1624 2167 ψυχῇ
1655 2089 1841 2149 δεδιό-

2031 2111 2293 2168 Rursus:
2328 2108 2374 2165 Ii
2403 2107 2505 2181 qui
2526 2108 2589 2165 in
2616 2108 2739 2163 acie
2782 2107 3105 2166 versantur.
3142 2103 3346 2159 animis
3376 2103 3600 2159 timen-

225 2195 315 2243 τες,
341 2174 423 2229 καὶ
450 2175 539 2230 τὸν
575 2174 713 2249 ὑπὲρ
767 2173 937 2245 αὓτῆς
965 2176 1192 2246 θέοντες,
1242 2179 1417 2245 ὁσίαις
1442 2180 1632 2237 αὐτίκα
1675 2188 1836 2256 τιμᾷν

1988 2216 2044 2256 es
2073 2199 2129 2255 in
2164 2214 2268 2270 pro
2299 2173 2884 2269 ipsa-contendentes,
2918 2211 2952 2248 a
2973 2193 3153 2265 justis
3180 2191 3415 2248 illorum
3447 2191 3599 2249 cele-

225 2264 478 2360 είργονται,
533 2265 670 2360 τοὺς
723 2262 883 2360 ἔργρν
945 2267 1221 2360 μαχαίρας
1264 2274 1695 2360 γεγενημένους,
1746 2276 1836 2329 καὶ

1982 2262 2195 2345 prandia
2218 2262 2601 2360 probibentur
2628 2286 2731 2356 qui
2760 2298 2900 2340 ense
2928 2262 3213 2339 verberati
3240 2281 3593 2351 ceciderunt,

222 2355 260 2409 εἰ
282 2359 377 2410 τῶν
421 2357 773 2428 τιμιωτάτων
804 2354 840 2424 ἢ
891 2355 1166 2433 φιλτάτων
1215 2359 1402 2423 αὐτοῖς
1434 2356 1582 2423 ὄντες
1622 2366 1833 2439 τυγχά-

1990 2380 2216 2436 uamvis
2247 2394 2316 2435 ex
2364 2378 2603 2448 optimis
2645 2354 2871 2432 iuerint
2920 2382 2975 2430 et
3025 2372 3395 2429 cbarissimis
3441 2372 3596 2444 ipso-

220 2463 358 2513 νοιεν,
384 2448 473 2499 τοῦ
501 2446 717 2507 πάθους
765 2443 1075 2520 κρείττονος
1114 2443 1286 2519 ὄντος,
1318 2451 1354 2521 ἢ
1404 2453 1521 2506 κατ’
1564 2451 1831 2529 ἀναίρεσιν

1982 2487 2073 2527 um
2134 2469 2364 2539 amicis,
2410 2485 2483 2524 ne
2537 2466 2801 2524 videlicet
2847 2464 2910 2521 in
2967 2463 3257 2521 efferendo
3305 2443 3593 2536 occupati,

220 2538 309 2629 τῶν
344 2539 555 2629 νεκρῶν,
611 2534 691 2607 μὴ
745 2530 850 2629 ἄρα
899 2538 995 2591 τοῦ
1041 2536 1291 2611 πολέμου
1345 2541 1594 2611 πανταχῆ
1646 2541 1831 2617 περιρ-

1985 2560 2132 2617 :lhuc
2174 2557 2325 2615 bello
2350 2530 2617 2629 undique
2655 2555 2964 2628 ingruente
3006 2556 3065 2610 et
3109 2530 3596 2624 imminente-pe-

223 2625 426 2697 ᾀέοντος,
459 2627 549 2680 καὶ
580 2629 683 2680 τοῦ
731 2623 981 2681 κινδύνου
1025 2626 1432 2703 ἐπηρτημένου,
1464 2630 1532 2704 τῇ
1575 2633 1700 2707 περὶ
1740 2634 1834 2688 τὸν

1984 2649 2153 2718 iculo,
2185 2651 2418 2720 propter
2447 2623 2793 2703 cadaverum
2825 2657 3027 2701 curam
3058 2641 3344 2700 lethaliter
3374 2623 3595 2697 ferian-

222 2714 456 2787 κείμενον,
504 2716 754 2809 άσχολίᾳ
795 2717 1022 2809 καιρίων
1072 2717 1347 2794 βληθῶσι,
1396 2722 1486 2784 καὶ
1533 2727 1614 2795 τῷ
1659 2728 1833 2800 νεκρῷ

1987 2757 2059 2807 1r,
2091 2714 2149 2795 et
2177 2714 2312 2794 cum
2340 2737 2466 2809 jam
2497 2736 2766 2792 defuncto
2819 2750 2939 2789 una
2968 2732 3305 2788 efferantur.
3347 2730 3598 2788 Pariter-

222 2807 688 2880 σογκατενεχθῶσι.
723 2806 869 2877 Πρὸς
909 2807 1007 2875 τὴν
1038 2810 1241 2878 νοητήν
1282 2809 1374 2864 οὗν
1404 2811 1497 2866 καὶ
1544 2814 1692 2885 ἡμᾶς
1722 2817 1831 2869 τῶν

1990 2806 2057 2884 ue
2110 2806 2632 2898 nosmet‘oportet,
2700 2823 2803 2895 qui
2876 2823 3033 2879 240
3110 2819 3293 2878 aciem
3367 2819 3594 2877 intelle-

220 2892 520 2967 νεκρούντων
594 2896 783 2950 παθῶν
855 2897 1359 2971 παραταττομένους
1434 2901 1639 2976 μάχην,
1698 2902 1831 2957 αύτᾶ

1981 2918 2193 2975 tualem
2261 2892 2623 2972 instruimus
2689 2892 2967 2969 adversus
3044 2909 3370 2967 mortiferus
3448 2910 3592 2966 alre-

219 2983 405 3038 θάπτειν
450 2983 662 3061 ἀνάγκη
712 2986 1014 3060 πειρᾶσθαί,
1064 2985 1127 3041 ού
1182 2992 1289 3042 τῶν
1334 2989 1579 3063 σώμασιν
1635 2991 1830 3070 ἀπογι-

1978 3013 2096 3074 tus,
2155 3004 2348 3062 moliri
2405 3006 2468 3060 ut
2522 3004 2684 3075 ipsos
2748 3000 3123 3073 sepeliamus,
3181 3014 3296 3054 non
3356 2998 3589 3054 tantum

217 3076 426 3143 νομένων
474 3079 599 3136 ταῖς
662 3075 909 3147 μνήμαις
965 3074 1254 3151 προσέχειν
1304 3078 1395 3133 τὸν
1454 3084 1597 3150 νοῦν,
1643 3081 1718 3144 ὡς
1771 3082 1828 3138 τὸ

1979 3097 2310 3154 ttendentee
2341 3074 2627 3151 memoriis
2668 3091 2903 3147 illorum
2934 3090 3030 3161 qui
3063 3107 3096 3144 a
3119 3103 3359 3161 corpore
3389 3103 3588 3145 reces-

216 3164 295 3215 τοῦ
323 3164 515 3237 Κυρίου
545 3162 827 3240 ἐπίταγμα
859 3182 874 3196 ’
923 3162 1125 3220 ἐκεῖνοι
1161 3168 1498 3242 πεπαυμένοι
1541 3175 1638 3225 τοῦ
1669 3170 1827 3227 πολε·

1979 3189 2175 3254 erunt,
2206 3200 2381 3257 quam
2430 3182 2706 3239 mandato
2754 3179 3008 3237 Domini.
3052 3178 3141 3234 llli
3190 3177 3426 3250 quidem
3468 3193 3590 3234 ces-

221 3254 343 3322 μεῖν,
388 3251 519 3325 πρὸς
568 3253 673 3321 τήν
722 3252 993 3328 ἀναίρεσιν
1038 3260 1146 3311 τῶν
1194 3255 1570 3335 ἐσφαγμένων,
1617 3262 1830 3326 καὶτὰς

1979 3251 2425 3339 ειιιοείίὺειὶο,
2470 3271 2624 3328 circa
2669 3269 2977 3341 exsequias
3016 3268 3296 3339 justeque
3344 3265 3590 3321 interfe-

217 3341 575 3413 νενομισμένας
606 3346 895 3399 ποιοῦνται
928 3344 1100 3423 ταφάς
1136 3367 1149 3379 ’
1197 3346 1289 3401 καὶ
1319 3350 1485 3420 ἡμεῖς
1528 3355 1624 3404 τοῦ
1654 3355 1828 3408 συντό·

1977 3372 2171 3420 torum
2230 3364 2561 3433 satagunt;
2618 3363 2672 3415 et
2723 3374 2830 3414 nos
2886 3373 3027 3413 sane
3081 3354 3337 3411 defuncti
3395 3352 3588 3426 rigore

216 3450 291 3523 νου
322 3431 617 3523 μεθέμενοιΔ
651 3439 755 3501 τῆς
784 3433 1037 3503 νηστείας
1068 3432 1121 3489 ἓν
1161 3440 1281 3497 ταῖς
1328 3434 1690 3515 ἱλαρωτέραις
1732 3448 1827 3499 τῶι

1977 3450 2155 3521 sjunii
2183 3448 2243 3504 in
2264 3431 2469 3505 diebus
2508 3446 2763 3503 maxime
2811 3443 3032 3500 festivis
3061 3442 3255 3500 ofﬁcia
3290 3441 3588 3498 memoriis

218 3521 434 3594 ἡμερῶν,
466 3522 571 3576 τῶν
599 3520 655 3576 έν
704 3526 825 3585 ταῖς
876 3524 1120 3597 μνήμαις
1166 3525 1274 3581 τῶν
1322 3523 1710 3607 ἀποιχομένων
1743 3554 1829 3606 με-

1332 3523 1710 3607 ἰιποιχομὲνων
1743 3554 1839 3606 με-
1942 3520 2282 3595 sanctorum
2314 3535 2512 3593 debita
2539 3532 2943 3607 persolvimus.

220 3612 447 3680 μνήμεθα
466 3611 729 3667 τελετῶν.

216 3716 407 3779 Ὅπως
443 3718 656 3808 γάμοι
696 3719 806 3808 καὶ
845 3716 1048 3808 ἄλλαι
1086 3723 1266 3808 τινες
1301 3729 1607 3780 τοιαῦται
1646 3748 1827 3799 πανηι

1976 3738 2101 3807 luod
2150 3736 2360 3808 nuptim
2413 3742 2467 3789 et
2521 3733 2655 3790 aliae
2694 3730 3033 3808 istiusmodi
3085 3730 3460 3808 solemnitate:
3526 3729 3587 3785 in

472 3790 706 3866 γύρεις
746 3790 807 3844 ἐν
842 3794 920 3863 τῇ
965 3792 1017 3864 μ’
1056 3793 1126 3847 οὐ
1166 3793 1543 3852 τελοῦνται.
1802 3790 1812 3799 ’
1951 3790 2078 3808 ἰη’-

1802 3790 1812 3799 ’
1951 3790 2051 3808 ν’
2071 3790 2096 3792 n
2160 3790 2592 3878 Qu'adragesima
2623 3804 2857 3861 minime
2873 3803 3214 3860 celebrandae
3242 3804 3371 3858 sint.

272 3880 324 3932 Τί
368 3875 423 3934 δὲ
476 3881 676 3956 γάμων
726 3879 921 3952 μέλλει
950 3880 1037 3936 καὶ
1089 3883 1360 3955 ὑμεναίων
1407 3892 1521 3946 τοῖς
1570 3884 1700 3961 δόρυ
1751 3910 1836 3943 κι-

2015 3875 2439 3968 Quid'nuptias
2470 3900 2528 3951 et
2575 3893 2949 3965 epithalamia
2988 3909 3190 3948 curare
3218 3893 3449 3957 debent,
3485 3890 3585 3962 qui

218 3972 394 4039 νοῦσιν,
443 3970 476 4039 ἤ
526 3971 745 4046 ἑορταῖς
796 3969 999 4048 ἐφεῖται
1058 3974 1269 4048 χαίρειν
1321 3978 1411 4032 καί
1460 3979 1829 4053 πανηγύρεσις

1975 4003 2108 4042 ,rma
2139 3984 2384 4058 gerunt?
2435 4001 2507 4039 an
2555 3982 2675 4038 illis
2725 3981 3082 4054 permittitur
3130 3980 3292 4037 festis
3332 3996 3398 4036 ac
3430 3978 3586 4035 ludis

216 4058 407 4146 ίΙολλοῦ
438 4081 499 4129 γε
528 4060 622 4115 καὶ
655 4057 759 4115 δεῖ·
790 4063 858 4114 ού
889 4058 1027 4130 δῆτα
1054 4061 1171 4118 οὐδ’
1198 4067 1334 4137 ἡμῖν
1364 4066 1416 4121 έν
1449 4072 1514 4140 τῇ
1548 4069 1681 4141 πρὸς
1708 4069 1827 4131 τοὺς

1975 4057 2283 4146 ndulgere?
2313 4072 2547 4128 Minime
2577 4072 2806 4143 quidem
2835 4089 2847 4126 :
2883 4087 3070 4142 neque
3100 4070 3272 4126 etiam
3306 4069 3471 4126 nobis
3496 4072 3586 4124 tu-

216 4142 442 4218 ὂαίμονας
492 4150 673 4224 πάλῃ,
704 4147 956 4204 τοιούτου
1000 4152 1147 4213 τινὸς
1187 4152 1411 4226 μέλλειν
1461 4156 1695 4231 ἀσφαλὲς
1744 4159 1827 4212 καί

1975 4182 2064 4222 um
2091 4169 2194 4220 aut
2221 4165 2433 4219 decens
2464 4163 2522 4217 in
2554 4142 2867 4217 certamine
2882 4174 3013 4216 cum
3037 4159 3421 4227 daemonibus,
3445 4158 3586 4215 ista-

212 4239 417 4307 ιαθῆκον
430 4281 444 4298 .

1943 4271 2071 4311 rum
2102 4269 2299 4310 rerum
2330 4267 2533 4307 curam
2565 4243 2747 4306 ullam
2779 4250 3011 4305 habere.

215 4345 346 4419 Περί
398 4350 517 4400 τοῦ
574 4344 917 4411 θαύματος
973 4352 1087 4402 τοῦ
1144 4345 1250 4403 διὰ
1306 4348 1660 4407 κολλύϐων
1719 4358 1826 4408 τοῦ

702 4416 898 4474 ἁγίου
937 4416 1304 4474 Θεοδώρου.

2048 4366 2130 4417 De
2157 4359 2429 4416 miraculo
2461 4360 2731 4430 frumenti
2758 4358 2896 4414 cocti
2923 4373 3020 4428 per
3039 4357 3095 4412 S.
3122 4356 3471 4413 Theodorum.

827 4439 898 4472 ου
937 4438 1304 4480 υεοοωοου.

702 4438 898 4491 αγιου
937 4438 1304 4494 υεοοωρου.

272 4505 465 4595 Εἰῗγᾶρ
516 4505 813 4580 μαρτύρων
860 4508 1083 4581 μνήμας
1124 4508 1249 4580 ἐξῆν
1282 4509 1342 4595 ,ἐν
1387 4516 1502 4574 τοῖς
1553 4512 1830 4577 τοιούτοις

2010 4524 2232 4595 Quippe
2260 4522 2310 4579 si
2346 4521 2656 4578 memorias
2684 4519 2976 4575 celebrare
2996 4518 3054 4574 in
3086 4518 3203 4574 illis
3225 4517 3581 4589 temporibus

214 4591 451 4665 ἑορτάζειν
497 4598 741 4671 καιροῖς,
766 4595 962 4658 παντὸς
1015 4595 1228 4668 μᾶλλον
1260 4594 1367 4654 ἔδει
1413 4605 1511 4655 τοῦ
1559 4602 1725 4657 καλὸν
1774 4602 1825 4658 ἐν

262 4684 273 4700 ρ
474 4683 496 4702 ς
530 4686 543 4701 .
658 4690 666 4702 .
865 4690 899 4702 ,ι
969 4682 1032 4702 δ’
1268 4691 1293 4702 ..
1352 4688 1418 4702 _.
1660 4690 1674 4702 .
1796 4697 1822 4702 _

1969 4591 2186 4678 iuuerit,
2220 4610 2470 4667 maxime
2504 4609 2664 4665 illam
2705 4608 3008 4680 oportebat
3036 4607 3324 4664 Theodori
3351 4607 3580 4663 Tironis

216 4684 416 4774 μάρτυσι
474 4683 803 4757 λάμποντος
862 4682 1146 4760 Θεοδώρου
1194 4691 1295 4743 τοῦ
1352 4688 1623 4763 Τύρωνος,
1656 4690 1711 4747 έν
1758 4697 1826 4767 τῇ

1970 4701 2207 4774 martyris
2259 4699 2608 4773 percslebris
2658 4699 2845 4770 primo
2892 4697 2986 4753 die
3018 4698 3379 4769 jejuniorum
3421 4713 3581 4754 reco-

215 4772 377 4859 πρώτη
404 4778 513 4829 τῶν
565 4777 830 4844 νηστειῶν
874 4774 1055 4849 ἡμέρᾳ
1100 4775 1298 4848 τελεῖν,
1339 4779 1458 4834 καθ’
1502 4781 1564 4849 ἣν
1610 4781 1673 4835 τὸ
1721 4803 1826 4855 μη-

1968 4772 2207 4859 οιιο,ὐδὶ
2240 4772 2385 4845 nihil
2412 4790 2609 4845 minus
2657 4803 2833 4858 quam
2867 4787 3205 4843 miraculum
3231 4787 3365 4843 fecit
3393 4786 3579 4842 redar-

363 4859 594 4920 ἔλαττον
626 4862 704 4924 είς
740 4862 1026 4951 ⁸θαύματος
1061 4864 1228 4940 λόγον
1278 4869 1461 4941 θαῦμα
1506 4870 1824 4941 πεποίηκεν,

1965 4856 2122 4948 {uene
2152 4881 2422 4949 apostataa
2469 4856 3064 4948 celatamnequitiam,
3097 4881 3156 4932 et
3187 4874 3401 4949 populo
3450 4891 3576 4947 per-

215 4947 398 5025 ἒλέγξας
426 4958 527 5009 τοῦ
576 4947 895 5027 παραϐάτου
926 4955 1025 5023 σήν
1071 4956 1453 5030 κεκρυμμένην
1505 4958 1826 5030 σκαιότητα,

1964 4947 2451 5038 uadens'pollutis
2486 4965 2634 5023 cibis
2676 4965 2737 5021 in
2769 4947 2977 5021 diebus
2999 4947 3211 5037 jejunii
3239 4947 3575 5034 neutiquam

212 5041 283 5094 καὶ
310 5044 382 5114 μὴ
412 5043 716 5118 χρανθῆναι
758 5042 850 5098 τὸν
902 5040 1035 5100 λαὸν
1074 5050 1192 5108 τοῖς
1240 5044 1637 5123 ἡλογισμένοις
1683 5048 1823 5123 βρώε

1970 5056 2342 5124 ontaminari,
2371 5060 2544 5127 atque
2566 5055 2709 5111 adeo
2738 5054 3065 5109 admonens
3093 5054 3451 5127 episcopum,
3476 5053 3578 5126 qui

218 5151 346 5199 μασιν
375 5132 423 5186 ὲν
452 5138 575 5195 ταῖς
625 5132 915 5205 νηστίμοις
963 5136 1195 5210 ἡμέραις
1239 5141 1672 5210 παρασκευάσας,
1702 5139 1828 5194 ἀλλ’

1966 5161 2062 5201 um
2095 5144 2340 5216 przeluil,
2373 5153 2431 5199 ut
2465 5160 2642 5216 panes
2686 5143 2785 5213 qui
2815 5141 2873 5197 in
2920 5141 3043 5198 foro
3086 5158 3299 5197 venum
3328 5157 3577 5213 expone-

212 5217 485 5297 ἐπισκήψας
531 5227 615 5294 τῷ
658 5221 784 5278 τότε
829 5222 1094 5298 ἀρχιερεῖ,
1143 5227 1270 5289 τοὺς
1322 5228 1417 5301 μὲν
1466 5230 1580 5284 κατ’
1626 5229 1823 5304 ἀγορὰν

1962 5238 2166 5301 lantur,
2192 5233 2416 5289 nullum
2450 5238 2687 5305 tangere
2710 5233 3069 5288 frumentum
3088 5237 3282 5288 autem
3304 5247 3573 5304 coquere,

212 5310 273 5370 εἷς
300 5310 430 5380 ὠνὴν
480 5312 875 5387 προκειμένους
916 5314 1133 5387 ἄρτους,
1166 5317 1379 5391 χαίρειν
1427 5317 1539 5391 έᾷν,
1570 5325 1719 5374 σῖτον
1771 5316 1823 5374 δὲ

1962 5326 2110 5394 ιιψιε
2140 5339 2206 5379 eo
2255 5331 2550 5378 vescentes
2584 5327 2804 5377 naturae
2851 5320 3150 5393 sxigentizs
3199 5336 3573 5390 succurrere;

211 5394 353 5471 ἕψειν,
377 5403 466 5457 καὶ
512 5401 695 5475 τούτῳ
745 5404 1085 5477 χρωμένους,
1113 5406 1215 5474 τήν
1263 5414 1363 5475 τῆς
1402 5409 1613 5484 φύσεως
1663 5410 1822 5483 ἀνάγ-

1959 5413 2088 5483 [uod
2121 5412 2227 5483 ipsi
2275 5411 2534 5468 fecerunt
2581 5412 2841 5481 adeoque
2891 5409 3211 5481 periculum
3244 5414 3570 5477 evaserunt,

210 5508 292 5555 κην
331 5493 761 5565 παραμυθεῖσθαι
802 5510 818 5524 ⁹
874 5492 903 5546 ὃ
959 5494 1047 5548 καὶ
1106 5497 1490 5570 πεποιηκότες,
1548 5500 1645 5567 τήν
1701 5498 1821 5553 ἐπι-

1964 5517 2007 5557 ιθ
2034 5500 2177 5558 l'orte
2214 5500 2433 5556 malitia
2476 5502 2754 5555 adversus
2797 5499 3070 5555 virtutem
3109 5498 3476 5570 gloriaretur,
3517 5503 3575 5557 et

209 5572 391 5650 ὅθολῆν
443 5581 797 5659 ἐφυλάξαντο,
850 5579 941 5637 ’ίνα
1002 5583 1079 5655 μὴ
1146 5591 1246 5654 τῆς
1302 5586 1498 5661 ἀρετῆς
1556 5592 1591 5656 ἡ
1664 5587 1820 5642 κακία

1965 5591 2205 5663 mpietas
2254 5591 2527 5662 pietatem
2576 5594 2897 5660 superaret.
2955 5589 3240 5652 Quoniam
3285 5593 3477 5647 autem
3518 5593 3576 5646 et

209 5673 693 5746 κατακαυχήσηται,
759 5671 852 5728 καὶ
914 5679 1017 5744 τῆς
1090 5669 1360 5740 εὐσεϐείας
1434 5679 1469 5749 ἡ
1547 5672 1820 5734 δυσσέϐεια

1961 5682 2138 5755 ejnnii
2196 5682 2530 5746 austeritas,
2578 5684 2637 5736 et
2678 5680 2807 5736 festi
2855 5678 3122 5737 hilaritas
3160 5682 3221 5738 in
3251 5680 3572 5738 Sabbatum
