4060 6228
391 369 500 430 151

391 603 538 658 tutis
568 617 693 656 mos
727 601 836 654 iste
865 597 1070 654 merito
1122 595 1394 664 obtinuit,
1425 595 1853 668 eleemosynam
1885 594 2042 650 festi-

393 691 574 747 vitate
601 685 1048 745 cohonestandi.

398 889 751 960 Quamobrem
807 892 936 960 ante
983 887 1469 960 Quadragest'mam
1529 887 1848 942 memoriam
1893 885 2039 939 cele-

471 961 689 1017 bramus
731 959 979 1014 omnium
1029 961 1088 1012 in
1135 958 1241 1028 ﬁde
1283 957 1688 1030 defunctorum,
1737 963 1786 1010 et
1829 965 2042 1012 sancto-

471 1049 596 1088 rum
621 1034 868 1087 Patrum.

471 1141 690 1196 Idcirco
713 1145 844 1195 ante
877 1139 1110 1194 initium
1137 1138 1366 1209 jejunii,
1395 1138 1713 1194 Sabbatum
1737 1141 1870 1208 post
1888 1137 2043 1190 diem

402 1231 694 1298 Cinerum,
725 1228 996 1284 omnibus
1026 1227 1340 1294 defunctis,
1374 1232 1548 1298 atque
1571 1225 1891 1282 Sabbatum
1923 1241 2044 1293 pro-

321 1303 328 1318 ’
403 1319 555 1375 xime
584 1334 858 1388 sequens,
906 1316 1120 1372 sanctis
1169 1315 1436 1371 Patribus
1467 1315 1712 1372 solemni
1759 1314 2046 1370 memoriae

407 1407 914 1472 consecrabantur,
949 1411 1228 1477 tanquam
1261 1405 1576 1472 conclusio,
1611 1409 1676 1460 ut
1708 1404 1864 1474 loqui
1893 1403 2046 1470 licet,

409 1495 748 1552 istiusmodi
781 1495 1178 1564 festivitatum,
1226 1511 1360 1550 cum
1394 1495 1562 1550 nobis
1594 1495 1747 1550 haud
1797 1493 2051 1566 amplius

406 1593 587 1652 vacet,
613 1587 740 1656 jam
791 1585 862 1640 ad
911 1584 1225 1640 certamina
1253 1584 1579 1654 spiritualia
1605 1585 2048 1656 prodeuntibus,

415 1677 484 1730 ad
517 1675 628 1730 ista
658 1675 976 1730 attendere.

417 1783 597 1851 Quare
637 1797 829 1836 rursus
875 1787 991 1852 post
1043 1785 1408 1848 Pentecoste",
1455 1789 1773 1837 sanctarum
1813 1782 2057 1836 omnium

928 1855 1189 1908 memoria
1216 1853 1544 1909 celebratur.

491 1943 760 2000 Solemne
781 1947 872 1998 est
893 1942 1180 1998 militibus
1203 1949 1334 2014 post
1355 1943 1613 1999 devictos
1635 1942 2064 2008 Barbaros,tro-

416 2049 605 2105 pssum
655 2031 897 2104 erigere,
946 2041 999 2088 et
1049 2033 1194 2088 ferre
1241 2032 1438 2102 opima
1489 2032 1839 2104 imperatori,
1891 2042 2064 2104 atque

417 2127 544 2178 tum
579 2123 651 2178 ad
692 2121 1050 2192 sepulturam
1103 2127 1462 2178 mortuorum
1513 2139 1574 2179 se
1604 2122 1922 2194 accingere.
1957 2124 2064 2178 Pa-

418 2212 671 2284 riterque
703 2210 871 2266 nobis
918 2226 1068 2266 curae
1100 2215 1212 2276 est,
1245 2219 1370 2282 post
1403 2210 1708 2282 spirituale
1751 2211 1968 2266 bellum
2003 2212 2064 2266 in

409 2301 662 2372 jejunio,
713 2304 771 2355 et
821 2300 1267 2356 resurrectionis
1313 2300 1610 2356 victoriam
1673 2305 1950 2371 tropaeum
2005 2301 2063 2355 in

421 2390 755 2446 Pentecoste
787 2390 986 2462 figere,
1035 2393 1090 2444 et
1136 2389 1388 2460 epinicia
1443 2389 1689 2458 Christo,
1741 2406 1843 2460 per
1891 2406 2062 2460 quem

419 2480 732 2546 vincimus,
765 2495 990 2545 canere,
1021 2485 1192 2552 atque
1227 2479 1308 2534 ita
1337 2479 1630 2536 defunctis
1654 2481 1918 2534 debitum
1945 2480 2070 2536 offi-

421 2573 580 2624 cium
630 2567 955 2638 persolvere
1003 2575 1132 2638 post
1179 2569 1530 2640 completam
1583 2569 1976 2634 Pentecosten,
2015 2571 2072 2623 et

425 2664 558 2730 post
587 2659 710 2714 dies
751 2665 972 2730 septem
1004 2660 1268 2714 omnium
1315 2668 1642 2715 sanctorum
1696 2659 2066 2715 festivitatem

427 2750 736 2816 celebrare,
781 2749 1071 2820 primitias
1119 2750 1288 2820 quasi
1337 2750 1638 2806 offerentes
1695 2750 1972 2806 festorum
2015 2753 2072 2804 et

431 2839 844 2894 memoriarum
876 2839 1336 2910 insequentium.
1387 2839 1602 2894 Verum
1651 2839 1708 2894 in
1761 2839 1920 2894 festis
1965 2837 2074 2893 Do-

431 2927 663 2984 minicis
733 2927 1136 2983 defunctorum
1189 2929 1500 2983 memorias
1549 2928 1752 2994 facere,
1815 2943 1927 2983 non
1983 2929 2076 2984 est

432 3017 618 3088 pium,
679 3033 866 3087 neque
909 3017 1074 3072 decet
1125 3021 1442 3088 martyrum
1496 3017 1689 3072 obitus
1745 3016 2072 3085 celebrare;

435 3121 570 3160 nam
601 3105 829 3176 quando
869 3105 1115 3177 epinicia
1149 3107 1305 3176 regia
1339 3111 1676 3177 personant,
1709 3121 1898 3178 neque
1927 3106 2075 3161 ritus

433 3193 557 3250 vult
595 3194 792 3264 lugere
821 3211 916 3250 eos
960 3195 1058 3265 qui
1091 3195 1150 3250 in
1181 3195 1332 3250 bello
1362 3195 1717 3261 ceciderunt,
1741 3211 1928 3266 neque
1957 3203 2074 3250 tro-

435 3283 577 3354 pmis
643 3283 960 3338 Dominicis
1018 3284 1282 3339 servilem
1343 3283 1611 3339 virtutem
1680 3284 2072 3339 commiscere.

436 3373 584 3427 241
615 3373 760 3426 Nam
791 3388 915 3441 qua:
946 3376 1086 3428 sunt
1113 3371 1344 3428 Domini
1383 3373 1527 3442 (ejus
1556 3373 1774 3428 scilicet
1803 3373 1902 3444 qui
1937 3389 2075 3441 prm-

436 3463 556 3516 mia
593 3461 914 3532 dispensat,
957 3466 1012 3514 et
1058 3461 1354 3517 vincentes
1401 3461 1680 3533 coronat),
1725 3476 1856 3516 cum
1905 3463 2077 3516 servi-

436 3549 589 3606 libus
621 3550 950 3620 permisceri
977 3549 1375 3619 justissimum
1407 3559 1458 3606 et
1491 3551 1893 3621 aequissimum
1917 3569 1932 3618 ;
1959 3567 2079 3606 ser-

436 3639 779 3694 viliaautem
803 3638 1122 3695 Dominicis
1145 3640 1682 3710 adjungere,audax
1695 3639 2074 3706 etinsulsum,

437 3728 551 3784 nisi
585 3729 727 3782 forte
757 3727 1170 3784 nonnullorum
1197 3733 1527 3784 sanctorum
1553 3733 1784 3800 propter
1803 3729 2075 3784 eximiam

437 3816 496 3870 in
528 3817 801 3872 certando
832 3815 1128 3872 virtutem.

511 3907 737 3962 Rursus
795 3913 852 3961 et
899 3905 1012 3962 alio
1061 3905 1234 3960 modo
1287 3903 1654 3961 considerare
1709 3904 1844 3961 licet
1901 3905 2073 3962 ritum

439 3995 592 4050 hunc
643 3995 1270 4066 Quadragesimalem;
1324 3993 1599 4050 nimirum
1651 4003 1793 4050 totos
1841 3996 1908 4050 48
1957 3997 2078 4052 dies

433 4085 642 4155 jejunii
683 4100 848 4156 agere
893 4083 994 4140 illo
1043 4087 1303 4155 tempore
1338 4084 1634 4153 jubemur.
1693 4085 2080 4156 Quadraginta

440 4173 676 4244 quidem
733 4174 805 4228 ad
863 4174 1193 4245 exemplum
1255 4173 1462 4242 jejunii
1533 4171 1766 4242 Christi,
1819 4190 1934 4244 quo
1989 4174 2079 4228 in-

439 4269 719 4329 structus,
749 4264 934 4334 quoad
971 4268 1236 4320 naturam
1279 4263 1618 4332 humanam,
1665 4267 1931 4318 nostrum
1977 4263 2082 4320 ho-

439 4359 584 4408 stem
627 4345 876 4424 subegit.
919 4352 1236 4424 Sequentes
1262 4355 1453 4408 autem
1488 4356 1636 4420 octo,
1686 4353 1757 4407 ad
1807 4353 2078 4408 imitatio-

441 4457 576 4498 nem
605 4441 944 4497 salutarium
976 4441 1104 4511 ejus
1143 4442 1502 4510 passionum.
1545 4443 1727 4509 Atque
1759 4441 1814 4495 hi
1849 4443 2081 4512 quidem

442 4529 984 4602 contemplationem
1016 4530 1418 4601 animumque,
1443 4537 1704 4585 nostrum
1737 4532 2080 4599 accendunt,

1660 365 2032 428 ΜΑΤΤΗΔΕΙ
2079 365 2504 429 BLASTARIS

392 511 654 584 proxime
701 524 950 580 sequens
999 505 1426 572 coincidebant,
1471 521 1539 562 ex
1580 505 1808 560 Patrum
1851 505 2026 560 insti-
2057 539 2071 572 Α

2187 499 2492 576 εριγὲνηται
2527 520 2540 534 ·

2091 1877 2140 1943 Β

3679 375 3798 435 152

2601 500 2729 558 ἄλλ’
2797 499 2986 574 ἔπειδή
3043 509 3123 578 τῷ
3195 512 3296 576 τῆς
3352 505 3598 576 νηστείας
3674 528 3769 562 σκυ

2151 592 2373 666 θρωπῷ,
2423 591 2486 645 τὸ
2543 591 2924 666 γεγανωμένον
2982 599 3082 664 τῆς
3140 595 3334 669 ἑορτῆς
3386 595 3447 650 οὐ
3501 591 3794 661 συνέϐαινε,

2149 685 2230 752 τῷ
2259 680 2466 736 ἐπιόντι
2515 681 2718 754 πρώτῳ
2767 676 3023 754 σαϐϐάτῳ
3055 685 3154 754 τήν
3203 683 3449 740 εὐποιίαν
3499 686 3796 760 πανηγύρει

2151 774 2335 842 τιμᾷν,
2368 767 2558 844 ἄριστα
2589 772 2812 844 θεσμοῖς
2844 773 3100 847 Πατέρων
3133 775 3221 828 ἐτα
3235 776 3454 848 μιεύθη.

2151 877 2268 956 At}:
2312 876 2379 956 τί
2431 877 2723 956 πρὸ-τῆς
2781 889 3326 956 τεσσαρακοστῆς
3378 885 3650 956 μνήμην
3707 903 3798 937 τε-

2223 948 2772 1036 λοῦμεντξάνΙτων
2817 955 2948 1036 τῶν,
2989 948 3206 1008 πίστει
3255 948 3795 1028 κεκοιμημένων,

2221 1019 2492 1075 καὶτῶν
2533 1019 2739 1096 ἁγίων
2781 1023 3108 1098 Πατέρων.

2228 1130 2324 1183 Διά
2353 1149 2439 1182 τοι
2491 1133 2650 1183 τοῦτο
2697 1131 2802 1204 πρὸ
2841 1137 2939 1200 τῆς
2989 1128 3207 1186 εἰσόδου
3251 1137 3356 1186 τῶν
3399 1137 3685 1203 νηστειῶν,
3737 1135 3800 1188 τὸ

2153 1225 2251 1286 τῆς
2279 1218 2532 1290 ἀπόκρεω
2583 1213 2876 1289 σάϐϐατον,
2904 1226 3020 1282 τοῖς
3069 1221 3162 1275 ἀπ’
3211 1221 3408 1285 αἰῶνος
3459 1224 3802 1294 κεκοιμημέ-

2157 1329 2296 1374 νοις,
2326 1305 2476 1362 τὸδέ
2527 1329 2586 1382 γε
2633 1309 2766 1380 μετὰ
2812 1313 2995 1378 τοῦτο,
3037 1316 3154 1372 τοῖς
3201 1311 3380 1388 ἁγίοις
3429 1319 3555 1367 πᾶσι
3604 1314 3802 1385 μνήμη

2161 1395 2479 1470 δημοτελὴς
2530 1397 2846 1474 ἀφωσίωται
2881 1418 2892 1431 ·
2927 1401 3292 1474 συμπέρασμα
3335 1402 3409 1464 ὡς
3437 1399 3498 1456 ἂν
3541 1400 3688 1456 εἴποι
3719 1422 3808 1462 τις

2160 1491 2266 1541 τῶν
2325 1485 2412 1540 ἐπὶ
2467 1487 2684 1550 τούτοις
2741 1487 2998 1556 τελετῶν,
3049 1491 3122 1552 ὡς
3183 1491 3258 1564 μή
3319 1489 3500 1565 σχολή
3559 1490 3808 1566 ἐχόντων

2163 1578 2326 1649 ἡμῶν
2381 1577 2518 1652 πρὸς
2569 1575 2780 1650 ἀγῶνας
2837 1577 2946 1650 ⁹ἤδη
2993 1581 3325 1655 χωρούντων
3385 1581 3811 1654 πνευματικοὺς,

2163 1665 2436 1727 τοιούτοις
2465 1666 2837 1746 προσανέχειν.

2169 1775 2284 1832 Διά
2321 1773 2380 1830 τί
2423 1773 2490 1830 δὲ
2527 1773 2750 1850 πάλιν-
2783 1776 2943 1850 μετὰ
2989 1777 3106 1850 τήν
3155 1780 3641 1850 Πεντηκοστὴν,
3677 1783 3814 1834 τῶν

2727 1847 2925 1922 ἁγίων
2967 1849 3246 1906 πάντων.

2243 1933 2524 2012 Προῦργου
2555 1941 2672 1998 τοῖς
2719 1939 3072 2012 στρατιώταις
3107 1939 3242 2012 μετὰ
3290 1941 3388 2008 τήν
3435 1945 3542 1995 τῶν
3597 1934 3818 2013 βαρϐά-

2171 2047 2279 2100 ρων
2325 2029 2510 2094 ἤτταν,
2571 2025 2830 2100 τρόπαιον
2885 2034 3104 2096 στῆσαι,
3162 2030 3250 2083 καὶ
3309 2028 3504 2099 ἐξελεῖν
3565 2029 3818 2103 ἀριστεῖα

2170 2118 2250 2185 τῷ
2307 2114 2542 2188 βασιλεῖ,
2591 2115 2686 2169 εἶθ’
2746 2113 2918 2176 οὕτως
2969 2115 3056 2171 ἐπὶ
3113 2119 3207 2179 τὰς
3263 2123 3368 2172 τῶν
3423 2118 3816 2194 ἀναιρεθέντων

2173 2203 2304 2258 ἰέναι
2353 2203 2521 2280 ταφάς
2555 2221 2570 2234 ·
2615 2203 2704 2258 καὶ
2753 2206 2890 2277 ἡμῖν
2941 2203 3223 2279 ἐπιμελὲς,
3283 2207 3419 2279 μετά
3469 2208 3561 2262 τὸν
3612 2206 3665 2262 ἐν
3719 2229 3820 2276 νη-

2174 2291 2323 2364 στείᾳ
2362 2293 2560 2362 νοητὸν
2607 2292 2876 2366 πόλεμον,
2921 2295 3010 2349 καὶ
3053 2297 3151 2364 τὴν
3199 2294 3346 2362 νίκην
3393 2303 3492 2365 τῆς
3541 2297 3822 2354 Ἀναστά-

2176 2403 2333 2450 σεως,
2364 2381 2624 2456 τρόπαιον
2673 2387 2740 2455 τῇ
2775 2389 3122 2459 Πεντηκοστῇ
3171 2392 3389 2455 στῆσαι,
3421 2385 3511 2440 καὶ
3559 2391 3642 2456 τῷ
3671 2407 3828 2440 νικο-

2177 2475 2322 2542 ποιῷ
2371 2475 2588 2544 Χριστῷ
2635 2470 2758 2541 ᾆσαι
2805 2471 2871 2526 τὰ
2919 2471 3172 2542 ἐπινίκια,
3220 2475 3309 2528 καὶ
3349 2475 3492 2529 οὕτω
3541 2480 3657 2536 τοῖς
3707 2495 3830 2528 κει-

2182 2560 2364 2632 μένοις
2405 2561 2467 2614 τὸ
2515 2561 2680 2635 χρέος
2735 2560 3018 2639 ἆφοσιοῦν,
3071 2565 3206 2634 μετᾶ
3259 2565 3358 2632 τὴν
3409 2563 3822 2636 συμπλήρωσιν

2175 2657 2276 2719 τῆς
2321 2657 2715 2719 Πεντηκοστῆς,
2747 2651 2838 2705 καὶ
2885 2653 3002 2723 μεθ’
3049 2651 3260 2726 ἡμέρας
3305 2653 3440 2708 ἒπτᾶ
3487 2659 3592 2707 τῶν
3641 2653 3826 2729 ἁγίων

2179 2740 2393 2795 πάντων
2427 2741 2723 2814 πανήγυριν
2754 2739 3043 2810 ἐπιτελεῖν,
3075 2743 3332 2817 ἀπαρχήν
3378 2743 3568 2798 ὡσανεὶ
3623 2763 3828 2798 ποιου-

2185 2829 2379 2904 μένους
2433 2833 2543 2884 τῶν
2603 2828 2790 2908 ἐφεξῆς
2862 2831 3068 2905 ἑορτῶν
3135 2853 3195 2886 τε
3266 2833 3356 2886 καὶ
3430 2831 3828 2906 μνημοσύνων.

2181 2917 2340 2977 Ἀλλ’
2372 2917 2486 2974 οὐδ’
2521 2919 2570 2974 ἐν
2599 2919 2810 2993 ἑορταῖς
2861 2919 3201 2984 δεσποτικαῖς
3239 2923 3621 2998 ἀποιχομένων
3675 2946 3836 2996 μνη-

2187 3009 2392 3082 μόσυνα
2447 3014 2626 3063 ποιεῖν
2685 3008 2852 3081 ὅσιον,
2911 3011 2944 3080 ἢ
3009 3014 3226 3085 μνήμας
3293 3011 3582 3088 μαρτύρων
3643 3011 3832 3068 ἐπιτε-

2183 3097 2300 3154 λεῖν
2356 3098 2614 3173 εὐπρεπὲς
2648 3117 2662 3131 ·
2727 3097 3027 3174 βασιλικῶν
3085 3103 3188 3178 γὰρ
3239 3101 3583 3176 τελουμένων
3645 3102 3837 3158 ἐπινι-

2186 3187 2346 3254 κίων,
2395 3183 2517 3241 οὔτε
2559 3185 2686 3249 τοὺς
2741 3190 3000 3245 πεσόντας
3058 3189 3109 3244 ἐν
3161 3192 3317 3267 μάχῃ
3375 3191 3542 3264 νόμος
3591 3192 3834 3262 πενθεῖν,

2190 3274 2314 3332 οὕτε
2363 3273 2704 3339 δεσποτικαῖς
2751 3279 3034 3353 τροπαίοις
3083 3277 3344 3344 δουλικᾶς
3390 3281 3660 3356 ἀριστείας
3707 3279 3840 3335 ἄνα-

2192 3365 2490 3442 μιγνύναι·
2539 3371 2657 3428 τοῖς
2703 3367 2798 3439 μὲν
2843 3369 2946 3444 γὰρ
2997 3367 3277 3432 δουλικοῖς
3333 3371 3708 3444 ἂναμεμίχθαι
3759 3372 3838 3424 τὰ

2183 3459 2279 3510 τοῦ
2311 3455 2606 3524 Δεσπότου,
2637 3458 2746 3510 τῶν
2777 3454 3166 3530 ἐννομωτάτων
3196 3479 3255 3513 τε
3291 3460 3380 3514 καὶ
3431 3455 3838 3531 δικαιωτὰτιυν,

2183 3544 2602 3605 ἀθλοθετοῦντός
2649 3566 2708 3599 τε
2755 3545 2844 3600 καὶ
2901 3552 3290 3626 στεφανοῦντος
3337 3550 3652 3619 νικήσαντας
3689 3568 3704 3580 ο
3765 3551 3844 3603 τὰ

2186 3629 2413 3688 δουλικᾶ
2443 3631 2500 3687 δὲ
2527 3639 2643 3695 τοῖς
2669 3631 3009 3700 δεσποτικοῖς
3039 3636 3361 3713 ἐπεισάγειν,
3399 3638 3683 3710 τολμηρὸν
3735 3639 3840 3693 καὶ

2185 3722 2438 3794 ἀνόητον,
2495 3723 2545 3779 εἴ
2595 3725 2782 3796 μήπου
2838 3730 2999 3780 τινῶν
3049 3727 3242 3802 ἁγίων,
3293 3725 3382 3782 διὰ
3426 3728 3488 3782 τὸ
3539 3729 3838 3804 περιφανὲς

2184 3819 2284 3882 τῆς
2315 3812 2620 3884 ἀθλήσεως.

2259 3901 2418 3963 Αὖθις
2451 3923 2514 3977 γε
2563 3905 2669 3976 μὴν
2713 3903 2804 3958 καὶ
2835 3905 2952 3960 καθ’
2995 3902 3177 3980 ἕτερον
3225 3908 3428 3980 τρόπον
3477 3908 3542 3961 τὰ
3589 3913 3689 3974 τῆς
3726 3928 3835 3977 νη-

2185 3993 2363 4056 στείας
2401 3991 2602 4060 ταύτης
2643 3995 2962 4068 θεωρητέον.
3005 3995 3240 4070 Ἡμέρας
3283 3997 3344 4051 τὸ
3393 3996 3606 4070 σύμπαν
3655 3996 3840 4052 εἰπεῖν

2185 4083 2584 4155 τεσσαράκοντα
2612 4082 2700 4138 καὶ
2751 4084 2894 4138 ὀκτὼ
2923 4085 3172 4155 νηστείαν
3219 4084 3366 4160 ἄγειν
3411 4083 3465 4140 ἐν
3511 4086 3692 4158 τούτῳ
3735 4091 3844 4141 τοῦ

2187 4175 2379 4246 καιροῦ
2427 4174 2870 4247 προστετάγμεθα
2904 4195 2916 4208 ·
2968 4173 3062 4235 τὰς
3119 4175 3213 4247 μὲν
3261 4174 3682 4248 τεσσαρᾶκοντα,
3713 4179 3846 4231 καθ’

2188 4259 2428 4335 ἱστορίαν
2487 4269 2586 4331 τῆς
2639 4267 2736 4316 τοῦ
2797 4265 2996 4336 Κυρίου
3055 4265 3328 4336 νηστείας,
3488 4267 3844 4342 φραξάμενος

2188 4353 2322 4407 κατᾶ
2365 4353 2426 4406 τὸ
2471 4351 2829 4425 ἀνθρώπινον,
2877 4353 2968 4407 τὸν
3019 4353 3286 4427 ἡμέτερον
3337 4353 3456 4410 εἷλε
3515 4354 3791 4428 πολέμιον
3827 4375 3842 4388 ·

2189 4441 2282 4502 τὰς
2341 4437 2386 4493 δ’
2433 4439 2694 4513 ἑπομένας
2741 4441 2963 4506 ταύταις
3010 4443 3175 4512 ὀκτὼ,
3225 4444 3342 4498 κατ’
3389 4439 3674 4498 εὐλάϐειαν
3724 4451 3846 4501 τῶν

2193 4529 2481 4603 σωτηρίων
2531 4529 2694 4584 αὐτοῦ
2724 4531 3060 4604 παθημάτων
3097 4550 3111 4564 ⁶
3159 4531 3289 4587 ἀλλ’
3335 4535 3390 4586 αἱ
3445 4533 3559 4604 μὲν,
3588 4533 3652 4586 τὸ
3697 4535 3844 4589 θεω-

443 4627 500 4675 et
530 4621 600 4676 ad
631 4625 896 4678 octavum
927 4625 985 4675 et
1009 4619 1502 4675 interminabilem
1527 4620 1681 4674 diem
1707 4623 1956 4692 erigunt,
1981 4639 2071 4677 uo:

2194 4619 2412 4694 ρητικὸν
2457 4621 2614 4690 ἡμῶν
2671 4619 2987 4691 ἀνάπτουσι,
3035 4621 3125 4675 καὶ
3169 4623 3304 4696 πρὸς
3361 4623 3462 4690 τήν
3519 4620 3848 4694 μέλλουσαν

443 4711 751 4767 reddentes
809 4709 956 4764 filios
1011 4709 1181 4776 lucis,
1239 4717 1298 4764 et
1369 4725 1624 4765 amorem
1689 4709 1822 4764 ﬁliis
1881 4728 2084 4768 conve-

445 4801 700 4856 nientem
741 4815 872 4854 eum
927 4799 1140 4870 pietate
1173 4799 1440 4854 ferentes.
1473 4799 1562 4853 Illi
1609 4815 1818 4854 verone
1861 4803 2083 4871 passio-

445 4889 619 4946 nibus
651 4889 868 4945 nostris
899 4889 1230 4960 superiores
1253 4895 1549 4958 prrestant,
1581 4894 1637 4943 et
1657 4904 1892 4959 corpore
1913 4895 2089 4960 atque

443 4979 690 5036 terrenis
723 4995 828 5034 nos
859 4979 1070 5044 levant,
1111 4983 1167 5034 et
1197 4979 1468 5032 timorem
1503 4977 1841 5049 originalem
1875 4977 2090 5034 cientes

447 5071 794 5129 accendunt,
853 5070 950 5140 qui
1003 5069 1294 5124 carnificis
1362 5067 1622 5122 adinstar
1677 5067 2086 5124 conscientiam

445 5165 708 5216 nostram
740 5157 1082 5212 delictorum
1125 5155 1541 5224 recordatione,
1584 5165 1637 5210 et
1671 5172 1968 5227 poenarum
1999 5163 2091 5211 ta-

445 5247 580 5304 liter
610 5248 781 5303 vitam
815 5245 1182 5302 trahentibus
1203 5247 1530 5301 debitarum
1554 5245 1911 5316 compungit.
1937 5247 2091 5310 Quo-

447 5339 604 5392 niam
636 5353 769 5393 vero
818 5335 1271 5407 Quadragesima
1318 5342 1568 5406 quatuor
1605 5335 1920 5390 dccadibus
1951 5351 2088 5390 con-

447 5433 578 5492 stat,
631 5425 754 5495 jam
821 5423 1246 5480 consideranda
1299 5423 1452 5478 venit
1507 5440 1642 5494 pars
1702 5427 1928 5493 quarta,
1987 5439 2086 5478 seu

449 5517 649 5578 tetras,
683 5521 743 5567 ut
773 5531 901 5568 sese
941 5513 1134 5580 habet,
1171 5521 1284 5567 tam
1319 5513 1374 5566 in
1417 5511 1768 5568 monadibus
1810 5527 1984 5582 quam
2031 5513 2088 5565 in

447 5603 779 5658 decadtbus.
815 5603 1080 5660 Sumitur
1112 5603 1348 5674 quidem
1383 5609 1446 5658 ut
1489 5602 1804 5672 plurimum
1838 5601 1894 5655 in
1927 5615 2090 5657 sacro

449 5689 649 5748 codice
677 5707 781 5762 pro
813 5692 962 5750 male
1001 5699 1054 5750 et
1097 5709 1302 5765 penna:
1335 5699 1388 5750 et
1433 5691 1745 5764 aliquando
1777 5705 1968 5747 rerum
2003 5690 2088 5746 di-

2193 4705 2395 4783 όγδόην
2445 4709 2535 4762 καὶ
2576 4707 2964 4778 ἀκατάληπτον
3013 4711 3399 4782 ἆναπτεροῦσιν
3451 4709 3685 4784 ἡμέραν,
3730 4733 3856 4789 φω-

2193 4799 2285 4860 τὸς
2355 4797 2504 4858 υἱοὺς
2561 4799 2901 4865 καθιστᾶσαι,
2969 4799 3058 4853 καὶ
3133 4801 3231 4867 τὴν
3309 4799 3448 4854 υίὲσι
3525 4801 3856 4873 πρέπουσαν

2196 4886 2412 4960 ἀγάπην
2442 4887 2533 4939 σὺν
2583 4882 2840 4960 εὐλαϐείᾳ
2869 4887 3185 4960 πορίζουσαι
3221 4906 3234 4920 ⁸
3285 4888 3340 4942 αἱ
3391 4885 3469 4959 δὲ,
3499 4893 3606 4943 τῶν
3653 4893 3860 4948 παθῶν

2197 4977 2345 5047 ἡμᾶς
2394 4981 2656 5048 περιεῖναι
2705 4981 2943 5046 ποιοῦσι,
2989 4979 3078 5032 καί
3127 4981 3223 5032 τοῦ
3273 4979 3548 5050 σώματος,
3593 4979 3686 5033 καὶ
3733 4987 3860 5037 τῶν

2197 5062 2400 5138 γηίνων
2447 5064 2784 5142 κουφίζουσι,
2835 5066 2922 5121 καὶ
2971 5066 3292 5121 ἀπανιστᾶσι
3342 5067 3434 5122 τὸν
3495 5087 3864 5142 στοιχειωτι-

2199 5155 2290 5207 κὸν
2325 5154 2610 5210 ἐντιθεῖσαι
2642 5151 2836 5232 φόϐον,
2869 5153 3074 5230 δημίου
3107 5153 3260 5227 δίκην
3291 5159 3356 5211 τὸ
3387 5153 3632 5220 συνειδὸς
3680 5160 3864 5231 ἡμῶν

2200 5243 2448 5311 στίζοντα
2495 5247 2562 5316 τῇ
2617 5245 2805 5318 μνήμῃ
2851 5249 2957 5300 τῶν
3009 5245 3404 5318 ἐπταισμένων,
3453 5245 3540 5300 καὶ
3589 5250 3699 5301 τῶν
3753 5248 3870 5305 ἐπ-

2199 5338 2526 5408 ηρτημένων
2579 5342 2698 5400 τοῖς
2754 5337 2898 5392 οὕτω
2961 5339 3142 5409 βιοῦσι
3208 5335 3512 5404 κολάσεων,
3572 5337 3710 5391 κατᾶ
3793 5343 3869 5395 τὸ

2199 5427 2398 5502 φάσκον
2449 5423 2655 5500 λόγιον,
2703 5429 2799 5499 Τῷ
2847 5422 3003 5504 φόϐῳ
3051 5427 3246 5498 Κυρίου
3299 5423 3534 5481 ἐκκλίνει
3585 5431 3690 5488 πᾶς
3741 5429 3872 5486 ἀπὸ

2197 5519 2385 5569 κακοῦ.
2420 5516 2566 5572 Ἐπεὶ
2618 5513 2674 5570 δὲ
2705 5519 2739 5585 ἡ
2783 5517 3184 5590 τεσσαρακοστή
3231 5514 3290 5569 ἐκ
3339 5511 3578 5569 δεκάδων
3623 5517 3872 5590 σύγχει..

2199 5623 2284 5658 ται
2315 5605 2530 5665 πάντως
2577 5606 2868 5680 τεσσάρων,
2915 5605 3079 5672 αὐτὴν
3123 5601 3232 5674 ἤδη
3281 5605 3382 5673 τὴν
3427 5601 3658 5678 τετράδα
3707 5609 3872 5663 θεω-

2198 5693 2414 5767 ρητέον,
2443 5693 2594 5758 ὅπως
2643 5693 2752 5752 εἴτε
2788 5695 2840 5750 ἐν
2889 5696 3135 5766 μονάσιν,
3167 5693 3274 5750 εἴτε
3319 5693 3372 5748 ἐν
3423 5689 3640 5750 δεκάσιν
3687 5698 3864 5772 εὑρί-
