4080 6224
273 354 358 415 153
1231 339 1674 401 SYNTAGMA
1717 337 2349 402 ALPHABETICUM.
2397 375 2473 384 —
2513 341 2563 399 '1‘

3507 330 3624 390 154

269 502 430 539 σκεται,
459 479 568 533 ’Βπί
600 475 890 534 κακώσεως
934 474 1029 544 μὲν
1079 473 1153 533 ὡς
1208 467 1402 525 ἐπίπαν
1453 471 1541 524 καὶ
1587 472 1860 543 τιμωρίας

1984 473 2233 528 rinarum
2283 470 2471 527 exitus
2519 470 2792 527 ostendit.
2853 469 2996 524 Nam
3053 466 3168 522 Deo
3229 463 3461 534 quidem
3521 478 3619 532 per

268 565 544 643 λαμϐάνεται
582 565 723 637 παρὰ
771 565 840 636 τῇ
897 565 1082 637 Γραφῇ
1115 577 1130 590 °
1183 558 1405 634 ἐνιαχοῦ
1458 556 1515 613 δὲ
1559 558 1650 613 καὶ
1705 558 1862 614 θείων

267 656 464 718 έκδάπις
494 653 790 730 ὑπογρπῖεῖθεε
828 651 1214 726 πραγμάτων
1268 646 1480 722 ἡμέρας
1535 648 1625 702 καὶ
1657 650 1760 724 γὰρ
1809 651 1866 723 μ’

267 749 331 803 καὶ
379 747 548 803 νύκτας
598 741 714 802 ἴσας
765 739 953 801 ὕοντος
999 742 1097 793 τοῦ
1153 742 1309 806 Θεοῦ,
1362 739 1390 791 6
1454 739 1624 811 μέγας
1680 741 1748 810 τῇ
1791 741 1864 810 γῇ

265 835 438 893 κλύδων
464 832 610 906 ἐπῄει
655 850 670 866 ·
730 831 868 905 πρὸς
918 830 946 884 ὃ
987 829 1078 883 καὶ
1131 830 1295 900 ἡμεῖς
1343 829 1646 904 ἀφορῶντει
1689 829 1867 902 παρά-

268 923 441 996 δειγμα,
490 925 567 991 τῷ
624 917 727 990 ἴσῷ
803 917 903 972 τοῦ
983 915 1375 987 κατακλυσμοῦ
1458 920 1564 970 τῶν
1642 917 1865 988 ἡμερῶν

265 1013 441 1086 ἔριθμῷ
492 1007 952 1080 κατωυσσὸμενοι
1009 1004 1100 1058 καὶ
1146 1005 1476 1072 πενθοῦντει,
1538 1010 1653 1064 τοὶς
1711 1001 1866 1059 ὕδασι

263 1106 347 1155 τῶν
392 1096 622 1170 δακρύων
682 1095 744 1150 τὸ
799 1101 898 1163 τῆς
958 1094 1230 1166 ἁμαρτίας
1291 1090 1662 1168 διαγράφομεν
1716 1091 1866 1169 ἄγος,

264 1186 542 1260 Τετρακὸσια
608 1180 702 1254 ἔτη
757 1185 838 1255 τῷ
881 1180 1137 1258 Ἀϐραὰμ
1194 1183 1222 1237 6
1281 1183 1408 1242 Θεὸς
1468 1183 1866 1256 κεχρηματικε,

263 1281 310 1334 τὸ
353 1275 480 1331 ’ἴδιον
531 1275 696 1330 αὐτοῦ
751 1273 907 1348 γένος
959 1271 1305 1340 δουλωθῆναι
1350 1273 1485 1346 πρὸς
1543 1277 1650 1326 τῶν
1697 1273 1867 1349 Αἰγυ-

263 1371 422 1436 πτίωτ,
471 1367 554 1421 καὶ
614 1367 951 1433 κακωθῆναι,
991 1363 1082 1418 καὶ
1143 1362 1335 1437 μυρίαν
1401 1361 1579 1416 αἰκίαν
1639 1362 1866 1437 ὑπενεγ-

260 1459 417 1527 κεῖν,ὂ
459 1455 522 1524 δὴ
553 1455 644 1510 καὶ
690 1454 768 1516 είς
815 1449 974 1528 ἔργον
1027 1447 1344 1521 ἐκϐέϐηκεν.
1399 1452 1483 1505 Ἐν
1525 1452 1756 1525 ἡμέραις
1801 1452 1866 1505 οὐ

261 1545 514 1612 πλείοσινῆ
546 1545 597 1618 μ’
626 1549 747 1604 ταῖς
787 1542 1083 1613 θεηλάτοις
1138 1539 1365 1602 ἐκείναις
1414 1537 1663 1610 πληχαῖς
1694 1542 1721 1594 6
1767 1542 1867 1612 μέ-

256 1658 332 1712 γας
382 1639 568 1701 Μωσῆς
616 1633 718 1701 τήν
760 1630 1032 1704 Αἴγυπτον
1083 1629 1366 1702 μαστίξας,
1395 1631 1493 1697 τῆς
1535 1633 1632 1683 τοῦ
1664 1631 1866 1703 Φαραὼ

257 1725 466 1786 δουλείας
508 1725 600 1778 τὸν
655 1723 879 1798 Ἰσραὴλ
943 1719 1333 1796 ἠλευθέρωσεν.
1383 1720 1446 1774 Ἣ
1498 1717 1666 1792 μυρία
1719 1724 1866 1794 susp-

254 1816 503 1890 γετὼθεῖσα
557 1813 698 1867 κατὰ
752 1813 852 1880 τῆν
912 1806 1118 1884 ἔρημον
1172 1809 1345 1884 γενεὰ,
1376 1810 1462 1864 καὶ
1517 1806 1606 1864 δία
1657 1808 1868 1885 μυρίων

1973 562 2359 634 quadraginta
2406 560 2531 616 dies
2579 577 2644 615 ac
2689 566 2883 614 noctes
2945 555 3272 628 depluente,
3330 552 3616 609 diluvium

1974 655 2186 707 terram
2253 651 2582 722 superabat.
2654 649 2809 712 Quod
2869 646 3199 715 exemplum
3275 650 3329 699 et
3397 646 3624 698 nosmet

1975 740 2355 813 respicientes
2389 740 2507 810 pari
2543 754 2784 794 numero
2816 738 3037 792 dierum
3082 749 3214 790 cum
3247 731 3365 788 illis
3396 730 3623 798 diluvii,

1975 829 2304 900 compuncti
2347 845 2412 884 ac
2462 829 2774 884 fundentes
2827 830 3206 896 lacrymarum
3241 821 3454 887 undas,
3500 836 3627 892 pec-

1973 919 2083 974 cati
2128 918 2583 974 exsecrationem
2633 916 3015 972 ostendimus.
3066 914 3215 967 Deus
3264 912 3616 964 Abraamum

1973 1009 2277 1066 admonuit
2317 1010 2433 1064 fore
2479 1013 2541 1062 ut
2585 1006 2800 1078 posteri
2850 1007 2977 1073 ejus
3025 1019 3124 1075 per
3163 1001 3620 1072 quadringentos

1973 1115 2160 1154 annos
2191 1099 2469 1170 Egyptiis
2518 1098 2821 1160 servirent,
2861 1099 2918 1149 et
2956 1092 3168 1148 misere
3215 1091 3614 1153 tractarentur,

1975 1195 2030 1243 et
2060 1187 2290 1243 inﬁnita
2323 1186 2473 1242 mala
2505 1190 2866 1257 paterentur;
2905 1182 3058 1254 quod
3092 1180 3266 1236 etiam
3299 1180 3512 1234 factum
3535 1182 3624 1231 est

1975 1276 2033 1331 in
2087 1277 2293 1332 diebus
2343 1293 2455 1330 non
2515 1275 2782 1345 pluribus
2831 1288 3008 1346 quam
3057 1270 3143 1336 40,
3193 1283 3326 1322 cum
3377 1281 3622 1336 magnus

1976 1365 2164 1420 Moses
2214 1364 2396 1436 plagis
2442 1364 2558 1420 illis
2588 1381 2621 1419 a
2668 1364 2782 1419 Deo
2819 1361 3013 1416 missis
3062 1359 3372 1430 Egyptum
3418 1370 3620 1426 percu-

1976 1455 2144 1510 tiens.
2198 1453 2467 1509 Israelem
2517 1470 2551 1508 a
2607 1453 2882 1508 servitute
2950 1447 3272 1505 Pharaonis
3334 1443 3615 1500 liberavit.

1974 1544 2210 1599 Inﬁnita
2255 1542 2557 1615 progenies
2599 1543 2654 1597 in
2702 1559 2897 1598 eremo
2938 1539 3163 1595 abunde
3203 1535 3524 1603 benedicta,
3566 1539 3624 1588 et

1977 1632 2221 1688 inﬁnitis
2253 1634 2441 1689 modis
2477 1632 2955 1704 ingratitudinem
2987 1644 3155 1684 suam
3188 1627 3619 1689 demonstrans,

1976 1738 2130 1777 anno
2183 1723 2631 1794 quadragesimo
2677 1726 2908 1792 pr0pter
2953 1716 3334 1790 pervicaciam
3381 1715 3456 1768 ibi
3502 1716 3622 1768 tota

1976 1811 2162 1865 deleta
2196 1819 2302 1866 est.
2359 1812 2582 1865 Maduit
2624 1810 2774 1865 enim
2824 1807 3210 1880 polytheismo
3261 1801 3498 1874 Egypti,
3547 1801 3618 1856 ad

254 1902 590 1976 ἐπιδειξαμένη
643 1901 705 1956 τὸ
761 1900 1083 1975 ἀχάριστον,
1131 1903 1209 1971 τῷ
1263 1903 1680 1972 τεσσαρακοστῷ
1738 1898 1864 1969 ἔτει,

1984 1902 2300 1958 satietatem
2332 1901 2500 1958 illum
2549 1871 2864 1966 imbibcns,
2913 1871 2969 1956 et
3015 1899 3248 1954 tandem
3301 1871 3617 1951 ageam

255 1993 325 2048 διὰ
347 1994 400 2048 τὸ
436 1992 746 2061 ἀνηκεστον,
792 1990 978 2044 αὐθὸτι
1010 1993 1156 2043 πᾶσα
1201 1987 1568 2059 κατέστρωται
1603 2007 1616 2020 ·
1665 1986 1868 2062 ἄκρατα

1976 2007 2103 2046 sese
2132 1996 2334 2047 contra
2364 1990 2546 2047 Deum
2582 1991 3004 2046 benefactorem
3036 1989 3298 2043 efferens.

251 2085 332 2157 γὰρ
373 2084 431 2150 ἦν
477 2081 748 2154 μεθύουσα
793 2079 856 2134 τὸ
905 2085 1003 2148 τῆς
1053 2075 1333 2154 Αἰγύπτου
1382 2076 1674 2148 πολύθεον,
1704 2078 1783 2140 εἰς
1826 2077 1987 2154 κόρον
2033 2081 2230 2134 τούτου
2279 2085 2496 2150 πιοῦσα,
2531 2080 2620 2135 καὶ
2679 2078 2768 2135 διὰ
2815 2078 3007 2140 τέλους
3057 2077 3132 2139 εἷς
3179 2076 3271 2131 τὸν
3329 2071 3621 2150 εὐεργέτην

252 2174 359 2228 Θεὸν
388 2166 532 2245 ἐξυῦρ
545 2171 558 2224 ί
566 2177 752 2240 ζουσα.

311 2261 444 2318 Ἀλλ’
490 2260 611 2317 οὐδ’
663 2263 692 2316 6
747 2263 914 2336 μέγας
956 2259 1007 2314 ἐν
1066 2263 1146 2331 τῷ
1204 2257 1614 2332 Δευτερονομίῳ
1664 2261 1868 2324 Μωσῆς

251 2356 368 2426 ἆξιοῖ
392 2352 611 2415 πλείους
645 2359 756 2408 τῶν
787 2351 1186 2426 τεσσαράκοντα
1233 2351 1408 2404 παίειν
1460 2351 1553 2403 τὸν
1590 2348 1866 2423 πλημμε-

251 2446 482 2515 λήπντα,
509 2444 837 2517 προσθήκην
875 2443 978 2515 γὰρ
1010 2435 1218 2514 ὕϐρεως
1261 2440 1361 2507 τήν
1407 2441 1724 2512 προσθήκην
1769 2446 1870 2508 τῆς

253 2534 482 2608 μάστιγος
511 2537 588 2604 τῷ
619 2531 892 2606 πάσχοντι
934 2528 1211 2605 ἐλογίζετο
1246 2545 1257 2558 ⁸
1297 2531 1468 2602 ταύτῃ
1499 2549 1585 2582 τοι
1616 2529 1705 2583 καὶ
1753 2535 1871 2591 τοῖς

252 2620 504 2682 Ἰουδαίοις
553 2627 742 2695 ῆρεσε,
785 2624 911 2693 μιᾶς
965 2615 1191 2688 δεούσης
1248 2616 1444 2680 ταύτας
1504 2616 1873 2691 ἐπᾶγειν,’ίνα

254 2715 315 2786 μὴ
343 2715 426 2766 τὸν
455 2711 884 2785 τεσσαρακοστὸν
933 2708 1280 2778 ἐθελήσαντες
1322 2706 1573 2783 πληροῦν
1618 2707 1870 2782 ἀριθμὸν,

249 2801 322 2856 καὶ
371 2805 432 2874 τῇ
480 2799 628 2875 ῥύμῃ
682 2807 781 2868 τῆς
823 2799 1010 2874 χειρὸς
1058 2797 1440 2873 περιττοτέρας
1490 2797 1869 2874 ἐπενεχθείσης

251 2888 465 2966 πληγῆς,
523 2890 613 2943 καὶ
677 2886 894 2948 ἄκοντες
951 2885 1042 2941 τὸν
1102 2887 1442 2958 τυπτόμενον
1491 2886 1798 2960 ἀτιμάσωσι
1855 2905 1868 2920 ·

249 2980 369 3052 παρὸ
419 2981 502 3034 καὶ
567 2979 595 3032 6
653 2977 825 3052 μέγας
893 2975 1108 3038 Παῦλος
1167 2977 1419 3038 πεντάκις
1478 2976 1876 3052 τεσσαρακόντα

253 3071 376 3141 παρᾶ
407 3066 527 3140 μίαν
552 3067 799 3140 εἰλήφει.

309 3135 565 3224 ᾞνίττετο
606 3135 723 3211 δὶνδ
762 3154 952 3227 νόμος,
983 3156 1057 3216 ὡς
1111 3156 1168 3209 αἱ
1228 3155 1484 3230 μάστιγες
1544 3156 1876 3230 ἁμαρτανόν-
1905 3135 1949 3201 C

247 3265 337 3299 των
381 3245 506 3320 ἃχρι
549 3250 652 3313 τῆς
705 3241 1158 3318 ἐνανθρωπήσεως
1205 3247 1301 3296 τοῦ
1352 3247 1590 3317 Χριστοῦ
1637 3243 1724 3298 καὶ
1774 3250 1874 3312 τῆς

249 3333 512 3408 ἑκνεκρῶν
564 3332 735 3388 αὐτοῦ
783 3331 1119 3392 ἀναστάσεως
1178 3332 1239 3386 τὸ
1296 3330 1513 3407 ἐνεργὸν
1561 3333 1736 3410 εἶχον,
1776 3353 1876 3386 πε-

251 3423 460 3494 ραιτέρω
517 3420 574 3476 δὲ
625 3421 693 3477 οὐ
743 3416 1078 3494 προέϐησαν,
1130 3417 1524 3494 δωρησαμένου
1573 3426 1704 3476 πᾶσι
1759 3427 1876 3481 τοῖς

247 3511 566 3566 πιστεύουσιν
600 3511 679 3572 εἷς
720 3510 885 3564 αὑτὸν
933 3505 1023 3563 διὰ
1077 3513 1174 3563 τοῦ
1228 3509 1602 3584 βαπτίσματος
1661 3509 1876 3565 ἐλευθεο

251 3619 352 3672 ριαν
386 3605 489 3655 τῶν
523 3600 612 3656 ἐπὶ
650 3605 767 3661 τοῖς
816 3597 1397 3672 πεπλημμελημένοις
1446 3598 1744 3656 κολάσεων.
1776 3601 1876 3654 Τὸν

248 3690 336 3764 γᾶρ
365 3692 477 3744 καθ’
533 3693 687 3764 ἡμᾶς
734 3693 924 3744 τοῦτον
954 3688 1126 3743 αἰῶνα
1175 3687 1251 3750 εἰς
1312 3695 1346 3743 ε’
1379 3687 1709 3763 διαιροῦντες
1755 3710 1878 3744 και-

253 3779 361 3850 ροὺς
392 3781 440 3833 οἱ
470 3784 569 3834 τοῦ
593 3777 933 3851 Πνεύματος,
967 3781 1016 3831 α’
1050 3778 1144 3850 μὲν
1198 3775 1336 3832 εἶναί
1380 3798 1508 3854 φασι
1564 3780 1683 3832 καθ’
1730 3779 1788 3833 ’ὸν
1828 3778 1880 3833 ἐν

251 3873 318 3940 τῷ
373 3865 685 3942 παραδείσῳ
713 3865 939 3943 ίδιάγων
988 3868 1053 3935 ἦν
1108 3864 1301 3941 Ἀδάμ.
1360 3869 1429 3941 β’,
1461 3868 1550 3922 τὸν
1589 3867 1675 3922 ἐπὶ
1709 3873 1828 3922 Νῶε
1859 3887 1874 3902 ο

251 3965 309 4029 γ’·
347 3959 400 4011 ’δν
458 3959 626 4033 μέγας
675 3952 929 4032 Ἀϐραὰμ
973 3961 1042 4030 τῇ
1112 3963 1211 4026 τῆς
1279 3952 1549 4018 εὐσεϐείας
1614 3958 1875 4032 περιήγα-

249 4067 323 4119 γεν
352 4044 515 4121 αἴγλῃ
547 4066 562 4080 ·
596 4047 689 4100 τὸν
724 4042 771 4099 δ’
811 4047 902 4099 σὺν
952 4051 1071 4108 τοῖς
1107 4043 1330 4107 λοιποῖς
1377 4048 1684 4122 προφήταις
1716 4048 1743 4100 6
1780 4046 1878 4118 μέ-

248 4153 338 4206 γασ
388 4133 683 4210 ἐπλήρωσε
742 4141 946 4198 Μωσῆς
982 4155 995 4167 ο
1056 4141 1090 4188 ε’
1125 4135 1220 4206 μὲν
1281 4155 1366 4188 τοι
1424 4134 1513 4188 καὶ
1542 4135 1875 4207 τελευταῖον,

248 4224 443 4295 ἡνίκαή
493 4231 604 4280 τῶν
647 4226 857 4299 ἀγαθῶν
903 4224 1187 4279 τελευταία
1235 4225 1396 4300 φορὰ,
1445 4227 1479 4294 ἡ
1528 4229 1624 4279 τοῦ
1684 4232 1878 4295 Σωτῆ-

248 4333 344 4385 ρος,
398 4315 568 4392 φημὶ,
633 4313 1066 4388 ἐνανθρώπησις,
1129 4313 1295 4388 ὤρεξε
1350 4314 1510 4369 παντὶ
1560 4319 1639 4384 τῷ
1683 4313 1876 4386 κόσμῳ

245 4404 331 4472 τὴν
360 4404 693 4458 ἁνακαίνισιν
727 4422 740 4436 ο
775 4401 856 4482 ἐφ’
912 4403 1141 4457 ἑκάστου
1200 4403 1307 4478 γὰρ
1363 4402 1570 4458 τούτων
1621 4408 1727 4458 τῶν
1760 4424 1876 4458 και-

2052 2263 2159 2318 Sed
2192 2279 2297 2319 nec
2345 2280 2591 2334 magnus
2641 2266 2825 2318 Moses
2865 2261 2922 2315 in
2965 2257 3410 2316 Deuteronomio
3441 2257 3627 2312 delin—

1980 2360 2253 2422 quentem
2289 2353 2554 2424 pluribus
2603 2369 2775 2424 quam
2828 2350 3209 2422 quadraginta
3249 2348 3433 2419 plagis
3465 2346 3621 2402 luere

1981 2442 2132 2510 vult;
2165 2443 2300 2514 quia
2333 2444 2636 2513 reputabat
2665 2442 3055 2497 accessionem
3083 2439 3376 2509 plagarum
3401 2437 3619 2508 ignomi

1980 2532 2136 2588 niam
2188 2532 2529 2604 perpetienti
2576 2533 2801 2588 addere.
2854 2532 3041 2595 Quare
3070 2533 3127 2584 et
3153 2528 3373 2584 Judaeis
3406 2525 3622 2597 placuit

1981 2622 2156 2677 hasce
2185 2621 2354 2676 unica
2385 2621 2619 2691 dempta
2667 2621 2896 2684 inferre,
2932 2635 3002 2674 ne
3026 2633 3333 2673 numerum
3365 2615 3619 2687 quadra-

1981 2695 2285 2783 genarium
2317 2711 2634 2782 adimplere
2663 2712 2984 2773 studentes,
3021 2715 3247 2778 propter
3274 2705 3469 2778 ipsum
3504 2721 3620 2759 ma-

1985 2819 2097 2857 nus
2120 2802 2401 2873 impetum
2451 2803 2723 2874 pluribus
2773 2799 2949 2855 illatis
2999 2797 3206 2869 plagis,
3248 2797 3417 2852 etiam
3451 2793 3620 2848 inviti

1983 2895 2357 2966 vapulantem
2387 2895 2728 2950 lacerarent.
2762 2893 2840 2948 De
2872 2907 2984 2963 quo
3014 2895 3073 2945 et
3104 2905 3348 2958 magnus
3383 2886 3624 2954 Paulus,

1984 2985 2300 3053 Quinquies
2331 2984 2720 3056 quadraginta
2749 2999 2864 3039 una
2894 2983 3086 3038 minus
3113 2977 3325 3050 accepi,
3359 2978 3461 3034 ait.

2059 3160 2252 3216 Innuit
2282 3164 2477 3215 autem
2524 3160 2611 3216 lex
2651 3161 2803 3230 quod
2838 3159 3014 3231 plagas
3045 3155 3410 3230 peccantium
3445 3169 3625 3224 usque

1983 3249 2054 3304 ad
2087 3248 2546 3304 incarnationem
2584 3248 2798 3303 Christi
2831 3256 2883 3302 et
2922 3246 3404 3303 resurrectionem
3437 3240 3625 3309 ipsius

1983 3355 2013 3394 e
2046 3339 2288 3393 mortuis
2327 3339 2687 3406 obtinebant,
2720 3336 2962 3392 ulterius
2993 3341 3186 3390 tamen
3219 3349 3334 3389 non
3359 3331 3629 3402 procede-

1984 3425 2146 3491 bant,
2193 3429 2538 3481 concedente
2579 3426 2810 3482 Christo
2854 3423 3217 3479 omnibusin
3262 3421 3453 3492 ipsum
3495 3434 3624 3474 cre-

1986 3515 2261 3570 dentibus
2293 3531 2390 3584 per
2429 3514 2790 3584 baptismum
2831 3512 3156 3568 debitarum
3193 3524 3491 3581 pinnarum
3523 3509 3623 3561 de-

1985 3602 2138 3658 lictis
2169 3603 2290 3658 suis
2321 3603 2741 3658 remissionem.
2776 3603 2920 3657 Nam
2947 3597 3394 3670 virispirituales
3417 3596 3619 3650 mundi

1985 3699 2185 3748 aetates
2205 3693 2265 3747 in
2288 3692 2547 3763 quinque
2567 3693 3004 3757 distribuentes,
3032 3691 3277 3761 primam
3309 3701 3436 3742 esse
3455 3701 3618 3739 asse-

1984 3787 2140 3842 runt.
2176 3799 2350 3852 quam
2384 3783 2443 3836 in
2478 3783 2742 3852 paradiso
2772 3783 2886 3851 egit
2908 3782 3114 3846 Adam,
3148 3778 3460 3834 secundam
3493 3791 3622 3844 quae

1985 3871 2059 3927 ad
2088 3871 2381 3928 Noachum
2407 3871 2660 3943 pertigit,
2698 3872 2925 3927 tertiam
2959 3885 3134 3941 quam
3166 3883 3412 3939 magnus
3443 3867 3623 3921 Abra-

1984 3959 2198 4017 hamus
2251 3961 2461 4016 illustri
2517 3962 2725 4032 pietate
2779 3959 3077 4031 transegit,
3124 3962 3387 4028 quartam
3437 3956 3624 4011 Moses

1983 4050 2081 4106 ille
2130 4066 2374 4121 magnus
2414 4054 2470 4105 et
2520 4050 2929 4123 prepbetarum
2975 4048 3163 4103 creteri
3213 4046 3622 4116 complebant;

1983 4140 2246 4210 quintam
2280 4156 2408 4196 vero
2439 4157 2503 4195 ac
2531 4140 2820 4207 ultimam,
2843 4140 3076 4211 quando
3101 4137 3307 4193 ultima
3328 4137 3615 4190 bonorum

1983 4230 2256 4298 accessio,
2310 4230 2650 4296 incarnatio,
2683 4230 2944 4300 inquam,
2977 4230 3130 4285 242
3160 4227 3477 4282 Salvatoris
3518 4224 3622 4278 toti

1983 4320 2202 4374 mundo
2235 4321 2661 4376 renovationem
2693 4319 2904 4376 attulit.
2936 4319 3185 4374 Cuilibet
3220 4317 3376 4371 enim
3411 4317 3618 4370 horum

1983 4413 2315 4478 temporum
2373 4410 2546 4464 etiam
2605 4408 2694 4462 lex
2751 4409 3097 4463 conveniens
3145 4405 3280 4460 data
3328 4412 3446 4472 est;
3489 4405 3623 4458 Ade:

245 4498 338 4566 ρῶν
366 4495 452 4547 καὶ
483 4495 664 4566 νόμος
697 4493 725 4547 6
767 4494 1060 4566 προσήκων
1105 4490 1337 4563 ἐδίδοτο,
1368 4493 1448 4565 τῷ
1492 4494 1586 4565 μὲν
1637 4489 1814 4565 Ἀδὰμ
1844 4495 1871 4548 6

1984 4498 2211 4568 quidem
2243 4499 2543 4566 naturalis,
2576 4501 2691 4555 sive
2722 4498 3107 4565 conscientia,
3141 4513 3316 4568 quam
3349 4495 3444 4551 ille
3474 4499 3625 4568 post-

244 4584 469 4655 φυσικὸς,
515 4585 545 4637 6
597 4586 697 4648 τῆς
763 4580 1143 4652 συνειδήσεως,
1194 4584 1253 4638 ’ὸν
1308 4583 1614 4653 ἠθετηκὼς,
1658 4581 1875 4647 εὐθύνας

242 4667 558 4746 εἷσεπράχθη
592 4677 695 4740 τῆς
726 4665 1085 4745 παραϐάσεως
1116 4691 1131 4705 ο
1180 4672 1208 4725 6
1254 4678 1354 4741 τῆς
1405 4672 1750 4747 κρεωφαγίας
1783 4672 1872 4725 καὶ

245 4760 537 4822 οἰνοποσίας
566 4765 649 4834 τῷ
681 4762 806 4817 Νῶε
837 4777 851 4792 ⁸
883 4765 962 4833 τῷ
993 4761 1267 4837 Ἀβραὰμ,
1310 4763 1338 4816 6
1379 4769 1479 4831 τῆς
1531 4768 1836 4836 περιτομῆς
1861 4779 1874 4792 '

250 4848 540 4925 δγραπτὸς
590 4850 767 4923 νόμος
816 4851 874 4904 ἐκ
917 4849 1061 4910 θείας
1101 4849 1463 4926 ἐπιφροσύνης
1515 4849 1602 4905 διὰ
1633 4850 1874 4913 Μωσέως

243 4941 353 4992 πᾶσι
407 4945 527 5001 τοῖς
592 4937 642 5012 ἐξ
697 4937 901 4994 ἐκείνου
941 4940 1066 5013 περί
1116 4938 1375 4994 πλείστου
1425 4940 1777 5010 ποιουμένοις
1814 4941 1875 4994 τὸ

248 5023 472 5083 εὐσεϐεῖν
507 5050 521 5062 ·
546 5035 612 5084 Ὂ
640 5049 700 5102 γε
734 5029 842 5101 μὴν
884 5029 1078 5101 Σωτὴρ
1095 5025 1430 5096 τελευταῖον,
1461 5028 1523 5082 τὸ
1566 5035 1667 5097 τῆς
1713 5031 1871 5104 χάρι-

239 5133 314 5176 τος
343 5117 705 5193 Εὖαγγὲλιον,
736 5122 824 5170 καί
853 5117 952 5184 τὴν
1003 5113 1205 5190 δαψίλῆ
1259 5116 1531 5192 χορηγίαν
1566 5121 1664 5172 τοῦ
1705 5118 1872 5173 Πνεύ-

244 5224 393 5274 ματος
451 5209 593 5279 ἠμῖν
654 5204 972 5280 ἐδωρήσατο
1025 5225 1038 5237 °
1099 5205 1191 5260 τὸν
1223 5204 1281 5261 δὲ
1327 5206 1640 5262 τελευταῖον
1679 5213 1872 5262 τοῦτον

240 5297 404 5366 καιρὸν
455 5295 750 5351 αἰνίττεται
782 5296 873 5350 καὶ
904 5295 987 5363 τδ,
1021 5297 1249 5370 Πέμπτῃ
1307 5294 1363 5350 δὲ
1409 5303 1563 5371 γενεᾷ
1605 5292 1867 5365 ἀνέϐησαν

242 5382 411 5438 cisio?
463 5384 691 5460 Ἰσραὴλ
743 5384 796 5455 ἐξ
849 5385 1120 5458 Αἰγύπτου
1149 5405 1162 5418 ο
1217 5386 1270 5441 ἐν
1320 5385 1500 5458 τούτῳ
1550 5387 1653 5462 γὰρ
1684 5393 1784 5456 τῆς
1812 5409 1869 5441 τε

239 5476 330 5525 τῶν
378 5471 673 5546 δαιμόνων,
723 5475 812 5529 καὶ
857 5481 955 5542 τῆς
999 5480 1106 5529 τῶν
1175 5477 1355 5530 παθῶν
1420 5474 1866 5550 ἐλευθερωθέντες

1983 4585 2204 4643 habens
2270 4589 2489 4644 crimen
2555 4592 2852 4661 apostasiae
2929 4589 3203 4653 incurrit;
3262 4587 3352 4643 lex
3433 4587 3625 4641 carnis

1988 4677 2358 4734 comedenda;
2390 4695 2454 4734 ac
2479 4679 2676 4734 viuum
2711 4679 2944 4748 potandi
2981 4677 3208 4735 Noacbo
3233 4693 3246 4743 ;
3270 4675 3621 4741 Abrahamo,

1988 4765 2087 4822 illa
2117 4767 2634 4836 Circumcisionis;
2688 4767 2775 4824 lex
2822 4773 3013 4823 autem
3061 4767 3276 4837 scripta
3324 4782 3392 4821 ex
3429 4764 3625 4820 divina

1985 4855 2367 4926 providentia,
2413 4874 2512 4929 per
2559 4858 2776 4914 Mosem
2837 4858 3110 4914 omnibus
3157 4874 3224 4912 ex
3277 4855 3377 4911 illa
3422 4854 3623 4926 pietati

1985 4959 2212 5015 Operam
2302 4946 2667 5002 navantibus.
2753 4947 3018 5002 Salvator
3109 4947 3346 5001 demum
3434 4948 3625 4999 noster

1984 5033 2358 5104 Evangelium
2379 5037 2578 5106 gratiae
2599 5043 2654 5093 et
2673 5037 2967 5108 copiosam
2991 5033 3618 5107 Spirituslargitionem

1981 5124 2290 5181 concessit.
2341 5125 2731 5182 Novissimum
2783 5126 2888 5182 hoc
2947 5131 3179 5195 tempus
3228 5121 3518 5194 signiﬁcat
3563 5126 3619 5177 et

1979 5229 2260 5269 ascensus
2311 5215 2560 5270 ﬁliorum
2630 5216 2804 5271 Israel
2854 5214 3225 5287 generatione
3275 5212 3505 5283 septima
3555 5227 3619 5266 ex

1979 5303 2218 5374 Egypto
2262 5322 2273 5360 :
2326 5305 2384 5360 in
2431 5305 2546 5361 isto
2589 5307 2743 5360 enim
2785 5323 2815 5360 a
2865 5304 3133 5360 servitute
3181 5304 3514 5358 daemonum
3566 5305 3621 5356 et

1976 5392 2252 5448 vitiorum
2299 5393 2529 5450 liberati
2570 5394 2754 5451 salute
2798 5412 2894 5467 per
2952 5409 3218 5464 magnum
3271 5391 3617 5447 sacriﬁcium

1978 5481 2260 5553 acquisita
2291 5486 2660 5556 perfruimur.

240 5554 492 5629 δουλείας,
523 5566 624 5631 τῆς
656 5561 746 5618 διὰ
773 5567 870 5618 τοῦ
905 5563 1149 5640 μεγάλου
1183 5565 1422 5637 θύματος
1453 5565 1850 5638 ἀπηλαύσαμεν
1882 5571 2172 5643 σωτηρίας.

299 5651 557 5728 Τούτους,
607 5655 786 5729 οἶμαι,
817 5656 942 5716 τοὺς
991 5662 1025 5709 ε’
1053 5655 1272 5731 καιροὺς
1315 5656 1676 5731 ὑποσημαίνει
1707 5657 1795 5712 καὶ
1829 5659 1862 5728 ἡ

2047 5664 2196 5720 Tum
2247 5668 2420 5726 etiam
2470 5668 2591 5725 hac
2635 5674 2856 5742 septem
2907 5671 3190 5740 tempore,
3251 5665 3407 5738 quod
3453 5670 3615 5737 puto,
