4080 6224
357 319 469 380 155

1631 323 2006 384 MATTH/El
2049 325 2476 386 BLASTARIS

3647 327 3760 386 156

353 453 660 510 subinnuit
689 459 746 512 et
775 455 1046 526 parabole
1076 455 1326 524 Domini,
1357 457 1456 528 qui
1489 455 1548 512 in
1579 456 1804 513 vineam
1825 474 1992 514 suam

2118 458 2256 533 παρᾶ
2311 463 2408 513 τοῦ
2469 457 2880 531 μισθωσαμένου
2909 456 3034 520 τοὺς
3085 456 3316 531 ἐργάτας
3347 457 3424 519 εἷς
3455 459 3548 512 τὸν
3593 459 3760 514 αὐτοῦ

352 546 648 616 eperarios
695 544 989 600 conduxit.
1041 549 1215 616 atque
1276 545 1468 612 exivit,
1517 549 1574 602 et
1623 563 1793 602 mane
1842 548 1998 604 circa

356 633 560 688 horam
595 635 844 698 tertiam,
885 638 942 688 et
985 634 1159 688 etiam
1193 639 1373 700 sexta,
1408 639 1464 688 et
1502 651 1675 702 nona,
1727 641 1782 691 et
1814 639 1995 692 unde-

353 725 542 788 cima;
575 741 692 796 qua
713 724 945 794 quidem
971 725 1110 780 hora
1133 731 1188 780 et
1208 725 1474 780 Christus
1498 727 1771 782 conduxit
1794 733 1998 797 gentes

349 819 418 872 ad
471 834 644 889 opera
703 819 1102 890 spiritualium
1167 821 1574 874 mandatorum
1625 825 1874 875 vocatas.
1913 823 1999 875 Ita

350 907 522 962 etiam
601 907 866 963 laborum
963 908 1292 979 premium,
1383 909 1632 980 primum
1707 909 1996 980 posterio-

351 996 512 1050 ribus
534 995 722 1052 datur.
767 997 911 1052 Nam
955 1015 1060 1053 nos
1093 1000 1580 1068 regenerationem
1635 999 1807 1070 primi
1839 999 1998 1054 obti—

355 1100 576 1154 nemus,
609 1087 758 1156 apud
795 1103 944 1156 quos
979 1091 1258 1140 mactatus
1280 1092 1367 1142 est
1395 1087 1676 1156 Christus,
1700 1089 1800 1158 qui
1823 1087 1994 1143 etiam

353 1189 665 1248 resurgens
695 1193 728 1230 a
777 1177 1022 1232 mortuis
1071 1176 1346 1246 Spiritum
1387 1187 1652 1231 sanetum
1703 1178 1764 1232 in
1813 1177 1994 1232 nostri

349 1265 782 1320 renovationem
869 1265 1203 1320 insufﬂavit.
1273 1267 1552 1329 Quoniam
1622 1283 1754 1322 vero
1833 1271 1996 1320 (etate

351 1355 554 1410 mundi
606 1355 804 1425 quinta
851 1371 1086 1409 carnem
1128 1355 1450 1426 assumpsit
1478 1355 1764 1424 Servator,
1799 1373 1994 1410 resur-

351 1443 497 1499 rexit
527 1447 718 1498 autem
753 1444 846 1498 die
878 1448 1077 1499 octavo
1107 1444 1345 1514 (quippe
1370 1453 1495 1514 post
1516 1444 1849 1514 septimam,
1875 1445 1997 1500 sive

351 1534 696 1599 Sabbatum,
719 1535 986 1604 sequitur
1003 1535 1126 1589 dies
1149 1541 1372 1601 octava,
1392 1550 1515 1603 quae
1539 1540 1626 1588 est
1647 1533 1993 1601 Dominiea):

351 1622 400 1677 si
424 1624 602 1676 duca
625 1627 750 1678 octo
773 1623 828 1676 in
847 1623 1806 1694 quinque,babebisquadraginta,
1823 1639 1992 1694 quem

356 1727 668 1766 numerum
701 1711 1164 1780 delinquentium
1215 1711 1395 1782 plagae
1431 1711 1580 1766 haud
1613 1717 1997 1782 exsuperant;

2109 546 2428 620 ἀμπελῶνα,
2462 549 2524 610 ’ὸς
2553 547 2771 618 ἐξῆλθεν
2823 549 2936 621 ἅμα
2983 545 3130 620 πρωί
3171 546 3297 622 περὶ
3353 547 3542 622 τρίτην
3593 546 3758 620 ὥραν,

2108 638 2198 692 καὶ
2230 639 2290 704 ς’,
2343 639 2432 692 καὶ
2484 639 2548 703 θ’,
2594 639 2684 692 καὶ
2737 637 2822 704 ια’,
2871 639 2986 692 καθ’
3026 639 3061 706 ἢ
3111 636 3456 708 ἐμισθώσατο
3512 638 3582 691 τά
3635 633 3756 707 ἔθνη

2111 729 2139 781 6
2171 725 2400 801 Χριστὸς
2428 725 2742 798 κεκλῃμένα
2791 728 2927 799 πρὸς
2983 724 3237 802 ἐργασίαν
3295 730 3403 781 τῶν
3459 747 3758 797 πνευματι-

2109 819 2217 870 κῶν
2251 813 2508 884 έντολῶν,
2542 815 2632 870 ὅτε
2688 815 2778 870 καὶ
2821 819 2929 869 τῶν
2965 811 3137 890 ἔργων
3195 816 3224 870 6
3281 815 3475 888 μισθὸς
3533 821 3752 890 πρῶτον

2107 911 2224 968 τοῖς
2287 905 2531 982 ὑστέροις
2585 904 2904 960 ἀποδίδοται
2949 924 2962 936 ·
3023 910 3240 981 πρῶτοι
3307 906 3413 982 γὰρ
3459 908 3627 978 ἡμεῖς
3655 907 3756 974 τήν

2109 994 2457 1069 ἀναγέννησιν
2507 997 2871 1068 κομιζόμεθα,
2941 998 3024 1057 οἷς
3095 993 3256 1066 ἐτύθη
3343 995 3596 1068 Χριστὸς,
3663 997 3760 1050 καὶ

2109 1084 2334 1142 ἀναστὰς
2391 1085 2453 1140 τὸ
2513 1087 2668 1158 ἅγιον
2721 1086 2793 1148 εἰς
2849 1085 3178 1142 ἄνακαίνισιν
3236 1088 3397 1158 ἡμῶν
3462 1083 3758 1163 ἐνεφύσησε

2111 1179 2348 1246 Πνεῦμα.
2381 1175 2532 1232 Ἐπεὶ
2565 1173 2746 1229 τοίνυν
2783 1173 3174 1244 ένηνθρώπησε
3225 1176 3319 1246 μὲν
3368 1175 3458 1228 τὸν
3507 1174 3756 1247 πέμπτον

2109 1265 2295 1338 καιρὸν
2327 1266 2354 1318 6
2413 1266 2631 1338 Σωτὴρ,
2675 1263 2869 1334 ἀνέστη
2921 1262 2980 1318 δὲ
3035 1267 3104 1328 τῆ
3157 1261 3328 1337 ὀγδόῃ
3379 1263 3558 1337 ἡμέρα
3591 1264 3759 1335 (μετὰ

2109 1356 2214 1428 γὰρ
2245 1355 2344 1422 τήν
2375 1349 2639 1427 έϐδρμην,
2685 1355 2810 1422 ἤτοι
2856 1354 2918 1408 τὸ
2975 1348 3269 1420 σάϐϐατον,
3321 1351 3487 1427 ὀγδόη
3537 1354 3760 1414 πάντως

2107 1445 2142 1510 ἡ
2181 1451 2294 1516 μετ’
2341 1443 2549 1512 ἐκείνην
2601 1444 2888 1516 Κυριακή),
2923 1441 2968 1496 εἰ
3023 1441 3276 1505 πεντάκις
3321 1441 3412 1496 τὸν
3464 1443 3514 1512 η’
3547 1445 3760 1516 μετρή-

2109 1553 2243 1599 σεις,
2295 1533 2542 1602 εὑρήσεις
2588 1533 2679 1586 τὸν
2734 1533 2807 1602 μ’,
2859 1532 2917 1585 ὃν
2969 1530 3078 1607 οὐχ
3123 1525 3536 1604 ὑπερϐαίνουσιν
3562 1532 3617 1584 αἱ
3651 1530 3759 1603 μά-

2111 1643 2286 1698 στιγες
2333 1627 2442 1677 τῶν
2483 1621 2907 1696 ἁμαρτανόντων
2939 1641 2951 1654 ·
3005 1623 3049 1676 εἷ
3095 1618 3142 1674 δ’
3189 1617 3608 1696 ὑπερϐήσονται,
3657 1643 3758 1698 φη-

2110 1711 2213 1778 σῖΛ,
2247 1711 2633 1788 ἀσχημονήσει
2664 1711 2692 1764 6
2745 1713 3157 1784 μαστιζόμενος,
3198 1709 3470 1784 ἀσχήμων
3520 1711 3622 1785 γὰρ
3671 1709 3760 1764 3v-

354 1817 486 1856 nam
519 1800 568 1855 si
599 1802 973 1865 excesserint,
1024 1801 1232 1871 inquit,
1283 1802 1568 1872 vapulans
1609 1801 1843 1858 infamis
1871 1802 2002 1856 red-

2118 1819 2218 1861 τως
2258 1799 2345 1852 καὶ
2405 1799 2602 1870 ἁτιμος
2650 1798 2677 1852 ὁ
2727 1800 3127 1871 μαστιζόμενος
3173 1791 3274 1868 ἔτι,
3309 1795 3456 1875 λέγω
3505 1795 3574 1866 δὴ
3623 1799 3759 1870 μετὰ

353 1891 544 1945 ditur:
577 1891 768 1961 turpis
817 1891 968 1946 enim
1003 1907 1194 1946 revera
1242 1896 1332 1946 est
1361 1896 1418 1946 et
1446 1891 1684 1946 infamis
1753 1889 1849 1961 qui
1875 1891 1999 1959 jam

355 1980 610 2052 amplius
661 1981 913 2052 vapulat,
963 1983 1091 2036 dico
1142 1986 1334 2037 autem
1387 1987 1515 2052 post
1557 1983 1793 2055 gratiam
1834 1981 2000 2037 dictae

352 2069 729 2124 remissionis.
793 2071 940 2126 Nam
1005 2077 1282 2142 tanquam
1343 2070 1592 2127 inﬁdelis
1660 2071 2000 2141 castigatur,

352 2164 454 2214 aut
505 2163 787 2229 tanquam
843 2165 972 2230 post
1017 2161 1418 2216 remissionem
1457 2161 1513 2215 in
1553 2161 1744 2232 priora
1791 2159 2001 2216 delicta

363 2248 687 2320 prolapsus.

433 2337 580 2399 Quid
613 2341 802 2393 autem
835 2338 1050 2394 dixeris
1095 2340 1162 2394 de
1195 2339 1436 2394 muliere
1465 2357 1593 2410 quae
1631 2338 1744 2410 legi
1785 2345 2003 2393 naturai

361 2427 646 2497 indulget,
693 2433 868 2498 atque
917 2433 1150 2499 propter
1195 2428 1486 2484 carnalem
1537 2429 1891 2498 voluptatem
1943 2427 2002 2480 in

363 2523 522 2572 utero
553 2521 760 2584 gestat,
783 2522 840 2571 et
871 2517 1242 2586 postmodum
1289 2519 1345 2571 in
1381 2519 1566 2572 lucem
1603 2519 1786 2572 fetum
1819 2533 1994 2571 suum

357 2607 496 2674 edit,
519 2623 590 2660 an
641 2608 710 2661 ad
747 2607 939 2660 minus
988 2623 1158 2678 quam
1193 2609 1260 2660 40
1307 2607 1432 2662 dies
1473 2624 1507 2662 a
1553 2607 1812 2660 fidelium
1843 2621 2006 2661 com-

365 2696 641 2750 munione
683 2699 858 2767 atque
905 2698 1082 2752 sacris
1129 2697 1417 2769 mysteriis
1472 2695 1845 2751 excluditur?
1891 2695 2003 2750 Mi-

361 2784 504 2839 nime
541 2801 718 2851 sane;
772 2789 856 2840 tot
903 2786 1058 2840 enim
1102 2786 1311 2840 diebus
1354 2791 1412 2840 et
1458 2785 1722 2855 originali
1777 2784 1904 2838 labe
1947 2787 2004 2838 et

365 2874 554 2945 priore
579 2874 876 2944 voluptate
928 2874 1082 2930 illam
1117 2875 1354 2946 purgari
1397 2877 1563 2943 jubet
1607 2875 1697 2928 lex
1738 2873 2003 2928 Misrica.

361 2973 522 3018 Anne
549 2963 716 3018 etiam
750 2980 996 3032 magnus
1027 2963 1122 3019 ille
1169 2967 1353 3020 Moses
1394 2964 1564 3018 istius
1609 2962 1838 3018 numeri
1865 2961 2008 3018 obli-

359 3055 456 3105 tus
507 3057 626 3106 erat
672 3067 802 3106 cum
853 3053 1078 3108 occasio
1127 3053 1343 3108 ferebat
1381 3053 1409 3105 Ἰ
1453 3052 1696 3106 Minime
1743 3051 2000 3122 quidem;

357 3157 490 3194 nam
542 3157 643 3210 per
689 3142 1080 3212 quadraginta
1127 3142 1250 3196 dies
1305 3159 1538 3196 carnem
1587 3157 1904 3206 maecrans,
1949 3145 2006 3195 et

355 3229 530 3285 nubis
563 3232 744 3285 instar
775 3234 1102 3298 attenuatis,
1137 3231 1380 3286 liberum
1416 3231 1676 3286 animum
1711 3231 1900 3284 attulit
1931 3229 2002 3284 ad

355 3320 789 3390 suscipiendum
840 3321 1338 3378 manifestationes
1398 3320 1649 3388 divinas,
1710 3325 1766 3376 et
1819 3319 2004 3374 multo

363 3409 598 3478 quidem
632 3409 870 3464 meliora
917 3409 1160 3481 lapideis
1212 3410 1326 3465 illis
1377 3409 1616 3468 tabulis.
1649 3425 1796 3480 quas
1828 3425 1861 3463 a
1891 3407 2006 3464 Deo

363 3499 673 3570 accipiens,
718 3516 832 3554 non
885 3498 1068 3554 multo
1117 3503 1244 3569 post
1286 3516 1401 3571 prae
1453 3499 1672 3554 fervido
1718 3497 1838 3554 zelo
1868 3513 2007 3552 con-

361 3589 550 3660 fregit.
585 3589 828 3658 ldeoque
853 3590 1137 3644 secundas
1167 3589 1324 3661 leges
1356 3605 1596 3660 rogans,
1631 3588 1884 3658 iramque
1906 3585 2006 3640 Dei

359 3695 392 3732 a
425 3677 634 3750 pepulo
651 3679 1233 3750 deprecans,totidem
1253 3679 1376 3734 dies
1397 3695 1462 3734 ac
1489 3678 1648 3749 prius
1673 3674 2004 3748 jejunabat.

363 3767 694 3837 Pariterque
727 3783 829 3822 nos
862 3767 1092 3822 tabulas
1135 3769 1350 3839 peccati
1389 3768 1588 3822 fraude
1631 3767 1686 3820 in
1731 3764 2008 3821 cordibus

363 3856 574 3911 nostris
615 3862 934 3922 concretas,
987 3857 1128 3912 dum
1173 3857 1316 3928 legis
1359 3861 1642 3927 praecepta
1683 3854 2003 3926 rejicimus,

367 3963 564 4002 rursus
599 3963 769 4017 puras
797 3947 979 4014 reddi,
1011 3952 1070 4002 et
1101 3945 1280 4018 legem
1319 3947 1412 4000 Dei
1435 3947 1579 4018 ipsis
1610 3945 1860 4017 insculpi
1895 3947 2010 4000 dis-

365 4037 640 4107 ciplinam
693 4053 794 4108 per
850 4035 1418 4108 Quadragesimalem
1467 4051 1764 4104 curamus,
1815 4035 2010 4105 Neque

366 4127 548 4182 isthoo
581 4125 827 4180 multum
871 4144 904 4179 a
935 4126 1038 4180 viri
1073 4125 1359 4196 proposito
1391 4127 1666 4180 abludere
1687 4142 1838 4180 reor.
1863 4124 2008 4179 Nam

366 4217 552 4272 Moses
585 4217 691 4271 iste
712 4215 798 4270 vir
845 4231 1112 4271 summus
1157 4217 1229 4271 ad
1273 4221 1390 4271 tres
1429 4232 1716 4270 annorum
1759 4221 2009 4270 tessera-

361 4307 635 4362 eontades
667 4305 840 4361 vitam
881 4306 1072 4368 traxit,
1125 4310 1296 4375 atque
1339 4321 1540 4360 earum
1577 4306 1824 4374 primam
1875 4304 2010 4359 tole-

355 4397 506 4450 ravit
563 4395 619 4449 in
678 4395 920 4466 [Egypto
997 4394 1254 4448 scientiae
1324 4393 1685 4463 acquirendas
1743 4393 1929 4462 gratia
1985 4409 1998 4446 :

363 4485 550 4540 altera
597 4483 790 4554 ipsum
833 4485 998 4552 vidit,
1049 4484 1119 4538 de
1167 4497 1359 4537 rerum
1413 4483 1638 4536 naturis
1686 4483 1796 4537 sub
1832 4483 2014 4536 forma

2109 1890 2206 1956 τὴν
2263 1891 2424 1962 χάριν
2479 1895 2578 1957 τῆς
2637 1887 2932 1962 εἰρημένης
2991 1885 3228 1964 ἀφέσεως
3261 1906 3275 1920 ⁸
3307 1889 3342 1956 ἢ
3399 1887 3502 1961 γὰρ
3552 1887 3628 1950 ὡς
3671 1889 3748 1960 μὴ

2111 1979 2398 2038 πιστεύσας
2457 1980 2792 2049 μαστίζεται,
2847 1978 2880 2046 ἢ
2941 1977 3016 2031 ὡς
3079 1977 3212 2049 μετᾶ
3266 1978 3366 2045 τήν
3410 1975 3595 2053 ἄφεσιν
3635 1982 3752 2040 τοῖς

2111 2065 2398 2140 προτέροις
2429 2066 2732 2140 περιπεσὼν
2751 2067 3159 2142 ἁμαρτήμασιν.

2181 2323 2241 2378 Τί
2301 2321 2346 2377 δ’
2399 2321 2457 2376 ἂν
2509 2320 2682 2382 εἴποις
2731 2321 2852 2395 περὶ
2894 2327 2994 2390 τῆς
3039 2317 3404 2392 δουλευούσης
3443 2321 3600 2394 νόμῳ
3647 2322 3752 2400 φύ-

2114 2435 2246 2474 σεως
2306 2412 2582 2490 γυναικὸς,
2633 2411 2722 2468 καὶ
2775 2411 2894 2465 καθ’
2951 2408 3151 2480 ἡδονὴν
3207 2409 3496 2484 ἐπιθυμίας
3558 2412 3755 2488 σαρκός

2112 2504 2370 2574 κυούσης,
2417 2504 2508 2558 καὶ
2557 2501 2633 2564 εἷς
2685 2507 2802 2580 φῶς
2847 2500 3196 2576 προαγούσης
3241 2503 3305 2556 τὸ
3347 2502 3582 2575 κύημα;
3632 2505 3758 2576 Ἆρ’

2116 2593 2192 2655 εἷς
2251 2593 2509 2654 ἐλάττους
2567 2595 2672 2645 τῶν
2732 2593 2784 2664 μ’
2837 2594 3085 2665 ἡμερῶν,
3117 2592 3206 2646 καὶ
3248 2597 3348 2660 τῆς
3395 2596 3508 2646 τῶν
3555 2599 3760 2648 πιστῶν

2113 2685 2398 2743 κοινωνίας
2457 2683 2548 2737 καὶ
2605 2686 2711 2737 οῶν
2786 2680 3136 2755 ἁγιασμάτων
3212 2677 3586 2752 έκϐάλλεται;
3681 2683 3760 2740 υύ

2117 2773 2254 2844 δῆτα
2277 2781 2290 2805 ‘
2326 2771 2414 2828 διὰ
2443 2771 2718 2828 τοσούτων
2748 2771 2852 2848 γὰρ
2882 2773 3104 2846 ἡμερῶν
3147 2772 3236 2826 καὶ
3283 2776 3382 2827 τοῦ
3429 2779 3760 2848 προγονικοῦ

2119 2865 2450 2938 μιάσματος,
2500 2863 2590 2916 καὶ
2636 2868 2735 2930 τῆς
2783 2861 2907 2934 πρὶν
2957 2859 3164 2930 ἡδονῆς
3209 2861 3411 2932 ταύτην
3456 2863 3764 2938 ἐκκαθαίρε-

2117 2955 2300 3009 σθαιὸ
2346 2957 2442 3008 τοῦ
2499 2951 2740 3015 Μωσέως
2787 2952 2956 3024 νόμος
3005 2948 3392 3006 διακελεύεται.
3444 2952 3618 3009 Ἀλλᾶ
3661 2957 3762 3008 τοῦ

2115 3044 2351 3116 ἀριθμοῦ
2399 3039 2595 3096 τούτου
2638 3040 2690 3094 ἐν
2739 3044 2818 3112 τῷ
2857 3037 3115 3094 καλοῦντι
3143 3045 3240 3095 τοῦ
3269 3045 3460 3116 καιροῦ
3507 3043 3535 3096 6
3569 3042 3760 3118 μέγας,

2117 3133 2280 3187 οὗτοσ
2335 3138 2540 3200 Μωσῆς
2597 3128 2993 3199 έπιλέλησται;
3045 3129 3268 3186 Πολλοῦ
3295 3151 3358 3204 γε
3385 3133 3472 3186 καὶ
3517 3129 3598 3186 δεῖ
3630 3151 3643 3165 ο
3705 3129 3760 3186 δι

2037 3191 2078 3256 C
2117 3223 2338 3294 ἡμερῶν
2373 3219 2478 3294 γάρ
2539 3221 2594 3292 μ’
2633 3217 2855 3289 νηστείᾳ
2883 3220 2982 3287 τὴν
3023 3217 3193 3292 σάρκα
3241 3217 3486 3292 έκτήξας,
3517 3221 3606 3275 καὶ
3647 3220 3758 3275 ὥσ-

2114 3332 2216 3382 περ
2253 3331 2306 3364 τι
2363 3309 2522 3386 νέφος
2575 3307 2862 3376 λεπτύνας,
2913 3307 3232 3376 ἐλευθερίως
3279 3308 3362 3382 τῷ
3399 3315 3476 3382 νῷ
3517 3309 3760 3386 παρέσχε

2116 3402 2208 3462 τὰς
2249 3401 2392 3462 θείας
2449 3396 2707 3476 ἐμφάσεις
2741 3395 3070 3467 εἰσδέξασθαι
3106 3415 3118 3430 ·
3151 3399 3239 3452 καὶ
3286 3397 3487 3470 πολλῷ
3521 3420 3584 3475 γε
3629 3400 3764 3474 βέλ-

2115 3511 2230 3545 τιον
2263 3493 2368 3545 τῶν
2419 3485 2634 3544 λιθίνων
2687 3487 2932 3558 πλακῶν,
2982 3485 3043 3548 ἃς
3093 3485 3270 3542 θεόθεν
3313 3483 3516 3558 λαϐὼν,
3551 3489 3667 3560 μετ’
3697 3487 3764 3542 οὕ

2117 3578 2260 3635 πολὺ
2312 3581 2469 3650 θυμῷ
2501 3575 2696 3650 δικαίῳ
2743 3577 3026 3652 συνέτριψε
3057 3593 3070 3609 ⁸
3107 3573 3191 3630 διὸ
3225 3575 3316 3632 καὶ
3361 3575 3608 3652 δευτέρας
3645 3575 3768 3648 δεη-

2119 3670 2227 3731 θεὶς
2259 3666 2608 3741 νομοθεσίας,
2663 3667 2750 3721 καὶ
2813 3671 2905 3720 τὸν
2958 3664 3089 3720 λαὸν
3129 3667 3226 3734 τῆς
3275 3665 3448 3740 ὀργῆς
3495 3671 3592 3720 τοῦ
3629 3672 3768 3723 Θεοῦ

2117 3759 2568 3832 παραιτούμενος,
2609 3757 2708 3810 οὐκ
2761 3754 3020 3816 ἐλάττους
3059 3758 3168 3809 τῶν
3215 3756 3496 3830 προτέρων
3553 3756 3766 3832 ἡμέρας

2117 3851 2479 3920 νενήστευκεν.
2530 3850 2617 3906 Ὠς
2669 3843 2726 3900 δὲ
2773 3845 2862 3900 καὶ
2912 3847 3076 3916 ἡμεῖς
3132 3846 3225 3905 τὰς
3275 3845 3642 3916 πεπονηκυίας
3697 3847 3768 3920 τῇ

2118 3945 2218 4007 τῆς
2249 3939 2516 4012 ἁμαρτίας
2562 3931 2830 4008 ἐπιϐουλῇ
2875 3941 2975 4004 τῆς
3033 3932 3252 4010 καρδίας
3309 3937 3470 4009 ἡμῶν
3529 3935 3766 4000 πλάκας,

2118 4029 2212 4090 τὰς
2244 4026 2468 4090 ἐντολὰς
2500 4025 2873 4098 ἀπωσαμένων
2918 4029 3015 4079 τοῦ
3061 4025 3257 4098 νόμου,
3307 4024 3766 4100 ἂπειλικρινημέ-

2117 4139 2210 4178 νας
2255 4115 2404 4178 αὖθις
2455 4117 2736 4183 κτισθῆναι
2793 4112 2882 4168 καὶ
2927 4115 3018 4168 τὸν
3065 4117 3162 4169 τοῦ
3219 4118 3354 4168 Θεοῦ
3409 4115 3584 4186 νόμου
3655 4115 3766 4168 αὓ-

2117 4211 2237 4268 ταῖς
2292 4205 2704 4280 ἐγχαραχθῆναι
2767 4200 3141 4274 σπουδάζομεν
3205 4201 3294 4256 διὰ
3349 4210 3448 4272 τῆς
3496 4223 3772 4275 τεσσαμα-

2120 4295 2466 4370 κονθημέρου
2523 4292 2905 4354 κακοπαθείας.
2966 4289 3110 4350 Οὒδὲ
3155 4296 3316 4346 τοῦτο
3347 4293 3503 4364 οἶμαι
3547 4297 3643 4348 τοῦ
3675 4295 3768 4348 άν-

2124 4383 2250 4459 δρὸς
2300 4382 2492 4458 πόρρω
2535 4380 2765 4456 βάλλειν
2821 4387 2920 4448 τῆς
2969 4381 3276 4442 ὑποθέσεως
3309 4399 3324 4414 ο
3373 4380 3448 4442 εἷς
3477 4387 3621 4456 τρεῖς
3659 4385 3770 4455 γὰρ

2123 4473 2256 4528 ἐτῶν
2283 4470 2776 4544 τεσσαρακοντάδας
2819 4478 3023 4538 Μωσῆς
3069 4471 3233 4532 οὗτος
3293 4471 3322 4525 ὁ
3371 4471 3510 4525 πάνυ
3561 4467 3774 4545 βεϐιω-

364 4533 655 4644 pastoris,r
706 4571 884 4627 multo
964 4533 1098 4626 eum
1181 4571 1392 4626 sudore
1471 4569 2003 4641 philosophantem,

2121 4564 2252 4632 κὼς,
2309 4563 2408 4630 τὴν
2449 4533 2566 4634 ¹μὲν
2625 4561 2747 4634 περὶ
2799 4560 2900 4628 τήν
2947 4533 3220 4634 ἀνάληψιν
3270 4565 3378 4616 τῶν
3409 4560 3462 4615 ἐν
3509 4533 3774 4636 Αίγύπτῳ

367 4661 577 4718 ultima
598 4665 794 4716 autem
817 4660 1094 4731 populum
1117 4659 1364 4713 infinitis
1385 4675 1514 4714 cum
1531 4659 1824 4714 laboribus
1841 4660 2005 4714 rexit.

2120 4653 2458 4725 παθημάτῶν
2527 4653 2853 4707 κακοπαθῶν
2932 4648 3230 4706 διετέλεσεν
3291 4669 3304 4682 ⁶
3387 4654 3421 4720 ἡ
3499 4650 3558 4708 δὲ
3640 4657 3776 4708 τοῦς-

355 4772 447 4806 τον
487 4751 602 4823 εἶχε
640 4749 762 4821 περὶ
799 4749 902 4816 τήν
939 4748 1164 4820 θεωρίαν
1202 4751 1308 4800 τῶν
1352 4741 1543 4814 ὄντων,
1584 4749 1639 4800 ἓν
1679 4747 1928 4820 σχήματι
1971 4747 2260 4819 ποιμένος,
2303 4740 2540 4804 πολλοῖς
2591 4740 2785 4817 ίδρῶσι
2847 4740 3252 4818 φιλοσοφοῦντα
3281 4761 3294 4774 ·
3327 4745 3396 4815 τῇ
3447 4739 3506 4798 δὲ
3535 4743 3616 4812 έξς
3667 4745 3772 4814 τὴν

358 4843 455 4896 τοῦ
485 4838 733 4910 πλήθους
772 4836 1064 4913 ἡγεμονίαν
1103 4837 1313 4910 μυρίοις
1347 4834 1641 4913 διεχείριζε
1670 4835 1878 4896 πόνοις.

433 4933 576 4996 Quid
613 4947 746 4986 vero
788 4929 1172 4984 admiratione
1215 4927 1452 4999 dignius
1485 4943 1661 4999 quam
1696 4927 1841 4982 illud
1871 4943 2006 4998 pro-

363 5021 550 5093 phetae
577 5020 854 5075 Thisbitae
887 5037 920 5074 a
949 5017 1176 5073 Jezabel
1235 5016 1636 5088 aufugientis?
1679 5015 1818 5086 quid
1852 5017 2009 5071 enim

359 5113 417 5166 in
445 5111 552 5166 hoc
583 5125 720 5164 casu
752 5107 1038 5177 optimum
1079 5111 1136 5160 et
1185 5105 1474 5175 propheta:
1531 5105 1782 5160 maxime
1811 5121 2014 5162 conve-

367 5201 533 5254 niens
567 5200 754 5252 visum
798 5195 954 5250 fuit?
1002 5211 1193 5248 annon
1243 5193 1758 5264 presentissimum
1804 5193 2012 5264 jejunii

363 5287 680 5342 remedium
707 5285 734 5340 ?
756 5285 868 5342 Sed
895 5299 1000 5340 nec
1031 5299 1261 5352 aequum
1295 5281 1660 5338 existimabat
1703 5299 2010 5338 numerum

365 5375 531 5430 illum
565 5374 874 5446 praeterire,
926 5388 1040 5445 quo
1089 5372 1146 5425 in
1181 5371 1337 5440 gravi
1387 5371 1498 5426 ista
1530 5371 2015 5440 contemplatione

367 5479 505 5518 usus
526 5470 642 5518 est:
669 5464 800 5535 quia
825 5472 874 5518 et
899 5477 1002 5518 nos
1025 5463 1251 5526 oportet
1273 5459 1579 5528 ambobus,
1601 5461 1752 5530 quod
1778 5459 2012 5533 dicitur,

369 5553 614 5624 pedibus
647 5571 678 5606 a
707 5551 934 5607 Jezabel
969 5553 1264 5620 aul’ugere.
1289 5548 1430 5602 Nam
1459 5547 1578 5620 illa,
1602 5565 1726 5620 quae
1759 5549 2016 5619 interpre

373 5643 552 5698 tando
576 5641 664 5698 vis
686 5643 876 5696 luctus
899 5647 1006 5708 est,
1023 5641 1318 5711 peccatum
1341 5637 1652 5710 signiﬁcat,
1675 5639 1828 5710 quod
1856 5637 2020 5696 nobis

2191 4927 2276 4994 Τῷ
2307 4920 2364 4978 δὲ
2393 4921 2453 4978 ἐκ
2482 4917 2689 4992 Θέσϐης
2720 4923 2996 4997 προφήτῃ,
3027 4921 3094 4974 οὗ
3125 4919 3180 4974 τί
3223 4919 3284 4974 ἃν
3325 4918 3500 4982 εἷ’ποις
3553 4923 3776 4996 θαυμα-

2121 5013 2404 5085 σιώτερον,
2439 5013 2538 5079 τήν
2571 5007 2812 5080 Ἰεζάϐελ
2855 5007 3332 5082 ἆποδιδράςκοντι,
3364 5012 3416 5064 τί
3463 5010 3606 5066 ἄλλο
3635 5011 3774 5085 κρά-

2121 5123 2300 5157 τιστον
2357 5100 2408 5156 ἐν
2463 5107 2578 5162 τοῖς
2635 5099 2932 5172 τοιούτοις,
2985 5101 3072 5154 καὶ
3125 5102 3384 5176 προφήτῃ
3435 5099 3586 5174 μάλα
3632 5105 3777 5178 πρός

2121 5194 2328 5267 τρόπου
2358 5192 2670 5263 νενόμισται
2703 5208 2718 5259 ;
2765 5191 2828 5244 οὐ
2853 5190 2916 5243 τὸ
2961 5189 3369 5261 ἀνυσιμώτατον
3397 5195 3496 5259 τῆς
3525 5189 3776 5258 νηστείας

2125 5285 2412 5362 φάρμακον
2450 5301 2464 5350 ;
2497 5279 2677 5335 Ἀλλὰ
2711 5281 2803 5334 τὸν
2852 5280 3083 5352 ἀριθμὸν
3114 5279 3216 5334 οὐκ
3257 5275 3499 5334 ἐδικαίου
3555 5285 3778 5335 τουτονὶ

2123 5370 2390 5446 παριέναι,
2419 5371 2536 5441 μεθ’
2582 5371 2640 5424 ’ὸν
2701 5370 2787 5423 καὶ
2831 5375 2932 5436 τῆς
2997 5367 3244 5442 μεγάλης
3301 5367 3509 5438 ἐκείνης
3547 5368 3780 5442 θεωρίας

2126 5461 2326 5535 ἠξίωτο
2361 5481 2374 5496 ο
2407 5459 2522 5516 ἀνθ’
2553 5461 2626 5514 ὧν
2655 5460 2744 5515 καὶ
2783 5461 2919 5532 ἡμῖν
2969 5461 3070 5529 τὴν
3103 5453 3340 5527 Ἰεζάϐελ
3373 5457 3434 5514 ὲκ
3485 5455 3634 5513 δυοῖν
3665 5478 3776 5513 πυ-

2128 5550 2264 5620 δοῖν,
2310 5550 2384 5614 ὡς
2429 5549 2620 5618 εἰπεῖν,
2659 5545 3074 5620 ἀποδιδράσκειν
3111 5555 3384 5622 προσῆκεν
3419 5567 3433 5580 ·
3479 5547 3612 5618 αὕτη
3667 5551 3776 5624 γὰρ

2129 5641 2353 5702 πένθους
2397 5638 2554 5714 ἰσχὺς
2597 5637 3032 5717 ἐρμηνευομένη,
3078 5639 3176 5708 τὴν
3232 5639 3296 5692 τὸ
3355 5637 3580 5713 ἰσχυρὸν
3629 5639 3774 5712 ἡμῖν
