4060 6228
279 363 362 423 157
1228 354 1666 417 SYNTAGMA
1710 357 2349 420 ALPHABETICUM.
2399 394 2475 403 —
2515 361 2587 419 T.

3502 354 3616 414 158

279 496 425 554 πένθος
481 493 828 564 προξενοῦσαν
911 487 1202 543 αἰνίττεται
1271 489 1559 564 ἁμαρτίαν,
1617 493 1708 546 καὶ
1776 495 1855 563 τῷ

1968 510 2146 548 causa
2168 497 2253 548 est
2275 493 2450 549 validi
2469 494 2776 566 gravisque
2804 491 3085 559 maroris,
3101 491 3474 562 minaturque
3487 490 3613 546 ani-

280 586 451 656 ψυχικῷ
485 579 810 634 ἀπειλοῦσαν
863 576 1216 654 παφαδώσειν
1276 577 1528 651 θανάτῳ⁶
1581 579 1724 634 οὕτω
1771 582 1860 635 καὶ

282 677 360 726 τῶν
397 672 618 740 ἱστοριῶν
672 664 815 723 ἔστιν
869 667 930 729 ’ἀς
995 668 1024 722 ὁ
1076 672 1455 740 πνευματικῶς
1514 667 1863 723 ἀναπτύσσων

286 762 358 814 οὐκ
395 759 656 831 ἆμοιρήσει
705 754 982 824 παιδείας,
1013 757 1146 825 ἦθος
1195 756 1532 832 ἀποχρώσης
1579 759 1862 831 ῥυθμίσαι.

293 845 430 902 Πολλᾶ
449 844 522 898 καὶ
564 849 644 915 τῷ
696 850 918 916 Σωτῆρι
967 848 1064 898 τοῦ
1114 845 1350 918 ἀριθμοῦ
1396 843 1555 899 τοῦδε
1602 844 1859 918 ἐμέλησε·

294 939 364 1002 τήν
396 937 468 1006 γὰρ
494 934 716 1007 τριττήν
766 935 929 1004 ἡμῶν
981 933 1252 1008 γέννησιν,
1308 935 1408 1003 τὴν
1463 931 1522 987 ἐκ
1570 936 1860 1006 σωμάτων,

299 1025 411 1099 eniti,
442 1023 518 1090 τήν
559 1021 621 1076 ἐκ
675 1021 1076 1096 βαπτίσματος,
1125 1023 1224 1092 τὴν
1364 1022 1722 1090 ἀναστάσεως,
1771 1025 1859 1077 καὶ

296 1114 406 1172 αὐτὸς
428 1111 697 1184 οἰκονομίᾳ
733 1112 943 1184 μείζονι
985 1113 1206 1182 μετιὼν,
1250 1109 1319 1166 δι’
1361 1114 1584 1186 ἡμερῶν
1628 1112 1855 1182 ἑκάστην

291 1201 594 1274 τεσσαράκοντα
675 1196 832 1278 ὤφθη
908 1201 1204 1262 τετελεκώς
1241 1245 1254 1258 .
1342 1202 1491 1256 Μετὰ
1572 1206 1702 1276 γοῦν
1770 1204 1860 1256 τὸν

283 1291 522 1364 ἀπόρρητον
584 1290 640 1344 ἐν
712 1292 870 1365 σαρκὶ
937 1292 1140 1360 τόκον,
1207 1291 1390 1364 ἡμέρᾳ
1453 1296 1856 1367 τεσσαρακοστῇ

277 1386 333 1448 τῷ
380 1381 487 1450 ἱερῴ
546 1381 1003 1452 πρρσενήνεκται,
1071 1381 1168 1447 τήν
1258 1377 1396 1450 ἐμὴν
1465 1379 1860 1456 ἀφοσιούμενος

271 1470 509 1540 κάθαρσιν·
568 1465 699 1522 οὐδὲ
753 1470 853 1541 γάρ
905 1469 1070 1530 αὐτὸς
1120 1467 1324 1537 ταύτης
1384 1465 1579 1539 ἐδεῖτο,
1623 1470 1650 1522 ὁ
1687 1467 1855 1543 αἶ’ρων

270 1560 344 1625 τὴν
373 1557 614 1632 ἁμαρτίαν
672 1562 765 1612 τού
811 1559 1059 1628 κόσμου’
1111 1558 1245 1630 μετὰ
1293 1562 1422 1631 γοῦν
1465 1559 1526 1612 τὸ
1579 1559 1858 1633 βάπτισμα

267 1651 306 1717 μ’
351 1647 530 1722 ἡμέρας
581 1647 808 1718 νηστείᾳ
864 1645 1364 1719 καθοπλισάμενος,
1430 1654 1528 1703 τοῦ
1585 1649 1857 1723 πολεμίου

260 1739 709 1812 κατεστρατήγησεν
738 1756 750 1766 ·
797 1736 862 1790 ού
911 1736 1012 1810 γὰρ
1062 1735 1218 1806 ἠξίου
1263 1737 1536 1807 νηστεύων
1581 1735 1859 1814 ὑπερϐάλ-

261 1823 350 1879 λειν
381 1827 436 1880 τὰ
473 1826 799 1898 ἐσκαμμένα,
851 1825 939 1880 καὶ
987 1831 1102 1887 τοῖς
1144 1825 1310 1888 θείοις
1360 1824 1583 1890 ἓκείνοις
1632 1825 1857 1903 ἀνδράσι

257 1915 390 1970 πάλαι
434 1912 781 1988 διηνυσμένα,
834 1913 920 1969 ἴνα
972 1915 1048 1986 μὴ
1100 1914 1191 1969 τὸν
1244 1914 1524 1990 ἄνθρωπον
1571 1916 1854 1992 ὑποκρίνα-

253 2004 345 2056 σθαι
379 2006 676 2077 νομισθείη.
721 2005 819 2058 Διά
856 2005 1130 2058 τοσούτων
1171 2001 1228 2059 δὲ
1272 2005 1407 2078 μετά
1447 2007 1545 2073 τὴν
1594 2007 1851 2062 Ἀνάστα-

252 2113 334 2160 σιν,
359 2091 426 2152 εἰς
462 2095 520 2147 τὸ
567 2094 960 2167 ὑπερουράνιον
1009 2090 1208 2148 ἄνεισιν
1257 2094 1424 2168 ἱερὸν,
1473 2093 1706 2168 καθαρὰν
1747 2097 1848 2164 τήν

248 2185 376 2252 ἡμῶν
418 2183 564 2260 φύσιν
621 2183 674 2236 ἐν
716 2183 889 2254 ἑαυτῳ
928 2183 1191 2257 παριστὰς
1229 2187 1306 2253 τῷ
1355 2188 1470 2256 Θεῷ
1518 2185 1604 2238 καὶ
1656 2186 1847 2259 Πατρί.

249 2268 391 2327 Ἀλλά
424 2270 511 2327 καὶ
547 2274 651 2340 τήν
693 2270 768 2334 εἰς
808 2269 1082 2345 Α’ίγυπτον
1125 2269 1434 2348 φυγαδείαν,
1465 2275 1578 2345 ξτήν
1618 2276 1846 2344 νοητήν,

247 2365 384 2434 enixi,
424 2364 808 2435 κακοπάθειαν,
851 2365 925 2426 ὡς
968 2364 1239 2419 κάλλιστα
1283 2362 1619 2439 διαθέμενος,
1657 2387 1848 2442 τετρα-

245 2455 342 2521 erit;
383 2451 576 2508 ἐκεῖθεν
626 2454 690 2507 τὸ
727 2453 863 2508 κατὰ
902 2451 1071 2528 σάρκα
1121 2452 1408 2513 ἐπάνεισιν.
1460 2458 1547 2517 Ὠς
1597 2454 1648 2510 ἐν
1685 2477 1847 2534 κεφα-

244 2539 358 2611 λαίῳ
403 2538 455 2595 δὲ
508 2541 703 2610 εἰπεῖν,
763 2537 1122 2614 συμϐολικῶς
1173 2541 1390 2605 τούτοις
1446 2548 1605 2598 πᾶσιν
1656 2544 1716 2599 ἄν
1765 2567 1848 2607 τις

243 2629 572 2705 ἀποχρώντως
624 2632 980 2704 τεκμήραιτο,
1023 2633 1095 2693 ὡς
1147 2632 1434 2705 συμπάσης
1479 2640 1578 2703 τῆς
1630 2634 1718 2688 ὑπ’
1757 2635 1852 2690 οὐ-

242 2721 394 2790 ρανὸν,
422 2723 508 2775 καὶ
547 2726 657 2774 τῶν
697 2721 750 2776 ἐν
791 2723 933 2795 αύτῇ
969 2721 1119 2790 ζώων
1161 2727 1241 2794 τῷ
1279 2721 1548 2798 ἀνθρώπῳ
1585 2725 1682 2791 τήν
1726 2727 1854 2797 ἡγε-

244 2807 403 2878 μονίαν
453 2809 478 2862 ὁ
528 2812 660 2872 Θεὸς
700 2809 1034 2887 ἐγχειρίσας,
1085 2810 1185 2864 ούκ
1233 2813 1389 2884 ἠξίου
1422 2814 1520 2879 τήν
1561 2816 1676 2873 τοῖς
1725 2812 1855 2868 ἀλό-

238 2917 333 2967 γοις
383 2899 612 2970 βάσιμον
670 2899 871 2968 ταύτην
932 2899 1099 2971 μόνην
1147 2899 1358 2971 οἴκησιν
1418 2900 1564 2980 ἔχειν
1624 2903 1711 2956 καὶ
1758 2903 1851 2957 τὸν

238 2990 332 3038 κατ’
393 2986 570 3041 εἰκόνα
624 2985 833 3042 ἐκείνου
883 2988 1166 3062 γενόμενον
1201 3011 1213 3023 ·
1264 2992 1405 3064 παρὸ
1453 2993 1542 3046 καὶ
1593 2990 1705 3064 ἰδίᾳ
1749 2995 1855 3064 πή-

236 3096 388 3146 γευσιν
437 3077 590 3148 αύτῷ
646 3079 860 3132 πάντων
921 3077 1142 3133 ὕστατον
1199 3078 1394 3134 ὡσανεὶ
1457 3079 1711 3155 βασίλεια
1763 3083 1856 3137 τὸν

237 3165 357 3218 Θεῖον
394 3165 750 3241 παράδεισον,
789 3173 999 3246 τρυφῆς
1041 3167 1212 3230 ὅντως
1253 3169 1476 3242 χωρίον,
1518 3171 1608 3224 καὶ
1650 3175 1853 3246 ψυχαῖς

1972 599 2126 637 mam
2155 581 2324 638 morti
2357 584 2600 638 tradere.
2634 585 2954 639 Occurrunt
2983 581 3159 652 igitur
3180 581 3333 636 243
3359 580 3608 636 historiae

1971 689 2116 743 quas
2146 674 2190 727 si
2223 672 2354 743 quis
2387 673 2761 742 spiritualiter
2791 673 3055 744 explicet,
3090 687 3208 726 non
3264 671 3608 725 destituetur

1971 761 2234 815 doctrina
2265 779 2381 832 qum
2413 763 2483 816 ad
2515 763 2688 816 vitam
2721 764 2864 817 bene
2886 759 3270 816 ordinandam
3331 758 3604 814 sufﬁciat.

1971 849 2222 904 Multum
2247 851 2421 905 etiam
2456 851 2669 920 placuit
2697 851 2980 906 Salvatori
3005 849 3098 903 hic
3121 864 3423 902 numerus.
3458 848 3605 904 Nam

1972 937 2255 1008 triplicem
2315 945 2574 994 nostram
2633 940 3087 1011 generationem,
3147 937 3609 1008 corporalem,et

1971 1026 2400 1097 baptismalem,
2437 1031 2506 1082 7et
2551 1028 2709 1083 illam
2752 1025 3210 1092 resurrectionis,
3262 1028 3386 1096 ipse
3431 1025 3608 1080 etiam

1969 1119 2349 1186 praestantiori
2409 1118 2835 1188 dispensatione
2887 1115 3204 1180 sustinens,
3266 1114 3605 1186 quamlibet,

1969 1205 2224 1274 inquam,
2259 1207 2648 1277 quadraginta
2679 1207 2884 1260 diebus
2934 1205 3242 1260 derfeoisse
3299 1203 3453 1258 visus
3496 1209 3605 1259 est.

1969 1294 2067 1348 Die
2089 1295 2244 1348 enim
2279 1302 2405 1364 post
2435 1295 2784 1350 ineffabilem
2839 1310 3006 1349 suam
3067 1294 3124 1347 in
3182 1309 3351 1346 carne
3401 1293 3609 1347 nativi-

1965 1388 2137 1438 tatem
2172 1385 2618 1456 quadragesima
2664 1384 2721 1438 in
2775 1383 2988 1453 templo
3036 1381 3292 1446 otl'ertur,
3349 1386 3606 1436 nostram

1967 1473 2430 1543 purificationem
2463 1488 2830 1528 consecrans.
2893 1472 3091 1542 Neque
3147 1472 3302 1526 enim
3363 1471 3486 1540 ipse
3540 1486 3608 1525 ea

1964 1579 2112 1632 opus
2144 1562 2363 1630 habuit,
2399 1563 2495 1633 qui
2527 1563 2670 1617 tollit
2707 1566 3004 1632 peccatum
3040 1560 3264 1616 mundi.
3298 1559 3430 1614 Post
3459 1559 3609 1631 hap-

1961 1649 2201 1704 tismum
2236 1651 2619 1720 quadraginta
2650 1650 2871 1704 dierum
2927 1650 3154 1720 jejunio
3205 1652 3464 1703 armatus
3495 1647 3608 1703 ho—

1962 1747 2109 1796 stem
2164 1739 2490 1796 debellavit.
2550 1739 2744 1794 Noluit
2825 1740 2978 1794 enim
3057 1739 3376 1809 jejunando
3445 1736 3610 1792 limi—

1963 1832 2050 1883 tes
2084 1830 2379 1898 excedere,
2417 1846 2552 1884 eave
2583 1846 2708 1900 quaa
2740 1828 2924 1884 sancti
2977 1827 3058 1881 illi
3107 1826 3211 1881 viri
3258 1825 3398 1881 olim
3451 1841 3608 1895 pere-

1962 1924 2194 1989 gerunt,
2243 1935 2314 1974 ne
2347 1919 2769 1974 humanitatem
2819 1921 3040 1972 tantum
3073 1916 3356 1972 simulare
3385 1915 3607 1971 videre-

1963 2012 2076 2062 tur.
2111 2010 2248 2064 Post
2268 2007 2510 2062 totidem
2569 2007 2741 2062 etiam
2789 2007 2911 2061 dies
2966 2024 2996 2060 a
3056 2004 3474 2060 resurrectione
3531 2005 3602 2059 ad

1962 2096 2193 2152 omleste
2240 2097 2523 2169 templum
2571 2097 2852 2164 ascendit,
2904 2099 3172 2150 naturam
3232 2099 3490 2150 nostram
3540 2096 3599 2149 in

1959 2187 2154 2258 seipso
2197 2204 2392 2243 coram
2452 2189 2568 2244 Deo
2638 2190 2802 2242 Patre
2861 2203 3066 2258 puram
3129 2187 3362 2242 sistens.
3417 2186 3598 2242 Caete-

1961 2293 2086 2332 rum
2117 2282 2174 2332 et
2196 2279 2384 2348 fugam
2448 2295 2617 2333 suam
2675 2277 2735 2331 in
2785 2277 3112 2349 IEgyptum,
3147 2275 3593 2332 intellectualem

1961 2383 2165 2439 nempe
2192 2366 2587 2434 afﬂictionem,
2620 2383 2796 2437 quam
2829 2366 3044 2437 optime
3069 2367 3406 2436 disponens,
3466 2370 3599 2437 post

1960 2462 2210 2526 quatuor
2235 2473 2417 2510 annos
2448 2455 2582 2510 inde
2639 2455 2831 2526 quoad
2889 2471 3122 2510 carnem
3193 2471 3456 2510 reversus
3486 2460 3596 2511 est.

1959 2547 2147 2616 Atque
2179 2548 2243 2600 ut
2281 2545 2622 2600 summatim
2663 2544 2874 2610 dicam,
2929 2543 3083 2615 typis
3118 2543 3274 2598 hisce
3324 2543 3602 2599 omnibus

1962 2634 2321 2690 sufﬁcienter
2349 2634 2624 2699 ostendit,
2653 2634 2804 2702 quod
2841 2635 3009 2690 Deus.
3043 2634 3277 2703 quando
3310 2633 3369 2687 in
3393 2649 3603 2687 manus

1962 2723 2203 2778 tradidit
2232 2723 2453 2778 homini
2489 2723 2663 2777 totius
2718 2724 2828 2776 sub
2878 2723 3020 2776 cmlo
3077 2721 3350 2792 regionis.
3382 2726 3437 2776 et
3467 2739 3603 2775 om-

1965 2813 2127 2867 nium
2161 2813 2219 2866 in
2268 2811 2370 2866 illa
2427 2811 2813 2867 animantium
2872 2812 3152 2882 regimen,
3211 2811 3393 2864 noluit
3437 2811 3600 2865 illum

1965 2902 2064 2972 qui
2124 2902 2309 2955 factus
2367 2908 2449 2955 est
2500 2902 2666 2970 juxta
2724 2899 3038 2970 imaginem
3099 2916 3285 2964 suam,
3335 2899 3605 2955 duntaxit

1965 2993 2070 3046 hac
2101 2992 2458 3047 habitatione
2493 2992 2626 3060 frui,
2679 3007 2809 3061 quae
2859 2995 2916 3045 et
2970 2991 3158 3046 brutis
3190 2995 3346 3061 patet
3378 3007 3391 3043 2
3426 3006 3608 3061 quare

1961 3088 2018 3137 et
2054 3081 2322 3152 privatim
2374 3081 2484 3152 ipsi
2534 3081 2764 3148 struxit,
2809 3080 3087 3136 novissim
3141 3081 3426 3143 omnium,
3479 3085 3608 3133 tan-

1963 3187 2138 3241 quam
2176 3169 2476 3239 palatium,
2509 3169 2799 3224 coelestem
2833 3169 3190 3239 paradisum,
3224 3168 3412 3224 locum
3454 3168 3608 3222 deli-

235 3252 485 3327 φιλοθέοις
534 3254 896 3326 κατάλληλον
946 3254 1305 3330 ἐνδιαίτημα’
1356 3257 1431 3311 *ἶν’
1488 3261 1515 3313 ὁ
1566 3259 1854 3335 ἄνθρωπος

1965 3259 2064 3314 siis
2104 3259 2466 3322 afﬂuentem,
2497 3263 2554 3313 et
2601 3257 2814 3312 animis
2852 3259 3029 3312 Deum
3085 3257 3419 3311 amantibus
3465 3272 3606 3311 eon-

233 3343 275 3396 ἐν
317 3349 486 3416 τούτῳ
542 3343 930 3419 διαιτώμενος,
978 3345 1199 3416 ἐκεῖθεν,
1258 3347 1351 3401 οἷά
1406 3368 1490 3409 τις
1547 3349 1687 3416 θεὸς,
1736 3356 1854 3412 τοῖς

233 3431 321 3486 ὑπὸ
382 3441 541 3510 χεῖρα
607 3437 675 3490 τὰ
743 3437 1092 3509 προσήκοντα
1155 3437 1476 3512 χρηματίζῃ
1513 3458 1525 3470 ·
1598 3435 1687 3493 διὰ
1753 3441 1853 3514 γὰρ

233 3526 371 3576 τοῦτο
405 3525 494 3578 καὶ
538 3524 600 3580 ἐκ
638 3522 735 3580 δύο
776 3525 920 3580 πολὺ
967 3529 1035 3599 τῇ
1085 3524 1239 3603 φύσει
1289 3523 1671 3594 διεστηκοτων,
1723 3527 1855 3582 ἀλό-

233 3631 318 3684 γου
351 3613 439 3667 καὶ
481 3613 713 3689 λογικῆς
759 3613 943 3676 οὐσίας
983 3613 1331 3687 συντέθειται,
1367 3613 1460 3669 (ίνα
1498 3615 1652 3691 λόγῳ
1690 3637 1854 3672 κατα-

232 3709 479 3774 κοςμῇται
513 3703 583 3759 τὰ
629 3701 864 3778 ἐπίγεια,
907 3702 982 3766 ὥς
1023 3725 1084 3780 γε
1124 3701 1188 3775 δὴ
1236 3709 1354 3767 ταῖς
1395 3706 1715 3781 ἀγγελικαῖς
1759 3703 1855 3760 δυ-

234 3790 402 3860 νάμεσι
455 3793 522 3847 τὰ
563 3793 826 3866 ούράνια’
871 3791 1018 3848 ἀλλά
1049 3800 1150 3864 τῆς
1193 3795 1290 3868 μὲν
1332 3791 1582 3864 δοθείσης
1630 3793 1857 3864 ἐντολῆς

234 3882 353 3953 πρὸς
403 3881 464 3936 τὸ
515 3883 936 3956 παρεωραμένον
988 3883 1136 3955 αὕτῷ
1187 3882 1399 3956 μᾶλλον
1448 3884 1564 3938 ἀντὶ
1613 3888 1710 3939 τοῦ
1757 3905 1856 3940 πο-

231 3971 412 4026 θεῖαθαι
478 3974 894 4050 κατασυρείσης,
960 3981 1059 4044 τῆς
1143 3973 1198 4030 δὲ
1263 3976 1450 4038 κακίας
1517 3978 1856 4053 ἐπιφυείσης,

230 4060 501 4137 καὶταύτῃ
543 4064 644 4133 τὴν
685 4063 840 4140 φύσιν
891 4062 1240 4133 ἀλλοιωθεὶς,
1295 4065 1370 4128 εἰς
1412 4069 1613 4145 φθοράν
1661 4088 1719 4123 τε
1766 4070 1856 4124 καὶ

228 4149 306 4203 τὸν
331 4149 592 4222 κηνώόη
633 4153 754 4228 βίον
795 4152 997 4216 ἀθλίως
1048 4156 1386 4227 μεταπεσὼν,
1434 4155 1496 4212 τὸ
1543 4157 1726 4212 κοινὸν
1764 4158 1854 4212 καὶ

228 4245 325 4300 toi;
378 4241 612 4316 ἀλόγοις
670 4240 952 4312 ἠλλάξατο
1011 4245 1352 4320 καταγώγιον
1390 4264 1402 4277 ·
1463 4245 1750 4321 ὑπερόριος
1800 4244 1856 4302 δὲ

229 4331 312 4391 *ἧς
346 4329 494 4401 αύτῷ
536 4327 786 4400 δοθείσης
832 4326 1000 4405 ἁϐρᾶς
1049 4330 1223 4394 ἑστίας
1271 4333 1582 4408 γενόμενος,
1636 4333 1696 4388 ού
1753 4335 1855 4409 γὰρ

229 4416 284 4483 ἦν
314 4419 466 4490 θέμις
511 4420 578 4474 τὸ
615 4420 713 4487 τὴν
755 4421 961 4495 φθορὰν
1001 4422 1078 4492 μή
1118 4424 1470 4495 προσιέμενον
1511 4423 1720 4498 χωρίον
1771 4424 1855 4478 οἷς

228 4514 327 4561 κεῖν
353 4511 446 4564 τὸν
491 4507 819 4583 μετεκδύντα
855 4510 916 4566 τὸ
955 4507 1182 4588 φαιδρὸν
1233 4517 1334 4580 τῆς
1385 4512 1682 4588 ἀφθαρσίας
1725 4513 1855 4584 ἱμά-

227 4615 348 4669 τιον,
379 4599 519 4676 πρὸς
561 4599 650 4654 τὸν
688 4597 936 4654 σύνθετον
987 4601 1203 4654 τουτονί
1254 4601 1344 4654 καὶ
1385 4601 1602 4677 ὁμοφυᾶ
1648 4601 1854 4674 κόσμον

226 4686 432 4751 εἰκότως
475 4688 803 4757 ἀπεωθεῖτο,
836 4687 955 4744 ὅθεν
1001 4685 1069 4757 δὴ
1095 4691 1185 4743 καὶ
1231 4688 1645 4763 προσείληπτο·
1691 4689 1735 4762 ᾧ
1767 4693 1856 4745 οἷα

229 4784 454 4852 συγγενεῖ
502 4784 606 4847 τῆς
657 4777 856 4840 οἰκείας
911 4776 1238 4848 σκαιότητος
1291 4776 1578 4852 μεταδοὺς,
1632 4779 1854 4852 ματαιό-

227 4885 372 4934 τητος
424 4868 772 4942 ὑποχείριον,
813 4865 901 4921 καὶ
956 4868 1159 4945 φθορᾶς
1215 4867 1305 4922 καὶ
1353 4869 1640 4930 κακώσεως
1690 4868 1857 4923 τόπον

231 4953 502 5030 εἰργάσατο
527 4974 543 4989 ⁸
597 4959 844 5020 τοιοῦτος
900 4953 957 5011 δὲ
993 4954 1162 5011 πάλιν
1205 4957 1296 5012 καὶ
1337 4955 1521 5012 οὐτοσὶ
1571 4959 1856 5026 καταστὰς,

231 5039 370 5114 δίκην
406 5043 634 5108 ἐνδίκως
685 5047 864 5120 ὥσπερ
916 5045 1175 5124 λαγχάνει
1228 5047 1430 5122 πρώτῳ
1475 5052 1554 5119 τῷ
1600 5049 1699 5118 τὴν
1739 5050 1859 5124 φθο·

232 5135 310 5203 βάν
359 5135 510 5207 αύτῷ
563 5135 975 5209 προξενήσαντι,
1034 5135 1300 5214 φροντίσι,
1350 5136 1438 5190 καὶ
1498 5135 1716 5205 λύπαις,
1769 5136 1858 5191 καὶ

231 5224 507 5298 μερίμναις
567 5229 876 5301 βιωτικαῖς,
937 5227 1051 5281 οἷόν
1109 5247 1218 5282 τισι
1278 5221 1582 5300 τριϐόλοις,
1629 5225 1858 5288 σκύτους

232 5317 535 5390 τικρὸτερον
590 5314 752 5371 αὐτὸν
807 5314 1154 5389 αἰκιζόμενος
1189 5334 1203 5347 °
1263 5317 1336 5377 ὡς
1415 5317 1520 5391 γὰρ
1577 5320 1709 5390 πῦρ,
1768 5317 1858 5370 καὶ

230 5402 460 5475 σκώληξ,
493 5404 579 5459 καὶ
614 5404 716 5469 ἰὸς,
758 5404 834 5464 είς
875 5409 986 5483 φῶς
1028 5405 1306 5478 προϊόντα,
1354 5411 1468 5468 τοῖς
1518 5405 1862 5480 γεννησαμὲ-

230 5510 332 5550 νοις
378 5493 619 5567 πρώτοις
667 5489 1035 5564 ἐπιϐουλεύει,
1076 5493 1222 5550 οὕτω
1260 5493 1349 5549 καὶ
1381 5496 1415 5563 ἡ
1448 5495 1606 5550 κακία
1655 5499 1734 5568 τῷ
1778 5497 1862 5550 κό-

234 5599 345 5652 σμῳ
377 5581 785 5652 ἐπεισελθοῦσα,
826 5582 1100 5656 ἀνθρώπῳ
1137 5585 1343 5658 πρώτῳ
1383 5582 1472 5638 διὰ
1512 5585 1705 5640 τούτου
1750 5590 1862 5639 λω-

233 5664 404 5740 ϐᾶται,
474 5675 549 5745 τῷ
603 5674 801 5748 ταύτης
857 5671 1200 5747 δημιουργῷ.
1262 5673 1358 5728 Διὰ
1415 5675 1626 5730 πάντων
1681 5674 1858 5731 τοίνυν

1962 3348 2200 3402 veniens
2257 3347 2592 3415 hospitium,
2641 3351 2704 3400 ut
2762 3347 2956 3413 homo,
3018 3347 3115 3416 qui
3169 3346 3247 3399 ibi
3324 3350 3604 3409 versatur,

1964 3441 2244 3506 tanquam
2269 3439 2411 3490 deus
2443 3435 2676 3505 aliquis,
2709 3435 2962 3490 subditis
2995 3437 3118 3490 suis
3150 3434 3358 3489 idonea
3377 3435 3604 3504 dispen-

1967 3529 2139 3579 saret.
2171 3525 2309 3579 Nam
2340 3524 2489 3579 hanc
2519 3525 2590 3578 ob
2622 3539 2857 3579 causam
2891 3540 2958 3578 ex
2989 3524 3218 3578 duabus
3239 3523 3413 3577 rebus
3444 3524 3608 3578 valde

1967 3614 2117 3669 inter
2146 3632 2208 3670 se
2237 3613 2726 3684 discrepantibus,
2768 3613 3087 3668 irrationali
3120 3617 3290 3680 atque
3341 3611 3606 3667 rationali

1968 3711 2173 3760 natura
2229 3704 2534 3769 conflatur,
2595 3710 2654 3757 ut
2711 3701 2933 3757 ratione
2990 3703 3100 3756 rite
3145 3700 3608 3756 adminisrantnr

1966 3795 2280 3864 terrestria,
2339 3792 2512 3848 sicuti
2567 3787 3167 3863 potentiis'angelicis
3217 3789 3490 3845 ccslestia.
3533 3792 3608 3845 At

1965 3899 2099 3938 vero
2129 3897 2260 3938 cum
2286 3882 2648 3944 mandatum,
2684 3879 2839 3950 quod
2871 3878 2956 3933 illi
2986 3880 3189 3933 datum
3231 3881 3340 3944 est,
3375 3877 3430 3933 in
3465 3893 3606 3932 con-

1965 3975 2255 4042 temptum
2288 3971 2480 4042 potius
2511 3985 2683 4040 quam
2717 3968 3070 4023 desiderium
3120 3971 3391 4031 traxerat,
3425 3970 3604 4037 atque

1967 4061 2121 4116 malo
2154 4061 2480 4126 accedente,
2514 4060 2623 4113 hoc
2664 4059 2787 4127 ipso
2838 4061 3096 4112 mutatus
3123 4061 3245 4111 erat
3276 4057 3464 4127 quoad
3496 4073 3602 4110 na-

1963 4156 2179 4216 turam,
2203 4157 2376 4220 atque
2403 4149 2462 4203 in
2492 4147 2919 4218 corruptionem
2955 4145 3250 4216 vitamque
3297 4145 3601 4201 bestialem

1965 4241 2288 4312 prolapsus,
2317 4254 2622 4294 commune
2669 4237 2838 4291 etiam
2889 4236 3077 4291 brutis
3117 4238 3355 4292 sortitus
3382 4241 3472 4291 est
3504 4237 3606 4291 ho-

1964 4332 2226 4402 spitium.
2259 4328 2544 4385 Exsulans
2575 4327 2807 4397 quidem
2855 4327 3004 4382 felici
3059 4326 3174 4381 lare
3218 4326 3332 4398 ipsi
3382 4327 3607 4382 dudum

1965 4436 2254 4486 concesso,
2287 4420 2495 4490 (neque
2527 4417 2681 4470 enim
2718 4417 2800 4470 fas
2832 4419 2957 4470 erat
3005 4429 3140 4469 eum
3171 4415 3266 4484 qui
3293 4415 3416 4484 jam
3449 4415 3606 4484 abje-

1964 4517 2123 4567 cerat
2153 4509 2513 4580 splendidam
2551 4505 2918 4561 mortalitatis
2949 4507 3186 4570 vestem,
3215 4504 3400 4558 locum
3426 4503 3606 4558 istum

1965 4599 2252 4666 habitare,
2287 4597 2382 4668 qui
2417 4595 2845 4667 corruptionem
2876 4609 2941 4648 ac
2972 4594 3379 4649 mortalitatem
3403 4592 3606 4661 novit),

1965 4689 2024 4743 in
2055 4688 2365 4746 confusum
2397 4687 2552 4742 hunc
2581 4691 2638 4741 et
2678 4687 2993 4757 cognatum
3053 4683 3341 4736 mundum
3401 4681 3606 4736 merito

1965 4779 2328 4843 tradebatur,
2382 4777 2532 4830 unde
2587 4774 2759 4830 etiam
2821 4777 3158 4843 assumptus
3221 4770 3442 4834 fuerat;
3493 4769 3606 4837 cui,

1968 4873 2249 4938 tanquam
2308 4862 2638 4933 comparilis
2713 4866 2929 4916 natura:
2989 4861 3059 4915 de
3109 4877 3217 4914 sua
3273 4857 3609 4914 infelicitate

1967 4956 2304 5026 impertiens
2337 4952 2573 5009 vanitati
2605 4967 2734 5006 eum
2769 4950 3044 5021 subjecit,
3078 4952 3252 5020 atque
3284 4943 3608 5001 mortalita-

1970 5047 2043 5103 tis
2071 5050 2130 5101 et
2161 5044 2402 5099 miserita
2433 5041 2626 5098 locum
2685 5040 2958 5096 reddidit.
2995 5039 3097 5094 Hic
3155 5041 3350 5092 autem
3410 5035 3610 5089 istius-

1969 5135 2126 5190 modi
2161 5136 2342 5188 factus
2373 5131 2578 5186 merito
2620 5129 2780 5200 paria
2813 5128 3074 5201 rependit
3106 5127 3177 5194 ei,
3207 5127 3307 5197 qui
3353 5123 3607 5195 primum

1969 5226 2081 5298 ipsi
2117 5224 2547 5294 corruptionem
2596 5221 2811 5287 intulit,
2872 5220 3025 5274 curis
3084 5223 3137 5272 et
3196 5213 3496 5280 aerumnis,
3556 5219 3614 5269 et

1969 5314 2377 5380 sollicitudine,
2402 5322 2675 5384 tanquam
2708 5311 2992 5380 sentibus,
3021 5307 3251 5380 gravius
3283 5321 3454 5377 quam
3508 5306 3617 5364 ﬂa-

1970 5407 2122 5483 gello
2155 5408 2348 5479 ipsum
2380 5404 2660 5474 afﬂigens.
2697 5407 2839 5458 Nam
2877 5409 2931 5456 ut
2961 5400 3132 5471 ignis,
3166 5403 3222 5452 et
3271 5399 3502 5467 vermis,
3553 5405 3611 5456 et

1970 5500 2129 5554 virus
2163 5498 2216 5552 in
2273 5495 2459 5550 lucem
2520 5492 2737 5547 emissa
2796 5490 3126 5561 parentibus
3177 5487 3301 5542 suis
3362 5487 3608 5557 primum

1973 5587 2343 5654 insidiantur,
2364 5586 2520 5654 ita-et
2551 5580 3005 5636 maluminlrans
3027 5578 3082 5632 in
3111 5577 3393 5631 mundum
3419 5576 3608 5632 homi-

1973 5694 2106 5736 nem
2142 5677 2395 5749 primum
2423 5676 2718 5731 auctorem
2735 5685 2834 5742 per
2863 5669 3028 5739 ipsus
3056 5666 3606 5739 lmditJIuneigitur
