4060 6228
408 387 520 446 159

1681 389 2056 450 ΜΑΤἹἮΕΙ
2103 385 2535 450 BLASTARIS

3695 379 3811 440 160

407 521 690 576 mundum
722 538 788 576 ex
837 525 1082 593 quatuor
1137 519 1439 576 clementis
1497 523 1906 594 compositum,
1947 524 2039 596 qui

2153 523 2316 594 ἡμεῖν
2347 515 2742 594 ἐπέμϐαίνοντα
2793 520 2884 574 τὸν
2923 517 2983 573 ἐκ
3031 519 3305 592 τεσσάρων
3357 511 3645 588 στοιχείων
3685 533 3808 588 συγ-

405 611 666 682 undique
699 628 802 668 nos
819 613 1039 683 premit,
1071 613 1668 682 atquemortatitatem
1697 615 1864 670 nobis
1887 613 2052 670 affert

404 699 775 756 historiarum
807 701 1196 758 consideratio
1229 717 1480 772 arguens
1514 719 1582 757 ex
1613 719 1782 774 opere
1819 703 2048 759 describ

403 808 506 862 per
539 796 785 861 quatuor
815 791 1036 846 dierum
1086 793 1362 848 descades
1411 799 1641 848 nosmet
1673 795 1828 848 mala
1885 796 2000 864 pati
2031 812 2045 861 ;

403 879 767 935 subinnuens
808 885 980 951 atque
1029 883 1200 937 etiam
1251 883 1596 947 adhortans,
1658 889 1718 936 ut
1777 884 1926 938 hunc
1959 882 2044 938 vel

399 969 562 1024 inviti
595 974 874 1040 tanquam
927 987 1119 1026 revera
1169 971 1463 1043 ﬂagellum
1519 971 1894 1044 refugiamus,
1929 971 2046 1027 imo

402 1055 650 1111 maxime
681 1073 782 1110 ceu
815 1057 1023 1112 animae
1057 1059 1346 1126 (mortem,
1407 1077 1530 1130 quae
1591 1059 1661 1113 iis
1716 1059 2049 1129 supervenit

401 1143 498 1216 qui
529 1161 760 1215 semper
789 1147 844 1200 in
883 1150 1160 1202 mundum
1197 1147 1442 1216 inhiant,
1475 1149 1668 1220 atque
1724 1149 1792 1202 ad
1853 1163 2044 1204 veram

403 1234 584 1289 nostri
617 1235 860 1303 patriam
913 1241 1216 1292 ascendere
1263 1239 1629 1304 studeamus,
1689 1239 2045 1308 paradisum,

401 1325 668 1394 inquam,
700 1325 1003 1394 aseptimo
1039 1325 1142 1380 hoc
1194 1329 1248 1380 et
1304 1331 1578 1397 pereunte
1624 1325 1835 1382 saeculo
1881 1325 2047 1380 valde

401 1414 852 1488 discrepantem,
887 1415 982 1468 sed
1017 1431 1248 1470 summe
1297 1416 1726 1470 convenientem
1789 1415 2045 1470 felicitati

403 1505 588 1560 ocfavi
618 1503 834 1570 saeculi,
868 1521 995 1574 quae
1025 1507 1188 1576 i‘post
1243 1505 1348 1560 hoc
1399 1521 1500 1560 nos
1553 1509 1762 1560 manet.
1823 1504 2046 1560 Plantis

403 1593 558 1648 enim
595 1593 752 1649 mirae
785 1598 1002 1649 natura:
1036 1596 1293 1651 scatebat
1325 1595 1592 1650 meliores
1639 1597 1859 1650 fructus
1917 1595 2044 1650 red-

403 1683 927 1755 dentibus,:quam
991 1684 1228 1754 priores,
1289 1701 1502 1755 eosque
1564 1684 1838 1757 pulchros
1893 1685 2043 1748 visu,

404 1781 566 1842 gestu
600 1781 788 1827 autem
821 1773 1218 1844 pulchriores;
1255 1790 1370 1829 non
1401 1774 1556 1829 enim
1587 1775 1773 1830 verbis
1801 1774 2046 1845 eXprimi

403 1865 594 1932 potest
623 1863 819 1916 forma
850 1879 914 1916 ac
943 1863 1272 1920 dulcedinis
1305 1864 1658 1936 praestantia.

477 1951 592 2006 Hoc
621 1950 681 2006 in
713 1950 837 2007 loco
865 1953 1048 2007 Adam
1091 1951 1231 2008 olim
1285 1969 1674 2020 commorans,
1717 1954 1764 2010 si
1799 1955 2044 2010 manda-

401 2041 526 2092 tum
563 2045 836 2111 perpetuo
867 2047 1173 2108 servasset,
1209 2043 1454 2097 idoneus
1488 2043 1692 2098 fuisset
1737 2043 2044 2100 heredita-

401 2133 513 2184 tem
573 2129 870 2201 suscipere
942 2131 1096 2186 244
1173 2131 1334 2204 regni
1409 2132 1518 2204 ipsi
1596 2133 1852 2204 apparati
1912 2139 2044 2192 ante

402 2218 684 2272 mundum
719 2219 1038 2275 conditum.
1091 2221 1398 2276 Paradisus
1447 2222 1600 2277 enim
1649 2223 1820 2278 istius
1875 2225 2042 2295 quasi

400 2307 674 2379 praevium
707 2309 1075 2379 gymnasium
1113 2310 1240 2366 fuit.
1274 2315 1345 2366 At
1375 2329 1507 2366 vero
1538 2311 1634 2366 ille
1685 2311 2040 2384 voluptatem

401 2399 788 2467 corruptionis
839 2405 1130 2468 parentem
1195 2401 1464 2458 mandato
1537 2403 1864 2470 praeferens,
1927 2420 2041 2459 non

399 2485 586 2540 solum
621 2502 862 2556 regnum
893 2485 1056 2542 illum
1091 2489 1359 2560 perdidit,
1391 2491 1494 2544 sed
1526 2489 1778 2558 etjussu
1803 2491 1898 2548 Dei
1935 2509 2040 2562 pa-

397 2575 590 2628 radiso
627 2575 834 2646 pulsus
866 2581 990 2630 erat
1038 2579 1355 2648 (corruptio
1401 2579 1554 2633 enim
1607 2579 2036 2648 corruptionem

397 2679 510 2718 non
547 2663 904 2734 haereditat);
941 2671 997 2719 et
1029 2665 1084 2719 in
1119 2668 1398 2721 mundum
1433 2669 1834 2738 cognominem
1861 2671 2037 2740 septi—

399 2767 507 2804 mae
539 2753 684 2804 artati
718 2752 1006 2823 relegatus
1037 2758 1140 2808 est.
1165 2753 1289 2809 Non
1321 2759 1518 2810 tamen
1553 2755 1631 2810 ita
1661 2771 1762 2826 spe
1809 2759 2040 2828 penitus

398 2839 642 2895 excidit:
677 2845 1005 2896 reservatur
1035 2843 1184 2898 enim
1219 2843 1276 2898 in
1296 2849 1554 2900 octavam
1589 2846 1832 2902 istorum
1853 2847 2038 2902 bono-

397 2945 526 2983 rum
561 2930 757 2984 fruitio
789 2931 901 2997 bis,
935 2931 1034 3002 qui
1071 2933 1226 3003 piam
1259 2951 1324 2988 ac
1356 2935 1609 2990 sobriam
1633 2937 1808 2990 vitam
1833 2941 2036 3007 agunt.

395 3021 586 3084 Quare
632 3023 686 3074 et
741 3025 996 3076 nostrum
1058 3037 1268 3093 corpus
1327 3030 1662 3080 concretum
1715 3041 1784 3080 ex
1862 3029 2040 3080 mate-

395 3107 524 3162 riali
560 3108 664 3162 hoc
695 3109 1098 3178 quaternione,
1119 3113 1289 3182 cujus
1331 3113 1518 3168 brutis
1547 3113 1852 3170 desideriis
1893 3114 2034 3169 ratio

397 3205 598 3253 nostra
619 3199 906 3270 demutsa,
957 3207 1014 3256 et
1061 3203 1230 3258 nobis
1268 3207 1326 3258 et
1365 3205 1522 3260 omni
1573 3209 1850 3260 creatura
1889 3221 2036 3260 mor-

395 3285 636 3344 talitatis
685 3289 872 3344 labem
933 3291 1207 3360 aﬂricuit,
1266 3294 1338 3347 ab
1395 3293 1700 3349 elementis
1758 3293 2032 3349 omnibus

401 3379 486 3450 psi
523 3378 724 3445 unitis,
761 3395 860 3450 per
889 3379 1282 3450 discipilinam
1319 3381 1524 3437 duram
1559 3382 1848 3455 completo
1871 3383 2032 3438 deca-

397 3467 489 3522 dis
538 3468 760 3523 dierum
791 3485 1032 3525 numero
1083 3471 1328 3542 perfecte
1387 3473 1618 3544 purgari
1687 3477 1928 3544 oportet,
1978 3475 2036 3527 et

397 3555 504 3612 hac
547 3557 767 3613 ratione
813 3575 985 3630 grave
1032 3577 1181 3616 onus
1231 3563 1449 3632 peccati
1499 3563 1796 3618 excutiens
1831 3562 1938 3618 iter
1967 3561 2032 3616 ad

396 3645 648 3700 cmlestia
697 3646 906 3702 anima:
963 3649 1196 3720 quidem
1253 3651 1418 3706 facile
1499 3668 1819 3723 capessere.
1887 3652 2032 3707 Nam

396 3741 682 3806 quantum
715 3743 989 3794 externus
1021 3749 1216 3798 noster
1245 3740 1419 3796 homo
1453 3743 1866 3814 corrumpitur,
1893 3758 1958 3798 eo
1982 3748 2036 3796 et

395 3827 664 3881 internus
707 3825 878 3883 homo
931 3834 1256 3898 renovatur,
1291 3831 1454 3902 juxta
1485 3831 1705 3887 dictum
1757 3832 2036 3904 apostoli-

399 3931 552 3969 cum.
588 3915 782 3971 Sicute
811 3923 1012 3972 contra
1045 3920 1293 3975 Herodes
1327 3921 1744 3990 (interpretanti
1795 3922 2029 3993 quidem

396 4005 700 4075 coriaceus)
733 4023 830 4076 per
862 4024 1033 4077 quem
1070 4009 1306 4064 affectus
1345 4011 1535 4066 carnis
1567 4015 2034 4082 repraesentetur,

398 4095 707 4149 tetrarchia
763 4095 1019 4164 inflatus,
1079 4099 1462 4168 concretione,
1521 4100 1784 4171 inquam,
1844 4101 2038 4154 carnis

399 4191 629 4250 aeostrzs,
691 4201 864 4254 quam
923 4189 1122 4256 postea
1169 4187 1301 4242 filiis
1376 4189 1498 4244 suis
1533 4189 1686 4252 tiliis,
1729 4207 1860 4244 cum
1923 4205 2036 4243 non

399 4272 587 4343 potuit
609 4275 1118 4342 rectumjdoctrinas
1141 4277 1374 4330 verbum
1401 4277 1566 4332 nobis
1588 4279 1831 4344 auferre,
1855 4279 2040 4332 infan-

395 4360 553 4416 tibus
582 4365 772 4417 tamen
807 4364 1100 4432 masculis,
1133 4369 1274 4436 puta
1305 4367 1513 4422 mentis
1546 4369 1748 4438 primis
1780 4373 2038 4438 etgene—

395 4451 544 4504 rosis
589 4453 656 4506 ad
703 4453 971 4507 virtutem
1022 4455 1375 4510 motionibus
1425 4473 1622 4528 parere
1683 4473 1798 4512 non
1861 4457 2037 4510 novit.

395 4542 600 4594 Annon
676 4557 804 4595 vero
883 4543 1036 4598 titius
1102 4543 1348 4613 hujusce
1431 4547 1724 4602 tetrarchae
1811 4547 2041 4616 quidvis

2157 611 2404 682 κείμενον
2431 608 2674 678 τουτονὶ,
2703 609 2793 662 καὶ
2825 611 2924 678 τῆς
2963 609 3165 681 φθορᾶς
3207 609 3342 679 ἡμῖν
3393 605 3802 672 κοινωνήσαντα

2152 699 2383 771 κόσμον,
2415 701 2450 767 ἡ
2485 697 2685 770 θεωρία
2719 699 2825 751 τῶν
2867 698 3123 770 ἱστοριῶν
3168 695 3500 772 ἐλέγχουσα,
3543 690 3633 746 διὰ
3661 690 3798 764 πρά-

2150 789 2282 858 ξεως
2335 787 2630 866 ὑπογράφει
2681 791 2750 860 τῇ
2809 785 3088 860 τετραπλῇ
3145 790 3252 840 τῶν
3307 787 3530 857 ἡμερῶν
3591 778 3795 840 δεκάδι,

2151 879 2474 932 κακοπαθεῖν
2549 879 2696 948 ἡμᾶς
2765 875 3158 952 ὑφηγησαμένη
3225 895 3282 929 τε
3346 874 3436 928 καὶ
3492 873 3792 944 νομοθετή-

2152 987 2306 1036 σασα,
2340 967 2413 1027 ὡς
2447 963 2506 1020 ἄν
2545 969 2734 1020 τοῦτον
2773 966 2860 1019 καὶ
2901 964 3116 1024 ἄκοντες
3156 965 3232 1026 ὡς
3270 963 3514 1041 ἂτεχνῶς
3557 959 3794 1033 μάστιγα

2152 1055 2436 1134 φεύγωμεν
2467 1074 2480 1086 ⁸
2526 1053 2586 1110 οὗ
2631 1056 2737 1128 μὴν
2771 1052 2918 1109 ἀλλὰ
2965 1055 3054 1108 καὶ
3103 1057 3290 1128 ψυχῆς
3335 1049 3580 1124 ἄντικρυς
3632 1049 3798 1103 θάνα-

2149 1165 2266 1210 τον,
2297 1149 2413 1205 τοῖς
2445 1144 2580 1217 πρὸς
2615 1143 2773 1197 αὐτὸν
2798 1143 2878 1197 ἀεὶ
2911 1142 3174 1216 κεχηνόσι
3207 1161 3220 1176 ο
3254 1140 3390 1216 πρὸς
3421 1137 3477 1193 δὲ
3505 1139 3604 1206 τῆν
3645 1137 3799 1206 ἀλη-

2153 1233 2306 1300 θινήν
2345 1234 2504 1306 ἡμῶν
2553 1229 2871 1304 σπεύδωμεν
2909 1230 3182 1286 ἐπανιέναι
3233 1227 3485 1303 πατρίδα,
3539 1228 3688 1306 φημὶ
3729 1224 3797 1294 δὴ

2151 1322 2242 1376 τὸν
2275 1319 2621 1394 παράδεισον,
2659 1324 2757 1374 τοῦ
2802 1321 2896 1392 μὲν
2941 1316 3179 1392 ἑϐδόμου
3219 1315 3380 1373 τοῦδε
3427 1317 3517 1372 καὶ
3561 1317 3804 1394 φθαρτοῦ

2151 1411 2352 1470 αἰῶνος
2411 1408 2556 1464 πολὺ
2614 1414 2682 1484 τῇ
2741 1409 2896 1488 φύσει
2954 1407 3297 1478 διεστηκότα,
3350 1409 3700 1480 προσήκοντα
3745 1403 3806 1460 δὲ

2152 1502 2266 1554 κατ’
2323 1497 2488 1574 ἄκρας
2545 1505 2614 1574 τῇ
2677 1501 2812 1572 μετά
2866 1500 3056 1554 τοῦτον
3115 1501 3262 1572 ἡμᾶς
3321 1495 3646 1569 ἐκδεξαμένη
3703 1497 3806 1549 τοῦ

2155 1587 2354 1666 ὀγδόου
2389 1589 2750 1663 μακαριότητί
2776 1607 2788 1621 ·
2825 1594 3016 1666 φυτοῖς
3049 1587 3152 1664 γὰρ
3181 1585 3460 1658 ἐντεθήλει
3483 1587 3802 1658 θαυμαστῆς

2153 1679 2362 1757 φύσεως
2394 1681 2601 1752 καρπὸν
2637 1679 2838 1756 βελτίω
2877 1677 3336 1754 προϊσχομένοις,
3375 1679 3515 1752 ἢπερ
3553 1677 3620 1731 τὰ
3659 1675 3802 1750 πρό-

2151 1791 2309 1844 περα,
2342 1769 2507 1824 καλὸν
2541 1769 2636 1843 μὲν
2671 1767 2828 1840 ἰδεῖν,
2859 1768 3076 1824 καλλίω
3101 1767 3159 1823 δὲ
3180 1771 3523 1844 χρήσασθαι·
3557 1765 3796 1842 ἃῤῥητον

2073 1885 2120 1950 Β
2149 1860 2252 1933 γάρ
2283 1857 2429 1930 αύτῷ
2457 1859 2518 1912 τὸ
2547 1865 2646 1926 τῆς
2677 1857 2822 1932 ὥρας
2849 1859 2936 1912 καὶ
2971 1855 3173 1950 ἡδονῆς
3207 1863 3414 1931 περιῆν.

2225 1949 2486 2002 Ἐνταῦθα
2539 1947 2731 2013 πάλαι,
2787 1947 3028 2020 καθάπερ
3073 1941 3232 2024 ἔφην,
3281 1947 3309 2000 ὁ
3355 1941 3532 2017 Ἀδὰμ
3573 1941 3798 2020 ἐπιχω-

2153 2037 2373 2112 ριάζων,
2425 2034 2672 2105 ἐπίδοξος
2720 2037 2810 2105 ἦν,
2843 2037 2888 2090 εἰ
2917 2037 3016 2104 τὴν
3057 2033 3284 2104 ἐντολὴν
3323 2031 3412 2088 διὰ
3459 2031 3654 2092 τέλους
3695 2053 3798 2100 τη-

2153 2129 2356 2203 ρήσειε,
2406 2127 2492 2180 καὶ
2553 2128 2652 2196 τήν
2707 2125 3086 2200 κληρονομίαν
3139 2123 3448 2195 ἐκδέξασθαι
3501 2130 3604 2192 τῆς
3655 2123 3802 2177 ἐτοι-

2153 2217 2451 2290 μασθείσης
2503 2215 2649 2288 αὐτῷ
2703 2215 2980 2292 βασιλείας
3029 2217 3134 2290 πρὸ
3183 2209 3500 2283 καταϐολῆς
3549 2213 3800 2286 κόσμου·

2148 2306 2350 2376 ταύτης
2384 2309 2487 2382 γάρ
2521 2307 2688 2360 οἱονεὶ
2728 2307 3022 2381 γυμνάσιον
3059 2307 3086 2359 ὁ
3117 2301 3444 2380 παράδεισος
3473 2325 3484 2336 ·
3527 2304 3628 2372 τήν
3659 2303 3802 2374 πρό-

2148 2397 2293 2465 ξενον
2325 2393 2380 2450 δὲ
2407 2403 2507 2464 τῆς
2539 2397 2737 2472 φθορᾶς
2767 2393 2970 2466 ἡδονήν
3011 2395 3115 2469 πρὸ
3153 2402 3254 2465 τῆς
3295 2395 3522 2462 ἐντολῆς
3559 2393 3798 2462 ποιησά-

2153 2507 2335 2558 μενος,
2365 2486 2475 2560 οὐχ
2505 2485 2652 2546 ὅπως
2679 2482 2886 2554 ἐκείνης
2920 2481 3239 2562 διήμαρτεν,
3279 2483 3426 2539 ἀλλά
3471 2483 3558 2537 καὶ
3589 2481 3796 2536 τούτου

2149 2575 2264 2646 θείᾳ
2303 2577 2471 2654 ψήφῳ
2513 2569 2840 2644 ἐκϐέϐληται
2865 2593 2879 2608 ⁸
2923 2577 2956 2644 ἡ
2997 2575 3096 2650 γάρ
3137 2575 3312 2654 φθορά
3349 2577 3446 2642 τὴν
3493 2573 3796 2646 ἀφθαρσίαν

2147 2665 2207 2720 οὐ
2239 2665 2596 2738 κληρονομεῖ,
2633 2665 2718 2718 καὶ
2759 2665 2895 2736 πρὸς
2943 2664 3034 2718 τὸν
3078 2671 3175 2734 τῆς
3217 2659 3460 2735 ἑϐδόμης
3497 2663 3796 2734 ἐπώνυμον

2145 2755 2561 2828 ἐξωστράκισται
2605 2755 2816 2808 τουτονί
2855 2755 3061 2828 κόσμον
3087 2772 3100 2784 ·
3157 2752 3282 2808 ἀλλ’
3329 2750 3446 2808 οὐδ’
3477 2749 3650 2812 οὕτως
3701 2750 3794 2806 ἐλ-

2145 2840 2302 2903 πίδος
2345 2843 2421 2903 εἰς
2471 2843 2605 2896 ἅπαν
2667 2840 2974 2915 διέψευσται
3007 2861 3020 2874 ο
3077 2841 3152 2904 εἷς
3211 2843 3314 2918 γὰρ
3367 2842 3466 2909 τὴν
3521 2838 3720 2916 ὀγδόην
3751 2841 3788 2908 ἡ

2145 2931 2363 2988 ἐκείνων
2420 2932 2720 2994 ἀπόλαυσις
2787 2937 2894 2987 τῶν
2961 2934 3259 3008 ἀνθρώπων
3323 2933 3614 3006 τετήρηται
3669 2936 3792 2990 τοῖς

2145 3020 2416 3096 θεοφιλῶς
2465 3021 2553 3076 καὶ
2599 3021 2895 3100 σωφρόνως
2946 3017 3240 3096 βεϐιωκόσι
3276 3041 3288 3054 ·
3343 3019 3426 3075 διὸ
3473 3017 3540 3090 δὴ
3596 3019 3686 3073 καὶ
3729 3021 3798 3074 τὸ

2145 3113 2442 3186 συγκραθὲν
2493 3111 2757 3185 ἡμέτερον
2816 3115 2976 3184 σῶμα
3034 3110 3094 3166 ἐκ
3149 3118 3250 3180 τῆς
3310 3110 3504 3178 ὑλικῆς
3559 3109 3796 3179 ταυτησὶ

2145 3199 2492 3275 τετρακτύος,
2531 3200 2592 3254 οὗ
2641 3204 2758 3260 ταῖς
2816 3198 3044 3276 ἀλόγοις
3093 3200 3298 3278 ὀρέξεσι
3345 3199 3408 3255 τὸ
3453 3207 3555 3270 τῆς
3601 3201 3798 3276 ψυχῆς

2147 3289 2570 3365 καταγοητευθὲν
2623 3288 3004 3363 λογιζόμενον,
3055 3291 3191 3362 ἡμῖν
3238 3291 3327 3343 καὶ
3375 3287 3516 3362 πάσῃ
3567 3291 3636 3362 τῇ
3689 3289 3800 3342 κτί-

2145 3399 2224 3434 σει
2254 3379 2352 3447 τήν
2402 3385 2502 3448 τῆς
2549 3381 2749 3454 φθορᾶς
2798 3379 3126 3451 ἐμνήστευσε
3171 3375 3385 3448 λώϐην,
3434 3377 3516 3454 ἐφ’
3563 3375 3796 3432 ἑκάστου

2143 3471 2255 3545 χρὴ
2295 3473 2401 3522 τῶν
2433 3467 2726 3542 ἧνωμένων
2759 3468 2906 3540 αὐτῷ
2937 3469 3246 3544 στοιχείων,
3291 3467 3364 3523 δι’
3405 3468 3632 3544 ἀγωγῆς
3661 3465 3790 3522 ἐπι-

2143 3559 2311 3614 πόνου
2369 3555 2578 3613 τελείαν
2631 3559 2731 3626 τήν
2790 3559 3045 3632 κάθαρσιν
3115 3555 3384 3630 δέξασθαι,
3441 3562 3519 3630 τῷ
3581 3556 3786 3629 τελείῳ

2141 3653 2240 3716 τῆς
2271 3643 2492 3706 δεκάδος
2521 3651 2630 3700 τῶν
2661 3647 2883 3720 ἡμερῶν
2921 3646 3136 3718 ἀριθμῴ
3161 3665 3172 3678 ·
3223 3645 3312 3699 καὶ
3351 3645 3517 3720 ταύτῃ
3549 3645 3610 3700 τὸ
3641 3643 3781 3720 βαρὺ

2143 3735 2363 3815 φορτίον
2424 3741 2522 3805 τῆς
2589 3735 2856 3808 ἁμαρτίας
2923 3734 3385 3809 ἀποσεισάμενον,
3453 3731 3642 3808 ῥᾳδίαν
3709 3737 3784 3808 τῇ

2144 3828 2298 3899 ψυχῇ
2351 3826 2450 3894 τήν
2499 3825 2634 3898 πρὸς
2679 3824 2744 3878 τὰ
2789 3823 2897 3878 ἄνω
2941 3831 3342 3899 παραχωρῆσαι
3387 3825 3638 3898 πορείαν’
3691 3823 3790 3877 καὶ

2142 3917 2243 3990 γάρ
2289 3917 2410 3968 ὅσον
2443 3914 2470 3968 ὁ
2507 3909 2608 3984 ἔξω
2647 3915 2808 3986 ἡμῶν
2854 3913 3138 3987 ἄνθρωπος
3185 3916 3476 3990 φθείρεται,
3525 3917 3792 3968 τοσοῦτον

2147 4007 2174 4058 ὁ
2219 4003 2323 4058 ἔσω
2363 4004 2763 4072 ἀνακαινοῦται,
2829 4009 2924 4058 τοῦ
2984 4005 3321 4060 Ἀποστόλου
3379 4009 3554 4080 φωνῇ,
3601 4003 3790 4078 ὥσπερ

2143 4093 2452 4148 τούναντίον
2507 4091 2758 4166 Ἡρώδης
2809 4095 3182 4168 (ἑρμηνεύεται
3233 4093 3290 4148 δὲ
3333 4097 3361 4149 ὁ
3417 4092 3791 4167 δερμάτινος),

2149 4183 2218 4240 δι’
2279 4183 2339 4238 οὗ
2391 4183 2448 4237 τὸ
2495 4191 2594 4252 τῆς
2655 4184 2852 4258 σαρκὸς
2901 4185 3218 4253 εἶκονίζεται
3261 4187 3534 4264 φρόνημα,
3579 4189 3647 4258 τῇ
3697 4205 3794 4238 τε-

2147 4271 2386 4346 τραρχίᾳ
2427 4273 2769 4346 φυσώμενος,
2827 4277 2894 4346 τῇ
2946 4274 3237 4345 συμπήξει,
3297 4273 3463 4346 φημὶ,
3511 4276 3608 4326 τοῦ
3657 4275 3800 4344 ἡμε-

2147 4361 2307 4434 τέρου
2349 4360 2594 4434 σαρκίου,
2627 4363 2692 4429 ἥν
2727 4361 2946 4436 ὕστερον
2975 4367 3091 4424 τοῖς
3141 4359 3278 4416 υἱέσι
3317 4361 3507 4433 διεῖλε,
3545 4365 3620 4434 μή
3675 4364 3801 4424 οἷός

2149 4473 2206 4506 τε
2241 4449 2337 4518 ὥν,
2387 4451 2476 4504 τὸν
2527 4453 2654 4526 παρ’
2707 4454 2842 4524 ἡμῖν
2901 4453 3060 4526 ὀρθὸν
3111 4457 3218 4506 τῶν
3275 4449 3562 4528 δογμάτων
3623 4451 3796 4526 λόγον

2151 4539 2314 4608 ἒλεῖν,
2363 4545 2472 4594 τῶν
2513 4545 2639 4612 γοῦν
2679 4539 2917 4614 ἆρῥένων
2958 4543 3192 4616 βρεφῶν,
3233 4545 3340 4596 τῶν
3385 4543 3644 4615 πρώτων,
3685 4563 3798 4614 φη-

397 4629 582 4684 facere
615 4631 830 4697 studet,
865 4648 1028 4700 quam
1057 4639 1118 4688 ut
1149 4635 1410 4688 videatur
1431 4636 1737 4692 convenire
1767 4653 1900 4691 cum
1937 4653 2036 4706 pa-

2152 4631 2234 4702 μὲ,
2275 4633 2376 4684 τοῦ
2423 4631 2520 4682 νὸὖ
2567 4630 2657 4682 καὶ
2707 4631 2967 4704 γενναίων
3015 4633 3150 4704 πρὸς
3202 4629 3398 4704 ἀρετὴν
3450 4633 3796 4702 κινημάτων,

397 4723 502 4786 tre,
539 4727 654 4772 tam
688 4721 874 4790 quoad
909 4737 1098 4776 mores
1122 4737 1296 4792 quam
1331 4741 1514 4794 genus
1547 4731 1601 4780 et
1643 4743 1850 4782 nomen
1873 4725 1900 4778 ‘2
1931 4725 2038 4778 Mi-

398 4809 556 4862 nime
579 4808 814 4878 quidem
849 4827 862 4864 :
898 4821 950 4866 et
999 4811 1095 4866 ille
1125 4829 1264 4868 sane
1315 4814 1430 4867 veri
1479 4815 1636 4871 verbi
1689 4831 2032 4886 praeconem,

396 4911 531 4950 cum
565 4897 791 4952 occasio
825 4899 948 4962 t'erl,
982 4899 1245 4954 decollat.

2147 4719 2209 4773 οὐ
2258 4719 2460 4798 πέφυκε
2509 4717 2782 4797 φείδεσθαι
2815 4739 2828 4750 ’
2881 4721 2908 4774 ὁ
2958 4717 3014 4774 δὲ
3061 4721 3254 4776 τούτου
3309 4723 3615 4796 τετράρχης
3675 4721 3800 4782 υἱὸς

2147 4808 2290 4869 εἲκὸς
2335 4829 2387 4862 τι
2445 4808 2655 4880 νομίζει
2721 4815 2920 4872 ποιεῖν,
2981 4811 3027 4863 εί
3088 4812 3164 4882 μή
3221 4817 3339 4874 τοῖς
3393 4811 3618 4886 τρόποις
3679 4809 3796 4886 οὐχ

2144 4899 2308 4965 ἦττον
2349 4939 2364 4964 ,
2429 4896 2464 4966 ἢ
2541 4898 2618 4969 τῷ
2688 4897 2822 4972 γένει
2899 4899 2990 4952 καὶ
3057 4903 3125 4964 τῆ
3198 4898 3392 4970 κλήσει
3467 4903 3545 4971 τῷ
3622 4899 3794 4972 πατρὶ

397 4979 707 5054 συμϐαίνων
741 4983 972 5061 ὀφθείη;
1017 4988 1291 5058 Οὕμενουν
1320 5008 1330 5018 ·
1370 4989 1560 5062 ἂμέλει
1600 4991 1692 5045 τὸν
1733 4992 1944 5064 κήρυκα
1979 4987 2074 5043 τοῦ
2115 4985 2280 5059 ὀρθοὖ
2333 4985 2525 5061 λόγου,
2559 4987 2601 5040 εἰ
2651 4993 2845 5062 καιροῦ
2895 4983 3144 5062 λάϐοιτο,
3185 4989 3275 5043 καὶ
3325 4989 3484 5050 οὗτος
3523 4986 3796 5060 ἐκτέμνει.

466 5077 746 5130 Caeterum
781 5085 836 5129 et
866 5077 1036 5132 decas
1069 5079 1289 5144 istbaec,
1323 5097 1454 5134 cum
1491 5087 1624 5136 nata
1663 5083 1735 5135 sit
1765 5099 1832 5136 ex
1863 5085 2034 5135 tetra-

398 5164 490 5228 de,
521 5173 605 5218 est
635 5169 688 5218 et
721 5165 846 5233 ipsa
879 5168 1094 5232 tetras;
1133 5183 1260 5220 nam
1311 5185 1442 5222 cum
1503 5173 1884 5240 sequentibus
1937 5185 2040 5220 nu-

401 5254 576 5308 meris
607 5255 933 5324 composita
965 5255 1238 5311 decadem
1289 5257 1544 5328 producit
1575 5277 1588 5324 ;
1630 5262 1686 5312 et
1739 5263 2040 5330 propterea

389 5337 616 5412 'putoet
651 5343 872 5397 hancin
909 5343 1120 5398 malam
1177 5351 1394 5416 partem
1451 5349 1625 5416 sumi,
1690 5349 1916 5403 Decima
1941 5348 2032 5417 igi-

403 5435 500 5484 tur
556 5431 921 5502 generatione
973 5433 1302 5489 universale
1375 5435 1656 5490 diluvium
1711 5437 2032 5506 ingruebat.

404 5519 600 5572 decem
633 5522 804 5574 etiam
839 5521 1024 5593 plagis
1064 5521 1370 5595 Egyptum
1413 5525 1591 5580 afﬂxit
1641 5525 1850 5580 Moses.
1885 5527 2038 5590 Qua-

403 5612 634 5678 propter
666 5609 948 5665 Dominus
979 5617 1032 5668 et
1071 5629 1176 5667 nos
1227 5623 1492 5668 naturam
1545 5615 1872 5670 universam
1907 5631 2036 5670 cor-

403 5697 668 5769 ruptione
722 5698 1142 5758 elementorum
1229 5703 1759 5777 inveterascentem,
1809 5705 1866 5760 in
1917 5707 2035 5777 pri-

2215 5075 2287 5129 Ού
2333 5077 2442 5148 μὴν
2494 5075 2636 5130 ἀλλὰ
2685 5077 2772 5130 καὶ
2808 5080 2840 5146 ἡ
2876 5073 3032 5142 δεκάς
3081 5077 3214 5148 αὕτη
3266 5077 3508 5154 γέννημα
3550 5081 3652 5142 τῆς
3697 5099 3799 5134 τε-

2145 5162 2342 5238 τράδος
2411 5163 2567 5236 οὖσα,
2625 5165 2815 5242 τετράς
2874 5166 2983 5222 ἐστι
3031 5169 3119 5222 καὶ
3189 5168 3326 5240 αόόή
3363 5187 3378 5200 '
3440 5167 3796 5242 συντιθεμένη

2146 5256 2252 5330 γάρ
2279 5261 2397 5316 τοῖς
2433 5255 2655 5310 κατόπιν
2707 5255 2874 5326 αὐτῆς
2914 5257 3193 5330 ἀριθμοῖς,
3233 5260 3332 5327 τήν
3375 5255 3570 5314 δεκάδα
3613 5263 3798 5334 γεννᾷ,

2145 5343 2236 5397 καὶ
2277 5345 2423 5418 παρά
2461 5349 2620 5400 τοῦτο
2669 5347 2748 5408 εἰς
2803 5351 3038 5400 κάκωσιν
3097 5351 3250 5420 οἶμαι
3299 5347 3388 5402 καὶ
3431 5348 3631 5418 ταύτην
3688 5367 3794 5402 πα-

2148 5429 2584 5506 ραλαμϐάνεσθαι
2621 5457 2633 5468 ·
2693 5433 2885 5510 δεκάτῃ
2963 5435 3052 5490 οὗν
3129 5442 3284 5512 γενεᾷ
3333 5439 3360 5490 ὁ
3411 5437 3798 5509 οἱκουμενικὸς

2145 5522 2498 5601 ἐπεισέφρησε
2553 5522 2815 5580 κλύδων·
2877 5523 3003 5581 δέκα
3061 5525 3118 5582 δὲ
3173 5528 3416 5606 πληγαῖς
3463 5528 3491 5581 ὁ
3551 5531 3794 5597 Μωῦσῆς

2145 5615 2242 5683 τήν
2295 5611 2568 5686 Αἴγυπτον
2621 5611 2916 5674 ἐϐασάνισε.
2963 5623 3261 5694 Τοιγαροῦν
3315 5619 3341 5673 ὁ
3381 5617 3574 5691 Κύριος
3631 5619 3790 5691 ἡμῶν

2145 5703 2236 5759 καὶ
2268 5704 2438 5775 ἡμᾶς,
2481 5707 2570 5759 καὶ
2608 5707 2708 5775 τήν
2753 5705 3155 5764 παλαιωθεῖσαν
3181 5711 3250 5784 τῇ
3281 5711 3455 5785 φθορᾷ
3491 5711 3600 5764 τῶν
3641 5729 3802 5764 στοι-
