4080 6224
287 344 371 404 161
1268 337 1696 400 SYNTAGMA
1737 336 2378 400 ALPHABETICUM.
2426 369 2495 378 —
2543 335 2615 394 T.

3521 339 3635 396 162

283 473 415 544 χείων
468 470 741 542 σύμπασαν
802 467 983 543 φύσιν,
1035 465 1110 528 εἷς
1158 467 1220 520 τὸ
1271 468 1504 545 ἀρχαῖον
1579 469 1865 545 βουληθεῖς

1985 469 2206 524 stinum
2238 472 2454 522 statum
2510 467 2811 522 restituere
2860 467 3056 524 voiens
3113 472 3169 522 et
3225 468 3637 524 immortalita-

280 559 558 626 ἀναπλάσαι,
608 559 695 611 καί
764 558 860 624 τήν
908 556 1203 632 ἀφθαρσίαν
1259 556 1411 617 αὖθις
1473 556 1874 632 φιλανθρώπως

278 651 578 726 χαρίσασθαι,
636 647 724 725 ἀφ’
774 648 958 720 ἡμῶν,
1010 644 1080 701 δι’
1129 647 1203 701 ὧν
1261 648 1294 713 ἡ
1341 648 1515 723 φθορᾶ
1562 647 1732 703 πάλαι
1794 649 1872 720 τῷ

277 739 403 792 παντὶ
440 737 800 809 ἐπεκώμασεν,
834 736 990 809 ᾠήθη
1044 733 1154 791 δεῖν
1211 743 1310 805 τῆς
1371 737 1605 811 ἰατρείας
1647 737 1876 811 ἀπάρξα.

274 831 387 897 σθαι,
433 827 730 901 ἶσαρίθμοις
782 827 1030 902 ὀργάνοις
1090 827 1225 900 πρὸς
1283 830 1445 881 τοῦτο
1506 827 1871 901 χρησάμενος.

274 920 350 977 Τὰς
379 918 468 992 γὰρ
513 916 565 971 έν
623 919 758 989 ἡμῖν
819 914 1126 992 ἐπιρρώσας
1182 920 1400 989 πρῶτον
1457 917 1693 994 φυσικὰφ
1750 917 1870 972 τέσ-

272 1027 402 1075 σαρας
438 1005 648 1073 ἀρετὰς,
688 1004 742 1059 ἐν
791 1003 950 1075 καλῷ
993 1005 1202 1058 κεῖσθαι
1253 1003 1486 1076 νομίσας
1533 1005 1599 1060 τὰ
1659 1006 1873 1082 μεγάλα

270 1100 477 1168 στοιχεῖα
522 1102 622 1163 τῆς
676 1095 728 1150 ἐν
780 1095 929 1165 αὐτῷ
959 1100 1144 1161 καινῆς
1193 1093 1440 1161 κτίσεως,
1498 1093 1565 1148 τὰ
1619 1094 1872 1167 τέσσαρα,

271 1184 405 1260 arpi,
460 1182 791 1258 Εὐαγγέλια,
846 1184 896 1253 ἐξ
963 1181 1293 1256 ἀντιρῥόπου
1349 1188 1466 1243 τοῖς
1522 1184 1758 1256 ἀψύχοις
1817 1182 1872 1238 ἐν

270 1275 374 1342 ἡμῖν
408 1277 516 1332 τοῖς
578 1272 835 1346 λογικοῖς
895 1273 1250 1340 ὑπιστήσατο,
1306 1276 1536 1346 τέσσαρα
1589 1271 1741 1339 ἄττα,
1782 1272 1872 1326 καὶ

270 1363 389 1416 ταυτί
447 1365 796 1436 περιέχοντα,
861 1360 1131 1436 δόγματα,
1200 1360 1452 1431 ἐντολὰς,
1525 1361 1872 1437 ἐπαγγελίας,

266 1452 334 1502 καί
368 1449 574 1511 ἀπειλάς
606 1469 618 1481 ·
661 1451 734 1510 ὡς
766 1449 824 1502 ἆν
861 1455 977 1511 τοῖς
1016 1449 1327 1505 πιστεύουσι
1371 1450 1465 1522 μὲν
1493 1454 1609 1510 τοῖς
1659 1446 1874 1524 δόγμα-

266 1539 425 1609 σι,καί
479 1540 600 1612 περὶ
653 1539 914 1594 πλείστου
962 1541 1056 1601 τὰς
1097 1538 1320 1602 ἐντολὰς
1365 1538 1741 1613 ποιουμένοις,
1772 1541 1871 1610 τήν

1663 1629 1871 1703 υπάρξῃ

263 1719 620 1790 μακαριότητα,
670 1723 739 1792 τῇ
796 1718 968 1773 κτίσει
1015 1715 1072 1772 δὲ
1121 1717 1212 1772 σὺν
1264 1718 1474 1788 αὐτοῖς,
1514 1719 1587 1773 εἰς
1631 1720 1729 1786 τὴν
1772 1722 1872 1782 τῇς

259 1806 516 1882 ἀφθαρσίας
559 1809 1128 1882 μεταστοιχειωθῇναι
1179 1807 1546 1880 λαμπρότητα
1580 1829 1590 1838 ·
1641 1811 1757 1867 τοῖς
1816 1805 1872 1860 δὲ

259 1897 319 1966 μή
347 1897 474 1950 οὕτω
501 1899 764 1965 ποιητέον
808 1897 943 1950 εἶναι
993 1895 1372 1972 πεφροντικόσι
1410 1895 1544 1969 μετᾶ
1591 1897 1690 1964 τήν
1740 1916 1869 1974 (ξρι-

254 1991 362 2053 κτὴν
389 1985 584 2056 ἐκείνην
616 1986 963 2059 οἳκονομίαν,
995 1985 1141 2041 ἀλλὰ
1176 1987 1344 2061 μέχρι
1393 1986 1593 2048 παντὸς
1645 1985 1731 2042 ἐπὶ
1767 1989 1868 2055 τῆς

254 2075 411 2134 κακίας
475 2075 836 2147 μεμενηκόσι,
910 2081 1081 2130 πᾶσαν
1157 2073 1353 2131 ἐλπίδα
1417 2073 1666 2148 δευτέρας
1734 2077 1872 2130 ἀνα-

252 2161 466 2226 πλάσεως
516 2167 950 2239 περιαιρεθῆναι,
998 2171 1105 2220 τῶν
1158 2163 1213 2219 δὲ
1262 2163 1650 2236 ἧπειλημένων
1699 2165 1869 2219 κολά-

262 1627 302 1680 ἐν
340 1626 676 1703 ἐπαγγελίαις
734 1629 1058 1702 κομίσασθαι
1129 1636 1230 1699 τῆς
1307 1628 1574 1691 υἱοθεσίας

254 2272 364 2306 σεων
389 2254 567 2308 αὐτίκα
592 2255 749 2328 μάλα
781 2253 1176 2330 κληρονομεῖν.

308 2345 444 2402 Ἀλλ’
472 2343 664 2415 ἐπειδή
698 2367 797 2420 περ
831 2349 865 2415 ἡ
897 2346 1138 2416 νηστεία.
1172 2346 1308 2402 κατᾶ
1347 2349 1436 2401 τὸν
1488 2347 1640 2421 ἅγιον
1699 2346 1865 2400 εἰπεῖν

253 2433 512 2506 Κάριλλω,
564 2436 828 2509 κάθαρσις
888 2437 1089 2510 πέφυκε
1163 2441 1270 2491 τῶν
1334 2435 1488 2491 πέντε
1543 2437 1866 2506 αἰσθήσεων,

250 2522 307 2576 δι’
331 2525 398 2577 ὧν
439 2524 787 2597 ἀστράπτειν,
906 2523 1233 2598 μολύνεσθαι
1278 2529 1346 2598 τῇ
1397 2529 1552 2600 ψυχῇ
1609 2524 1871 2600 περιγίνε-

246 2634 334 2680 ται,
365 2615 394 2679 ἡ
425 2612 479 2668 δὲ
506 2615 770 2690 κάθαρσις
809 2613 942 2685 αὕτη
968 2617 1067 2684 τήν
1097 2615 1148 2669 ἐν
1175 2620 1244 2688 τῇ
1278 2612 1449 2688 ὀγδόῃ
1499 2614 1869 2686 ἐλπιζομένην

247 2698 467 2773 ἐγγυᾶται
565 2700 970 2775 μακαριότητα,
1071 2699 1660 2756 πολυπλασιασθέντων
1757 2705 1866 2754 τῶν

245 2790 374 2844 πέντε
434 2790 569 2861 πρὸς
628 2790 699 2844 τὰ
773 2790 938 2861 ὀκτὼ,
1017 2791 1046 2844 ὁ
1120 2791 1544 2864 τεσσαρακοστὸς
1615 2796 1867 2863 γεννᾶται

244 2879 440 2953 ἀριθμός
474 2900 483 2910 ·
529 2877 620 2933 διὰ
662 2876 730 2948 δή
770 2883 938 2933 ταῦτα
969 2879 1161 2947 πάντα,
1205 2879 1278 2940 ὡς
1321 2876 1609 2947 δέδεικται,
1642 2882 1711 2951 τῇ
1742 2899 1866 2933 τεσ-

245 2969 684 3041 σαρακονθημέρῳ
741 2967 961 3038 νηστείᾳ
1017 2969 1112 3030 τας
1161 2969 1343 3042 ψυχὰς
1391 2969 1551 3040 ἡμῶν
1601 2967 1864 3042 ἀχρειου-

243 3057 380 3127 μένας
416 3061 483 3131 τῇ
533 3052 698 3130 λώϐῃ
751 3064 850 3126 τῆς
899 3058 1166 3131 ἁμαρτίας
1216 3056 1540 3132 ἐγκαινίζειν
1589 3055 1642 3110 ἐν
1689 3056 1866 3128 τούτῳ

238 3151 317 3200 τοῦ
367 3153 553 3221 καιροῦ
611 3149 1088 3223 προπετάγμεθα,
1119 3150 1236 3203 καθ’
1295 3150 1352 3202 ὃν
1404 3149 1493 3202 καὶ
1565 3147 1774 3220 ξύμπας
1835 3148 1864 3199 ὁ

1985 564 2096 612 tem
2120 574 2323 611 rursus
2384 556 2632 626 benigne
2692 555 2915 627 largiri,
2975 573 3200 626 aequum
3263 557 3637 614 existimabat

1984 648 2346 703 curationem
2391 646 2661 702 inchoare
2711 665 2738 700 θ
2802 646 2985 708 nobis,
3025 663 3122 718 per
3170 663 3317 717 quos
3374 646 3512 701 olim
3572 647 3632 700 in

1985 740 2319 791 universum
2353 734 2644 806 corruptio
2682 739 2949 805 grassata
2980 740 3067 789 est
3096 750 3368 790 numeros
3408 739 3632 806 peritus

1986 824 2275 880 mediisin
2336 823 2485 878 hanc
2549 839 2666 878 rem
2728 821 2958 876 utendo.
3012 825 3423 893 Opportunum
3474 825 3630 878 enim

1983 913 2320 969 existimans
2372 913 2558 984 primo
2617 915 2862 982 quatuor
2926 915 3169 982 virtutes
3217 912 3513 967 naturales
3572 912 3630 967 in

1985 1003 2152 1058 nobis
2183 1003 2576 1067 corroborare,
2614 1017 2827 1071 magna
2874 999 3110 1070 puidem
3170 999 3442 1056 elimenta
3472 1017 3630 1056 novaa

1985 1098 2194 1147 nostra
2244 1091 2560 1146 creationis
2654 1098 2920 1161 quatuor,
2997 1089 3260 1160 inquam,
3319 1090 3631 1162 Evangelia

1981 1181 2306 1243 substituit,
2367 1197 2492 1252 quae
2552 1179 2802 1250 stupidis
2879 1179 3093 1234 nostris
3180 1178 3629 1248 cogitationibus

1983 1271 2543 1342 aaquiponderarent.
2580 1268 2783 1322 lsthaec
2817 1267 2990 1337 igitur
3023 1272 3270 1336 quatuor
3301 1285 3432 1322 cum
3490 1269 3628 1336 sint,

1981 1360 2182 1414 eadem
2217 1362 2409 1412 tamen
2444 1357 2929 1426 complectuntur,
2979 1356 3288 1420 doctrinas,
3323 1361 3629 1426 praecepta,

1983 1449 2490 1518 promissiones,et
2522 1444 3025 1511 comminationes,
3053 1445 3133 1499 ita
3149 1444 3340 1500 utillis
3364 1445 3460 1516 qui
3483 1445 3623 1499 doc-

1983 1538 2146 1592 trinis
2177 1538 2346 1590 tidem
2362 1535 2670 1603 habent,et
2694 1535 2962 1589 mandata
2979 1533 3218 1589 maximi
3249 1533 3626 1601 t'aciunt,l'eli-

1984 1625 2217 1680 citatem
2252 1623 2602 1695 adoptionis,
2636 1640 2812 1693 quam
2849 1623 3161 1694 praeferunt
3186 1623 3624 1694 promissiones,

1985 1714 2257 1784 indipisci
2291 1716 2483 1778 detur,
2543 1718 2718 1782 atque
2775 1713 2948 1767 etiam
2995 1719 3274 1767 creatum
3325 1729 3442 1768 una
3489 1729 3624 1767 cum

1982 1803 2126 1874 ipsis
2152 1805 2208 1858 in
2241 1803 2609 1872 splendorem
2643 1800 3100 1855 immortalitatis
3120 1802 3512 1856 transmutari.
3551 1801 3625 1856 [is

1979 1909 2114 1948 vero
2167 1893 2266 1964 qui
2323 1893 2538 1946 horum
2611 1891 2754 1944 nihil
2818 1897 3084 1960 praestare
3146 1895 3399 1956 student,
3459 1908 3624 1962 spem

1976 1997 2207 2036 omnem
2266 1981 2537 2035 secundae
2622 1979 3051 2034 reformationis
3144 1981 3395 2051 pracidi,
3454 1989 3626 2050 atque

1977 2071 2362 2125 comminatus
2440 2085 2637 2139 poenas
2741 2068 3008 2138 protinus
3091 2071 3386 2124 subituros
3469 2086 3622 2124 com-

1978 2167 2193 2214 monet.

2049 2337 2330 2402 Quoniam
2364 2351 2494 2390 vero
2525 2335 2837 2404 jejunium,
2885 2341 2949 2390 ut
2997 2353 3126 2391 cum
3164 2342 3361 2392 sancto
3411 2337 3623 2408 Cyr-illo

1981 2425 2207 2496 loquar,
2268 2424 2533 2495 purgatio
2590 2430 2680 2478 cst
2764 2425 3023 2494 quinque
3088 2442 3350 2493 sensum,
3406 2428 3622 2497 quibus

1977 2514 2228 2567 animam
2263 2515 2348 2566 vel
2383 2513 2626 2568 nitidam
2659 2513 2782 2567 dari
2817 2514 2900 2567 vel
2951 2514 3234 2585 pollutam
3289 2515 3573 2585 contingit
3604 2532 3617 2570 ε

1979 2602 2100 2656 haec
2131 2607 2323 2656 autem
2360 2603 2620 2673 purgatio
2661 2602 2832 2656 istam
2895 2619 3063 2672 quam
3116 2605 3171 2657 in
3227 2613 3424 2659 octava
3455 2610 3622 2659 aetate

1977 2697 2375 2760 exspectamus
2400 2692 2820 2746 beatitudinem
2849 2693 3121 2763 spondet,
3139 2698 3468 2764 certamque
3486 2695 3621 2749 facit

1977 2796 2044 2834 ex
2075 2781 2338 2851 quinque
2367 2782 2553 2835 ductis
2594 2782 2650 2836 in
2695 2786 2849 2848 octo,
2880 2784 3122 2853 emergit
3165 2800 3439 2838 numerus
3472 2802 3617 2856 qua-

1976 2870 2356 2940 dragenarius
2389 2887 2402 2923 :
2437 2877 2666 2942 pr0pter
2696 2871 2809 2925 ista
2837 2872 3056 2941 omnia,
3091 2877 3154 2927 ut
3183 2878 3484 2928 ostensum
3508 2885 3612 2942 est,

1975 2959 2360 3030 quadraginta
2389 2960 2615 3014 dierum
2656 2959 2882 3029 jejunio
2931 2961 3158 3017 animas
3214 2967 3440 3018 nostras
3490 2963 3616 3019 labe

1978 3051 2192 3116 peccati
2244 3048 2597 3115 debilitates,
2652 3064 2921 3104 renovare
2982 3068 3290 3106 monemur
3342 3053 3443 3107 hoc
3488 3055 3615 3124 ipso

1974 3142 2253 3208 tempore,
2310 3139 2542 3206 quando
2617 3138 2790 3193 etiam
2864 3141 3121 3195 mundus
3197 3141 3500 3197 universus
3559 3145 3616 3199 in

239 3235 423 3308 κόσμος
449 3243 518 3310 τῇ
551 3239 694 3312 πρὸς
731 3237 799 3290 τὰ
844 3238 1074 3311 κρείττω
1126 3232 1408 3311 μεταϐολῇ
1457 3238 1574 3291 κατ’
1623 3235 1860 3290 ἐνιαυτὸν

1985 3225 2178 3280 nelius
2208 3226 2520 3296 quotannis
2556 3233 2929 3283 restauralur.

239 3325 591 3397 έγκαινίζεται.

925 3414 1160 3488 Νόμομ

296 3504 485 3557 Ὅτιαὶ
517 3504 628 3576 πρὸ
677 3506 775 3557 τοῦ
823 3502 1046 3578 Πάσχας
1097 3505 1136 3572 ζ’
1183 3505 1386 3577 ἡμέραι
1420 3504 1505 3558 καὶ
1540 3503 1594 3556 αἱ
1645 3501 1777 3576 μετᾶ
1804 3503 1866 3556 τὸ

241 3592 406 3665 Πάσχα
466 3596 756 3660 τοσαῦται,
813 3591 902 3646 καὶ
980 3594 1014 3660 ἡ
1085 3595 1184 3660 τῆς
1260 3594 1493 3667 Χριστοῦ
1567 3592 1867 3668 γεννήσεως

238 3681 414 3752 ἡμέρα.
446 3683 533 3736 καί
568 3685 603 3752 ἡ
655 3686 765 3736 τῶν
811 3681 982 3755 ἁγίων
1030 3682 1360 3758 Θεοφανίων,
1403 3680 1492 3735 καί
1539 3683 1573 3750 ἡ
1620 3684 1716 3734 τοῦ
1762 3680 1863 3734 πά-

238 3770 347 3830 Θους
376 3775 480 3824 τῶν
523 3769 874 3839 ἀποστόλων,
915 3773 1001 3823 καί
1037 3772 1072 3837 ἡ
1121 3771 1382 3840 Κυριακή,
1414 3768 1682 3844 ἄπρακτοί
1740 3767 1864 3838 εἶσι,

237 3861 309 3913 καὶ
339 3858 456 3916 οὔτε
482 3863 682 3936 θέατρα
712 3859 764 3914 ἐν
815 3857 1002 3920 αὒταῖς
1050 3860 1310 3931 τελεῖται,
1363 3858 1485 3914 οὔτε
1537 3857 1658 3930 δίκη
1710 3858 1863 3933 λέγε-

236 3970 326 4004 ται.

296 4039 373 4092 Ἐν
415 4045 534 4101 ταῖς
587 4033 1004 4112 προλαϐούσαις
1058 4043 1156 4092 τοῦ
1218 4040 1406 4112 Πάσχα
1472 4038 1866 4109 τεσσαράκοντα

235 4127 463 4200 ἡμέραις,
507 4132 658 4182 πᾶσα
708 4129 934 4197 ζήτησις
989 4131 1097 4180 τῶν
1149 4126 1572 4200 ἐγκληματικῶν
1619 4128 1864 4200 βασάνων

236 4214 500 4288 σχολάζει.

238 4307 472 4362 ΚΕΦΑΛ.
661 4305 815 4377 Περί
855 4311 972 4374 τῆς
1005 4301 1065 4358 έν
1103 4306 1182 4376 τῇ
1217 4301 1482 4379 τετράδι
1524 4306 1860 4376 νηστείας.

291 4396 412 4462 Ζήτε
469 4395 524 4449 έν
556 4395 640 4466 τῷ
673 4396 747 4468 ιβ’
797 4414 916 4470 κεφ.
967 4398 1065 4448 τοῦ
1113 4401 1150 4448 Κ
1199 4393 1398 4448 κανόνα
1450 4395 1507 4449 ιε’
1550 4399 1646 4450 τοῦ
1703 4395 1862 4470 ἁγίου

236 4484 416 4556 Πέτρου
462 4479 897 4557 ’Δλεξανδρείας,
947 4483 1035 4536 καὶ
1085 4483 1137 4537 ὲν
1184 4487 1264 4553 τῷ
1307 4480 1348 4536 δ’
1377 4482 1660 4561 κεφαλαίῳ
1694 4488 1788 4538 τοῦ
1819 4491 1862 4538 Ν

234 4573 485 4648 στοιχείου
515 4574 720 4628 κανόνα
751 4574 824 4641 ζθ⁹
853 4576 960 4627 τῶν
994 4573 1167 4648 ἁγίων
1209 4572 1554 4630 ἀποστόλων.

233 4681 464 4736 ΚΕΦΑΛ.
500 4685 576 4737 Z'.
617 4681 768 4753 ’ξΟτῌι
807 4679 1046 4742 τόκους
1088 4677 1461 4753 λαμϐάνειν
1509 4681 1868 4753 ἀπείρηται

446 4752 649 4806 παντὶ
693 4750 1033 4825 κληρικῷ,
1076 4750 1370 4825 καὶπερὶ
1399 4753 1634 4809 τόκων.

290 4841 343 4898 Ὀ
375 4839 460 4913 μδ’
508 4847 623 4896 τῶν
681 4839 851 4915 ἁγίων
910 4839 1235 4895 ἀποστόλων
1283 4841 1480 4911 κανὼν,
1542 4839 1854 4903 ἐπίσκοπον,

233 4930 260 4996 ἦ
317 4927 706 5006 πρεσϐύτερον,
758 4931 792 4998 ἢ
862 4927 1132 4999 διάκονον,
1203 4931 1403 4992 τόκους
1473 4931 1858 5006 εἰσπράττοντα

234 5018 341 5083 τοὺς
384 5017 822 5091 δανειζομένους,
867 5018 902 5088 ἢ
962 5021 1290 5088 παύσασθαι,
1368 5019 1403 5087 ἢ
1486 5021 1852 5094 καθαιρεῖσθαι

234 5106 417 5162 κελεῦει
451 5129 463 5140 ο
510 5110 588 5169 ὡς
633 5104 706 5162 ἔνι
760 5107 996 5180 μάλιστα
1033 5113 1196 5164 τοῦτο
1247 5106 1387 5176 δέος,
1423 5111 1497 5182 μή
1549 5131 1680 5165 ποτε
1722 5110 1856 5165 κατᾶ

232 5197 282 5248 τὸ
307 5196 641 5273 Εὗαγγέλιον
674 5194 1134 5274 ἐπαγγειλαμενοι
1179 5201 1294 5271 ζῇν,
1346 5195 1548 5267 διπλῆν
1596 5197 1854 5273 ὑπόσχω-

237 5305 317 5353 μεν
347 5283 524 5356 δίκην,
575 5290 883 5361 περιπετεῖς
933 5289 1218 5361 γενόμενοι
1271 5286 1359 5340 καὶ
1410 5289 1491 5348 οἷς
1538 5289 1565 5341 ὁ
1618 5288 1853 5348 παλαιὸς

233 5372 471 5447 ἀπείρηκε
529 5374 722 5448 νόμος.
757 5379 814 5428 Ὁ
865 5375 958 5448 μὲν
1007 5377 1130 5451 γάρ,
1172 5375 1281 5431 Οὐκ
1344 5374 1631 5445 ἐκτοκιεῖς,
1698 5378 1853 5456 φησί,

232 5465 286 5516 τὸ
310 5464 565 5541 ἀργυριόν
599 5485 698 5517 σου
744 5469 826 5536 τῷ
883 5463 1103 5543 ἀδελφῷ
1133 5486 1230 5520 σου
1261 5484 1274 5498 ⁸
1310 5466 1337 5518 ὁ
1389 5463 1446 5519 δὲ
1505 5466 1769 5536 ἰεζεκιήλ
1801 5465 1854 5520 ἐν

233 5557 332 5615 τοῖς
378 5553 653 5630 μεγίστοις
683 5557 791 5607 τῶν
841 5558 1022 5608 κακῶν
1065 5553 1294 5622 τίθεται,
1324 5555 1482 5609 τόκον
1542 5550 1726 5610 λαϐεῖν
1768 5556 1856 5609 καὶ

234 5641 582 5720 πλεονασμόν.
615 5639 891 5716 Ὃδύρεται
921 5639 978 5698 δὲ
1009 5643 1096 5700 καὶ
1128 5644 1156 5697 ὁ
1202 5641 1442 5715 Ἡσαΐας,
1475 5668 1505 5724 ιι
1555 5641 1717 5700 δόλον
1770 5643 1857 5700 ἐπὶ

2705 3407 2879 3476 Leges.

2050 3499 2281 3565 Septem
2314 3495 2436 3550 dies
2465 3501 2597 3550 ante
2630 3495 2867 3552 Pascha.
2904 3505 2954 3552 et
3005 3499 3241 3555 totidem
3295 3505 3422 3570 post
3452 3500 3616 3566 illud,

1976 3591 2148 3655 atque
2179 3585 2298 3638 dies
2331 3585 2646 3639 nativitatis
2676 3585 2913 3650 Christi,
2965 3592 3018 3640 et
3060 3588 3156 3642 SS.
3209 3588 3615 3660 Theophanio-

1977 3690 2131 3740 rum,
2165 3679 2220 3728 et
2251 3674 2402 3730 245
2456 3675 2760 3744 passionis,
2812 3681 2870 3728 et
2925 3677 3346 3746 apostolorum,
3378 3686 3434 3732 et
3503 3681 3616 3734 Do-

1979 3761 2198 3827 minici,
2231 3765 2370 3815 sunt
2401 3777 2571 3832 opere
2614 3761 2802 3831 vacui,
2864 3779 3046 3833 neque
3104 3765 3431 3834 spectacula
3491 3773 3616 3822 tum

1976 3852 2285 3918 habentur,
2317 3867 2507 3922 neque
2531 3854 2631 3924 jus
2662 3852 2889 3907 dicitur.

2045 4035 2151 4088 Per
2181 4032 2559 4103 quadraginta
2599 4032 2723 4086 dies
2770 4031 2990 4086 Pascha
3034 4032 3371 4090 immediate
3404 4053 3617 4107 praece—

1977 4123 2178 4176 dentes
2223 4123 2604 4192 qumsticnum
2657 4122 3054 4175 criminatium
3132 4125 3368 4192 agitatio
3425 4128 3617 4183 omnis

1976 4217 2182 4267 cessat.

2255 4299 2404 4356 CAP.
2437 4299 2526 4356 Vl.
2559 4302 2634 4354 De
2653 4300 2872 4370 jejunio
2902 4302 3063 4367 feria:
3092 4305 3320 4372 Quarta.

2044 4392 2243 4456 Quaere
2276 4391 2331 4444 in
2382 4405 2508 4460 cap.
2559 4389 2626 4442 37
2689 4390 2796 4443 litt.
2859 4390 2895 4443 Ι(
2942 4405 3222 4446 canonem
3273 4393 3338 4445 15
3372 4397 3430 4449 S.
3467 4395 3615 4450 Petri

1971 4479 2364 4544 Alexandrini,
2416 4483 2472 4531 et
2539 4478 2597 4532 in
2664 4479 2694 4531 4
2754 4495 2879 4549 cap.
2943 4479 3050 4535 liti.
3107 4480 3152 4534 N
3211 4498 3490 4538 canonem
3549 4484 3620 4536 69

1896 4577 1944 4643 Β
1973 4578 2309 4627 sanctorum
2343 4567 2750 4640 apostolorum.

1979 4680 2135 4734 CAP.
2173 4679 2284 4734 Vll.
2318 4680 2475 4747 Quod
2505 4677 2853 4733 interdictum
2884 4679 2954 4731 sit
2983 4677 3198 4733 clericis
3224 4695 3421 4735 usuras
3469 4682 3615 4736 acci-

2519 4765 2670 4820 pere,
2700 4753 2748 4803 et
2773 4749 2839 4803 de
2867 4751 3068 4804 usuris.

2047 4842 2242 4896 Canon
2301 4841 2368 4894 44
2426 4846 2756 4895 sanctorum
2821 4839 3215 4910 apostolorum
3276 4843 3614 4915 episcopum

1975 4942 2075 4988 aut
2107 4932 2509 5002 presbyterum
2539 4935 2639 4986 aut
2661 4931 2984 4997 diacorum,
3018 4932 3117 5002 qui
3149 4932 3460 4988 adebitore
3484 4951 3619 4989 usu-

1971 5039 2063 5077 ras
2096 5020 2290 5091 exigit,
2315 5024 2416 5075 aut
2454 5036 2682 5076 cessare
2714 5020 2999 5091 praecipit,
3032 5026 3130 5076 aut
3189 5023 3398 5094 deponi
3437 5041 3448 5078 :
3484 5029 3621 5078 tan-

1971 5127 2146 5183 quam
2181 5111 2349 5181 plane
2381 5117 2570 5165 metus
2601 5118 2768 5176 esset,
2795 5127 2864 5165 ne
2894 5112 3201 5179 cumjuxta
3232 5112 3545 5183 Evangeliu
3566 5130 3619 5168 m

1971 5202 2154 5256 vivere
2188 5200 2552 5270 proﬁtemur,
2585 5199 2794 5270 duplas
2825 5216 3024 5271 pcenas
3055 5201 3286 5268 demus,
3311 5201 3614 5258 incurren-

1970 5294 2060 5344 tes
2096 5290 2152 5343 in
2186 5304 2252 5344 ea
2282 5305 2406 5360 quas
2433 5287 2555 5359 lege
2586 5289 2758 5343 veteri
2783 5288 3074 5358 prohibita
3105 5294 3262 5343 sunt.
3293 5289 3438 5344 Dicit
3459 5290 3613 5345 enim

1971 5379 2108 5446 illa;
2144 5401 2172 5428 ‹‹
2195 5383 2318 5433 Non
2352 5383 2558 5434 mutuo
2589 5377 2751 5432 dabis
2783 5378 2839 5432 in
2865 5395 3098 5434 usuram
3125 5384 3426 5448 argentum
3449 5387 3613 5436 tuum

1973 5471 2133 5526 fratri
2172 5475 2289 5526 tuo.
2328 5492 2354 5518 ››
2406 5470 2662 5524 Ezechiel
2723 5469 2894 5525 etiam
2941 5469 3092 5523 inter
3152 5469 3401 5524 maxima
3459 5473 3614 5526 mala

1969 5565 2189 5625 censet,
2224 5575 2454 5615 usuram
2505 5563 2562 5612 et
2619 5563 2995 5628 augmentum
3056 5559 3337 5630 accipere.
3397 5559 3614 5615 Deinde

1966 5649 2158 5720 plorat
2189 5647 2369 5706 Isaias
2399 5668 2428 5700 ιι
2462 5647 2660 5704 dolum
2695 5663 2868 5718 super
2909 5645 3040 5704 dolo
3072 5664 3138 5704 ac
3170 5663 3408 5705 usuram
3437 5665 3616 5720 super
