4080 6224
389 383 504 445 163

1656 385 2032 447 MATTHJEI
2075 385 2514 448 BLASTARIS

3673 393 3790 453 164

391 537 566 575 usura
623 518 846 575 videns.
907 541 932 568 »
987 519 1048 574 Et
1093 519 1400 575 Psalmista
1457 521 1528 578 de
1583 521 1811 578 civitate
1894 538 2006 594 qua

2143 519 2314 592 δόλῳ,
2347 519 2434 576 καὶ
2463 520 2622 576 τόκον
2656 521 2796 596 ὁρῶν
2830 521 2917 576 ἐπὶ
2944 521 3090 596 τόκῳ
3124 541 3138 554 ·
3183 547 3212 575 ››
3261 525 3350 578 καὶ
3401 526 3429 579 ὁ
3479 523 3786 597 Ψαλυῳδὸς

387 610 762 666 multitudine
811 608 1153 664 delictorum
1212 615 1438 666 tenetur
1505 629 1575 665 τα
1638 613 1838 684 Neque
1893 629 2028 668 usu-

390 717 472 768 ra,
509 699 697 770 inquit
755 715 862 754 nec
909 697 1076 754 dolus
1133 699 1358 770 plateas
1412 702 1540 771 ejus
1601 701 1932 774 dereliquit.
1995 723 2024 752 ››

386 787 670 844 Dominus
696 791 891 842 autem
913 787 1034 858 ipse
1061 805 1074 841 :
1099 811 1126 838 α
1152 790 1255 854 Qui
1281 795 1479 846 mutuo
1503 797 1601 847 ate
1622 791 1880 861 accipere
1904 791 2028 846 vult

388 893 459 932 ne
489 877 753 932 dimittas
787 894 800 932 :
836 880 1037 932 mutuo
1071 877 1198 933 date
1235 879 1320 934 eis
1351 896 1385 934 a
1423 879 1636 949 quibus
1685 879 2024 951 neutiquam

385 966 642 1035 accipere
662 966 926 1036 speratis.
959 988 986 1015 ››
1019 967 1162 1022 Nam
1196 989 1224 1018 «
1257 967 1358 1031 Qui
1395 968 1700 1024 miseretur
1722 969 2022 1040 pauperis,

383 1059 582 1110 mutuo
615 1055 714 1110 dat
744 1055 878 1110 Deo.
915 1078 943 1104 »
968 1055 1128 1110 Idem
1170 1057 1324 1111 enim
1353 1055 1505 1112 illud
1557 1063 1615 1112 et
1667 1059 1884 1112 donum
1913 1061 2022 1125 est,

381 1142 524 1212 quia
549 1142 696 1199 citra
725 1160 881 1214 spem
905 1142 1084 1199 ullam
1116 1145 1571 1214 recuperationis
1606 1163 1618 1200 :
1651 1153 1703 1201 et
1734 1145 2022 1202 creditum

379 1237 614 1303 propter
642 1233 874 1290 Domini
903 1233 1383 1300 muniﬁcentiam,
1420 1236 1520 1306 qui
1555 1253 1656 1306 pro
1703 1251 1768 1291 eo
1831 1235 2022 1306 cOpio-

378 1339 473 1376 sas
505 1339 571 1378 ac
603 1322 958 1394 multiplices
987 1323 1397 1380 retributiones
1428 1325 1596 1380 facit.‘

451 1411 646 1467 Canon
679 1419 871 1468 autem
905 1413 970 1468 17
1009 1414 1214 1482 synodi
1247 1413 1465 1486 primae,
1499 1415 1810 1484 quemlibet
1857 1413 2022 1470 cleri-

380 1517 637 1569 coorum,
670 1506 844 1574 atque
873 1518 1074 1558 eorum
1108 1504 1204 1572 qui
1235 1503 1293 1556 in
1343 1519 1564 1562 canone
1622 1513 2022 1575 recensentur,

382 1589 590 1660 deponi
619 1589 806 1660 jubet,
843 1591 892 1644 si
933 1590 1171 1662 insuper
1217 1591 1471 1648 habeant
1517 1592 1817 1650 oraculum
1879 1593 2019 1648 illud

377 1693 634 1744 sacrum,
669 1678 823 1749 quod
871 1679 1043 1733 dicit:
1080 1700 1109 1728 «
1139 1680 1450 1736 Pecuniam
1502 1697 1667 1736 suam
1701 1698 1818 1738 non
1861 1681 2024 1737 dedit

374 1766 436 1822 in
477 1782 736 1833 usuram,
769 1788 798 1817 »
829 1771 884 1821 et
910 1768 1209 1824 avaritiam
1241 1785 1305 1824 ac
1334 1773 1503 1840 turpe
1532 1770 1756 1825 lucrum
1789 1774 2024 1826 secten-

373 1859 471 1909 tur
518 1858 688 1925 atque
747 1872 778 1909 a
830 1855 1188 1911 debitoribus
1236 1873 1442 1912 usuras
1491 1857 1843 1914 centesimas
1897 1858 2019 1913 exi-

372 1948 536 2012 gant,
569 1947 670 1997 aut
699 1941 1026 1999 bemiolias.
1057 1943 1202 2000 Nam
1234 1962 1302 2000 ex
1331 1946 1505 2002 variis
1537 1963 1852 2002 usurarum
1884 1963 2020 2019 spe-

370 2031 568 2086 ciebus
594 2033 948 2102 gravissimae
981 2039 1122 2088 sunt
1162 2035 1513 2102 centesimae,
1564 2037 1680 2090 sive
1711 2036 2020 2092 duodecim

373 2135 478 2190 pro
509 2125 742 2176 centum
775 2123 1054 2190 nummis,
1084 2139 1208 2190 quae
1238 2123 1470 2192 quidem
1488 2125 1621 2193 jure
1659 2123 1812 2180 civili
1843 2141 2022 2180 num-

375 2209 644 2265 mulariis
701 2211 1042 2266 concedunt.
1103 2211 1304 2268 Vetere
1350 2219 1504 2268 enim
1564 2213 1716 2270 libra
1782 2221 2018 2270 centum

373 2301 626 2368 partium
659 2300 992 2368 utebantur,
1026 2301 1196 2356 sicuti
1227 2317 1332 2356 nos
1365 2301 1464 2358 illa
1513 2303 1892 2374 hexagiorum
1925 2306 2016 2358 72.

373 2383 634 2458 Ἡμιόλια
664 2395 858 2443 autem
891 2390 1024 2444 suni
1057 2391 1329 2446 semisses
1359 2391 1534 2446 totius
1570 2409 1759 2447 usurae
1803 2393 2019 2448 duode-

374 2477 486 2532 cim
518 2493 846 2544 nummum,
879 2477 998 2532 sive
1029 2495 1146 2534 sex.
1183 2477 1531 2547 Neutiquam
1585 2496 1730 2546 vero,
1767 2489 1827 2535 ut
1889 2497 2017 2537 mos

381 2573 492 2632 est,
524 2567 1022 2623 aritbmeticorum
1055 2569 1408 2638 quantitates
1440 2586 1820 2626 numerorum
1865 2573 2020 2627 inter

379 2675 440 2712 se
471 2661 930 2726 comparatorum
985 2659 1438 2727 indigitantium,
1481 2661 1696 2730 quibus
1729 2677 2015 2715 numerus

370 2752 508 2815 puta
559 2751 826 2800 senarius
883 2746 1229 2815 quaternatii
1295 2753 1400 2814 est,
1441 2749 1768 2818 hemiolius,
1816 2756 1872 2804 et
1921 2749 2015 2804 hic

369 2836 539 2890 istius
567 2835 1016 2904 bypbemiolius.
1046 2839 1224 2892 Hoscc
1262 2843 1453 2892 tamen
1497 2840 1596 2908 qui
1651 2856 1765 2894 non
1816 2845 2016 2909 aperte

371 2924 604 2993 quidem
638 2941 706 2980 ea
732 2926 968 2990 faciunt,
1001 2924 1105 2980 sed
1137 2925 1266 2980 dolo
1300 2926 1451 2981 malo
1509 2935 1712 2983 cavent
1765 2945 1837 2982 ne
1867 2927 2012 2998 legis

369 3013 592 3068 violatas
641 3018 970 3078 teneantur,
1019 3013 1240 3070 scilicet
1286 3015 1588 3086 pecuniam
1640 3017 1768 3072 aliis
1811 3027 2013 3073 mutuo

370 3105 529 3172 dant,
588 3110 646 3160 et
703 3105 1073 3176 paciscuntur
1128 3105 1354 3160 lucrum
1429 3106 1731 3176 aequaliter
1783 3107 2010 3178 partiri,

369 3194 568 3248 damni
599 3210 730 3248 vero
766 3210 1002 3265 prorsus
1041 3194 1337 3249 immunes
1375 3210 1499 3250 esse
1523 3213 1537 3263 ;
1563 3196 1691 3261 bos,
1742 3197 2008 3267 inquam,

369 3283 468 3355 qui
502 3283 636 3338 talia
668 3282 1210 3349 comminiscuntur,
1262 3289 1361 3338 aut
1416 3285 1662 3355 quodvis
1716 3294 1879 3354 turpe
1927 3285 2013 3342 lu-

367 3389 534 3428 crum
593 3380 880 3443 quaerunt,
937 3371 1316 3443 depositionis
1402 3389 1631 3442 pmnam
1714 3373 2010 3431 incurrere

375 3477 608 3532 aequum
631 3462 878 3532 judicat,
903 3467 1074 3531 atque
1104 3477 1136 3516 a
1157 3461 1308 3516 clero
1335 3462 1670 3516 abalienari.
1696 3463 2009 3534 Benignius

370 3552 545 3606 fuerit
567 3555 698 3622 post
722 3551 1176 3606 admonitionem
1203 3552 1370 3621 juxta
1399 3568 1678 3607 canonem
1726 3554 2008 3623 apostoli-

368 3657 498 3695 cum
529 3656 708 3711 supra
739 3639 1038 3694 laudatum
1073 3639 1210 3694 illud
1245 3639 1386 3694 fieri.

437 3730 592 3784 246
613 3729 826 3784 Eadem
851 3728 1065 3798 rupetit
1083 3727 1346 3782 decimus
1377 3745 1560 3782 canon
1585 3729 1790 3798 synodi
1807 3735 2002 3798 sextis,

369 3825 540 3889 atque
571 3817 809 3874 clericos
843 3819 1214 3872 frenet-stores
1243 3823 1346 3872 aut
1375 3833 1598 3874 cessare
1629 3817 1884 3889 praecipit
1906 3825 2004 3874 aut

364 3912 619 3982 deponit.

433 4001 708 4056 Convenit
731 4017 862 4056 cum
897 4000 988 4055 isti
1021 4003 1076 4054 et
1108 4015 1291 4054 canon
1323 4001 1354 4052 4
1403 3997 1632 4054 concilii
1673 3999 1996 4054 Laodiceni.

431 4093 680 4156 Quintus
710 4095 898 4147 autem
922 4088 1148 4144 cancilii
1171 4087 1661 4158 Carthaginensis,
1687 4088 2000 4143 Avaritiam

361 4181 644 4236 malorum
677 4180 941 4235 omnium
973 4195 1100 4234 esse
1130 4186 1370 4232 matrem
1428 4193 1619 4242 nemo,
1665 4177 1876 4248 inquit,
1911 4181 2000 4232 est

356 4271 448 4340 qui
511 4271 744 4326 nesciat.
792 4271 949 4324 Hanc
1006 4267 1180 4336 igitur
1223 4265 1415 4321 modis
1479 4264 1750 4322 omnibus
1795 4265 1998 4323 tollere

353 4361 709 4416 studendum
749 4363 857 4426 est,
892 4363 1062 4428 atque
1111 4357 1296 4426 turpis
1351 4355 1496 4410 lucri
1548 4371 1726 4411 causa
1757 4356 1996 4412 Patrum

351 4450 718 4506 deﬁnitiones
749 4451 1086 4519 neutiquam
1113 4447 1478 4518 transgredi;
1513 4450 1665 4502 vetat
1711 4447 1852 4502 adeo
1884 4445 1997 4502 ele-

351 4543 470 4596 rico
504 4542 709 4612 quavis
739 4541 810 4596 de
841 4557 901 4594 re
943 4554 1178 4595 usuram
1231 4553 1477 4592 sumere.
1519 4539 1700 4593 Datur
1742 4538 1898 4592 enim
1931 4537 1990 4592 in

2135 611 2254 683 περὶ
2307 609 2524 672 πόλεως
2565 610 2616 665 ἐν
2667 611 2868 681 πλήθει
2915 615 3096 666 κακῶν
3143 612 3508 687 εὖθυνομένης
3559 613 3718 685 φησίν
3773 631 3786 646 ·

2138 722 2165 750 ‹‹
2195 698 2304 754 Ούκ
2333 699 2571 768 ἐξέλιπεν
2603 699 2663 754 ἐκ
2693 703 2801 754 τῶν
2839 699 3111 755 πλατειῶν
3145 701 3314 770 αὐτῆς
3343 704 3506 765 τόκος
3551 703 3643 758 καὶ
3693 700 3786 758 δό-

2134 786 2252 850 λος.
2287 811 2316 840 ››
2347 789 2404 841 '0
2436 785 2492 842 δὲ
2513 789 2732 863 Κύριος.
2766 813 2794 841 ιι
2827 789 2927 844 Τὸν
2949 788 3176 845 θέλοντα
3208 791 3311 847 ἀπὸ
3331 797 3426 846 σοῦ
3451 789 3789 847 δανείσασθαι

2138 878 2212 948 μὴ
2247 875 2600 954 ἀποστραφῆς
2635 896 2647 908 ·
2683 874 2948 948 δανείζετε
2995 877 3052 932 δὲ
3097 884 3226 951 παρ’
3272 881 3345 934 ὧν
3393 880 3493 936 οὐκ
3539 880 3789 951 ἐλπίζετε

2133 963 2434 1020 ἀπολαϐεῖν
2467 984 2480 997 ·
2516 990 2546 1019 ››
2577 991 2603 1018 ι(
2637 968 2681 1024 Ο
2711 968 2811 1041 γὰρ
2830 967 2994 1022 ἐλεῶν
3026 969 3273 1044 πτωχὸν,
3307 966 3531 1040 δανείζει
3569 975 3687 1043 Θεῷ
3717 993 3746 1022 ιι
3772 985 3786 1000 ⁸

2131 1055 2192 1108 τὸ
2223 1054 2323 1129 γὰρ
2355 1054 2484 1109 αὐτὸ
2514 1056 2607 1110 καὶ
2647 1053 2824 1129 δῶρον
2863 1057 2956 1130 μὶν
2999 1055 3109 1112 ἐστι
3156 1055 3245 1112 διά
3291 1061 3390 1129 τὴν
3442 1059 3790 1115 ἀνελπίστίαν

2130 1149 2232 1212 τῆς
2289 1141 2647 1216 ἂπολήψεως,
2693 1142 2955 1218 δάνεισμα
3014 1143 3071 1200 δὶ
3120 1145 3208 1201 διὰ
3255 1149 3317 1202 τὸ
3371 1152 3468 1203 τοῦ
3514 1150 3786 1205 Δισπότου

2133 1231 2450 1306 φιλότιμον,
2503 1228 2752 1305 δαψιλεῖς
2799 1232 3184 1295 ἀποτιννύντος
3255 1235 3390 1308 ὑπὲρ
3455 1237 3622 1291 αὐτοῦ
3691 1235 3781 1290 καὶ

2131 1319 2584 1382 πολλαπλασίους
2612 1321 2708 1384 τὰς
2739 1318 2996 1394 ἀμοιϐάς.

2201 1411 2262 1466 Ὁ
2317 1413 2380 1479 ιζ’
2428 1415 2531 1479 τῆς
2580 1413 2627 1463 α’
2670 1408 2896 1466 συνόδου
2961 1413 3130 1467 πάντα
3194 1412 3486 1488 κληρικὸν,
3543 1415 3634 1468 καὶ
3701 1418 3785 1486 τῷ

2129 1499 2310 1554 κανόνι
2401 1499 2800 1574 ἐξεταζόμενον,
2866 1503 3237 1577 καθαιρεῖσθαι
3337 1503 3568 1572 κελεύει,
3655 1504 3780 1579 περὶ

2130 1587 2423 1664 ἐλαχίστου
2479 1591 2784 1662 τιθέμενου,
2829 1591 2891 1646 τὸ
2949 1592 3150 1669 φάσκον
3215 1593 3361 1666 ἱερὸν
3439 1592 3647 1668 λόγιον,
3709 1594 3782 1648 Τὸ

2128 1677 2386 1752 ἀργύριον
2421 1677 2584 1732 αὐτοῦ
2614 1678 2712 1732 οὐκ
2742 1677 2941 1734 ἔδωκεν
2973 1679 3059 1735 ἐπὶ
3091 1681 3256 1753 τόκῳ,
3289 1682 3377 1736 καὶ
3433 1682 3534 1749 τήν
3580 1679 3784 1736 πλεον-

2129 1767 2289 1838 εξίαν,
2337 1768 2426 1824 καὶ
2473 1768 2535 1821 τὸ
2579 1767 2806 1844 αἰσχρὸν
2847 1765 3123 1823 διώκοντα
3169 1767 3382 1843 κέρδος,
3442 1769 3533 1824 καὶ
3581 1770 3782 1832 τόκους

2129 1855 2458 1910 ἀπαιτοῦντα
2522 1855 2648 1916 τοὺς
2714 1853 3146 1928 δανειζομένους,
3193 1858 3230 1925 ἢ
3281 1857 3709 1921 έκατοστιαίους,
3743 1857 3780 1927 ἣ

2129 1943 2448 2018 ἡμιολίους.
2483 1942 2798 2008 Πολυειδεῖς
2841 1945 2946 2020 γὰρ
2978 1945 3126 2007 ὄντες
3164 1947 3216 2000 οἱ
3259 1947 3437 2018 τόκοι,
3491 1947 3784 2021 βαρύτεροι

2127 2037 2234 2088 τῶν
2297 2032 2510 2090 λοιπῶν
2553 2035 2606 2088 οἱ
2655 2035 3043 2102 ἒκατοστιαῖοι,
3095 2034 3220 2104 ἤτοι
3281 2036 3350 2091 τὰ
3410 2037 3476 2110 ιβ’
3527 2037 3612 2091 ἐπὶ
3659 2042 3784 2100 τοῖς

2129 2121 2318 2177 ἑκατὸν
2364 2122 2700 2197 νομίσματα,
2753 2125 2908 2178 ἅτινα
2953 2129 3068 2180 τοῖς
3115 2123 3482 2199 τοκογλύφοις
3525 2125 3779 2200 εἷσηρᾶτο

2127 2231 2205 2266 τει
2239 2211 2409 2284 νόμος
2444 2229 2458 2244 ο
2493 2212 2546 2265 οἱ
2576 2213 2680 2286 γὰρ
2721 2211 2954 2268 παλαιοί
3000 2218 3122 2275 ταῖς
3171 2215 3514 2268 έκατοντάσιν
3553 2214 3778 2288 ἐχρῶν-

2125 2299 2215 2363 τὸ,
2271 2299 2453 2372 ὥσπερ
2513 2305 2628 2362 ταῖς
2679 2299 2893 2370 λίτραις
2946 2303 3111 2372 ἡμεῖς
3187 2305 3294 2356 τῶν
3365 2302 3448 2376 οβ’
3519 2301 3776 2377 ἐξαγίων.

2129 2388 2416 2462 Ἦμιόλιοι
2447 2386 2504 2442 δέ
2541 2389 2674 2443 εἰσιν
2715 2391 2767 2444 οἱ
2799 2389 3020 2462 ἡμίσεις
3047 2395 3144 2444 τοῦ
3175 2391 3310 2446 ὅλου
3341 2393 3503 2446 τόκου
3531 2396 3638 2447 τῶν
3669 2390 3778 2446 δώ-

2129 2477 2263 2552 δρκα
2309 2479 2680 2551 νομισμάτων,
2713 2479 2838 2547 ἤτοι
2887 2482 2952 2533 τὰ
3086 2498 3100 2510 ’
3152 2481 3214 2534 οὐ
3251 2481 3358 2554 μὴν
3401 2482 3475 2542 ὡς
3507 2477 3625 2542 ἔθος
3653 2488 3778 2542 τοῖς

2125 2569 2510 2640 ἀριθμητικοῖς
2561 2567 2748 2622 καλεῖν
2787 2570 2883 2629 τὰς
2927 2575 3034 2623 τῶν
3076 2569 3326 2642 ἀριθμῶν
3375 2571 3478 2625 ὑπὸ
3525 2572 3587 2625 τὸ
3637 2571 3776 2644 πρός

2125 2679 2178 2711 τι
2205 2658 2511 2728 ποσότητας
2545 2659 2685 2711 ὅτιὸ
2721 2659 2814 2730 μὶν
2865 2653 2914 2730 ἔξ
2966 2661 3156 2733 τυχὸν,
3205 2658 3472 2730 ἡμιόλιός
3517 2659 3626 2714 ἐστι
3677 2665 3778 2714 τοῦ

2124 2746 2401 2820 τετάρτου,
2454 2747 2610 2808 οὗτος
2661 2745 2714 2802 δὲ
2777 2747 2981 2802 ἐκείνου
3029 2748 3386 2825 ὑφημιόλιος.
3450 2749 3626 2806 Ἀλλά
3681 2751 3774 2804 καὶ

2123 2842 2238 2898 τοῖς
2293 2839 2370 2908 μή
2429 2835 2622 2906 ἀνέδην
2673 2842 2834 2892 τοῦτο
2872 2841 3138 2910 μετιοῦσι,
3188 2837 3570 2913 σοφιζομένοις
3602 2836 3659 2893 δὶ
3707 2841 3778 2892 τὰ

2123 2931 2219 2980 τοῦ
2269 2929 2605 3001 πράγματος,
2655 2931 2734 2997 τῷ
2788 2928 2862 2999 μή
2905 2925 3115 2980 ἁλῶναι
3165 2927 3530 3000 παρανομίας,
3569 2926 3780 2990 οἵτινες

2122 3015 2211 3068 καὶ
2256 3014 2459 3088 ἑτέροις
2510 3013 2910 3092 ἐγχειρίζοντες
2971 3016 3256 3089 χρήματα,
3307 3016 3370 3070 τὸ
3424 3017 3518 3088 μὲν
3578 3013 3776 3091 κέρδος

2122 3101 2300 3174 ἐξίσης
2329 3107 2678 3176 συμφωνοῦσι
2735 3103 2992 3176 μερίζειν,
3031 3111 3132 3173 τῆς
3181 3102 3237 3158 δε
3276 3107 3479 3178 ζημίας
3533 3107 3610 3177 μή
3661 3125 3776 3159 κοι·

2127 3195 2312 3244 νωνεῖν
2359 3209 2372 3223 ·
2423 3197 2540 3252 τοῖς
2591 3189 2657 3260 δὴ
2719 3196 2945 3246 τοιαῦτα
2991 3193 3368 3267 τεχνάζουσιν,
3399 3195 3436 3262 ἢ
3475 3191 3656 3269 ἕτερόν
3713 3214 3772 3247 τι

2122 3277 2312 3352 κέρδος
2359 3278 2664 3354 ἐρινοοῦσιν
2735 3279 2987 3357 αἰσχρὸν,
3037 3281 3400 3354 καθαιρέσεως
3433 3279 3542 3336 δεῖν
3593 3281 3770 3337 οἷέται

2121 3365 2276 3438 δίκην
2311 3368 2627 3443 λαγχάνειν,
2660 3369 2745 3422 καὶ
2779 3373 2875 3423 τοῦ
2905 3369 3118 3444 κλήρου
3157 3369 3486 3446 ἀλλοτριοῦν
3522 3390 3536 3404 ·
3563 3371 3774 3448 φιλαν-

2116 3457 2459 3532 θρωπότερον
2521 3455 2568 3510 δ’
2623 3457 2683 3510 ἃν
2741 3456 2826 3527 εἷή
2887 3459 2949 3512 τὸ
3011 3459 3144 3530 μετά
3189 3457 3577 3536 παραγγελίαν,
3625 3463 3768 3514 κατά

2111 3545 2202 3599 τὸν
2237 3545 2489 3622 ἀνωτέρω
2521 3545 2888 3602 ἀποστολικὸν
2919 3547 3134 3604 κανόνα.

2183 3726 2255 3778 Τὰ
2281 3723 2414 3779 αύτά
2461 3723 2676 3800 γὰρκαὶ
2728 3726 2756 3778 ὁ
2821 3728 2852 3779 ι’
2899 3731 3000 3794 τῆς
3051 3722 3210 3794 ἕκτης
3261 3724 3416 3796 λέξας
3449 3724 3690 3794 συνοδου,
3725 3728 3764 3796 ἢ

2111 3815 2438 3883 παύσασθαι,
2489 3815 2524 3883 ἢ
2579 3816 2946 3889 καθαιρεῖσθαι
3007 3821 3116 3869 τῶν
3167 3814 3447 3892 κληρικῶν
3489 3817 3620 3878 τοὺς
3671 3837 3768 3872 το-

2105 3904 2418 3978 κογλύφους
2449 3903 2678 3960 κελεύει.

2178 3995 2400 4054 Τούτοις
2426 3992 2615 4048 ἕπεται
2644 3993 2736 4048 καὶ
2769 3995 2796 4048 ὁ
2825 4001 2926 4064 τῆς
2953 3993 3006 4048 ἐν
3043 3993 3331 4064 Λαοδικείᾳ
3363 3991 3406 4049 δ’
3435 3996 3631 4052 κανών.

2179 4085 2239 4139 Ὀ
2271 4080 2328 4136 δὲ
2374 4089 2474 4152 τῆς
2521 4083 2573 4138 ἐν
2635 4085 2949 4159 Καρθαγένῃ
2997 4085 3056 4152 ε’,
3107 4087 3213 4153 Τὴν
3260 4083 3570 4152 ἀπληστίαν
3615 4085 3760 4140 πάν-

2103 4191 2210 4225 των
2239 4175 2344 4226 τῶν
2376 4176 2557 4226 κακῶν
2597 4172 2734 4228 εἶναι
2777 4172 3004 4247 μηνέρα,
3061 4170 3264 4243 οὐδεὶς,
3308 4175 3496 4251 φησὶν,
3541 4173 3760 4249 ἀγνοεῖ-

2103 4261 2306 4332 ταύτην
2337 4259 2426 4314 οῦν
2471 4261 2839 4337 περιαιρετέον
2885 4264 3217 4332 παντάπασι,
3249 4263 3340 4317 καὶ
3388 4264 3465 4336 μὴ
3523 4260 3754 4336 κέρδους

2102 4349 2334 4424 αἰσχροῦ
2399 4351 2558 4427 χάριν
2609 4351 2740 4413 τοὺς
2795 4356 2904 4407 τῶν
2968 4353 3220 4426 Πατέρων
3267 4353 3428 4426 ὅρους
3475 4347 3752 4427 παραϐαί-

2100 4459 2228 4509 νειν,
2273 4439 2360 4494 καὶ
2415 4442 2490 4512 μὴ
2537 4439 2728 4512 ἐξεῖναι
2776 4439 3032 4516 κληρικῷ
3075 4442 3165 4517 ἀφ’
3205 4438 3534 4510 οἱουδήποτε
3581 4443 3756 4512 πράγ-

2104 4547 2270 4600 ματος·
2323 4529 2482 4583 τόκον
2539 4524 2742 4584 λαϐεῖν.
2796 4528 3027 4600 Δανείξει
3084 4532 3187 4606 γάρ
3219 4549 3304 4590 τις
3351 4529 3452 4584 οὐκ
3481 4529 3751 4604 ἀργύριον

350 4647 591 4686 usuram
625 4648 738 4687 non
770 4631 957 4687 solum
991 4633 1313 4700 argentum,
1362 4629 1460 4683 sed
1517 4637 1571 4683 et
1627 4629 1986 4684 frumentum

2123 4615 2292 4685 ιόνον,
2323 4615 2466 4672 ἀλλᾶ
2496 4620 2584 4672 καὶ
2607 4624 2776 4686 σῖτον,
2809 4619 2897 4673 καὶ
2941 4619 3112 4688 οἶνον,
3144 4618 3234 4673 καὶ
3283 4613 3486 4689 ἔλαιον,
3521 4639 3750 4695 συμφω-

348 4727 406 4777 et
434 4721 632 4776 vinum
665 4727 721 4776 et
752 4721 968 4783 oleum,
997 4719 1325 4789 paciscente
1354 4717 1614 4773 debitore
1640 4733 1701 4772 se
1725 4723 1854 4788 post
1875 4725 1987 4774 sta-

347 4814 540 4865 tatum
575 4815 807 4882 tempus
861 4808 1081 4878 aliquid
1135 4808 1288 4861 ultra
1337 4807 1591 4862 reddere.
1641 4807 1786 4863 Nam
1835 4807 1988 4864 circa

343 4914 436 4962 ea,
471 4899 544 4952 de
575 4899 790 4968 quibus
822 4898 1008 4951 sancti
1049 4900 1249 4951 Patres
1283 4895 1677 4961 decreverunt,
1715 4897 1989 4967 suffragia

343 5003 553 5042 rursus
574 4987 734 5052 dare,
757 4991 814 5041 et
845 4985 1168 5040 deliberare
1207 4983 1449 5038 minime
1479 4985 1638 5038 decet
1670 5000 1683 5037 :
1711 4987 1768 5037 at
1795 4984 1986 5053 potius

341 5077 563 5146 absque
600 5076 1059 5131 contradictione
1091 5091 1154 5128 ac
1186 5073 1589 5144 disquisitione
1629 5072 1861 5126 curiosa
1890 5088 1985 5126 se—

344 5165 464 5236 qui.
499 5165 777 5231 Quocirca
808 5163 1036 5220 siistud
1095 5163 1261 5219 laieis
1313 5161 1552 5234 quidem
1609 5160 1983 5231 opprobrium

343 5259 516 5324 atque
545 5253 775 5326 culpam
809 5255 1047 5322 atffricet,
1081 5253 1265 5308 multo
1313 5267 1454 5307 sane
1507 5250 1690 5321 magis
1735 5247 1980 5304 clericis.

411 5344 657 5413 Magnus
691 5349 883 5400 autem
919 5343 1166 5398 Basilius
1195 5343 1256 5396 in
1305 5357 1524 5396 canone
1569 5341 1633 5394 14
1665 5355 1678 5393 :
1725 5338 1979 5394 Clericus

343 5431 442 5502 qui
475 5449 712 5488 usuram
746 5435 984 5504 accepit.
1038 5433 1088 5488 si
1151 5431 1360 5502 inquit.
1413 5430 1700 5492 iniustum
1754 5427 1978 5483 lucrum

339 5521 398 5574 in
450 5537 730 5592 pauperes
784 5523 1107 5594 expendere
1156 5519 1550 5586 destinaverit,
1601 5525 1654 5571 et
1705 5517 1978 5588 deinceps

344 5609 593 5664 avaritia
627 5613 894 5667 morbum
939 5613 1213 5676 devitarc,
1250 5611 1319 5664 ad
1351 5607 1739 5665 sacerdotium
1773 5605 1980 5662 admit-

338 5697 553 5754 tendus
579 5704 687 5757 est.
716 5699 1003 5764 Quoniam
1032 5705 1090 5758 et
1119 5699 1256 5758 alibi
1274 5699 1435 5757 dicit.
1459 5696 1719 5769 Agricola
1740 5695 1978 5755 aristam

2097 4711 2313 4770 νοῦντος
2368 4713 2464 4763 τοῦ
2525 4707 2805 4764 δανειστοῦ
2861 4709 2994 4782 μετά
3042 4710 3135 4764 τὸν
3203 4709 3508 4784 ὡρισμένον
3552 4711 3746 4784 καιρὸν

2094 4795 2218 4851 τόδε
2255 4819 2306 4852 τι
2355 4797 2599 4853 ἐπέκεινα
2644 4797 2848 4855 δοῦναι.
2905 4799 3032 4870 Περὶ
3079 4800 3184 4874 γὰρ
3230 4800 3303 4852 ὧν
3343 4800 3394 4854 οἱ
3441 4800 3575 4857 θεῖοι
3627 4805 3739 4854 Πα·

2097 4889 2246 4956 τέρες
2275 4886 2574 4956 έθέσπισαν,
2618 4887 2679 4942 ού
2721 4885 2803 4942 δεῖ
2851 4889 3172 4967 ψηφίζεσθαι
3219 4889 3306 4942 καὶ
3360 4887 3740 4964 βουλεύεσθαι⁹

2097 4975 2226 5031 ἀλλ’
2272 4971 2490 5031 ἕπεσθαι
2561 4975 2728 5049 μηδὲν
2786 4975 3161 5051 ἀντιλέγοντας
3225 4976 3261 5046 ἣ
3314 4976 3740 5052 περιεργαζομέη

2096 5085 2221 5126 νους
2257 5085 2268 5097 ·
2297 5067 2342 5120 εἰ
2391 5070 2522 5140 γοῦν
2557 5067 2619 5120 τὸ
2669 5069 2916 5121 τοιοῦτον
2965 5065 3181 5130 λαΐκοῖς
3229 5061 3438 5128 ὄνειδος
3467 5066 3614 5143 φέρει
3645 5066 3737 5120 καί

2099 5155 2326 5228 μέμψιν,
2359 5154 2562 5229 πολλῷ
2591 5153 2768 5226 δήπου
2797 5156 3107 5230 κληρικοῖς.

2165 5337 2226 5391 Ὁ
2285 5333 2341 5390 δὲ
2389 5337 2556 5412 μέγας
2601 5335 2905 5406 Βασίλειος,
2957 5337 3008 5391 έν
3061 5334 3122 5391 ιδ’
3177 5334 3382 5404 κανόνι,
3433 5339 3490 5391 Ὃ
3539 5335 3740 5399 τόκους

2093 5419 2388 5497 λαμϐάνων
2427 5424 2714 5501 κληρικὸς,
2757 5427 2912 5504 φησὶ,
2945 5427 3030 5481 έάν
3059 5423 3416 5496 καταδέζηται
3445 5427 3506 5480 τὸ
3549 5422 3739 5480 ἄδικον

2090 5511 2279 5588 κέρδος
2311 5521 2562 5588 πτωχοῖς
2612 5515 2906 5586 ἀναλῶσαι,
2957 5516 3048 5570 καὶ
3085 5515 3354 5570 εἷσέπειτα
3401 5516 3462 5568 τὸ
3491 5521 3592 5583 τῆς
3647 5536 3738 5592 ιρι-

2090 5602 2474 5675 λοχρηματίας
2529 5602 2862 5682 φυλάξασθαι
2918 5605 3158 5677 νόσημα,
3215 5601 3402 5666 δεκτός
3464 5603 3605 5657 ἐστιν
3655 5601 3740 5666 εἷς

2091 5691 2386 5769 ἱερωσύνην
2450 5714 2462 5726 ·
2523 5691 2711 5765 ἐπειδή
2769 5695 2857 5749 καὶ
2927 5693 3150 5772 ἑτέρωθί
3205 5713 3370 5776 φησιν
3431 5711 3444 5725 ’
3513 5696 3576 5749 Ὀ
3631 5693 3736 5770 μὲν
