4080 6224
268 371 357 433 165

1248 364 1663 429 SYNTAGMA
1705 365 2331 431 ALPHABETICUM.
2378 402 2456 416 —
2497 371 2567 432 T.

3494 374 3609 435 166

268 503 469 578 γεωργὸς
508 502 596 556 τὸν
653 502 857 574 στάχυν
908 496 1114 571 λαϐὼν,
1162 500 1225 555 τὸ
1271 500 1486 575 σπέρμα
1533 498 1698 556 πάλιν
1748 500 1851 555 ὑπὸ

1994 504 2200 575 ιοοίρὶι,
2232 520 2419 576 neque
2450 521 2686 561 rursum
2716 521 2912 562 semen
2972 509 3172 562 subter
3229 507 3483 563 radicem
3514 525 3619 563 ex-

268 595 345 660 τήν
393 591 528 664 ῥίζαν
586 589 684 645 οὐκ
730 588 917 663 ἐρευνᾷ
950 608 962 621 ·
1023 590 1052 643 ὁ
1111 586 1168 643 δὲ
1219 586 1496 659 δανειστὴς
1572 590 1660 643 καὶ
1731 591 1859 652 τοὺς

266 680 465 753 καρποὺς
518 675 655 755 ἔχει,
713 679 803 734 καὶ
873 678 973 735 οὐκ
1047 679 1332 758 ἀρίσταται
1388 683 1496 735 τῶν
1566 679 1808 754 ἀρχαίων
1841 696 1855 710 °

268 774 365 828 ἄνευ
411 777 508 846 γῆς
577 768 815 849 φυτεύει,
869 770 961 824 καὶ
1020 768 1215 844 θερίζει
1268 766 1392 826 ἄνευ
1457 773 1662 844 σπορᾶς
1697 787 1710 801 ⁸
1771 766 1861 824 διὰ

264 867 393 919 τοῦτο
420 860 627 939 χαλκοῦ
654 859 743 914 καὶ
776 862 1007 935 χρυσοῦ,
1031 858 1122 914 καὶ
1169 861 1277 914 τῶν
1315 859 1526 935 ἀγόνων
1568 858 1713 934 παρᾶ
1749 858 1858 934 φό-

265 974 329 1007 ειν
382 949 722 1026 γεννώντων,
787 952 825 1020 ἠ
891 948 1030 1005 κατὰ
1095 948 1250 1025 φύσιν
1329 947 1587 1006 τίκταυσα
1659 947 1861 1024 γίνεται

264 1046 432 1118 στεῖρα.

920 1126 1166 1200 Νόμου

320 1219 370 1275 Εἰ
393 1218 475 1274 καί
510 1215 749 1279 πολλοῖς
787 1220 896 1271 τῶν
935 1215 1042 1288 πρὸ
1085 1217 1249 1289 ἡμῶν
1286 1210 1435 1289 ἔδοξε
1474 1213 1688 1272 δεκτέαν
1727 1218 1863 1273 εἶναι

262 1309 341 1375 τήν
365 1312 462 1362 τῶν
498 1308 675 1361 τόκων
708 1303 928 1374 ἔκτισιν,
972 1303 1103 1367 ἴσως
1145 1301 1234 1358 διά
1282 1306 1381 1375 τὴν
1421 1307 1530 1359 τῶν
1581 1303 1866 1360 δανειστῶν

264 1394 556 1469 δυσκληρίαν
594 1415 658 1450 τε
702 1398 795 1449 καὶ
842 1393 1130 1467 ὡμότητα,
1178 1393 1303 1449 ἀλλ’
1357 1392 1450 1448 οὗν
1498 1394 1573 1456 ὡς
1648 1394 1863 1465 ἀναξίαν

261 1494 340 1555 τῆς
390 1489 540 1554 ἡμῶν
594 1488 707 1539 τῶν
762 1485 1102 1556 Χριστιανῶν
1155 1481 1463 1551 πολιτείας,
1537 1484 1867 1540 άπευκταίαν

262 1576 371 1631 εἶναι
414 1576 763 1649 κεκρίκαμεν,
814 1572 909 1628 ἅτε
962 1570 1113 1647 παρᾶ
1167 1578 1268 1641 τῆς
1337 1573 1485 1636 Θείας
1542 1572 1865 1645 νομοθεσίας

258 1664 634 1737 κεκωλυμένην.
692 1662 786 1717 Διὸ
852 1661 1063 1717 κελεύει
1117 1663 1154 1730 ἡ
1212 1662 1458 1737 ἡμετέρα
1525 1658 1868 1736 γαληνότης,

259 1753 422 1829 μηδενί
462 1751 735 1828 μηδαμῶς
774 1751 986 1823 ἐξεῖναι,
1027 1750 1082 1806 ἐν
1126 1749 1370 1825 μηδεμιᾷ
1420 1751 1668 1807 ὑποθέσει
1709 1752 1870 1808 τόκον

259 1842 545 1919 λαμϐάνειν,
589 1845 686 1899 *ίνα
728 1846 805 1917 μή
845 1843 1012 1915 νόμον
1061 1840 1353 1913 φυλάττειν
1391 1841 1659 1914 οἰόμενοι,
1697 1843 1868 1915 νόμον

1963 593 2175 663 quirit;
2227 593 2536 650 fenerator
2580 599 2775 651 autem
2826 596 3054 652 fructus
3105 596 3372 668 percipit,
3424 614 3614 669 neque

1962 684 2284 756 principale
2307 685 2590 752 remittit;
2640 687 2899 758 adeoque
2940 688 3066 744 sine
3104 689 3230 746 solo
3274 688 3502 761 plantat
3554 694 3614 744 et

1963 774 2091 830 sine
2119 779 2382 831 semento
2404 776 2584 831 metit.
2608 777 2932 849 Propterea,
2965 795 3100 834 cum
3143 796 3221 834 ωε
3275 784 3333 836 et
3371 797 3612 847 aurum,

1964 866 2021 918 et
2049 869 2257 920 cetera
2286 881 2415 935 qum
2446 863 2593 920 nihil
2624 866 2941 936 producere
2971 867 3176 936 solent,
3209 873 3412 925 contra
3446 875 3626 925 natu-

1966 967 2093 1007 ram
2151 952 2402 1023 pariunt,
2455 952 2557 1010 illa
2603 969 2729 1024 quas
2782 954 3123 1012 naturaliter
3185 957 3335 1028 parit
3390 959 3611 1017 sterilis

1965 1041 2172 1097 evadit.

2716 1133 2891 1203 Leges.

2040 1219 2162 1275 Etsi
2195 1221 2483 1290 majorum
2517 1228 2842 1276 nostrorum
2868 1222 3158 1293 plerisque
3183 1222 3375 1279 visum
3402 1230 3490 1280 est
3517 1227 3613 1281 ad-

1972 1309 2317 1365 mittendam
2350 1324 2479 1364 esse
2513 1326 2817 1365 usurarum
2862 1312 3226 1383 pensionem,
3260 1313 3407 1369 forte
3456 1330 3619 1385 prop-

1970 1400 2059 1453 ter
2117 1397 2523 1454 ftsneratorum
2579 1398 2854 1454 duritiem
2910 1404 2967 1455 et
3022 1400 3447 1466 crudelitatem,
3506 1419 3614 1457 nos

1971 1491 2168 1543 tamen
2218 1495 2274 1542 ut
2321 1487 2787 1543 Christianorum
2845 1488 3120 1545 sanctiori
3178 1492 3622 1547 conversatione

1974 1576 2142 1646 plane
2162 1576 2464 1647 indignam
2491 1577 2945 1634 abominandam
2969 1580 3312 1634 censuimus
3343 1584 3627 1651 tanquam

1966 1666 2099 1737 jure
2153 1666 2348 1722 divino
2413 1667 2777 1722 interdicam.
2838 1669 2968 1723 Ideo
3017 1676 3212 1724 nostra
3251 1675 3408 1725 vetat
3453 1675 3622 1726 tran-

1976 1755 2249 1826 quillitas,
2281 1772 2354 1812 ne
2380 1756 2650 1826 cuiquam
2683 1757 2911 1826 penitus
2944 1758 3062 1813 ulla
3103 1759 3163 1814 in
3220 1775 3394 1814 causa
3446 1759 3620 1816 liceat

1980 1861 2190 1900 usuras
2219 1845 2498 1915 accipere,
2533 1850 2598 1899 ut
2627 1861 2700 1900 ne
2722 1846 2856 1900 dum
2883 1848 2984 1916 jus
3014 1863 3243 1903 servare
3292 1849 3621 1917 studemus,

258 1905 370 1992 θεόῦ
420 1905 840 2011 παραϐαίνωμεν
875 1953 888 1966 ο
912 1905 1094 1989 ’ἄλλά
1146 1933 1244 1987 κᾶν
1294 1930 1340 1987 εἳ
1393 1905 1494 1987 τις.
1539 1905 1875 2003 ὁσονδήποτε

1994 1950 2160 2004 .egem
2185 1934 2284 1990 Dei
2304 1905 2610 1990 violemus.
2634 1933 2744 1990 Sed
2764 1935 2813 1990 si
2836 1905 2969 2007 quis
2989 1937 3283 1993 tantillum
3313 1905 3622 2009 acceperit,

259 2020 423 2094 λάϐοι,
452 2026 527 2086 εἰς
555 2026 626 2081 τὸ
655 2022 822 2099 χρέος
850 2022 1258 2098 λογισθήσεται.

313 2116 363 2169 ’0
391 2111 442 2169 Bt
470 2113 710 2175 παλαιὸς
747 2113 921 2184 νόμος
960 2110 1134 2185 ῥητὴν
1176 2107 1347 2184 ὁρίζει
1380 2115 1501 2174 τοῖς
1538 2112 1723 2172 τόκοις
1769 2131 1876 2166 πο-

254 2206 450 2274 σότητα,
477 2208 546 2277 τῇ
577 2202 842 2270 ποιότητι
888 2202 1072 2274 μέντοι
1109 2203 1216 2255 τῶν
1254 2198 1565 2269 προσώπων
1607 2197 1875 2255 διαλλάτ-

252 2314 441 2351 τουσαν.
470 2294 608 2347 Τοὺς
667 2292 763 2363 μὲν
807 2290 909 2364 γὰρ
962 2287 1301 2357 δανείζοντας
1350 2287 1458 2343 άπὸ
1509 2288 1874 2362 ἶλλουστρίων

250 2384 321 2437 καί
358 2380 629 2455 ἀνωτέρω,
678 2380 816 2454 ἄχρι
860 2378 1051 2451 τρίτης
1097 2378 1394 2447 ἑκατοστῆς
1440 2378 1530 2432 καὶ
1580 2378 1745 2449 μόνον
1791 2399 1876 2432 κε-

252 2473 374 2526 λεόει
428 2465 735 2543 λαμϐάνειν
777 2486 792 2499 ’
848 2468 1269 2543 άργυροπράτας
1330 2464 1388 2521 δὲ
1442 2466 1533 2522 καὶ
1599 2467 1873 2540 ἐμπόρους

249 2560 364 2638 ἄχρι
402 2558 659 2635 διμοίρου
709 2559 1005 2626 ἑκατοστῆς
1039 2578 1052 2591 ο
1105 2556 1234 2618 τοὺς
1285 2555 1341 2611 δὲ
1390 2554 1621 2619 λοιποὺς
1674 2557 1876 2617 πάντας

249 2649 364 2722 ἆγρι
400 2649 646 2720 ἡμίσεως
688 2650 1007 2711 ἑκατοστῆς.
1051 2645 1111 2701 Ei
1153 2643 1211 2700 δὲ
1247 2646 1387 2720 πρὸς
1425 2646 1574 2699 οἶκον
1608 2645 1772 2720 εὐαγῆ
1811 2647 1874 2700 τὸ

251 2737 431 2795 δάνειον
469 2738 582 2809 εἴη,
631 2735 769 2815 ἄχρι
821 2735 1080 2811 τετάρτου
1126 2736 1442 2804 ἒκατοσσῆς.
1496 2735 1616 2791 Ἐπὶ
1666 2732 1723 2789 δὲ
1763 2738 1873 2789 τῶν

247 2835 486 2884 ναυτικῶν
525 2827 784 2895 δανείων,
828 2825 950 2882 ἔνθα
989 2827 1018 2881 ὁ
1060 2823 1344 2895 δανειστὴς
1390 2826 1482 2879 τὸν
1532 2823 1586 2879 ἒν
1633 2831 1735 2894 τῆς
1780 2826 1876 2879 θα-

250 2917 432 2989 λάσσης
476 2916 804 2993 ἀναδέχεται
841 2914 1113 2985 κίνδυνον,
1154 2915 1216 2970 οὗ
1258 2909 1526 2988 λαμϐάνει
1557 2916 1586 2970 ὁ
1617 2912 1875 2984 δανείζων

245 3007 394 3063 πλέον
428 3012 527 3064 τοῦ
564 3007 819 3081 νομίμου
854 3006 1040 3078 τόκου,
1089 3005 1258 3079 ἢγουν
1307 3011 1409 3074 τῆς
1451 3005 1780 3074 ἑκατοστῆς·
1832 3005 1875 3058 εἰ

245 3098 332 3172 γὰρ
375 3094 703 3171 ἀναδέχεται
751 3097 781 3151 ὁ
828 3093 1084 3165 δανείζων
1129 3095 1221 3149 τὸν
1272 3094 1409 3149 κατὰ
1456 3093 1724 3149 θάλατταν
1771 3092 1881 3148 κίν·

246 3183 402 3256 δυνον,
452 3184 686 3242 δύναται
727 3182 915 3240 λαϐεῖν
961 3183 1053 3239 καὶ
1107 3184 1241 3257 ὑπὲρ
1283 3184 1378 3238 τὸν
1427 3181 1651 3256 ἔννομον
1698 3182 1878 3239 τόκον.

1981 2024 2123 2081 sorti
2153 2023 2563 2096 imputabitur.

2057 2114 2163 2169 Lex
2228 2118 2421 2168 autem
2488 2117 2654 2168 vetus
2728 2129 3000 2186 expresse
3048 2117 3248 2171 statuit
3306 2124 3663 2172 usurarum’

1982 2205 2392 2274 quantitatem,
2424 2201 2712 2268 videlicet,
2739 2204 2909 2273 juxta
2938 2204 3329 2261 conditionem
3363 2221 3628 2276 persona-

1981 2307 2109 2347 rum
2142 2290 2313 2345 aliam
2342 2296 2518 2362 atque
2567 2290 2763 2345 aliam.
2816 2292 3039 2362 Quippe
3087 2293 3249 2362 jubet
3301 2310 3397 2350 eos
3455 2294 3553 2364 qui
3593 2310 3628 2349 a

1982 2380 2121 2435 viris
2150 2379 2475 2434 illustribus
2495 2386 2595 2433 aut
2614 2380 3041 2450 superioribus,
3062 2383 3431 2438 solummodo
3451 2384 3627 2437 trien-

1983 2477 2100 2526 tem
2131 2486 2380 2530 sumere.
2415 2470 2775 2540 argentarios
2808 2476 2997 2525 autem
3023 2476 3080 2527 et
3111 2474 3499 2542 negotiatores
3532 2492 3627 2531 us-

1983 2575 2094 2628 que
2121 2559 2193 2613 ad
2225 2559 2453 2613 bessem
2486 2561 2816 2613 centesimae
2843 2575 2856 2624 ;
2888 2567 3125 2615 caeteros
3162 2566 3355 2616 autem
3399 2579 3621 2630 omnes,

1985 2648 2055 2702 ad
2087 2648 2379 2702 semissem
2410 2646 2757 2702 centesimis.
2790 2646 2891 2701 Sin
2941 2648 3222 2719 religiosae
3273 2650 3468 2707 domui
3497 2668 3626 2707 mu-

1983 2740 2149 2792 tuum
2180 2737 2368 2802 detur,
2403 2751 2585 2806 usque
2616 2738 2685 2791 ad
2737 2738 3120 2808 quadrantem
3172 2741 3521 2795 centesimis.
3552 2745 3626 2797 At

1983 2841 2118 2881 vero
2151 2825 2205 2879 in
2242 2825 2460 2880 {tenore
2498 2826 2754 2892 nautico,
2804 2842 2937 2881 cum
2995 2827 3252 2883 creditor
3299 2829 3623 2900 periculum

1986 2914 2166 2969 maris
2214 2914 2474 2984 suscipit,
2541 2920 2733 2984 potest
2780 2914 3038 2985 accipere
3087 2916 3241 2971 ultra
3296 2916 3625 2989 legitimam

1988 3018 2240 3058 usuram.
2265 3001 2507 3065 Quando
2529 3006 2723 3058 autem
2756 3003 2982 3059 fructus
3015 3014 3216 3060 mutuo
3266 3006 3501 3076 dantur,
3540 3008 3637 3078 pio

1987 3092 2203 3163 quibus
2231 3091 2369 3148 olim
2401 3091 2565 3147 licuit
2605 3093 2793 3162 majus
2840 3093 3032 3149 {mnus
3081 3093 3349 3164 stipulari
3402 3101 3634 3167 propter

1987 3187 2297 3254 proventus
2330 3188 2558 3253 tempus
2590 3182 2900 3251 incertum,
2934 3200 3047 3239 non
3085 3184 3372 3255 permittit
3422 3186 3633 3242 bodie-

246 3274 352 3330 Ἐπὶ
407 3273 466 3330 δὲ
520 3280 632 3330 τῶν
692 3272 1080 3347 δανειζομένων
1126 3277 1373 3346 καρπῶν,
1422 3272 1503 3341 ἐφ’
1557 3273 1630 3326 ὧν
1673 3273 1736 3327 τὸ
1779 3293 1876 3327 πα-

1994 3287 2098 3341 que
2128 3271 2467 3327 constitutio
2498 3273 2818 3343 graviorem
2853 3288 3091 3328 usuram
3133 3273 3423 3344 stipulari,
3457 3292 3627 3345 quam

244 3363 382 3419 λαιὸν
407 3363 533 3436 ἐξῆν
564 3364 804 3420 πλείονα
829 3363 989 3417 τόκον
1029 3361 1302 3435 ἐπερωτᾷν
1331 3358 1422 3415 διὰ
1446 3362 1512 3416 τὸ
1542 3358 1750 3431 ἄδηλον
1776 3366 1880 3429 τῆς

244 3448 518 3523 ἐκϐάσεως,
559 3454 669 3508 οὐκ
707 3451 982 3527 ἰπιτρέπει
1023 3452 1264 3524 σήμερον
1297 3451 1332 3518 ἡ
1375 3446 1610 3518 διάταξις
1649 3446 1881 3504 πλείονα

241 3540 384 3596 τόκον
422 3540 735 3618 ἐπερωτᾷν,
783 3538 831 3595 εἷ
890 3543 968 3613 μὴ
1025 3535 1132 3599 ἓως
1190 3538 1489 3606 ἑκατοστῆς
1549 3536 1737 3609 μόνον,
1800 3538 1876 3610 μή

247 3629 549 3703 βουλομένη
618 3630 764 3703 μήτε
819 3625 909 3684 διὰ
982 3627 1511 3702 παρακατασχὼεως
1581 3623 1879 3700 ἓνεχύρων,

250 3719 453 3792 μείζονα
519 3722 692 3776 τόκον
761 3712 1158 3791 λαμϐάνεσθαι,
1230 3718 1368 3788 μήτε
1430 3714 1560 3776 τοὺς
1626 3712 1883 3777 δικαστάς

245 3830 365 3865 ποτε
396 3808 786 3878 καταδικάζειν
825 3805 1053 3862 πλείονα
1099 3808 1268 3860 τόπον
1320 3806 1587 3882 προφάσει
1636 3810 1735 3871 τῆς
1774 3808 1882 3857 τῶν

246 3898 406 3954 τόκων
444 3897 736 3969 συνηθείας
765 3916 779 3931 ⁸
824 3897 870 3950 εἰ
903 3894 961 3951 δέ
997 3916 1083 3956 τις
1125 3895 1347 3968 μείζονα
1381 3893 1541 3949 τόκον
1585 3887 1770 3961 λάϐοι,
1806 3893 1882 3953 εἰς

248 3988 302 4042 τὸ
357 3986 664 4066 κεςάλαιον
727 3986 890 4040 αὐτὸν
946 3981 1418 4058 καταλογίζεσθαι.
1483 3982 1882 4042 Ἐκατοστιαῖος

248 4072 298 4131 δὲ
326 4077 539 4152 λέγεται
570 4077 763 4141 τόκος,
792 4076 859 4128 τὰ
900 4071 1159 4147 διδόμενα
1188 4069 1400 4126 δώδεκα
1443 4070 1757 4143 νομίσματα
1794 4068 1884 4125 ἐπὶ

1989 3361 2255 3432 adusque
2314 3360 2689 3416 centesimam
2754 3364 3008 3429 tantum,
3067 3378 3255 3433 neque
3291 3362 3466 3418 etiam
3510 3364 3636 3419 vult

1988 3456 2223 3523 propter
2254 3454 2472 3505 retenta
2496 3451 2736 3521 pignora
2758 3450 2949 3519 majus
2993 3452 3182 3507 {tenus
3212 3451 3416 3521 accipi,
3449 3468 3637 3523 neque

1984 3538 2218 3609 judices
2289 3552 2549 3609 unquam
2600 3539 2794 3608 majus
2837 3538 3147 3594 decernere
3197 3540 3305 3595 sub
3355 3544 3635 3611 praetextu

1989 3628 2426 3685 consuetudinis
2450 3629 2578 3685 loci.
2594 3628 2656 3684 Si
2676 3629 2810 3699 quis
2833 3634 3026 3686 autem
3044 3632 3368 3688 uberiorem
3391 3647 3631 3688 usuram

1988 3718 2163 3789 capit,
2195 3722 2425 3772 tantum
2458 3717 2765 3789 principali
2805 3718 3149 3775 detrahitur.
3203 3719 3390 3776 Usura
3436 3726 3631 3777 autem

1991 3804 2386 3860 centesimalis
2416 3812 2670 3874 vocatur,
2702 3821 2834 3860 cum
2885 3807 3188 3862 duodecim
3245 3808 3475 3863 nummi
3531 3824 3635 3879 pro

1992 3904 2225 3948 centum
2255 3893 2570 3963 quotannis
2614 3894 2958 3952 redduntur.
2992 3894 3070 3950 Ea
3117 3911 3249 3952 vero
3297 3913 3429 3967 qum
3486 3897 3634 3951 libra

1993 3983 2150 4054 apud
2176 3999 2283 4037 nos
2317 3982 2663 4049 aestimatur,
2687 3983 2853 4052 juxta
2902 3984 3342 4055 proportionem
3376 4001 3652 4041 nummos

1997 4072 2256 4126 continet
2287 4076 2414 4127 octo
2445 4088 2578 4127 cum
2613 4071 2803 4127 besse.

246 4174 348 4230 τοῖς
415 4167 612 4222 ἑκατὸν
676 4165 811 4238 ὑπὲρ
864 4164 1093 4219 ἑκάστου
1150 4160 1391 4237 χρόνου⁶
1432 4162 1468 4230 ἡ
1518 4157 1579 4214 δὲ
1632 4160 1759 4233 παρ’
1816 4159 1951 4232 ἡμῖν
2019 4158 2356 4233 νομιζομένη
2419 4158 2577 4235 λίτρα
2632 4161 2753 4215 κατ’
2804 4159 3099 4238 ἀναλογίαν
3163 4162 3478 4237 νομίσματα
3533 4158 3653 4243 ἔχει

251 4258 402 4325 ὀκτὼ,
430 4257 565 4326 ἢτοι
598 4254 881 4328 δίμοιρον

308 4349 374 4405 Οἱ
426 4348 591 4402 τόκοι
650 4343 782 4420 ἄχρι
810 4348 913 4412 τῆς
960 4339 1265 4411 ποσότητος
1319 4343 1416 4395 τοῦ
1462 4336 1890 4397 ἐκδανεισθέντος

245 4435 536 4513 κεφαλᾶίου
597 4432 1017 4489 ἑκτεινὲσθωσαν
1054 4447 1069 4461 ·
1132 4427 1182 4484 εἷ’
1238 4426 1295 4483 δὲ
1347 4422 1588 4513 συμϐαίη
1647 4423 1893 4480 ἐπέκεινα

2075 4339 2273 4396 Usuraa
2305 4355 2492 4411 usque
2529 4341 2602 4395 ad
2635 4338 2882 4397 valerem
2915 4342 3255 4414 principalis
3295 4351 3500 4401 mutuo
3531 4345 3665 4402 dati

2002 4429 2431 4485 extendantur:
2464 4428 2557 4485 sin
2586 4433 2782 4485 tamen
2828 4432 3125 4501 contingat
3174 4433 3324 4489 ultra
3358 4435 3647 4505 principa-

246 4511 332 4580 τοῧ
383 4526 596 4601 μέτρου
667 4525 774 4577 τῶν
832 4518 1143 4598 κεφαλαίων
1201 4511 1638 4587 καταϐληθῆναι,
1698 4514 1773 4575 εἷς
1828 4516 1876 4568 τὶ

2003 4517 2116 4573 lem
2150 4533 2445 4573 summam
2478 4519 2836 4587 expendi,ad
2871 4519 3256 4591 principalem
3308 4522 3649 4592 imputetur.

247 4613 533 4692 κεφάλαιον
571 4608 996 4686 λογιζέσθωσαν.

309 4689 364 4759 Ὅ
390 4704 561 4761 τόκον
616 4701 787 4757 τόκου
839 4694 1148 4773 μεθοδεύων
1190 4696 1484 4768 ἀτιμοῦται
1518 4713 1534 4727 ο
1576 4689 1755 4756 οὐδεὶς
1792 4693 1900 4766 γὰρ

248 4795 393 4849 τόκον
423 4794 602 4849 τόκου
634 4790 874 4857 ἀπαιτεῖ,
905 4786 1005 4842 κᾶν
1036 4785 1172 4842 κατὰ
1205 4785 1398 4858 μικρὸν
1430 4778 1782 4856 καταϐληθῇ.

369 4889 648 4940 ΚΕΦΑΛ.
691 4886 773 4937 Η’.
808 4878 967 4953 Περὶ
996 4878 1113 4933 τοῦ
1141 4874 1499 4951 τρισαγίου
1529 4872 1763 4947 ὕμνου.

311 4976 469 5045 Ζήτει
504 4971 564 5028 ἐν
596 4971 682 5043 τῷ
727 4969 806 5024 λε’
855 4965 1140 5045 κεφαλαίῳ
1185 4968 1284 5020 τοῦ
1314 4966 1356 5022 Ε
1385 4961 1661 5039 στοιχείου
1706 4960 1901 5019 κανόνα

250 5066 328 5119 ἰα’
352 5069 453 5134 τῆς
487 5064 540 5127 ς’
569 5056 824 5116 συνόδου.

258 5177 497 5226 ΚΕΦΔΛ,
537 5169 620 5225 ϐ’.
651 5168 791 5224 Ὀτι
819 5161 1203 5238 τὰςλτρίχας
1230 5166 1348 5230 τῆς
1376 5159 1677 5238 κεφάλῆς
1705 5156 1777 5212 οὗ
1810 5154 1901 5212 δεῖ

836 5235 1328 5305 καλλωπίζειν.

316 5336 372 5388 .0
417 5332 505 5410 ιβ’
558 5334 670 5399 τῆς
724 5327 771 5392 ς’
824 5322 1047 5381 συνόδου
1104 5324 1301 5410 κανὼν,
1355 5325 1423 5380 Οἳ
1488 5320 1579 5376 τὸν
1637 5318 1900 5410 ξριστὸν,

254 5421 399 5498 φησί,
431 5404 526 5475 διὰ
557 5422 660 5475 τοῦ
703 5414 1079 5493 βαπτίσματος
1117 5409 1485 5484 ἐνδυσάμενοι,
1516 5410 1617 5478 τὴν
1650 5404 1706 5463 ἒν
1745 5404 1902 5481 σαρκὶ

252 5495 408 5565 αὖτοῦ
463 5506 758 5565 πολιτείαν
822 5505 1104 5579 μιμεῖσθαι
1174 5498 1677 5573 καθωμολόγησαν,
1733 5495 1906 5551 πᾶσάν

254 5617 307 5653 τε
360 5598 592 5674 ἁγνείαν
653 5595 891 5670 μετιέναι
948 5592 1042 5647 καὶ
1116 5588 1489 5667 σωφροσύνην,
1544 5586 1636 5641 καὶ
1697 5586 1774 5658 μὴ
1833 5587 1903 5656 τῇ

254 5692 346 5761 τῆς
388 5688 538 5760 ὕλης
590 5682 1028 5763 προστετηκότας
1088 5678 1435 5755 ματαιότητι,
1486 5675 1549 5731 τὸ
1605 5677 1768 5751 σῶμα
1808 5691 1906 5726 κο-

1918 4584 1972 4647 D
2077 4607 2225 4662 247
2288 4605 2394 4671 Qui
2462 4584 2946 4663 usuramvusurm
2990 4584 3215 4679 quaerit,
3269 4584 3505 4667 infamis
3561 4611 3647 4668 fit.

2012 4695 2192 4752 Nemo
2223 4696 2379 4750 enim
2412 4711 2600 4751 usuras
2627 4711 2866 4753 usuram
2900 4698 3108 4769 poscit,
3152 4697 3353 4754 saltem
3411 4698 3459 4757 si
3506 4716 3652 4772 pau-

2012 4783 2177 4839 latim
2211 4783 2596 4854 persolvatur.

2354 4873 2504 4930 CAP.
2537 4873 2684 4930 VIII.
2720 4874 2792 4931 De
2820 4875 3026 4947 hymno
3056 4876 3303 4948 trisagio.

2082 4966 2285 5032 Quaere
2314 4965 2374 5020 in
2415 4965 2485 5020 35
2527 4980 2656 5036 cap.
2714 4965 2829 5021 litt.
2892 4966 2933 5021 E
2988 4982 3271 5023 canonem
3329 4966 3393 5021 8t
3449 4968 3653 5040 synodi

2013 5059 2211 5109 sexta.

2012 5160 2171 5216 CAP.
2221 5159 2313 5215 IX.
2365 5160 2514 5229 Quod
2572 5160 2801 5230 capillo:
2856 5162 3052 5231 capitis
3099 5161 3391 5219 delicatius
3452 5178 3657 5218 ornare

2652 5233 2798 5288 haud
2833 5232 3015 5289 liceat.

2085 5319 2278 5376 Canon
2329 5330 2519 5377 autem
2580 5321 2651 5377 96
2707 5336 2835 5393 syn.
2910 5327 3106 5389 sextae,
3164 5322 3268 5387 Qui
3335 5320 3665 5383 Christum,

2014 5409 2224 5481 inquit,
2260 5427 2359 5483 per
2404 5410 2771 5483 baptismum
2812 5412 3150 5477 induerunt,
3199 5411 3325 5480 ejus
3374 5413 3431 5466 in
3481 5427 3655 5467 carne

2012 5500 2142 5556 vita:
2197 5502 2431 5571 agendas
2506 5500 2789 5556 rationem
2853 5500 3062 5555 imitari
3112 5500 3356 5571 professi
3405 5506 3569 5567 sunt,
3598 5506 3655 5555 et

2014 5605 2248 5645 omnem
2277 5588 2514 5645 omnino
2542 5592 2871 5645 castitatem
2905 5605 2971 5644 ac
3001 5590 3442 5659 temperantiam
3490 5604 3654 5646 exer-

2015 5690 2163 5745 cere,
2196 5689 2380 5747 neque
2417 5677 2775 5730 terrenarum
2826 5688 3017 5730 rerum
3065 5673 3309 5730 vanitati
3359 5673 3655 5730 adhaeren-
