4060 6228
405 359 515 420 167

1677 355 2055 419 ΜΑΤΤΗᾸΕΙ
2097 359 2534 424 BLASTARIS

3683 374 3796 436 168

398 506 486 558 tes
516 515 724 572 corpus
755 497 1047 566 superﬂuo
1078 513 1144 552 ac
1167 495 1344 550 nimis
1373 496 1602 552 curioso
1619 495 1776 551 cultu
1807 511 1997 552 ornare

2115 499 2306 567 _cp.si'v
2355 499 2625 570 περιττῶς
2675 518 2732 551 τε
2781 499 2868 552 καὶ
2909 499 3208 575 περιέργως
3237 523 3247 538 ·
3282 507 3333 560 τί
3385 503 3432 560 δ’
3477 507 3538 560 ἄν
3585 507 3794 582 γένοιτο

401 593 546 656 Quid
579 607 710 646 vero
743 589 943 642 vanius
975 603 1150 656 quam
1201 586 1520 657 plurimam
1577 603 1776 642 curam
1818 585 2043 656 capillis

399 681 606 751 capitis
636 695 702 735 ac
733 677 925 733 barbas
968 675 1304 746 impendere
1353 675 1732 740 adornandis,
1775 680 1833 730 et
1871 675 2042 746 juxta

397 775 580 826 artem
612 766 1014 838 disponendis,
1051 767 1314 836 adeoque
1344 782 1537 822 escam
1570 781 1888 837 proponere
1912 765 2040 820 ani—

397 859 600 912 mabus
649 857 722 912 ad
768 856 1278 926 intemperantiam
1329 855 1549 926 pronis,
1613 871 1744 912 cum
1801 853 2036 910 interim

393 948 632 1015 insuper
689 945 904 1000 habent
952 944 1249 1000 interioris
1327 943 1580 999 hominis
1640 959 1739 1014 per
1793 942 2034 1000 virtutes

389 1035 612 1089 cultum
633 1035 662 1089 ?
695 1035 841 1088 Dicit
862 1032 1018 1088 enim
1041 1032 1376 1102 Apostolus,
1408 1055 1436 1082 κ
1462 1033 1522 1088 Si
1545 1032 1876 1088 vircomam
1897 1032 2030 1099 alat,

387 1124 638 1178 dedecus
682 1125 796 1194 ipsi
845 1127 1013 1176 est.»
1068 1123 1138 1176 Et
1182 1122 1371 1176 Moses
1429 1120 1488 1178 in
1541 1122 2027 1177 Deuteronomio:

387 1235 410 1262 α
439 1215 556 1266 Non
612 1213 830 1267 facietis
879 1212 1180 1266 cincinnos
1227 1209 1285 1264 in
1335 1212 1524 1281 capite
1573 1215 1799 1276 vestro;
1845 1225 2032 1280 neque

383 1303 770 1371 corrumpetis
803 1299 1047 1356 formam
1071 1301 1264 1354 barbae
1295 1305 1522 1356 vestras.
1555 1321 1583 1350 »
1619 1299 1726 1355 Eos
1779 1299 1880 1370 qui
1919 1300 2030 1354 ista

379 1391 623 1446 fecerint
671 1393 923 1461 primum
975 1395 1215 1460 paterae
1265 1389 1550 1460 increpari
1607 1389 2026 1460 iubetzperse-

381 1486 648 1536 verentes
698 1487 915 1544 tamen,
964 1478 1478 1536 excommunicari.
1534 1479 1778 1534 Easdem
1825 1495 2024 1549 pmnas

378 1569 688 1624 incurrunt
725 1568 898 1624 etiam
941 1567 996 1622 hi
1051 1570 1147 1638 qui
1197 1567 1386 1622 crines
1439 1565 1676 1638 plicant.
1727 1573 1791 1622 ut
1847 1567 2023 1638 crispi

379 1658 542 1718 fiant,
574 1663 675 1713 aut
703 1660 956 1730 tingunt,
989 1663 1092 1712 aut
1132 1673 1284 1728 aqua
1333 1657 1587 1728 primum
1620 1656 1928 1728 irrigantes
1959 1657 2022 1713 in

377 1748 500 1804 sole
531 1747 870 1814 arefaciunt,
906 1755 968 1802 ut
999 1746 1336 1802 ﬂavedinem
1377 1746 1701 1816 acquirent,
1754 1746 1838 1802 vel
1886 1751 2018 1802 stu-

2152 586 2552 662 περιττότερον,
2595 591 2691 641 τοῦ
2735 589 2828 649 τὰς
2881 589 3078 663 τρίχας
3121 601 3220 662 τῆς
3271 593 3514 672 κεφαλῆς
3563 595 3652 650 καὶ
3699 601 3796 651 τοῦ

2149 674 2416 748 πώγωνας
2476 675 2599 750 περὶ
2669 675 2932 731 πλείστου
2997 684 3272 736 ποιεῖσθαι
3329 689 3577 757 κοσμεῖν,
3635 684 3692 740 εὗ
3737 707 3798 741 τε

2151 759 2458 834 διατιθέναι,
2488 765 2575 819 καὶ
2614 760 2805 840 δέλεαρ
2847 768 3082 823 καθεῖναι
3132 776 3248 833 ταῖς
3297 772 3607 836 εὖολίσθοις
3655 776 3798 850 πρὸς

2146 851 2446 908 ἀκολασίαν
2479 857 2705 929 ψυχαῖς,
2748 855 2978 934 ἀφέντας
3025 857 3086 912 τὸ
3138 856 3226 914 διά
3255 862 3432 932 πάσης
3465 865 3661 938 ἀρετῆς
3699 866 3798 922 τὸν

2147 939 2296 998 ἔνδον
2345 948 2572 1016 κασμεῖν
2623 941 2945 1017 ἄνθρωπον;
2989 945 3134 1018 Φησὶ
3191 951 3292 1026 γὰρ
3329 951 3356 1005 ό
3407 953 3748 1017 ’Δπόστολος
3777 976 3798 990 ο

2147 1055 2174 1083 ‹‹
2218 1033 2382 1106 Ἀνήρ
2431 1031 2520 1087 ἐὰν
2569 1037 2738 1105 κομᾷ,
2786 1033 2974 1108 ἀτιμία
3027 1033 3172 1109 αὖτῷ
3218 1037 3366 1094 ἐστι·
3403 1063 3428 1094 ι
3479 1042 3569 1097 καὶ
3601 1044 3629 1097 ὁ
3659 1045 3803 1100 Μω-

2143 1124 2240 1186 σῆς
2274 1120 2324 1175 ἒν
2367 1125 2446 1192 τῷ
2501 1123 2944 1196 Δευτερονομίῳο
2999 1149 3028 1176 ιι
3066 1125 3137 1179 Οὐ
3191 1130 3448 1198 ποιήσετε
3495 1133 3683 1202 σισόην
3729 1131 3792 1186 ἐν

2138 1216 2237 1278 τῆς
2283 1209 2464 1283 κόμης
2511 1217 2613 1279 τῆς
2663 1210 2909 1287 κεφαλῆς
2962 1213 3140 1286 ὑμῶν,
3203 1214 3326 1270 οὐδὲ
3383 1219 3625 1294 φθερεῖτε
3681 1223 3793 1290 τὴν

2139 1297 2261 1371 ὄψιν
2309 1304 2407 1354 τοῦ
2461 1300 2725 1375 πώγωνος
2787 1301 2960 1374 ὑμῶν.
2992 1325 3020 1353 ››
3081 1305 3213 1366 Τοὺς
3273 1305 3372 1362 οὐκ
3423 1309 3669 1364 τοιοῦτόν
3728 1331 3793 1364 τι

2135 1395 2425 1454 ποιοῦντας
2474 1396 2753 1464 πατρικῶς
2797 1394 3060 1468 πρότερον
3133 1395 3484 1470 ἐπιτιμᾶσθαι
3529 1399 3742 1456 κελεύει
3775 1421 3792 1434 ·

2134 1477 2483 1551 ἐπιμένοντας
2553 1477 2638 1547 δὲ,
2708 1479 3090 1559 ἀφορίζεσθαι.
3175 1483 3400 1550 Τούτοις
3463 1487 3790 1544 ὑπόκεινται

2131 1572 2246 1628 τοῖς
2286 1566 2592 1640 ἐπιτιμίοις
2642 1569 2730 1623 καὶ
2791 1571 2842 1624 οἱ
2899 1569 2994 1634 τὰς
3042 1571 3244 1651 τρίχας
3300 1573 3602 1639 κλώθοντες
3643 1576 3796 1634 ὥστε

2133 1651 2301 1718 οὔλας
2351 1656 2620 1730 γενέσθαι,
2671 1657 2706 1726 ἢ
2769 1657 3087 1731 βάπτοντες,
3143 1660 3178 1728 ἢ
3229 1658 3384 1716 ὕδατι
3443 1659 3794 1744 διαϐρόχους

2129 1749 2432 1814 ποιοῦντες,
2486 1746 2576 1800 καὶ
2615 1751 2694 1819 τῷ
2725 1745 2873 1819 ἡλίῳ
2914 1747 3179 1820 θέροντες,
3227 1749 3305 1804 ἶν’
3345 1751 3420 1814 είς
3457 1753 3643 1823 ξανθὰς
3685 1776 3795 1828 με-

375 1836 514 1890 dent
563 1841 626 1890 ut
671 1835 830 1890 aurei
878 1836 1148 1900 evadant,
1199 1833 1284 1888 vel
1351 1833 1534 1902 densi,
1587 1843 1684 1889 aut
1721 1833 1997 1889 cincinno:

2126 1829 2474 1902 ταῦάλλοιεν,
2509 1833 2546 1904 ἤ
2579 1835 2962 1910 χρυσιζούσας,
3086 1835 3300 1900 δασείας
3349 1839 3786 1916 ἐπιμελούμενοι

373 1925 605 1994 spurios
637 1929 884 1995 gestant,
919 1927 1018 1978 aut
1059 1927 1325 1978 mentum
1387 1939 1586 1978 rasum
1647 1923 1886 1994 habent,
1919 1929 2019 1978 aut

375 2013 686 2067 maximam
719 2014 844 2084 ejus
879 2021 1094 2082 partem
1122 2016 1274 2066 testa
1303 2010 1488 2082 ignita
1532 2015 1801 2078 exurunt,
1833 2015 2018 2068 semet

373 2101 676 2168 nitidulos,
711 2107 772 2159 ut
801 2103 911 2157 sibi
945 2101 1225 2168 videntur,
1261 2101 1590 2166 reddentes,
1633 2101 1800 2172 quasi
1853 2101 2016 2156 lanu-

371 2207 443 2260 go
475 2191 619 2262 ipsis
643 2193 764 2259 jam
798 2191 1050 2261 primum
1085 2189 1416 2244 excreverit.
1461 2189 1578 2244 Hoc
1626 2190 1782 2244 enim
1843 2191 2014 2246 hodie

373 2281 764 2351 potissimum,
817 2285 1096 2352 tanquam
1159 2279 1396 2334 morbus
1452 2278 1795 2350 epidemius,
1855 2281 2010 2350 apud

370 2369 732 2426 Christianos
763 2369 1072 2424 increbuit.

609 2556 761 2608 CAP.
785 2553 828 2607 X
861 2555 933 2608 De
962 2553 1337 2624 sepulcrorum
1374 2553 1755 2608 violatoribus.

431 2644 626 2700 Canon
671 2645 742 2696 66
793 2645 986 2713 magni
1037 2643 1234 2698 Basilii
1280 2641 1612 2698 eiiossorem
1663 2645 1840 2710 busti,
1901 2645 2002 2715 qui

357 2733 544 2803 ruptis
575 2732 856 2804 sepulcris
888 2732 1103 2802 expilet
1135 2748 1200 2786 ea
1233 2748 1359 2802 quae
1411 2748 1540 2786 cum
1602 2737 1830 2788 mortuo
1862 2749 2002 2788 con-

355 2820 585 2892 sepulta
627 2822 803 2887 fuere,
856 2822 912 2874 in
973 2821 1317 2876 decennium
1370 2837 1537 2876 sacra
1587 2821 2000 2877 communione

357 2911 561 2980 privat.

429 2999 673 3071 Magnus
701 3005 891 3054 autem
935 2999 1242 3071 Gregorius
1275 2997 1566 3070 Nyssenus
1595 2998 1656 3053 in
1689 3015 1908 3054 canone
1939 3003 1992 3064 ‘7,

350 3089 756 3160 Sepulcrorum
779 3089 1041 3154 violatio,
1081 3089 1293 3158 inquit,
1343 3087 1623 3141 dividitur
1669 3088 1728 3142 in
1779 3089 1994 3143 remis-

345 3177 573 3232 sibilem
605 3184 662 3232 et
692 3177 1176 3232 irremissibilem.
1215 3176 1273 3230 Si
1325 3175 1456 3247 quis
1503 3177 1658 3231 enim
1709 3177 1986 3248 religione

2125 1925 2392 1998 γενέσθαι,
2547 1925 2742 1986 νόθους
2792 1923 3116 1998 πλοκάμους
3165 1929 3588 2004 περιτιθέμενοι,
3633 1934 3668 2003 ἢ
3707 1934 3784 1987 τὸ

2125 2014 2326 2086 γένειον
2383 2015 2674 2086 ξηρῶντες.
2709 2015 2744 2082 ἢ
2794 2017 3021 2088 κεράμῳ
3069 2018 3447 2092 πεπυρωμένῳ
3491 2019 3553 2075 τὸ
3601 2019 3782 2077 πλέον

2131 2102 2315 2157 τούτου
2369 2104 2820 2180 ἀποτειρροῦντες,
2862 2105 2897 2174 ἢ
2941 2107 3056 2166 τοῖς
3099 2102 3317 2162 ὀδοῦσιν
3367 2107 3576 2186 εὓφυῶς
3625 2108 3780 2166 ἔστιν

2123 2191 2602 2267 ἀπεριαιρόῦντες,
2651 2194 2738 2247 καὶ
2789 2195 2924 2266 πρὸς
2961 2195 3023 2247 τὸ
3065 2191 3256 2249 δοκοῦν
3311 2193 3594 2272 εὔσχημον
3627 2201 3774 2254 ἀπο-

2121 2283 2482 2352 καθιστάντες,
2516 2284 2589 2346 ὡς
2621 2280 2797 2338 δοκεῖν
2823 2282 2948 2356 ἄρτι
2979 2284 3128 2358 φύειν
3165 2286 3350 2347 αὐτοῖς
3401 2289 3493 2342 τὸν
3521 2288 3718 2344 ’ίουλον
3755 2308 3771 2320 ·

2115 2375 2277 2426 τοῦτο
2327 2374 2428 2446 γὰρ
2477 2375 2566 2426 νῦν
2615 2371 2702 2425 καὶ
2755 2371 2995 2444 μάλιστα
3041 2370 3224 2444 ὥσπερ
3265 2395 3317 2428 τι
3367 2377 3588 2448 νόσημα
3637 2377 3778 2432 ἐπι-

2117 2457 2316 2530 δήμιον
2343 2467 2458 2522 τοῖς
2492 2459 2906 2534 Χριστιυνύμοις
2939 2459 3252 2536 ἐνέσκηψεν.

2393 2553 2653 2604 ΚΕΦΑΛ.
2697 2551 2752 2605 ι’.
2797 2549 2943 2622 Περὶ
2983 2545 3478 2627 τυμϐωρύχων.

2183 2641 2238 2690 Ὀ
2269 2642 2336 2710 ξς¹
2383 2643 2480 2693 τοῦ
2543 2638 2780 2710 μεγάλου
2831 2636 3116 2693 Βασιλείου
3163 2642 3339 2695 κανὼν
3387 2643 3478 2696 τὸν
3537 2637 3766 2716 τυμϐω-

2111 2729 2300 2804 ρύχον,
2341 2730 2400 2789 ὃς
2440 2729 2565 2789 τοὺς
2613 2729 2816 2806 τάφους
2865 2727 3160 2804 ἀνοίγνυσι,
3211 2733 3301 2784 καὶ
3345 2730 3484 2802 συλᾷ
3525 2734 3594 2788 τὰ
3635 2740 3762 2796 τοῖς

2107 2824 2316 2892 νεκροῖς
2361 2819 2786 2890 συνθαπτόμενα,
2844 2819 2918 2880 εἰς
2969 2816 3095 2874 δέκα
3143 2815 3236 2890 ἔτη
3286 2827 3386 2890 τῆς
3441 2823 3585 2897 ἱερᾶς
3635 2845 3758 2880 κοι-

2103 2907 2300 2968 νωνίας
2333 2907 2712 2962 ἀποκλείεσθαι
2744 2907 2977 2964 κελεύει.

2173 2999 2234 3054 Ὁ
2281 2995 2336 3051 δὲ
2387 2997 2551 3072 μέγας
2613 2998 2917 3071 Γρηγόριος
2965 2996 3183 3068 Νύσσης
3233 2998 3283 3052 ἐν
3331 3003 3410 3070 τῷ
3452 3004 3495 3069 ζ’
3534 3001 3752 3072 κανόνι,

2101 3091 2160 3140 Ἢ
2201 3081 2588 3160 τυμϐωρυχία,
2645 3087 2800 3163 φησί,
2852 3083 3110 3158 διῄρηται
3155 3087 3230 3148 εἰς
3279 3088 3342 3142 τό
3394 3093 3748 3164 συγγνωστόν

2097 3195 2154 3228 τε
2183 3177 2269 3229 καὶ
2301 3174 2708 3251 ἀσύγγνωστον.
2767 3176 2828 3230 Εἰ
2881 3175 2975 3246 μὲν
3009 3174 3112 3248 γάρ
3155 3196 3238 3237 τις
3283 3175 3605 3250 φειδόμενος
3637 3187 3745 3248 τῆς

345 3272 558 3336 tactus,
599 3267 940 3322 inviolatum
985 3266 1224 3338 reliquit
1282 3282 1494 3336 corpus
1543 3267 1860 3334 conditum,
1915 3283 1985 3323 ne

2115 3264 2266 3330 ισίας,
2317 3265 2404 3318 καὶ
2451 3261 2651 3318 ἄσυλον
2703 3262 2856 3333 ἀφεὶς
2895 3263 2958 3318 τὸ
3007 3265 3378 3336 κεκρυμμένον
3421 3271 3598 3338 σῶμα,
3659 3269 3744 3331 ὼς

345 3358 488 3412 forte
520 3357 626 3412 soli
660 3365 1042 3427 exponeretur
1086 3365 1300 3410 natura:
1349 3356 1708 3418 deformitas,
1772 3356 1986 3425 lapidi-

343 3447 450 3500 bus
487 3451 680 3501 tamen
721 3445 1094 3518 quibusdam,
1129 3445 1228 3516 qui
1287 3444 1438 3499 circa
1495 3445 1732 3498 bustum
1792 3451 1979 3513 erant,

343 3541 539 3591 utatur
578 3537 648 3590 ad
697 3535 1002 3589 editicium
1069 3533 1326 3606 aliquod,
1368 3533 1476 3587 hoc
1525 3533 1758 3602 quidem
1807 3533 1982 3588 haud-

333 3641 630 3695 quaquam
663 3623 957 3680 laudabile
987 3629 1094 3692 est,
1123 3625 1222 3678 sed
1275 3631 1460 3676 tamen
1512 3623 1678 3676 venia
1737 3623 1974 3693 dignum

335 3730 478 3768 usus
513 3712 661 3774 fecit,
695 3713 929 3783 quando
959 3713 1214 3767 materiai
1267 3709 1572 3766 translatio
1603 3711 1874 3766 conducit
1903 3714 1974 3767 ad

335 3802 551 3872 aliquid
589 3801 905 3870 pulchrius,
949 3807 1006 3856 et
1057 3801 1299 3856 utilius:
1333 3800 1494 3870 atqui
1553 3798 1864 3854 sollicitare
1895 3801 1977 3855 ci-

333 3905 500 3945 neres
557 3890 869 3945 inhumetze
927 3889 1140 3954 carnis,
1197 3891 1252 3942 et
1282 3901 1646 3941 commovere
1685 3901 1834 3954 osse,
1875 3903 1976 3956 Spe

329 3983 736 4034 ornamentum
777 3978 1010 4050 aliquod
1047 3978 1104 4032 in
1133 3978 1420 4032 tumulum
1459 3976 1784 4043 conjectura
1827 3991 1974 4029 nan-

334 4069 607 4136 cisceudi,
659 4071 782 4141 pari
843 4066 1126 4140 supplicio
1179 4066 1448 4138 plectitur
1501 4069 1673 4134 atque
1729 4063 1974 4136 simplex

331 4158 656 4224 fornicetio,
691 4157 906 4212 scilicet
929 4157 988 4211 in
1021 4173 1203 4211 annos
1235 4171 1460 4210 novem.
1505 4153 1604 4208 Sin
1663 4169 1793 4208 vero
1849 4169 1974 4208 cor-

331 4248 605 4318 rigendus
636 4250 992 4304 demonstret
1011 4247 1444 4302 conversionem
1485 4242 1856 4310 laudabilem,
1885 4243 1969 4300 ias

329 4344 417 4392 est
448 4337 600 4394 248
631 4339 1008 4394 correctionis
1057 4337 1406 4392 moderatori
1457 4334 1798 4390 contrahere
1829 4339 1970 4390 tem—

329 4444 438 4498 pus
468 4443 538 4484 ex
567 4429 886 4484 canonibus
921 4425 1206 4499 punitioni
1230 4426 1360 4496 ejus
1391 4423 1804 4496 praestitutum.

1055 4607 1227 4679 Leges.
1997 4607 2043 4672 D

397 4699 503 4764 Qui
545 4716 577 4754 ιι
623 4697 908 4769 sepulcris
971 4699 1273 4753 materiam
1341 4696 1606 4768 quamvis
1674 4697 1965 4776 auferunt,

327 4789 570 4845 crimine
600 4787 886 4858 sacrilegii
911 4792 1234 4842 teneantur.

394 4878 450 4932 Si
501 4878 634 4950 quis
691 4895 724 4932 a
773 4878 1037 4946 sepulcro
1095 4874 1396 4930 abstulerit
1443 4875 1664 4946 lapides
1727 4880 1826 4930 aut
1869 4893 1961 4931 co-

319 4969 550 5024 lumnas
582 4977 682 5024 aut
714 4983 1020 5034 marmore,
1055 4965 1140 5022 vel
1191 4965 1365 5020 aliam
1405 4967 1702 5020 materiem
1757 4982 1961 5036 quam-

315 5071 565 5128 cunque,
597 5057 804 5128 viginti
837 5056 1014 5111 libres
1047 5055 1170 5111 auri
1205 5055 1344 5110 ﬁsco
1375 5056 1576 5110 solvet.

379 5147 487 5210 Qui
521 5145 788 5218 sepulcra
816 5145 1112 5214 ell'odiunt,
1145 5149 1202 5199 et
1257 5145 1558 5200 denudent
1598 5145 1958 5198 mortuorum

313 5251 573 5304 corpora,
609 5235 656 5289 si
687 5234 922 5306 quidem
948 5249 1075 5288 cum
1107 5231 1286 5287 armis
1345 5233 1717 5302 patraverint,
1769 5231 1958 5302 capite

312 5321 674 5392 plectuntur:
710 5323 800 5376 sin
827 5323 1045 5392 absque
1075 5321 1277 5388 armis,
1313 5321 1383 5375 ad
1416 5319 1672 5376 metalla.

383 5411 488 5474 Qui
523 5413 580 5466 in
613 5411 894 5483 sepulcris
954 5414 1216 5466 mortuos
1267 5410 1627 5466 indumentis
1677 5409 1952 5481 spoliant,

311 5499 593 5554 ebecissis
623 5501 897 5556 manibus
929 5501 1111 5556 luant.

377 5585 483 5648 Qui
516 5587 785 5659 reliquias
843 5589 930 5644 vel
980 5606 1112 5646 ossa
1161 5590 1541 5656 transierunt,
1589 5586 1796 5659 plebeii
1827 5586 1952 5656 qui-

2096 3354 2172 3426 μὴ
2205 3351 2588 3426 ἀναδειχθῆναι
2621 3355 2701 3424 τῷ
2733 3351 2882 3422 ἡλίῳ
2913 3353 3010 3420 τὴν
3053 3353 3446 3426 ἀσχημοσύνην
3491 3363 3590 3425 τῆς
3623 3357 3742 3430 φύ-

2093 3464 2248 3510 σεως,
2283 3440 2424 3504 λίθις
2463 3445 2568 3497 τισὶ
2611 3445 2715 3496 τῶν
2767 3445 2848 3512 τῷ
2887 3441 3044 3514 τάφῳ
3081 3437 3546 3516 προϐεϐλημένων
3601 3466 3744 3522 συγ-

2089 3535 2354 3606 χρήσεται
2389 3530 2464 3593 εἷς
2506 3530 2668 3606 ἔργου
2706 3529 2852 3592 τινὸς
2897 3532 3253 3599 κατασκευὴν,
3294 3530 3563 3588 ἐπαινετὸν
3603 3533 3740 3590 οὐδὲ

2085 3621 2245 3676 τοῦτό
2313 3621 2446 3688 ἐστι,
2513 3617 2662 3686 πλὴν
2731 3619 2876 3675 ἂλλά
2955 3622 3302 3695 συγγνωστὸν
3369 3621 3618 3692 ἐποίησεν
3693 3627 3732 3694 ἡ

2088 3712 2358 3780 συνήθεια,
2408 3710 2534 3764 ὅταν
2579 3709 2656 3762 εἰτ
2701 3707 3096 3783 προτιμότερόν
3167 3729 3218 3762 τι
3263 3709 3352 3764 καί
3401 3710 3736 3788 κοινωφελέ-

2085 3820 2270 3874 στερον
2304 3801 2338 3868 ἡ
2367 3805 2468 3867 τῆς
2514 3797 2653 3868 ὕλης
2701 3799 2982 3871 μετάθεσις
3031 3797 3290 3872 γένηται·
3332 3801 3394 3854 τὸ
3425 3796 3480 3854 δὲ
3509 3800 3731 3872 ἀνερευ-

2081 3889 2266 3941 νᾶσθαι
2322 3889 2422 3956 τὴν
2479 3886 2629 3942 κόνιν
2689 3887 2794 3940 ἀπὸ
2849 3891 2947 3955 τῆς
3001 3886 3295 3960 γεωθείσης
3355 3889 3570 3962 σαρκὸς,
3629 3891 3730 3946 καὶ

2081 3976 2346 4031 ἀνακιθεῖν
2377 3979 2444 4030 τὰ
2483 3975 2613 4030 ὀστᾶ
2655 3972 2839 4030 ἑλπίδι
2878 3977 2974 4029 τοῦ
3013 3976 3217 4048 κόσμον
3257 3980 3378 4031 τινα
3425 3981 3530 4032 τῶν
3583 3999 3730 4055 συγ-

2080 4067 2517 4141 κατορυχθέντων
2585 4062 2859 4139 κερδᾶναι,
2907 4068 3069 4120 τοῦτο
3139 4065 3217 4135 τῷ
3285 4064 3432 4138 αὐτῷ
3487 4069 3724 4140 κρίματι

2078 4151 2457 4222 κατεδικάσθη,
2489 4155 2534 4226 ᾧ
2563 4153 2652 4207 καὶ
2685 4155 2719 4222 ἡ
2748 4150 2888 4226 ψιλή
2921 4151 3160 4226 πορνεία.
3214 4153 3290 4217 εἷς
3319 4153 3466 4209 ἐννέα
3497 4153 3724 4228 δηλαδή

2077 4243 2311 4317 χρόνους
2347 4262 2358 4274 ·
2411 4243 2454 4297 εἰ
2509 4239 2563 4296 δὲ
2613 4239 2905 4296 σπουδαίαν
2957 4243 2986 4295 ὁ
3035 4242 3464 4316 θεραπευόμενος
3511 4241 3726 4302 ἐπιδεί-

2076 4337 2224 4404 ξαισο
2275 4334 2373 4401 τήν
2423 4331 2777 4408 ἐπιστροφὴν,
2835 4327 3004 4400 ἔξεστι
3052 4335 3132 4401 τῷ
3181 4330 3566 4405 οἶκονομοῦντι
3613 4337 3724 4406 τὴν

2074 4420 2238 4476 αὐτοῦ
2300 4421 2607 4496 θεραπείαν,
2681 4425 2958 4492 συντεμεῖν
3017 4421 3118 4488 τὴν
3193 4420 3253 4474 ἐκ
3307 4425 3413 4476 τῶν
3473 4422 3724 4480 κανόνων

2075 4513 2372 4586 ὁρισθεῖσαν
2405 4514 2470 4584 τῇ
2497 4508 2746 4582 ἐπιτιμία
2783 4509 3140 4582 προθεσμίαν.

2775 4599 3026 4670 Νόμομ

2147 4690 2210 4743 Ol
2256 4689 2362 4742 ἀπὸ
2405 4692 2512 4742 τῶν
2557 4687 2741 4762 τάφων
2789 4683 2924 4750 ὕλας
2977 4685 3329 4763 ἀφαιροῦντες
3379 4687 3722 4744 ὑποκείσθω-

2075 4800 2166 4834 σαν
2193 4783 2274 4850 τῷ
2301 4785 2401 4848 τῆς
2430 4776 2738 4847 ἱεροσυλίας
2773 4774 3103 4849 ἐγκλήματι.

2140 4869 2259 4923 Ἐάν
2307 4887 2390 4928 τις
2435 4866 2538 4921 ἀπὸ
2583 4866 2755 4942 τάφου
2801 4863 3070 4937 ἀφέληται
3119 4862 3333 4934 λίθους,
3365 4867 3400 4936 ἢ
3433 4865 3640 4934 κίονας,
3675 4871 3714 4940 ἢ

2067 4957 2348 5031 μάρμαρα,
2391 4957 2424 5026 ἢ
2467 4953 2646 5024 ἄλλην
2696 4951 3028 5024 οἱανδήποτε
3081 4952 3244 5024 ὕλην,
3290 4952 3465 5008 ε’ίκοσι
3515 4955 3714 5030 λίτρας

2065 5045 2294 5121 χρυσίου
2323 5050 2401 5118 τῷ
2433 5041 2685 5118 δημοσίῳ
2718 5035 3131 5096 καταϐαλλέτω.

2135 5137 2197 5192 Οἱ
2253 5130 2767 5209 τυμϐωρυχοῦντες,
2833 5130 2924 5184 καὶ
2980 5133 3307 5202 γυμνοῦντες
3357 5133 3422 5186 τά
3463 5135 3572 5186 τῶν
3618 5156 3726 5190 τε-

2062 5227 2304 5280 θνεώτων
2363 5223 2608 5295 σώματα,
2669 5219 2712 5274 εἰ
2765 5218 2862 5292 μὲν
2923 5217 3041 5291 μεθ’
3115 5215 3325 5286 ὅπλων,
3385 5221 3714 5296 κεφαλικῶς

2062 5317 2432 5388 τιμωροῦνται
2461 5331 2473 5344 ·
2507 5311 2553 5365 εἰ
2586 5309 2642 5365 δὲ
2672 5307 2847 5384 χωρὶς
2879 5303 3086 5376 ὅπλων,
3132 5307 3300 5384 μέχρι
3335 5307 3640 5382 μετάλλου,

2132 5405 2198 5458 Oi
2229 5403 2354 5463 τοὺς
2383 5401 2604 5476 νεκροὺς
2637 5397 2688 5454 ἐν
2721 5401 2838 5458 τοῖς
2887 5396 3078 5474 τάφοις
3131 5394 3406 5458 ἐκδύοντες
3451 5417 3732 5474 χειροκο-

2059 5513 2124 5548 πε
2135 5491 2348 5548 ίτωσαν.

2133 5582 2194 5636 Oi
2241 5577 2473 5654 λείψαδα
2517 5579 2551 5648 ἢ
2604 5578 2734 5633 ὀστᾶ
2786 5577 3256 5650 μετακινήσάντες,
3317 5573 3552 5639 εὐτελεῖς
3607 5581 3730 5652 μὲν
