4080 6224
259 374 344 436 169
1218 372 1640 433 SYNTAGMA
1684 370 2317 433 ALPHABETICUM.
2362 408 2438 417 —
2484 374 2555 434 T.

3467 379 3584 439 {70

256 509 384 575 ὄντες,
423 506 589 579 ἄκρως
631 507 1042 577 τιμωροῦνται’
1092 499 1305 578 ἔντιμοι
1354 504 1434 577 δὲ,
1481 507 1823 581 περιορίζον-

1959 509 2071 564 lem
2090 514 2411 566 extremum
2436 509 2789 583 supplicium
2812 512 2985 584 dant;
3011 512 3249 584 ingenui
3270 529 3399 571 vero
3422 529 3585 572 exsu-

256 618 333 663 ται,
360 598 388 665 ἢ
414 595 481 656 εἲς
510 592 752 667 μέταλλα
779 593 1109 666 πέμπονται.

304 686 363 741 Οὐ
400 683 473 739 δεῖ
513 685 577 739 τά
622 682 858 757 λείψανα
904 688 1014 738 τῶν
1063 682 1442 740 τελευτώντων
1476 683 1830 761 ψηλαφᾶσθαι

252 776 277 843 ἤ
314 772 618 829 σκυλεύεσθαι
646 790 659 804 ⁸
700 774 767 827 τά
815 770 875 827 δὲ
912 773 1256 849 προσκαίρως
1304 774 1628 831 αποτεθέντα
1668 795 1830 849 μετα-

250 866 384 942 φέρειν
406 861 579 933 ἔξεστι.

302 950 477 1022 Μηδεὶς
518 955 677 1025 σῶμα
726 952 1065 1027 ἀνθρώπινον
1107 952 1281 1028 χωρίς
1326 952 1626 1016 κελεύσεως
1670 955 1835 1030 βασι-

250 1041 373 1111 λικῆς
398 1040 467 1103 εἰς
493 1038 672 1114 ἕτερον
702 1042 872 1096 τόπον
904 1043 1269 1118 μεταφερέτω.

304 1201 520 1252 ΚΕΦΑΛ.
570 1196 676 1251 ΙΔ’.
727 1199 1194 1320 ’Ὀτιέτυπτειν
1239 1194 1599 1270 κληρικοῖς
1647 1197 1762 1252 οὐκ

920 1286 1143 1320 ωεται.

920 1286 1143 1344 φεται.

300 1403 349 1458 Ὀ
371 1405 442 1471 κζ’
485 1405 589 1456 τῶν
640 1401 813 1474 ἁγίων
859 1399 1179 1456 ἀποστόλων
1229 1402 1428 1473 κανὼν,
1481 1402 1831 1472 Ἐπίσκοπον,

246 1491 449 1568 φησὶν,ἤ
490 1485 854 1565 πρεσϐύτερον
899 1488 935 1558 ἢ
987 1487 1261 1560 διάκονον,
1287 1492 1557 1548 τύπτοντα
1603 1493 1835 1555 πιστοὺς

242 1579 613 1653 ἁμαρτάνοντας,
663 1576 700 1647 ἢ
759 1577 1024 1642 ἀπίστους
1078 1577 1457 1652 ἀδικήσαντας,
1516 1582 1606 1637 καὶ
1663 1580 1833 1655 ταύτῃ

243 1664 392 1741 οοεεῖν
439 1666 669 1729 ἐκείνους
737 1665 995 1722 ἐθέλοντα
1062 1670 1433 1746 καθαιρεῖσθαι
1490 1672 1836 1747 προστάττο-

243 1776 345 1829 μίψ
397 1754 631 1828 οὐδαμοῦ
676 1755 781 1829 γὰρ
838 1755 867 1809 ὁ
928 1758 1124 1830 Κύριος
1179 1764 1351 1814 τοῦτο
1400 1761 1548 1833 ἥμᾶς
1607 1758 1834 1833 ἐδίδαξε.

240 1846 507 1901 Γούναντίον
563 1843 647 1913 δὲ,
699 1845 858 1907 αὐτὸς
938 1846 1277 1922 τυπτόμενος
1355 1849 1454 1904 οὐκ
1524 1850 1833 1922 ἀντέτυπτε,
1868 1880 1915 1945 Β

241 1932 619 2008 λοιδορούμενος
667 1934 768 1988 οὐκ
814 1931 1208 2010 ἀντελοιδόρει,
1257 1940 1491 2012 πάσχων
1534 1938 1632 1993 οὐκ
1677 1940 1837 2008 ἠπείο

239 2022 556 2079 λει’ὲκέλευε
610 2023 666 2081 δὲ
732 2029 820 2083 καὶ
876 2028 977 2093 τήν
1035 2025 1320 2099 ἀριστερὰν
1374 2026 1712 2104 ἐμπαρέχειν
1762 2032 1842 2098 τῷ

240 2113 300 2181 μή
344 2111 633 2189 φειδομένῳ
673 2124 775 2185 τῆς
827 2115 1024 2187 δεξιᾶς.
1073 2115 1355 2193 Ἐλὲγχειν
1401 2117 1506 2188 γάρ
1548 2116 1674 2177 τοὺς
1722 2114 1842 2170 ἀδι-

235 2205 420 2264 κοῦντας
472 2200 663 2269 ἄλλως
707 2202 899 2276 ἔξεστι,
958 2208 1044 2261 καὶ
1106 2211 1223 2267 τοῖς
1282 2202 1663 2278 ἀδικουμένοις
1716 2204 1841 2260 ἐπι-

237 2298 413 2365 κουρεῖν
459 2294 637 2364 ὁπόση
685 2293 942 2365 δύναμις’
975 2295 1114 2349 καθὰ
1161 2292 1229 2361 δή
1285 2296 1375 2348 καὶ
1427 2293 1641 2348 Παῦλον
1691 2293 1842 2366 ἴσμεν

235 2379 306 2434 τόν
358 2383 528 2456 μέγαν.
583 2386 840 2458 Τιμοθέῳ
887 2383 1297 2456 ἐντελλόμενον,
1325 2382 1453 2446 τοὺς
1504 2382 1843 2457 ἁμαρτάνον-

236 2491 309 2530 τας
360 2473 436 2525 ὑπ’
466 2472 590 2547 ὄψιν
653 2476 874 2530 πάντων
913 2473 1184 2551 ἐλέγχειν,
1210 2472 1302 2526 ’ίνα
1346 2473 1435 2527 καὶ
1474 2478 1592 2534 τοῖς
1621 2472 1840 2534 λοιποῖς

235 2555 373 2634 eoae;
420 2561 726 2639 ἐγγένηται.
763 2562 1063 2639 Κληρικοῖς
1121 2561 1178 2617 δὲ
1232 2560 1292 2617 οὐ
1351 2562 1574 2634 υεμιτὸν
1620 2561 1843 2624 ἑαυτοὺς

234 2647 461 2705 ἒκδικεῖν⁹
518 2654 877 2733 σωφρονίζειν
957 2652 1135 2725 μέντοι
1198 2651 1433 2726 μετρίως
1487 2650 1615 2714 τοὺς
1673 2648 1843 2712 ἰδίους

236 2737 383 2794 αὐτῶν
437 2743 685 2814 μαθητὰς
742 2742 1169 2817 ἁμαρτάνοντας,
1222 2742 1313 2795 καὶ
1376 2742 1510 2813 μετὰ
1573 2760 1845 2816 παραγγε-

236 2827 335 2882 λίαν
387 2831 457 2901 μή
514 2831 941 2910 ἐπιστρέφοντας
991 2831 1450 2906 συγκεχώρηταιο
1520 2830 1602 2885 ὅτι
1666 2830 1758 2884 καὶ
1815 2831 1844 2885 ὁ

235 2917 398 2984 Κύριος
424 2919 549 2979 τοὺς
597 2919 652 2974 ἐν
706 2923 787 2990 τῷ
837 2920 969 2992 ἱερῷ
1018 2915 1508 2990 ἒμπορευομένους,
1543 2917 1616 2979 ὡς
1658 2915 1733 2977 εἷς
1781 2915 1844 2970 τὸ

232 3010 358 3060 Θεῖον
382 3006 811 3080 ἁμαρτάνοντας,
838 3011 921 3078 τῷ
976 3004 1296 3084 φραγγελίῳ
1349 3004 1565 3061 τύπτων
1625 3003 1847 3075 ἀπήλα-

232 3112 318 3149 σεν.
345 3094 402 3148 Εἰ
423 3093 478 3150 δὲ
499 3116 583 3156 τις
614 3096 709 3150 καὶ
742 3092 1071 3157 διδάσκαλος
1121 3093 1221 3161 ὢν,
1254 3095 1412 3167 θυμῷ
1454 3092 1616 3166 εἴξας,
1648 3114 1845 3174 φονευ-

227 3185 379 3257 τηρίῳ
402 3185 614 3258 τύψειεν
645 3185 884 3261 ὀργάνῳ,
917 3184 1015 3239 ούκ
1041 3184 1394 3258 ἀτιμώρητος
1426 3181 1596 3241 ἔσται.

284 3366 339 3419 Ὁ
365 3359 418 3418 δὲ
448 3365 491 3418 θ’
520 3371 625 3432 τῆς
674 3361 981 3439 λεγομένης
1027 3363 1253 3437 πρώτης
1301 3362 1392 3417 καὶ
1443 3358 1692 3435 δεύτὲρας
1731 3383 1848 3416 συν-

228 3447 462 3517 όδου,τὸν
493 3451 866 3508 ἀποστολικὸν
912 3455 1103 3506 τοῦτον
1144 3452 1339 3505 κανόνα
1382 3449 1591 3519 διξιὼν,
1624 3450 1849 3523 ἐπιτιμᾷ

223 3546 321 3603 τοῖς
368 3542 526 3597 αύτὸν
598 3542 968 3616 πειρωμένοις
1023 3552 1478 3615 παραχαράττειν,
1524 3540 1611 3594 καὶ
1670 3539 1852 3613 οἰομέ-

224 3651 320 3691 νοις
369 3631 495 3693 τοὺς
550 3630 878 3706 αὐτοχειρίᾳ
940 3630 1242 3690 τύπτοντας
1302 3630 1500 3702 μόνους
1556 3629 1846 3699 αἰτιᾶσθαι,

225 3719 276 3773 ού
304 3722 405 3792 μὴν
430 3720 521 3775 καὶ
548 3720 683 3781 τοὺς
723 3720 775 3788 ἐξ
807 3718 1195 3794 ἐπιτάγματος.
1230 3718 1469 3773 Μάταιον
1515 3719 1619 3791 γὰρ
1664 3722 1847 3788 τοῦτο,

224 3812 359 3882 φησί,
393 3812 484 3864 καὶ
540 3817 645 3879 τῆς
708 3806 946 3870 διανοίας
1027 3812 1127 3863 τοῦ
1192 3807 1558 3861 ἂποστολικοῦ
1627 3807 1846 3870 κανόνος

224 3895 517 3974 ἀλλότριον,
547 3900 647 3954 τὸν
684 3900 779 3971 μὲν
810 3898 930 3971 τρὶς
962 3897 997 3965 ἢ
1030 3896 1283 3968 τετράκις
1333 3894 1610 3965 πλήξαντα
1654 3898 1848 3951 καθαι-

224 3990 427 4058 ρεισθαι,
454 3991 549 4043 τὸν
614 3986 674 4042 δὲ
729 3985 779 4057 ἐξ
828 3985 1200 4063 ἐπιτάγματος
1242 3984 1317 4047 εἷς
1349 3984 1574 4038 θάνιοτον
1606 3985 1850 4053 στίζοντα

221 4074 334 4129 εἶναι
386 4077 603 4132 ἀθῶονο
639 4077 753 4153 χρὴ
803 4075 904 4149 γάρ
962 4074 1054 4129 τὸν
1114 4077 1210 4128 τοῦ
1269 4076 1403 4128 Θεοῦ
1450 4073 1596 4147 ἱερέα
1643 4070 1847 4148 διδαχῇ

218 4166 292 4218 καὶ
334 4167 605 4237 νουθεσίᾳ,
630 4163 740 4220 ἔσθ’
772 4163 861 4219 ὅτε
919 4161 975 4219 δὲ
1021 4164 1109 4217 καὶ
1161 4160 1638 4231 ἐκκλησιαστικοῖς
1669 4160 1851 4217 ἐπιτι-

220 4253 345 4323 μίοις
371 4257 459 4309 τὸν
492 4254 837 4310 ἀτακτοῦντα
884 4250 1283 4329 ποιδαγωγεῖν,
1317 4248 1464 4306 ἀλλὰ
1514 4251 1590 4322 μὴ
1636 4251 1848 4323 μάστιξι

213 4345 287 4398 καὶ
340 4344 610 4422 πληγαῖς
650 4344 726 4405 εἰς
780 4344 847 4398 τὰ
902 4347 1010 4398 τῶν
1072 4343 1370 4414 ἀνθρώπων
1401 4337 1672 4412 ἐπιπηδᾷν
1718 4340 1850 4397 ἀσέ-

217 4453 362 4503 pytag,
392 4434 481 4489 καὶ
534 4428 835 4508 ἐνυϐρίζειν
882 4434 1128 4505 σώματα.
1173 4428 1242 4485 Ei
1281 4427 1338 4484 δέ
1383 4449 1523 4491 τινες
1572 4430 1674 4483 εἶεν
1712 4451 1846 4485 παν-

212 4523 416 4577 τάπασιν
472 4521 901 4598 ὰσωιρρόνιστοι,
958 4519 1187 4583 τούτους
1244 4515 1332 4572 διὰ
1415 4522 1512 4571 τοῦ
1570 4517 1843 4593 ἐγχωρίου

214 4609 455 4689 ἄρχοντος
487 4610 678 4671 οὐδεὶς
711 4611 739 4664 ὁ
771 4608 1003 4664 κωλύων
1037 4607 1413 4681 σωφρονίζειν,
1445 4607 1520 4670 ὼς
1557 4608 1646 4662 καὶ
1677 4609 1705 4663 ὁ
1745 4614 1843 4677 τῆς

214 4698 256 4753 ἐν
282 4702 593 4777 Ἀντιοχείᾳ
639 4708 676 4755 ε’
729 4700 904 4756 κανὼν
965 4699 1283 4775 διορίζεται,
1330 4699 1389 4755 ὃν
1445 4700 1534 4754 καὶ
1595 4701 1744 4770 ζήτει
1792 4701 1843 4754 ἐν

216 4795 282 4861 τῷ
310 4794 378 4867 ιβ’
407 4815 532 4870 κεφ.
567 4796 672 4849 τοῦ
707 4798 745 4845 Σ
779 4791 1078 4865 στοιχείου.

266 4976 314 5026 '0
357 4969 414 5026 δῖε
460 4972 512 5048 γ’
562 4972 667 5039 τῆς
719 4967 970 5031 συνόδου.
1003 4971 1069 5038 ἧς
1106 4967 1335 5047 ἐξῆρχεν
1382 4969 1410 5022 ό
1461 4969 1700 5038 Φώτιος,
1741 4968 1845 5023 ὑπὸ

212 5058 427 5135 ἀνάθεμα
457 5062 652 5130 τίθησι
699 5061 792 5115 τὸν
843 5060 988 5122 ὅλως
1035 5058 1199 5133 τύψαι
1240 5058 1275 5127 ἢ
1308 5057 1524 5134 φυλακῇ
1575 5059 1847 5131 καθεῖρξαι

210 5149 548 5222 τολμήσαντα
597 5155 711 5205 τῶν
769 5147 1075 5204 ἐπισκόπων
1105 5148 1249 5217 τινὰ,
1282 5146 1388 5202 εἴτε
1438 5147 1614 5225 χωρὶς
1645 5145 1844 5217 αἰτίας,

210 5237 297 5294 εἴτε
340 5242 426 5296 καὶ
476 5240 662 5296 αἰτίαν
708 5238 1079 5312 πλασάμονον.
1116 5237 1174 5292 Εἰ
1222 5234 1279 5292 δὲ
1325 5236 1464 5292 πάνυ
1495 5235 1583 5304 ε’ίη
1619 5236 1846 5310 εὐπρόσ-

209 5349 337 5390 ωπος
385 5333 422 5400 ἡ
484 5325 819 5400 αῗτία,ούδὲ
877 5328 905 5382 ὁ
960 5329 1057 5396 τήν
1105 5326 1366 5402 μεγίστην
1419 5326 1599 5400 ἀρχὴν
1643 5322 1842 5379 διέπων

206 5414 415 5473 ἐκδικεῖν
470 5422 681 5489 ταύτην
735 5414 974 5487 δύναται,
1004 5414 1152 5471 ἀλλὰ
1181 5412 1265 5470 δεῖ
1317 5418 1385 5488 τῇ
1418 5410 1629 5487 συνόδῳ
1658 5413 1845 5469 ἀνατι-

205 5504 354 5575 θέναι,
455 5508 604 5583 μόνῃ
651 5505 852 5583 κρίνειν
896 5505 1099 5583 ἐφεῖται
1145 5505 1234 5559 καὶ
1282 5503 1535 5572 κολάζειν
1582 5506 1689 5557 τῶν
1732 5501 1846 5557 ἐπι-

206 5596 407 5650 σκόπων
442 5596 579 5659 τοὺς
608 5593 1036 5671 ἁμαρτάνοντας.

520 5789 785 5850 Panos.
832 5785 945 5846 Gn.
992 5783 1216 5848 CXLV.

1939 597 2085 665 lant,
2115 599 2203 655 vel
2234 600 2558 655 mittuntur
2579 600 2651 655 ad
2686 600 2941 657 metalla.

2010 688 2423 745 Defunctorum
2457 688 2731 762 reliquias
2760 690 2895 746 exui
2926 691 3240 763 spoliarive
3273 709 3389 750 non
3429 693 3584 758 licet,

1939 790 2067 920 qu:
2086 782 2317 921 bautem
2364 793 2468 850 pro
2523 782 2785 847 tempore
2836 780 3111 851 deposita!
3160 781 3340 851 fuere,
3382 783 3584 855 reponi

1939 868 2009 920 de
2052 880 2082 920 e
2127 871 2254 921 unt.

1939 868 2254 922 debebunt.

2010 952 2191 1009 Nemo
2213 956 2434 1027 absque
2461 955 2826 1027 imperatoris
2852 957 3026 1027 jussu
3068 974 3277 1032 corpus
3327 958 3587 1016 hominis

1942 1042 2157 1098 mortui
2177 1044 2234 1098 in
2256 1043 2512 1100 alienum
2543 1046 2734 1103 locum
2754 1046 3088 1104 transferat.

1942 1195 2093 1251 CAP.
2125 1196 2218 1254 XI.
2269 1197 2426 1265 Quod
2486 1197 2702 1253 clericis
2761 1199 3050 1255 verberare
3102 1198 3421 1271 quempiam
3476 1214 3588 1257 non

2581 1272 2941 1341 permittitur.

2013 1403 2210 1461 Canon
2239 1405 2309 1458 27
2356 1408 2693 1461 sanctorum
2743 1404 3164 1476 apostolorum.
3216 1405 3588 1478 Episcopum,

1944 1494 2048 1557 ait,
2081 1498 2184 1549 aut
2232 1494 2656 1564 presbyterum,
2686 1498 2791 1549 aut
2837 1494 3149 1550 diaconum
3189 1494 3289 1565 qui
3332 1494 3594 1551 verberat

1944 1582 2145 1637 ﬁdeles
2182 1580 2603 1652 delinquentes,
2648 1586 2752 1637 aut
2807 1581 3073 1639 inﬁdeles
3133 1583 3284 1638 male
3320 1581 3462 1652 ipsis
3501 1582 3593 1639 fa-

1946 1672 2186 1737 cientes,
2229 1676 2409 1743 atque
2503 1671 2610 1728 hoc
2668 1672 2841 1728 modo
2897 1671 3056 1743 ipsos
3100 1671 3389 1728 deterrere
3441 1673 3590 1742 vult,

1946 1759 2157 1832 deponi
2188 1760 2557 1816 mandamus.
2580 1759 2801 1815 Nullibi
2827 1760 2986 1816 enim
3025 1760 3308 1816 Dominus
3336 1759 3446 1817 hoc
3484 1776 3592 1818 nos

1950 1850 2190 1918 docuit;
2220 1865 2418 1904 verum
2441 1864 2471 1904 e
2502 1854 2703 1905 contra
2733 1849 2857 1921 ipse
2904 1849 3189 1921 vapulans
3237 1866 3352 1906 non
3403 1865 3592 1906 rever-

1949 1937 2211 2004 berabat,
2249 1944 2306 1993 et
2339 1938 2616 1995 conviciis
2677 1944 2974 2005 oneratus,
3016 1955 3131 1994 non
3182 1939 3397 2010 pariter
3461 1955 3594 1995 con-

1948 2026 2304 2095 viciabatur;
2332 2046 2541 2100 passus
2568 2033 2680 2095 est,
2714 2033 2773 2083 et
2809 2045 2926 2083 non
2972 2027 3393 2098 minitabatur;
3419 2029 3596 2100 jussit

1950 2122 2144 2172 autem
2174 2119 2469 2173 sinistram
2520 2134 2724 2187 genam
2781 2120 3037 2189 praebere
3095 2118 3147 2173 ei
3196 2120 3298 2190 qui
3357 2120 3596 2177 minime

1952 2207 2137 2276 parcit
2164 2209 2428 2262 dexteras.
2463 2207 2608 2262 Nam
2648 2207 2792 2263 alias
2842 2208 3140 2277 increpare
3187 2208 3322 2264 licet
3360 2208 3595 2265 malefa—

1951 2296 2187 2363 cientes,
2220 2303 2278 2352 et
2309 2297 2410 2351 hos
2434 2298 2534 2368 qui
2564 2296 2843 2365 injuriam
2905 2296 3213 2367 patiuntur
3259 2299 3591 2365 defendere,

1952 2390 2236 2453 quantum
2271 2385 2874 2455 possumus.Sicutiet
2907 2401 3182 2456 magnum
3211 2386 3457 2442 Paulum
3478 2386 3615 2442 sci—

1952 2491 2086 2529 mus
2151 2473 2456 2529 Timotheo
2513 2474 2845 2545 praecipere,
2892 2473 3298 2545 delinquentes
3344 2476 3405 2531 in
3465 2491 3598 2531 con-

1949 2569 2143 2634 spectu
2176 2564 2438 2618 omnium
2472 2564 2916 2634 reprehendere,
2951 2567 3015 2618 ut
3062 2569 3255 2621 metus
3293 2565 3469 2620 etiam
3519 2580 3599 2623 rs-

1952 2656 2143 2725 liquos
2196 2654 2487 2724 percellat.
2529 2652 2763 2708 Clericis
2806 2669 2941 2709 vero
2990 2652 3145 2710 haud
3197 2654 3330 2711 licet
3373 2655 3597 2726 seipsos

1952 2743 2267 2798 vindicare.
2302 2742 2452 2798 Suos
2498 2741 2733 2813 quidem
2787 2741 3110 2815 discipulos
3149 2743 3432 2815 castigare
3469 2735 3604 2800 con-

1953 2847 2185 2888 cessum
2217 2836 2330 2896 est,
2360 2846 2493 2887 cum
2550 2831 2923 2902 delinquunt.
2954 2836 3013 2887 et
3067 2836 3200 2904 post
3245 2832 3604 2888 admonitio-

1954 2937 2086 2976 nem
2118 2936 2235 2974 non
2284 2923 2701 2975 convertuntur
2732 2936 2745 2974 :
2781 2919 2920 2991 quia
2975 2919 3151 2977 etiam
3190 2920 3472 2978 Dominus
3500 2935 3600 2979 eos

1954 3010 2047 3078 qui
2086 3009 2145 3063 in
2182 3008 2399 3081 templo
2452 3008 2921 3078 negotiabantur,
2970 3015 3248 3081 tanquam
3302 3010 3361 3065 in
3410 3009 3601 3066 Deum

1957 3103 2286 3170 peccantes.
2338 3097 2566 3170 ﬂagello
2616 3098 2925 3155 verberans
2972 3099 3190 3169 abegit.
3213 3099 3274 3155 Si
3331 3099 3464 3171 quis
3514 3104 3603 3155 ta-

1875 3230 1917 3296 c
1960 3204 2089 3244 men
2135 3190 2413 3258 magister
2471 3187 2570 3242 ira
2627 3187 2938 3258 impatiens
2987 3188 3379 3245 instrumento
3425 3186 3603 3244 lethi-

1959 3277 2000 3296 ,μ
2052 3293 2068 3296 μ
2549 3275 2701 3296 ιω)
2735 3275 2969 3296 ,μμημ
3009 3276 3198 3296 ..-ηηει

1957 3277 2076 3332 fero
2106 3276 2516 3345 verberaverit,
2549 3275 2704 3331 haud
2735 3275 2976 3348 impune
3006 3276 3220 3333 iecerit.

2028 3365 2218 3421 Canon
2264 3366 2437 3421 etiam
2468 3368 2499 3420 9
2533 3366 2756 3438 synodi,
2814 3380 2944 3436 que
3001 3366 3193 3437 prima
3237 3370 3296 3423 et
3351 3366 3608 3423 secunda

1959 3461 2347 3528 nuncupatur,
2383 3457 2604 3512 huusce
2633 3455 3016 3527 apostolicum
3041 3472 3348 3514 recensens
3367 3474 3496 3514 can.
3513 3473 3607 3513 re-

1957 3547 2192 3617 darguit
2237 3561 2336 3601 eos
2390 3546 2489 3616 qui
2542 3546 2738 3616 ipsum
2781 3550 3069 3601 conantur
3116 3545 3375 3614 eludere,
3431 3554 3603 3618 atque

1957 3635 2345 3706 praetendunt,
2377 3650 2475 3690 eos
2498 3638 2727 3689 tantum
2757 3634 2962 3701 teneri,
2995 3633 3094 3704 qui
3140 3649 3210 3689 ex
3267 3637 3429 3689 motu
3471 3650 3605 3706 pro-

1957 3728 2082 3795 prio
2115 3724 2471 3796 percutiunt,
2504 3740 2619 3779 non
2650 3729 2845 3779 autem
2879 3722 2980 3794 qui
3037 3738 3106 3778 ex
3142 3724 3340 3793 jussu.
3373 3722 3604 3779 Vanum

1957 3814 2115 3870 enim
2165 3814 2294 3879 hoc,
2344 3813 2557 3884 inquit,
2588 3821 2707 3867 sta
2764 3815 2957 3867 mente
3005 3811 3248 3867 canonis
3304 3810 3604 3884 apostolici

1957 3904 2239 3970 alienum,
2261 3918 2393 3958 eum
2427 3902 2524 3973 qui
2556 3907 2643 3957 ter
2673 3902 2758 3957 vel
2817 3905 3024 3973 quater
3069 3900 3338 3971 percutit,
3371 3899 3603 3973 deponi,

1955 4009 2090 4050 eum
2123 3998 2321 4048 autem
2352 3991 2454 4063 qui
2484 3992 2553 4046 ad
2581 3995 2829 4047 mortem
2854 4005 3042 4062 usque
3073 3989 3273 4062 plectit
3328 4006 3398 4047 ex
3454 4006 3610 4062 pras-

1958 4085 2147 4153 cepto,
2194 4080 2367 4135 etiam
2453 4078 2695 4148 impune
2764 4077 2945 4134 abire.
2997 4078 3232 4150 Oportet
3302 4077 3461 4134 enim
3509 4094 3608 4134 sa-

1958 4170 2250 4226 cerdotem
2299 4166 2398 4223 Dei
2457 4166 2722 4224 doctrina
2779 4172 2839 4222 et
2894 4166 3318 4235 adhortatione,
3377 4166 3494 4224 imo
3548 4172 3608 4223 et

1957 4259 2307 4329 quandoque
2328 4256 2787 4313 correctionibus
2817 4254 3228 4312 ecclesiasticis
3246 4270 3379 4312 eum
3412 4255 3515 4328 qui
3545 4271 3610 4311 se

1954 4348 2283 4403 inordinate
2338 4346 2507 4417 gerit,
2548 4344 2878 4412 moderari;
2914 4345 3069 4401 haud
3122 4350 3321 4402 tamen
3366 4345 3611 4402 verberi-

1954 4438 2063 4491 bus
2092 4452 2157 4491 ac
2188 4434 2373 4507 plagis
2404 4436 2464 4490 in
2495 4435 2758 4490 humana
2803 4449 3049 4506 corpora
3096 4434 3368 4491 indecore
3414 4432 3609 4490 insul-

1952 4531 2098 4591 tare,
2125 4540 2307 4595 eaque
2361 4524 2640 4579 lacerare.
2674 4523 2776 4580 Sin
2828 4540 2962 4579 vero
3014 4522 3198 4593 aliqui
3243 4522 3460 4580 fuerint
3507 4538 3608 4594 pe-

1956 4614 2117 4669 nitus
2173 4611 2625 4684 incorrigibiles,
2653 4629 2750 4669 eos
2808 4629 2910 4684 per
2972 4612 3379 4683 magistratum
3431 4611 3608 4669 istius

1954 4702 2067 4758 loci
2116 4718 2286 4759 nemo
2358 4706 2517 4757 vetat
2573 4701 2869 4772 castigari,
2905 4701 3077 4758 sicuti
3134 4702 3311 4758 etiam
3357 4717 3543 4758 canon
3572 4702 3609 4755 5

1956 4790 2185 4846 concilii
2233 4790 2573 4846 Antiocbsni
2615 4791 2840 4857 statuit,
2874 4806 3050 4862 quem
3090 4791 3217 4847 vide
3264 4790 3323 4847 in
3380 4806 3511 4862 cap.
3543 4789 3611 4844 12

1956 4880 2071 4936 litt.
2109 4883 2170 4934 Σ.

2025 4968 2252 5024 Tertius
2282 4972 2474 5024 autem
2498 4985 2682 5025 canon
2715 4967 3076 5037 concilii,cui
3107 4967 3608 5040 prafuitPhotius,

1955 5058 2311 5115 anathemati
2343 5058 2582 5129 subjicit
2616 5057 2778 5114 illum
2803 5059 2902 5129 qui
2935 5074 3115 5115 ausus
3147 5057 3323 5113 fuerit
3344 5056 3431 5111 vel
3474 5071 3607 5111 ver-

1956 5151 2156 5205 berare
2186 5147 2339 5203 249
2380 5147 2467 5204 vel
2518 5149 2578 5204 in
2636 5148 2905 5203 custodia
2954 5147 3211 5203 detinere
3267 5145 3609 5218 episcopum

1955 5239 2232 5308 aliquem,
2267 5238 2388 5293 sive
2432 5239 2581 5293 citra
2639 5252 2878 5292 causam
2940 5236 3051 5291 hoc
3097 5234 3292 5302 faciat,
3322 5233 3444 5289 sive
3483 5249 3613 5289 cau-

1955 5342 2076 5382 sam
2108 5324 2408 5381 obtendat.
2444 5326 2568 5382 Imo
2601 5342 2736 5382 vero
2776 5325 2885 5380 etsi
2944 5340 3127 5382 causa
3177 5321 3344 5380 valde
3390 5324 3613 5394 proba-

1957 5415 2093 5470 bilis
2127 5414 2486 5481 fueril,baud
2520 5420 2716 5470 tamen
2749 5419 2840 5469 est
2868 5428 3043 5483 penes
3072 5426 3367 5467 summum
3399 5411 3613 5480 magis-

1959 5509 2179 5560 tratum
2230 5520 2354 5561 eam
2411 5504 2734 5572 vindicare,
2762 5503 2864 5558 sed
2913 5504 3137 5573 Oportet
3191 5500 3262 5555 ad
3322 5500 3610 5572 synodum

1955 5593 2191 5661 referre,
2224 5609 2354 5665 quas
2385 5591 2510 5648 sola
2534 5590 2669 5661 jure
2715 5594 2903 5663 potest
2956 5588 3223 5660 judicare
3276 5590 3334 5643 et
3404 5587 3612 5659 punire

1953 5682 2259 5755 episcopos
2288 5680 2717 5753 delinquentes.

3251 5778 3291 5845 6
