4080 6224
399 393 513 456 171

1141 525 1326 596 Leges.

471 635 578 692 Jus
608 637 798 690 autem
829 631 995 690 civile
1042 636 1196 689 vetat
1250 631 1556 704 episcopos
1593 629 1870 686 manibus
1917 628 2044 686 suis

401 724 672 797 plectere,
712 737 943 796 pinnam
1000 726 1198 779 tamen
1252 739 1366 778 non
1421 719 1772 788 constituit;
1830 721 1890 776 in
1943 735 2042 792 ge-

400 827 536 870 nere
559 816 748 870 autem
780 812 852 870 de
882 811 1084 884 quovis
1115 813 1452 868 verberante
1489 813 1590 866 aut
1624 807 1906 881 injuriam
1963 808 2046 864 in-

399 901 618 960 ferente
674 901 953 971 decernit,
976 902 1299 959 concedens
1357 904 1635 957 adversus
1680 900 1842 971 ipsos
1889 899 2046 969 inju-

399 991 618 1048 riarum
659 980 971 1060 actionem,
1018 1006 1147 1063 quas
1202 989 1546 1062 transigitur
1601 990 1659 1044 et
1713 986 2048 1059 pecuniaria

399 1085 456 1136 et
477 1079 872 1149 criminaliter,
905 1079 1024 1136 imo
1089 1079 1267 1136 etiam
1333 1075 1556 1148 deﬁnit,
1589 1091 1858 1150 quanam
1898 1075 2048 1132 aesti-

397 1169 546 1227 mari
567 1169 740 1227 debet
768 1169 961 1242 gravis
992 1169 1228 1241 injuria,
1261 1183 1529 1240 quaenam
1551 1165 1716 1222 levis.

469 1258 528 1316 Is
557 1259 656 1332 qui
687 1257 1048 1315 sacerdotem
1099 1257 1187 1314 vel
1243 1257 1304 1313 in
1362 1255 1634 1326 ecclesia,
1660 1253 1745 1310 vel
1798 1255 1856 1310 in
1917 1269 2046 1326 pro-

399 1348 661 1406 cessione
687 1350 986 1420 percutere
1014 1349 1278 1414 attentat,
1311 1345 1619 1418 relegetur.

467 1439 527 1494 Si
573 1436 778 1494 laesum
828 1435 1000 1493 fuerit
1065 1451 1274 1508 corpus
1335 1434 1610 1501 liberum,
1657 1449 1750 1489 res
1789 1431 2050 1504 judicata

399 1529 505 1587 erit
534 1528 604 1585 ad
643 1531 917 1599 sumptus
948 1525 1293 1593 curationis,
1317 1529 1376 1581 et
1429 1527 1690 1596 quaestus
1730 1524 2046 1594 jacturam,

398 1633 516 1675 non
545 1632 678 1674 vero
707 1617 780 1672 ad
825 1615 1278 1672 deformitatem.
1311 1617 1533 1686 Corpus
1599 1611 1755 1668 enim
1799 1611 2048 1668 liberum

397 1713 516 1766 non
555 1707 772 1765 infame
845 1705 1134 1763 redditur.
1195 1704 1303 1772 Qui
1381 1720 1512 1762 vero
1571 1719 1783 1775 corpus
1840 1700 2049 1758 servile

399 1797 576 1867 laedit,
600 1795 931 1870 postulatur
951 1804 1158 1868 praeter
1181 1795 1310 1867 jam
1342 1794 1498 1850 dicta
1544 1793 1722 1850 etiam
1771 1791 2045 1850 honesta-

397 1889 476 1945 tis
504 1888 634 1960 ejus
663 1885 988 1943 diminutas.

757 1991 918 2050 250
949 1989 1229 2048 INITlUM
1265 1988 1591 2046 LITTERIE
1634 1993 1692 2044 Υ.

917 2099 1073 2157 CAP.
1107 2097 1131 2154 Ι
1164 2099 1238 2155 De
1265 2097 1523 2168 injuriis.

473 2211 672 2276 Quare
701 2225 831 2282 cap.
859 2209 894 2260 7
925 2206 1036 2263 litt.
1069 2208 1130 2264 Β.

471 2301 668 2356 Canon
724 2299 856 2354 dein
917 2297 992 2352 55
1046 2299 1381 2352 sanctorum
1438 2291 1855 2364 apostolorum,
1879 2299 2052 2362 atque

403 2389 574 2444 etiam
646 2388 740 2444 56.
818 2385 1096 2451 Clericus,
1161 2383 1458 2456 inquiunt,
1541 2383 1638 2454 qui
1713 2381 2050 2452 episcopum

402 2493 572 2534 suum
641 2474 995 2532 contumelia
1057 2474 1262 2541 afﬁcit,
1321 2473 1686 2542 deponatur:
1723 2471 2052 2526 «meecto

401 2567 557 2624 enim
615 2564 812 2638 populi
865 2564 946 2620 tui
985 2579 1102 2620 non
1162 2561 1496 2619 maledices.
1531 2583 1560 2611 »
1609 2563 1744 2627 Quae
1793 2576 1899 2615 vox
1962 2564 2053 2615 est

401 2657 578 2713 Hosis
607 2656 711 2712 viri
746 2655 986 2712 summi.
1020 2654 1278 2721 Quivero
1300 2653 1701 2725 presbyterum
1732 2649 1822 2706 vel
1848 2649 2050 2705 diaco-

403 2761 543 2802 num
619 2741 971 2800 contumelia
1023 2741 1236 2809 aﬂ'ecit,
1286 2738 1844 2796 excommunicetnr.
1903 2737 2050 2793 Nam

400 2831 618 2905 injuria
663 2847 799 2904 erga
859 2831 1160 2900 majorem,
1221 2844 1455 2900 poenam
1523 2827 1694 2882 etiam
1769 2826 2049 2896 majorem

399 2919 676 2993 postulat,
723 2923 898 2990 atque
945 2933 1084 2990 erga
1131 2918 1386 2974 minores
1461 2916 1768 2971 minorem.
1829 2914 2049 2985 Quippe

399 3009 494 3066 hic
525 3008 732 3080 capitis
777 3007 968 3064 locum
997 3009 1221 3063 obtinet
1248 3009 1308 3062 tn
1348 3021 1587 3076 corpore
1634 3003 1928 3074 Ecclesiae,
1961 3001 2044 3058 illi

398 3115 534 3158 vero
556 3113 842 3156 manuum
872 3103 930 3154 et
959 3097 1315 3168 reliquorum
1346 3093 1837 3151 snbservientium
1862 3108 2047 3148 mem-

403 3191 660 3246 brorum.

470 3282 666 3336 Canon
697 3285 888 3334 autem
919 3279 990 3333 57
1012 3277 1124 3334 ait:
1148 3277 1218 3332 Et
1248 3274 1348 3347 qui
1379 3273 1674 3342 claudum,
1696 3273 1784 3328 vel
1805 3287 2044 3341 caecum,
2077 3281 2120 3349 α

399 3369 486 3426 vel
522 3369 616 3424 cui
654 3367 896 3424 vitiosus
947 3371 1038 3424 est
1092 3367 1358 3422 incessus
1405 3363 1606 3430 irrisil,
1637 3360 2048 3418 communione

400 3460 677 3532 privetur,
701 3457 818 3512 sive
857 3456 936 3514 sit
964 3456 1214 3512 clericus
1265 3454 1384 3511 sive
1441 3452 1650 3509 laicus.
1674 3449 1846 3507 Tales
1888 3451 2046 3507 enim

399 3549 592 3620 potius
609 3546 980 3604 miseratione
1000 3544 1270 3616 prosequi
1295 3546 1515 3613 oportet
1541 3556 1781 3597 manum
1808 3539 2049 3610 adjutri-

395 3651 521 3692 cem
551 3635 938 3708 porrigentes,
968 3650 1142 3708 quam
1171 3649 1270 3691 eos
1303 3629 1720 3689 scommatisac
1737 3627 2048 3686 derisionis

398 3741 642 3798 scopum
677 3725 882 3782 facere.

1135 3814 1316 3884 Leges.

467 3927 645 3980 Atrox
678 3920 893 3994 injuria
920 3921 1007 3978 vel
1039 3935 1107 3976 ex
1137 3933 1404 3989 persona,
1433 3914 1522 3973 vel
1570 3931 1642 3972 ex
1697 3914 1822 3988 ipsa
1845 3929 1925 3981 re,
1961 3912 2045 3970 vel

395 4031 430 4068 a
461 4013 587 4068 loco
607 4011 906 4067 deﬁnitur.
930 4014 1006 4065 Et
1062 4023 1329 4081 persona,
1359 4021 1489 4063 cum
1545 4003 1907 4074 magistratui
1957 4002 2045 4058 vel

397 4104 643 4175 patrono
701 4101 852 4156 iacta
911 4099 1098 4155 fuerit.
1147 4099 1225 4152 Ex
1285 4095 1436 4161 loco,
1494 4111 1628 4150 cum
1711 4092 1767 4146 in
1818 4092 2046 4147 theatro

393 4193 621 4248 cunctis
651 4189 998 4246 videntibus.
1037 4188 1117 4244 Ex
1148 4203 1230 4248 re.
1261 4187 1494 4258 quando
1517 4183 1728 4242 vulnus
1757 4181 2044 4236 inﬂictum

394 4279 590 4346 fuerit,
620 4283 723 4335 aut
751 4278 924 4334 facies
953 4293 1120 4334 caesa.
1151 4275 1322 4331 Tales
1369 4274 1456 4330 vel
1505 4275 1576 4330 ad
1627 4278 1861 4344 tempus
1911 4268 2046 4324 rele-

395 4373 628 4441 gantur,
660 4367 745 4424 vel
776 4367 976 4438 aliqua
1003 4382 1065 4422 re
1113 4365 1562 4431 interdicuntur,
1595 4361 1645 4416 si
1695 4357 2046 4432 spectabiles

393 4459 648 4514 fuerint:
675 4455 766 4512 sin
800 4472 932 4512 vero
989 4453 1154 4510 liberi
1213 4453 1447 4521 fuerint,
1479 4453 1578 4508 sed
1627 4466 1694 4506 ex
1739 4446 2046 4520 plebe,fu-

393 4547 583 4604 stibus
622 4545 1030 4612 verberantur;
1055 4542 1200 4600 servi
1232 4546 1428 4598 autem
1457 4539 1706 4613 flagellis
1753 4541 1882 4596 caesi
1935 4541 2046 4599 do—

399 4635 576 4692 minis
607 4635 734 4692 suis
761 4635 1094 4690 traduntur.

465 4724 524 4780 Si
557 4727 708 4796 quis,
730 4723 871 4780 dum
930 4739 1096 4780 sacra
1126 4721 1420 4795 mysteria,
1445 4721 1528 4777 vel
1589 4717 1742 4775 aliud
1799 4721 2045 4792 quodvis

396 4828 702 4870 sacrorum
733 4811 1063 4868 ofﬁciorum
1104 4811 1420 4884 peragitur,
1455 4811 1508 4866 in
1555 4813 1815 4864 sanctam
1859 4810 2042 4867 eccle-

395 4904 543 4959 siam
593 4901 909 4974 ingressus,
974 4901 1338 4972 episc0pum,
1373 4903 1476 4954 aut
1531 4897 1796 4964 clericos,
1829 4899 2043 4956 aliosve

393 4991 650 5048 ecclesias
707 4989 1009 5046 ministros
1069 4989 1282 5060 injuria
1331 4987 1529 5060 aliqua
1573 4985 1848 5057 effecerit,
1883 4987 2042 5057 jube-

395 5097 522 5137 mus
551 5096 682 5136 eum
725 5078 1002 5150 torqueri,
1033 5085 1087 5134 et
1116 5077 1173 5132 in
1232 5075 1504 5134 exsilium
1559 5074 1838 5146 relegari:
1869 5080 2044 5146 atque

393 5173 441 5226 si
473 5186 635 5226 sacra
666 5169 940 5238 mysteria
969 5175 1024 5222 et
1065 5167 1332 5236 liturgias
1383 5164 1718 5230 turbaverit,
1743 5168 1845 5219 aut
1899 5164 2046 5220 cele-

395 5259 550 5314 brari
607 5256 991 5328 prohibuerit,
1025 5255 1210 5328 capite
1256 5253 1447 5324 plecti.
1479 5253 1636 5308 Idem
1703 5255 2044 5308 observetur

395 5346 569 5402 etiam
631 5347 690 5400 in
742 5345 1236 5418 processionibns,
1269 5344 1328 5398 in
1388 5342 1600 5413 quibus
1650 5342 1906 5414 episcopi
1953 5341 2042 5400 vel

396 5433 588 5492 clerici
615 5437 1021 5507 reperiuntur;
1058 5449 1302 5505 nemque
1331 5434 1382 5489 si
1413 5433 1547 5504 quis
1593 5432 1783 5487 solum
1835 5441 2044 5486 contu-

399 5524 570 5580 melia
600 5525 874 5592 effecerit,
907 5524 1214 5579 tormentis
1261 5528 1316 5578 et
1363 5521 1565 5578 exsilio
1612 5521 1755 5587 luet,
1787 5522 1878 5576 sin
1911 5537 2044 5576 vero

400 5609 828 5689 processidnem
860 5615 1252 5688 dissipaverit,
1285 5615 1474 5687 capite
1505 5611 1791 5686 punietur.

1669 384 2046 451 ΜΔΤΤΗᾹΞῙ
2088 385 2521 453 BLASTARIS

2067 533 2122 599 Α

3675 386 3794 455 172

2839 524 3091 600 Νόμοι.

2222 635 2278 686 Ὁ
2309 627 2365 684 δὲ
2395 630 2564 704 νόμος
2592 630 2912 706 ἀπαγορεύει
2957 633 3054 706 μὲν
3103 639 3217 696 τοῖς
3265 631 3584 698 ἐπισκόποις
3622 633 3797 704 πλήτ-

2149 738 2260 772 τειν
2311 721 2496 792 χερσὶν
2547 719 2775 781 οἰκείαις
2841 719 2950 796 οὐχ
3004 718 3169 795 ὥρισε
3215 718 3271 777 δὲ
3303 723 3532 792 ποινήν·
3571 727 3800 800 γενικῶς

2153 803 2212 860 δὲ
2260 807 2382 881 περὶ
2441 807 2642 869 παντὸς
2697 808 2996 872 τύπτοντος
3027 809 3063 880 ἢ
3098 805 3423 885 ὑϐρίζοντος
3479 808 3798 886 διορίζεται,

2153 892 2337 959 διδοὺς
2393 899 2512 952 κατ’
2568 897 2742 954 αὐτῶν
2799 899 2900 968 τήν
2953 898 3078 974 περὶ
3135 895 3343 975 ὕϐρεως
3399 901 3800 979 ἄγωγήν,ἥτις

2150 985 2242 1040 καὶ
2300 991 2666 1064 χρηματικῶς
2722 993 2952 1044 κινεῖται
3033 987 3126 1044 καὶ
3204 989 3655 1066 ἐγκληματικῶς,
3709 990 3804 1045 καὶ

2153 1070 2446 1149 διορίζεται
2485 1076 2616 1152 ποία
2640 1075 2774 1132 ,ἐστὶ
2819 1083 3050 1154 τραχεῖα
3092 1073 3270 1154 ὕϐρις,
3316 1081 3450 1136 ποία
3488 1077 3538 1136 δ’
3566 1078 3808 1156 ἔλαφρά.

2225 1255 2282 1306 Ὅ
2337 1251 2631 1325 ἱερέα,ε’ίτε
2687 1253 2740 1309 ἐν
2800 1253 3086 1328 ἐκκλησίᾳ,
3139 1253 3244 1312 εἴτε
3299 1255 3353 1312 ἐν
3414 1255 3544 1332 λιτῇ
3592 1255 3804 1332 ἐπιχει-

2157 1345 2264 1414 ρῶν
2291 1340 2530 1412 τύπτειν,
2561 1342 2902 1420 ἐξοριζέσθω.

2225 1432 2348 1486 Ἐὰν
2403 1427 2586 1508 βλαϐᾗ
2631 1437 2789 1504 σῶμα
2840 1433 3143 1505 ἐλεύθερον,
3177 1437 3212 1506 ἡ
3261 1432 3534 1508 καταδίλη
3592 1435 3808 1512 γίνεται

2154 1519 2232 1580 εἰς
2259 1521 2358 1589 τὴν
2389 1517 2629 1592 δαπάνην
2672 1529 2772 1592 τῆς
2817 1522 3078 1600 ἰατρείας,
3104 1525 3210 1604 καὶ.
3241 1526 3343 1595 τήν
3389 1524 3664 1581 ἀπώλειαν
3699 1533 3808 1595 τῆς

2152 1608 2428 1688 ἐργασίας,
2462 1612 2524 1666 οὗ
2559 1615 2668 1687 μὴν
2711 1620 2814 1684 τῆς
2859 1615 3174 1693 ἀμορφίας·
3226 1621 3386 1690 σῶμα
3431 1618 3532 1692 γὰρ
3581 1615 3812 1672 ἐλεύθε-

2157 1721 2250 1776 ρον
2284 1701 2346 1756 ού
2377 1700 2714 1778 διατιμᾶται.
2748 1710 2804 1762 Ὁ
2847 1702 2903 1761 δὲ
2950 1711 3110 1782 σῶμα
3141 1705 3344 1763 δούλου
3385 1707 3600 1784 βλάψας
3631 1709 3805 1763 άπαι-

2151 1796 2323 1847 τεῖται
2352 1795 2490 1870 πρὸς
2544 1800 2660 1858 τοῖς
2701 1796 3014 1871 εἰρημένοις
3060 1799 3148 1854 καὶ
3198 1800 3300 1869 τήν
3349 1796 3647 1855 ἐλάττωσιν
3699 1805 3806 1868 τῆς

2079 1909 2128 1976 Β
2160 1877 2384 1955 διατιμή
2393 1903 2528 1946 σεως
2557 1884 2745 1942 αὑτοῦ.

2553 1993 2750 2046 ΑΡΧΗ
2787 1997 2910 2047 ΤΟΥ
2949 1999 2986 2046 Υ
3024 1995 3411 2052 ΣΤΟΙΧΕΙΟΥ.

2482 2101 2744 2156 ΚΕΦΑΛ.
2814 2101 2890 2154 Α’·
2961 2100 3118 2175 Περὶ
3185 2096 3480 2177 ὕϐρεων.

2231 2201 2390 2270 Ζήτει
2417 2201 2480 2255 τὸ
2513 2206 2552 2270 ζ’
2580 2201 2878 2278 κεφάλαιον
2907 2208 3005 2258 τοῦ
3037 2207 3076 2260 Β
3109 2204 3411 2284 στοιχείου.

2233 2293 2294 2347 Ὁ
2325 2287 2382 2344 δὲ
2419 2293 2488 2344 νε¹
2519 2294 2626 2346 τῶν
2671 2289 2840 2368 ἁγίων
2889 2293 3212 2350 ἀποστόλων
3263 2297 3460 2364 κανὼν,
3491 2291 3570 2352 ἔτι
3608 2294 3666 2351 δὲ
3712 2299 3808 2352 καὶ

2168 2381 2181 2396 1
2280 2380 2290 2395 1
2342 2380 2356 2398 f
2496 2380 2510 2396 ἱ
2597 2377 2657 2402 ηδ
2805 2379 2825 2398 ἰ
2879 2381 2891 2400 Ι

2161 2397 2190 2434 o
2219 2400 2312 2449 νς,
2359 2387 2398 2434 Ο
2455 2399 2549 2435 τον
2609 2399 2742 2434 ιοιον
2803 2402 3095 2438 επισκοπον
3122 2379 3344 2458 ὑϐρίσας
3389 2383 3652 2460 κληρικὸς
3682 2389 3812 2442 καθ-

2160 2469 2440 2540 αιρείσθω,
2473 2469 2641 2546 φησί’
2677 2494 2705 2522 ‹‹
2739 2474 3027 2546 ’Ἄρχοντα
3079 2473 3182 2548 γὰρ
3225 2478 3324 2528 τοῦ
3373 2471 3509 2529 λαοῦ
3555 2496 3670 2540 σου,
3705 2477 3812 2530 οὐκ

2161 2557 2300 2632 ἐρεῖς
2331 2563 2539 2618 κακῶςο
2571 2582 2599 2610 »ι
2627 2561 2868 2622 Μωσέως
2911 2566 3073 2616 τοῦτο
3117 2565 3215 2617 τοῦ
3263 2563 3402 2619 πάνυ
3451 2567 3628 2638 φωνή.
3661 2584 3812 2639 Πρε-

2162 2641 2420 2720 σϐύτερον
2461 2644 2516 2702 δὲ
2547 2647 2583 2717 ἢ
2617 2645 2870 2704 διάκονον
2902 2649 2930 2704 ὑ
2963 2646 3189 2724 ὑϐρίσας
3221 2651 3557 2729 άφοριζὲσθω
3581 2673 3594 2685 ·
3627 2656 3663 2723 ἡ
3702 2655 3811 2730 γὰρ

2159 2735 2294 2809 πρὸς
2343 2737 2432 2790 τὸν
2487 2736 2710 2808 μείζονα
2751 2733 2926 2814 ὕϐρις,
2957 2739 3048 2794 καὶ
3100 2745 3355 2812 μείζονος
3407 2741 3526 2814 ἀξία
3579 2749 3679 2812 τῆς
3722 2765 3811 2798 τι-

2161 2826 2394 2899 μωρίας,
2425 2825 2715 2888 ὶλάττονος
2745 2823 2802 2882 δὲ
2835 2828 2872 2896 ἢ
2903 2828 3040 2902 πρὸς
3086 2829 3214 2892 τοὺς
3258 2829 3566 2894 ἐλάττονας.
3597 2837 3655 2886 Ὁ
3705 2833 3808 2904 μὲν

2155 2916 2258 2990 γὰρ
2307 2916 2550 2992 κεφαλῆς
2597 2915 2782 2990 ἐπὲχει
2831 2918 3001 2972 τόπον
3049 2922 3132 2990 τῷ
3175 2918 3390 2992 σώματι
3436 2927 3537 2990 τῆς
3569 2920 3812 2994 Ἐκκλη-

2159 3005 2296 3074 σίας,
2355 3005 2407 3058 οἱ
2477 3001 2535 3058 δὲ
2594 3010 2797 3080 χειρῶν
2869 3007 2957 3062 καὶ
3032 3011 3140 3062 τῶν
3211 3005 3536 3066 διακονικῶν
3604 3010 3807 3086 ἑτέρων

2163 3093 2366 3168 μελῶν.

2227 3275 2288 3332 Ὀ
2332 3272 2390 3329 δὲ
2435 3277 2530 3345 νζ’,
2573 3275 2672 3330 Καὶ
2717 3277 2745 3330 ὁ
2794 3275 3004 3355 χωλὸν,
3045 3277 3080 3348 ἢ
3117 3277 3348 3358 τυφλὸν,
3379 3279 3416 3350 ἢ
3473 3279 3568 3345 τὰς
3618 3279 3811 3356 βάσεις

2153 3362 2507 3436 πεπλημένον
2593 3363 2888 3440 χλευάσας,
2969 3365 3334 3444 ἀφοριζεσθω,
3413 3369 3598 3444 φησὶν,
3685 3369 3804 3427 ε’ίτε

2152 3451 2418 3527 κληρικὸς
2447 3452 2556 3524 ε’ίη,
2599 3452 2706 3508 ε’ίτε
2735 3459 2844 3509 τῶν
2865 3459 2963 3510 τοῦ
3008 3457 3168 3512 λαοῦ.
3199 3456 3336 3518 Τοὺς
3376 3459 3659 3521 τοιούτους
3695 3461 3805 3534 γάρ

2153 3543 2324 3600 ἐλεεῖν
2385 3543 2598 3618 μᾶλλον
2654 3542 2774 3600 δέον
2834 3550 2994 3621 χεῖρα
3053 3546 3256 3623 βοηθόν
3311 3547 3692 3625 ἐπορὲγοντας,
3764 3553 3802 3620 ἢ

2154 3632 2364 3708 χλεύης
2393 3633 2483 3688 καὶ
2511 3633 2752 3708 γέλωτος
2781 3636 3051 3691 ποιεῖσθαι
3093 3637 3368 3695 ὑπόθεσιν.

2844 3815 3092 3888 Νόμομ

2223 3922 2285 3973 Ἣ
2333 3924 2564 3994 τραχεῖα
2593 3915 2747 3994 ὕϐρις
2777 3920 2812 3991 ἢ
2853 3920 2959 3977 άπὸ
2988 3926 3086 3977 τοῦ
3133 3923 3458 3998 προσώπου,
3492 3924 3527 3994 ἢ
3557 3923 3666 3982 ἀπὸ
3694 3932 3799 3982 τοῦ

2151 4007 2498 4083 πράγματος,
2556 4010 2590 4079 ἢ
2660 4009 2766 4064 ἀπὸ
2835 4015 2932 4066 τοῦ
2995 4012 3170 4068 τόπου
3234 4014 3592 4084 κανονίζεται.
3649 4016 3799 4073 Ἀπὸ

2150 4098 2472 4170 προσώπου,
2529 4097 2654 4152 ὅταν
2704 4097 2933 4172 ἄρχοντι
2991 4100 3027 4170 ἢ
3081 4103 3322 4176 πάτρωνι
3374 4102 3636 4180 γένητιιιι⁸
3685 4105 3798 4161 ἀπὸ

2148 4187 2343 4254 τόπου,
2391 4185 2516 4240 ὅταν
2567 4187 2618 4242 ἐν
2671 4189 2878 4264 θεάτρῳ
2935 4189 3148 4246 πάντων
3197 4193 3493 4265 ὁρώντων’
3543 4193 3650 4248 ἀπὸ
3695 4199 3798 4248 τοῦ

2151 4274 2492 4350 πράγματος,
2526 4275 2654 4330 ὅταν
2684 4277 2776 4331 καὶ
2804 4282 3020 4353 τραῦμα
3068 4279 3308 4355 γένηται,
3340 4281 3374 4350 ἢ
3407 4277 3531 4355 ὄψις
3578 4281 3795 4359 πληγῆ.

2151 4363 2214 4418 Οἱ
2244 4368 2486 4418 τοιοῦτοι
2535 4364 2571 4435 ἢ
2617 4367 2749 4440 πρὸς
2797 4368 2984 4440 καιρὸν
3033 4369 3390 4444 ἐξορίζονται,
3419 4368 3456 4441 ἤ
3499 4393 3644 4435 τινος
3687 4393 3794 4427 κω-

2153 4450 2374 4508 λύονται
2431 4453 2758 4530 πράγματος
2815 4449 3025 4531 ἔντιμοι
3082 4457 3269 4522 ὄντες*
3300 4457 3346 4514 εἷ
3404 4457 3461 4514 δὲ
3513 4459 3797 4532 ἐλεύθεροι

2154 4541 2248 4613 μὶν
2308 4541 2436 4608 εἶεν,
2467 4541 2703 4606 εὐτελεῖς
2762 4541 2840 4613 δὲ,
2873 4543 3305 4618 ῥοπαλίζονταιο
3359 4547 3406 4602 εί
3465 4545 3522 4603 δὲ
3579 4545 3799 4620 δοῦλοι,

2079 4649 2123 4713 D
2155 4629 2672 4706 φραγγελιζόμενοι,
2691 4636 2771 4705 τῷ
2803 4631 3037 4710 δεσπότῃ
3067 4634 3438 4694 ἀποδίδονται.

2229 4717 2291 4773 Ε⁰ί
2321 4740 2404 4781 τις
2435 4724 2543 4774 τῶν
2573 4721 2730 4776 θείων
2785 4723 3100 4798 μυστηρίων
3139 4726 3174 4797 ἢ
3225 4731 3333 4782 τῶν
3382 4725 3569 4784 ἄλλων
3623 4725 3800 4801 ἁγίων

2156 4807 2512 4884 λειτουργιῶν
2615 4807 3048 4887 ἐπιτελουμένων
3141 4814 3220 4877 εἰς
3300 4815 3449 4890 ἁγίαν
3534 4812 3802 4871 εἷσελθὼν

2151 4893 2465 4967 ἐκκλησίαν,
2495 4903 2572 4970 τῷ
2627 4899 2929 4976 ἐπισκόπῳ,
2961 4903 2998 4974 ἢ
3054 4908 3172 4966 τοῖς
3227 4902 3540 4978 κληρικοῖς,
3587 4904 3624 4974 ἢ
3676 4910 3802 4968 τοῖς

2151 4981 2349 5047 ἄλλοις
2407 4986 2701 5062 ὑπηρέταις
2760 4997 2857 5059 τῆς
2913 4990 3207 5062 ἰκκλησίας
3265 4987 3474 5070 ὕϐρεώς
3510 5014 3561 5048 τι
3594 4991 3804 5070 ἐπαγά-

2151 5091 2263 5146 γοι,
2303 5071 2598 5147 κελεύομεν
2649 5081 2840 5132 τοῦτον
2900 5079 3164 5153 βασάνους
3222 5080 3538 5154 ὑπομεῖναι,
3569 5082 3660 5136 καὶ
3719 5081 3803 5144 είς

2152 5159 2360 5237 ἐξορίαν
2385 5167 2732 5238 πεμφθῆναι·
2767 5165 2812 5222 εἶ
2846 5164 2902 5222 δὲ
2930 5167 3021 5224 καὶ
3052 5170 3187 5224 αύτᾶ
3232 5171 3300 5225 τὰ
3357 5172 3475 5226 θεῖα
3523 5174 3803 5245 μυστήρια

2152 5250 2242 5304 καὶ
2293 5251 2389 5315 τὰς
2442 5253 2784 5330 λειτουργίας
2822 5257 3043 5332 ταράξοι
3099 5259 3136 5328 ἢ
3195 5259 3553 5316 ἐπιτελεῖσθαι
3610 5259 3798 5316 κωλύ-

2153 5361 2262 5411 σοι,
2291 5343 2599 5417 κεφαλικῶς
2653 5349 3052 5422 τιμωρεῖσθαι’
3111 5349 3308 5405 τούτου
3363 5350 3528 5404 αὑτοῦ
3565 5349 3656 5405 καὶ
3709 5349 3802 5405 ἐπὶ

2151 5433 2269 5489 ταῖς
2331 5428 2528 5502 λιταῖς,
2561 5432 2612 5486 ὲν
2667 5433 2751 5496 αἷς
2811 5433 3097 5492 ἐπίσκοποι
3129 5437 3165 5507 ἢ
3205 5437 3467 5512 κληρικοί
3517 5437 3806 5513 εὑρίσκον-

2149 5537 2262 5584 ται,
2314 5517 2759 5595 φυλαττομένουο
2815 5523 2926 5594 Ἷνα,
2983 5526 3028 5581 εἰ
3091 5527 3187 5600 μὲν
3241 5522 3396 5599 ὕϐριν
3471 5547 3553 5590 τις
3633 5529 3802 5602 μόνον

2151 5607 2399 5676 ποιήσοι,
2434 5609 2688 5682 βασάνοις
2745 5615 2833 5669 καὶ
2894 5613 3074 5691 ἐξορίᾳ
3127 5615 3436 5691 παραδοθῇ,
3493 5616 3538 5672 εί
3593 5613 3652 5672 δὲ
3711 5619 3804 5673 καὶ

2151 5696 2250 5764 τήν
2285 5693 2444 5766 λιτήν
2476 5695 2839 5774 διασκεδάσοι,
2871 5702 3162 5783 κεφαλικὸν
3208 5703 3456 5764 κίνδυνον
3510 5707 3802 5785 ὑπομείνῃ.
