4080 6224
285 391 382 454 173

339 617 476 685 lifts:
506 615 556 670 ἐν
587 622 664 689 τῷ
790 638 908 694 κεφ.
941 623 1037 672 τοῦ
1086 627 1127 675 Α
1160 621 1461 695 στοιχείου,
1491 623 1579 677 καὶ
1630 621 1682 676 ἐν
1725 626 1802 693 τῷ
1833 622 1883 693 η’

277 725 376 777 asc.
404 710 493 759 τοῦ
521 712 567 762 Κ
599 708 878 782 στοιχείου
907 708 1107 764 κανόνα
1138 708 1225 786 λβ⁹
1253 717 1355 780 τῆς
1388 713 1431 775 ς’
1464 710 1714 768 συνόδου.

572 802 828 854 ΚΕΦΔΛ.
870 800 941 853 Γ’.
986 800 1141 874 Περὶ
1181 800 1544 864 υἱοθεσίας.

336 885 477 953 Ζήτει
507 883 559 939 ὲν
588 884 670 959 τῷ
699 909 733 957 η
766 907 888 967 nec.
918 892 1018 943 τοῦ
1050 891 1090 946 Β
1123 890 1422 966 στοιχείου.

328 977 377 1032 Ὀ
404 976 656 1030 υἱοθετῶν
686 977 894 1055 ὀφείλει
931 977 1132 1051 μείζων
1163 979 1299 1034 εἶναι
1345 979 1481 1033 κατὰ
1508 979 1607 1047 τήν
1656 979 1879 1049 ἠλικίαν

270 1070 350 1121 τοῦ
374 1066 783 1140 υἱοθετουμένου
818 1070 1038 1143 χρόνοις
1071 1070 1142 1140 ιη’
1170 1088 1184 1101 ·
1228 1071 1263 1139 ἡ
1295 1069 1399 1145 γὰρ
1433 1068 1577 1131 θέσις
1627 1075 1879 1143 μιμεῖται

268 1155 349 1222 τήν
377 1153 545 1229 φύσιν.
1579 1204 1582 1206 η

271 1249 489 1298 ΚΕΦΑΛ.
521 1247 599 1300 Δ⁹.
638 1245 790 1318 Περί
824 1245 1171 1320 ὑπηρετῶν
1204 1245 1356 1315 ἤτοι
1390 1244 1873 1304 ὑποδιακόνων.

325 1337 374 1385 Ὁ
398 1340 471 1386 κα¹
507 1339 601 1402 τῆς
650 1332 703 1387 ἐν
751 1331 1048 1407 Λαοδικείᾳ
1096 1331 1324 1390 συνόδου
1354 1337 1555 1403 κανὼν,
1606 1335 1722 1393 Οὐκ
1767 1335 1874 1406 ἐξε-

268 1440 354 1492 οτι,
381 1421 524 1496 φησί,
570 1425 689 1484 τοῖς
738 1422 1057 1497 ὑπηρέταις,
1086 1422 1138 1478 ἐν
1186 1428 1266 1496 τῷ
1297 1424 1444 1479 οὕτω
1492 1444 1612 1486 πως
1657 1423 1874 1497 ὠνομα-

266 1510 420 1581 σμένῳ
460 1508 773 1584 διακονικῷ,
802 1517 908 1567 τῶν
957 1514 1121 1587 ἰερῶν
1174 1514 1429 1568 ἅπτεσθαι
1479 1517 1707 1579 σκευῶν,
1738 1516 1876 1586 πρὸς

258 1598 314 1652 τὸ
354 1595 418 1653 δι’
460 1597 636 1654 αὐτῶν
692 1600 1041 1677 ἱερουργῆσαι
1110 1599 1372 1673 δηλονότι
1424 1601 1491 1658 τὰ
1547 1603 1623 1664 εἷς
1682 1605 1870 1658 θυσίαν

261 1686 662 1765 προσφερόμενα,
710 1690 804 1744 τὸν
852 1689 1033 1764 ἄρτον,
1085 1692 1254 1770 φημὶ,
1303 1690 1394 1745 καὶ
1440 1691 1533 1746 τὸν
1585 1694 1756 1763 οἶνον,
1813 1690 1873 1746 ἐκ

258 1780 348 1831 τῶν
372 1777 737 1852 περιεχόντῶν
772 1776 1066 1848 ὑποδηλῶν
1098 1779 1165 1834 τὰ
1193 1779 1560 1856 περιεχόμενα
1593 1801 1603 1810 ·
1653 1779 1715 1835 οὑ
1763 1781 1869 1856 γὰρ

1251 398 1695 463 SYNTAGMA
1736 399 2363 462 ALPHABETICUM.
2410 438 2485 449 —-
2530 413 2678 468 Υυφ.

284 531 502 581 ΚΕΦΔΛ.
534 529 609 584 B'.
645 529 801 603 Περί
842 526 1463 602 Ὑδροπαραστατῶν
1501 534 1876 607 αἱρετικῶν.
1910 538 1964 602 Α

3519 426 3633 488 1η

2191 537 2346 592 CAP.
2395 536 2461 592 ll.
2512 541 2587 595 De
2630 542 3104 620 Hydroparastutis
3137 552 3427 613 haereticis.

2063 625 2261 688 Quaere
2291 625 2351 680 in
2381 641 2510 699 cap.
2538 629 2574 681 2
2603 628 2716 687 litt.
2752 636 2811 699 A,
2843 640 2901 691 et
2928 637 2984 693 in
3018 656 3144 713 cap.
3176 644 3211 698 8
3242 643 3352 701 litt.
3379 647 3439 702 Κ.
3464 664 3635 707 cano-

1989 731 2121 772 nem
2152 717 2223 772 52
2252 720 2457 789 synodi
2480 724 2675 779 sextae.

2434 807 2586 865 CAP.
2631 812 2730 869 III.
2761 815 2835 870 De
2863 817 3168 892 adoptione.

2094 894 2241 951 Vide
2270 892 2330 951 in
2362 914 2491 971 cap.
2520 900 2555 955 8
2586 900 2696 958 litt.
2729 903 2791 958 B.

2059 984 2168 1051 Qui
2206 987 2445 1058 adoptat
2475 990 2744 1062 adoptato
2775 997 2963 1068 major
2995 1001 3061 1055 18
3080 1003 3249 1060 annis
3278 1020 3407 1064 esse
3435 1008 3628 1067 debet.

1987 1073 2139 1130 Nam
2164 1075 2396 1147 adoptio
2427 1082 2695 1137 naturam
2721 1085 3009 1157 sequitur.

2058 1255 2207 1312 25]
2252 1259 2399 1314 CAP.
2424 1260 2517 1315 IV.
2558 1264 2630 1317 De
2659 1266 2934 1322 ministris
2962 1269 3077 1325 sive
3106 1270 3519 1343 hypodiaconis.

2055 1344 2253 1401 Canon
2299 1347 2364 1402 21
2416 1350 2622 1420 synodi
2670 1353 3025 1413 Laodicenm.
3066 1359 3191 1417 Non
3222 1361 3376 1433 licet,
3416 1365 3629 1439 inquit,

1986 1433 2274 1492 ministris
2322 1436 2381 1493 in
2427 1438 2572 1507 loco,
2622 1443 2723 1513 qui
2767 1451 3003 1504 vocatur
3048 1449 3434 1525 diaconicum,
3468 1474 3631 1517 sacra

1980 1539 2120 1579 vasa
2167 1525 2468 1594 attingere,
2502 1545 2715 1603 nempe
2764 1533 2835 1589 ad
2863 1536 3319 1599 ministrandum
3378 1560 3447 1602 ea
3501 1564 3629 1620 qua

1981 1611 2041 1667 in
2106 1613 2453 1670 sacriﬁcium
2504 1618 2853 1689 oﬂ‘eruntur,
2931 1641 3163 1697 panem,
3213 1630 3364 1702 dico,
3432 1639 3491 1693 et
3535 1637 3631 1694 vi-

1980 1715 2147 1768 num,
2202 1716 2305 1772 per
2347 1703 2651 1762 continens
2703 1710 2936 1780 quidem
2994 1714 3049 1770 id
3103 1718 3259 1788 quod
3299 1721 3631 1782 continetur

1981 1789 2367 1848 subinnuens.
2401 1791 2527 1849 Non
2578 1796 2727 1851 enim
2766 1798 2894 1856 istis
2944 1805 3302 1872 permittitur
3347 1810 3629 1870 diacono-

258 1862 431 1941 ἐφεῖται
459 1867 683 1931 τοὺτοις
710 1869 777 1922 τα
822 1872 929 1923 τῶν
974 1865 1239 1923 διακόνων
1290 1868 1553 1943 μετιέναιε
1584 1867 1764 1925 Κένῶν
1814 1866 1866 1925 δὲ

291 1952 314 1964 θ
391 1955 404 1972 ε
476 1959 503 1970 ~
732 1960 760 1972 α
854 1958 880 1972 ὀ
1017 1960 1040 1972 Α
1242 1957 1256 1972 ι
1392 1959 1404 1972 ο
1549 1959 1562 1972 ι
1658 1960 1671 1972 ο

1986 1892 2106 1932 rum
2136 1893 2353 1935 munus
2407 1881 2587 1939 obire.
2622 1885 2772 1943 Vasa
2802 1894 2996 1947 autem
3043 1909 3225 1951 vacua
3277 1900 3538 1972 tangere,
3569 1907 3627 1959 et

255 1952 346 2007 τῶν
391 1955 541 2029 ἱερῶν
596 1960 802 2011 σκευῶν
846 1958 1124 2027 ἅπτεσθαι,
1168 1957 1259 2013 καὶ
1308 1959 1445 2031 πρὸς
1502 1959 1602 2026 τήν
1658 1960 1864 2034 ἱερουρ·

257 2043 360 2117 γίαν
406 2044 739 2117 ἑτοιμάζειν,
790 2047 881 2101 καὶ
929 2048 1063 2121 μετὰ
1108 2052 1275 2103 τοῦτο
1331 2046 1730 2121 περιστέλλειν,
1774 2047 1863 2101 καὶ

254 2130 298 2184 ἐν
336 2132 476 2205 καλῷ
521 2139 624 2189 τοῦ
668 2137 770 2190 νεὼ
813 2138 1042 2208 τιθέναι,
1070 2141 1187 2199 τοῖς
1238 2135 1616 2198 ὑποδιακόνοις
1662 2136 1864 2198 παντὸς

256 2220 444 2292 μᾶλλον
471 2230 755 2299 προσῆκον
792 2245 804 2256 ·
836 2230 999 2282 τοῦτο
1030 2225 1118 2281 καὶ
1158 2227 1261 2301 γὰρ
1290 2226 1475 2288 αὐτοῖς
1507 2228 1541 2295 ἡ
1594 2224 1860 2280 διακονία.

312 2312 364 2365 Ὁ
392 2309 446 2365 δὲ
474 2314 546 2366 κε’
596 2310 722 2367 οὑδὲ
750 2311 916 2389 ἄρτον
958 2312 1189 2384 διδόναι,
1218 2316 1253 2386 ἢ
1304 2317 1571 2389 ποτήριον
1612 2313 1863 2390 εὐλογεῖν

252 2397 406 2471 ἐφίησι
436 2401 526 2455 τὸν
560 2403 868 2478 ὑπηρέτην,
906 2404 1026 2473 ἤτοι
1056 2406 1147 2459 τὸν
1176 2402 1558 2459 ὑποδιάκονον.

310 2579 362 2635 Ὁ
390 2577 443 2634 δὲ
476 2585 564 2656 μγ¹
607 2577 733 2636 οὔτε
779 2586 876 2636 τοῦ
924 2581 1062 2637 λαοῦ
1114 2583 1506 2658 ὑπερεόχεσθαι
1553 2584 1679 2642 τοὺς
1726 2583 1865 2636 ὑπο-

254 2665 506 2730 διακόνους
556 2669 771 2725 κελεύει
815 2670 867 2725 ἐν
912 2675 990 2742 τῷ
1019 2677 1117 2740 τῆς
1163 2673 1304 2733 θείας
1356 2671 1699 2747 λειτουργίας
1746 2692 1862 2725 και-

253 2757 339 2827 ρῷ,
367 2756 481 2813 οὔτε
512 2762 577 2814 τὰ
629 2760 749 2813 θεῖα
791 2760 1184 2835 μεταχειρίζειν
1235 2764 1527 2836 μυστήρια,
1555 2765 1715 2815 τοῦτο
1762 2761 1864 2835 γὰρ

252 2842 386 2922 ἔργον
433 2851 623 2921 μόνοις
677 2856 792 2913 τοῖς
838 2852 1091 2925 ἱερεῦσιν,
1141 2852 1285 2907 ἀλλά
1341 2858 1459 2912 ταῖς
1515 2851 1699 2926 θύραις
1754 2850 1864 2929 ἐφε-

253 2940 413 2992 στάναι
444 2944 552 2993 τῶν
603 2940 776 3016 ἁγίων
825 2939 1157 3011 ἐκκλησιῶν,
1186 2942 1275 2995 καὶ
1330 2938 1472 3014 μηδὲ
1503 2942 1647 3014 ’πρὸς
1682 2939 1865 3014 βραχὺ

248 3028 430 3083 τούτων
488 3030 838 3107 ἀφίστασθαι,
900 3030 1037 3086 ὥστε
1094 3032 1323 3106 εἰσάγειν
1380 3051 1437 3084 τε
1502 3030 1590 3084 καὶ
1665 3028 1865 3106 ἐξάγειν

248 3116 354 3178 τοὺς
382 3120 859 3194 κατηχουμένους,
891 3122 1017 3183 τοὺς
1049 3118 1104 3175 έν
1139 3120 1413 3195 μετανοίᾳ,
1445 3120 1535 3173 καὶ
1563 3117 1691 3180 τοὺς
1743 3119 1866 3223 λοι-

318 3206 331 3223 ,
410 3209 471 3223 ..,
535 3206 581 3223 η.
712 3210 726 3223 .
837 3211 862 3221 ,-
1017 3215 1043 3223 ..
1174 3217 1197 3223 κ
1280 3211 1337 3223 .._
1410 3211 1430 3223 .
1531 3209 1542 3223 .

247 3206 382 3267 πούς.
410 3209 499 3263 ’Ἐν
533 3206 592 3263 δὲ
638 3210 729 3263 καὶ
766 3211 929 3265 τοῦτο
976 3215 1083 3265 τῶν
1132 3217 1233 3280 τῆς
1280 3209 1607 3279 Ἐκκλησίας
1653 3207 1864 3283 ταγμά-

245 3315 355 3367 των,
396 3299 457 3354 τὸ
500 3304 615 3354 τῶν
666 3302 971 3375 ὑπηρετῶν,
1017 3304 1183 3382 φημὶ,
1231 3308 1339 3357 τῶν
1383 3302 1473 3356 καὶ
1518 3303 1860 3377 θεραπευτῶν
1892 3282 1934 3349 C

248 3385 560 3461 λεγομένων,
620 3391 714 3444 καὶ
773 3388 1169 3463 ὑποδιακόνων,
1222 3392 1369 3468 παρὰ
1435 3394 1694 3446 τοσοῦτον
1766 3392 1865 3445 τοῦ

247 3475 420 3532 λαϊκοῦ
466 3477 848 3555 πληρώματος
900 3479 1265 3555 ὑψηλότερον,
1296 3481 1423 3555 παρ’
1453 3479 1578 3536 ὅσον
1627 3484 1734 3534 τῶν
1765 3482 1863 3535 τοῦ

246 3567 476 3640 βήματος
506 3570 913 3643 ταπεινότερον.

302 3659 454 3727 Ζήτει
502 3660 589 3713 καὶ
640 3658 692 3712 ἐν
737 3663 817 3731 τῷ
845 3660 888 3714 θ’
933 3679 1052 3735 κεφ.
1102 3662 1200 3713 τοῦ
1249 3664 1291 3715 Δ
1340 3657 1618 3734 στοιχείου
1666 3658 1863 3756 κανόνα

241 3752 328 3815 τῆς
355 3746 406 3801 ἐν
453 3746 698 3824 Σαρδικῇ
727 3746 957 3803 συνόδου
1013 3749 1069 3802 ιε’
1099 3748 1187 3803 καὶ
1236 3748 1287 3803 ἐν
1316 3752 1396 3820 τῷ
1444 3751 1490 3802 θ’
1522 3769 1640 3826 κεφ.
1691 3746 1788 3802 τοῦ
1819 3754 1858 3802 Σ

246 3837 500 3914 στοιχείου
548 3838 748 3892 κανόνα
774 3844 874 3907 τῆς
927 3836 978 3892 ἐν
1021 3834 1312 3910 Λαοδικείᾳ
1358 3832 1443 3892 κ6’
1473 3842 1561 3892 καί
1606 3839 1707 3914 κγ’.
1751 3839 1859 3909 Ζή-

241 3945 308 3979 τει
334 3926 418 3980 καί
447 3928 509 3982 τὸ
543 3925 600 3981 λ’
632 3947 751 4003 κεφ.
784 3931 881 3981 τοῦ
915 3933 953 3982 Ε
982 3926 1279 4005 στοιχείου.

551 4021 807 4073 ΚΕΦΑΛ.
848 4016 923 4073 E'.
968 4017 1123 4089 Περί
1164 4010 1525 4074 ὑποϐόλου.

302 4109 357 4160 Ἡ
404 4104 497 4159 τοῦ
542 4110 716 4181 σοφοῦ
762 4105 992 4168 Λέοντος
1043 4107 1225 4182 νεαρὰ,
1278 4106 1512 4162 Πλείονα
1561 4104 1644 4161 δεῖ
1699 4107 1858 4177 εἶναι,

242 4194 377 4267 cmi,
435 4196 535 4263 τὴν
605 4198 807 4266 προῖκα
852 4199 949 4248 τοῦ
1011 4189 1293 4249 ὑποὸόλου
1328 4213 1340 4226 ·
1397 4199 1495 4249 τοῦ
1553 4192 1610 4248 δὲ
1665 4191 1858 4268 ἀνδρὸς

238 4282 441 4338 ἀτέκνου
488 4282 940 4354 τελευτήσαντος,
974 4283 1035 4337 ἂν
1070 4285 1146 4357 μή
1196 4287 1343 4359 παρῇ
1387 4283 1697 4359 σύμφωνον,
1730 4283 1858 4338 ἂνα-

237 4370 499 4440 κομίζετάι
551 4374 587 4441 ἡ
638 4373 769 4446 γυνή
812 4374 912 4442 τήν
962 4393 1021 4427 τε
1070 4377 1270 4446 προῖκα
1316 4372 1403 4426 καὶ
1447 4373 1510 4427 τὸ
1561 4368 1857 4432 ὑπόϐολον.

236 4459 311 4512 καὶ
341 4459 503 4517 πλέον
558 4458 741 4518 οὑδέν.
776 4459 834 4516 Εἴ
886 4459 943 4516 δὲ
985 4462 1086 4530 τήν
1133 4466 1364 4538 γυναῖκα
1411 4463 1440 4516 ὁ
1483 4460 1705 4527 θάνατος
1752 4460 1859 4518 δια-

235 4550 425 4619 στάσει,
456 4557 560 4620 τῆς
613 4551 710 4625 μὲν
762 4552 814 4605 οἱ
861 4550 1205 4626 κληρονόμοι
1250 4553 1349 4622 τὴν
1391 4556 1593 4622 προῖκα
1639 4550 1859 4626 λαμϐα-

235 4635 446 4692 νέτωσαν
483 4658 498 4672 ·
570 4640 601 4694 ὁ
648 4637 708 4694 δὲ
772 4639 909 4715 ἀνὴρ
966 4643 1065 4694 τοῦ
1122 4637 1264 4694 ἰδίου
1322 4642 1401 4714 μὴ
1454 4638 1854 4716 ἂποστερείσθω
1886 4652 1931 4718 D

236 4722 519 4786 ὑποϐόλου.

607 4822 789 4872 ΑΡΧΗ
828 4821 950 4871 ΤΟΥ
987 4821 1036 4870 Φ
1077 4822 1453 4875 ΣΤΟΙΚΕΙΟΥ.

522 4908 785 4964 ΚΕΦΑᾹ.
828 4905 904 4964 Δ’.
949 4907 1104 4979 Περὶ
1147 4905 1542 4964 Φαλκιδίου.

291 4993 587 5058 Φαλκιδιός
620 4994 732 5050 ἐστι
778 4994 945 5068 νόμος
992 4999 1290 5070 περιαιρῶν
1324 4997 1429 5052 ἀπὸ
1475 5003 1585 5053 τῶν
1630 4996 1852 5074 λεγατα-

233 5084 345 5154 ρίων
372 5086 435 5140 τὸ
482 5086 673 5158 τρίτον
725 5085 887 5160 μέρος
916 5091 1016 5155 τῆς
1067 5091 1337 5158 πατρικῆς
1382 5087 1589 5159 οὐσίας,
1621 5088 1709 5142 καὶ
1761 5109 1857 5144 πε-

234 5179 439 5243 ριποιῶν
490 5180 575 5247 τῷ
617 5173 958 5248 κληρονόμῳ
993 5191 1004 5205 ·
1057 5171 1326 5245 ἐπενοήθη
1378 5173 1435 5231 δὲ
1476 5176 1703 5250 προνοίᾳ
1748 5180 1855 5232 τῶν

230 5259 440 5334 nidum,
488 5262 585 5319 ’ίνα
634 5264 689 5319 οἱ
737 5262 953 5340 φυσικοὶ
999 5258 1347 5339 κληρονόμοι
1399 5263 1663 5339 πρότερον
1711 5267 1854 5339 θερα-

230 5354 498 5410 πευθῶσιν.
530 5356 690 5411 Ἔστι
722 5349 781 5408 δὲ
809 5356 1059 5415 τοιοῦτος
1092 5372 1105 5386 ο
1139 5352 1203 5408 Εἰ
1238 5354 1333 5427 μέν
1365 5356 1442 5415 εἷς
1474 5351 1548 5409 ὢν
1592 5356 1853 5434 τυγχάνει

229 5443 296 5511 τῷ
320 5446 479 5518 πατρί
510 5448 663 5511 παῖς,
702 5443 737 5512 ἧ
790 5440 910 5513 δόο,
943 5443 979 5512 ἢ
1009 5443 1176 5517 τρεῖς,
1208 5439 1342 5517 ἄχρι
1391 5442 1481 5499 καὶ
1524 5447 1631 5499 τῶν
1663 5444 1853 5500 τεσσά-

229 5547 347 5600 ρων,
378 5530 851 5608 ὑπεξαιρουμένων
901 5532 1166 5606 πρότερον
1211 5536 1322 5588 τῶν
1371 5537 1574 5608 χρεῶν,
1604 5535 1694 5589 καὶ
1739 5539 1848 5590 τῶν

229 5616 273 5672 ἓν
297 5624 362 5693 τῇ
391 5620 587 5693 κηδείᾳ
637 5620 1044 5695 ἀναλωμάτων,
1072 5623 1162 5677 καὶ
1209 5627 1320 5679 τῶν
1360 5623 1442 5680 ἐπ’
1492 5620 1735 5696 εὐσεϐείᾳ
1767 5623 1848 5679 δι-

229 5703 482 5782 δομένων,
514 5706 594 5767 ἔτι
638 5709 694 5767 δὲ
732 5712 822 5767 καὶ
872 5713 982 5765 τῶν
1021 5712 1354 5785 τιμημάτων
1405 5717 1511 5770 τῶν
1557 5713 1848 5790 ἐλευθερωο

1976 1966 2046 2020 ad
2081 1982 2310 2023 sacrum
2343 1969 2600 2062 ofﬁcium
2635 1990 2973 2047 przeparare,
3006 1988 3063 2037 et
3084 1988 3286 2056 postea
3315 1966 3626 2062 deponere,

1974 2058 2029 2109 et
2086 2055 2142 2110 in
2193 2054 2317 2113 loco
2361 2059 2564 2132 templi
2613 2067 2921 2124 commodo
2964 2054 3269 2140 collocare,
3325 2054 3614 2150 hy-podia-Q

1971 2142 2133 2198 conis
2164 2145 2416 2202 maxime
2459 2151 2746 2208 convenit.
2780 2157 2901 2211 Hoc
2933 2157 3089 2216 enim
3127 2176 3326 2219 eorum
3356 2142 3626 2224 ministe-

1973 2230 2119 2286 rium
2155 2238 2264 2290 est.

2012 2321 2237 2378 -Canon
2267 2339 2403 2381 vero
2452 2326 2525 2382 25
2555 2343 2743 2404 neque
2774 2349 2981 2403 panem
3023 2340 3390 2413 distribuere,
3437 2362 3621 2416 neque

1972 2410 2248 2482 poculum
2280 2414 2617 2476 benedicere
2673 2425 2955 2493 permittit
3002 2429 3337 2489 ministrum
3367 2410 3483 2491 sive
3513 2410 3628 2508 hy-

1973 2501 2385 2571 podiaconum.

2045 2594 2229 2661 Atque
2267 2592 2336 2648 43
2376 2596 2540 2666 jubet
2585 2598 3021 2671 hypodiaconos
3065 2627 3249 2685 neque
3281 2634 3383 2689 pro
3413 2624 3622 2695 populo

1973 2696 2159 2748 orare,
2202 2697 2318 2752 quo
2366 2691 2619 2757 tempore
2683 2708 2850 2750 sacra
2901 2701 3176 2769 mysteria
3239 2691 3619 2784 peraguntur,

1973 2783 2158 2838 neque
2214 2786 2377 2828 sacra
2420 2774 2521 2829 illa
2571 2782 2844 2839 manibus
2869 2786 2993 2843 suis
3031 2774 3413 2868 contrectare:
3466 2774 3621 2874 quod

1976 2856 2268 2928 peculiare
2289 2877 2501 2918 munus
2517 2871 2606 2920 est
2623 2872 2992 2931 sacerdotum
3014 2894 3028 2944 ;
3048 2881 3147 2936 sed
3172 2884 3243 2939 ad
3265 2856 3414 2944 fores
3434 2856 3623 2951 adiere

1974 2963 2267 3003 sacrarum
2299 2950 2770 3027 ecclesiarum,et
2802 2978 2872 3017 ne
2903 2968 3202 3027 tantillum
3233 2977 3467 3046 quidem
3491 2980 3622 3038 illas

1975 3035 2321 3108 relinquere,
2355 3048 2412 3094 ut
2461 3044 2687 3113 possint
2723 3050 2967 3109 educere
3009 3060 3066 3111 et
3121 3035 3485 3125 introducere
3531 3086 3624 3127 ca-

1974 3125 2355 3183 techumenos
2385 3132 2779 3201 pmnitentiam
2825 3147 3078 3215 agentes,
3110 3153 3285 3223 atque
3314 3156 3486 3213 etiam

1975 3212 2185 3284 liquos.
2247 3216 2349 3272 Hic
2378 3227 2570 3277 autem
2602 3223 2728 3295 ipse
2765 3242 2832 3284 ex
2871 3212 3618 3318 ordinibus.eccleslatici's,

1973 3302 2194 3359 scilicet
2225 3307 2623 3368 ministrorum
2645 3320 2701 3370 et
2725 3333 3044 3392 servorum,
3079 3330 3143 3382 ut
3171 3338 3471 3399 vocantur,
3515 3302 3619 3394 seu

1976 3390 2505 3495 bypgdiaconorum
2556 3406 2716 3461 tanto
2758 3390 3040 3468 laicorum
3085 3419 3369 3491 superior,
3402 3390 3616 3495 quanto

1974 3477 2251 3549 gradibus
2279 3483 2683 3546 ecclesiasticis
2714 3493 2968 3560 inferior.

2044 3660 2268 3763 Quere_
2286 3669 2343 3720 et
2382 3668 2440 3724 in
2473 3687 2625 3728 nono
2656 3678 2842 3749 capite
2879 3680 2992 3741 litt.
3024 3688 3071 3741 A
3101 3702 3229 3745 can.
3263 3705 3385 3763 syn.
3419 3694 3614 3751 Sardi-

1974 3752 2165 3807 censis
2207 3753 2291 3824 15,
2350 3762 2407 3812 et
2451 3758 2512 3815 in
2554 3762 2590 3816 9
2627 3766 2754 3822 cad.
2796 3767 2904 3827 litt.
2949 3777 2988 3825 Σ
3020 3790 3149 3833 can.
3178 3778 3251 3832 22
3287 3752 3344 3837 et
3381 3782 3452 3837 23
3481 3801 3608 3857 syn.

1977 3839 2329 3900 Laodicenis.
2367 3848 2501 3904 Vide
2531 3852 2706 3910 etiam
2740 3871 2867 3929 cap,
2898 3861 2968 3915 30
2998 3862 3107 3921 litt.
3137 3865 3197 3922 E.
3233 3930 3236 3933 ,

2253 4025 2409 4083 CAP.
2442 4030 2508 4084 V.
2542 4031 2614 4088 De
2630 4032 2925 4095 donatione
2953 4051 3078 4099 ante
3105 4052 3342 4115 nuptias.

2043 4110 2251 4169 Leonis
2280 4115 2570 4189 Sapientis
2621 4127 2961 4186 constitutio
3001 4110 3246 4205 novella,
3278 4138 3503 4211 Dotem,
3530 4144 3612 4200 in-

1970 4201 2115 4270 quit,
2165 4210 2390 4275 oportet
2436 4211 2711 4281 majorem
2763 4231 2892 4274 esse
2938 4201 3272 4283 donatione.
3321 4229 3376 4283 Si
3410 4201 3502 4287 vir
3526 4236 3615 4289 ta-

1971 4305 2103 4346 men
2135 4294 2260 4349 sine
2290 4295 2489 4356 liberis
2522 4304 2823 4374 moriatur,
2857 4313 2913 4363 et
2941 4316 3267 4371 contractus
3298 4334 3413 4375 non
3442 4320 3615 4378 inter-

1969 4384 2228 4451 cesserit,
2259 4390 2463 4459 repetit
2503 4391 2714 4449 mulier
2751 4395 2943 4453 dotem
2975 4403 3031 4454 et
3076 4402 3446 4465 donationem
3480 4416 3614 4467 ante

1970 4471 2230 4542 nuptias,
2261 4482 2317 4530 et
2348 4476 2492 4534 nihil
2542 4486 2766 4552 praeter.
2797 4487 2869 4540 At
2897 4488 2942 4542 si
2981 4504 3137 4547 mors
3167 4495 3441 4568 corripiat
3481 4515 3612 4555 mu-

1970 4557 2189 4631 lierem,
2248 4563 2507 4623 heredes
2563 4570 2750 4642 ipsius
2806 4574 2997 4632 dotem
3040 4557 3357 4653 recipiant;
3393 4588 3494 4643 sed
3525 4588 3613 4644 vir

1962 4664 2128 4706 suam
2160 4653 2528 4713 donationem
2560 4658 2800 4719 minime
2830 4669 3077 4724 amittat.

2322 4836 2483 4897 252
2515 4841 2800 4902 INITIUM
2841 4848 3165 4907 LI'I'I‘ERE
3186 4859 3254 4910 Φ.

2390 4927 2543 4985 CAP.
2579 4932 2621 4986 Ι.
2663 4935 2738 4989 De
2766 4936 2881 5008 lege
2916 4940 3181 4998 Falcidia.

2036 5010 2292 5069 Falcidia
2348 5022 2437 5073 est
2496 5018 2585 5076 lex
2632 5039 2756 5094 qum
2805 5042 2840 5082 a
2886 5026 3088 5101 legatis
3125 5032 3326 5089 eximit
3379 5037 3606 5095 tertiam

1966 5106 2188 5169 partem
2233 5106 2590 5176 patrimonii,
2623 5128 2869 5186 eamque
2908 5115 3118 5175 heredi
3147 5123 3433 5181 concedit.
3468 5125 3608 5184 Lata

1965 5193 2155 5247 autem
2189 5198 2281 5249 est
2340 5192 2651 5256 liberorum
2685 5218 2881 5272 causa,
2931 5212 2995 5264 ut
3033 5212 3397 5269 naturalibus
3426 5214 3608 5272 haere-

1962 5277 2132 5336 dibus
2164 5282 2353 5353 primo
2384 5289 2827 5360 prospiceretur.
2851 5296 2947 5352 Sic
2972 5304 3163 5356 autem
3198 5300 3285 5358 lex
3306 5319 3370 5358 se
3396 5302 3602 5362 habet:

1963 5369 2022 5425 Si
2070 5377 2237 5442 pater
2280 5375 2374 5433 vel
2406 5394 2583 5435 unum
2624 5381 2712 5438 vel
2742 5384 2888 5441 duos
2945 5388 3031 5444 vel
3063 5394 3176 5445 tres
3214 5395 3271 5447 et
3301 5409 3488 5466 usque
3535 5397 3604 5452 ad

1961 5466 2209 5531 quatuor
2233 5463 2382 5521 ﬁlios
2413 5467 2698 5542 habuerit,
2732 5474 3034 5533 subductis
3061 5479 3221 5550 prius
3250 5463 3482 5552 debitis,
3515 5490 3606 5541 at-

1959 5565 2073 5620 que
2124 5555 2458 5626 sumptibus
2490 5556 2547 5615 in
2606 5562 2763 5619 luctu
2807 5564 2993 5633 factis,
3021 5567 3179 5626 etiis
3220 5586 3349 5643 qua":
3375 5571 3436 5629 in
3478 5575 3606 5646 pios

1959 5651 2103 5694 usus
2153 5652 2487 5713 erogantur,
2519 5654 2635 5703 tum
2667 5650 2844 5706 etiam
2885 5654 3064 5723 pretio
3092 5672 3392 5716 servorum
3422 5660 3603 5717 liber-

1956 5728 2074 5784 tate
2111 5729 2535 5805 donandorum,
2569 5737 2853 5810 accipient
2902 5741 3065 5799 liberi
3114 5747 3335 5806 tertiam
3376 5755 3603 5823 partem
