4060 6228
336 406 451 465 175

1626 402 2005 467 ΜΑΤΤΗιΕΙ
2046 401 2475 465 BLASTARIS

3611 397 3724 455 1'16

334 538 621 594 bonorum
669 540 1062 610 paternorum.
1123 537 1224 593 Sin
1268 554 1399 593 vero
1452 538 1713 611 quinque
1762 540 1977 596 fuerint

2092 536 2283 591 θέντων
2343 536 2588 604 οἰκετῶν,
2648 526 3018 606 λαμϐάνουσιν
3080 531 3130 583 οἱ
3191 524 3380 590 παῖδες
3424 527 3488 582 τὸ
3535 532 3584 603 γ’
3626 533 3728 596 τῆς

331 626 523 697 liberi,
554 632 653 684 aut
682 627 855 697 ultra,
879 631 1055 699 atque
1086 626 1343 701 insuper,
1360 629 1983 700 possidentdimidium

332 717 696 783 facultatum,
745 716 1036 788 reliquum
1073 732 1205 773 vero
1238 725 1430 789 parter
1479 716 1751 791 largitur,
1784 724 1848 774 ut
1872 719 1983 792 ipsi

332 807 497 877 tibet,
528 806 617 863 vel
664 807 767 864 uni
813 808 903 864 vel
943 805 1212 879 pluribus
1262 806 1515 864 filiorum
1572 824 1838 878 suorum,
1885 813 1987 865 aut

333 898 599 951 extraneo
646 893 903 951 cuilibet.
954 892 1014 949 Si
1062 898 1258 949 tamen
1316 894 1377 949 in
1443 895 1791 966 profondum
1841 896 1985 951 forte

333 982 613 1054 projicere
650 982 788 1040 velit
845 990 1023 1055 pater,
1085 999 1255 1038 nemo
1313 983 1360 1039 ei
1421 984 1717 1039 criminari
1768 989 1978 1057 potest.

336 1071 482 1128 Dicit
517 1077 711 1129 autem
764 1072 855 1128 lex
908 1089 922 1127 :
969 1073 1199 1143 Legata,
1239 1089 1370 1144 quae
1416 1073 1477 1130 in
1517 1074 1645 1146 pios
1692 1090 1838 1130 usus
1884 1091 1982 1132 re-

331 1160 698 1234 linquuntur,
756 1168 892 1220 ante
916 1162 1103 1235 legem
1160 1161 1476 1219 Falcidiam
1560 1164 1822 1221 obtinere
1879 1181 1981 1221 vo-

334 1250 557 1309 lumus.
1668 1260 1669 1263 ‘

679 1448 834 1505 CAP.
868 1450 935 1506 II.
969 1449 1043 1505 De
1073 1450 1322 1521 veneﬁci:
1346 1455 1398 1507 et
1439 1452 1629 1522 magis.

405 1558 606 1623 Quare
636 1573 763 1629 cap.
796 1558 823 1613 1
858 1556 969 1614 litt.
1001 1560 1073 1614 M.

840 1662 996 1719 CAP.
1031 1663 1103 1718 Il.
1143 1664 1217 1719 De
1247 1670 1462 1735 stupro.

400 1773 598 1837 Quare
632 1773 699 1851 in
732 1787 859 1845 cap.
896 1772 962 1826 15
999 1771 1111 1827 litt.
1162 1772 1217 1828 M
1250 1788 1528 1829 canonem
1565 1774 1631 1829 18
1661 1777 1718 1829 et
1745 1775 1817 1829 60
1847 1790 1975 1831 ma-

2091 629 2325 700 καθαρᾶς
2371 623 2682 700 περιουσίας
2728 625 2825 677 τοῦ
2884 620 3110 695 πατρός.
3172 619 3236 674 Εἰ
3296 615 3353 672 δὲ
3411 625 3449 672 ε’
3494 617 3626 671 εἰσὶν
3676 618 3728 672 οἱ

2089 713 2277 778 παῖδες
2327 714 2415 769 καὶ
2474 713 2739 782 ἐπέκεινα,
2790 711 2854 765 τὸ
2909 711 3084 784 ἥμισυ
3139 711 3371 763 κτῶνται
3446 713 3545 777 τῆς
3600 707 3729 761 ὑπο-

2089 804 2345 875 στάσεως,
2376 804 2439 857 τὸ
2472 800 2529 857 δὶ
2580 801 2776 857 λοιπὸν
2806 799 3181 879 φιλοτιμεῖται
3233 799 3262 852 ὁ
3286 797 3470 872 πατὴρ
3516 793 3637 852 ἔνθα
3666 794 3728 850 ἂν

2089 895 2339 969 αἱρεῖται,
2371 892 2407 961 ἢ
2437 890 2514 947 ἐνὶ
2541 895 2648 946 τῶν
2679 891 2842 945 αὑτοῦ
2872 886 3107 955 παίδων,
3136 888 3172 956 ἢ
3206 886 3474 957 πλείοσιν,
3505 887 3542 957 ἢ
3592 886 3731 959 ξὲνῳ

2087 980 2395 1055 οἱῳδήτινι.
2449 980 2514 1038 Ei’
2561 979 2619 1036 δὲ
2670 978 2760 1034 καὶ
2803 979 2939 1034 κατᾶ
2992 978 3160 1053 βυθοῦ
3211 977 3367 1050 ῥῖψαι
3422 973 3726 1051 βουληθείη

2082 1072 2254 1146 τυχὸν
2287 1072 2315 1125 ὁ
2345 1071 2550 1143 πατὴρ,
2582 1068 2682 1125 οὐκ
2726 1062 2845 1143 ἔχει
2871 1067 2963 1122 τὸν
3014 1064 3391 1140 ἀνακρίνοντα.
3428 1065 3577 1135 Φησὶ
3607 1062 3668 1118 δὲ
3699 1065 3728 1119 ὁ

2084 1163 2253 1234 νόμος
2287 1182 2300 1194 ·
2360 1159 2436 1214 Τὰ
2492 1159 2576 1213 ἐπ’
2633 1154 2877 1229 εὐσεϐείᾳ
2930 1153 3457 1227 καταλιμπανόμενα
3524 1151 3729 1228 λεγάτα

2082 1253 2171 1307 καὶ
2208 1255 2306 1307 τοῦ
2350 1247 2658 1304 Φαλκιδίου
2705 1248 2870 1303 αὐτοῦ
2916 1245 3053 1301 κατᾶ
3097 1243 3435 1320 προτίμησιν
3483 1243 3729 1316 ἀνώτερα

2083 1342 2213 1398 εἷναι
2245 1342 2593 1414 θεσπίζομεν.

2190 1455 2444 1505 ΚΕΦΔΛ.
2488 1451 2563 1504 B'.
2609 1444 2763 1521 Περῖ
2804 1447 3172 1523 φαρμακῶν
3210 1443 3317 1497 καὶ
3360 1442 3614 1518 μάγων.

2152 1559 2308 1628 Ζήτει
2338 1557 2401 1611 τὸ
2434 1557 2477 1611 α’
2507 1552 2796 1634 κεφάλαιον
2828 1556 2925 1608 τοῦ
2955 1559 3005 1609 Μ
3039 1550 3339 1626 στοιχείου.

2267 1668 2519 1721 ΚΕΦΑΛ.
2561 1668 2631 1717 I".
2676 1661 2832 1735 Περὶ
2873 1662 3119 1735 φθορᾶς
3155 1657 3528 1733 παρθένων.

2148 1775 2309 1843 Ζήτει
2341 1771 2393 1826 ἐν
2441 1774 2520 1842 τῷ
2571 1776 2626 1824 ιε’
2654 1789 2776 1847 κεφ.
2826 1771 2924 1822 τοῦ
2956 1773 3004 1822 Μ
3058 1764 3340 1840 στοιχείου
3388 1764 3583 1820 κανόνα
3621 1767 3726 1818 τοῖ’»

329 1863 427 1930 gni
482 1860 714 1929 Basilii;
768 1866 824 1918 et
853 1877 978 1932 cap.
1014 1862 1080 1917 l3
1129 1860 1239 1916 litt.
1298 1866 1376 1929 A;
1427 1866 1484 1918 et
1542 1878 1668 1934 cap.
1719 1864 1754 1917 8
1812 1867 1868 1919 et
1905 1864 1977 1918 3O

2092 1860 2334 1939 μεγάλου
2367 1860 2658 1917 Βασιλείου
2708 1860 2778 1928 ιη’
2827 1857 2916 1912 καὶ
2948 1857 3009 1927 ξ’,
3048 1856 3138 1911 καὶ
3185 1855 3250 1910 τὸ
3283 1856 3347 1931 ιγ’
3397 1875 3518 1930 κεφ.
3545 1857 3644 1908 τοῦ
3674 1857 3726 1909 Α

2288 1951 2299 1965 ι
2496 1951 2510 1965 ι
2632 1952 2657 1963 ν
2706 1954 2742 1965 n
2918 1964 2923 1965 ,
2993 1946 3005 1965 1
3158 1946 3173 1963 \
3255 1946 3267 1963 Ι
3391 1944 3405 1962 \
3456 1943 3502 1965 "
3554 1964 3557 1965 ν
3594 1963 3603 1965 _
3632 1940 3684 1965 _!_

333 1950 418 2006 lit.
452 1955 509 2005 Γ.

808 2129 965 2185 CAP.
1010 2129 1101 2185 IV.
1140 2134 1220 2187 De
1252 2132 1509 2186 avaritia.

336 2235 472 2294 Vide
492 2252 615 2310 cap.
656 2239 715 2292 11
751 2236 864 2293 litt.
900 2237 972 2293 ll.

330 2345 482 2400 CAP.
514 2343 584 2398 V.
635 2345 707 2399 De
734 2344 1025 2399 homicidio
1054 2345 1368 2400 voluntario
1406 2350 1455 2398 et
1499 2343 1901 2399 involuntario.

400 2452 595 2508 Canon
652 2452 1086 2507 65sanctorum
1137 2453 1551 2523 apostolorum.
1601 2453 1705 2517 Qui
1755 2452 1813 2506 in
1864 2469 1977 2524 pu-

329 2556 465 2614 gna,
496 2540 711 2614 inquit,
759 2546 817 2596 et
838 2540 1035 2613 jurgio
1077 2543 1407 2613 percutiens
1438 2542 1692 2612 aliquem
1735 2542 1975 2599 interfe-

331 2633 492 2700 cerit,
526 2629 793 2701 quamvis
824 2630 1064 2686 unicum
1105 2630 1286 2687 ictum
1321 2629 1605 2697 intulerit,
1641 2630 1688 2686 si
1731 2631 1977 2688 clericus

332 2721 525 2789 fuerit,
570 2720 910 2790 deponatur,
951 2724 1190 2792 propter
1217 2720 1392 2775 animi
1436 2720 1523 2775 sui
1556 2721 1972 2791 temeritatem;

331 2808 671 2874 atsilaicus,
692 2808 1253 2864 excommunicetur.
1268 2809 1413 2865 Nam
1439 2815 1771 2881 propterera
1800 2810 1975 2867 etiam

331 2899 614 2955 Dominus
638 2898 804 2969 jubet
824 2914 1163 2969 oppressum
1178 2914 1292 2954 non
1325 2901 1515 2954 solum
1542 2915 1654 2954 non
1671 2899 1976 2969 obsistere,

332 2986 437 3042 sed
473 2987 769 3042 dexteram
829 2987 1082 3058 praebere
1130 2986 1390 3054 ferienti;
1450 2988 1582 3041 ideo
1631 2989 1784 3059 quod
1826 3002 1978 3061 sepe

332 3090 531 3147 pugna
560 3075 619 3132 in
659 3075 874 3131 caedem
904 3075 1123 3131 disinit.

2089 1951 2387 2030 στοιχείου,
2425 1951 2511 2005 καὶ
2564 1952 2661 2003 τοῦ
2706 1954 2742 2001 Γ
2794 1946 3072 2021 στοιχείου
3118 1946 3181 2000 τὸ
3218 1946 3267 2015 η’
3315 1944 3406 1999 καὶ
3456 1943 3502 1998 λ’
3550 1940 3726 2018 κειρά-

2086 2041 2261 2097 λαιον.

2359 2134 2617 2189 ΚΕΦΑΛ.
2658 2129 2730 2185 Δ“.
2774 2127 2930 2202 Περί
2971 2123 3442 2200 φιλαργυρίας.

2154 2244 2310 2309 Ζήτει
2340 2240 2403 2293 τὸ
2435 2244 2500 2292 ια’
2533 2235 2825 2314 κεφάλαιον
2856 2239 2957 2289 τοῦ
2988 2241 3031 2289 II
3067 2235 3369 2307 στοιχείου.

2086 2354 2334 2404 ΚΕΦΑΛ.
2362 2350 2433 2402 E'.
2460 2347 2610 2419 Περὶ
2646 2343 2853 2423 φόνων
2879 2341 3200 2395 ἑκουσίων
3232 2340 3337 2393 καὶ
3366 2337 3722 2395 ἀκουσίων.

2155 2462 2211 2511 '0
2268 2458 2331 2528 ξε’
2398 2458 2504 2509 τῶν
2562 2452 2730 2527 ἁγίων
2791 2447 3110 2505 ἀποστόλων
3168 2450 3369 2516 κανὼν,
3416 2448 3604 2506 ’Ὀστις
3662 2447 3724 2500 ἐν

2088 2546 2266 2621 μάχῃ,
2298 2545 2454 2622 φησὶ,
2486 2543 2574 2598 καὶ
2624 2538 2928 2619 φιλονεικίᾳ
2972 2536 3184 2608 πλήξας
3229 2534 3529 2593 ἀποκτείνει
3574 2536 3727 2607 τινὰ,

2084 2639 2130 2692 εἰ
2186 2637 2276 2691 καὶ
2329 2635 2453 2708 μίαν
2500 2630 2660 2707 ἔτυχε
2713 2630 3040 2706 κατενεγκὼν
3086 2629 3186 2696 τὴν
3234 2627 3475 2703 πληγὴν,
3523 2626 3567 2682 εἷ
3623 2627 3727 2698 μὲν

2084 2724 2350 2801 κληρικὸς
2399 2721 2507 2792 εἴη,
2556 2721 2919 2794 καθαιρείσθω
2968 2716 3058 2773 διὰ
3112 2719 3213 2787 τήν
3270 2712 3589 2791 προπέτειαν
3632 2715 3729 2770 αὐ-

2083 2820 2181 2871 τοῦ
2213 2835 2226 2849 ·
2261 2815 2312 2869 εἴ
2358 2811 2415 2868 δὲ
2462 2811 2673 2879 λαϊκος,
2720 2806 3077 2886 ἀφοριζέσθω.
3131 2808 3228 2862 Διά
3273 2805 3374 2882 γάρ
3424 2826 3510 2861 τοι
3559 2808 3732 2860 τοῦτο

2084 2907 2171 2961 καὶ
2207 2906 2235 2959 ὁ
2287 2903 2487 2975 Κύριος
2533 2900 2641 2977 οὐχ
2686 2899 2834 2960 ὅπως
2872 2898 2947 2969 μὴ
2999 2895 3288 2969 ἀμύνεσθαι
3336 2894 3427 2950 τὸν
3475 2891 3737 2963 λελυπη-

2084 2996 2238 3062 κότα,
2289 2990 2435 3047 ἀλλά
2488 2990 2578 3044 καὶ
2622 2990 2721 3057 τὴν
2779 2984 2949 3056 δεξιὰν
3005 2983 3335 3059 ἐμπαρέχειν
3389 2981 3600 3039 κελεύει
3643 2988 3735 3056 τῷ

2086 3085 2324 3154 παίοντι,
2357 3083 2444 3137 οἷα
2474 3088 2572 3151 τῆς
2627 3080 2817 3154 μάχης
2849 3071 2957 3132 ἔσθ’
3004 3074 3094 3131 ὅτε
3129 3075 3469 3145 τελευτώσης
3516 3073 3595 3137 εἷς
3624 3074 3739 3151 φό-

2086 3196 2199 3232 νον.

406 3318 648 3388 Magnus
690 3320 885 3372 autem
933 3316 1242 3387 Gregorius
1311 3317 1609 3390 Nyssenus
1650 3318 1709 3373 in
1742 3335 1871 3375 can.
1911 3321 1968 3387 5,

2160 3334 2217 3389 '0
2262 3330 2316 3386 δὲ
2370 3330 2532 3407 μὲγας
2582 3329 2884 3404 Γρηρόριος
2937 3325 3151 3394 Νόσσης
3199 3323 3252 3379 ἐν
3300 3328 3381 3396 τῷ
3429 3325 3467 3378 ε’
3518 3322 3739 3390 κανόνι,

333 3405 586 3470 Crimen,
618 3404 830 3477 inquit,
865 3404 1164 3461 homicidii
1215 3406 1276 3463 in
1308 3407 1705 3463 voluntarium
1745 3413 1801 3464 et
1820 3408 1978 3464 invoo

336 3495 653 3550 luntarium
711 3494 1109 3566 distinguitur.
1172 3495 1242 3550 Et
1306 3495 1686 3552 homicidium
1739 3498 1977 3568 quidem

333 3582 724 3639 voluntarium
771 3586 882 3649 est,
931 3586 1085 3653 quod
1114 3598 1182 3638 ex
1230 3584 1645 3641 deliberatione
1691 3591 1979 3657 perpetra-

333 3679 461 3737 tur;
506 3672 716 3728 deinde
771 3677 830 3727 et
867 3671 1012 3726 illud
1068 3671 1221 3729 inter
1276 3673 1429 3730 258
1508 3674 1833 3731 voluntaria
1891 3691 1980 3730 re-

335 3767 625 3828 censetur,
660 3761 890 3831 quando
920 3760 1051 3831 quis
1089 3761 1149 3816 in
1180 3777 1496 3834 congressu
1540 3768 1597 3818 et
1625 3778 1821 3833 pugna
1850 3779 1981 3818 ver-

338 3852 543 3907 berans
570 3857 628 3906 et
665 3849 1019 3918 verberatus,
1053 3850 1258 3905 inferat
1285 3857 1513 3923 arrepta
1553 3853 1980 3922 opportunitate

339 3953 519 3993 manu
536 3954 645 3994 sua
669 3938 846 3993 ictum
873 3936 1158 3993 lethalem.
1187 3938 1331 3993 Nam
1356 3944 1454 4010 qui
1478 3942 1651 3996 animi
1687 3942 1978 4012 impotens

335 4027 433 4082 ira:
463 4043 581 4081 sua
610 4026 854 4098 impetui
877 4025 1068 4082 locum
1095 4027 1336 4095 dederit,
1361 4030 1486 4098 jam
1524 4029 1664 4085 nihil
1699 4045 1896 4085 eorum
1916 4030 1975 4084 in

338 4120 593 4170 mentem
634 4114 859 4170 inducit
906 4131 1033 4185 quae
1083 4115 1302 4172 malum
1352 4118 1661 4187 praecidere
1694 4123 1978 4189 poterant,

337 4205 477 4259 dum
536 4204 685 4277 viget
743 4204 971 4276 passio;
1008 4205 1149 4262 adeo
1194 4212 1260 4261 ut
1305 4206 1683 4263 homicidium
1735 4223 1802 4264 ex
1841 4224 1979 4263 con-

335 4308 538 4366 gressu
568 4296 849 4349 referatur
878 4293 1028 4349 inter
1064 4293 1500 4351 deliberationis
1528 4312 1719 4367 opera,
1753 4304 1806 4351 et
1838 4312 1975 4352 neu.

334 4385 560 4455 tiquam
592 4384 743 4438 inter
771 4383 1032 4439 fortuita.

406 4471 802 4529 Involuntaria
852 4477 1047 4528 autem
1080 4473 1388 4530 homicidia
1418 4476 1636 4532 indicia
1668 4477 1980 4533 manifesta

339 4562 581 4630 habent,
612 4577 746 4617 cum
776 4560 923 4632 quis,
957 4560 1097 4617 dum
1119 4560 1284 4617 aliud
1309 4580 1545 4632 prorsus
1577 4566 1841 4631 intendit,
1874 4566 1977 4620 for-

2085 3427 2155 3480 Τὸ
2184 3428 2280 3478 τοῦ
2333 3424 2517 3496 φόνου,
2550 3419 2738 3497 φησὶν,
2770 3419 2897 3493 ἄγος
2944 3419 3014 3489 τῇ
3056 3413 3287 3492 διαφορᾷ
3330 3418 3428 3470 τοῦ
3475 3414 3736 3468 ἑκουσίου

2089 3514 2176 3568 καὶ
2207 3517 2301 3566 τοῦ
2334 3510 2587 3566 ἀκουσίου
2618 3507 2898 3583 διῄρηται.
2934 3505 3032 3561 Καὶ
3063 3505 3312 3565 ἑκούσιος
3347 3501 3441 3576 μέν
3470 3502 3581 3558 ἐστι
3630 3504 3738 3579 φό-

2089 3623 2178 3663 νος
2211 3603 2239 3656 ὁ
2270 3601 2329 3655 ἐκ
2375 3604 2717 3674 παρασκευῆς
2757 3592 3173 3668 τετολμημένος
3200 3611 3213 3625 ’
3265 3587 3449 3647 ἔπειτα
3477 3593 3737 3654 κάκεῖνος

2089 3692 2140 3746 ἐν
2187 3696 2304 3752 τοῖς
2354 3689 2622 3749 ἑκουσίοις
2669 3685 2954 3759 ἐνομίσθη,
3004 3682 3129 3737 ὅταν
3175 3702 3258 3744 τις
3318 3682 3372 3736 ἐν
3421 3681 3736 3753 συμπλπκῇ

2088 3781 2177 3836 καὶ
2236 3781 2388 3853 μάχῃ
2438 3779 2654 3833 τύπτων
2709 3796 2768 3829 τε
2816 3773 2904 3828 καὶ
2960 3774 3301 3846 τυπτόμενος
3355 3770 3540 3845 ἐνέγκῃ
3594 3772 3740 3825 κατά

2088 3891 2231 3929 τινος
2281 3866 2494 3941 καιρίαν
2542 3868 2641 3933 τὴν
2694 3861 2783 3919 διὰ
2830 3863 3015 3937 χειρὸς
3062 3859 3307 3936 πληγήν.
3341 3865 3400 3915 Ὀ
3438 3860 3540 3934 γάρ
3594 3861 3737 3932 ἅπαξ

2087 3964 2165 4030 τῷ
2194 3961 2350 4030 θυμῷ
2375 3954 2681 4029 κρατηθεὶς,
2706 3952 2795 4007 καὶ
2843 3956 2912 4026 τῇ
2944 3953 3091 4025 ὁρμῇ
3143 3955 3242 4019 τῆς
3274 3949 3446 4025 ὀργῆς
3490 3949 3739 4023 χαριζό-

2094 4069 2273 4122 μενος,
2306 4043 2459 4101 οὖδέν
2491 4042 2549 4098 ἂν
2578 4041 2725 4117 παρά
2752 4041 2843 4096 τὸν
2874 4041 3060 4115 καιρὸν
3086 4042 3188 4093 τοῦ
3220 4037 3423 4099 πάθους
3453 4042 3561 4091 τῶν
3590 4036 3734 4091 ἀνα.

2090 4138 2254 4211 κόψαι
2285 4136 2347 4189 τὸ
2378 4134 2540 4189 κανὸν
2575 4129 2878 4203 δυναμένων
2910 4126 2999 4183 ἐπὶ
3029 4132 3153 4183 νοῦν
3191 4122 3353 4183 λάϐοι
3385 4127 3536 4193 ποτε,
3587 4125 3737 4180 ὥστε

2089 4227 2177 4282 καὶ
2206 4226 2270 4280 τὸ
2303 4224 2361 4280 ἐκ
2409 4221 2736 4296 συμπλοκῆς
2783 4216 3133 4290 ἀποτέλεσμα
3179 4220 3275 4270 τοῦ
3323 4215 3486 4292 φόνου
3528 4214 3605 4275 εἰς
3640 4212 3737 4289 ἔρ-

2087 4339 2181 4393 γον
2214 4315 2603 4390 προαιρέσεως,
2632 4314 2723 4366 καὶ
2755 4309 2853 4365 οὐκ
2881 4307 2956 4371 sic
2990 4307 3295 4381 ἀποτυχίαν
3325 4304 3599 4381 ἀνάγεται.

2161 4480 2229 4536 Οἱ
2258 4476 2314 4532 δὲ
2343 4476 2588 4532 ἀκούσιοι
2631 4476 2788 4553 φόνοι
2819 4470 3018 4550 φανερᾶ
3066 4467 3256 4545 ἔχουσι
3304 4468 3372 4523 τὰ
3416 4465 3738 4542 γνωρίσμα-

2088 4587 2176 4636 τα,
2209 4565 2332 4620 ὅταν
2364 4585 2447 4627 τις
2477 4564 2609 4635 πρὸς
2641 4551 2823 4633 ἕτερόν
2856 4581 2907 4614 τι
2937 4560 3036 4627 τήν
3067 4552 3308 4624 σπουδὴν
3340 4551 3569 4629 ἔχων,ἐξ
3596 4552 3739 4607 ἀπο-

336 4651 481 4707 tuito
512 4649 724 4721 aliquid
757 4666 1093 4720 eorumque
1115 4651 1306 4707 curari
1337 4669 1452 4709 non
1476 4663 1741 4724 possunt,
1761 4654 1977 4710 iecerit.

2092 4652 2285 4729 τυχίας
2311 4656 2418 4707 τῶν
2451 4649 2756 4721 ἀνηκέστων
2783 4669 2835 4702 τι
2870 4645 3195 4720 δράσῃ.Τοῦ
3229 4643 3323 4716 μὲν
3353 4640 3444 4696 οὖν
3476 4640 3739 4695 ἑκουσίου

338 4739 647 4797 Homicidii
676 4744 868 4794 autem
901 4739 1207 4795 voluntarii
1241 4756 1411 4812 ptena
1441 4743 1508 4797 ad
1553 4743 1622 4795 27
1654 4760 1837 4799 annos
1879 4761 1978 4799 ex-

336 4830 613 4898 tenditur,
641 4827 741 4900 qui
780 4827 838 4883 in
879 4830 990 4885 tria
1035 4831 1323 4885 noveunia
1353 4831 1772 4904 distinguntur,
1810 4833 1889 4888 ita
1920 4839 1985 4888 ut

338 4937 440 4993 per
470 4919 719 4990 primum
776 4917 1129 4974 novennium
1173 4921 1457 4989 pmnitens
1506 4923 1740 4993 penitus
1788 4936 1982 4991 segre-

334 5015 525 5082 getur,
582 5012 640 5064 et
693 5011 854 5063 extra
912 5006 1217 5064 ecclesiam
1301 5015 1468 5065 stans
1535 5011 1777 5083 ploret;
1845 5010 1982 5065 reli-

334 5117 451 5175 qua
480 5104 672 5155 autem
720 5096 832 5154 duo
863 5100 1149 5169 transigat
1206 5100 1440 5170 partim,
1473 5107 1532 5157 et
1588 5100 1825 5173 quidem
1858 5100 1982 5171 pri-

337 5204 499 5244 mum
531 5188 590 5243 in
641 5189 889 5242 statione
938 5188 1326 5255 audientium,
1381 5192 1589 5261 partim
1640 5192 1699 5245 in
1738 5206 1980 5245 numero

336 5276 783 5349 procidentium,
815 5283 986 5345 atque
1014 5273 1095 5329 ita
1142 5278 1212 5331 ad
1246 5278 1749 5349 participationem
1774 5281 1981 5347 myste-

334 5364 555 5420 riorum
578 5364 836 5421 accedat.
865 5365 941 5418 At
964 5379 1095 5418 vero
1126 5365 1175 5420 si
1205 5366 1312 5422 viri
1343 5367 1591 5439 insignis
1623 5366 1809 5439 puniti
1847 5383 1980 5422 con-

335 5451 542 5522 versio,
583 5458 642 5509 et
690 5451 1035 5521 paenitentiae
1100 5452 1461 5511 vehementia
1515 5458 1709 5511 vincat
1747 5472 1875 5511 eam
1918 5456 1976 5512 in

335 5540 581 5611 longiori
612 5548 865 5612 tempore
893 5540 1113 5612 seipsos
1165 5542 1381 5599 lentius
1421 5548 1811 5616 purgantium,
1851 5561 1982 5600 con-

336 5628 602 5686 trahetur
630 5630 741 5702 ipsi
770 5637 826 5686 et
857 5647 1234 5700 pmnaamora,
1257 5638 1320 5689 ut
1336 5652 1434 5705 pro
1449 5634 1619 5692 annis
1649 5636 1980 5707 novem,qui

335 5718 578 5793 singulis
607 5720 884 5793 gradibus
905 5721 1346 5794 competit,octo
1378 5730 1479 5782 aut
1503 5729 1729 5797 septem
1760 5732 1859 5783 aut
1879 5742 1980 5783 sex

2091 4745 2258 4820 φόνου
2303 4740 2380 4802 εἷς
2431 4740 2565 4794 ἐτττά
2611 4739 2699 4794 καὶ
2745 4734 2918 4792 ε’ίκοσι
2969 4734 3203 4811 χρόνους
3243 4730 3619 4807 παρατείνεται
3670 4732 3738 4785 τὸ

2093 4831 2391 4902 ἐπιτίμιον,
2427 4830 2501 4891 εἷς
2552 4832 2696 4902 τρεῖς
2728 4820 3106 4898 ἐννεατηρίδας
3157 4819 3569 4895 διαιρουμένους
3605 4836 3620 4850 ·
3657 4820 3740 4874 ὡς

2092 4920 2179 4975 ἐπὶ
2237 4920 2328 4993 μὲν
2378 4925 2479 4988 τῆς
2530 4922 2656 4991 μιᾶς
2698 4912 2976 4975 παντελῶς
3024 4912 3155 4967 εἶναι
3213 4908 3588 4987 ἀφωρισμένον
3642 4909 3741 4962 τὸν

2091 5008 2502 5081 ἐπιτιμηθέντα,
2557 5001 2657 5079 ἔξω
2729 5010 2829 5073 τῆς
2891 4999 3186 5071 ἐκκλησίας
3256 4999 3566 5070 ἱστάμενον,
3639 4998 3741 5051 καὶ

2091 5095 2495 5172 προσκλαίοντα
2527 5112 2541 5126 ’
2572 5095 2666 5156 τάς
2699 5090 2755 5148 δὲ
2798 5091 3019 5157 λοιπὰς,
3053 5089 3148 5144 δύο
3180 5087 3261 5151 ε’ίς
3309 5107 3367 5142 τε
3396 5088 3496 5156 τὴν
3536 5089 3649 5141 τῶν
3684 5084 3742 5140 ἂ-

2090 5170 2419 5260 κροωμένων
2447 5185 2734 5261 πρότερον,
2767 5183 2877 5237 εἶτα
2924 5185 3034 5235 τῶν
3069 5176 3488 5233 ὑποπιπτόντων
3538 5170 3740 5229 διελό-

2094 5296 2248 5348 μενον
2282 5274 2487 5343 στάσιν,
2521 5273 2692 5336 οὕτως
2722 5271 2809 5327 ἐπὶ
2856 5271 2955 5339 τὴν
2995 5273 3103 5325 τῶν
3151 5264 3499 5343 ἀγιασμάτων
3534 5283 3739 5338 μετου-

2092 5364 2207 5418 σίαν
2235 5363 2430 5420 ἐλθεῖν.
2467 5362 2525 5418 Εἰ
2556 5360 2612 5417 δέ
2641 5362 2703 5417 τὸ
2740 5360 2967 5436 μέγεθος
2994 5365 3093 5428 τῆς
3123 5354 3457 5431 ἐπιστροφῆς
3486 5355 3588 5406 τοῦ
3620 5352 3742 5407 ἐπι⁶

2088 5452 2415 5525 τιμηθέντος
2449 5452 2539 5506 καὶ
2573 5453 2606 5520 ἡ
2655 5457 2755 5519 τῆς
2792 5446 3077 5522 μετανοίας
3124 5445 3401 5520 θερμότης
3438 5440 3746 5515 περιγένοι-

2084 5563 2147 5598 το
2178 5546 2287 5595 τῶν
2322 5540 2373 5594 ἐν
2411 5544 2592 5614 μακρᾷ
2624 5537 2931 5615 προθεσμίᾳ
2961 5534 3333 5611 ῥᾳθυμότερον
3375 5528 3601 5592 ἑαυτοὺς
3652 5529 3749 5586 ἐκ·

2088 5630 2482 5704 καθαιρόντων,
2518 5629 2957 5703 συντμηθήσεται
3007 5624 3154 5698 αὐτῷ
3201 5621 3291 5679 καί
3332 5623 3368 5692 ἡ
3415 5623 3513 5676 τοῦ
3559 5616 3749 5675 ἐπιτι-

2094 5720 2221 5794 μίου
2270 5718 2594 5794 παράτασις,
2643 5716 2784 5772 ὥστε
2833 5716 2946 5772 ἀντὶ
2993 5719 3099 5770 τῶν
3145 5712 3226 5793 ἐφ’
3273 5712 3481 5784 ἑκάστῳ
3534 5709 3752 5785 βαθμῷ
