4060 6228
298 379 386 440 117
1259 372 1684 435 SYNTAGMA
1727 370 2356 433 ALPHABETICUM.
2405 406 2484 416 —
2526 379 2600 431 Φ.

3521 377 3635 436 178

298 509 410 565 ἒννὲα
446 510 562 565 ἑτῶν
609 508 776 576 ἀκτὼ,
807 503 844 574 ἥ
897 507 1050 575 ἑπτὰ,
1158 503 1234 575 ἓξ,
1264 504 1297 573 ἢ
1329 507 1486 560 πέντε
1539 503 1677 577 μόνα
1725 501 1859 580 γενέ-

1979 507 2071 560 vel
2101 505 2287 561 solum
2318 507 2354 560 5
2382 523 2567 563 annos
2615 510 2771 578 agat,
2795 507 2960 578 juxta
3015 509 3363 566 sententiam
3391 511 3516 581 ejus
3531 502 3640 584 qui

299 603 386 654 σθαι
429 601 545 653 κατὰ
597 600 698 667 τήν
753 597 930 671 κρίσιν
980 600 1077 650 τοῦ
1124 596 1222 663 τὴν
1271 593 1597 664 Ἐκκλησίαν
1654 595 1870 648 οἰκονο-

306 695 497 762 μοῦντος.

353 783 399 834 'o
417 776 458 832 δὲ
478 777 720 838 ἀκούσιος
753 777 919 855 φόνος
952 775 1292 850 συγγνωστὸς
1325 774 1444 846 μὲν,
1475 771 1536 826 οὗ
1570 773 1679 845 μὴν
1710 771 1870 826 im“

308 870 407 928 νετὸς
443 866 633 940 ἐκρίθη.
665 867 763 920 Τὸν
818 867 924 941 γὰρ
969 861 1171 918 ἁλόντα
1218 866 1298 934 τῷ
1350 863 1618 935 μιάσματι
1665 882 1865 933 τουτῳ,

311 959 361 1018 ὡς
398 956 628 1031 ἐξάγιστον
686 951 798 1023 ἤδη
859 953 1172 1027 γενόμενον,
1220 946 1538 1020 ἀπόϐλητον
1588 952 1865 1022 ἱερατικῆς

311 1048 463 1119 χάριτος
490 1047 514 1099 ὁ
541 1045 718 1099 κανών
739 1043 1056 1120 ἀπεφήνατο
1078 1061 1090 1073 ’
1125 1040 1252 1103 ὅσος
1276 1038 1332 1095 δέ
1355 1041 1496 1095 ἐστιν
1515 1039 1603 1094 ἐπὶ
1634 1043 1703 1112 τῇ
1726 1040 1865 1114 ψιλῇ

308 1136 458 1208 πορνείᾳ
489 1138 576 1189 τοῦ
613 1131 913 1206 καθαρσίου
945 1136 972 1186 ὁ
1011 1132 1209 1206 χρόνος
1245 1135 1354 1185 τῶν
1395 1128 1545 1184 ἐννέα
1575 1127 1732 1198 ἐτῶν,
1771 1150 1865 1184 το-

304 1228 432 1284 59510:
462 1223 542 1278 καὶ
593 1223 683 1278 ἐπὶ
741 1226 852 1277 τῶν
905 1220 1173 1283 ἀκουσίως
1223 1222 1633 1298 πεφονευκότων
1683 1220 1865 1282 καλῶς

295 1310 395 1390 ἔχειν
423 1311 733 1386 ἐδοκιμάσθη
759 1331 772 1344 °
820 1308 1036 1381 δηλαδή
1086 1311 1175 1365 καὶ
1215 1310 1266 1364 ἐν
1305 1309 1486 1382 τούτῳ
1526 1317 1627 1378 τῆς
1673 1330 1866 1384 προαι-

291 1401 466 1473 prino);
494 1402 581 1457 τοῦ
617 1407 1006 1475 μετανοοῦντος
1050 1399 1506 1473 δοκιμαζομένης,
1550 1401 1596 1457 εἰ
1628 1400 1744 1458 δέον
1773 1403 1865 1458 τὸν

289 1492 507 1564 ὁρισθέντα
534 1493 730 1567 χρόνον
765 1490 912 1564 αὐτῷ
944 1489 1151 1562 ἐξήκειν
1184 1490 1218 1559 ἢ
1249 1489 1463 1546 ἐλάττω
1492 1493 1756 1568 γενέσθαι.

335 1670 458 1724 Οῧτω
497 1672 579 1724 καὶ
631 1671 660 1724 ὁ
713 1670 879 1743 μέγας
931 1667 1216 1729 Βασίλειος
1246 1667 1297 1722 ἐν
1348 1672 1429 1740 τῷ
1467 1675 1516 1738 η’
1543 1669 1726 1724 κανόνι
1775 1671 1865 1725 τὸν

279 1761 471 1814 ἒιοῦσιον
516 1761 599 1815 καὶ
663 1759 920 1814 ἀκούσιον
979 1760 1297 1832 ὁριζόμενος
1355 1759 1540 1836 φόνον.
1591 1760 1862 1822 Ἀκούσως

1981 595 2294 652 Ecclesiam
2337 597 2500 668 regit.

2049 774 2242 830 Caedes
2293 780 2488 831 autem
2527 775 2934 838 involuntaria.
2969 777 3136 832 venia
3193 778 3452 848 quidem,
3500 797 3616 836 non

1976 867 2172 920 tamen
2209 865 2373 920 laude
2404 867 2582 937 digna
2611 866 2895 922 aestimata
2917 871 3023 922 est.
3052 867 3192 922 Nam
3227 868 3329 938 qui
3359 885 3426 924 ea
3457 870 3630 938 culpa

1975 957 2227 1020 tenetur,
2268 961 2547 1025 tanquam
2606 954 2686 1008 im
2721 971 2927 1025 purum
2963 972 3025 1009 ac
3076 955 3393 1026 piaculum,
3444 959 3635 1028 gratia

1977 1042 2317 1098 sacerdotali
2366 1043 2749 1111 rejiciendum
2784 1043 3040 1097 decernit
3089 1059 3294 1100 canon.
3336 1045 3631 1108 Quantum

1975 1135 2169 1186 autem
2202 1133 2478 1201 temporis
2526 1131 2775 1202 simplici
2823 1132 3191 1186 fornicationi
3235 1135 3623 1205 expurganda

1975 1221 2270 1287 statuitur,
2324 1226 2548 1275 tantum
2617 1221 2796 1275 etiam
2875 1220 3182 1276 convenire
3230 1222 3628 1277 existimatum

1976 1317 2078 1378 est,
2129 1309 2347 1365 scilicet
2393 1310 2643 1382 spatium
2679 1326 2921 1364 novema
2949 1327 3222 1379 nnorum,
3255 1311 3634 1366 reconcilian-

1974 1399 2065 1454 dis
2131 1399 2443 1454 homicidia
2510 1399 2936 1468 involuntariis,
3009 1400 3106 1456 hi‘c
3165 1401 3342 1457 etiam
3412 1397 3634 1459 ratiOne

1975 1488 2309 1561 pmnitentis
2348 1487 2566 1555 habita,
2626 1505 2700 1544 an
2739 1505 2890 1559 opus
2921 1489 3000 1545 sit
3045 1493 3280 1560 tempus
3329 1490 3632 1548 deﬁnitum

1972 1578 2078 1648 ipsi
2119 1577 2413 1649 integrum
2444 1577 2722 1646 protrahi,
2753 1593 2829 1633 an
2877 1594 3011 1634 vero
3044 1579 3328 1635 contrahi.

2043 1667 2138 1722 Sic
2169 1667 2343 1722 etiam
2378 1682 2623 1735 magnus
2673 1665 2924 1722 Basilius
2959 1667 3016 1721 in
3057 1669 3091 1722 8
3148 1684 3373 1724 canone
3415 1670 3630 1725 eadem

1973 1755 2358 1810 voluntariam
2391 1759 2447 1808 et
2490 1754 2938 1812 involuntariam
2974 1757 3259 1813 deﬁniens
3311 1759 3454 1813 dicit
3487 1775 3500 1812 :
3535 1759 3632 1814 ln—

279 1848 353 1920 μέν
376 1850 485 1917 ἐστι,
533 1850 723 1926 φησὶν,
761 1847 885 1903 ὅταν
924 1869 1006 1910 τις
1053 1846 1338 1910 ἀκοντίσας
1390 1847 1560 1920 λίθον,
1592 1846 1672 1926 ἐφ’
1701 1849 1747 1920 ᾧ
1776 1850 1859 1918 θη-

1976 1843 2296 1900 voluntaria
2328 1845 2560 1915 quidem
2594 1849 2704 1910 est,
2743 1847 2978 1916 quando
3011 1847 3143 1917 quis
3175 1847 3424 1918 lapidem
3460 1848 3633 1920 proji-

273 1938 363 2006 ρίον
410 1939 722 2009 ἀμύνασθαι,
772 1939 805 2006 ἢ
856 1942 1166 1992 κατασεῖσαι
1228 1933 1449 2010 δένδρου
1496 1937 1723 2010 καρπὸν,
1775 1937 1866 1990 ἅν-

270 2029 445 2099 θρωπον
485 2029 748 2098 παριόντα
789 2029 867 2100 μή
921 2024 1188 2097 προϊδὼν,
1238 2026 1313 2087 εἷς
1362 2027 1587 2081 θάνατον
1641 2024 1824 2100 πλήξῃ
1853 2046 1868 2060 ο

269 2115 318 2169 οὐ
352 2117 443 2189 μὴν
472 2116 612 2172 ἀλλᾶ
653 2117 741 2171 καὶ
786 2114 834 2170 εἳ
873 2137 955 2178 τις
993 2113 1308 2190 ἐπιστρέψαι
1350 2114 1471 2169 τινὰ
1508 2113 1869 2189 βοολόμενος,

266 2208 414 2278 ἱμάντι
444 2207 474 2275 ἢ
506 2202 713 2280 ῥάϐδῳ,
763 2209 841 2282 μὴ
892 2207 1260 2281 πάνυτραχείᾳ
1306 2205 1492 2280 τύψοι,
1524 2207 1781 2261 ἀποθάνοι
1813 2204 1870 2261 δὲ

266 2296 587 2370 ὁτυπτόμενος
623 2314 639 2327 ·
701 2298 735 2366 ἡ
795 2295 898 2371 γάρ
956 2297 1210 2372 πρόθεσις
1277 2295 1502 2350 ἐνταῦθα
1567 2301 1867 2367 σκοπεῖται,

264 2383 327 2439 δτι
370 2386 652 2459 βελτιῶσαι
699 2383 964 2441 ἐϐούλετο
1018 2387 1108 2440 τὸν
1164 2382 1561 2460 ἁμαρτάνοντα,
1607 2383 1705 2440 ούκ
1751 2387 1869 2440 ἀνε-

262 2474 368 2530 λεῖν.
399 2479 479 2533 Ἐν
500 2482 614 2540 τοῖς
647 2476 926 2538 ἀκουσίως
954 2475 1068 2531 ἐστὶ
1105 2475 1344 2546 κάκεῖνο,
1376 2474 1504 2529 ὅταν
1530 2495 1612 2536 τις
1660 2475 1869 2548 ἀμυνό-

264 2585 396 2636 μενος
447 2567 495 2620 ἐν
546 2565 704 2642 μᾶχῃ
744 2567 887 2638 τινὰ,
942 2565 1091 2638 ξύλῳ
1123 2565 1156 2634 ἢ
1189 2564 1337 2640 χειρὶ
1386 2561 1620 2642 ἀφειδῶς
1670 2563 1756 2618 ἐπὶ
1801 2565 1868 2619 τὰ

259 2653 411 2726 καίρια
454 2656 549 2724 τήν
601 2654 832 2729 πληγήν
876 2653 1086 2729 ἐνέγκῃ,
1136 2653 1218 2730 ἐφ’
1267 2655 1312 2726 ᾧ
1360 2658 1602 2709 κακῶσαι
1651 2660 1865 2725 τοῦτον,

261 2745 350 2822 οὐχ
375 2743 502 2800 ὥστε
530 2743 817 2807 παντελῶς
851 2743 1056 2800 ἀνελεῖν
1084 2765 1096 2777 ⁸
1129 2742 1276 2799 ἀλλά
1304 2748 1466 2799 τοῦτο
1496 2741 1605 2814 ἤδη
1639 2764 1866 2820 προσεγ-

259 2835 370 2906 γίζει
397 2840 470 2906 τῷ
498 2834 756 2908 ἑκουσίῳ.
790 2836 853 2890 Ὀ
897 2835 998 2910 γὰρ
1028 2834 1264 2906 τοιούτῳ
1311 2835 1655 2908 χρησέἰμένος
1700 2834 1866 2909 ὀργά-

258 2943 320 2995 νῳ
345 2925 466 2998 πρὸς
497 2922 729 2998 ἄμυναν,
761 2926 850 2979 καί
886 2926 962 2997 μή
986 2923 1357 3003 πεφεισμένως
1376 2925 1474 2992 τὴν
1493 2921 1709 2999 πλργήν
1736 2923 1865 2978 ἐπα-

255 3012 423 3087 γαγών,
457 3012 628 3082 δῆλός
675 3014 785 3069 ἐστι
835 3019 915 3085 τῷ
963 3015 1321 3088 κεκρατῆσθαι
1372 3014 1476 3068 ὑπὸ
1521 3018 1618 3068 τοῦ
1661 3013 1863 3076 πάθους

257 3100 462 3176 ἀρειδῶν
511 3109 612 3158 τοῦ
661 3103 970 3180 ἀνθρώπου.
1022 3103 1261 3174 Ὁμοίως
1303 3101 1391 3157 καὶ
1435 3104 1462 3156 ὁ
1515 3100 1662 3174 ξύλῳ
1713 3103 1868 3177 βαρεῖ

255 3187 432 3263 alter.)
466 3192 676 3265 μείζονι
706 3198 808 3261 τῆς
850 3190 1126 3265 δυνάμεως
1175 3199 1273 3261 τῆς
1322 3190 1664 3268 ἀνθρωπίνης
1709 3211 1862 3266 χρη-

251 3279 478 3351 σάμενος,
521 3286 642 3343 τοῖς
688 3281 965 3343 ἀκουσίοις
1014 3285 1224 3358 φονεῦσι
1274 3281 1718 3353 συναριθμεῖται’
1776 3280 1864 3336 ἀλ-

251 3365 306 3421 λο
333 3369 417 3439 μέν
447 3391 499 3424 τι
528 3368 932 3443 προελόμενος,
962 3368 1103 3424 ἄλλο
1135 3367 1192 3424 δέ
1215 3391 1270 3424 τι
1301 3371 1554 3439 ποιήσας.
1601 3370 1728 3424 Ὑπὸ
1760 3369 1862 3443 γὰρ

247 3461 328 3510 τοῦ
372 3459 542 3530 θυμοῦ
580 3459 841 3529 τοιαύτην
884 3459 1080 3534 ἤνεγκε
1124 3460 1222 3527 τὴν
1274 3456 1517 3532 πληγήν,
1567 3457 1704 3513 ὥστε
1747 3459 1863 3514 ἀνε-

246 3542 344 3599 λεῖν
394 3549 482 3601 τὸν
532 3551 849 3624 πληγέντα·
900 3549 990 3603 καί
1038 3551 1189 3617 τοιὴ
1222 3549 1436 3616 σπουδῆ
1463 3547 1529 3616 ἦν
1558 3548 1707 3620 αύτῷ
1747 3569 1863 3602 συν-

242 3635 400 3706 τρῖψαι
432 3639 627 3712 τυχὸν,
660 3637 788 3711 οὐχὶ
819 3637 910 3692 καὶ
958 3635 1240 3700 παντελῶς
1289 3639 1612 3691 θανατῶσαι.
1645 3639 1706 3694 Ὀ
1739 3637 1862 3710 μέν·

241 3743 311 3777 τοι
339 3725 465 3802 ξίφει
507 3729 863 3805 χρησάμενος
903 3725 1212 3799 οἱῳδήτινι,
1253 3723 1509 3799 οὐδεμίαν
1557 3721 1676 3800 ἔχει
1723 3747 1861 3801 παρ-

243 3812 452 3883 αὲτησίνς
499 3818 592 3871 καὶ
653 3816 893 3890 μάλιστα
935 3817 962 3870 δ
996 3817 1092 3884 τήν
1155 3817 1334 3887 ἀξίνην
1391 3815 1709 3877 ἀκοντίσας.
1767 3817 1857 3872 καὶ

241 3901 324 3976 γὰρ
363 3903 480 3959 οὐδὲ
527 3907 638 3960 ἀπὸ
678 3907 867 3980 χειρὸς
916 3905 1152 3981 φαίνεται
1201 3905 1434 3975 πλήξας,
1486 3905 1623 3960 ὥστε
1665 3905 1727 3959 τὸ
1772 3905 1861 3977 μέ-

241 4010 346 4065 τρον
373 4001 469 4062 τῆς
496 3994 723 4068 πληγῆς
755 3993 840 4049 ἐπ’
862 3994 1008 4067 αὐτῷ
1038 3996 1171 4049 εἶναι
1197 4013 1209 4024 ·
1244 3993 1372 4049 ἀλλ’
1401 3994 1700 4063 ήκόντισεν.
1726 3993 1859 4048 ὥστε

237 4086 301 4150 τῷ
332 4083 474 4157 βάρει
504 4088 606 4139 τοῦ
639 4083 892 4160 σιδήρου,
923 4085 1014 4138 καὶ
1043 4089 1113 4158 τῇ
1146 4086 1322 4158 ἀκμῇ,
1354 4085 1438 4138 καὶ
1471 4088 1540 4157 τῇ
1573 4081 1661 4137 διὰ
1703 4083 1859 4139 πλεί-

241 4190 346 4224 στου
374 4179 530 4248 φορᾷ,
563 4173 814 4248 ὀλεθρίαν
843 4175 941 4243 τήν
975 4172 1200 4249 πληγὴν
1239 4173 1545 4247 ἀναγκαίως
1593 4174 1856 4248 γενέσθαι.

291 4443 559 4498 Ἐκούσιον
649 4439 706 4498 δὲ
787 4442 955 4498 πάλιν
1036 4441 1334 4510 παντελῶς,
1419 4442 1508 4497 καὶ
1592 4439 1853 4514 οὕδεμίαν

233 4525 340 4602 ἔχον
365 4528 728 4609 ἀμφιϐολίαν,
778 4533 899 4588 οἶόν
940 4533 1051 4588 ἐστι
1097 4534 1160 4588 τὸ
1206 4540 1314 4588 τῶν
1371 4531 1606 4606 λῃστῶν,
1655 4532 1742 4586 καὶ
1791 4530 1853 4586 τὸ

1978 1937 2149 2002 cit,e0
2168 1937 2280 1992 {ine
2311 1942 2379 1992 ut
2405 1937 2654 1992 bestiam
2680 1938 3107 2008 propulset,aut
3134 1939 3352 1994 arboris
3376 1940 3626 1995 fructum

1977 2027 2252 2095 excutiat,
2296 2032 2470 2098 atque
2516 2027 2753 2083 minime
2806 2029 2858 2083 id
2910 2029 3104 2083 volens
3145 2028 3440 2085 hominem
3492 2046 3632 2101 prm-

1979 2125 2296 2173 tereuntem
2347 2117 2640 2172 lethaliter
2687 2118 2942 2189 percutit
2983 2141 2996 2184 ;
3043 2120 3156 2174 imo
3201 2124 3257 2174 et
3295 2119 3499 2190 siquis
3529 2135 3631 2174 cu-

1981 2207 2147 2278 piens
2180 2205 2434 2278 aliquem
2466 2210 2800 2264 convertere
2831 2208 2894 2263 in
2916 2207 3153 2278 melius,
3191 2209 3311 2263 loro
3343 2209 3430 2264 vel
3470 2209 3633 2280 virga

1978 2314 2090 2352 non
2138 2297 2446 2352 admodum
2495 2297 2640 2351 dura
2669 2313 2804 2352 eum
2853 2298 3112 2352 verberet
3178 2298 3320 2352 adeo
3353 2302 3417 2352 ut
3445 2297 3631 2352 inter-

1978 2387 2268 2443 moriatur
2299 2385 2346 2441 is
2366 2388 2465 2457 qui
2497 2385 2751 2456 vapulat.
2773 2386 3142 2458 Propositum
3177 2387 3328 2442 enim
3352 2389 3628 2442 tumcon-

1977 2477 2286 2544 sideratur,
2320 2477 2475 2547 quod
2505 2476 2789 2544 corrigere
2822 2476 3256 2547 delinquentem
3293 2475 3629 2543 voluit,non

1977 2566 2497 2623 interimore.lllud
2533 2566 2704 2622 etiam
2735 2569 2825 2621 est
2848 2565 2907 2621 in
2941 2566 3275 2622 homicidiis
3307 2566 3630 2622 involunla-

1977 2657 2102 2722 riis,
2127 2655 2226 2711 ubi
2259 2656 2354 2726 qui
2388 2655 2447 2710 in
2481 2671 2675 2728 pugna
2733 2656 2945 2710 acriter
2982 2654 3236 2726 aliquem
3284 2655 3630 2727 propulsans

1975 2745 2133 2818 ligno
2180 2748 2281 2799 aut
2330 2760 2500 2799 manu
2548 2742 2690 2799 satis
2718 2759 2950 2814 gravem
2997 2743 3222 2816 plagam
3255 2743 3485 2812 incutit,
3515 2761 3629 2815 qua

1975 2849 2107 2890 eum
2141 2832 2346 2888 ladere
2381 2834 2584 2903 possit,
2635 2849 2750 2887 non
2782 2849 2913 2888 vero
2956 2833 3191 2904 penitus
3238 2832 3562 2889 interﬁcere
3609 2850 3621 2887 :

1975 2924 2075 2979 sed
2109 2922 2219 2978 hoc
2268 2921 2506 2994 quidem
2547 2921 2804 2993 proxime
2842 2921 2912 2977 ad
2957 2919 3347 2977 voluntarium
3381 2920 3622 2978 accedit.

1975 3012 2083 3079 Qui
2116 3011 2271 3068 enim
2305 3011 2818 3067 taliinstrumento
2869 3027 3013 3067 usus
3045 3010 3218 3067 fuerit
3245 3011 3312 3066 ad
3348 3010 3625 3067 sedefen-

1974 3102 2329 3168 dendum,et
2385 3101 2469 3156 ita
2504 3100 2720 3156 vulnus
2751 3100 3026 3156 inﬂixerit
3079 3099 3462 3168 dirissimum,
3509 3116 3622 3172 prae

1977 3191 2157 3247 animi
2189 3190 2527 3262 impotentia
2558 3191 2615 3245 in
2651 3189 2942 3245 hominem
2987 3189 3241 3245 saviisse
3271 3189 3515 3245 videtur.

1895 3241 1949 3310 Ο
1978 3241 2526 3350 amisisti;
2563 3241 2942 3350 £33.23;
2987 3241 3622 3349 Isiggiagggjm

1973 3387 2144 3444 quam
2180 3387 2279 3441 pro
2325 3369 2548 3424 viribus
2578 3368 2855 3424 humanis
2901 3385 3044 3424 usus
3075 3373 3182 3436 est,
3218 3368 3618 3424 inveluntariis

1972 3459 2284 3515 homicidis
2315 3457 3052 3529 adnumeratur,'tanquam
3087 3457 3221 3529 quid
3247 3457 3403 3513 aliud
3432 3457 3619 3512 voluc-

1973 3548 2067 3614 rit,
2099 3548 2254 3604 aliud
2285 3563 2414 3602 vero
2438 3547 2652 3602 fecerit.
2700 3545 2840 3602 Illuc
2870 3547 3026 3602 enim
3059 3547 3273 3603 vulnus
3329 3547 3416 3602 ira
3455 3562 3622 3603 com—

1971 3640 2166 3692 motus
2212 3635 2428 3703 intulit,
2470 3652 2585 3708 quo
2630 3652 2971 3706 percussum
3035 3635 3358 3690 interfecit:
3433 3650 3623 3706 quan-

1971 3741 2146 3796 quam
2195 3725 2246 3780 ei
2291 3725 2430 3780 forte
2479 3725 2538 3779 in
2598 3725 2793 3780 animo
2851 3732 2970 3779 erat
3027 3740 3158 3779 eum
3227 3723 3454 3793 laedere,
3503 3741 3619 3780 non

1969 3820 2168 3872 tamen
2221 3814 2451 3886 penitus
2499 3830 2759 3870 enecare.
2814 3814 2920 3879 Qui
2967 3818 3158 3869 autem
3231 3828 3369 3869 ense
3423 3812 3618 3885 aliquo

1969 3921 2113 3961 usus
2146 3908 2258 3971 est,
2302 3903 2524 3959 nullam
2579 3903 2752 3958 habet
2801 3902 3251 3969 excusationem,
3302 3902 3616 3974 praesertim

1969 3995 2065 4066 qui
2098 3994 2346 4049 securim
2397 3992 2726 4062 jaculatur:
2781 4008 2894 4048 non
2945 3993 3096 4046 enim
3150 4008 3323 4046 manu
3379 4007 3618 4062 percus-

1968 4083 2116 4139 sisse
2155 4083 2398 4150 videtur,
2455 4086 2520 4136 ut
2545 4082 2620 4136 sit
2654 4082 2847 4154 aliqua
2890 4081 3208 4136 moderatio
3249 4081 3401 4136 ictus
3443 4097 3618 4151 penes

1967 4173 2130 4227 illum
2165 4189 2177 4226 :
2205 4171 2302 4226 sed
2339 4171 2594 4241 projecit,
2637 4176 2700 4225 ut
2742 4175 2798 4226 et
2826 4170 3106 4243 gravitate
3140 4169 3296 4238 ferri,
3324 4173 3381 4224 et
3411 4169 3534 4225 acie
3563 4173 3618 4223 et

1967 4265 2125 4316 motu
2161 4277 2260 4331 per
2282 4260 2424 4316 bene
2449 4276 2726 4332 magnum
2752 4260 3024 4331 spatium,
3043 4258 3256 4314 vulnus
3288 4258 3615 4314 necessario

1965 4353 2042 4407 sit
2065 4352 2478 4422 perniciosum.

2037 4440 2194 4500 254
2261 4441 2434 4497 Porro
2499 4438 2887 4495 voluntarium
2971 4439 3315 4510 simpliciter
3376 4439 3610 4505 dicitur,

1964 4539 2018 4586 et
2050 4531 2268 4586 nullam
2301 4530 2538 4585 omnino
2577 4528 2995 4584 dubitationem
3034 4529 3270 4599 patitur,
3303 4528 3361 4582 id
3386 4528 3536 4599 quod
3580 4544 3614 4582 a

230 4622 318 4673 τῶν
343 4621 670 4696 πολεμικῶν
702 4620 926 4698 ἐφόδων.
962 4623 1024 4676 Οἱ
1059 4624 1155 4695 μὲν
1186 4625 1289 4699 γὰρ
1335 4622 1638 4697 χρημάτων
1675 4619 1849 4676 ἕνεκεν

1974 4619 2288 4676 latronibus
2311 4619 2376 4673 fit
2395 4624 2450 4674 et
2475 4619 2870 4674 hostibus.Isti
2887 4618 3042 4674 enim
3058 4621 3292 4688 propter
3305 4616 3606 4687 pecuniam

230 4705 506 4780 ἀναιροῦσι,
559 4709 658 4765 τὸν
706 4703 932 4785 ἔλεγχον
985 4711 1413 4786 ἀποφεύγοντες·
1469 4710 1520 4764 οἱ
1559 4707 1700 4764 δὲέν
1732 4715 1850 4773 τοῖς

231 4795 473 4870 πολέμοις
531 4797 623 4853 ἐπὶ
670 4801 864 4872 φόνους
912 4796 1191 4874 ἔρχονται,
1245 4797 1366 4854 οὔτε
1414 4794 1677 4872 φοϐῆσαι,
1728 4795 1851 4854 οὔτε

230 4889 564 4962 σωῆρονίσαι,
623 4886 748 4943 ἀλλ’
823 4887 1032 4944 ἀνελεῖν
1107 4888 1233 4950 τοὺς
1295 4889 1735 4961 ἐναντιουμένους
1792 4887 1852 4943 ἐκ

228 4979 306 5028 τοῦ
331 4982 566 5052 φανεροῦ
600 4978 1047 5052 προαιρούμενοι.
1085 4979 1183 5035 Καὶ
1219 4977 1405 5051 μέντοι
1440 4978 1535 5032 κᾶν
1569 4975 1640 5032 δι’
1669 4975 1850 5046 ἄλλην

228 5065 325 5118 τινὰ
351 5068 525 5122 αἰτίαν
571 5066 861 5142 περίεργον
903 5068 1185 5145 φάρμακόν
1229 5090 1310 5130 τις
1356 5068 1638 5142 ἐγκεράσῃ,
1681 5064 1843 5139 ἀνέλῃ

230 5147 561 5223 ἢὶκούσιον
610 5158 869 5228 τιθέμεθα
909 5159 968 5212 τὸ
1015 5163 1304 5213 τοιοῦτον’
1357 5160 1442 5212 οἷα
1491 5161 1741 5212 ποιοῦσιν
1791 5156 1845 5207 αἱ

226 5255 444 5316 pains:
486 5247 792 5317 πολλάκις,
842 5249 1140 5314 έπαοιδίαις
1191 5252 1297 5305 τισὶ
1349 5251 1437 5305 καὶ
1486 5247 1844 5319 καταδέσμοις

227 5336 340 5406 πρὸς
397 5339 461 5392 τὸ
531 5341 736 5394 ἑαυτῶν
805 5341 1030 5416 φίλτρον
1096 5341 1386 5416 ἐπάγεσθαι
1463 5339 1588 5404 τοὺς
1652 5337 1845 5411 ἄνδρας

222 5429 559 5498 πειρώμεναι,
622 5428 714 5483 καὶ
781 5427 1171 5502 προσδιδοῦσαι
1237 5431 1513 5508 φάρμακα,
1581 5429 1846 5485 σκότωσιν

223 5510 536 5584 ἐμποιοῦντα
565 5523 685 5582 ταῖς
713 5519 891 5573 αὐτῶν
944 5517 1171 5574 διανοίαι
1202 5542 1213 5554 ο
1249 5522 1302 5575 αἱ
1335 5524 1578 5575 τοιαῦται
1627 5518 1845 5573 ἀνελοῦ-

221 5623 315 5673 σαι,
345 5606 509 5660 εἶκαὶ
549 5605 692 5663 ἄλλο
748 5607 1136 5682 προελόμεναι,
1187 5608 1329 5664 ἄλλο
1379 5608 1659 5678 ἐποίησαν,
1691 5610 1842 5679 ὅμως

224 5687 299 5747 διὰ
343 5696 404 5750 τὸ
455 5697 736 5773 περίεργον
780 5698 870 5753 καὶ
916 5698 1356 5776 ἀπηγορευμένον
1401 5706 1500 5770 τῆς
1550 5693 1845 5768 ἐπιτηδεύ-

1962 4709 2328 4779 interimunt,
2353 4708 2610 4762 tribunal
2645 4709 2936 4779 fugientes
2963 4750 2978 4774 ,
3009 4711 3066 4762 et
3093 4706 3192 4777 qui
3224 4704 3373 4761 bella
3403 4708 3611 4777 gerunt

1960 4799 2029 4853 ad
2072 4799 2258 4853 cedes
2289 4797 2598 4868 patrandas
2629 4797 2928 4866 accedunt,
2963 4811 3150 4867 neque
3187 4800 3398 4850 terrere
3421 4809 3608 4865 neque

1960 4887 2261 4957 castigare,
2309 4885 2406 4939 sed
2458 4900 2526 4939 ex
2558 4886 2816 4954 professo
2875 4885 3235 4941 adversarios
3284 4883 3608 4940 interﬁcere

1959 4976 2212 5031 student.
2247 4974 2552 5028 Imoetism
2570 4975 2615 5027 si
2634 4980 2867 5044 propter
2887 4975 3147 5046 aliquam
3173 4975 3340 5028 aliam
3367 4988 3601 5026 causam

1960 5065 2130 5120 fatale
2181 5064 2671 5118 medicamentum
2731 5063 2938 5134 aliquis
3003 5063 3263 5127 misceat,
3311 5067 3484 5131 atque
3527 5060 3603 5113 ita

1958 5154 2285 5221 interficiat,
2347 5153 2730 5208 voluntariam
2765 5167 2897 5207 esse
2937 5153 3104 5206 istam
3139 5150 3348 5204 eadem
3374 5150 3602 5217 judicu‘

1957 5259 2104 5298 mus.
2143 5243 2301 5296 Istud
2327 5258 2477 5312 saepe
2511 5243 2730 5298 faciunt
2769 5241 3058 5306 mulieres,
3093 5255 3220 5309 quas
3255 5238 3598 5306 quihusdam

1955 5332 2448 5387 incantationibus
2514 5347 2580 5385 ac
2636 5329 2909 5386 amuletis
2967 5329 3034 5381 ad
3074 5330 3164 5382 sui
3214 5342 3466 5381 amorem
3516 5327 3600 5380 vi-

1955 5439 2050 5477 ros
2108 5421 2392 5476 attrahere
2437 5424 2740 5481 conantur,
2802 5423 2859 5474 et
2885 5419 3025 5472 dant
3076 5417 3147 5471 iis
3181 5415 3600 5470 medicamenta

1951 5528 2079 5582 quae
2130 5511 2419 5566 mentibus
2480 5510 2746 5565 tenebras
2797 5507 3127 5563 offundunt.
3189 5505 3284 5559 Ηερ
3333 5520 3490 5575 ergo,
3550 5505 3597 5558 si

1954 5606 2215 5666 enecent,
2249 5601 2515 5672 quamvis
2568 5600 2725 5655 aliud
2777 5597 3081 5663 voluerint,
3126 5595 3284 5649 aliud
3343 5595 3598 5661 fecerint,

1957 5695 2188 5764 propter
2234 5689 2563 5745 letbiferum
2600 5698 2773 5760 atque
2822 5687 3175 5760 prohibitum
3221 5686 3598 5759 medicamen,
