4118 6214
287 345 365 403 181
1261 340 1699 405 SYNTAGMA
1741 338 2382 404 ALPHABETICUM.
2430 375 2504 384 —
2550 347 2622 400 Φ.

3513 335 3629 397 182

281 476 324 530 Τί
356 476 444 548 γάρ
486 477 585 527 τῶν
637 473 767 546 ὑπὲρ
817 475 1176 549 σωφροσύνης
1219 474 1308 529 καὶ
1359 471 1631 537 εὐσεϐείας
1669 477 1858 550 ἀμυνο-

1984 476 2317 548 praeclarius
2348 477 2459 533 dici
2473 475 2842 549 possitquam
2859 476 3009 548 quod
3031 477 3290 546 pugnent
3304 473 3628 546 provirtute

283 566 423 637 μένων
453 562 519 621 εἷς
557 560 770 615 ἐπαίνου
826 561 987 636 λόγον
1029 565 1231 636 γένοιτ’
1273 565 1333 619 ἂν
1385 565 1674 639 ἀξιώτερον
1706 585 1720 635 ;
1751 569 1871 621 ’Ότι

278 672 324 724 γε
364 650 458 721 μὴν
502 648 643 720 αύτῷ
689 650 969 722 πρόκειται
1022 651 1248 720 σκοπὸς,
1296 652 1391 713 τὰς
1448 653 1870 727 συνεζευγμένας

278 739 359 794 ἔσθ’
396 737 492 806 ὅπη
546 738 633 792 καὶ
675 742 793 800 ταῖς
843 740 1064 812 ἀγαθαῖς
1115 745 1223 795 τῶν
1277 742 1522 815 πράξεων
1597 742 1868 817 καθαίρειν

274 826 488 898 κηλῖδας,
521 827 753 902 μετρίως
782 828 874 882 καὶ
900 829 1117 890 τούτοις
1157 829 1402 903 ἐπιτιμᾷ,
1452 829 1656 907 ὥσπερ,
1688 834 1870 904 οἶμαι,

273 919 343 972 καὶ
392 919 416 971 ὁ
471 922 631 991 μέγας
689 918 751 972 ἀν
820 917 1069 988 ἐποίησεν
1149 921 1485 988 Ἀθανάσιος,
1545 920 1591 976 εί
1668 921 1868 990 ταύτην

273 1007 673 1080 προστησάμενος
721 1007 810 1062 καὶ
869 1008 1031 1070 αὐτὸς
1093 1008 1353 1085 ἐτύγχανε
1424 1011 1524 1078 τὴν
1599 1009 1869 1072 ὑπόθεσιν,

271 1097 340 1150 καὶ
387 1099 453 1167 μή
501 1097 728 1171 ἑτέρωσε
803 1095 1048 1171 βλέπων,
1101 1097 1308 1153 τούτων
1367 1098 1867 1172 ἀπεμνημόνευσεν.

271 1184 400 1242 Ἀλλ’
429 1187 475 1239 οἱ
504 1192 602 1254 τῆς
636 1185 1002 1261 μεγαλονοίας
1035 1191 1130 1242 τοῦ
1160 1187 1456 1261 νομοθέτου
1491 1191 1567 1262 μὴ
1621 1188 1872 1263 ἐφικνού-

275 1297 418 1345 μενοι,
476 1273 611 1348 μηδὲ
666 1280 775 1330 τῶν
849 1276 1199 1349 ἀνθρωπίνων
1286 1278 1726 1351 κατορθωμάτων
1810 1279 1872 1333 τὸ

276 1366 382 1436 πρὸς
407 1365 579 1419 κακίαν
624 1363 925 1440 ἀγχίθυρον
974 1368 1389 1440 στοχαζόμενοι,
1443 1365 1676 1441 μέμψεις
1725 1369 1874 1440 αύτῷ

273 1458 536 1524 περιάπτειν
579 1454 890 1526 τολμῶσιν,
935 1456 1023 1509 οἶα
1080 1455 1336 1534 φορτικὸν
1387 1456 1443 1510 ὃν
1501 1456 1564 1512 τὸ
1601 1464 1701 1526 τῆς
1732 1479 1868 1529 συμ-

272 1537 460 1612 ϐουλῆς,
506 1545 589 1598 καὶ
643 1550 745 1612 τῆς
799 1545 970 1615 ἀρθῆς
1015 1541 1248 1599 ἀποδέον
1293 1545 1546 1618 κρίσεως.
1593 1542 1872 1618 Συμϐήσε-

271 1653 386 1686 σεται
422 1633 538 1708 γάρ,
581 1634 733 1710 φασὶ,
782 1635 927 1706 παρά
974 1638 1160 1704 τοῦτο,
1189 1639 1296 1688 τῶν
1349 1639 1697 1709 στρατιωτῶν
1744 1635 1870 1699 τοὺς

270 1718 721 1793 εὐδοκιμωτάτους,
779 1725 868 1776 καὶ
920 1721 1158 1794 μάλιστα
1213 1725 1290 1786 οἶς
1356 1721 1528 1798 ἔργον,
1588 1725 1722 1801 ξίφει
1782 1725 1870 1778 καὶ

1988 571 2045 622 et
2076 566 2286 637 pietate
2315 567 2343 620 ?
2371 567 2513 632 Quia
2542 581 2673 622 vero
2697 566 2806 636 ipsi
2838 564 3199 636 propositum
3241 563 3373 629 fuit,
3427 579 3625 619 macu-

1980 656 2068 712 las
2083 673 2209 727 qum
2237 671 2656 726 nonnunquam
2671 654 2964 727 praeclaris
2985 652 3309 708 actionibus
3322 652 3622 708 adharent
3713 663 3716 666 ‘

1981 745 2193 810 eluere,
2229 746 2525 801 moderate
2557 745 2732 800 etiam
2763 744 2906 798 istos
2957 741 3167 813 punit:
3219 740 3392 797 sicuti
3422 745 3481 796 et
3534 757 3630 796 ma

1981 851 2133 908 gnua
2162 833 2534 903 Athanasius,
2566 833 2720 904 quod
2754 848 2901 900 reor,
2935 833 3182 898 fecisset,
3219 831 3271 887 si
3318 830 3428 902 ipsi
3468 832 3630 887 conti

1981 926 2162 997 gisset
2194 925 2343 980 hanc
2374 941 2607 980 causam
2631 928 2901 989 tractare,
2935 936 3121 993 neque
3161 920 3272 976 alio
3306 919 3624 990 respiciens

1981 1014 2124 1070 istos
2158 1013 2569 1086 praeteriisset:
2629 1028 2828 1067 verum
2888 1010 2973 1066 illi
3037 1011 3335 1080 (Zonaram
3390 1009 3626 1079 innuit),

1980 1103 2079 1172 qui
2109 1100 2654 1174 magnanimitatem
2700 1097 3022 1170 spiritualis
3060 1097 3241 1168 hujus
3277 1096 3629 1168 legislatoris

1983 1209 2097 1248 non
2130 1195 2540 1262 assequuntur,
2575 1205 2764 1261 neque
2795 1187 3300 1243 naturahumane
3332 1186 3401 1242 ad
3424 1184 3624 1240 vitium

1983 1281 2327 1352 pronitatem
2359 1280 2751 1347 considerant,
2798 1279 2989 1348 ipsum
3045 1275 3463 1345 reprehendere
3512 1290 3626 1330 non

1982 1376 2270 1438 verentur,
2306 1369 2470 1440 quasi
2501 1376 2653 1424 esset
2681 1366 2975 1422 insulsum
3006 1364 3333 1430 consilium,
3375 1369 3432 1418 et
3476 1369 3628 1419 recto

1974 1459 2200 1530 judicio
2229 1474 2452 1514 carens.
2487 1457 2605 1514 Hoc
2631 1455 2787 1512 enim
2820 1462 3006 1527 pacto,
3051 1454 3132 1508 ait
3177 1453 3292 1517 ille,
3339 1452 3631 1522 continget

1983 1553 2048 1603 ut
2065 1547 2278 1604 milites
2295 1545 2731 1616 spectatissimi,
2754 1548 2812 1600 et
2831 1559 3081 1615 quorum
3107 1542 3369 1598 studium
3389 1545 3473 1597 est
3490 1557 3629 1596 ense

1983 1653 2050 1692 ac
2069 1637 2221 1694 caede
2250 1640 2574 1691 exterarum
2618 1635 2890 1689 incursus
2939 1631 3267 1702 praecidere,
3310 1647 3408 1701 per
3453 1635 3626 1685 totam

1980 1727 2154 1782 vitam
2183 1726 2313 1781 boni
2349 1724 2759 1780 communione
2782 1723 3097 1793 priventur,
3124 1722 3277 1792 quod
3300 1721 3439 1776 viris
3466 1719 3628 1776 Chri-

268 1811 386 1888 εόνῳ
435 1814 519 1873 τάς
565 1819 674 1867 τῶν
751 1811 1084 1889 ἀλλοφύλων
1144 1815 1462 1869 ἀνακόπτειν
1523 1815 1720 1887 ὁρμὰς,
1781 1813 1858 1868 διὰ

1982 1814 2188 1870 stianis
2222 1811 2606 1868 intolerabilis
2650 1827 2821 1883 pcena
2854 1815 2961 1865 est.
3005 1809 3229 1880 Quippe
3257 1824 3360 1862 cur
3400 1825 3511 1864 non
3544 1806 3627 1861 illi

268 1903 370 1973 βίου
399 1909 486 1970 τῆς
529 1907 624 1957 τοῦ
666 1904 873 1978 ἀγαθοῦ
932 1904 1209 1974 στέρεσθαι
1283 1901 1683 1977 μετάλήψεως,
1733 1902 1865 1977 ὅπερ

264 1995 571 2062 Χριπιανοῖς
625 1992 904 2068 ἀφόρητος
961 1992 1204 2055 κόλασις.
1264 1992 1362 2048 Διά
1417 1994 1470 2048 τί
1525 1993 1653 2068 γάρ,
1692 1993 1870 2072 φασὶν,

263 2080 312 2134 οὐ
359 2083 565 2155 καθαροί
621 2083 723 2144 τὰς
790 2087 1000 2157 χεῖρας,
1034 2081 1125 2145 οὓς
1185 2082 1542 2160 σωφροσύνης
1599 2081 1723 2155 πέρι
1782 2083 1870 2137 καὶ

258 2164 491 2232 εὐσεϐείας
537 2170 705 2234 αὐτὸς
761 2169 1026 2242 πολεμεῖν
1082 2175 1394 2246 μαρτυρεῖς,
1464 2172 1655 2245 ἄριστα
1737 2170 1866 2225 πάν-

257 2263 512 2314 τωντοῦτο
541 2261 824 2330 σκοπήσας
859 2281 874 2332 ;
906 2262 1010 2318 Καὶ
1066 2261 1165 2335 γάρ
1223 2259 1273 2315 εἶ’
1333 2261 1409 2332 μὴ
1466 2260 1617 2314 οὗτοι
1674 2263 1866 2334 προθυο

258 2350 442 2420 μηθεῖεν
493 2347 567 2411 εἷς
635 2354 830 2425 χεῖρας
886 2355 1001 2412 τοῖς
1058 2345 1355 2425 βαρϐάροις
1423 2347 1578 2420 ἰέναι,
1628 2350 1717 2404 καὶ
1801 2351 1868 2405 τὰ

257 2439 360 2514 sic»,
412 2440 732 2502 ἐπισείοντες
790 2438 993 2495 πείθειν
1051 2441 1161 2516 οὐχ
1213 2440 1363 2502 ὅπως
1412 2444 1518 2494 τῶν
1551 2438 1866 2516 ἀλλοτρίων

255 2530 318 2597 μή
369 2527 614 2607 ἐφίεσθαι,
648 2528 797 2585 ἀλλά
851 2531 939 2584 καὶ
989 2531 1114 2604 περὶ
1172 2533 1277 2585 τῶν
1325 2529 1594 2608 σφετέρων
1625 2527 1866 2585 δεδοικέ-

252 2639 338 2688 ναι,
368 2620 456 2673 οὐκ
500 2618 560 2673 ἃν
620 2619 818 2697 φθάνοι
857 2618 923 2674 τὰ
976 2625 1078 2688 τῆς
1127 2615 1401 2681 εὐσεϐείας
1434 2618 1722 2693 οἰχόμενα,
1754 2623 1864 2674 τῶν

254 2702 508 2783 βαρϐάρων
543 2709 628 2787 ὑφ’
675 2709 896 2770 ἑαυτοὺς
947 2709 1119 2764 πάντα
1166 2707 1512 2781 ποιουμένων
1540 2709 1674 2763 κατά
1722 2706 1866 2762 πολ-

252 2795 335 2864 λήν
374 2802 464 2852 τοῦ
517 2797 868 2860 κωλύσοντος
919 2797 1174 2872 ἐρημίαν,
1223 2798 1310 2852 καὶ
1365 2799 1427 2852 τὸ
1468 2795 1667 2852 οἷ’κεῖον
1707 2794 1864 2860 σέϐας

252 2882 323 2940 διὰ
369 2885 602 2956 σπουδῆς
663 2888 962 2960 τιθεμένων
1022 2887 1338 2958 κρατύνειν;
1381 2886 1746 2964 Σωφροσύνην
1806 2883 1863 2941 δὲ

246 2976 313 3034 τίς
339 2974 471 3031 ἔσται
505 2978 532 3031 ὁ
566 2977 791 3049 μετιὼν,
841 2977 1291 3050 ἀναγκαζομένων
1340 2973 1556 3030 πάντων
1610 2978 1705 3048 ζῇν
1745 2975 1863 3030 κατ’

247 3061 472 3132 ἐκείνους,
519 3063 928 3138 αὐτοκράτορας
975 3061 1086 3134 ἤδη
1137 3062 1574 3139 γεγενημένους;
1635 3065 1860 3127 Τούτοις

245 3149 442 3227 παιδικῇ
474 3153 546 3216 ὡς
577 3153 645 3208 ἂν
696 3151 828 3230 φαίη
876 3173 959 3214 τις
1009 3151 1232 3229 γλώττῃ
1283 3151 1536 3226 τολμῶσι
1584 3148 1860 3227 περιϐομ-

1983 1904 2257 1960 manibus
2290 1903 2418 1975 puri
2449 1918 2579 1957 esse
2608 1902 2838 1967 debent,
2873 1917 3018 1968 quos
3045 1904 3106 1952 tu
3134 1899 3259 1968 ipse
3290 1897 3491 1952 fateris
3525 1913 3626 1967 pro

1980 1994 2262 2066 pudicitia
2291 1997 2346 2050 et
2376 1991 2590 2064 pietate
2622 2005 2903 2062 pugnare,
2930 1993 2992 2042 ut
3015 1987 3108 2043 ille
3129 1987 3343 2058 optime
3363 1985 3624 2042 animad-

1977 2083 2190 2140 vertit?
2218 2082 2343 2137 Nisi
2373 2082 2529 2137 enim
2561 2079 2644 2136 illi
2666 2081 2725 2134 in
2745 2079 3004 2135 animum
3028 2077 3401 2133 induxissent
3421 2077 3632 2131 Barba-

1978 2189 2074 2230 ros
2115 2171 2374 2246 aggredi,
2407 2177 2466 2227 et
2494 2169 2732 2226 vibratis
2750 2168 2963 2241 gladiis
2981 2167 3350 2239 persuadere,
3371 2183 3487 2222 non
3505 2165 3626 2235 qui-

1977 2263 2109 2319 dem
2140 2263 2386 2334 cupidos
2416 2262 2700 2318 bonorum
2732 2259 3074 2320 alienorum,
3108 2257 3206 2313 sed
3229 2257 3300 2312 de
3330 2255 3455 2312 suis
3475 2254 3624 2310 solli-

1976 2353 2120 2410 citos
2151 2368 2300 2421 esse,
2332 2367 2482 2408 anne
2520 2351 2589 2405 de
2627 2349 2839 2420 pietate
2881 2352 3076 2402 actum
3107 2349 3280 2413 esset,
3312 2360 3447 2400 cum
3482 2345 3627 2400 Bar-

1975 2443 2100 2500 bari
2134 2443 2330 2500 omnia
2359 2441 2466 2496 sibi
2499 2439 2857 2510 subjicerent
2891 2441 3120 2508 propter
3147 2435 3390 2491 nimiam
3422 2434 3626 2490 adver-

1974 2533 2113 2590 sarii
2161 2533 2476 2605 ignaviam,
2535 2534 2591 2586 et
2639 2545 2808 2586 suam
2857 2527 3332 2600 superstitionem
3363 2524 3624 2582 stabilire

1974 2638 2323 2697 magnopere
2333 2621 2734 2678 anniterentur
2748 2619 2925 2683 ?Quis
2937 2623 3131 2674 autem
3146 2614 3438 2673 honestati
3455 2614 3622 2671 locus

1973 2715 2102 2782 erit,
2122 2729 2257 2769 cum
2280 2727 2484 2768 omnes
2511 2713 2737 2782 arrepto
2769 2708 2949 2765 semel
2974 2707 3217 2777 imperio
3247 2705 3318 2761 ad
3357 2705 3618 2776 ipsorum

1973 2817 2164 2858 mores
2194 2803 2371 2858 vitam
2412 2816 2582 2871 agere
2629 2801 2837 2870 cogent
2866 2795 3102 2852 Barbari
3133 2795 3162 2848 Ἰ
3203 2795 3334 2850 Haec
3380 2795 3617 2865 quidem

1972 2891 2190 2948 audent
2273 2890 2481 2962 puerili
2555 2887 2812 2944 balbutie
2895 2886 3172 2942 adversus
3234 2882 3615 2939 multisonam

1971 2982 2223 3052 Spiritus
2253 2979 2558 3035 buccinam
2581 2982 2639 3033 et
2667 2974 3009 3049 evangelica
3029 2972 3285 3030 scientias
3313 2975 3616 3044 syntagma

1970 3071 2434 3128 obmurmurare.
2467 3067 2686 3135 Quibus
2726 3065 2807 3123 sic
2844 3063 3213 3135 respondere,
3258 3060 3417 3128 licet,
3463 3062 3612 3133 quod

1971 3159 2324 3216 naturalium
2373 3165 2709 3214 nostrorum
2767 3155 3105 3220 atIectuum,
3165 3157 3230 3209 ut
3277 3149 3611 3207 summatim

247 3240 340 3306 βεῐν
379 3244 471 3311 τήν
522 3240 880 3315 πολύπομον
921 3245 1018 3297 τοῦ
1066 3242 1382 3315 Πνεύματος
1433 3241 1733 3319 σάλπιγγα,
1765 3243 1856 3298 καὶ

1969 3251 2182 3319 dicam,
2213 3265 2454 3307 examen
2496 3254 2625 3321 post
2657 3247 2882 3320 lapsum
2939 3245 3097 3310 Adaa,
3158 3243 3312 3315 quod
3369 3243 3612 3308 scimus,

242 3333 322 3395 τῆς
368 3328 721 3404 εύαγγελικῆς
769 3329 1055 3403 ἐμπειρίας
1098 3330 1198 3398 τήν
1268 3325 1460 3405 βίϐλον
1509 3348 1520 3361 ·
1574 3331 1710 3405 πρὸς
1765 3330 1856 3394 οὓς

237 3413 382 3470 ἐκεῖνο
409 3416 465 3470 ἃν
521 3417 762 3490 εἴποιμι,
792 3417 876 3472 ὅτι
931 3422 1040 3472 τῶν
1087 3415 1138 3472 ἐν
1205 3419 1339 3491 ἡμῖν
1393 3422 1631 3494 φυσικῶν
1673 3420 1858 3473 παθῶν

239 3503 525 3578 συλλήϐδην
553 3509 731 3562 εἰπεῖν
763 3507 790 3560 ὁ
838 3506 1024 3579 ἐσμὸς,
1061 3507 1195 3580 μετά
1239 3507 1338 3574 τὴν
1390 3510 1485 3560 τοῦ
1533 3504 1735 3580 Ἀδὰμ,
1781 3508 1857 3570 ὡς

239 3591 389 3664 ἴσμεν,
445 3591 776 3671 παράϐασιν,
825 3601 902 3668 τῷ
962 3601 1067 3652 τῶν
1135 3595 1436 3671 ἀνθρώπων
1524 3595 1857 3669 εἰσεκώμασε

237 3682 371 3756 γένει,
420 3686 597 3762 ὥσπερ
649 3684 1097 3760 ἀρρωστημάτων
1167 3691 1366 3740 κοινῶν
1408 3689 1477 3759 τῇ
1519 3685 1681 3756 κακίᾳ
1730 3707 1855 3740 συν-

236 3774 576 3832 εισπεσόντων.
627 3776 846 3830 Τούτων
894 3776 959 3828 τὰ
1013 3775 1106 3848 μέν
1166 3772 1319 3846 φύσει
1381 3774 1718 3842 συνέζευκται
1765 3777 1850 3829 καὶ

235 3860 431 3938 ἀνάγκη,
476 3867 544 3919 τά
595 3863 656 3920 δὲ
705 3864 859 3940 φύσει
904 3862 1188 3920 διοικεῖται
1235 3865 1320 3918 καὶ
1373 3864 1682 3938 προαιρέσει
1717 3881 1730 3895 ’
1763 3865 1854 3918 καὶ

234 3952 287 4004 τά
316 3953 400 4024 μὲν
421 3953 533 4028 ἔχει
569 3954 634 4009 τὸ
658 3952 1018 4024 ἆνεπίκλητο,
1052 3958 1130 4024 τῷ
1177 3954 1508 4027 ἀποχρῶσαν
1565 3955 1854 4021 κεκτῆσθαι

236 4042 527 4113 παραίτησιν
575 4047 678 4113 τὴν
728 4041 926 4116 όλογον
978 4043 1220 4117 ἀνάγκην
1269 4049 1368 4111 τῆς
1409 4042 1644 4116 φύσεως,
1678 4043 1736 4096 ἂν
1773 4045 1849 4115 μή

231 4134 285 4199 τῇ
327 4133 475 4207 χρεία
535 4135 707 4205 μόνον
855 4131 1084 4204 ἀμετρία
1136 4132 1492 4204 λυμήνηται·
1545 4131 1624 4206 ἐφ’
1665 4128 1698 4184 ἃ
1729 4129 1785 4185 δὲ
1815 4134 1849 4200 ἡ

232 4221 518 4293 προαίρεσις
579 4223 724 4297 ἄγει,
784 4220 924 4294 ἥπερ
975 4223 1042 4292 τῇ
1103 4218 1302 4294 λογικῇ
1370 4220 1456 4273 καὶ
1526 4219 1850 4292 αύτεξουσίῳ

231 4312 606 4389 συνεισέρχεται
662 4310 838 4386 φύσει,
899 4307 1280 4363 ὑποκλίνεσθαι
1335 4309 1536 4375 ταύτην
1592 4310 1852 4363 πείθουσα

229 4403 322 4458 τοῖς
361 4407 454 4467 τῆς
497 4401 710 4474 ἀλόγου
759 4399 966 4474 φύσεως
1012 4399 1256 4466 πάθεσιν,
1305 4396 1440 4467 έξὸν,
1494 4397 1641 4473 εἴπερ
1690 4394 1852 4453 ἐϐού-

232 4482 458 4560 λετο,μή
519 4487 784 4556 ἐνδοῦναι,
834 4487 897 4542 ού
948 4489 1120 4556 πάντη
1179 4488 1242 4542 τὸ
1297 4486 1606 4559 ἄμεμπτον,
1648 4489 1693 4541 εὶ
1759 4489 1849 4542 καὶ

232 4580 644 4653 συγκεχώρηται,
703 4575 1027 4654 διαπέφευλε

231 4683 340 4726 σεως
381 4671 546 4722 ταῦτα
609 4664 801 4737 δεῖται,
835 4667 923 4720 οἶα
978 4673 1076 4735 τῆς
1125 4671 1464 4740 προγονικῆς
1507 4666 1681 4735 ἥττης
1727 4668 1848 4721 κατ’

230 4752 356 4827 ἴχνος
385 4757 647 4830 ἑπόμενα.
683 4756 779 4810 Καὶ
811 4757 913 4830 γάρ
945 4756 973 4810 ὁ
1010 4756 1216 4830 γάμος,
1265 4756 1310 4810 εἱ
1360 4756 1447 4808 καὶ
1495 4758 1594 4820 τῆς
1644 4753 1846 4809 ἀθανα-

232 4841 342 4911 σίας,
397 4849 459 4915 ἤς
521 4845 971 4916 ἐκπεπτώκαμεν,
1006 4842 1156 4900 δοκεῖ
1209 4866 1268 4918 γε
1326 4842 1505 4914 δήπου
1553 4845 1732 4917 φέρειν
1780 4845 1843 4900 τὸ

229 4932 563 5008 ἀπειιώνισμα
593 4938 662 5008 τῇ
695 4939 789 4988 τοῦ
817 4935 1005 5010 γένους
1056 4931 1315 5007 διαδοχῇ,
1349 4932 1475 4988 ἀλλ’
1527 4931 1616 4987 οὖν
1664 4933 1709 4987 εί
1765 4935 1842 5005 μὴ

230 5019 485 5098 ἐπίκουρον
535 5027 706 5098 σχοίη
736 5026 829 5079 τὸν
856 5025 1049 5097 νόμον,
1083 5026 1170 5078 καὶ
1218 5029 1286 5097 τῇ
1336 5025 1454 5097 ὶερᾷ
1501 5023 1694 5096 τελετῇ
1742 5025 1840 5091 τήν

229 5115 434 5169 παλαιάν
500 5117 855 5190 προστροπὴν
915 5113 1317 5176 ἀποπλύναιτο,
1378 5118 1484 5166 τῶν
1551 5112 1842 5186 ἐξαγίστων

228 5201 341 5256 εἶναι
389 5202 557 5263 δοκεῖ,
610 5209 815 5278 ’Ὠσπερ
865 5202 931 5272 δὴ
980 5205 1066 5258 καί
1113 5203 1178 5257 τὰ
1223 5204 1514 5273 τικτόμενα
1566 5202 1764 5280 βρέφη,
1797 5202 1839 5256 εἰ

228 5293 293 5360 μὴ
316 5299 389 5367 τῷ
436 5298 568 5368 θείῳ
618 5295 910 5369 καθαρθείη
955 5294 1192 5369 λουτρῷ,
1239 5291 1484 5348 ἔκποδὼν
1534 5300 1634 5362 τῆς
1678 5296 1838 5364 ἡμῶν

222 5378 412 5438 ἵσταται
455 5386 760 5456 κοινωνίας,
819 5385 998 5439 καίτοι
1033 5385 1106 5457 μή
1166 5384 1227 5438 ἐκ
1274 5382 1658 5458 προαιρέσεως,
1691 5403 1845 5457 φυσι-

222 5477 314 5533 κῶς
370 5472 423 5529 δὲ
495 5479 596 5529 τοῦ
650 5478 982 5549 προγονικοῦ
1062 5472 1450 5548 μετεσχηκέναι
1535 5472 1840 5545 μιάσματος

221 5563 578 5634 πιστευόμενα,
635 5562 726 5618 ἅτε
779 5569 876 5632 τῆς
927 5560 1184 5638 γενέσεως
1243 5561 1434 5627 αἰτίαν,
1481 5567 1578 5629 τῆς
1649 5561 1845 5634 σαρκὸς

222 5649 433 5725 ἴσχοντα
452 5653 554 5720 τὴν
597 5652 903 5727 ἐπιθυμίαν,
935 5652 1013 5716 ὣς
1042 5651 1147 5707 πού
1185 5671 1346 5730 φησιν
1381 5652 1408 5704 ὁ
1441 5653 1584 5712 θεῖος
1618 5645 1790 5712 Δαϐίδ
1826 5693 1839 5707 .

1967 3343 2303 3399 universum
2337 3357 2523 3414 genus
2554 3339 2876 3394 humanum
2908 3334 3144 3403 invasit,
3167 3338 3450 3404 tanquam
3483 3333 3607 3388 far-

1966 3449 2102 3504 rago
2141 3431 2569 3487 imﬁrmitatum
2599 3426 3002 3484 communium
3033 3425 3093 3478 in
3125 3422 3346 3478 malum
3377 3421 3612 3492 conspi-

1965 3522 2242 3577 rantium.
2275 3523 2531 3585 Quorum
2566 3516 2679 3573 alia
2695 3515 2858 3573 nobis
2889 3531 2956 3570 ex
2972 3517 3176 3569 natura
3191 3519 3246 3568 et
3263 3512 3610 3568 necessitate

1965 3612 2298 3668 adhaarent:
2338 3609 2447 3664 alia
2486 3615 2680 3663 autem
2729 3605 3054 3661 secundum
3097 3605 3364 3658 naturam
3403 3604 3462 3656 et
3492 3599 3609 3656 ele-

1965 3706 2214 3758 ctionem
2243 3699 2409 3755 nobis
2431 3699 2652 3756 insunt.
2668 3696 2736 3751 Et
2758 3694 2854 3750 illa
2870 3693 3104 3765 quidem
3129 3689 3352 3748 nullam
3375 3688 3604 3760 culpam

1963 3792 2226 3858 trahunt,
2286 3790 2426 3860 quia
2500 3786 2826 3842 obtendunt
2887 3793 3156 3853 tanquam
3217 3779 3606 3836 sufﬁcientem

1962 3880 2390 3937 excusationem
2455 3875 2852 3932 irrationalem
2903 3871 3306 3929 necessitatem
3361 3872 3605 3938 natura),

1965 3970 2133 4025 modo
2164 3985 2439 4024 excessus
2473 3982 2645 4023 usum
2696 3982 2809 4020 non
2841 3962 3028 4017 vitiet:
3063 3959 3606 4031 sedquoadIistaad

1961 4077 2085 4131 qua
2103 4057 2302 4115 electio
2337 4059 2541 4113 incitat
2580 4057 2732 4126 (quae
2772 4054 3006 4125 quidem
3057 4053 3279 4106 naturae
3337 4049 3601 4105 rationali

1959 4147 2138 4204 libere
2161 4147 2350 4217 agenti
2381 4145 2672 4216 convenit)
2712 4143 3069 4215 persuadens
3085 4156 3213 4196 eam
3246 4138 3604 4195 irrationalis

1959 4241 2174 4293 naturae
2235 4235 2606 4308 passionibus
2660 4250 2722 4288 se
2780 4231 3148 4297 submittere,
3210 4231 3274 4283 ut
3341 4245 3446 4299 par
3493 4233 3602 4293 est,

1957 4325 2223 4397 quamvis
2281 4341 2408 4379 sese
2464 4323 2668 4379 dedere
2742 4318 3106 4385 recusaverit,
3157 4318 3314 4373 baud
3373 4317 3603 4388 penitus

1956 4419 2151 4471 tamen
2184 4413 2720 4484 reprehensionem,
2743 4409 3109 4467 condonatus
3141 4407 3298 4477 licet,
3328 4407 3598 4463 evaserit.

1960 4504 2323 4574 Quapropter
2377 4503 2497 4557 haec
2558 4501 2732 4556 etiam
2783 4499 3106 4568 expiatione
3155 4513 3304 4568 opus
3363 4495 3600 4560 habent,

1077 4597 1090 4610 '
1139 4578 1308 4651 ταύτῃ
1358 4597 1443 4631 τοι
1489 4577 1578 4631 καὶ
1654 4577 1850 4652 καθάρ-

1967 4595 2234 4661 tanquam
2264 4590 2541 4662 originale
2590 4589 2771 4644 vitum
2804 4604 2834 4643 e
2891 4586 3132 4658 vestigio
3162 4584 3598 4655 consequentia.

1955 4684 2221 4752 Namque
2245 4678 2704 4741 matrimonium,
2737 4675 3006 4748 quamvis
3019 4674 3106 4730 vel
3123 4672 3598 4740 immortalitatis,

1957 4787 2073 4841 qua
2101 4768 2444 4835 excidimus,
2478 4767 2792 4838 imaginem
2834 4764 3142 4836 quamdam
3175 4779 3290 4834 prai
3341 4777 3405 4818 se
3452 4760 3601 4816 ferre

1930 4858 2452 4929 avideaturgcneris
2483 4855 2875 4921 successione,
2910 4851 3316 4916 nihilominus,
3337 4849 3450 4905 nisi
3468 4849 3599 4920 quis

1953 4948 2276 5018 legitimam
2310 4952 2650 5019 potestatem
2686 4944 2970 5008 habuerit,
2999 4945 3055 4998 et
3085 4958 3246 4996 sacro
3296 4945 3403 4994 ritu
3443 4945 3600 4992 vete-

1955 5055 2069 5093 retn
2104 5043 2320 5092 statum
2344 5037 2569 5104 eluerit,
2604 5037 2754 5090 inter
2785 5051 2875 5088 res
2897 5030 3279 5087 exsecrabiles
3311 5032 3595 5082 censetur.

1950 5127 2166 5182 Itlcireo
2198 5134 2253 5181 et
2282 5127 2536 5181 infantes
2570 5125 2680 5179 nisi
2705 5139 2870 5179 sacro
2911 5130 3232 5191 purgentur
3273 5117 3518 5179 lavacro,
3568 5133 3598 5169 a

1950 5219 2362 5273 communione
2396 5220 2594 5272 nostra
2625 5213 3038 5269 excluduntur:
3088 5209 3351 5279 quamvis
3382 5223 3494 5260 non
3527 5220 3596 5258 ex

1949 5305 2247 5370 electione,
2276 5307 2374 5360 sed
2401 5303 2744 5360 naturaliter
2775 5301 2920 5357 labis
2949 5297 3245 5371 originalis
3289 5294 3593 5366 participes

1950 5395 2074 5449 fieri
2105 5397 2444 5451 credantur:
2471 5397 2777 5464 quatenus
2821 5388 3014 5445 carnis
3066 5380 3594 5454 concupiscentiam

1950 5489 2226 5555 tanquam
2267 5490 2480 5540 naturae
2513 5483 2738 5551 culpam
2782 5482 2990 5535 ferunt.
3044 5476 3195 5532 256
3247 5473 3404 5528 Unde
3460 5471 3600 5526 dicit

1950 5577 2192 5630 sanctus
2226 5574 2440 5628 David:
2473 5595 2500 5621 «
2536 5572 2677 5625 Ecce
2708 5569 2865 5625 enim
2907 5568 2966 5621 in
3007 5563 3413 5635 iniquitatibus
3459 5578 3594 5616 con-

1949 5667 2155 5734 ceptus
2186 5664 2288 5732 fui,
2321 5685 2349 5715 »
2385 5670 2492 5719 etc.
2525 5662 2706 5726 Quare
2737 5659 2785 5714 si
2807 5657 2979 5723 bella,
3025 5657 3083 5711 et
3131 5669 3254 5726 quas
3315 5653 3451 5708 inde
3499 5667 3600 5708 se-
