4060 6228
399 366 514 429 183

1671 365 2044 426 MATTH/El
2087 365 2520 428 BLASTABIS

3681 367 3804 427 184

397 511 660 574 quantur
691 497 994 559 hominum
1027 499 1234 564 credes,
1285 499 1624 570 passionum
1653 507 1778 570 post
1813 499 2043 570 lapsum

2169 517 2190 546 ι
2215 494 2354 551 Ἰδοὺ
2387 495 2490 570 γὰρ
2523 493 2576 550 ἐν
2605 494 2862 567 ἀνομίαις
2890 495 3258 571 συνελήφθην,
3295 519 3322 545 ››
3355 495 3442 549 καὶ
3473 497 3540 551 τὰ
3560 494 3702 566 ἐξῆς.
3737 495 3800 552 Εἰ

397 594 854 650 voluntariarum
905 589 1134 647 soboles
1175 589 1311 658 sint,
1377 605 1523 658 opus
1561 591 1649 642 est
1689 593 1753 642 ut
1777 589 1816 642 ii
1838 587 1937 658 qui
1985 586 2045 641 in

399 685 610 740 castris
687 683 876 738 vivere
931 687 988 736 et
1043 679 1303 734 dextram
1363 679 1651 750 sanguine
1711 683 2042 732 exterornm

397 771 654 828 imbuere
727 771 981 836 student,
1052 771 1438 839 repurgentur
1490 767 1649 838 prius
1697 767 2044 837 poenitentiae

396 861 706 929 medicina,
737 869 908 932 atque
937 856 1330 928 hujusceigne
1361 855 1560 912 sordes
1591 855 1676 910 illi
1701 856 1832 910 vitae
1847 855 2046 926 generi

397 951 858 1006 adharescentes
915 948 1250 1014 absumant,
1299 950 1472 1015 atque
1519 945 1600 1000 ita
1647 946 1718 999 ad
1773 945 2047 1014 mysteria

399 1039 526 1094 novi
555 1041 690 1096 Ades
721 1039 1016 1094 accedant.
1057 1035 1342 1099 Quoniam
1369 1035 1540 1090 etiam
1567 1039 1686 1089 tota
1711 1033 2045 1105 evangelica

398 1130 710 1198 institutio,
747 1146 850 1186 nos
879 1129 950 1184 ad
991 1127 1308 1200 pristinum
1341 1129 1560 1180 statum
1575 1125 1878 1190 reducens,
1898 1133 1954 1180 et
1975 1129 2040 1179 ad

397 1220 782 1291 spiritualem,
811 1217 1040 1284 utlicet,
1075 1219 1132 1272 et
1175 1215 1465 1270 meliorem
1499 1215 1676 1270 vitam
1727 1213 2042 1280 instruens,

406 1308 560 1364 nallo
591 1309 650 1364 in
681 1307 806 1364 loco
836 1308 922 1362 vel
957 1305 1109 1362 bella
1139 1305 1361 1372 laudat,
1399 1307 1502 1359 aut
1534 1319 1634 1374 per
1663 1305 1846 1358 caades
1877 1303 2041 1356 mali-

399 1399 494 1454 tia:
517 1399 802 1468 impetum
826 1395 1001 1464 sistit,
1034 1402 1203 1466 prout
1240 1409 1304 1449 se
1339 1409 1430 1448 res
1465 1392 1668 1448 habuit
1705 1391 1814 1447 sub
1871 1391 2044 1446 veteri

397 1487 550 1557 lege:
609 1489 709 1543 sed
768 1487 1018 1542 maxime
1075 1484 1208 1540 huic
1265 1485 1609 1540 adversatur
1684 1487 1742 1538 et
1807 1497 2046 1553 prorsus

398 1576 886 1634 contrariadocet.
907 1575 1052 1630 Nam
1078 1573 1357 1628 Dominus
1389 1571 1706 1644 aliquando
1729 1569 2046 1641 discipulos

399 1682 560 1733 suos,
596 1667 692 1737 qui
725 1667 1066 1734 rogaverunt
1095 1677 1252 1728 eum,
1277 1659 1397 1716 zelo
1422 1659 1714 1716 Thesbiten
1746 1657 2046 1724 commoti,

399 1759 465 1809 ut
493 1754 668 1810 vellet
713 1754 960 1810 fulmina
1009 1752 1068 1806 in
1115 1753 1516 1806 Samaritanos
1567 1750 1902 1814 immittere,
1945 1749 2045 1820 qui

398 1843 556 1914 ipsos
599 1858 716 1898 non
767 1847 1120 1914 receperant,
1171 1845 1358 1895 semet
1387 1840 1455 1894 ad
1506 1839 1664 1909 ipsos
1713 1843 2048 1894 convertens

401 1931 718 2001 increpavit
747 1931 908 1986 hisce
935 1931 1161 1985 verbis:
1188 1951 1216 1980 «
1249 1929 1372 1984 Non
1403 1929 1588 1985 nostis
1627 1929 1779 1998 quod
1834 1925 2044 1996 spiritu

402 2021 549 2078 sitis.
603 2043 631 2070 »
697 2019 910 2075 Verum
990 2025 1186 2074 tamen
1247 2018 1294 2074 si
1359 2023 1608 2074 veterem
1647 2017 1818 2072 etiam
1866 2015 2046 2084 legem

403 2109 714 2182 diligenter
782 2107 1264 2176 consideraveris,
1315 2108 1474 2178 paria
1525 2121 1660 2162 cum
1713 2101 2049 2174 evangelica

399 2199 586 2271 quoad
645 2199 762 2254 ista
809 2199 1154 2254 sentientem
1215 2197 1520 2268 reperies:
1581 2197 1814 2250 tametsi
1899 2192 2049 2246 alius

399 2294 621 2347 natura
635 2290 908 2345 humanae
925 2293 1112 2344 status
1137 2287 1310 2344 aliam
1337 2286 1756 2360 providentiam
1781 2285 2049 2355 legesque

397 2379 694 2452 postulare
743 2379 1066 2434 videbatur.
1115 2377 1176 2433 1d
1231 2378 1420 2433 facere
1475 2379 1621 2432 Deus
1683 2373 1880 2430 Davidi
1949 2390 2046 2428 ex-

399 2468 665 2526 struendi
695 2467 898 2539 templi
921 2465 1132 2537 cupido
1183 2483 1287 2521 cur
1321 2483 1434 2520 non
1469 2465 1738 2538 permisit
1765 2466 1792 2518 ?
1841 2479 2038 2518 annon

399 2557 558 2632 quod
604 2559 806 2613 dextra
861 2557 990 2627 ejus
1049 2555 1278 2610 infinita
1337 2557 1490 2611 caede
1554 2561 1884 2610 exterorum
1944 2551 2051 2606 fuit

399 2647 620 2720 polluta
648 2647 677 2702 ἵ
703 2645 994 2716 Josephus
1021 2643 1198 2699 etiam
1247 2643 1340 2698 hic
1374 2646 1578 2700 merito
1629 2643 1800 2698 (idem
1855 2642 2049 2696 faciat.

401 2735 591 2799 Quare
647 2733 822 2789 etiam
867 2731 1042 2799 Deus,
1092 2732 1327 2801 quando
1376 2732 1618 2788 ostentis
1667 2733 1738 2785 de
1783 2729 1945 2794 cmln,
1998 2733 2054 2783 et

403 2839 541 2880 voce
571 2822 932 2878 tenuissimis
979 2835 1130 2874 aurea
1175 2821 1236 2874 in
1289 2821 1476 2876 iloreb
1524 2823 1745 2876 dictum
1801 2818 2052 2874 Thesbi-

402 2915 520 2968 tem
551 2911 838 2967 allocutus
866 2913 975 2976 est,
1008 2907 1322 2964 Dominum
1359 2909 1416 2964 in
1449 2911 1576 2965 istis
1633 2925 1745 2964 non
1793 2925 1942 2976 esse,
1993 2907 2055 2960 in

401 3002 512 3057 hac
541 3017 673 3055 vero
699 3000 904 3055 adesse
933 2997 1073 3052 dixit
1103 2995 1132 3050 τ
1161 2997 1363 3054 Nonne
1403 2999 1536 3054 inde
1591 2997 1762 3069 plane
1814 3001 2056 3053 demon'

405 3091 625 3160 stravit,
672 3090 828 3162 quod
881 3089 1004 3145 sola
1066 3089 1482 3160 longanimitas
1541 3099 1595 3144 et
1667 3087 2059 3144 misericordia

407 3181 521 3236 Deo
549 3179 738 3251 placet
787 3183 1086 3252 quodlibet
1129 3186 1322 3238 autem
1381 3185 1718 3235 casterorum
1753 3179 2056 3232 hominum

407 3245 631 3327 malitia
688 3245 968 3328 inducit?
1033 3273 1306 3336 Quanam
1368 3271 1468 3326 illa
1543 3269 2058 3324 administrationis

2168 3269 2414 3338 παρεῖναι
2495 3265 2689 3338 Κύριον
2767 3261 3016 3340 ἔλεγενς

407 3361 586 3416 Mosis
613 3363 988 3431 prestantia?
1015 3379 1205 3418 annon
1238 3362 1390 3433 quod
1425 3359 1780 3430 impietatem
1811 3373 1844 3412 e
1871 3357 2062 3412 medio

2155 585 2248 638 οὖν
2280 590 2386 639 τῶν
2415 592 2516 654 τῆς
2543 579 2898 658 παραϐάσεως
2931 589 3326 658 προαιρετικῶν
3373 587 3557 639 παθῶν
3605 583 3802 640 ἔκλονα

2153 675 2242 728 καὶ
2266 675 2316 728 οἱ
2349 673 2610 746 πόλεμοι,
2643 673 2733 728 καὶ
2764 675 2814 728 oi
2844 673 3060 734 τούτοις
3093 673 3350 744 ἑπόμενοι
3381 674 3555 750 φόνοι,
3587 675 3798 748 ἀνάγκη

2155 761 2332 832 δήπου
2389 763 2479 816 καὶ
2535 764 2660 824 τοὺς
2717 761 2770 816 ἐν
2831 761 3029 824 ὅπλοις
3215 761 3531 834 ἑλομένους,
3563 764 3656 816 καὶ
3701 765 3800 832 τήν

2153 851 2325 922 δεξιὰν
2379 857 2496 914 τοῖς
2542 857 2650 906 τῶν
2697 850 3027 906 ἀλλοσύλων
3081 850 3270 924 α’ίμασι
3325 853 3568 927 βάπτειν,
3597 855 3800 926 καθαρ-

2153 943 2313 1010 θῆναι
2361 941 2622 1014 πρότερον
2670 945 2786 1002 τοῖς
2837 948 2936 1010 τῆς
2999 940 3284 1014 μετανοίας
3333 943 3664 1017 φαρμάκοις,
3711 943 3796 996 καὶ

2151 1035 2230 1102 τῷ
2269 1030 2470 1100 ταύυης
2528 1029 2660 1104 πυρὶ
2709 1029 2776 1084 τὰ
2831 1029 3200 1108 περιφυόμενα
3255 1035 3338 1101 τῷ
3411 1029 3801 1102 ἐπιτηδεύματι

2154 1119 2296 1195 ῥύπη
2343 1118 2580 1190 ἐκτῆξαι,
2630 1123 2720 1173 καί
2771 1119 2919 1174 οὕτω
2965 1125 3082 1180 τοῖς
3146 1120 3468 1192 μυστηρίοις
3517 1125 3612 1175 τοῦ
3679 1121 3802 1174 νέου

2151 1208 2432 1282 προσιέναι
2493 1206 2692 1281 Ἀδάμ.
2753 1209 2900 1264 Ἐπεὶ
2957 1211 3048 1263 καὶ
3127 1214 3270 1264 πᾶσα
3343 1211 3378 1278 ἡ
3467 1209 3798 1282 εὒαγγελική

2152 1297 2470 1368 νομοθεσία,
2532 1295 2620 1351 ἐπὶ
2688 1297 2750 1351 τὸ
2808 1297 3039 1372 ἀρχαῖον
3101 1301 3248 1370 ἡμᾶς
3305 1297 3669 1372 ἐπανάγουσα,
3709 1298 3802 1352 καὶ

2151 1387 2287 1460 πρὸς
2341 1387 2438 1454 τὴν
2471 1387 2850 1458 πνευματικὴν
2899 1387 2974 1446 ὡς
3025 1385 3141 1440 οἶόν
3169 1407 3226 1441 τε
3255 1385 3344 1440 καὶ
3383 1387 3594 1460 ἀμείνω
3628 1407 3802 1462 παρα-

2152 1474 2394 1528 καλοῦσα
2457 1475 2629 1544 ζωὴν,
2683 1471 2928 1545 οὐδαμοῦ
2987 1471 3252 1529 δείκνυται
3309 1474 3344 1543 ἢ
3413 1475 3694 1549 πολέμους
3751 1477 3803 1530 ἓν

2151 1563 2306 1634 καλῷ
2361 1561 2640 1636 τιθεμένη,
2672 1563 2706 1630 ἢ
2760 1564 2946 1640 φόνοις
2989 1565 3088 1631 τὴν
3155 1571 3256 1632 τῆς
3317 1561 3508 1628 κακίας
3554 1565 3806 1641 ἄγχουσα

2153 1653 2355 1726 ῥύμην,
2397 1653 2472 1712 ὡς
2519 1653 2586 1706 τὰ
2627 1659 2730 1720 τῆς
2777 1650 3012 1715 παλαιᾶς
3059 1655 3174 1728 εἶχε
3215 1654 3554 1726 νομοθεσίας,
3585 1655 3716 1710 ἀλλ’
3745 1655 3806 1710 ἐκ

2153 1739 2448 1816 διαμέτρου
2487 1741 2702 1802 τούτοις
2755 1742 3040 1814 ἱσταμένη,
3081 1742 3170 1796 καὶ
3219 1742 3468 1796 τάναντία
3516 1740 3806 1798 διδάσκου-

2157 1852 2240 1885 σα.
2285 1832 2386 1886 Καὶ
2429 1833 2534 1905 γάρ
2583 1851 2690 1884 που
2727 1837 2844 1892 τοῖς
2895 1835 3163 1904 μαθηταῖς
3211 1831 3486 1906 ἐρομενοις
3539 1833 3632 1886 τὸν
3701 1835 3808 1889 K5-

2157 1941 2295 1994 ριον,
2345 1920 2390 1975 εἰ
2449 1919 2788 1996 ἐπιτραπεῖεν
2839 1923 3120 1990 σκηπτοὺς
3180 1919 3460 1998 ἐπαφεῖναι
3509 1929 3626 1982 τοῖς
3701 1930 3808 1976 Σα-

2159 2009 2438 2087 μαρείταις
2527 2011 2603 2082 μή
2691 2007 3002 2082 δεξαμένοις
3063 2011 3286 2080 αὐτοὺς,
3355 2012 3509 2083 ζήλῳ
3573 2018 3655 2084 τῷ
3707 2018 3808 2066 τοῦ

2157 2095 2437 2168 Θεσϐίτου,
2489 2099 2860 2178 ἐπιστραφεὶς,
2909 2098 3256 2172 ἐπετίμησεν,
3289 2101 3402 2156 Οὐκ
3450 2101 3582 2164 ἴστε,
3616 2101 3810 2164 εἰπὼν,

2158 2191 2278 2246 ο’ίου
2304 2193 2611 2265 πνεύματός
2645 2193 2762 2248 ἐστε
2793 2193 2974 2265 ὑμεῖς.
3026 2193 3100 2248 Οὐ
3153 2195 3260 2264 μήν
3311 2193 3438 2249 ἀλλ’
3481 2194 3526 2248 εἰ
3571 2195 3660 2248 καὶ
3707 2195 3812 2261 τήν

2157 2282 2394 2336 παλαιὰν
2445 2277 2685 2356 ἂκριϐῶς
2729 2285 3052 2352 σκοπήσαις,
3103 2280 3314 2358 ἀδελφά
3349 2285 3518 2358 ταύτῃ
3571 2289 3814 2356 φρονοῦ-

2159 2395 2252 2428 σαν
2283 2369 2336 2428 ἔν
2365 2395 2426 2446 γε
2481 2379 2598 2434 τοῖς
2655 2373 2928 2434 τοιούτοις
2981 2375 3250 2447 εὑρήσεις,
3301 2374 3348 2429 εἰ
3397 2375 3486 2430 καὶ
3535 2382 3643 2430 τῶν
3683 2375 3814 2450 τρό-

2157 2486 2274 2518 πων
2324 2467 2424 2528 τῆς
2469 2464 2806 2528 ἀνθρωπείας
2857 2465 3066 2542 φύσεως
3124 2467 3186 2518 τὸ
3241 2465 3516 2544 διάφορον,
3583 2466 3648 2520 τὸ
3709 2473 3820 2534 τῆς

2159 2553 2418 2628 προνοίας
2456 2553 2652 2626 ἀπῄτει
2699 2551 2974 2629 διάφορον.
3027 2555 3174 2610 Ἐπεὶ
3231 2555 3282 2608 τί
3329 2556 3511 2626 μαθὼν
3581 2557 3610 2609 ὁ
3679 2557 3818 2616 Θεὸς

2158 2642 2248 2697 τόν
2285 2645 2426 2696 θεῖον
2471 2639 2636 2696 Δαὸἰδ
2677 2641 2739 2696 οὗ
2777 2645 3112 2716 προσήκατο,
3146 2645 3269 2696 ναὸν
3307 2642 3452 2714 αύτῷ
3491 2643 3822 2716 προθυμού-

2166 2753 2323 2804 μενον
2365 2731 2625 2805 ἀνεγεῖςαι
2663 2753 2675 2800 ;
2727 2731 2800 2786 Ού
2853 2731 2998 2804 παρά
3041 2733 3102 2786 τὸ
3157 2733 3453 2804 μεμιάνθαι
3489 2733 3686 2786 τούτου
3717 2735 3826 2800 τήν

2163 2820 2338 2889 δεξιὰν
2370 2827 2448 2891 τῷ
2498 2819 2675 2894 μυρίῳ
2727 2822 2877 2893 φόνῳ
2923 2827 3031 2875 τῶν
3069 2821 3427 2898 ἀλλοφύλων,
3462 2821 3515 2875 εἷ’
3557 2843 3644 2876 πω
3685 2823 3824 2876 κάν-

2161 2911 2330 2964 ταῦθα
2361 2911 2495 2983 πρὸς
2525 2911 2703 2964 πίστιν
2739 2911 3008 2978 Ἰώσηπος
3055 2911 3394 2984 ἀξιόχρεωςς
3427 2912 3492 2967 Τί
3543 2908 3601 2964 δὲ
3655 2911 3826 2978 ἣνίκα

2163 3005 2280 3059 τοῖς
2341 2999 2391 3068 ἐξ
2443 3000 2682 3072 οὐρανοῦ
2739 2997 2976 3070 δείμασι,
3035 3000 3124 3053 καὶ
3175 3005 3243 3073 τῇ
3303 2999 3609 3074 λεπτοτάτῃ
3661 3005 3828 3073 φωνῇ

2164 3093 2263 3156 τῆς
2293 3085 2484 3158 αὔρας,
2515 3089 2542 3140 ὁ
2576 3088 2702 3146 Θεὸς
2735 3087 2786 3141 ἐν
2819 3083 3024 3161 Χωρήϐ
3065 3087 3432 3161 ἐχρημάτιζεν
3461 3087 3608 3158 αὐτῷ
3635 3087 3830 3160 τούτῳ

2167 3177 2245 3247 τῷ
2297 3173 2602 3244 δηλωθέντι
2661 3173 2915 3246 Θεσϐίτῃ,
2945 3177 3036 3230 καὶ
3091 3181 3202 3230 τῶν
3251 3177 3349 3248 μὲν
3396 3176 3626 3242 ἀπεῖναι,
3659 3181 3731 3250 τῇ
3764 3174 3830 3230 δὲ.

3082 3263 3196 3322 Οὐκ
3265 3263 3502 3339 ἐναργῶς
3585 3265 3828 3320 ἐντεῦθεν

2171 3350 2392 3422 ἔδειξεν,
2421 3353 2505 3406 ὅτι
2541 3351 2885 3425 μακροθυμία
2933 3353 3021 3406 καὶ
3071 3351 3453 3428 φιλανθρωπία
3503 3352 3642 3424 μόνη
3679 3352 3828 3424 φίλη

2173 3447 2311 3510 Θεῶ,
2353 3439 2576 3496 ἕκαστον
2631 3441 2688 3496 δὲ
2745 3447 2852 3498 τῶν
2901 3441 2960 3498 ἄ)
2977 3441 3088 3497 λων
3123 3445 3156 3510 ἡ
3207 3442 3442 3517 πονηρία
3476 3447 3584 3496 τῶν
3615 3443 3838 3516 ἀνθρώ-

2173 3553 2288 3584 πων
2319 3531 2596 3606 ἐφέλκεται
2635 3557 2650 3598 ;
2693 3532 2754 3584 Τί
2801 3539 2904 3600 τῆς
2947 3531 3187 3592 Μωσέως
3244 3529 3542 3606 ὑπουργίας
3590 3532 3652 3585 τὸ
3695 3533 3842 3604 κρά-

2175 3641 2399 3688 τιστονς
2459 3621 2534 3677 Οὐ
2589 3623 2652 3674 τὸ
2723 3622 2820 3690 τήν
2877 3616 3125 3675 ἀσέϐειαν
3177 3619 3236 3674 ἐκ
3293 3622 3458 3694 μέσου
3505 3623 3840 3695 γεγενῆσθαι

411 3449 620 3505 tollere
651 3449 855 3522 potuit,
887 3468 1013 3522 quae
1045 3451 1334 3508 dominari
1370 3449 1516 3506 solet
1555 3448 1615 3502 in
1649 3449 1826 3503 vitam
1858 3447 2062 3502 huma-

411 3555 548 3594 nam
579 3543 638 3592 et
666 3545 964 3595 conterere
1009 3555 1214 3596 omnes
1273 3538 1373 3611 qui
1431 3539 1544 3610 ipsi
1603 3537 1954 3602 renituntur,
2009 3543 2066 3590 et

415 3628 690 3686 omnibus
709 3631 899 3686 modis
913 3635 1250 3686 recusantes
1265 3629 1734 3684 reformationem
1749 3627 1808 3681 in
1827 3625 2068 3681 melius?

415 3720 604 3786 Quare
641 3720 822 3792 igitur
851 3737 950 3776 eos
996 3719 1092 3792 qui
1136 3719 1306 3774 etiam
1337 3735 1406 3773 ex
1451 3718 1720 3772 mandato
1775 3717 1872 3772 Dei
1931 3733 2064 3770 cum

415 3807 756 3878 corporibus
787 3809 1061 3865 humanis
1089 3809 1448 3878 impietatem
1479 3825 1596 3862 una
1617 3808 2068 3874 demetunt,per-

420 3902 606 3952 certos
634 3897 758 3952 dies
787 3897 1012 3968 ingredi
1049 3897 1106 3950 in
1139 3903 1326 3952 castra
1343 3895 1558 3950 alicubi
1573 3897 1748 3950 vetuit
1768 3894 1795 3948 ?
1819 3895 2068 3949 Nuntios

419 3989 575 4044 enim
609 3987 676 4040 ad
701 3985 1042 4042 Balaamum
1065 3985 1518 4040 infestissimum
1541 4001 1672 4039 cum
1709 3985 1852 4038 diris
1873 4001 2072 4039 oracu-

420 4076 494 4131 lis
543 4095 574 4130 a
615 4091 678 4131 se
717 4075 950 4142 missos,
998 4076 1096 4146 qui
1136 4076 1398 4130 civitates
1429 4074 1480 4129 ei
1525 4074 1862 4130 tributarias
1899 4075 2068 4146 expul

2175 3711 2598 3781 παρασκευάσαι,
2649 3715 2728 3782 τῷ
2803 3711 2907 3784 βίῳ
2971 3715 3078 3764 τῶν
3133 3712 3433 3784 ἀνθρώπων
3483 3709 3844 3766 ἐνδυναστεύ-

2178 3799 2480 3868 ουσαν,καῖ
2531 3801 2768 3860 ἅπαντας
2817 3794 3130 3874 ἐκτριϐῆναι
3165 3799 3288 3861 τοὺς
3337 3803 3502 3873 ταύτῃ
3557 3802 3842 3876 κατάκρας

2177 3890 2430 3954 ἁλόντας,
2479 3889 2568 3942 καὶ
2634 3889 3081 3960 ἀπεγνωσμένους
3163 3892 3464 3944 παντάπασι
3535 3892 3634 3958 τήν
3691 3894 3842 3964 πρὸς

2177 3979 2243 4031 τὰ
2289 3977 2568 4050 κρείττονα
2619 3973 2968 4050 μεταϐολήνς
3017 3978 3076 4030 Τί
3129 3977 3221 4030 οὖν
3273 3977 3339 4047 δὴ
3373 3979 3496 4040 τοὺς
3527 3978 3848 4052 ἐκθερίζον-

2180 4087 2298 4130 τας,
2358 4065 2407 4135 ἐξ
2457 4066 2826 4138 ἐπιτάγματος
2885 4067 3033 4120 θείου
3091 4067 3226 4138 μετὰ
3297 4073 3404 4121 τῶν
3472 4067 3852 4142 ἀνθρωπείων

420 4173 756 4236 gnaverant,
779 4165 1000 4221 etcives
1022 4181 1228 4219 omnes
1261 4169 1465 4233 praeter
1485 4164 1742 4218 infantes
1763 4164 2078 4218 crudeliter

423 4252 846 4320 interfecerant,
875 4269 1002 4324 rege
1044 4255 1218 4308 etiam
1271 4253 1396 4322 ipso
1441 4257 1704 4319 mactato,
1761 4251 1861 4323 qui
1912 4251 2074 4322 prius

423 4342 654 4398 infinita
687 4343 842 4398 mala
871 4341 1188 4398 meditatus
1218 4343 1401 4398 fuerat
1429 4342 1895 4410 contraJndasos,
1933 4342 2074 4396 fece-

426 4437 661 4502 ratque:
695 4431 912 4503 quippe
932 4431 1349 4504 oﬂ‘erensipsis
1403 4431 1678 4486 mulieres
1723 4430 2069 4501 impudicas,

425 4519 660 4574 lascivia
688 4535 950 4592 corpora,
992 4525 1050 4576 et
1101 4521 1398 4592 impietate
1447 4519 1674 4574 animas
1717 4535 1914 4574 eorum
1973 4520 2072 4590 qui

2184 4155 2454 4226 σωμάτων
2507 4155 2594 4208 καὶ
2656 4156 2754 4222 τήν
2811 4149 3056 4208 ἀσέϐειαν
3107 4149 3216 4209 ἔσθ’
3273 4156 3410 4210 ὅπου
3467 4161 3565 4221 τῆς
3617 4157 3696 4219 εἷς
3737 4161 3852 4228 τήν

2185 4239 2544 4316 παρεμϐολὴν
2607 4243 2690 4296 ἐπὶ
2763 4245 2934 4316 ῥητὰς
2992 4245 3200 4318 ἡμέρας
3259 4245 3510 4319 ἀπεῖργεν
3571 4245 3856 4318 εἰσόδους

2182 4333 2320 4394 Τοὺς
2351 4333 2454 4407 γὰρ
2485 4331 2572 4386 ἐπὶ
2601 4333 2692 4386 τὸν
2727 4327 2981 4406 ἔχθιστον
3033 4332 3262 4406 Βαλαὰμ
3311 4335 3446 4410 πρὸς
3483 4335 3646 4389 αὐτοῦ
3705 4341 3856 4408 μετᾶ

2187 4425 2458 4496 χρησμῶν
2515 4419 2916 4496 ἐκπεμφθέντας
2978 4421 3186 4490 αἶ’σίων,
3247 4423 3338 4478 καὶ
3395 4424 3486 4485 τὰς
3551 4425 3857 4490 ὑποτελεῖς

2187 4513 2370 4585 ἐκείνῳ
2419 4511 2610 4573 πόλεις
2659 4509 2829 4585 ἄρδην
2876 4511 3216 4586 δῃώσαντας,
3265 4515 3392 4576 τοὺς
3443 4515 3496 4569 ἐν
3549 4515 3746 4576 αὐταῖς
3793 4539 3858 4572 τε

427 4623 558 4663 cum
593 4609 735 4676 ipsis
765 4607 1052 4676 corrupit;
1087 4607 1216 4676 hos,
1249 4609 1628 4678 inquam,qui
1653 4613 1768 4662 tam
1797 4608 2059 4678 prreclare

2179 4603 2404 4662 πάντας,
2455 4599 2602 4668 πλὴν
2645 4601 2769 4654 ὅσον
2819 4601 2888 4668 ἦν
2941 4601 2990 4655 ἐν
3043 4601 3286 4671 νηπίοις,
3333 4600 3566 4676 ἀφειδῶς
3603 4607 3858 4660 καταθύ-

428 4697 654 4752 hostem
679 4697 1031 4764 devicerant,
1077 4701 1240 4752 extra
1277 4713 1547 4768 campum
1607 4713 1840 4752 manere
1895 4698 2075 4765 jussit

427 4803 615 4858 usque
645 4788 716 4840 ad
749 4788 898 4842 diem
933 4787 1271 4858 septimum,
1297 4788 1595 4857 jussitque
1637 4803 1914 4858 magnum
1976 4804 2070 4843 sa-

429 4877 718 4932 cerdotem
781 4877 1116 4932 Eleazarum
1167 4877 1322 4946 ipsos
1389 4891 1671 4946 purgare:
1750 4877 2079 4930 ostendens.

431 4966 514 5020 uti
549 4973 711 5036 puto,
739 4967 896 5037 quod
945 4967 1082 5022 licet
1111 4965 1384 5036 legitimas
1437 4966 1648 5020 fuerint
1707 4965 2076 5019 inimicorum

431 5055 616 5110 caedes
663 5053 1045 5108 nihilominus
1091 5059 1284 5108 tamen
1329 5053 1424 5123 qui
1501 5053 1798 5108 hominem
1849 5049 2078 5116 occidit,

424 5146 582 5216 juste
627 5145 764 5200 licet
819 5161 882 5200 se
938 5145 1320 5212 defendendo,
1377 5149 1435 5198 et
1493 5144 1668 5197 invite
1727 5141 1947 5204 fecerit,
2007 5142 2079 5196 ad

433 5235 782 5290 sacrificium
815 5233 1096 5288 obnoxius
1125 5249 1250 5288 esse
1275 5235 1506 5288 videtur
1531 5237 1763 5302 propter
1793 5245 2080 5284 summam

435 5327 836 5392 cngnationem
869 5329 928 5378 et
956 5325 1428 5378 communionem
1463 5343 1475 5390 ;
1513 5325 1677 5392 cujus
1720 5339 1856 5392 ergo
1907 5321 2082 5374 etiam

439 5411 590 5468 viros
623 5415 862 5468 minime
891 5413 1212 5484 improbos,
1247 5413 1458 5482 quibus
1485 5415 1638 5466 caede
1671 5411 1848 5480 pollui
1889 5413 2084 5465 conti—

437 5506 616 5568 gerat,
643 5505 870 5572 purgari
901 5503 1082 5557 voluit
1129 5507 1194 5556 ad
1243 5503 1550 5556 delendum
1613 5500 1772 5554 illum
1839 5503 2080 5554 reatum.

441 5587 628 5652 Quare
659 5593 724 5645 ad
749 5591 934 5660 legem
969 5591 1332 5660 spiritualcm
1362 5595 1622 5644 animum
1667 5607 1837 5642 suum
1901 5595 2082 5641 totum

443 5675 752 5736 intendens
797 5681 889 5735 vir
945 5689 1182 5736 sanctus
1229 5681 1330 5748 (et;
1367 5681 1580 5736 Moseui
1637 5677 1750 5734 sibi
1807 5683 2085 5746 tanquam

2182 4711 2398 4760 σαντας,
2434 4687 2580 4744 ἀλλά
2625 4689 2716 4742 καὶ
2765 4689 2930 4744 αὐτὸν
2977 4691 3320 4764 ἱερεύσαντας
3376 4690 3621 4764 βασιλέα,
3675 4692 3859 4767 ἄνδρα

2187 4782 2354 4854 μυρία
2415 4779 2505 4833 καὶ
2577 4773 3008 4852 βεϐουλευμένον
3067 4779 3156 4832 καὶ
3225 4777 3516 4852 δεδρακότα
3571 4781 3858 4856 πρότερον

2186 4867 2311 4928 τοὺς
2351 4865 2644 4929 Ἰουδαίους
2686 4868 2824 4920 κακᾶ
2886 4871 3168 4941 (γυναῖκας
3228 4869 3330 4944 γὰρ
3389 4869 3636 4942 ἀσελγεῖς
3697 4892 3860 4945 προ-

2185 4958 2543 5030 στησάμενος,
2587 4955 2860 5030 λαγνείαις
2916 4958 3014 5028 μὲν
3077 4956 3144 5012 τὰ
3201 4959 3450 5028 σώματα,
3503 4959 3598 5019 τάς
3655 4963 3860 5038 ψυχὰς

2187 5043 2246 5099 δὲ
2301 5042 2514 5117 ἀσεϐείᾳ
2569 5049 2674 5100 τῶν
2757 5043 2944 5106 αὐταῖς
3023 5046 3446 5122 συμφθαρέντων
3527 5045 3857 5123 διέφθειρε),

2187 5137 2318 5196 Τοὺς
2377 5133 2468 5188 οὖν
2529 5135 2674 5189 οὕτω
2729 5133 2868 5189 κατά
2919 5137 3026 5188 τῶν
3085 5134 3370 5208 πολεμίων
3425 5135 3860 5209 ἧριστευκότας,

2187 5223 2288 5292 ἔξω
2343 5231 2514 5294 μεῖναι
2573 5227 2668 5278 τοῦ
2743 5220 3108 5298 στρατοπέδου
3181 5223 3257 5286 είς
3331 5220 3571 5298 ἑϐδόμην
3627 5226 3862 5300 ἡμέραν

2189 5311 2422 5380 ἐπέταξε,
2469 5317 2550 5382 τῷ
2607 5310 2664 5366 δὲ
2723 5311 2950 5388 μεγάλῳ
2999 5313 3134 5386 ἱερεῖ
3191 5313 3502 5386 Ἐλεσζσὶρῳ
3553 5315 3849 5386 καθαίρειν

2187 5399 2382 5460 αὐτοὺς
2441 5400 2800 5475 παρεγγύησε,
2863 5397 3056 5472 δείξας,
3137 5401 3317 5474 οἶμαι,
3373 5403 3448 5464 ὡς
3505 5401 3549 5456 εἰ
3607 5401 3702 5456 καί
3765 5407 3866 5460 νό-

2193 5509 2354 5562 μιμοι
2415 5489 2466 5542 αἱ
2525 5493 2642 5544 κατ’
2695 5491 2903 5564 ἐχθρῶν
2957 5493 3178 5566 σφαγαὶ,
3233 5490 3358 5546 ἀλλ’
3425 5491 3456 5545 ὅ
3511 5513 3576 5566 γε
3613 5495 3866 5549 κνείνων

2190 5577 2490 5650 ἄνθρωπον,
2549 5579 2596 5631 εἷ’
2637 5580 2724 5632 καὶ
2775 5577 2998 5640 δικαίως
3049 5579 3392 5652 ἀμυνόμενος
3429 5583 3514 5634 καὶ
3579 5582 3866 5654 βιασθεὶς,

2191 5665 2283 5722 κᾶν
2343 5669 2634 5724 ὁποιασοῦν
2706 5667 2778 5724 ὢν
2837 5671 3106 5744 ’,τυγχάνῃ
3185 5669 3496 5744 θρησκείας,
3591 5671 3864 5735 ὑπαίτιος
