4060 6228
240 384 331 442 185
1237 388 1661 450 SYNTAGMA
1705 391 2346 458 ALPHABETIGUM.
2393 431 2469 440 -—
2513 403 2584 455 Φ.

3507 391 3621 452 186

240 517 342 569 εἶναι
380 511 538 569 δοκεῖ
584 513 679 569 διὰ
723 518 823 584 τήν
873 516 1134 573 ἀνωτάτω
1181 522 1487 594 τυγγένειαν
1528 525 1616 578 καὶ
1647 530 1860 598 κοινήν,

1978 531 2272 600 exemplar
2318 534 2450 584 ante
2499 528 2694 585 oculos
2745 543 3088 599 proponens,
3134 523 3231 596 qui
3280 524 3617 594 equitatem

244 605 290 658 οὗ
335 608 488 679 χάριν
547 605 861 679 καθάρσεως
912 604 1097 678 ἐδέησε
1139 615 1256 672 τοῖς
1301 611 1537 667 κτείνασι
1591 616 1678 669 καὶ
1734 621 1863 680 τοὺς

450 690 711 756 ἀσεϐείας
767 694 1134 765 ἐληλακότας,
1193 700 1328 773 πρὸς
1384 701 1712 780 ἀπαλλαγήν
1767 712 1863 761 τοῦ

245 785 561 852 νομισθέντος
594 778 787 858 ἆγους.
815 785 960 855 Πρὸς
989 785 1170 841 τοίνυν
1199 789 1290 842 τὸν
1322 791 1494 862 νόμον
1543 778 1640 847 τοῧ
1691 795 1860 849 Ilvati-

254 891 378 939 ματος
404 872 499 924 τὸν
532 875 664 924 νοῦν
697 871 828 925 ὅλον
858 873 1048 928 τείνων
1080 875 1108 928 ὁ
1156 875 1332 950 ἅγιος,
1363 879 1452 931 καὶ
1497 881 1633 952 πρὸς
1682 888 1860 956 παρά-

255 955 400 1030 δειγμα
461 961 671 1015 Μωσέα
731 960 978 1034 βλέπων,
1009 960 1271 1018 ὠδίνοντα
1332 967 1426 1038 μέν
1484 972 1581 1022 τοῦ
1620 955 1860 1043 πνευμα-

257 1049 365 1101 τικοῦ
388 1050 567 1120 νόμου
609 1051 676 1105 τὸ
725 1049 958 1119 δίκαιον,
993 1054 1162 1123 μήπω
1206 1051 1264 1107 δὲ
1305 1053 1504 1117 τελέως
1556 1057 1861 1133 θαρροῦντα

257 1133 389 1188 δοῦναι
443 1137 636 1209 τούτῳ
687 1140 787 1206 τήν
847 1137 1175 1214 παρρησίαν,
1206 1145 1301 1195 τοῦ
1361 1151 1555 1218 καιροῦ
1604 1147 1693 1200 καὶ
1751 1153 1859 1202 τῶν

1973 618 2119 689 legis
2164 619 2467 690 expressit,
2506 633 2693 688 neque
2741 622 2936 671 tamen
2978 629 3159 670 ausus
3187 617 3277 669 est
3311 613 3476 683 plene
3507 612 3618 683 ipsi

1973 709 2288 764 concedere
2318 708 2600 779 temporis
2629 711 2686 762 et
2718 721 2907 761 rerum
2929 704 3262 769 arbitrium)
3283 701 3468 757 caedes
3489 718 3616 772 quin

1973 795 2033 851 in
2083 797 2232 851 bello
2287 797 2454 863 ﬁunt,
2491 813 2604 850 non
2647 804 2806 850 extra
2853 809 3076 861 pcenam
3116 807 3244 847 esse
3274 791 3479 854 voluit,
3515 807 3618 860 pro

1970 884 2318 941 discretione
2372 887 2496 954 ejus
2561 884 2660 955 qui
2727 884 2933 938 miscet
2997 882 3505 944 medicamentum,
3566 887 3620 934 et

1969 973 2348 1044 dispositione
2373 974 2722 1045 recipientis,
2750 973 3014 1044 quamvis
3044 972 3114 1025 ad
3142 977 3366 1026 certum
3390 975 3620 1038 tempus

1968 1063 2196 1119 videtur
2244 1065 2423 1133 culpae
2473 1062 2877 1117 remissionem
2928 1061 3200 1124 limitare,
3235 1057 3407 1112 sicuti
3445 1057 3617 1112 etiam

1973 1152 2033 1206 in
2073 1151 2203 1206 aliis
2243 1152 2466 1207 delictis
2499 1154 2806 1222 praecipere
2835 1149 2996 1204 solet.

251 1245 562 1329 spirarunt»:
611 1227 816 1295 ταύτην
879 1229 957 1300 μή
1016 1229 1410 1302 προσιεμένων,
1445 1231 1574 1288 οὐδὲ
1624 1237 1752 1298 τοὺς
1809 1236 1863 1291 ἐν
1921 1238 2190 1312 πολέμοις
2249 1240 2443 1316 φόνους
2502 1239 2601 1311 ἔξω
2659 1236 2816 1307 δίκης
2886 1237 3098 1291 ἑστάναι
3170 1234 3400 1302 κελεύει,
3450 1234 3524 1294 ὡς
3583 1234 3617 1300 ἡ

247 1333 473 1413 miriﬁci:
534 1337 657 1413 fxit
696 1321 796 1371 τοῦ
856 1317 1226 1413 κεεξαννῦντος.
1262 1321 1328 1374 τὰ
1383 1323 1643 1399 φάρμακα
1699 1327 1785 1380 καὶ
1851 1329 1885 1395 ἡ
1945 1325 2181 1390 διάθεσις
2238 1333 2334 1382 τοῦ
2387 1333 2553 1383 ταῦτα
2612 1325 2994 1402 προσιεμένου,
3023 1327 3069 1379 εἰ
3124 1326 3214 1378 καὶ
3257 1323 3442 1396 ῥητοῖς
3473 1319 3622 1376 δοκεῖ

244 1422 435 1474 χρονίοις
494 1407 599 1472 τὴν
663 1410 761 1460 τοῦ
820 1406 1161 1479 πταίσματος
1211 1405 1522 1486 ἐπιμετρεῖν
1583 1409 1788 1489 ἄφεσιν,
1847 1416 1921 1476 ὡς
1977 1418 2065 1470 καὶ
2121 1417 2173 1471 ἐν
2229 1422 2344 1478 τοῖς
2421 1417 2615 1478 ἄλλοις
2691 1418 3080 1489 ἁμαρτήμασιν
3159 1415 3348 1486 ὁρᾶται
3403 1409 3618 1465 διατατ-

240 1495 459 1561 τόμενος.

295 1581 376 1635 Καὶ
425 1581 516 1636 ἐπὶ
569 1588 670 1637 τοῦ
717 1583 990 1657 βασιλέως
1042 1583 1098 1640 δε
1151 1589 1470 1664 Νικηφόρου
1512 1595 1610 1644 τοῦ
1668 1597 1855 1657 Φωκᾶ,

228 1668 271 1723 ἓν
299 1677 461 1742 καιρῷ
492 1677 562 1745 τῇ
594 1672 898 1744 Ἐκκλησία
934 1675 1002 1728 τὰ
1046 1679 1142 1729 τοῦ
1189 1677 1411 1741 κανόνος
1458 1677 1649 1753 γέγονε
1677 1678 1854 1735 τοῦδε.

228 1761 444 1814 Ἐκείνου
506 1762 608 1837 γὰρ
666 1763 1060 1837 ἀναγκάζοντος
1117 1766 1285 1837 νόμον
1346 1768 1529 1822 θέσθαι
1584 1770 1683 1837 τήν
1741 1770 1860 1825 Έκ-

226 1851 462 1920 ιιλησίαν,
497 1855 622 1914 τοὺς
683 1853 979 1916 πίπτοντας
1037 1853 1089 1909 ἐν
1137 1855 1406 1928 πολέμοις
1457 1858 1508 1930 ἐξ
1566 1859 1685 1928 ἴσης
1743 1865 1860 1922 τοῖς

225 1941 382 2012 ἁγίοις
471 1938 784 2016 πρεσϐεύειν
874 1946 1124 2016 μάρτυσι,
1191 1945 1278 1999 καὶ
1361 1946 1541 2021 ὥσπερ
1625 1947 1856 2010 ἐκείνους

2039 1596 2320 1653 Praeterea
2365 1597 2477 1652 sub
2525 1598 2868 1667 imperatore
2918 1595 3235 1665 Nicephoro
3266 1591 3386 1647 {ilio
3416 1590 3618 1646 Phooze

1968 1685 2130 1740 utilis
2159 1692 2283 1741 erat
2314 1686 2578 1742 Ecclesiae
2610 1686 2853 1756 hujusce
2881 1685 3120 1740 canonis
3161 1681 3475 1738 institutio.
3511 1679 3617 1736 Illo

1967 1774 2122 1829 enim
2174 1782 2418 1846 urgente
2450 1774 2789 1842 Ecclesiam,
2824 1779 2886 1829 ut
2918 1775 3288 1829 decernerent
3319 1771 3392 1826 iis
3425 1770 3521 1840 qui
3553 1769 3609 1822 in

1967 1864 2120 1920 bello
2165 1864 2320 1921 257
2377 1865 2648 1934 perierint
2701 1880 2868 1935 pares
2917 1863 3166 1918 honores
3218 1877 3352 1915 cum
3398 1858 3616 1914 sanctis

1968 1955 2344 2024 martyribus,
2358 1955 2632 2024 ipsosque
2645 1958 2919 2023 tanquam
2937 1949 3241 2006 memorias
3266 1953 3584 2019 martyrum
3599 1986 3613 2010 ,

228 2029 401 2099 ὕμνοις
451 2032 724 2106 γεραίρειν
764 2034 854 2086 καὶ
905 2033 1293 2108 πανηγύρεσιν,
1327 2037 1381 2089 οἱ
1429 2039 1554 2092 τότε
1598 2042 1698 2108 τῆς
1729 2039 1857 2093 Ἐκ-

1978 2042 2200 2111 hymnis
2247 2053 2300 2098 et
2342 2042 2813 2098 solemnitatibus
2863 2039 3253 2100 celebrarent;
3286 2037 3371 2092 illi
3418 2036 3518 2108 qui
3549 2052 3614 2090 eo

225 2119 445 2188 πλησίας
518 2117 984 2193 προϐεϐλημένοι,
1033 2123 1146 2177 ἐπεὶ
1201 2123 1389 2178 πολλά
1457 2126 1709 2202 λέγοντες
1766 2129 1856 2183 τὸν

228 2208 442 2280 βασιλέα
505 2211 603 2263 οὐκ
677 2208 890 2264 ἔπειθον
954 2213 1030 2283 μὴ
1091 2213 1237 2267 ὅσιον
1302 2215 1431 2268 εἶναι
1486 2216 1857 2292 τούπίταγμα,

224 2297 576 2360 τελευτῶντες
623 2305 705 2369 τῷ
746 2300 934 2354 κανόνι
987 2302 1165 2374 τούτῳ
1209 2301 1536 2380 ἐχρήσαντο,
1573 2310 1694 2368 Πῶς
1741 2307 1855 2360 οἷόν

222 2409 291 2454 τε,
321 2389 578 2465 ξάμενοι,
619 2389 745 2450 τοὺς
794 2388 847 2443 ἐν
889 2388 1156 2463 πολέμοις
1205 2395 1458 2456 πεσόντας
1510 2397 1856 2468 συναριθμεῖν

221 2483 323 2536 τοῖς
364 2477 653 2549 μάρτυσιν,
688 2478 781 2539 οὓς
831 2479 858 2531 ὁ
911 2478 1073 2554 μέγας
1127 2479 1429 2549 Βασίλειος,
1463 2483 1536 2545 ὡς
1594 2486 1687 2546 τας
1732 2491 1856 2559 χεῖ-

221 2586 305 2637 ρας
365 2568 444 2637 μὴ
505 2568 796 2639 καθαροὺς,
852 2573 960 2622 τῶν
1039 2570 1394 2642 ἁγιασμάτων
1453 2571 1541 2626 ἐπὶ
1617 2573 1853 2646 τριετίαν

219 2652 425 2727 ἀπεῖρξε
451 2675 465 2688 ⁸
500 2658 590 2709 καὶ
623 2657 768 2710 οὕτω
796 2657 898 2722 τὴν
937 2661 1034 2710 τοῦ
1085 2657 1355 2732 βασιλέως
1399 2659 1517 2732 βίαν
1569 2661 1856 2716 ἀπεσκευά-

221 2763 389 2801 σαντο.
425 2745 710 2822 Διαφόρων
757 2742 814 2800 δὲ
871 2744 1056 2819 ἱερέων
1097 2747 1184 2800 καὶ
1236 2747 1563 2817 ἐπισκόπων,
1615 2751 1701 2804 ἐπὶ
1758 2759 1857 2820 τῆς

221 2833 441 2888 συνόδου
491 2834 1073 2908 ὲξομολογησαμένων,
1104 2836 1397 2910 πολεμίοις
1447 2840 1857 2910 συμπλακῆναι,

221 2925 302 2977 καὶ
359 2924 610 2986 πολλοὺς
662 2925 715 2994 ἐξ
785 2926 961 2980 αὐτῶν
1035 2925 1266 2997 ἀνελεῖν,
1324 2931 1358 2997 ἠ
1412 2930 1531 3002 ἱερὰ
1587 2931 1675 2983 καὶ
1742 2931 1858 2984 θεία

223 3012 437 3075 σύνοδος
484 3019 562 3084 τῷ
606 3019 705 3069 τοῦ
753 3015 914 3088 ἁγίου
965 3016 1160 3069 τούτου
1189 3017 1369 3071 κανόνι
1404 3017 1490 3071 καὶ
1522 3023 1598 3088 τῷ
1628 3021 1695 3072 νε¹
1727 3021 1858 3073 ἑπό-

224 3125 393 3174 μενοι,
426 3105 487 3157 ὃν
539 3105 625 3157 καὶ
674 3106 823 3172 ζήτει
871 3103 924 3157 ἐν
970 3108 1048 3174 τῷ
1089 3111 1126 3158 ε’
1172 3125 1290 3184 κεφ.
1322 3111 1417 3161 τοῦ
1468 3117 1507 3162 Λ
1558 3107 1858 3182 στοιχείου,

220 3194 611 3268 ἀναλεγόμενοι
667 3194 757 3246 καὶ
821 3193 919 3248 ὅσα
977 3197 1045 3266 τῇ
1105 3194 1220 3265 θείᾳ
1277 3201 1460 3270 Γραφῇ
1521 3195 1880 3275 διείληπταικ

217 3291 312 3352 τῆς
370 3283 712 3356 λειτουργίας
762 3282 957 3343 αὐτοὺς
1012 3281 1260 3338 ἐκέλευσε
1306 3285 1633 3357 παύσασθαι,
1665 3289 1709 3342 εἰ
1769 3291 1858 3342 καὶ

1969 2136 2228 2201 tempore
2256 2131 2522 2187 Ecclesiae
2554 2131 2930 2201 praefuerunt,
2971 2144 3102 2183 cum
3136 2127 3317 2182 multo
3347 2140 3616 2180 sermone

1969 2221 2307 2291 imperatori
2356 2221 2598 2275 minime
2655 2219 3006 2290 persuadere
3064 2220 3332 2287 poterant
3379 2215 3614 2284 jussum

1967 2311 2152 2380 ipsius
2195 2310 2351 2366 haud
2401 2312 2557 2378 pium
2611 2310 2810 2376 fuisse,
2843 2308 3078 2363 tandem
3127 2307 3228 2360 hoc
3279 2319 3501 2360 canone
3532 2305 3615 2356 usi

1967 2404 2120 2456 sunt.
2151 2405 2478 2470 Equumne
2523 2414 2652 2452 esse
2697 2399 2902 2468 possit,
2935 2397 3218 2461 dicentes,
3268 2409 3363 2448 eos
3411 2393 3508 2463 qui
3558 2395 3615 2446 in

1967 2489 2118 2544 bello
2166 2487 2496 2556 ceciderint,
2543 2503 2677 2543 cum
2728 2487 3076 2557 martyribus
3126 2501 3242 2539 una
3295 2497 3614 2541 recensere,

1967 2593 2115 2648 quos
2148 2593 2396 2649 magnus
2428 2576 2698 2642 Basilius,
2725 2582 3000 2645 tanquam
3032 2574 3299 2628 manibus
3329 2571 3614 2641 impuros,

1968 2684 2000 2721 a
2029 2667 2210 2722 sacris
2261 2665 2556 2738 mysteriis
2608 2681 2707 2736 per
2753 2664 3068 2720 triennium
3117 2659 3404 2716 exclusit?
3438 2667 3614 2730 atque

1967 2755 2075 2809 hoc
2109 2756 2279 2810 modo
2325 2754 2693 2826 imperatoris
2726 2754 2997 2808 ferociam
3031 2750 3247 2806 amoliti
3279 2753 3436 2803 sunt.
3468 2748 3612 2802 Cum

1968 2851 2162 2898 autem
2206 2844 2368 2898 multi
2420 2843 2750 2899 sacerdotes
2798 2848 2854 2896 et
2901 2840 3158 2911 episcopi
3201 2838 3617 2893 confiterentur

1966 2934 2116 3004 apud
2148 2934 2440 3003 synodum
2472 2949 2535 2988 se
2564 2949 2697 2988 cum
2747 2932 2913 2987 hoste
2952 2943 3297 2999 congressos
3329 2927 3528 2993 fuisse,
3563 2929 3619 2981 et

1969 3021 2188 3077 multos
2230 3038 2298 3077 ex
2346 3022 2461 3076 illis
2502 3021 2884 3085 interfecisse,
2938 3023 3140 3074 sancta
3186 3022 3244 3070 et
3291 3016 3620 3070 veneranda

1970 3112 2228 3183 synodus
2279 3111 2596 3181 procedens
2639 3112 2803 3179 juxta
2854 3109 3096 3176 hujusce
3125 3105 3230 3161 viri
3264 3106 3454 3160 sancti
3484 3120 3614 3159 can.

1970 3201 2174 3269 istum,
2205 3206 2382 3272 atque
2427 3200 2604 3255 etiam
2652 3200 2743 3264 55,
2776 3213 2949 3268 quem
3001 3197 3129 3252 vide
3175 3197 3234 3250 in
3281 3211 3410 3265 cap.
3439 3194 3474 3247 5
3506 3193 3617 3247 litt.

1969 3295 2038 3359 A,
2087 3297 2146 3348 et
2202 3293 2508 3347 recitantes
2567 3305 2928 3361 quaecunque
2979 3287 3036 3342 in
3095 3303 3258 3342 sacra
3315 3284 3618 3355 Scriptura

219 3370 368 3441 ἔνιοι,
414 3377 524 3426 τῶν
599 3376 696 3426 τοῦ
768 3378 1159 3443 στρατιωτιχοῦ
1216 3373 1520 3450 κοταλόγου
1593 3377 1852 3448 μάλιστα,

1978 3384 2077 3438 hac
2125 3384 2195 3437 de
2251 3399 2311 3436 re
2359 3381 2753 3447 continentur,
2807 3394 2905 3434 eos
2955 3378 3027 3431 ab
3091 3375 3282 3430 ofﬁcio
3339 3373 3617 3429 desistere

219 3463 432 3524 τούτοις
486 3459 585 3516 οὒκ
638 3460 894 3516 ἐτίθεντο.
956 3462 1110 3530 Ζήτει
1166 3461 1254 3516 καὶ
1307 3463 1370 3516 τὸ
1428 3465 1470 3533 ζ’
1522 3484 1640 3537 κεφ.
1674 3469 1772 3519 τοῦ
1813 3473 1855 3520 Λ

221 3552 516 3626 στοιχείού.

221 3665 473 3715 ΚΕΦΔΛ.
526 3659 602 3744 HL.
640 3659 813 3744 ,Περί
867 3661 992 3744 τιῖιν
1053 3662 1464 3744 (perleget;on
1523 3664 1859 3731 γυναικῶν

557 3727 662 3782 διὰ
701 3725 1074 3805 φαρμάκων
1101 3729 1175 3784 τὰ
1215 3725 1500 3803 ἔμϐρυα.

297 3825 447 3888 Ζήτει
504 3819 568 3873 τὸ
611 3824 699 3888 κη’
730 3821 818 3873 καὶ
867 3821 929 3872 τὸ
977 3821 1052 3872 κθ’
1082 3840 1200 3896 κεφ.
1233 3824 1330 3872 τοῦ
1377 3826 1411 3872 l‘
1443 3824 1742 3894 στοιχείου,
1775 3823 1862 3876 καὶ

231 3907 278 3960 ἐν
315 3913 386 3977 τῷ
417 3912 445 3961 θ
488 3930 606 3985 xeo}.
636 3914 732 3962 τοῦ
790 3907 955 3962 αὑτοῦ
1013 3907 1290 3983 στοιχείου
1330 3910 1520 3962 κανόνα
1550 3914 1625 3962 κε’
1656 3916 1754 3978 τῆς
1814 3910 1866 3965 έν

234 3998 459 4069 ’Δ-ριῦρᾳ
514 3995 762 4054 συνόδου.
815 4005 935 4052 ’Έτι
1010 3999 1131 4070 περὶ
1198 3999 1372 4071 φόνων
1430 3999 1715 4064 ἀκουσίων,
1775 4001 1864 4053 καὶ

235 4089 349 4156 περὶ
394 4092 496 4140 τῶν
551 4087 958 4162 ἁποπνιγέντων
1023 4085 1232 4156 νηπίων
1297 4090 1705 4161 πορακειμένων
1750 4096 1864 4150 τοῖς

231 4182 463 4246 γονεῦσιν
497 4177 670 4230 αὐτῶν
681 4219 693 4232 .

309 4267 386 4321 Ἐν
415 4271 529 4328 τοῖς
559 4265 840 4328 (ἑκουσίοις
891 4263 949 4318 δὲ
991 4267 1176 4343 φόνοις
1209 4264 1384 4320 ἐκεῖνα
1413 4265 1676 4339 κρίνεται,
1708 4267 1869 4336 ἡνίκα

239 4359 340 4406 τῶν
366 4357 572 4431 βρεφῶν
602 4353 737 4423 ἔνια,
774 4357 934 4426 μέσον
990 4354 1212 4427 κείμενα
1258 4355 1446 4414 νυκτὸς
1501 4361 1609 4410 τῶν
1643 4353 1867 4431 γονέων,

238 4441 299 4495 ἐκ
343 4443 596 4517 ῥᾳθυμίας
650 4443 850 4511 αὐτῶν,
879 4445 914 4514 ἢ
959 4443 1115 4515 μέθῃ,
1147 4443 1180 4511 ἢ
1230 4444 1460 4517 γαστρὸς
1510 4445 1659 4516 κόρῳ
1694 4446 1871 4520 βαρυ-

240 4534 493 4602 νομένων,
523 4535 613 4588 καὶ
662 4533 1008 4605 ἐμπεσόντων
1048 4532 1254 4597 αὐτοῖς,
1305 4533 1625 4608 ἀποπνιγῇ·
1679 4533 1731 4588 οἳ
1779 4534 1867 4588 καὶ

240 4624 337 4689 τήν
373 4625 644 4678 ἑπταετίαν
694 4622 1014 4702 φυλάξουσι,
1045 4623 1347 4698 ξηροφαγίᾳ
1395 4621 1451 4677 δὲ
1489 4624 1580 4678 καὶ
1627 4625 1866 4700 γονάτων

243 4709 436 4767 κλίσεσι
464 4714 524 4767 τὸ
555 4719 705 4768 Θεῖον
739 4711 1128 4784 ἐξιλεούμενοι,
1160 4712 1427 4785 κλαυθμῷ
1478 4713 1566 4766 καὶ
1612 4717 1680 4785 τῇ
1731 4715 1866 4768 κατὰ

249 4796 456 4872 δύναμιν
504 4801 847 4876 ἐλεημοσύνη
899 4801 1262 4875 ὑποτέμνουσι
1316 4801 1405 4856 καὶ
1448 4801 1576 4862 τοὺς
1627 4803 1867 4873 ὁρισθέν-

249 4908 338 4949 τες
386 4892 635 4965 χρόνους,
695 4893 1022 4965 συγγνώμην
1080 4889 1296 4964 ἔχοντες
1355 4891 1445 4945 καὶ
1491 4889 1558 4964 τῇ
1589 4889 1868 4963 ἀνηκέστῳ

253 4975 501 5053 ληφθῆναι
530 4985 802 5058 συμφορᾷ.

326 5068 374 5121 Ei
401 5067 443 5122 δ’
470 5068 518 5140 ἐξ
549 5065 855 5138 ἐπιϐουλῆς
899 5074 996 5124 τοῦ
1043 5069 1419 5142 ἀντικειμένου
1472 5074 1656 5144 σαφῶς
1707 5074 1868 5125 τοῦτο

261 5153 454 5227 ουνίῦη,
504 5157 670 5231 μηδὲν
719 5164 826 5213 τῶν
870 5158 1069 5231 γονέων
1119 5157 1478 5230 ἐπταικότων,
1514 5158 1563 5213 εἴ
1601 5158 1689 5212 καὶ
1737 5179 1866 5232 συγ-

258 5247 455 5317 γνώμης
501 5251 563 5302 τὸ
607 5243 820 5320 συμϐὰν
867 5247 1034 5316 ἄξιον,
1067 5247 1197 5304 ἀλλ’
1228 5248 1320 5303 οὖν
1371 5247 1460 5304 καί
1521 5249 1754 5322 μενρίων
1787 5246 1870 5302 δεῖ

261 5337 353 5386 τῶν
379 5335 675 5407 ἐπιτιμίων.
710 5339 895 5393 ’Έοικε
924 5338 1028 5410 γὰρ
1061 5335 1130 5392 δι’
1159 5336 1315 5411 ἕτερά
1365 5359 1485 5393 τινα
1525 5337 1869 5411 ἀμετανόητα

263 5425 536 5496 πταίσματα
618 5427 717 5493 τὴν
807 5423 1187 5500 ἐγκατάλειψιν
1267 5427 1492 5495 ταυτηνὶ
1592 5426 1866 5502 γεγονέναι

265 5515 383 5584 παρὰ
433 5520 523 5569 τοῦ
579 5515 948 5591 φυλάσσοντος
985 5517 1184 5588 Κυρίου
1215 5516 1281 5571 τὶ
1310 5518 1496 5586 νήπια.
1533 5539 1560 5568 ι(
1595 5516 1685 5583 Μή
1717 5511 1865 5586 δῲης

269 5607 370 5673 γὰρ,
400 5608 571 5676 οησξν,
604 5605 679 5666 είς
720 5603 888 5658 σάλον
918 5605 1009 5658 τὸν
1052 5604 1189 5661 πόδα
1221 5629 1340 5673 σου,
1371 5607 1460 5660 καὶ
1511 5607 1573 5659 οὐ
1623 5604 1865 5672 νυστέξει

271 5690 575 5766 bonitatem.»
609 5715 668 5748 σε
696 5691 952 5770 ἅγγελος.
989 5718 1018 5746 ι)

1967 3470 2161 3540 jussit,
2197 3467 2514 3539 praesertim
2564 3467 2613 3521 si
2661 3465 2848 3535 aliqui
2893 3481 2961 3519 ex
3001 3463 3206 3519 ordine
3239 3460 3474 3516 militari
3505 3460 3614 3514 hoc

1967 3558 2113 3630 ipsis
2143 3557 2297 3613 haud
2333 3558 2660 3627 posuerant.
2694 3553 2836 3608 Vide
2867 3558 2924 3608 et
2951 3569 3080 3624 cap.
3111 3551 3166 3603 7.
3200 3549 3314 3605 litt.
3346 3551 3413 3604 Α.
3703 3545 3706 3552 ’

1968 3665 2125 3721 CAP.
2169 3664 2314 3719 VIII.
2367 3665 2440 3719 De
2482 3661 2808 3718 mulieribus
2849 3676 2972 3732 qua:
3014 3655 3422 3714 medicamenti:
3467 3657 3611 3723 fetus

2587 3751 2710 3790 suo:
2745 3740 2988 3788 enecant.

2042 3825 2183 3880 Vide
2213 3825 2402 3896 capita
2436 3825 2505 3877 28
2537 3829 2594 3880 et
2621 3824 2690 3876 29
2721 3823 2833 3876 litt.
2869 3826 2926 3887 Γ,
2959 3825 3014 3875 et
3039 3820 3097 3873 in
3127 3835 3256 3889 cap.
3285 3819 3320 3870 9
3343 3817 3608 3886 ejusdem

1974 3915 2244 3971 elementi
2296 3929 2578 3968 canonum
2628 3914 2699 3967 25
2747 3911 2950 3983 synodi
2992 3911 3198 3977 Ancyr.
3226 3925 3241 3975 ;
3271 3908 3512 3977 insuper
3543 3907 3612 3962 de

1974 4004 2228 4058 caedibus
2264 4002 2697 4068 involuntariis,
2731 4008 2787 4056 et
2829 4002 2899 4055 de
2943 3999 3256 4053 infantibus
3305 3995 3406 4066 qui
3449 3996 3616 4066 juxta

1978 4097 2242 4163 parentes
2272 4108 2411 4147 suos
2438 4091 2723 4146 cubantes
2753 4089 3130 4144 sull‘ocautur.

2048 4181 2461 4237 lnvoluntariis
2506 4181 2682 4235 etiam
2733 4177 3061 4233 homicidiis
3090 4175 3233 4229 illud
3265 4179 3621 4241 accensetur,

1977 4288 2110 4328 cum
2161 4270 2412 4326 infantes
2459 4268 2639 4340 aliqui
2679 4271 2852 4322 noctu
2884 4266 3036 4320 inter
3068 4269 3332 4334 parentes
3363 4281 3501 4319 suos
3524 4264 3623 4332 ja-

1977 4368 2194 4425 centes,
2242 4377 2354 4429 prae
2403 4357 2754 4428 negligentia
2801 4355 3031 4410 illorum
3089 4358 3187 4410 aut
3233 4352 3472 4423 crapula
3522 4357 3624 4408 aut

1979 4451 2216 4521 impleto
2247 4454 2446 4504 ventre
2475 4451 2869 4519 gravatorum,
2893 4452 2948 4500 et
2969 4444 3027 4498 in
3053 4443 3210 4512 ipsos
3235 4442 3619 4498 incidentium

1978 4540 2349 4595 suti‘ocantur.
2383 4536 2450 4592 Hi
2502 4535 2739 4607 quidem
2789 4533 3160 4606 septenuium
3208 4532 3620 4597 observabant,

1979 4630 2126 4686 cibis
2156 4629 2334 4683 aridis
2364 4637 2416 4682 et
2445 4625 2846 4697 genuﬂexione
2881 4626 3058 4680 Deum
3094 4622 3407 4694 placantes,
3437 4620 3536 4674 sed
3569 4624 3624 4675 et

1983 4721 2139 4775 luctu
2195 4724 2253 4773 et
2308 4733 2408 4787 pro
2467 4715 2838 4772 facultatibus
2884 4713 3248 4784 elecmosyna
3307 4709 3625 4782 praecidunt

1979 4808 2334 4879 prastitutos
2363 4821 2545 4860 annos
2575 4805 2802 4860 veniam
2843 4804 3286 4874 consequentes,
3319 4801 3457 4870 quia
3487 4797 3625 4852 irre-

1979 4894 2274 4953 mediabili
2308 4893 2456 4951 malo
2487 4900 2778 4950 tenentur.

2049 5075 2150 5130 Sin
2198 5091 2327 5130 vero
2375 5090 2445 5130 ex
2501 5073 2734 5130 insidiis
2764 5071 3095 5138 ,fadversarii
3152 5070 3262 5126 hoc
3313 5065 3619 5136 contigisse

1978 5167 2224 5230 constet,
2258 5163 2594 5233 parentibus
2626 5160 2769 5218 nihil
2801 5160 3198 5232 peccantibus,
3231 5154 3490 5226 quamvis
3529 5169 3622 5208 ca-

1979 5268 2080 5307 sus
2130 5251 2233 5306 iste
2283 5251 2508 5307 veniam
2554 5257 2856 5316 mereatur,
2890 5248 3197 5306 mediocris
3230 5254 3420 5300 tamen
3453 5259 3622 5314 pmna

1979 5341 2334 5396 intercedere
2363 5342 2550 5396 debet.
2582 5341 2726 5395 Nam
2769 5339 3062 5408 probabile
3109 5340 3196 5391 est
3226 5338 3456 5405 propter
3487 5334 3620 5402 alia,

1977 5445 2220 5498 quorum
2254 5429 2511 5484 nondum
2546 5433 2789 5498 egerunt
2820 5426 3241 5498 pmnitentiam,
3277 5423 3426 5477 hanc
3457 5422 3620 5477 dere-

1977 5516 2267 5574 lictionem
2317 5535 2349 5572 a
2396 5518 2641 5573 Domino
2691 5517 2790 5588 qui
2825 5514 3074 5571 custodit
3105 5512 3359 5567 infantes
3389 5512 3624 5567 immis-

1977 5624 2123 5662 sam.
2165 5607 2308 5661 Dicit
2343 5608 2494 5660 enim
2531 5623 2542 5659 :
2583 5628 2609 5654 ‹‹
2641 5605 2763 5660 Non
2797 5605 2898 5659 dce
2930 5605 2986 5657 in
3039 5602 3487 5656 commotionem
3522 5618 3625 5669 pe-

1984 5695 2115 5751 dem
2132 5702 2320 5763 tuum,
2340 5711 2521 5765 neque
2545 5695 2813 5752 dormitet
2837 5691 3080 5764 angelus
3101 5692 3275 5762 quite
3295 5692 3568 5748 custodit.
3597 5713 3625 5740 »
