4118 6214
406 372 522 435 187

1675 379 2052 444 ΜΛΤἸἮᾸΞῙ
2093 377 2528 440 BLASTABIS

3695 378 3810 442 188

475 504 535 561 Si
577 521 710 562 vero
739 507 1057 564 suffocatur
1088 509 1238 566 fetus
1269 515 1586 584 antequam
1623 511 1812 570 lucem
1845 513 2053 580 videat,

2239 507 2302 566 Et
2335 506 2392 564 δὲ
2416 508 2506 562 καὶ
2535 509 2837 586 ἀφώτιστον
2879 509 2938 565 ὃν
2987 509 3258 586 ἀπεπνίγη
3317 511 3380 566 τὸ
3431 512 3658 590 βρέφος,
3688 511 3807 568 ἐπι-

404 602 610 665 przeter
660 611 864 668 poenas
926 595 1101 652 etiam
1149 599 1300 672 exigi
1353 604 1578 674 oportet
1631 619 1666 659 a
1713 601 2054 673 parentibus

2196 596 2427 655 είνεσθαι
2469 594 2554 652 δεῖ
2605 601 2723 660 τοῖς
2772 602 2988 672 γονεῦσι
3050 599 3185 672 μετὰ
3239 602 3348 656 τῶν
3376 599 3674 675 ἐπιτιμίων
3719 603 3813 658 καὶ

403 684 661 740 ofﬁcium
691 683 1097 759 eleemosynas.

1138 801 1320 870 Leges.

473 899 864 958 Homicidium
896 920 932 959 a
958 903 1256 962 voluntate
1284 907 1634 978 estimatur,
1669 925 1743 964 an
1787 909 2056 980 proposi-

401 992 529 1045 tum
575 989 686 1061 ipsi
736 991 912 1048 fuerit
959 991 1259 1050 hominem
1292 997 1575 1066 occidere,
1607 1014 1678 1052 an
1721 1014 1857 1054 non.
1891 997 2057 1056 Unde

402 1078 489 1148 ﬁt,
522 1085 580 1133 ut
610 1078 660 1134 is
690 1079 790 1150 qui
819 1080 1116 1138 hominem
1152 1084 1417 1153 percutit,
1450 1101 1566 1140 non
1597 1090 1788 1142 tamen
1823 1086 2056 1152 occidit,

403 1182 826 1239 nonnunquam
877 1178 1153 1242 tanquam
1201 1170 1496 1229 homicida
1524 1173 1820 1245 puniatur,
1861 1180 1920 1231 et
1957 1175 2056 1231 ille

404 1253 504 1326 qui
539 1255 770 1323 occidit,
793 1273 926 1313 cum
959 1261 1257 1316 verberare
1285 1259 1477 1316 solum
1494 1261 1694 1331 voluit,
1719 1280 1831 1319 non
1858 1265 2058 1335 punia-

403 1349 500 1400 tur
547 1349 611 1402 ut
653 1346 966 1403 homicida.
1001 1349 1250 1406 Intentio
1279 1358 1471 1406 autem
1518 1353 1702 1408 animi
1733 1369 1803 1409 ex
1831 1354 2054 1410 instru-

406 1439 603 1492 mento
655 1437 1012 1492 verberantis
1067 1442 1382 1510 spectatur.
1433 1440 1608 1497 Pmua
1654 1441 1716 1497 in
1773 1443 2054 1500 sicarium

408 1523 802 1581 honestiorem
852 1530 940 1582 est
988 1527 1333 1598 deportatio,
1384 1531 1503 1586 sive
1550 1529 1722 1602 plena
1768 1532 2054 1589 bonorum

409 1613 742 1684 publicatio.
777 1616 837 1670 ιιι
886 1615 1119 1672 viliores
1167 1633 1322 1684 vero,
1352 1619 1546 1689 gladio
1595 1625 1654 1676 et
1689 1620 1887 1678 bestiis
1915 1623 2056 1678 sub—

400 1702 503 1773 jici
535 1720 550 1758 2
583 1705 642 1758 et
688 1701 748 1757 in
796 1719 896 1760 eos
927 1703 1026 1776 qui
1056 1721 1124 1760 ex
1157 1705 1390 1762 lascivia
1421 1713 1478 1762 et
1507 1707 1733 1764 incuria
1761 1709 2052 1772 occidunt,

409 1791 866 1863 quinquennalia
911 1793 1208 1866 relegatio.
1243 1794 1632 1854 lnvoluntario
1661 1803 1856 1854 autem
1888 1799 2056 1856 venia

406 1881 764 1938 conceditur.
1788 1958 1792 1962 '

477 1974 592 2027 Lex
637 1971 708 2027 de
755 1971 982 2028 sicariis
1029 1973 1226 2028 dolum
1279 1973 1501 2030 malum
1552 1974 1812 2047 requirit,
1845 1979 1903 2032 et
1947 1993 2064 2032 non

411 2075 681 2131 magnam
705 2059 1113 2132 negligentiam
1139 2079 1152 2118 :
1181 2062 1334 2118 unde
1355 2065 1406 2120 si
1427 2064 1560 2136 quis
1588 2063 1852 2136 ipsorum
1870 2081 1939 2122 ex
1960 2082 2030 2121 su
2047 2095 2060 2106 -

409 2149 575 2206 blimi
615 2149 868 2221 lapidem
919 2151 1248 2222 projecerit,
1285 2161 1382 2209 aut
1433 2170 1661 2210 ramum
1693 2155 1942 2224 arboris,
1973 2159 2064 2210 at-

410 2255 521 2324 que
567 2239 894 2324 quempiam
946 2242 1238 2312 occiderit,
1276 2259 1390 2300 non
1439 2249 1663 2301 tenetur
1705 2245 1827 2318 lege
1865 2249 2066 2302 contra

410 2327 680 2370 ειοαιηοε.

483 2399 652 2458 258
710 2399 826 2458 Nec
877 2401 1098 2469 infans,
1155 2401 1266 2459 hoc
1322 2407 1430 2473 est,
1491 2408 1716 2476 septem
1775 2419 2065 2460 annorum

411 2505 579 2565 puer,
605 2506 708 2546 nec
739 2490 997 2547 furiosus
1028 2491 1202 2548 caedis
1235 2509 1368 2549 reus
1397 2492 1522 2565 lege
1551 2493 1622 2548 de
1653 2493 1968 2550 homicidis
1987 2501 2068 2548 te-

412 2583 603 2635 netnr.

483 2667 592 2735 Qui
639 2666 815 2726 alicui
871 2669 1105 2726 mandat
1150 2675 1216 2727 ut
1271 2670 1600 2738 interficiat,
1653 2675 1718 2726 ut
1774 2669 2070 2728 homicida

412 2758 748 2814 damnatur.

485 2848 547 2903 In
581 2846 856 2904 omnibus
899 2848 1246 2907 criminibus
1291 2849 1589 2922 inquirere
1617 2853 1865 2923 oportet,
1899 2865 1972 2905 an
2002 2864 2073 2906 ex

415 2935 733 3008 proposito,
793 2952 864 2992 an
923 2937 1161 2994 fortuito
1219 2939 1355 3012 quis
1420 2939 1751 3012 patraverit,
1812 2938 2074 3010 adeoque

413 3023 502 3083 vel
527 3027 694 3096 juxta
723 3025 975 3099 rigorem
1004 3027 1169 3101 legis,
1199 3030 1286 3086 vel
1317 3029 1519 3087 mitius
1559 3045 1694 3086 eum
1730 3029 1997 3102 plectere.

490 3115 596 3182 Qui
639 3113 894 3188 aliquem
943 3133 1183 3172 suorum
1229 3124 1606 3190 cognatorum
1639 3119 1722 3174 vel
1757 3118 2074 3174 ascenden-

2159 689 2223 744 τὸ
2255 685 2379 764 περὶ
2408 687 2508 756 τὴν
2539 683 2918 760 ἐλεημοσύνην
2951 687 3269 764 φιλότιμον.

2863 793 3120 868 Νόμοι.

2233 905 2290 956 Ὀ
2321 900 2480 977 φόνος
2511 901 2618 955 ἀπὸ
2657 898 2948 964 διαθέσεως
3003 905 3302 972 σκοπεῖται,
3335 903 3382 957 εἰ
3432 905 3634 958 σκοπὸν
3681 897 3820 979 ἔσχε

2163 992 2414 1066 φονεῦσαι
2465 988 2500 1058 ἢ
2551 985 2616 1042 ού
2640 1007 2652 1021 °
2688 990 2803 1044 ὅθεν
2847 983 2988 1044 ἔστιν
3038 989 3232 1063 εὑρεῖν,
3266 989 3349 1044 ὅτι
3380 991 3469 1044 καὶ
3515 990 3542 1044 ὁ
3575 989 3818 1062 πλήξας,

2167 1080 2242 1151 μή
2293 1078 2554 1156 φονεύσας
2605 1075 2681 1148 δὲ,
2733 1078 2808 1138 ὡς
2865 1078 3053 1153 φονεὺς
3104 1083 3429 1152 τιμωρεῖται
3459 1098 3472 1111 °
3514 1079 3602 1134 καὶ
3651 1081 3678 1134 6
3711 1101 3818 1157 φο-

2163 1166 2374 1236 νεύσας,
2406 1165 2452 1221 εἰ
2515 1165 2678 1238 μόνον
2718 1161 2960 1236 ἠθέλησε
2999 1163 3223 1236 πλῆξαι,
3256 1165 3318 1221 ού
3361 1173 3684 1241 τιμωρεῖται
3733 1169 3818 1229 ὡς

2163 1255 2389 1332 φονεύς·
2436 1257 2464 1324 ἡ
2517 1251 2574 1308 δὲ
2619 1253 2848 1325 τοιαύτη
2899 1251 3134 1316 διάθεσις
3181 1255 3288 1310 ἀπὸ
3342 1259 3440 1310 τοῦ
3501 1253 3818 1326 πλήξαντος

2164 1345 2390 1419 ὀργάνου
2421 1348 2724 1400 σκοπεῖται.
2759 1344 2860 1401 Καὶ
2899 1338 3012 1398 ἔστι
3047 1347 3144 1398 τοῦ
3197 1346 3294 1417 μέν
3344 1345 3592 1400 ἑκουσίου
3639 1345 3819 1424 φόνου

2161 1435 2424 1508 τιμωρία,
2483 1431 2571 1487 ἐπὶ
2632 1433 2726 1504 μὲν
2806 1431 3030 1506 ἐντίμου
3103 1433 3481 1505 φονεύσαντος,
3543 1431 3822 1508 δεπορτα-

2160 1522 2316 1590 τίων,
2347 1521 2472 1590 ἤτοι
2515 1519 2700 1576 τελεία
2747 1517 3043 1593 δήμευσις·
3075 1519 3166 1574 ἐπὶ
3217 1517 3274 1576 δὲ
3316 1526 3424 1576 τῶν
3459 1520 3716 1590 εὐτελῶν,
3746 1522 3821 1576 τὸ

2164 1607 2302 1684 ξίφει
2359 1609 2447 1662 καὶ
2507 1607 2729 1680 θηρίοις.
2781 1603 3210 1678 ὑποϐληθῆναι·
3256 1608 3343 1663 ἐπὶ
3405 1607 3462 1664 δὲ
3521 1613 3618 1664 τοῦ
3672 1611 3820 1664 κατὰ

2167 1696 2421 1771 βλακείαν
2453 1697 2486 1765 ἢ
2521 1695 2781 1770 ἀμέλειαν
2822 1697 3194 1774 φονεύσαντος,
3229 1699 3544 1768 πενιταετής
3597 1697 3778 1773 ἐξορία
3801 1717 3818 1728 θ

2163 1785 2250 1842 ἐπὶ
2282 1783 2338 1840 δὲ
2364 1790 2462 1840 τοῦ
2493 1784 2757 1840 ἀκουσίου
2785 1785 3086 1862 συγγνώμη
3121 1783 3356 1844 δέδοται.

2241 1969 2302 2022 Ὁ
2357 1964 2480 2038 περὶ
2536 1961 2884 2040 ἀνδροφόνων
2932 1965 3103 2038 νόμος
3135 1962 3298 2020 δόλον
3329 1964 3594 2037 ἐπιζητεῖ,
3620 1966 3708 2021 καὶ
3747 1966 3822 2021 οὖ

2176 2052 2419 2126 μεγάλην
2476 2053 2733 2126 ἀμέλειαν
2779 2073 2792 2086 ⁵
2863 2052 2982 2109 ὅθεν
3036 2051 3124 2109 ἐάν
3177 2077 3261 2116 τις
3309 2055 3486 2110 αὐτῶν
3538 2055 3586 2125 ἐξ
3644 2055 3824 2129 ὕψους

2175 2141 2332 2217 ῥίψας
2375 2141 2410 2210 ἢ
2444 2139 2618 2210 λίθον,
2649 2139 2682 2210 ἢ
2714 2138 2916 2196 κλάδον
2965 2141 3073 2198 ἀπὸ
3126 2139 3370 2218 δένδρου,
3401 2143 3632 2220 φονεύσῃ
3670 2146 3826 2216 τινὰ,

2175 2231 2286 2307 οὐχ
2315 2229 2594 2287 ὑπόκειται
2623 2235 2705 2303 τῷ
2737 2229 2964 2306 παρόντι
2995 2230 3170 2305 νόμῳ.
3209 2287 3212 2290 .

2246 2410 2380 2468 Οῧτε
2433 2411 2642 2492 ῗνφανς,
2671 2410 2945 2467 τουτέστιν
2993 2413 3022 2468 6
3081 2412 3370 2482 ἐπταετής.
3398 2411 3522 2468 οὕτε
3569 2414 3597 2468 6
3631 2412 3836 2486 μαινό-

2180 2522 2357 2576 μενος,
2417 2500 2658 2577 φονεύων
2747 2503 3026 2557 ὗπόκειται
3109 2507 3188 2574 τῷ
3269 2502 3394 2576 περὶ
3479 2501 3834 2582 ἀνδροφόνων

2176 2593 2354 2664 νόμῳ.

2247 2682 2306 2737 '0
2356 2679 2738 2755 ἐντειλάμενός
2822 2701 2927 2736 τινι
3001 2685 3281 2755 φονεῦσαι,
3338 2682 3412 2743 ὡς
3469 2683 3661 2761 φονεὺς
3709 2681 3828 2755 κρί-

2177 2790 2343 2828 νεται.

2251 2859 2338 2915 Ἐν
2371 2862 2500 2914 πᾶσι
2529 2863 2646 2920 τοῖς
2676 2856 2991 2935 ἐγκλήμασι
3023 2854 3107 2913 δεῖ
3135 2863 3337 2928 ζητεῖν,
3371 2857 3418 2913 εἰ
3463 2859 3527 2912 ἐκ
3572 2857 3840 2932 προνοίας

2179 2948 2214 3018 ἢ
2245 2947 2380 3002 κατὰ
2408 2947 2586 3023 τύχην
2616 2947 2830 3022 ἤμαρτέ
2857 2968 2940 3010 τις
2965 2967 2980 2980 ·
3021 2946 3109 3003 καὶ
3161 2945 3335 3011 οὕτως
3379 2947 3414 3017 ἢ
3464 2947 3600 3002 κατὰ
3629 2946 3836 3021 νόμον,

2179 3035 2214 3106 ἢ
2238 3038 2539 3112 πραοτέραν
2570 3039 2670 3108 τὴν
2696 3037 2968 3114 τιμωρίαν
3001 3037 3297 3112 ἐπιφέρειν.

2250 3128 2307 3181 '0
2363 3125 2574 3183 ἀνελὼν
2651 3128 2864 3184 ἀνιόντα
2939 3129 2975 3200 ἢ
3046 3128 3304 3184 κατιόντα
3377 3128 3636 3204 συγγενῆ,
3695 3127 3836 3202 πυρὶ

417 3203 566 3260 tium
599 3203 685 3260 vel
717 3204 1198 3262 descendentium
1230 3206 1561 3276 sustulerit,
1591 3207 1710 3280 igni
1743 3205 2014 3263 traditur.

2192 3213 2564 3290 παραδίδοται.

487 3292 596 3360 Qui
647 3307 1050 3366 aggressorem
1085 3295 1155 3351 de
1182 3295 1300 3352 vita
1329 3313 1437 3352 sua
1466 3295 1804 3369 periclitans
1831 3295 2067 3352 interfe-

415 3385 580 3449 cerit,
613 3386 774 3439 extra
803 3399 1016 3440 noxam
1047 3387 1159 3440 est.

485 3474 544 3530 Si
599 3473 734 3544 quis
795 3477 970 3530 noctu
1033 3474 1324 3531 furantem
1382 3475 1759 3545 interfecerit,
1809 3475 2070 3548 impunis

412 3563 619 3632 evadit,
651 3561 702 3618 si
736 3563 906 3618 modo
939 3563 1089 3619 citra
1116 3581 1290 3620 suum
1334 3559 1660 3637 periculum
1692 3565 1806 3637 ipsi
1837 3581 2073 3637 parcere

413 3651 568 3708 haud
618 3657 856 3723 poterat.
889 3654 1090 3718 Quaere
1134 3653 1193 3709 in
1245 3670 1375 3727 cap.
1402 3654 1439 3709 5
1485 3653 1597 3710 litt.
1635 3661 1700 3724 Α,
1741 3659 1800 3711 et
1841 3671 1968 3727 cap.
1997 3655 2070 3709 29

409 3739 524 3796 litt.
557 3745 616 3796 Γ.

483 3830 722 3886 Novella
767 3835 959 3887 autem
1011 3831 1198 3888 sancti
1246 3833 1586 3904 patriarchae
1641 3833 1961 3902 Athanasii,
2013 3837 2070 3890 et

411 3919 762 3977 venerabilis
792 3919 1158 3992 imperatoris
1199 3921 1538 3983 Andronici.
1571 3922 1774 3977 statuit
1803 3937 1936 3978 eum
1970 3939 2069 3978 so-

415 4008 564 4078 lum,
587 4010 682 4079 qui
714 4010 772 4064 in
815 4008 1128 4066 homicidio
1157 4010 1554 4083 deprehensus
1581 4015 1690 4082 est,
1714 4011 1878 4082 juxta
1904 4011 2070 4084 leges

419 4097 609 4167 puniri
643 4114 658 4153 :
691 4097 908 4154 liberos
955 4102 1153 4156 autem
1203 4101 1332 4171 ejus
1385 4117 1498 4156 non
1551 4099 1858 4172 publicari,
1893 4102 2065 4158 modo

416 4187 572 4241 haud
607 4186 823 4243 fuerint
851 4187 1027 4242 caedis
1058 4189 1196 4244 socii
1233 4205 1246 4243 :
1281 4189 1380 4244 ed
1416 4189 1587 4244 bonis
1615 4190 1744 4260 ejus
1769 4189 1938 4260 juxta
1968 4207 2068 4246 nu-

419 4292 646 4332 merum
699 4276 948 4332 ﬂliorum
999 4277 1355 4348 distributis,
1407 4283 1625 4349 partem
1677 4294 1850 4334 unam
1901 4279 2068 4334 etiam

419 4365 609 4422 occiso
657 4365 936 4438 assignat,
969 4366 1220 4424 maxime
1267 4368 1314 4422 si
1364 4368 1501 4423 dum
1534 4368 1759 4438 vixerit,
1793 4368 2068 4441 pauperie

418 4453 745 4522 laborabat,
777 4459 832 4512 et
878 4471 1115 4512 uxorem
1165 4472 1230 4512 ac
1261 4457 1470 4513 liberos
1501 4457 1730 4527 habuit,
1761 4464 1818 4514 et
1849 4458 2066 4515 dunta-

418 4545 519 4600 xat
548 4543 871 4616 portionem
903 4544 1210 4601 homicidis
1239 4545 1461 4602 cedere.

488 4728 596 4794 Qui
627 4727 909 4786 infantem
937 4733 1160 4798 enecat,
1202 4727 1500 4785 homicidii
1534 4743 1702 4801 pmna
1727 4729 1975 4784 tenetur.

492 4911 636 4967 Vide
688 4917 742 4967 et
799 4911 948 4967 duas
991 4909 1248 4967 novellas
1285 4907 1653 4982 imperatoris
1702 4907 2070 4965 Constantini

420 5000 996 5074 Porphyrogennetze,
1029 5017 1132 5073 pro
1180 4999 1457 5072 qualitate
1503 4997 1678 5054 cadis
1725 4995 1870 5053 alias
1897 5000 2071 5069 atque

422 5089 567 5146 alias
609 5107 809 5162 pmnas
856 5091 1247 5158 decernentes,
1299 5093 1356 5144 et
1411 5103 1692 5160 quosnam
1747 5086 2070 5143 homicidas

422 5179 578 5234 haud
607 5179 840 5248 rejicere
860 5183 1103 5250 oportet,
1125 5179 1264 5234 dum
1287 5179 1360 5232 ab
1382 5175 1681 5233 ecclesiam
1707 5175 2066 5248 confugiunt,

423 5283 568 5340 quos
598 5284 733 5325 vero
761 5267 999 5323 omnino
1031 5267 1168 5324 inde
1197 5265 1463 5324 avellere.

491 5502 646 5558 CAP.
733 5503 823 5559 1x.
899 5503 1052 5573 Quod
1139 5501 1482 5631 pzygfteria
1568 5504 1750 5574 facere
1836 5499 2069 5557 minime

1123 5590 1193 5631 ου
1228 5590 1259 5628 r
1345 5615 1358 5630 .

1123 5590 1358 5646 oportet.

495 5699 743 5755 Consule
769 5714 898 5772 cap.
931 5700 960 5756 1
992 5699 1109 5757 litt.
1140 5698 1222 5756 M.

2096 4613 2144 4679 D

2250 3310 2308 3366 Ὀ
2361 3311 2456 3365 τὸν
2513 3308 2809 3366 ἐπελθόντα
2865 3310 3126 3389 φονεύσας
3179 3311 3231 3367 ἐν
3282 3311 3328 3384 ᾧ
3367 3312 3490 3387 περὶ
3539 3312 3639 3381 τήν
3681 3311 3834 3381 ζωὴν

2181 3396 2530 3470 ἐκινδύνευεν,
2562 3400 2849 3463 ἀνεύθυνός
2881 3401 3044 3460 ἐστιν.

2249 3489 2376 3546 Ἐὰν
2431 3489 2524 3546 τὸν
2586 3488 2638 3545 ἐν
2691 3490 2840 3546 νυκτὶ
2897 3489 3203 3546 κλέπτοντα
3260 3488 3494 3568 φονεύσῃ
3549 3510 3658 3557 τις,
3705 3489 3837 3545 τότε

2177 3578 2530 3651 ἀτιμώρητος
2579 3578 2752 3652 μένει,
2783 3579 2872 3634 ὅτε
2925 3579 3003 3652 μὴ
3061 3576 3296 3649 ἠδύνατο
3347 3575 3482 3654 δίχα
3537 3581 3634 3634 τοῦ
3685 3575 3835 3633 ἰδίου

2177 3665 2424 3724 κινδύνου
2469 3669 2751 3746 φείσασθαι
2813 3667 3000 3727 αὐτοῦ.
3051 3671 3210 3740 Ζήτει
3258 3669 3346 3724 καὶ
3388 3667 3440 3724 ἐν
3489 3671 3570 3741 τῷ
3610 3670 3652 3723 ε’
3706 3688 3834 3744 κεφ.

2175 3761 2270 3812 τοῦ
2303 3764 2345 3812 Λ
2377 3757 2683 3837 στοιχείου,
2717 3758 2780 3814 τὸ
2811 3759 2891 3813 κθ¹
2919 3779 3042 3836 κεφ.
3071 3763 3172 3814 τοῦ
3204 3764 3242 3814 Γ
3271 3757 3572 3834 στοιχείου.

2247 3851 2312 3903 Ἦ
2344 3844 2401 3902 δὲ
2429 3849 2594 3922 νεαρά
2637 3851 2734 3902 τοῦ
2785 3846 2944 3922 ἁγίου
2995 3849 3340 3924 πατριάρχου
3369 3847 3690 3906 Ἀθανασίου
3737 3846 3830 3901 καὶ

2174 3939 2272 3990 τοῦ
2327 3933 2589 4008 ἀοιδίμου
2646 3935 2918 4011 βασιλέως
2963 3934 3310 4012 Ἀνδρονίκου
3369 3935 3686 4012 διορίζεται,
3718 3937 3828 3990 ,τὸν

2177 4025 2326 4101 φόνῳ
2381 4025 2581 4080 ἀλόντα
2640 4026 2800 4080 αὐτὸν
2860 4025 3020 4099 μόνον
3077 4025 3441 4101 τιμωρεῖσθαι
3497 4027 3633 4081 κατά
3689 4025 3828 4090 τοὺς

2175 4115 2404 4187 νόμους,
2446 4116 2572 4177 τοὺς
2634 4113 2691 4170 δὲ
2738 4114 2934 4178 παῖδας
2991 4114 3158 4172 αύτοῦ
3221 4117 3297 4189 μή
3367 4113 3721 4187 δημεύεσθαι,
3753 4114 3825 4188 τῇ

2181 4203 2464 4282 μιαιφονίᾳ
2518 4205 2596 4276 μὴ
2673 4204 3121 4278 σύμπράξαντας·
3185 4199 3550 4280 μεριζομὲνης
3605 4200 3664 4259 δὲ
3720 4211 3826 4273 τῆς

2176 4292 2344 4348 αὐτοῦ
2373 4293 2686 4367 περιουσίας
2725 4293 2860 4348 κατὰ
2907 4295 2999 4349 τὸν
3046 4293 3278 4368 ἀριθμὸν
3308 4297 3417 4348 τῶν
3450 4293 3663 4348 οἰκείων
3702 4293 3833 4348 παί-

2175 4380 2309 4451 δων,
2338 4381 2598 4454 ἀπονέμει
2661 4381 2786 4456 μίαν
2843 4381 2935 4437 καὶ
2993 4387 3072 4456 τῷ
3116 4383 3422 4459 φονευθέντι
3473 4378 3692 4456 μερίδα,
3734 4383 3828 4437 καὶ

2178 4469 2415 4544 μάλιστα
2469 4471 2515 4526 εἰ
2567 4472 2724 4542 πενίᾳ
2783 4475 2958 4540 συζῶν
3022 4472 3114 4541 ἦν,
3179 4473 3266 4527 καὶ
3317 4469 3404 4526 ἐπὶ
3464 4471 3676 4546 γυναικὶ
3734 4471 3828 4526 καὶ

2177 4561 2360 4616 παισὶν
2419 4558 2666 4630 ἀπῆλθε’
2732 4560 2904 4634 μόνην
2962 4557 3021 4616 δὶ
3073 4563 3174 4630 τήν
3226 4565 3324 4616 τοῦ
3371 4560 3582 4640 φονέως
3631 4558 3830 4634 μερίδα

2175 4648 2655 4726 προσκληροῦσθαι
2685 4654 2763 4722 τῷ
2793 4647 3076 4724 δημοσίῳ.

2246 4739 2349 4794 Καὶ
2383 4739 2411 4794 ὁ
2437 4739 2500 4794 τὸ
2539 4739 2736 4810 νήπιον
2778 4737 3062 4818 φονεύσας,
3094 4739 3342 4815 τιμωρίᾳ
3394 4736 3558 4816 φόνοὺ
3601 4736 3827 4794 ὖπόκει-

2173 4851 2282 4886 ται.

2243 4921 2401 4990 Ζήτει
2431 4917 2640 4982 καὶτὰς
2673 4915 2769 4974 δύο
2812 4919 3004 4992 νεαρὰς
3051 4921 3152 4974 τοῦ
3209 4914 3481 4992 βασιλέως
3531 4923 3827 4972 Κώνσταν-

2169 5011 2318 5066 τίνου
2364 5013 2462 5065 τοῦ
2518 5011 3034 5088 πορφυρογεννήτου
3097 5010 3237 5064 κατά
3315 5009 3414 5079 τὴν
3489 5011 3587 5062 τοῦ
3650 5007 3822 5081 φόνου

2173 5101 2462 5173 ποιότητα,
2518 5098 2811 5180 διαφόρους
2869 5099 2958 5155 καὶ
3019 5100 3113 5161 τὰς
3166 5100 3436 5172 τιμωσὶας
3493 5097 3824 5171 νομοθετού-

2172 5211 2266 5253 σας
2295 5209 2307 5221 ·
2342 5190 2429 5244 καὶ
2488 5189 2637 5250 τίνας
2697 5186 2780 5244 δεῖ
2835 5192 2944 5244 τῶν
3007 5189 3213 5267 φονέων
3257 5187 3694 5265 προσφεύγοντας
3751 5188 3825 5259 τῇ

2169 5276 2436 5350 ἐκκλησίᾳ
2493 5279 2570 5353 μὴ
2635 5273 2946 5351 ἐκϐάλλειν,
3002 5277 3092 5332 καὶ
3149 5277 3298 5340 τίνας
3375 5272 3609 5356 ἀφειδῶς
3683 5273 3828 5330 ἀπο-

2172 5372 2306 5440 σπᾷν
2316 5413 2330 5428 .

2172 5495 2431 5551 ΚΕΦΔΛ.
2473 5495 2552 5549 8‘.
2591 5495 2742 5548 ’Ὂτι
2801 5491 2873 5546 οὗ
2923 5489 3026 5547 δεῖ
3086 5490 3518 5569 φυλακτήρια
3569 5494 3827 5546 ποιεῖν·

2247 5689 2404 5762 Ζήτει
2440 5688 2504 5744 τὸ
2531 5688 2584 5744 α’
2610 5707 2730 5766 κεφ.
2755 5689 2856 5745 τοῦ
2883 5691 2929 5746 Δ
2960 5683 3258 5764 στοιχείου.
