4118 6214
252 344 329 405 189
1205 342 1640 404 SYNTAGMA
1687 341 2312 406 ALPHABETlCUM.
2360 379 2436 388 —
2481 345 2553 403 Χ.

3483 347 3599 406 190

248 482 450 532 ΚΕΦΑΛ,
495 475 548 528 l'.
594 474 746 544 Περί
789 477 912 527 τῶν
962 472 1023 527 ἐν
1075 473 1333 550 φυλακῇ
1384 473 1823 550 κατακρίτων.

2011 477 2166 534 CAP.
2197 477 2260 532 Χ.
2289 477 2361 532 De
2391 477 2664 532 damnatis
2686 479 2779 549 qui
2808 480 2865 533 in
2898 494 3118 535 currere
3137 485 3447 536 servantur.

292 566 420 632 Ζήτει
451 562 500 616 ἐν
531 566 609 631 τῷ
663 563 726 615 ια’
756 559 1033 640 κεφαλαίῳ
1080 567 1177 618 τοῦ
1225 571 1262 618 Τ
1307 565 1584 639 στοιχείου
1635 563 1835 618 κανόνα

241 658 276 730 γ’
302 657 380 707 τοῦ
409 651 624 708 Φωτίου
666 651 1328 724 Κωνσταντινουπόλεως,
1358 655 1450 708 καὶ
1499 654 1562 708 τὸ
1619 655 1680 723 ιζ’
1711 675 1831 732 κεφ.

238 746 310 797 τοῦ
339 749 372 798 Ε
400 741 693 817 στοιχείου.

890 831 1132 902 Νόμος

289 923 383 993 Χρή
421 919 542 982 τοὺς
592 920 864 996 ἄρχοντας
913 919 1049 974 κατὰ
1097 923 1371 994 Κυριακήν
1421 920 1833 978 ἐπισκέπτεσθαι

236 1014 332 1072 τοὺς
372 1010 417 1064 ἐν
467 1009 709 1088 φυλακῇ,
759 1009 848 1064 καὶ
899 1009 1120 1084 ὁρίζειν,
1162 1009 1252 1064 ’ίνα
1300 1011 1689 1087 ιριλανθρώπος
1748 1011 1834 1066 αὐ-

233 1105 322 1159 τοῖς
349 1101 390 1152 οἱ
421 1098 658 1171 φυλάκες
687 1104 960 1175 χρῶνται,
991 1099 1082 1152 καὶ
1112 1101 1316 1177 τροφὰς
1351 1100 1536 1164 αὐτοῖς
1587 1101 1834 1176 ἀπορου-

235 1191 381 1260 μένοις
408 1187 662 1247 ἐπινοεῖν,

579 1302 765 1352 ΑΡΧΗ
805 1303 927 1352 ΤΟΥ
965 1304 1007 1353 Χ
1050 1304 1431 1356 ΣΤΟΙΧΕΙΟΥ.

235 1387 562 1461 ΕΕΦΔᾹηΑᾌ
630 1388 841 1447 Ὅπως
898 1388 960 1440 αἱ
1016 1391 1143 1461 τῶν
1202 1389 1834 1461 χειροτονουμένων

287 1457 904 1534 ἐπισκόπων-ψῆροι
963 1457 1288 1534 γίνονται,
1324 1457 1456 1534 καὶ
1515 1457 1663 1532 περὶ
1715 1467 1830 1530 τῆς

283 1527 619 1603 γενομένης
663 1527 724 1582 ἐν
766 1527 1039 1591 ταύταις
1080 1529 1488 1604 ἀντιλογίας.

282 1634 400 1692 ·οδ’
429 1637 599 1689 κανὼν
653 1642 752 1705 τῆς
787 1638 1011 1709 πρώτης
1059 1634 1288 1691 συνόδου
1338 1639 1472 1691 κατὰ
1521 1637 1674 1713 ῥῆμά
1721 1661 1829 1715 φη-

227 1747 308 1794 σιν,
367 1725 656 1780 ἐπίσκοπον
717 1727 1011 1800 προσήκειν
1073 1724 1310 1798 μάλιστα
1374 1728 1466 1798 μέν
1533 1729 1636 1783 ὑπὸ
1696 1728 1828 1783 πάν-

225 1837 308 1869 των
338 1821 433 1870 τῶν
481 1814 531 1870 ἐν
561 1820 636 1888 τῇ
686 1815 928 1894 ἐπαρχίᾳ
976 1816 1320 1870 καθίστασθαι
1357 1836 1368 1846 ·

222 1906 291 1977 ρές
315 1903 390 1974 εἶή
421 1905 477 1958 τὸ
521 1911 778 1959 τοιοῦτον
811 1906 844 1972 ἧ
900 1903 988 1958 διὰ
1033 1904 1446 1980 κατεπείγουσαν
1492 1906 1758 1979 ἀνάγκην,
1792 1907 1825 1976 ἢ

222 1991 290 2046 διὰ
335 2001 500 2064 μῆκος
547 1991 705 2066 ὁδοῦ,
748 1993 1040 2064 ἐξάπαντος
1091 1999 1236 2067 τρεῖς
1286 1995 1372 2050 ἐπὶ
1420 1995 1481 2049 τὸ
1526 1994 1654 2050 αὐτὸ
1704 2018 1828 2050 συν-

221 2081 505 2156 αγομένους,
547 2084 862 2160 συμψήφων
911 2084 1215 2157 γινομένων
1260 2084 1351 2138 καὶ
1401 2087 1507 2139 τῶν
1557 2083 1827 2156 ἀπόντων,

217 2171 285 2223 καί
317 2170 701 2243 τεν-τιθεμένων
737 2169 823 2225 διὰ
871 2173 1237 2245 γραμμάτιον,
1265 2174 1387 2227 τότε
1429 2175 1528 2241 τήν
1574 2193 1829 2247 χειροτο-

217 2261 309 2311 νίαν
338 2262 605 2314 ποιεῖσθαι
645 2278 658 2291 ⁸
691 2261 753 2314 τὸ
804 2257 860 2314 δέ
892 2265 1054 2333 κῦρος
1083 2265 1190 2314 τῶν
1229 2261 1528 2336 γινομένων
1583 2260 1828 2317 δίδοσθαι

217 2352 307 2401 καθ’
347 2351 566 2419 ἑκάστην
616 2347 888 2424 ἐπαρχίαν
935 2355 1015 2422 τῷ
1075 2350 1481 2425 μητροπολίτῃ.
1543 2353 1829 2424 Ἐπικύροῖ

218 2439 301 2511 γαρ
345 2440 493 2500 οὗτος
541 2439 639 2500 τὰς
697 2441 938 2515 ψήφους,
968 2436 1060 2494 ἕνα
1105 2438 1212 2494 τῶν
1259 2440 1636 2518 ψηφισθέντων
1687 2440 1829 2496 ἐκλε·

219 2526 436 2601 γόμενος,
485 2528 576 2582 καὶ
629 2533 965 2602 χειροτονῶν
1013 2530 1130 2600 μεθ’
1179 2529 1374 2604 ἐτέρων
1423 2527 1518 2584 δύο
1575 2529 1610 2598 ἢ
1659 2535 1826 2604 τριῶν

219 2614 516 2674 ἐπισκόπων.
578 2617 644 2673 Εἰ
710 2613 765 2671 δὲ
819 2620 852 2687 ἡ
929 2622 1027 2672 τοῦ
1107 2617 1525 2691 μητροπολίτου
1592 2620 1828 2694 ἐπαρχία

216 2711 436 2761 τοσοῦτον
489 2707 806 2762 ἐπισκόπων
861 2705 1059 2768 ἐνδεῶς
1116 2703 1261 2782 ἔχοι,
1328 2707 1418 2762 καὶ
1486 2707 1534 2777 ἐξ
1590 2707 1830 2764 ἀλλοδα-

219 2797 302 2861 πῆς
332 2792 770 2869 προσλαμϐάνειν
796 2798 975 2870 χρεὼν
1022 2795 1102 2860 ε’ίς
1135 2819 1191 2852 τε
1218 2799 1314 2860 τὰς
1345 2799 1559 2875 ψήφους
1607 2799 1697 2852 καὶ
1725 2800 1824 2868 τὴν

217 2886 552 2958 χειροτονίαν.

270 2974 474 3034 Τούτοις
507 2973 597 3028 καὶ
653 2975 683 3028 ὁ
719 2975 790 3048 ιγ’
817 2981 918 3042 τῆς
966 2972 1019 3028 ἐν
1063 2973 1366 3048 Καρθαγένῃ
1418 2973 1824 3051 ἐπιψηφίζεται.

216 3061 262 3114 Εἰ
302 3061 350 3117 δέ
395 3084 496 3130 τις,
547 3065 710 3142 φησί,
742 3067 810 3136 τῇ
863 3061 972 3133 ἰδίᾳ
1022 3063 1294 3138 ὁμολογίᾳ
1340 3063 1374 3133 ἢ
1422 3068 1491 3137 τῇ
1538 3065 1830 3142 ὑπογραφῇ

211 3149 537 3216 ἑναντιωθείν,
594 3153 755 3214 αὐτὸς
806 3154 921 3206 καθ’
980 3154 1174 3206 ἑαυτοῦ
1228 3155 1326 3222 τήν
1389 3151 1543 3223 δίκην
1594 3153 1825 3230 ἐκῳέρει,

2014 566 2157 620 Vide
2179 565 2236 620 in
2262 583 2385 638 cap.
2423 567 2510 620 11.
2535 566 2648 621 litt.
2679 568 2724 621 T
2759 584 3038 624 canonem
3069 569 3103 622 3
3135 568 3324 625 Photii
3355 571 3594 642 patriar-

1943 653 2083 710 chae.
2107 655 2758 738 Constantinopolitani,
2789 664 2842 712 et
2876 658 2939 711 17
2969 673 3095 728 cap.
3129 657 3242 714 litt.
3275 659 3338 713 E.

2685 836 2816 891 Lex.

2014 925 2250 996 Oportet
2273 925 2650 995 magistratus
2683 923 2890 980 diebus
2919 923 3236 980 Dominicis
3256 927 3490 982 visitare
3510 927 3591 982 in-

1943 1018 2288 1082 carceratos,
2316 1018 2372 1068 et
2397 1013 2604 1084 jubere
2635 1015 2902 1069 custodes
2934 1014 3264 1070 humaniter
3300 1016 3457 1086 ipsos
3478 1020 3592 1070 trn-

1941 1108 2124 1170 ctare,
2148 1108 2204 1158 et
2233 1119 2438 1159 curare
2470 1109 2534 1158 ut
2563 1103 2751 1158 victus
2775 1103 2846 1158 iis
2878 1103 3272 1175 indigentibus
3304 1105 3588 1161 subminio

1943 1197 2179 1250 stretur.

2296 1300 2448 1358 259
2478 1300 2755 1356 lNlTlUM
2788 1299 3122 1354 LlTTER/E
3157 1301 3224 1354 X.

1942 1389 2095 1444 CAP.
2131 1391 2172 1443 Ι.
2198 1391 2448 1457 Quanam
2485 1392 2699 1446 ratione
2725 1390 3163 1444 ordinandorum
3217 1391 3591 1460 episcoporum

2012 1461 2484 1544 ﬁantelectioncs,
2519 1469 2570 1517 et
2599 1461 2664 1518 de
2697 1463 2880 1516 litibus
2909 1476 3035 1533 qua,o
3085 1464 3239 1517 circa
3295 1463 3421 1517 illo:
3461 1462 3593 1517 obo-

2013 1543 2258 1588 rtunlur.

2011 1640 2252 1695 Concilii
2283 1641 2451 1711 primi
2505 1657 2687 1696 canon
2741 1645 2985 1712 quartus
3027 1641 3244 1696 diserte
3282 1641 3591 1712 dicit,epi-

1939 1745 2176 1801 scapum
2208 1735 2471 1800 Oportere
2504 1731 2753 1787 maxime
2785 1731 3012 1802 quidem
3041 1731 3113 1784 ab
3173 1730 3448 1786 omnibus
3491 1731 3586 1801 qui

1423 1817 1468 1870 εἰ
1519 1815 1577 1872 δὲ
1627 1815 1827 1893 δυσχε-

1952 1824 2078 1874 sunt
2107 1819 2164 1874 in
2192 1820 2488 1891 provincia
2533 1819 2844 1875 constitui:
2875 1819 2922 1876 si
2955 1823 3149 1875 autem
3195 1820 3304 1875 hoc
3352 1819 3590 1876 difficile

1939 1908 2034 1975 sit,
2059 1910 2144 1964 vel
2180 1918 2414 1981 propter
2445 1914 2746 1981 urgentem
2781 1910 3212 1977 necessitatem,
3247 1911 3330 1967 vel
3358 1919 3590 1982 prOpter

1939 1998 2042 2052 vias
2072 1997 2523 2070 longitudinem,
2559 2003 2676 2054 tres
2706 2000 2946 2054 omnino
2977 2000 3249 2054 eumdem
3293 2000 3353 2054 in
3394 1999 3586 2054 locum

1939 2091 2340 2160 congregatos,
2374 2088 2720 2144 absentibus
2751 2105 2981 2159 quoque
3011 2088 3362 2159 suffragium
3406 2089 3602 2144 feren-

1941 2175 2116 2244 tibus,
2151 2177 2498 2249 scriptisque
2519 2177 2986 2243 assentientibus,
3011 2181 3153 2232 tunc
3172 2177 3595 2234 ordinationem

1942 2266 2126 2320 facere
2159 2281 2172 2318 :
2207 2281 2407 2320 eorum
2433 2270 2627 2321 autem
2649 2282 2772 2335 quae
2805 2277 3058 2338 aguntur
3087 2267 3590 2322 confirmationem

1939 2353 2002 2408 in
2060 2369 2406 2426 unaquaque
2464 2354 2761 2426 provincia
2845 2373 2877 2409 a
2947 2356 3392 2424 metropolitano
3445 2357 3590 2410 fieri.

1941 2443 2260 2498 Confirmat
2299 2443 2456 2498 enim
2514 2442 2622 2498 iste
2667 2443 2964 2514 suffragia,
2999 2444 3252 2512 seligens
3297 2460 3366 2499 ex
3396 2443 3592 2500 electis

1942 2532 2216 2603 aliquem,
2278 2548 2528 2605 eumque
2584 2549 2715 2588 cum
2777 2534 3005 2590 duobus
3061 2533 3193 2590 aliis
3250 2539 3352 2590 aut
3409 2535 3592 2591 tribus

1941 2620 2232 2692 episcopis
2280 2637 2652 2682 consecrans.
2703 2622 3120 2678 Verumtamen
3189 2623 3240 2678 si
3298 2625 3593 2695 provincia

1940 2709 2370 2780 metropolitani
2419 2709 2824 2782 episcoporum
2886 2712 3128 2783 penuria
3171 2711 3415 2781 laboret,
3445 2729 3592 2785 cpus

1939 2808 2026 2855 est
2054 2800 2224 2855 etiam
2259 2816 2326 2855 ex
2384 2799 2577 2856 aliena
2633 2801 2892 2872 accipere
2946 2805 3065 2856 tam
3119 2802 3189 2857 ad
3249 2800 3590 2857 electionem

1940 2904 2115 2959 quam
2140 2888 2570 2944 ordinationem
2604 2889 2986 2960 peragendae.

2006 2978 2136 3034 Haec
2166 2980 2343 3034 etiam
2377 2978 2718 3050 comprobat
2757 2995 2893 3034 can.
2924 2979 2988 3034 13
3049 2979 3287 3034 concilii
3337 2980 3576 3036 Cartb-t-

1939 3067 2222 3138 ginensis.
2269 3067 2327 3123 Si
2392 3067 2544 3138 quis,
2568 3067 2780 3138 inquit,
2809 3067 3101 3138 propriam
3160 3067 3585 3123 confessionem

1937 3157 2023 3212 vel
2055 3156 2547 3228 subscriptionem
2578 3162 2780 3212 contra
2823 3156 3036 3226 fecerit,
3071 3157 3348 3211 adversus
3377 3164 3586 3213 semet-

213 3242 536 3313 στερούμενος
583 3245 687 3306 τῆς
741 3238 878 3303 ἰδίας
928 3249 1118 3314 τιμῆς.
1172 3242 1446 3297 Δείκνυται
1508 3241 1564 3298 δὲ
1623 3243 1682 3298 ἐκ
1718 3249 1824 3298 τῶν

1952 3262 2134 3317 psum
2176 3245 2469 3316 judicium
2525 3246 2649 3312 fert,
2683 3261 2815 3301 cum
2877 3245 3094 3301 honore
3152 3262 3258 3301 suo
3308 3245 3584 3315 privatur.

213 3331 441 3400 κανόνων,
485 3333 562 3403 μή
616 3332 859 3403 νόμιμον
907 3332 1039 3386 εἶναι
1096 3331 1187 3385 τὸν
1246 3331 1665 3407 μητροπολίτην
1709 3338 1826 3396 ταῖς

215 3421 389 3495 ψήφοις
420 3425 528 3475 τῶν
572 3421 666 3475 ὑπ’
711 3419 872 3474 αὐτὸν
919 3420 1221 3495 ἀρχιερέων
1273 3427 1651 3496 συμπαρεῖναι,
1685 3423 1831 3479 ἀλλᾶ

216 3508 388 3578 μόνουε
417 3509 546 3572 τοὺς
581 3508 940 3572 ἐπισκόπους.

271 3600 324 3654 Ὁ
351 3597 405 3652 δὲ
451 3607 551 3668 τῆς
585 3598 642 3654 ἐν
691 3597 983 3670 Λαοδικείᾳ
1032 3599 1069 3653 ε’
1111 3601 1288 3653 κανὼν
1337 3601 1414 3672 μὴ
1463 3600 1649 3672 ἐξεῖναί
1698 3624 1830 3680 φησι

211 3691 274 3755 τῷ
305 3687 625 3761 βουλομένῳ
658 3689 815 3743 παντί
848 3692 916 3761 τῇ
947 3689 1110 3762 ψήρῳ
1137 3695 1234 3742 τοῦ
1287 3687 1590 3760 μέλλοντος
1635 3711 1830 3766 χειρο-

215 3780 452 3832 τονεῖσθαι
511 3783 819 3851 παρεῖναι·
878 3779 1196 3851 ἐγκλήματα
1248 3781 1348 3854 γὰρ
1406 3779 1515 3833 ἔσθ’
1564 3781 1651 3836 ὅτε
1701 3783 1836 3836 κατὰ

213 3886 345 3920 τινων
375 3867 423 3922 ἐν
455 3874 538 3938 τῷ
587 3867 742 3938 μέσῳ
778 3864 1061 3939 συμϐαίνει
1108 3872 1388 3936 κινεῖσθαι,
1422 3870 1511 3923 καὶ
1560 3878 1659 3938 τῆς
1711 3891 1836 3944 χει-

215 3959 427 4026 ροτονίας
473 3958 614 4019 ἴσως
669 3958 863 4020 αὐτοὺς
907 3958 1235 4036 ἀπείργοντα
1267 3979 1282 3992 ο
1333 3961 1418 4014 καὶ
1469 3960 1513 4014 εἰ
1563 3962 1637 4032 μή
1689 3962 1836 4016 ἀνέκ-

212 4068 327 4122 popa
363 4056 476 4110 τοῖς
528 4047 774 4109 πολλοῖς
820 4048 908 4118 ε’ίη
956 4053 1146 4120 ταῦτα,
1196 4050 1352 4111 αὐτὸς
1412 4051 1505 4122 μὶν
1570 4051 1835 4125 αἰσχύνην

215 4135 372 4198 αὐτοῖς
398 4138 636 4215 ὀφλήσει
689 4139 774 4192 καὶ
809 4141 1045 4214 γέλωτα,
1074 4141 1161 4193 καὶ
1214 4141 1326 4212 ἅμα
1373 4143 1658 4214 προτροπή
1699 4143 1836 4216 πρὸς

213 4229 373 4280 κακίαν
427 4227 621 4289 αὐτοῖς
682 4231 850 4282 τοῦτο
906 4229 1189 4301 γενήσεται
1226 4247 1238 4260 ’
1304 4226 1836 4306 βλασφημηθήσεται

212 4311 334 4369 δὲτὸ
362 4322 517 4370 Θεῖον
549 4315 692 4391 πρός
726 4322 834 4372 τῶν
869 4318 944 4388 μή
997 4315 1183 4379 καλῶς
1225 4315 1591 4392 ἓνιδρυμένων
1626 4321 1694 4393 τῇ
1745 4320 1836 4374 πίο

215 4421 324 4474 πει,
378 4404 562 4479 ὥσπερ
627 4402 728 4478 ἄρα
789 4401 876 4458 διὰ
927 4407 1034 4459 τῶν
1093 4407 1288 4480 ἀρετῆς
1357 4405 1841 4479 μεταποιούμένων

213 4491 460 4564 δοξάζεται
470 4540 482 4552 .

267 4583 330 4637 Τὰ
357 4585 489 4638 αὐτὰ
521 4584 616 4638 καὶ
657 4585 685 4638 ὁ
733 4590 832 4653 τῆς
864 4583 917 4638 ἐν
964 4583 1273 4659 ’Δντιοχείᾳ
1315 4587 1380 4639 ιθ’
1428 4586 1604 4639 κανὼν
1656 4583 1828 4660 διορί-
1866 4597 1908 4662 D

216 4676 354 4742 ζεται,
402 4679 656 4746 παρεῖναι
708 4670 818 4727 δεῖν
876 4674 1306 4749 προηγουμένως
1359 4673 1530 4748 λέγων
1576 4674 1666 4728 τὸν
1719 4696 1835 4747 μη-

214 4762 524 4833 τροπολίτην
578 4768 682 4833 τῇς
729 4761 995 4838 ἐπαρχίας
1044 4767 1111 4836 τῇ
1162 4765 1333 4840 ψήφῳ
1377 4767 1472 4817 τοῦ
1525 4763 1830 4836 μέλλοντος

215 4853 646 4924 χειροτονεῖσθαι,
699 4851 828 4929 οὐχί
883 4855 963 4922 τῷ
1020 4858 1382 4924 συμπαρεῖναι
1439 4858 1554 4916 τοῖς
1615 4850 1833 4908 ἐπισκό-

217 4959 338 5001 ποις,
395 4941 541 4997 ἀλλὰ
603 4946 682 5013 τῷ
739 4940 1045 5014 ἐπιτρέπειν
1077 4957 1091 4972 ⁸
1155 4941 1332 5015 χωρὶς
1379 4943 1479 5016 γὰρ
1523 4949 1621 5012 τῆς
1671 4941 1834 4998 αὐτοῦ

217 5027 483 5104 ἐπιτροπῆς
546 5034 760 5106 ψήρους
813 5033 1056 5107 γενέσθαι
1113 5027 1394 5088 ἂδύνατον.
1447 5033 1578 5088 Εἶτα
1634 5033 1832 5094 πάντας

219 5119 319 5180 τους
374 5125 468 5190 τῆς
524 5121 697 5190 αὐτῆς
754 5121 1021 5195 ἐπαρχίας
1084 5121 1412 5183 ἐπισκόπους
1461 5122 1834 5194 μετακλητους

215 5212 587 5284 γεγενημένους
633 5208 704 5264 δι’
753 5209 1057 5266 ἐπιστολῶν
1100 5216 1198 5264 τοῦ
1253 5210 1688 5283 μητροπολίτου.
1734 5213 1832 5266 Καὶ

219 5297 408 5369 βέλτιον
459 5303 555 5374 μὲν
611 5300 737 5363 τοὺς
797 5301 1000 5363 πάντας
1050 5303 1308 5356 συνιέναι.
1361 5299 1418 5355 Εἰ
1477 5299 1533 5356 δὲ
1582 5299 1832 5376 δισχερὲς

215 5385 284 5456 εἴη
328 5394 511 5460 τοῦτο,
560 5390 688 5452 τοὺς
747 5395 880 5466 γοῦν
938 5389 1161 5452 πλείους
1220 5394 1467 5463 παρεῖναι
1523 5389 1649 5446 δεῖ·
1705 5392 1832 5453 τοὺς

215 5476 376 5544 μέντοι
424 5477 495 5533 δι’
545 5479 840 5556 ἀναγκαίας
898 5480 1071 5542 αἰτίας
1136 5483 1211 5552 μὴ
1262 5481 1691 5550 ἀπαντήσαντας,
1744 5480 1832 5536 διὰ

209 5569 533 5639 γραμμάτων
614 5574 727 5629 τοῖς
811 5569 1213 5642 πεπραγμένοις
1301 5567 1672 5645 ἐπιψηφίζειν,
1739 5570 1827 5624 καὶ

213 5654 340 5709 οὕτω
366 5658 604 5732 γίνεσθαι
633 5660 734 5727 τήν
782 5656 876 5724 τῆς
905 5659 1096 5736 ψήφου
1139 5658 1457 5712 κατάστασιν
1488 5676 1501 5690 °
1547 5656 1607 5713 ἃν
1652 5658 1709 5715 δὲ
1750 5662 1826 5732 μὴ

1937 3335 2272 3391 Ostenditur
2330 3339 2524 3390 autem
2579 3349 2649 3390 ex
2714 3335 3056 3402 canouibus,
3108 3335 3252 3390 haut
3307 3335 3478 3390 licere
3527 3339 3590 3390 ut

1940 3424 2424 3496 metropolitanus
2484 3424 2858 3480 electionibus
2889 3423 3450 3496 archiepiscOporum
3477 3425 3586 3480 sibi

1940 3514 2339 3584 subjectorum
2373 3513 2621 3579 intersit,
2655 3514 2754 3569 sed
2779 3513 3033 3585 episcopi
3065 3514 3191 3570 soli.

2012 3604 2206 3659 Canon
2247 3617 2374 3657 vero
2419 3603 2662 3673 quintus
2707 3603 2911 3674 synodi
2979 3603 3312 3658 Laodiceam
3368 3619 3480 3659 non
3520 3602 3585 3657 1i-

1941 3707 2070 3748 cere
2098 3692 2286 3762 inquit
2313 3692 2495 3747 cuivis
2525 3691 2734 3747 volenti
2767 3691 3030 3747 electioni
3078 3692 3382 3747 ordinandi
3413 3693 3582 3748 ades-

1941 3796 2004 3836 se
2039 3797 2051 3834 :
2086 3780 2370 3850 contingit
2397 3781 2553 3834 enim
2586 3796 3008 3850 nonnunquam
3037 3785 3100 3834 ut
3142 3781 3580 3835 criminationes

1943 3871 2218 3925 adversus
2248 3869 2544 3940 aliquosin
2572 3870 2829 3924 medium
2863 3869 3244 3937 proferantur,
3264 3887 3389 3940 qua:
3419 3870 3581 3940 ipsos

1946 3960 2091 4014 forte
2147 3959 2219 4015 ab
2277 3959 2642 4014 ordinationo
2691 3959 2998 4029 prohibere
3047 3959 3279 4024 debent,
3339 3960 3481 4014 adeo
3525 3968 3588 4012 ut

1946 4049 2059 4103 nisi
2083 4065 2149 4103 ea
2179 4048 2404 4118 plebem
2429 4048 2659 4107 lateant.
2695 4047 2815 4116 ipse
2845 4047 3256 4103 contumeliam
3291 4049 3592 4119 risumque

1947 4139 2096 4209 apud
2131 4137 2230 4192 illo
2265 4137 2540 4202 movebit,
2565 4141 2737 4208 atque
2774 4137 2894 4192 haec
2951 4153 3041 4192 res
3111 4137 3208 4192 fiet
3254 4137 3596 4193 incitamen-

1946 4231 2071 4283 tum
2142 4225 2430 4282 malorum
2475 4241 2489 4292 ;
2540 4229 2714 4297 atque
2776 4244 2804 4280 a
2856 4243 2968 4282 non
3022 4227 3166 4282 bene
3227 4227 3472 4281 firmatis
3530 4227 3585 4281 in

1949 4317 2060 4373 fide
2079 4315 2586 4385 blasphemabitur
2617 4331 2826 4371 nomen
2861 4316 2984 4384 Dei,
3016 4317 3168 4372 sicut
3209 4331 3307 4386 per
3362 4331 3457 4370 eos
3486 4317 3588 4386 qui

1947 4406 2269 4462 secundum
2300 4405 2572 4461 virtutem
2604 4405 2825 4473 vivunt,
2854 4405 3226 4478 glorificatur.

2025 4589 2232 4645 Eadem
2255 4593 2343 4645 est
2389 4604 2572 4644 canon
2608 4589 2674 4642 19
2704 4587 2929 4644 concilii
2972 4587 3311 4643 Antiocheni
3369 4586 3588 4642 constio

1943 4677 2092 4745 tuit;
2125 4679 2410 4750 precipue
2467 4680 2667 4734 adesse
2725 4680 2996 4748 oportere
3043 4676 3244 4732 dicens
3310 4681 3590 4746 metropo-

1945 4767 2185 4824 litanum
2247 4767 2555 4840 provinciae
2623 4766 2890 4822 electioni
2940 4765 3198 4838 episcopi
3256 4763 3590 4830 ordinandi,

1945 4873 2059 4913 non
2091 4857 2327 4928 quidem
2362 4857 2430 4911 ad
2456 4856 2895 4928 suﬂragandum
2940 4872 3058 4911 una
3087 4871 3220 4910 cum
3272 4853 3584 4926 episcopis,

1944 4948 2040 5002 sed
2103 4947 2170 5001 ad
2223 4946 2637 5001 moderandum
2696 4962 2709 5000 :
2768 4946 2894 5000 sine
2934 4945 3102 5014 cujus
3179 4943 3588 5010 permissione-

1941 5034 2249 5092 electiones
2283 5035 2402 5090 fieri
2444 5041 2752 5106 nequeant.
2783 5035 2931 5090 Tum
2990 5049 3182 5089 omnes
3230 5031 3415 5105 ipsius
3463 5045 3589 5101 pro-

1942 5125 2140 5182 vincia;
2153 5125 2454 5195 episcopos
2473 5124 2687 5180 litteris
2722 5123 3150 5195 metrOpolitani
3172 5125 3588 5184 convocantur,

1942 5219 1998 5269 et
2028 5214 2258 5285 quidem
2305 5213 2511 5269 melius
2577 5216 2666 5268 est
2722 5213 2768 5266 si
2812 5229 3016 5268 omnes
3068 5210 3438 5267 conveniunt.
3486 5209 3586 5263 Sin

1940 5319 2074 5357 vero
2108 5303 2212 5357 hoc
2243 5302 2479 5357 difficile
2513 5302 2702 5365 fuerit,
2736 5301 2930 5371 plures
2956 5306 3149 5357 tamen
3187 5301 3389 5354 adesse
3419 5313 3587 5368 opus,

1939 5392 2023 5446 vel
2068 5391 2304 5446 demum
2364 5391 2466 5445 hos
2509 5391 2609 5462 qui
2656 5391 2727 5446 ob
2795 5406 3004 5446 causas
3053 5387 3407 5444 necessarias
3465 5403 3582 5442 non

1941 5480 2173 5545 adeunt,
2209 5497 2308 5551 per
2354 5480 2573 5535 litteras
2620 5479 2704 5535 eis
2760 5497 2890 5552 quae
2931 5482 3151 5536 decrela
3190 5483 3326 5533 sunt
3371 5491 3582 5532 assen-

1938 5570 2068 5637 tire,
2101 5574 2160 5626 et
2189 5570 2273 5626 sic
2298 5570 2494 5638 perﬁci
2516 5568 2855 5626 electionem
2891 5587 2903 5626 :
2937 5571 3028 5625 sin
3063 5584 3193 5625 vero
3242 5583 3410 5624 secus
3454 5566 3577 5637 fiat,

1940 5659 2162 5716 nullam
2192 5659 2362 5730 plane
2393 5675 2518 5713 esse
2552 5659 2995 5714 ordinationem.
3021 5657 3192 5729 Atqui
3213 5657 3260 5714 si
3281 5657 3579 5728 canonice,
