4118 6214
432 372 544 433 191

1728 380 2099 443 ΜΑΤΤΗΕΙ
2143 378 2579 443 BLASTARIS

3719 386 3837 445 192

438 515 502 565 ut
522 509 794 576 diximus,
818 526 909 565 res
942 514 1273 583 peragatur,
1295 517 1352 569 et
1382 517 1647 572 nonnulli
1675 517 2071 589 episcoporum

2196 513 2337 569 οὕτω
2379 514 2625 591 γένηται,
2671 513 2968 589 ἀνίσχυρον
3019 516 3149 569 εἶναι
3200 517 3299 585 τήν
3346 522 3712 593 χειροτονίαν.
3766 522 3832 579 Εἴ

438 597 586 655 forte
615 615 683 654 ex
695 598 1090 655 contentionis
1103 602 1293 656 studio
1309 604 2077 673 contradicant,neinhibea-

437 691 528 743 tur
558 687 783 758 electio,
804 703 1008 743 verum
1026 689 1298 763 suffragia
1337 694 1578 764 majoris
1602 695 1782 767 partis
1814 694 2069 753 valeant.

517 962 804 1015 Caeterum
861 977 1047 1019 canon
1097 962 1167 1016 49
1208 962 1435 1018 concilii
1483 965 1978 1037 Carthaginensis.
2011 966 2073 1020 Si

431 1056 503 1111 de
542 1054 811 1125 episcopo
843 1052 1013 1108 etiam
1048 1070 1081 1107 a
1127 1053 1315 1108 tribus
1371 1054 1661 1126 episcopis
1710 1055 1911 1123 electo,
1944 1072 2077 1111 con-

434 1142 716 1201 troversia
746 1140 940 1212 aliqua
969 1142 1341 1209 oboriatur,a
1384 1143 1739 1214 quibusdam
1786 1161 1849 1199 ex
1908 1144 2075 1216 plebe

432 1249 643 1289 causas
676 1248 790 1287 non
814 1230 956 1286 satis
982 1232 1318 1286 manifestas
1352 1231 1725 1289 efferentibus
1762 1237 2073 1300 commota,

432 1337 672 1377 numero
720 1319 896 1376 trium
957 1320 1362 1390 episcoporum
1430 1320 1574 1377 alios
1637 1322 1784 1378 duos
1828 1322 2076 1393 adjicere

427 1415 674 1484 Oportet,
690 1417 752 1465 ut
783 1425 988 1465 omnes
1009 1408 1182 1465 simul
1205 1411 1531 1466 examinent
1561 1427 1626 1467 ea
1650 1427 1772 1484 qua:
1794 1412 2076 1469 adversus

425 1502 673 1557 electum
696 1498 1079 1570 obiiciuntur,
1100 1502 1158 1555 et
1186 1500 1374 1569 ipsum
1415 1505 1684 1571 purgent.

498 1589 652 1645 200
709 1589 908 1653 Quare
957 1591 1133 1644 etiam
1191 1588 1249 1643 in
1299 1604 1427 1660 cap.
1475 1589 1533 1642 11
1585 1588 1696 1645 litt.
1755 1592 1800 1644 E
1859 1592 2069 1647 canon.‘

432 1680 630 1750 prima:
662 1692 790 1748 syn.
823 1679 1073 1746 sextum,
1105 1680 1159 1731 et
1188 1676 1259 1731 28
1279 1676 1483 1749 synodi
1516 1685 1752 1749 quarm.

503 1765 739 1823 Novella
792 1770 986 1821 autem
1028 1765 1346 1820 Justiniani
1398 1767 1498 1821 137
1522 1784 1554 1820 a
1584 1766 1768 1821 tribus
1815 1767 2072 1838 personis

2184 601 2243 659 δὲ
2271 607 2593 674 κανονικῶς,
2635 604 2710 664 ὡς
2761 603 3082 678 εἰρήκαμεν,
3113 604 3181 658 τά
3226 606 3327 660 τού
3375 607 3696 684 πράγματος
3745 632 3833 665 τε-

2181 691 2421 762 λεσθείη,
2473 688 2607 747 ἔνιοι
2670 689 2731 746 δὲ
2781 695 2888 746 τῶν
2941 690 3254 747 ἐπισκόπων
3305 692 3446 756 *ἴσως
3499 693 3829 773 ἀντιλέγοιεν

2183 781 2533 859 φιλονείκως,
2569 783 2647 853 μὴ
2696 782 2764 835 τά
2805 787 2905 850 τῆς
2951 783 3136 860 ψήφου
3187 781 3588 857 ἐμποδιζέσθω,
3622 785 3747 843 ἀλλ’
3793 790 3829 858 ἡ

2180 876 2290 926 τῶν
2323 868 2595 926 πλειόνων
2625 872 2806 949 ψῆφος
2836 870 3118 943 κρατείτω.

2257 964 2314 1013 '0
2345 959 2402 1015 δὲ
2451 963 2535 1032 μθ¹
2581 966 2681 1028 τῆς
2727 958 2779 1014 ἐν
2826 960 3165 1035 Καρθαγένῃ,
3196 965 3302 1016 Τοῦ
3351 962 3671 1034 ἐπισκόπου,
3721 987 3829 1043 φη-

2185 1047 2288 1117 σὶν,
2318 1046 2678 1122 ἐκλεγομένου
2718 1048 2866 1121 παρᾶ
2911 1053 3079 1122 τριῶν
3113 1048 3450 1117 ἐπισκόπων,
3482 1052 3572 1107 ἐὰν
3617 1053 3828 1130 ἀναφυῇ

2181 1157 2265 1199 τις
2312 1137 2373 1191 ἐκ
2416 1142 2526 1191 τῶν
2572 1142 2670 1191 τοῦ
2713 1134 2897 1209 δήμου
2942 1135 3248 1213 ἀντιλογία,
3278 1139 3378 1194 οὐκ
3425 1139 3633 1217 εὐαγεῖς
3685 1142 3833 1197 εἷσα-

2183 1226 2391 1300 γόντων
2450 1230 2608 1280 τινῶν
2667 1226 2869 1293 αἲτίας,
2926 1223 3008 1280 δεῖ
3062 1230 3425 1300 προστεθῆναι
3477 1235 3556 1302 τῷ
3612 1232 3830 1305 ἀριθμῷ

2181 1320 2291 1370 τῶν
2321 1319 2486 1390 τριῶν
2519 1315 2609 1369 καὶ
2640 1315 2862 1387 ἑτέρους
2892 1313 3012 1384 δύο,
3044 1314 3181 1371 ὥστε
3230 1318 3371 1390 ὁμοῦ
3402 1320 3604 1381 πάντας
3653 1320 3833 1391 ἐξετά-

2184 1404 2366 1459 σαιτά
2394 1404 2532 1460 κατά
2568 1408 2663 1460 τοῦ
2702 1405 3081 1482 ψηφιζομένου
3133 1406 3423 1483 λεγόμενα,
3455 1409 3544 1464 καὶ
3594 1411 3834 1483 καθαρὸν

2183 1493 2345 1548 αὐτὸν
2378 1493 2681 1572 ἀποφῆναι,

2256 1584 2414 1652 Ζήτει
2445 1582 2534 1636 καὶ
2565 1580 2617 1636 ἐν
2644 1586 2723 1654 τῷ
2755 1585 2826 1636 ια’
2854 1603 2972 1660 κεφ.
3005 1586 3103 1638 τοῦ
3136 1589 3174 1638 Ε
3200 1604 3382 1660 στοιχ.
3415 1586 3610 1642 κανόνα
3643 1589 3686 1652 ς’
3729 1595 3831 1658 τῆς

2183 1673 2230 1725 α’
2258 1668 2507 1741 συνόδου,
2539 1672 2629 1725 καὶ
2658 1673 2745 1742 κη’
2772 1678 2872 1741 τῆς
2903 1672 3165 1747 τετάρτης
3197 1672 3447 1733 συνόδου.

2257 1764 2319 1815 Ἦ
2352 1757 2410 1814 δὲ
2440 1759 2556 1834 ρλζ¹
2605 1761 3032 1824 Ἰουστινιάνειος
3081 1764 3241 1836 νεαρά
3283 1763 3373 1817 ἐπὶ
3423 1767 3564 1835 τρισὶ
3620 1770 3833 1839 προσώο

432 1855 773 1912 electionem
834 1854 1238 1926 episcoporum
1305 1854 1428 1909 ﬁeri
1490 1855 1680 1925 jubet,
1720 1853 1985 1911 videlicet
2042 1872 2071 1912 a

2189 1870 2309 1911 ποις
2369 1850 2430 1904 τὸ
2487 1852 2743 1928 ψήφισμα
2799 1850 3040 1927 γίνεσθαι
3091 1857 3200 1907 τῶν
3260 1852 3568 1909 ἐπισκόπων
3623 1856 3833 1911 κελεύει

435 1944 683 2011 clericis,
714 1952 768 1999 et
820 1960 852 1997 a
910 1942 1265 2013 primoribus
1323 1942 1595 2010 civilatis,
1626 1943 1717 1999 cui
1776 1942 2080 2015 eligendus

427 2039 517 2090 est
564 2033 896 2105 episcOpus,
922 2031 1181 2104 quolibet
1215 2031 1423 2087 borum
1468 2049 1644 2102 super
1681 2038 2081 2090 sacro-sancta

426 2121 740 2195 Evangelia
763 2121 871 2177 hoc
885 2121 1204 2192 juramenti
1239 2125 1567 2192 praestante,
1608 2138 1793 2193 neque
1836 2139 1935 2194 per
1965 2123 2075 2179 da-

426 2216 548 2268 tam
580 2214 684 2266 aut
732 2208 1078 2282 promissam
1139 2209 1464 2278 pecuniam,
1498 2226 1681 2281 neque
1735 2211 2074 2282 amicitiam,

428 2316 617 2372 neque
644 2299 913 2371 gratiam,
939 2301 1042 2353 aut
1071 2298 1241 2353 aliam
1277 2313 1688 2370 quamcunque
1718 2298 2078 2356 affectionem

431 2390 612 2445 istum
645 2389 874 2460 eligere,
890 2389 985 2443 sed
1006 2386 1257 2443 scientes
1287 2387 1480 2458 ipsum
1514 2403 1638 2443 esse
1670 2387 2077 2455 orthodoxam,

435 2482 495 2534 et
541 2477 801 2533 honestae
874 2477 1024 2544 vitae,
1060 2480 1115 2531 et
1174 2475 1388 2531 habere
1431 2492 1689 2544 uxorem,
1739 2481 1795 2532 et
1841 2476 2077 2548 quidem

432 2567 685 2636 unicam,
720 2581 909 2637 neque
960 2566 1189 2621 viduam
1258 2564 1344 2620 vel
1390 2565 1772 2636 repudiatam,
1823 2567 1922 2621 sed
1974 2582 2079 2621 nec

426 2658 815 2714 concubinam
849 2655 1041 2723 alere;
1086 2660 1142 2712 et
1170 2671 1237 2711 ex
1270 2655 1460 2711 tribus
1493 2654 1692 2711 electis
1748 2656 2075 2727 digniorem

426 2746 683 2803 ordinari
728 2747 901 2817 juxta
956 2744 1292 2800 electionem
1357 2752 1412 2799 et
1494 2744 1844 2800 sententiam
1917 2744 2078 2800 ordi-

428 2836 643 2892 nantis.
690 2836 775 2890 Ita
831 2834 1004 2889 vitam
1061 2834 1359 2889 instituere
1408 2833 1575 2905 jubet
1629 2833 1807 2889 etiam
1877 2848 2076 2890 omnes

426 2924 688 2990 clericos,
719 2924 820 2997 qui
852 2923 1221 2978 ordinantur.
1256 2923 1369 2978 Sed
1401 2924 1593 2978 tamen
1641 2923 1898 2978 maxime
1940 2939 2076 2995 pars

428 3014 639 3070 horum
687 3014 908 3069 rituum
967 3015 1109 3067 sunt
1161 3014 1363 3083 praeter
1414 3027 1607 3067 sacros
1655 3028 1927 3080 canones,
1974 3012 2072 3083 qui

429 3118 612 3172 neque
675 3100 1064 3157 necessarium
1130 3100 1400 3171 judicent
1473 3116 1649 3170 super
1703 3107 2075 3156 sacrosancta

429 3189 737 3262 Evangelia
767 3190 992 3261 jurare,
1016 3204 1200 3259 neque
1245 3187 1557 3245 electiones
1607 3189 1732 3243 ﬁeri
1771 3206 1805 3244 a
1850 3188 2074 3246 clericis

2188 1939 2334 2015 παρά
2388 1960 2445 1993 τε
2500 1944 2608 1993 τῶν
2663 1940 2946 2013 κληρικῶν
3005 1942 3094 1996 καὶ
3151 1946 3261 1996 τῶν
3315 1949 3416 2012 τῆς
3495 1944 3709 2006 πόλεως
3766 1948 3834 2000 τὰ

2187 2033 2377 2101 πρῶτα
2452 2030 2745 2103 φερόντων,
2803 2029 2885 2103 ἐφ’
3051 2030 3343 2104 ψηφίζεται
3413 2034 3442 2087 ὁ
3514 2032 3828 2103 ἐπίσκοπος,

2187 2118 2412 2173 ἑκάστου
2460 2118 2668 2171 τούτων
2728 2119 2864 2172 κατά
2917 2122 3024 2173 τῶν
3077 2120 3235 2174 θείων
3285 2119 3677 2195 ἐπομνυμένων
3726 2124 3833 2178 Εὐ-

2186 2205 2484 2283 αγγελίων,
2524 2208 2663 2279 μήτε
2693 2206 2840 2262 δόσει
2867 2207 3118 2281 χρυσίου,
3150 2208 3186 2275 ἢ
3223 2209 3540 2287 ὑποσχέσει,
3574 2211 3607 2280 ἢ
3650 2210 3830 2288 φιλίᾳ,

2186 2296 2221 2364 ἢ
2255 2296 2464 2370 χάριτι,
2565 2294 2711 2370 ἄλλῃ
2743 2295 2846 2350 τινὶ
2877 2297 3217 2372 προσπαθείᾳ
3252 2302 3446 2354 τοῦτον
3492 2298 3828 2376 ἐκλέγεσθαι,

2188 2382 2315 2441 ἀλλ’
2346 2382 2547 2446 εἰδότες
2576 2390 2647 2458 τῇ
2695 2405 2753 2439 τε
2781 2386 2957 2440 πίστει
2989 2387 3151 2460 ὀρθὸν
3192 2385 3283 2441 καὶ
3312 2392 3391 2460 τῷ
3443 2387 3551 2461 βίῳ
3581 2388 3777 2461 σεμνόν
3812 2409 3827 2423 ο

2184 2473 2275 2526 καὶ
2306 2473 2351 2527 εἰ
2395 2470 2523 2547 ἔσχε
2564 2475 2829 2548 γαμετὴν,
2861 2474 2950 2529 καὶ
3000 2475 3173 2544 αὐτὴν
3225 2475 3374 2547 μίαν,
3402 2477 3494 2531 καὶ
3543 2475 3669 2533 οὔτε
3719 2480 3827 2553 χή-

2188 2580 2283 2635 ραν
2314 2560 2348 2629 ἢ
2380 2556 2834 2635 ’ἐκϐεϐλημένηη
2861 2561 2992 2617 ἀλλ’
3034 2560 3160 2618 οῦδὲ
3200 2562 3493 2635 παλλακὴν
3541 2564 3832 2640 ἐκτήσατο,

2185 2648 2276 2704 καὶ
2322 2648 2380 2704 ἐκ
2424 2654 2533 2705 τῶν
2583 2649 2974 2730 ψηφιζομένων
3028 2657 3194 2727 τριῶν
3242 2652 3335 2707 τὸν
3396 2653 3654 2727 βελτίονα
3711 2675 3830 2731 χει-

2190 2741 2521 2813 ροτονεῖσθαι
2566 2744 2637 2807 τῇ
2691 2738 2927 2817 ἐπιλογῇ
2974 2742 3064 2795 καὶ
3094 2744 3163 2814 τῇ
3212 2740 3388 2817 κρίσει
3427 2747 3526 2798 τοῦ
3574 2762 3828 2819 χειροτο-

2184 2833 2401 2891 νοῦντος
2435 2847 2450 2861 ’
2490 2835 2738 2884 τοιοῦτον
2785 2828 2931 2905 ἔχειν
2980 2832 3100 2905 βίον
3153 2831 3370 2886 ἀπαιτεῖ
3414 2833 3504 2887 καὶ
3550 2835 3677 2896 τοὺς
3717 2853 3833 2909 χει-

2186 2917 2615 2992 ροτονουμένους
2665 2917 2989 2994 κληρικούς.
3036 2917 3214 2976 Ἀλλὰ
3262 2920 3329 2975 τὰ
3385 2920 3562 2977 πλείω
3616 2924 3825 2978 τούτων

2181 3013 2296 3069 τοῖς
2345 3009 2515 3081 ἱεροῖς
2571 3013 2820 3084 παρεῖται
2878 3010 3091 3081 κανόσι,
3132 3012 3274 3083 μήτε
3328 3012 3467 3066 κατά
3513 3016 3619 3067 τῶν
3669 3012 3829 3068 θείων

2185 3095 2533 3173 Εὗαγγελίων
2581 3096 2810 3170 ὀμνύναι
2841 3099 2969 3161 τοὺς
3017 3101 3430 3176 ψηφιζομένους
3481 3099 3594 3156 δεῖν
3641 3100 3839 3174 οἲομέ--

2180 3207 2315 3255 νοις,
2350 3188 2491 3258 μήτε
2536 3186 2684 3261 παρὰ
2727 3207 2835 3241 των
2881 3186 3162 3261 κληρικῶν
3204 3188 3240 3259 ἢ
3287 3194 3397 3244 τῶν
3443 3191 3675 3264 πρώτων
3725 3193 3827 3259 τῆς

424 3279 515 3335 vel
566 3279 915 3350 primoribus
980 3279 1248 3345 civitatis,
1287 3279 1388 3334 sed
1435 3278 1507 3333 ab
1564 3277 1853 3351 episcopis
1905 3276 2067 3348 solis,

2189 3272 2396 3337 πόλεως
2441 3273 2535 3336 τὰς
2582 3277 2801 3352 ψήφους
2841 3274 3100 3350 γίνεσθαι,
3134 3275 3283 3331 ἀλλὰ
3326 3276 3501 3350 μόνων
3550 3282 3658 3334 τῶν
3699 3277 3821 3333 ἐπι-

350 3405 353 3408 -
423 3368 525 3440 qui
581 3373 638 3424 et
694 3366 981 3423 rationem
1036 3382 1139 3440 pro
1179 3367 1293 3424 illis
1339 3384 1540 3424 corum
1575 3368 1777 3439 judice
1805 3367 2068 3424 omnium

429 3458 658 3515 redditu
668 3457 714 3513 ri
746 3460 903 3513 sunt.

1193 3583 1323 3639 Lex.

505 3711 578 3763 At
599 3706 648 3763 si
680 3706 1133 3773 accusationem,
1165 3705 1379 3778 inquit.
1410 3706 1626 3778 aliquis
1659 3708 1901 3762 moverit
1928 3722 2069 3763 con-

435 3800 525 3853 tra
556 3798 898 3869 episcopum
938 3796 1026 3852 vel
1076 3795 1378 3856 clericum,
1402 3797 1498 3866 qui
1561 3796 1921 3852 ordinandus
1959 3801 2070 3864 est,

424 3903 601 3958 super
647 3886 856 3957 quavis
903 3901 1103 3952 causa,
1131 3886 1429 3940 differatur
1486 3886 1772 3940 ordinatio
1831 3885 1952 3952 illa,
2017 3893 2073 3940 et

422 3980 691 4032 accurata
741 3976 1091 4032 examinatio
1137 3975 1420 4031 habeatur
1475 3975 1628 4030 intra
1666 3980 1783 4030 tres
1814 3991 2070 4046 menses,

424 4070 482 4121 et
512 4068 558 4121 si
605 4066 919 4121 obnoxium
982 4065 1313 4121 invenerint
1366 4081 1498 4120 eum
1553 4065 1653 4137 qui
1709 4065 2069 4121 ordinandus

426 4157 539 4222 est,
568 4153 743 4209 etiam
779 4154 1156 4224 prohibeatur
1186 4154 1473 4210 ordinatio
1500 4169 1513 4207 :
1548 4154 1637 4207 sin
1664 4170 1797 4208 vero
1843 4154 2067 4224 insons,

427 4242 744 4298 ordinetur.
779 4246 844 4297 At
867 4243 915 4297 si
967 4246 1269 4298 accusator
1315 4259 1430 4297 non
1490 4243 1675 4311 possit
1721 4242 1992 4313 probare,
2021 4247 2069 4299 si

426 4331 676 4387 clericus
721 4332 819 4398 sit,
852 4346 957 4385 suo
1005 4332 1180 4401 gradu
1224 4330 1488 4399 excidat;
1534 4331 1621 4386 sin
1674 4346 1809 4386 vero
1861 4332 2067 4400 laicus,

425 4424 850 4493 competentem
873 4420 1277 4477 coercitionem
1310 4420 1678 4475 sustineat.8i
1704 4425 1898 4476 autem
1931 4421 2064 4493 quis

424 4513 559 4566 ante
579 4509 1066 4565 examinationem
1102 4508 1472 4565 causaillum
1504 4510 2066 4577 ordinaverit,sacer-

424 4599 583 4655 dotio
609 4602 843 4653 exuatnr
874 4614 989 4654 una
1021 4613 1154 4654 cum
1187 4598 1476 4655 ordinato.

493 4687 601 4751 Qui
651 4687 825 4742 etiam
877 4690 1073 4743 contra
1122 4703 1289 4742 suam
1358 4687 1512 4742 infra
1550 4687 1697 4742 latas
1744 4686 2066 4742 sententias

423 4775 915 4848 subscriptionem
974 4775 1159 4845 iverit,
1208 4775 1407 4832 dicens
1451 4781 1651 4847 postea
1684 4774 1903 4847 aliquid
1953 4776 2064 4831 sibi

418 4865 767 4929 innotuisse,
801 4865 1118 4935 quominus
1150 4864 1371 4921 electus
1436 4864 1763 4932 ordinetur,
1811 4881 1925 4920 non
1968 4864 2065 4920 de-

422 4958 694 5028 ponatur,
727 4953 835 5009 nisi
868 4954 923 5009 in
958 4954 1314 5026 argumentis
1343 4952 1592 5010 vacillet.

421 5157 578 5214 CAP.
640 5154 712 5211 ll.
780 5153 942 5222 Quod
996 5152 1227 5209 minimc
1291 5159 1541 5224 oporteat
1630 5150 2065 5224 ordinandorum

527 5228 817 5283 electiones
846 5227 930 5282 vel
959 5243 991 5281 a
1028 5222 1378 5295 magistratu,
1409 5222 1500 5280 vel
1527 5240 1559 5278 a
1587 5224 1791 5296 populo
1809 5223 1955 5294 ﬁeri.

487 5418 686 5483 Quare
716 5432 822 5487 cap
854 5416 919 5471 19
939 5413 1050 5470 litt.
1083 5414 1141 5470 E.

485 5506 749 5562 Canones
809 5505 1041 5578 quidem
1090 5506 1156 5560 12
1197 5509 1253 5560 et
1329 5505 1395 5559 13
1463 5503 1692 5561 concilii
1758 5504 2063 5560 Laodiceni

414 5594 564 5668 plebi
586 5612 699 5652 non
730 5595 1073 5666 permittunt
1105 5600 1207 5651 aut
1234 5594 1534 5665 episcopos
1567 5598 1668 5650 aut
1698 5593 2062 5667 presbyteros

422 5681 657 5753 eligere,
704 5683 807 5738 sed
847 5683 954 5738 hoc
1010 5682 1134 5740 ﬁeri
1171 5683 1374 5739 volunt
1418 5683 1734 5740 secundum
1778 5682 2061 5740 indicium

2182 3364 2417 3420 σκόπων.
2451 3363 2504 3418 οἳ
2533 3363 2621 3419 καὶ
2652 3365 2744 3418 τὸν
2781 3364 2913 3438 ὑπὲρ
2947 3363 3154 3420 τούτων
3187 3363 3355 3441 λόγον
3384 3365 3522 3440 πρὸς
3572 3371 3669 3422 τοῦ
3697 3388 3823 3422 κοι-

2180 3456 2276 3507 νοῦ
2304 3457 2493 3529 κριτοῦ
2523 3453 2829 3528 εἷσπραχθή
2839 3473 3044 3510 σονται.

2876 3579 3119 3653 Νόμος

2251 3705 2588 3779 Κατηγορίας
2633 3701 2708 3776 δὲ,
2758 3705 2911 3777 φησί,
2946 3704 3084 3776 πρός
3131 3725 3275 3769 τινος
3323 3706 3639 3777 κινηθείσης
3683 3706 3825 3762 κατὰ

2177 3799 2274 3849 τοῦ
2328 3793 2633 3866 μέλλοντος
2689 3796 3122 3868 χειροτονεῖσθαι
3176 3793 3476 3850 ἐπισκόπου
3532 3797 3567 3866 ἢ
3626 3794 3827 3870 κληρι-

2177 3888 2276 3937 κοῦ
2328 3882 2414 3961 ἔφ’
2470 3881 2767 3955 οἱᾳδήποτε
2822 3883 2990 3954 αἰτίᾳ,
3047 3878 3438 3939 ἀναϐαλλέσθω
3496 3887 3531 3954 ἡ
3590 3884 3818 3954 τοιαύτη

2176 3971 2515 4047 χειροτονία,
2545 3976 2635 4026 καί
2685 3973 2910 4042 ζήτησις
2959 3968 3321 4047 ἀκριϐεστάτη
3370 3976 3602 4048 γινέσθω
3647 3979 3819 4049 τριῶν

2176 4059 2305 4117 ε’ίσω
2352 4066 2541 4133 μηνῶν
2573 4080 2585 4092 ·
2620 4060 2708 4115 καὶ
2758 4061 2804 4116 εί
2839 4061 2934 4133 μὲν
2987 4061 3282 4123 ὑπεύθυνος
3333 4063 3580 4137 εὑρεθείη
3613 4066 3640 4118 ὁ
3694 4063 3820 4138 μέλ-

2177 4151 2291 4207 λων
2322 4152 2898 4226 χειροτονηθήσεσθαι,
2942 4148 3239 4207 κωλυέσθω
3279 4155 3314 4222 ἡ
3366 4153 3675 4230 χειροτονία
3707 4173 3719 4185 ·
3769 4154 3817 4207 εἶ

2177 4239 2235 4296 δὲ
2263 4241 2570 4305 ἀνεύθυνος,
2621 4239 3038 4314 χειροτονείσθω
3072 4259 3083 4272 ·
3133 4242 3161 4296 ὁ
3193 4238 3250 4296 δὲ
3283 4244 3358 4314 μὴ
3418 4241 3644 4317 ἰσχύσας
3682 4245 3819 4297 ἃπο-

2176 4327 2342 4400 δεῖξαι
2385 4332 2717 4405 κατήγορος,
2750 4328 2795 4384 εί
2844 4331 2939 4402 μὲν
2992 4329 3261 4403 κληρικὸς
3306 4329 3416 4402 ε’ίη,
3462 4336 3561 4387 τοῦ
3612 4332 3818 4387 οἰκείου

2173 4417 2473 4488 ἐξωθείσθω
2525 4419 2761 4493 βαθμοῦ,
2811 4418 2857 4473 εί
2905 4416 2962 4473 δὲ
3015 4418 3226 4489 λαϊκὸς,
3271 4422 3664 4493 προσηκόντως
3714 4443 3821 4475 σω-

2175 4508 2531 4585 φρονιζέσθω.
2565 4508 2626 4563 Ei
2675 4504 2732 4562 δὲ
2760 4528 2845 4569 τις
2891 4509 2998 4579 πρὸ
3041 4508 3328 4578 ἐξετάσεως
3374 4514 3573 4565 τοῦτον
3626 4530 3821 4586 χειρο-

2093 4630 2142 4696 D
2172 4599 2444 4667 τονήσειε,
2472 4596 2833 4669 καθαιρείσθω
2864 4596 3075 4670 σύναμα
3104 4603 3185 4670 τῷ
3216 4598 3679 4673 χειροτονηθέντι.

2241 4687 2304 4744 Ὁ
2352 4684 2410 4741 δὲ
2455 4689 2523 4759 τῇ
2583 4685 2755 4757 οἰκείᾳ
2803 4684 3210 4760 ἐναντιούμενος
3267 4687 3390 4761 περὶ
3447 4688 3543 4750 τὰς
3599 4689 3819 4766 ψήφους

2180 4775 2491 4849 ὑπογραφῇ,
2536 4772 2712 4850 λέγων
2767 4776 2903 4848 μετὰ
2945 4779 3112 4830 ταῦτα
3163 4775 3533 4848 μεμαθηκέναι
3584 4774 3709 4832 τόδε
3761 4800 3819 4833 τι

2173 4863 2237 4918 τὸ
2265 4863 2482 4919 κωλύον
2508 4864 2601 4919 τὸν
2634 4861 2974 4941 ψηφισθέντα
3014 4864 3491 4938 χειροτονηθῆναι,
3527 4862 3717 4927 ἄλλως
3747 4868 3816 4923 οὗ

2172 4953 2638 5028 καθαιρεθήσεται,
2686 4952 2732 5007 εἰ
2794 4953 2871 5025 μή
2928 4953 3054 5027 περὶ
3107 4953 3202 5015 τὰς
3254 4949 3557 5024 ἀποδείξεις
3612 4953 3818 5026 ἀτονή-

2175 5062 2333 5097 σειεν.

2174 5173 2428 5246 ΚΕ-ΦᾼΛ.
2490 5168 2561 5224 Β’.
2608 5168 2760 5246 ,ξὈτι
2819 5166 2932 5246 τὰς
2986 5170 3113 5246 τῶν
3155 5170 3813 5246 ’χειροτονουμένων

2243 5241 2505 5316 ψήφους
2563 5235 2714 5293 οὔτε
2771 5238 2940 5309 παρὰ
2998 5238 3072 5313 ἀρ
3141 5235 3368 5311 όντων,
3425 5235 3820 5316 οὔτε’παρὰ

2243 5315 2356 5365 τοῦ
2397 5308 2615 5383 δήμου
2655 5311 2959 5384 γίνεσθαι
2998 5256 3154 5384 χρζξ.

2244 5419 2404 5487 Ζήτει
2435 5418 2499 5472 τὸ
2532 5418 2596 5472 ιθ¹
2626 5437 2745 5494 κεφ.
2773 5419 2871 5471 τοῦ
2902 5422 2941 5471 Ε
2972 5416 3280 5492 στοιχείου.

2243 5508 2314 5564 "0
2346 5527 2408 5583 γε
2440 5507 2549 5578 μὴν
2584 5507 2658 5581 ιβ’
2705 5505 2797 5561 καὶ
2828 5507 2856 5561 ὁ
2890 5512 2959 5580 ιγ’
3003 5511 3103 5575 τῆς
3147 5504 3198 5561 ἐν
3247 5503 3536 5578 Λαοδικείᾳ
3583 5507 3816 5565 συνόδου

2172 5596 2350 5652 κανὼν
2399 5594 2460 5651 οὐ
2506 5600 2621 5659 τοῖς
2668 5593 2866 5670 ὄχλοις
2910 5592 3286 5669 ἐπιτρέπουσιν
3312 5596 3361 5675 ,ἦ
3410 5596 3739 5661 ἐπισκόπους
3775 5601 3813 5670 ἢ

2174 5678 2573 5761 πρεσϐυτέρους
2605 5680 2938 5761 ἐκλέγεσθαι,
2971 5681 3119 5739 ἀλλά
3143 5687 3213 5759 τῇ
3244 5682 3415 5760 κρίσει
3456 5689 3555 5741 τοῦ
3604 5707 3819 5764 μητρο-
