4118 6214
215 379 321 446 193

1249 373 1686 438 SYNTAGMA
1727 369 2362 437 ALPHABETICUM.
2406 375 2483 416 —‘-
2527 372 2604 433 X.

3501 368 3614 429 19ι

207 514 464 583 πολίτου,
517 513 607 570 καὶ
654 516 764 568 τῶν
809 513 908 580 τῆς
955 506 1225 588 ἐπαρχίας
1272 506 1438 562 αὐτοῦ
1495 505 1845 562 ἔπισκόπων·

1985 505 2388 580 netropolitani
2445 509 2501 560 et
2555 501 2860 575 provincias
2917 500 3083 558 istius
3143 497 3551 572 episcoporum
3596 517 3612 558 :

200 604 340 658 εἶναι
390 602 448 659 δὲ
489 603 582 658 τὸν
621 601 989 678 ἐκλεγόμενον
1027 597 1090 653 ἐκ
1127 595 1346 652 πολλοῦ
1387 593 1855 671 δεδοκιμασμένον

195 691 248 748 ἓν
289 714 350 748 τε
393 691 550 770 λόγῳ
595 693 687 747 καὶ
734 691 945 766 πράξει,
997 689 1071 751 ὡς
1119 692 1198 760 τῷ
1261 687 1356 761 μὲν
1421 683 1676 741 δύνασθαι
1727 687 1853 747 τοὺς

201 783 294 838 ὑπ’
347 782 510 838 αὐτὸν
542 783 681 856 πρὸς
723 781 822 849 τήν
873 778 1218 856 ὑγιαίνουσαν
1267 776 1448 832 πίστιν
1495 774 1854 851 παρακαλεῖν,

198 876 289 931 καὶ
337 874 470 939 τοὺς
529 874 913 950 ἀντιλέγοντας
970 877 1088 934 τοῖς
1143 871 1329 946 ὀρθοῖς
1387 868 1652 944 δόγμασιν
1699 867 1856 944 ἐλέγ-

204 985 350 1040 χειν,
378 969 462 1037 τῷ
501 963 561 1020 δὶ
602 963 708 1040 βίῳ
747 963 868 1018 οἶόν
914 981 973 1016 τε
1020 962 1150 1015 εἶναι
1197 959 1334 1036 πρὸς
1377 959 1471 1014 τὸν
1517 965 1616 1027 τῆς
1661 957 1857 1034 ἀρετῆς

202 1053 379 1122 ζῆλον
429 1049 611 1109 ’ἕλκειν
651 1052 780 1113 τοὺς
822 1051 961 1127 πρὸς
1005 1049 1168 1106 αὐτὸν
1220 1047 1542 1122 βλίποντας,
1591 1044 1746 1102 εύθύν
1798 1065 1858 1100 τε

202 1138 339 1196 ὄντα
387 1143 478 1196 καὶ
529 1141 928 1211 ἀνεπίληπτον,
977 1139 1068 1193 καὶ
1114 1137 1340 1212 τρόποις
1383 1140 1651 1212 χρηστοῖς
1699 1134 1857 1204 εὔθη-

202 1231 496 1302 νούμενον.

283 1339 549 1393 ΚΕΦΔΛ.
707 1335 870 1408 Περ-ί
907 1335 1026 1387 τοῦ
1063 1331 1314 1408 χρόνου
1353 1328 1649 1408 οὗῌένιτὸς
1689 1325 1790 1382 δεῖ

419 1407 578 1468 τοὺς
617 1403 1032 1466 ἐπισκόπους
1066 1403 1652 1479 χειροτονεῖσθαι.

276 1497 337 1550 Ὀ
377 1497 451 1552 κε’
492 1501 594 1566 τῆς
643 1491 686 1549 δ’
731 1491 958 1549 συνόδου
1005 1493 1184 1549 κανὼν
1232 1493 1328 1554 τὰς
1381 1494 1490 1546 τῶν
1545 1489 1855 1544 ἐπισκόπων

206 1584 556 1661 χειροτονίας
585 1583 734 1647 ἐντὸς
775 1588 945 1660 τριῶν
991 1586 1180 1656 μηνῶν
1218 1581 1456 1657 γίνεσθαι
1496 1576 1859 1648 διατάττεται,

205 1676 336 1750 παρ’
387 1675 476 1735 οἷς
505 1677 542 1744 ἡ
579 1673 792 1730 ἐκείνων
837 1671 1028 1743 ἀνήκει
1074 1669 1442 1750 προχείρισις.
1493 1667 1572 1726 Ού
1620 1668 1722 1744 γὰρ
1768 1664 1858 1723 ἒπὶ

201 1761 354 1819 πολὺ
397 1765 512 1838 χρὴ
551 1763 679 1824 τοὺς
721 1765 828 1827 τῶν
865 1759 1172 1832 ἐκκλησιῶν
1215 1757 1382 1820 λαοὺς
1427 1755 1670 1833 ἐρήμους
1720 1757 1857 1810 εἶναι

200 1859 306 1924 τῆς
338 1857 454 1907 τῶν
482 1847 761 1924 ποιμένων
807 1850 1092 1926 προνοίας,
1133 1848 1223 1903 καί
1265 1848 1340 1909 ὼς
1379 1844 1542 1922 ἔτυχε
1581 1846 1858 1925 φέρεσθαι,

205 1943 253 1998 εί
305 1944 506 2016 μήπου
552 1940 602 2010 ἐξ
661 1939 836 2002 αἰτίας
889 1938 1262 2013 ἀπαραιτήτου
1311 1930 1552 2008 συμϐαίη
1600 1934 1860 2004 ἐπιταθῆ-

205 2048 290 2082 ναι
338 2031 438 2082 τόν
487 2029 716 2104 χρόνον,
775 2026 863 2080 καὶ
919 2025 1267 2099 ὑπερτιθῆναι
1324 2024 1427 2091 τὴν
1485 2022 1856 2097 χειροτονίαν,

209 2118 316 2172 ὑπὸ
353 2111 646 2191 βαρϐάρων
671 2114 809 2178 ’ίσως
846 2112 1151 2176 ἑαλωκυίας
1188 2119 1290 2182 τῆς
1327 2111 1545 2173 πόλεως
1575 2129 1588 2142 ⁸
1633 2111 1760 2172 τοὺς
1802 2108 1861 2164 δὲ

211 2209 292 2280 μή
344 2205 493 2260 οὕτω
541 2209 832 2267 ποιοῦντας
877 2203 1352 2275 ἐκκλησιαστικοῖς
1396 2200 1694 2274 ἐπιτιμίοις
1733 2199 1864 2254 ὑπο-

206 2291 542 2351 ϐάλλεσθαι.
591 2297 703 2364 Τὴν
756 2295 941 2366 μεντοι
999 2289 1268 2366 πρόσοδον
1325 2297 1425 2360 τῆς
1508 2291 1858 2364 χηρευούσης

205 2383 533 2454 ἐκκλησίας,
601 2387 697 2438 τοῦ
765 2387 957 2458 καιροῦ
1015 2385 1124 2438 τῶν
1183 2385 1348 2454 υριῶν
1415 2383 1605 2452 μηνῶν
1671 2378 1708 2447 ἢ
1767 2379 1859 2434 καὶ

1964 613 2090 654 esse
2119 598 2293 653 etiam
2319 595 2566 651 electum
2597 592 2697 647 diu
2745 593 3050 663 probatum
3102 593 3160 646 et
3197 590 3256 646 in
3316 605 3606 657 sermone,

1963 688 2102 744 etin
2133 685 2428 758 cperibus,
2460 685 2538 738 ita
2561 686 2626 738 ut
2656 681 2836 756 possit
2891 697 3095 737 omnes
3121 680 3217 752 qui
3249 680 3359 753 ipsi
3417 681 3611 752 subji-

1965 777 2200 832 ciuntur
2227 777 2287 831 in
2309 774 2422 830 ﬁde
2465 789 2606 828 sana
2649 771 2968 838 adhortari,
3017 775 3076 826 et
3118 770 3393 826 doctrinm
3440 778 3609 826 recte

1964 865 2429 922 contradicentes
2459 877 2722 934 arguere,
2753 864 2810 915 et
2832 861 2943 915 vita
2975 860 3149 915 talem
3199 875 3262 915 se
3309 862 3607 932 praestare.

1964 960 2030 1010 ut
2059 957 2235 1026 queat
2265 954 2335 1009 ad
2369 967 2626 1009 amorem
2665 949 2892 1006 virtutis
2936 949 3068 1005 illos
3107 949 3334 1004 trahere
3385 947 3488 1020 qui
3536 947 3611 1002 ad

1963 1045 2161 1116 ipsum
2191 1042 2492 1110 accedunt,
2524 1040 2805 1096 nimirum
2837 1042 3081 1104 rectam,
3135 1036 3492 1108 inculpatam
3553 1040 3613 1094 et

1965 1132 2268 1188 honestam
2299 1129 2474 1186 vitam
2507 1144 2694 1199 agere.

1967 1329 2118 1386 CAP.
2151 1329 2250 1385 III.
2291 1329 2365 1384 De
2394 1331 2632 1400 tempore
2659 1325 2991 1452 intratqtuod
3043 1326 3319 1397 episcopos
3363 1325 3616 1382 ordinari

2679 1415 2810 1452 onor
2835 1415 2862 1452 ε
2893 1439 2907 1452 .

2679 1415 2907 1470 oportet.

2039 1491 2236 1546 Canon
2282 1489 2355 1544 25
2401 1487 2628 1544 concilii
2685 1488 2875 1560 quarti
2926 1486 3332 1559 episcoporum
3381 1487 3616 1545 ordina-

1967 1579 2156 1637 tiones
2213 1577 2366 1632 intra
2417 1585 2530 1632 tres
2581 1592 2812 1632 menses
2863 1577 2933 1631 ab
2990 1575 3109 1632 illis
3139 1575 3264 1632 ﬁeri
3323 1575 3514 1648 jubet,
3544 1578 3614 1633 ad

1970 1685 2118 1741 quos
2139 1684 2232 1724 res
2259 1666 2374 1723 ista
2407 1667 2674 1738 pertinet.
2707 1665 2837 1722 Non
2858 1664 3012 1722 enim
3039 1664 3204 1721 decet
3231 1666 3610 1723 ecclesiarum

1970 1763 2152 1813 ccetus
2181 1756 2281 1812 diu
2321 1755 2686 1828 providentia
2710 1759 3009 1825 pastorum
3033 1771 3248 1823 carere,
3280 1759 3338 1811 et
3367 1755 3617 1812 incertos

1971 1846 2191 1918 vagari,
2220 1845 2332 1902 nisi
2366 1845 2512 1900 forte
2541 1861 2609 1900 ex
2637 1861 2816 1901 causa
2845 1861 3089 1916 prorsus
3120 1843 3450 1901 necessaria
3477 1860 3617 1901 con-

1891 1895 1941 1960 B
1971 1895 2418 2007 tinagattempus
2448 1934 2770 2006 prorogari,
2803 1895 2876 1989 et.r
2908 1933 3126 1988 ditlerri
3171 1934 3620 2004 ordinationem,

1969 2022 2129 2082 261
2171 2024 2395 2079 civitate
2425 2028 2568 2094 puta
2595 2039 2628 2078 a
2659 2023 3132 2095 Barbariscapta.
3165 2021 3453 2086 Quialiter
3474 2023 3621 2079 fece-

1969 2115 2106 2175 rint,
2141 2113 2325 2185 poenis
2349 2113 2759 2170 ecclesiasticis
2789 2111 3021 2184 subjici.
3052 2111 3398 2168 Proventum
3415 2115 3612 2168 tamen

1969 2202 2220 2260 ecclesiae
2251 2203 2533 2268 vacantis,
2557 2218 2660 2274 per
2690 2201 2936 2272 spatium
2975 2202 3150 2257 trium
3196 2201 3482 2257 mensium
3514 2206 3614 2258 aut

1970 2293 2122 2350 ultra
2151 2294 2222 2349 ab
2260 2293 2433 2348 istius
2473 2292 2730 2348 ecclesiae
2785 2307 3085 2347 oeconomo
3133 2295 3454 2364 receptum,
3488 2291 3606 2362 epi-

1969 2398 2139 2452 scopo
2171 2380 2272 2452 qui
2297 2381 2662 2436 ordinandus
2690 2383 2780 2436 est
2810 2380 3087 2436 reservari
3113 2380 3302 2450 jubet.

209 2474 480 2535 πλείονος
542 2473 686 2528 σώαν
745 2472 890 2546 παρᾶ
941 2476 1022 2544 τῷ
1095 2470 1376 2544 οἰκονόμῳ
1448 2475 1550 2538 τῆς
1623 2467 1791 2533 αὐτῆς
1861 2467 2158 2540 ἐκκλησίας
2241 2467 2509 2524 ἐπιτάττει
2586 2467 2942 2544 φυλάττεσθαι
3007 2472 3084 2539 τῷ
3157 2469 3616 2542 χειρονονηθήσε-

204 2566 334 2619 σθαι
371 2562 659 2636 μέλλοντι.

277 2655 444 2724 Ζήτει
474 2653 538 2708 τὸ
561 2656 646 2722 κζ’
674 2671 798 2730 κεφ.
827 2653 924 2706 τοῦ
954 2652 996 2708 E
1025 2648 1328 2724 στοιχείου.

205 2761 584 2831 ΚΕΦΔΛηΔἏ
631 2756 944 2831 Ὀποίους
984 2757 1156 2812 εἶναι
1199 2753 1300 2831 δεῖ
1344 2755 1501 2831 τοὺς
1544 2775 1864 2831 χειροτο-

277 2829 663 2904 νουμένους
709 2827 1152 2904 ἐπισκόπους,
1199 2827 1305 2882 καὶ
1345 2826 1495 2882 τίνα
1543 2826 1675 2902 ipsi
1710 2829 1865 2882 πάν-

277 2902 422 2958 των
448 2902 807 2978 γινώσκειν
848 2903 1012 2976 χρή.

276 3011 346 3066 Ὀ
383 3009 433 3086 β’
480 3014 582 3078 τῆς
619 3011 666 3078 ζ’
715 3009 944 3062 συνόδου
990 3006 1168 3062 κανὼν
1211 3009 1292 3080 τῷ
1343 3005 1603 3082 μέλλοντι
1645 3023 1868 3079 προχει-

2043 2651 2230 2716 Quare
2259 2665 2386 2721 cap.
2417 2649 2488 2703 27
2519 2648 2626 2704 litt.
2661 2649 2726 2704 E.

1973 2757 2124 2812 CAP.
2160 2757 2251 2812 IV.
2286 2757 2481 2826 Quales
2509 2772 2620 2812 esse
2647 2773 2737 2812 eos
2767 2762 2978 2828 oportet
3025 2754 3124 2828 qui
3169 2755 3402 2828 episcopi
3457 2755 3616 2812 ordi-

2041 2828 2216 2885 nandi
2243 2835 2394 2900 sunt,
2423 2835 2478 2884 et
2506 2845 2759 2900 quaenam
2785 2827 2902 2900 pra:
2929 2827 3143 2885 caeteris
3171 2827 3312 2884 scire
3342 2827 3619 2884 debeant.

2043 3010 2238 3068 Canon
2265 3013 2302 3066 2
2331 3011 2530 3082 synodi
2561 3011 2844 3082 septimae,
2877 3011 2976 3084 qui
3006 3012 3080 3067 ad
3117 3011 3360 3082 gradum
3391 3011 3622 3084 episco—

209 3099 460 3176 ρίζεσθαι
489 3101 584 3155 καὶ
624 3098 704 3162 είς
741 3099 835 3156 τὸν
883 3105 984 3169 τῆς
1027 3098 1332 3168 ἐπισκοπῆς
1377 3097 1579 3153 ἆνιέναι
1633 3095 1868 3171 βαθμὸν,

1985 3109 2144 3174 putus
2185 3098 2614 3172 promovendos
2663 3103 2720 3156 et
2763 3099 3116 3158 attollendus
3150 3108 3258 3172 est,
3324 3116 3619 3157 summam

205 3195 382 3248 τοῦτο
414 3188 559 3245 εἶναί
599 3190 652 3244 οἱ
687 3191 966 3264 προῦργου
1014 3191 1405 3265 παρεγγυᾶται,
1454 3188 1545 3244 τὸν
1594 3183 1868 3257 Ψαλτῆρα

212 3280 422 3340 παντὸς
485 3277 701 3350 μᾶλλον
755 3275 1094 3349 ἐπίστασθαι,
1153 3275 1488 3332 ἑκπαιδεύειν
1535 3295 1596 3330 τε
1641 3274 1734 3330 τὸν
1781 3272 1870 3328 οἶ-

210 3375 366 3425 κνῖον
400 3366 536 3422 λαὸν
588 3367 655 3420 τά
699 3365 895 3421 τούτου
937 3365 1045 3439 πρὸ
1087 3367 1194 3420 τῶν
1242 3363 1432 3420 ἄλλων
1482 3361 1628 3435 ᾅδειν
1671 3382 1732 3418 τε
1779 3359 1870 3416 καὶ

217 3458 478 3530 μοεῐσθαι
515 3474 528 3487 ·
580 3452 953 3530 ἂνακρίνεσθαι
1008 3451 1066 3508 δὲ
1131 3452 1392 3532 ἀσφαλῶς
1438 3454 1576 3528 πρὸς
1642 3455 1740 3506 τοῦ
1788 3449 1873 3504 o'l-

213 3548 372 3602 κείου
405 3543 849 3621 μητροπολίτου,
891 3543 937 3598 εἰ
978 3544 1277 3617 προθύμως
1326 3537 1467 3617 ἔχει,
1509 3541 1871 3618 ἐρευνητικῶς

213 3637 308 3690 καὶ
360 3633 424 3688 ού
474 3633 611 3689 κατᾶ
665 3634 729 3688 τὸ
771 3637 1017 3706 παρῆκον
1071 3631 1200 3694 τοὺς
1257 3630 1438 3704 ῗεροὺς
1487 3629 1872 3704 ἀναγινώσκειν

214 3723 476 3791 κανόνας,
505 3722 598 3776 καὶ
639 3721 704 3776 τὸ
745 3721 900 3795 ἅγιον
942 3719 1305 3796 Εὖαγγέλιον.
1343 3720 1442 3790 τήν
1483 3739 1542 3774 τε
1581 3720 1680 3772 τοῦ
1729 3715 1876 3770 θείου

215 3810 575 3869 Ἀποστόλου
607 3805 825 3885 βίϐλον,
853 3809 943 3864 καί
975 3812 1148 3863 πᾶσαν
1194 3809 1294 3875 τὴν
1326 3805 1505 3878 ἄλλην
1554 3805 1698 3861 θείαν
1739 3811 1878 3878 Γρα-

219 3902 357 3977 si”,
427 3899 519 3953 καὶ
583 3900 676 3954 τὸν
734 3903 858 3952 νοῦν
926 3898 1097 3967 αὐτῆς
1167 3895 1476 3960 σπουδαίως
1540 3891 1876 3970 ἐκλέγεσθαι,

219 3991 314 4044 καὶ
358 3989 498 4044 κατὰ
543 3990 612 4043 τὰ
656 3989 774 4042 θεῖα
808 3987 1011 4058 ταύτης
1052 3985 1364 4060 ἐντάλματα
1409 3985 1572 4040 αὐτόν
1606 4005 1665 4039 τε
1699 3984 1876 4059 βιοῦν,

221 4077 481 4140 καὶτοὺς
525 4075 732 4141 ἄλλους
775 4075 988 4153 ἐνάγειν
1035 4077 1162 4152 περὶ
1206 4073 1470 4131 πλείστου
1518 4077 1685 4129 ταῦτα
1730 4071 1877 4126 τιθέ-

222 4190 340 4237 ναι,
373 4165 602 4240 ἕτοιμόν
649 4186 708 4222 τε
751 4166 882 4221 εἶναι
936 4165 1074 4242 πρὸς
1119 4165 1421 4240 ἀπολογίαν
1471 4163 1634 4219 παντὶ
1677 4165 1759 4234 τῷ
1799 4159 1884 4216 αἷ-

223 4263 410 4314 τοῦντι
444 4255 615 4331 λόγον
644 4258 767 4328 περί
805 4263 907 4326 τῆς
948 4255 1000 4310 ἐν
1043 4259 1178 4330 ἡμῖν
1219 4253 1467 4326 ἐλπίδος,
1497 4253 1588 4308 καὶ
1627 4255 1753 4316 νοὺς
1793 4253 1883 4307 ὑπ’

226 4347 392 4401 αὐτὸν
455 4345 744 4419 εὐπρεπεῖς
803 4345 938 4400 εἶναι
993 4345 1131 4420 πρὸς
1199 4349 1362 4399 τοῦτο
1433 4347 1881 4418 παρασκευάζειν.

227 4437 412 4492 Ούσία
471 4435 581 4510 γάρ
632 4435 720 4490 καὶ
773 4434 1024 4498 σύστασις
1071 4441 1172 4504 τῆς
1219 4435 1339 4490 καθ’
1376 4436 1526 4506 ἡμᾶς
1575 4430 1882 4508 ίεραρχίας,

1976 3204 2178 3244 curam
2225 3188 2501 3245 adhibere
2559 3191 2815 3256 mandat,
2866 3194 2930 3245 ut
2979 3191 3228 3246 maxime
3279 3190 3626 3247 Psalterium

1975 3274 2280 3346 intelligat,
2318 3279 2666 3347 monentque
2705 3275 2987 3347 populum
3037 3277 3288 3349 hymnos
3327 3277 3454 3333 illos
3509 3291 3624 3346 prae

1977 3364 2195 3422 caeteris
2219 3379 2426 3420 canere
2459 3370 2517 3420 et
2547 3363 2758 3422 callere
2791 3382 2804 3422 :
2837 3371 3108 3423 accurate
3136 3367 3314 3422 etiam
3348 3383 3382 3421 a
3413 3374 3624 3421 metro-

1979 3454 2233 3526 politano
2263 3469 2371 3510 suo
2401 3455 2745 3523 examinari,
2772 3472 2846 3512 an
2885 3464 3117 3526 paratus
3159 3456 3238 3512 sit
3291 3456 3480 3528 legere
3529 3455 3622 3510 di-

1979 3543 2226 3616 ligenter
2255 3547 2312 3599 et
2341 3560 2457 3598 non
2488 3543 2674 3598 obiter
2699 3560 2894 3601 sacros
2951 3561 3223 3609 canones,
3265 3549 3322 3600 et
3350 3550 3618 3600 sanctum

1980 3633 2382 3705 Evangelium,
2413 3637 2471 3690 et
2499 3632 2714 3688 librum
2757 3633 2873 3689 divi
2915 3633 3192 3706 Apostoli,
3223 3637 3281 3689 et
3338 3633 3621 3704 reliquam

1979 3723 2341 3795 Scripturam
2373 3739 2621 3792 sacram,
2647 3735 2701 3778 et
2729 3740 2971 3780 sensum
3003 3725 3131 3795 ejus
3162 3723 3361 3780 sedulo
3391 3721 3622 3780 elicere:

1981 3817 2038 3867 ct
2059 3813 2228 3883 juxta
2249 3813 2378 3882 ejus
2400 3812 2599 3869 divina
2630 3818 2912 3885 praecepta
2942 3823 2994 3870 et
3024 3813 3198 3869 vitam
3231 3829 3399 3868 suam
3429 3827 3624 3884 agere,

1981 3907 2038 3958 et
2068 3900 2214 3957 alios
2249 3901 2495 3958 suadere
2525 3901 2648 3957 haec
2680 3902 2924 3958 maximi
2956 3903 3162 3973 facere,
3203 3908 3261 3958 et
3306 3905 3636 3974 promptum

1983 4006 2114 4046 esse
2153 3990 2223 4046 ad
2287 3990 2758 4061 respondendum
2802 3992 2962 4048 omni
3009 3993 3114 4063 qui
3169 3991 3452 4048 rationem
3507 3989 3634 4062 spei

1984 4083 2198 4135 nostris
2227 4077 2499 4150 exquirit,
2525 4084 2584 4135 et
2611 4096 2816 4136 curare
2849 4085 2912 4136 ut
2939 4097 3161 4148 omnes,
3207 4081 3308 4152 qui
3354 4080 3466 4152 ipsi
3491 4079 3631 4134 sub-

1979 4168 2287 4239 jiciuntur,
2319 4167 2388 4222 ad
2421 4167 2575 4225 idem
2603 4169 2775 4225 etiam
2797 4170 2982 4242 parati
3011 4169 3149 4226 sint.
3183 4169 3449 4226 Essentia
3468 4168 3626 4224 enim

1987 4263 2046 4313 et
2101 4257 2437 4312 constitutio
2478 4265 2678 4314 nostra
2738 4259 3043 4316 bieracbiaa
3080 4263 3222 4316 sunt
3265 4259 3494 4331 eloquia
3537 4259 3632 4314 di-

1990 4346 2212 4402 vinitus
2249 4345 2484 4414 tradita,
2518 4346 2602 4402 uti
2651 4348 2732 4404 ait
2787 4363 3038 4420 magnus
3085 4347 3430 4421 Dionysius;
3485 4357 3540 4402 et
3585 4347 3639 4403 si

1993 4432 2244 4490 libenter
2274 4433 2615 4504 polliceatur
2644 4451 2707 4492 se
2765 4435 2888 4492 haec
2931 4436 3346 4510 prestiturum,
3405 4435 3648 4492 ordina-

228 4526 299 4578 τά
348 4496 732 4600 θεοπαράδοτα
779 4522 965 4599 λόγια,
1180 4523 1346 4598 μέγας
1394 4496 1707 4600 άπεφήνάτό
1734 4496 1870 4574 "ista;

1994 4521 2211 4577 tionem
2242 4521 2524 4592 obtinere;
2555 4523 2645 4580 sin
2677 4541 2811 4581 vero
2843 4496 3166 4582 sit.dubius
3195 4525 3374 4582 animi
3414 4530 3474 4580 et
3511 4539 3650 4579 con-

229 4613 456 4674 νύσιος⁶
489 4611 581 4667 καὶ
629 4610 676 4666 εἰ
727 4613 824 4686 μὲν
871 4611 1115 4686 ἆσμίνως
1163 4616 1330 4666 ταῦτα
1372 4616 1548 4666 ποιεῖν
1600 4611 1884 4687 ὑπισχνεῖ-

227 4723 344 4770 ται,
376 4703 480 4771 τήν
519 4703 864 4776 χειροτονίαν
913 4696 1211 4775 λαμϐάνειν
1243 4721 1257 4734 ’
1309 4700 1355 4756 εί
1407 4698 1465 4756 δὲ
1512 4693 1885 4778 ἀμφιϐάλλων

231 4791 320 4862 ε’ἷη
359 4793 454 4848 καὶ
503 4789 890 4865 ἀναδυόμενος,
937 4792 1215 4867 ἄπρακτον
1262 4791 1710 4866 ἀποπέμπεσθαι.
1763 4797 1884 4860 Φη-

231 4884 286 4937 σὶ
319 4883 426 4960 γὰρ
461 4881 491 4935 ὁ
524 4881 654 4946 Θεὸς
693 4879 780 4936 διὰ
817 4886 915 4936 τοῦ
949 4885 1236 4961 προφήτου
1263 4901 1275 4914 ·
1322 4906 1350 4934 ‹‹
1395 4882 1466 4936 Σὺ
1506 4881 1714 4936 ἀπώσω
1761 4879 1886 4936 ἐπί-

231 4991 462 5046 γνωσιν,
493 4971 646 5044 κάγὼ
683 4969 976 5045 ἆπώσομαί
1003 4991 1060 5026 σε
1095 4974 1194 5026 τοῦ
1244 4973 1319 5044 μή
1349 4969 1642 5046 ἱερατεόειν
1702 4990 1820 5043 μοι.
1854 4992 1882 5023 ››

237 5057 300 5112 Εἰ
357 5057 464 5133 γὰρ
516 5056 708 5120 πάντες
757 5057 810 5112 οἱ
857 5057 1042 5112 πιστοὶ
1101 5058 1408 5132 ψάλλοντες
1459 5057 1884 5130 συντασσόμεθα,

235 5147 322 5202 Ἐν
349 5151 469 5208 τοῖς
510 5143 845 5219 δικαιώμασί
892 5167 990 5202 σου
1039 5144 1352 5220 μελετήσω,
1403 5145 1503 5202 οὐκ
1544 5145 1884 5219 ἐπιλήσομαι

235 5239 344 5290 τῶν
405 5234 586 5310 λόγων
629 5255 746 5306 σνυ,
793 5234 942 5306 ἦπου
999 5240 1116 5296 τοῖς
1160 5237 1262 5306 τήν
1321 5235 1466 5310 ίερᾶν
1516 5231 1884 5309 ἐνδεδύμένοις

236 5321 443 5392 στολὴν
475 5322 679 5398 πολλῷ
707 5345 770 5401 γε
802 5321 1017 5400 μᾶλλον
1047 5327 1209 5380 τοῦτο
1239 5325 1509 5400 προσήκει
1539 5328 1740 5380 ποιεῖν.

304 5415 372 5471 Ὁ
418 5411 480 5470 δὶ
530 5416 604 5486 ιη’
639 5415 730 5471 καὶ
784 5417 847 5470 ιθ’
891 5421 992 5486 τῆς
1044 5413 1098 5470 ἒν
1159 5417 1468 5492 Καρθαγένῃ
1515 5413 1742 5471 συνόδου
1788 5414 1884 5472 τὸν

231 5502 730 5581 χειροτονούμενον
763 5505 1272 5579 ὑπομιμνήσκεσθαι
1301 5503 1511 5562 κελεύει
1560 5503 1688 5562 τοὺς
1720 5501 1883 5579 ὅρους

228 5597 341 5647 τῶν
385 5593 646 5668 Πατέρων
685 5591 993 5672 φυλάττειν,
1034 5591 1134 5648 ὅσα
1176 5615 1236 5650 τε
1281 5594 1404 5670 περὶ
1445 5591 1751 5672 δογμάτων,
1790 5593 1882 5648 καὶ

231 5681 334 5738 ὅσα
363 5683 492 5758 περὶ
535 5686 646 5740 τῶν
669 5683 831 5758 ἰερῶν
871 5683 1111 5740 κανόνων
1153 5682 1456 5757 ἐθέσπισαν,
1495 5681 1595 5740 ’ίνα
1632 5684 1711 5758 μή
1754 5682 1882 5746 τοὺς

1995 4611 2242 4666 ditiones
2280 4617 2531 4681 recuset,
2563 4631 2623 4669 re
2646 4613 2860 4671 infecta
2905 4614 3250 4671 dimittatur.
3287 4615 3435 4670 Dicit
3479 4614 3637 4669 enim

1999 4700 2154 4756 Deus
2185 4716 2286 4772 per
2332 4703 2671 4774 prophetam
2713 4719 2728 4758 :
2781 4725 2806 4756 α
2861 4704 2946 4759 Tu
3010 4703 3271 4777 repulisti
3311 4703 3641 4770 scientiam,

1993 4793 2052 4844 et
2071 4804 2178 4862 ego
2208 4789 2478 4862 repellam
2519 4796 2596 4862 te,
2648 4809 2721 4849 ne
2767 4792 2850 4849 sis
2894 4793 3038 4850 mihi
3085 4793 3372 4850 sacerdos.
3423 4815 3453 4843 »
3492 4792 3636 4848 Nam

1993 4878 2046 4936 si
2104 4895 2306 4936 omnes
2363 4881 2677 4937 Christiani
2721 4881 3105 4940 consistentes
3135 4899 3254 4938 una
3285 4880 3588 4954 psallimus
3624 4899 3638 4936 :

1999 4988 2028 5016 «
2061 4967 2123 5023 In
2145 4967 2388 5038 judiciis
2421 4969 2533 5026 luis
2582 4971 2930 5039 meditabor,
2999 4988 3115 5028 non
3175 4971 3490 5029 obliviscar
3527 4986 3644 5026 ser-

1999 5058 2192 5114 monis
2231 5059 2358 5114 tui:
2395 5082 2424 5110 »
2458 5064 2611 5116 certe
2665 5061 2796 5117 illos
2834 5062 2932 5132 qui
2991 5078 3215 5118 sacram
3252 5061 3496 5118 infularn
3555 5060 3643 5115 in-

1995 5145 2119 5201 duti
2143 5149 2304 5216 sunt,
2337 5148 2521 5204 multo
2555 5148 2742 5221 magis
2771 5148 2882 5206 hoc
2909 5151 3094 5208 facere
3123 5151 3308 5207 decet.

2066 5419 2262 5477 Canon
2312 5425 2507 5480 autem
2562 5425 2626 5480 18
2682 5433 2734 5480 et
2789 5427 2856 5481 19
2913 5427 3119 5500 synodi
3165 5428 3637 5501 Carthagineusis

1997 5509 2300 5567 admoneri
2325 5513 2712 5570 ordinandum
2736 5517 3011 5587 praecipit,
3045 5523 3110 5573 ut
3137 5521 3372 5574 Patrum
3409 5520 3639 5576 decreta

1995 5605 2204 5671 servet,
2237 5607 2352 5658 tam
2385 5619 2512 5676 qua
2539 5604 2696 5661 circa
2727 5605 2923 5674 fidem,
2970 5623 3149 5680 quam
3188 5625 3379 5666 mores
3409 5625 3512 5682 per
3540 5627 3640 5672 sa-

1993 5704 2124 5747 cros
2151 5705 2406 5750 canones
2435 5697 2773 5768 sanxerunt,
2805 5710 2878 5752 ne
2905 5695 3120 5756 horum
3150 5699 3477 5758 sanctiones
3493 5715 3638 5772 pras-
