4118 6214
403 372 518 437 195

1667 366 2050 433 ΜΑΤΤΗΛΕΙ
2096 368 2525 437 BLASTARIS

3686 364 3803 425 196

394 509 811 583 tergredientes
880 504 1118 562 tandem
1195 503 1454 560 stultitia
1512 503 1668 575 ipsos
1742 505 2042 576 poeniteat,

2191 508 2320 581 ρους
2395 508 2600 560 τούτων
2687 499 3049 576 παρεξιόντες,
3107 496 3190 553 ἐπ’
3248 495 3493 571 ἐσχάτων
3567 494 3796 566 ἀνόνητα

392 600 657 656 videlicet
685 597 773 652 vel
806 596 865 650 in
897 594 1006 650 hac
1036 594 1151 648 vita
1182 593 1504 648 sacerdotio
1542 597 1768 659 exutos,
1801 595 1887 650 vel
1921 611 2043 666 pce-

393 706 501 747 nas
532 690 845 761 perpetuas
876 686 935 741 in
969 685 1167 739 futura
1195 683 1422 738 dantes.

394 795 545 852 CLP.
578 792 646 852 V.
689 793 827 861 Quot
855 791 1090 862 episcopi
1142 790 1215 844 ad
1261 787 1667 845 ordinationem
1715 791 1948 861 episcopi
1991 796 2045 847 et

659 865 998 935 reliquorum
1027 863 1353 918 clericorum
1383 862 1758 932 requiruntur.

460 1053 657 1107 Canon
692 1047 917 1120 primus
948 1054 1281 1102 sanctorum
1331 1046 1520 1115 apost.
1578 1041 1921 1115 episcopum
1957 1041 2049 1098 in-

391 1140 555 1195 beta
585 1137 815 1193 duobus
847 1133 1136 1206 episcopis
1184 1131 1482 1198 ordinari;
1536 1132 1608 1186 ab
1656 1130 1773 1187 illis
1828 1130 2052 1188 scilicet

392 1234 798 1287 consecratum
831 1227 1192 1282 invocatione
1216 1224 1470 1294 Spiritus
1502 1223 1710 1288 sancti,
1771 1226 1829 1278 et
1880 1238 2047 1278 sacro

392 1321 725 1377 orationum
759 1318 897 1373 ritu.

463 1408 768 1467 Secundus
823 1410 1021 1462 autem
1101 1404 1524 1474 presbyterum,
1584 1406 1642 1457 et
1718 1401 2048 1469 diaconum,

393 1502 450 1555 et
504 1497 764 1568 reliquos
831 1492 1073 1549 clericos
1126 1491 1197 1547 ab
1251 1507 1367 1547 uno
1449 1491 1719 1562 episcopo
1790 1489 2051 1546 ordinari

397 1587 679 1662 precipit.

464 1679 658 1734 Canon
718 1679 914 1731 autem
981 1669 1212 1729 concilii
1271 1670 1742 1741 Carlhagineusis
1801 1669 1871 1724 49
1932 1674 2053 1725 tres

395 1769 709 1840 episcopos
739 1764 811 1820 ad
844 1761 1270 1818 ordinationem
1297 1758 1555 1832 episcopi
1600 1758 1867 1815 sufﬁcere
1896 1756 2047 1814 afﬁr-

396 1862 540 1924 mat,
574 1871 647 1911 ne
683 1854 733 1910 si
787 1851 985 1925 plures
1036 1849 1424 1923 requirantur,
1474 1849 1579 1904 hoc
1630 1847 2053 1919 impedimento

398 1947 476 2002 sit
515 1943 748 2001 utilitati
775 1958 841 1997 ac
874 1939 1200 1997 necessitati
1229 1938 1517 1995 Ecclesia.
1549 1936 1666 1992 Nos
1714 1941 1910 1992 autem
1955 1950 2058 1992 ne-

403 2033 726 2092 cessarium
757 2038 844 2087 est
875 2039 936 2085 ut
967 2034 1079 2084 tres
1122 2027 1208 2083 illi
1257 2026 1376 2083 'sint
1434 2025 1611 2082 unius
1677 2029 1735 2081 et
1795 2025 2056 2096 ejusdem

404 2122 748 2196 provinciae;
782 2135 983 2176 verum
1015 2118 1062 2174 si
1096 2121 1180 2174 tot
1209 2133 1323 2173 non
1357 2117 1565 2173 habeat
1593 2115 1705 2171 sub
1735 2130 1798 2171 se
1844 2117 2052 2169 metro-

402 2211 718 2281 politanus,
752 2207 925 2264 etiam
967 2221 1035 2261 ex
1084 2203 1199 2260 alia
1256 2202 1555 2275 provincia
1601 2201 1749 2257 duos
1788 2198 2064 2265 assumit,

403 2307 582 2371 atque
605 2299 686 2354 ita
714 2298 963 2353 electum
995 2294 1249 2351 ordinat.

404 2406 557 2464 262
598 2405 733 2460 CAP
766 2403 855 2457 VI.
907 2400 1057 2469 Quod
1099 2416 1225 2455 eum
1273 2398 1370 2470 qui
1427 2399 1490 2452 in
1545 2398 1859 2468 episcopum
1908 2395 2061 2450 ordi-

479 2479 696 2533 nandus
734 2478 833 2540 est,
865 2477 1115 2545 aporteat
1137 2471 1203 2526 ab
1233 2485 1407 2526 uxore
1442 2486 1546 2525 sua
1568 2470 1841 2540 separari.

484 2663 684 2729 Quaere
714 2676 840 2730 cap.
884 2657 949 2712 l7
982 2656 1088 2711 litt.
1124 2659 1181 2710 Γ.

696 2766 850 2823 CAP.
882 2764 999 2820 VlI.
1032 2765 1106 2820 De
1141 2765 1307 2818 atate
1332 2759 1785 2817 ordinandorum.

480 2933 701 2995 Quaere.
730 2945 856 2999 cap.
892 2932 924 2981 2
954 2926 1063 2981 litt.
1119 2926 1180 3003 Β.

412 3022 563 3079 CAP.
607 3019 751 3074 VIII.
814 3017 964 3085 Quod
1004 3031 1115 3070 non
1166 3020 1408 3084 oporteat
1459 3013 1773 3083 episcopum
1823 3014 2066 3085 morien-

483 3100 593 3148 tem
622 3090 803 3147 alium
833 3083 910 3145 in
939 3089 1120 3143 locum
1147 3102 1308 3141 suum
1364 3085 1618 3154 sufﬁcere
1665 3100 1730 3139 ac
1784 3083 2065 3140 ordinare.

484 3181 676 3237 Cauon
704 3178 775 3234 76
798 3182 985 3235 sanet.
1016 3179 1205 3247 apost.
1243 3196 1273 3225 ››
1312 3173 1438 3230 Νοιι
1486 3182 1725 3244 Oportet,
1781 3174 1884 3240 ait,
1937 3174 2059 3245 epi-

415 3232 767 3343 scopum‘ab'
784 3232 1027 3323 ecclesia
1054 3232 1254 3337 .quam
1290 3263 1435 3334 regit
1482 3232 1685 3333 quovis
1711 3232 1907 3317 'mod'o
1965 3232 2056 3319 ἑο·
2093 3232 2137 3299 C

414 3362 735 3428 cedentem,
761 3364 823 3411 ut
852 3356 936 3413 vel
972 3354 1147 3411 alicui
1196 3352 1785 3424 consanguineorum,
1812 3359 1908 3407 aut
1964 3351 2061 3407 alii

416 3448 794 3523 gratiﬁcetur,
826 3444 993 3501 illum
1044 3444 1115 3499 ad
1164 3444 1360 3498 sedem
1401 3457 1562 3497 suam
1615 3441 1905 3517 ordinare.
1938 3439 2063 3496 Non

416 3539 571 3596 enim
604 3551 832 3607 aequum
864 3541 951 3590 est
981 3532 1069 3589 vel
1099 3536 1377 3602 cognatos
1407 3528 1663 3584 heredes
1694 3528 2066 3600 episcopatus

417 3625 789 3692 constituere,
821 3627 921 3679 aut
951 3638 1074 3693 qua:
1108 3619 1206 3675 Dei
1243 3620 1404 3683 sunt,
1442 3615 1572 3673 aliis
1601 3631 1759 3672 more
1806 3617 2067 3673 humano

422 3714 657 3788 largiri;
692 3714 784 3770 sin
818 3728 948 3767 vero
987 3710 1095 3766 hoc
1125 3708 1418 3779 contingat
1456 3705 1603 3773 ﬁeri,
1645 3711 1702 3761 et
1746 3705 2065 3762 ordinatio—

426 3821 558 3862 nem
584 3800 904 3861 invalidam
935 3814 1081 3866 esse,
1110 3805 1163 3853 et
1185 3796 1551 3852 ordinantem
1581 3795 1896 3865 segregari.
1920 3794 2066 3850 Nam

428 3895 730 3964 episcopos
782 3890 891 3946 sub
935 3887 1178 3943 concilio
1204 3900 1334 3941 esse
1363 3885 1748 3941 constitutum
1783 3886 1891 3939 est.
1946 3884 2068 3939 Imo

427 3998 559 4039 vero
623 3992 1104 4049 unumquemque
1170 3975 1229 4029 in
1274 3990 1448 4029 suum
1526 3974 1717 4029 locum
1782 3972 2070 4043 praeﬁcere

427 4085 838 4145 quemcunque
866 4066 1057 4134 vellet,
1106 4064 1334 4119 videtur
1378 4063 1551 4118 etiam
1606 4060 1886 4117 lsraelitis
1940 4076 2071 4116 esse

422 4160 822 4219 interdictum.
854 4157 937 4213 Ita
967 4171 1110 4211 sane
1138 4154 1393 4209 divinum
1428 4152 1592 4206 illum
1627 4152 1842 4206 Mosem
1903 4150 2067 4205 incu-

424 4252 651 4318 sabant,
673 4247 827 4320 quod
861 4247 1094 4301 fratrem
1119 4259 1293 4299 suum
1328 4247 1610 4297 Aaronem
1645 4239 1912 4311 ﬁliosque
1943 4240 2067 4309 ejus

425 4340 486 4396 in
524 4336 912 4393 sacerdotium
974 4331 1259 4405 promovit
1301 4348 1315 4397 ;
1351 4335 1408 4384 et
1458 4330 1568 4384 nisi
1617 4329 1768 4384 Deus
1818 4345 1918 4399 per
1965 4328 2070 4382 mi-

427 4427 625 4484 racula
670 4423 1057 4482 sacerdotium
1120 4419 1261 4492 ipsis
1311 4420 1732 4484 conﬁrmasset,
1764 4434 1880 4473 non
1937 4417 2070 4472 diu-

429 4520 583 4574 esset
612 4514 757 4589 quin
787 4513 888 4568 illo
913 4509 1139 4582 depulsi
1172 4508 1437 4564 fuissent.

504 4794 700 4851 Canon
722 4794 918 4847 autem
948 4788 1019 4843 23
1049 4802 1176 4860 syn.
1221 4784 1589 4841 Antiochensi
1649 4783 1922 4838 admonet
1964 4797 2077 4836 non

427 4885 604 4942 licere
641 4882 910 4954 episcopo
940 4877 1206 4934 ordinare
1239 4875 1490 4946 cupienti
1534 4887 1702 4945 quem
1742 4871 1934 4941 vellet,
1989 4869 2079 4925 sui

431 4985 855 5036 successorem,
886 4966 1153 5039 quamvis
1182 4965 1240 5019 in
1267 4964 1423 5019 exitu
1443 4962 1572 5018 vitae
1598 4962 1810 5027 fuerit;
1855 4969 1909 5016 et
1956 4960 2082 5031 qui-

435 5064 568 5120 dem
602 5061 652 5116 si
684 5058 898 5125 fecerit,
927 5055 1149 5111 irritam
1165 5069 1294 5109 esse
1319 5051 1761 5108 ordinationem.
1796 5048 1863 5105 Hi
1888 5055 2078 5105 autem

432 5154 530 5225 qui
562 5152 705 5206 ritus
733 5146 995 5204 Ecclesia:
1025 5144 1335 5199 observant
1364 5145 1491 5213 post
1531 5140 1755 5195 obitum
1804 5139 2080 5211 episcOpi.

432 5243 618 5298 virum
641 5236 862 5311 judicio
892 5234 1289 5307 episcoporum
1336 5228 1640 5303 provinciae
1678 5228 1918 5301 dignum
1949 5245 2083 5301 pro-

437 5332 767 5389 movebunt.

442 5456 597 5509 CAP.
627 5456 718 5508 1x.
752 5452 905 5520 Quod
934 5449 1249 5519 episcopum
1293 5446 1390 5498 aut
1425 5442 1803 5520 presbyterum
1831 5446 1927 5497 aut
1970 5441 2085 5496 dia-

513 5543 707 5581 conum
756 5516 1006 5579 6rdinari
1056 5533 1166 5573 nan
1212 5520 1475 5586 oporteat,
1520 5516 1846 5585 priusquam
1901 5529 2085 5569 omnes

513 5613 633 5652 suos
663 5596 979 5652 domesticos
1010 5586 1352 5645 Christianos
1380 5588 1591 5656 fecerit.

519 5775 717 5833 Conon
774 5770 843 5829 36
898 5768 1105 5842 synodi
1142 5765 1617 5839 Carthaginensis
1670 5780 1781 5823 non
1828 5762 2086 5821 ordinari

2157 594 2631 669 μεταμεληθῶσιν,
2680 593 2715 661 ἢ
2765 590 2819 645 ἐν
2867 594 2944 661 τῷ
2993 588 3220 661 παρόντι
3280 583 3709 659 καθαιρεθέντες,
3759 586 3793 655 ἢ

2154 685 2558 758 ἀπαραιτήτους
2591 679 2740 744 δίκας
2771 679 3066 754 ὑπέχοντες
3098 676 3150 732 ἐν
3181 680 3260 748 τῷ
3294 672 3582 748 μέλλοντι.

2156 794 2409 845 ΚΕΦΑΛ.
2454 794 2524 843 E'.
2566 788 2721 842 Ὑπὸ
2769 783 2990 839 πόσών
3048 779 3430 837 ἐπισκόπων
3480 799 3586 871 χει
3646 798 3798 832 οτο-

2227 865 2498 906 νοῦνται
2540 859 2601 906 οἱ
2642 857 2999 906 ἐπίσκοποι
3039 854 3147 906 καὶ
3178 853 3239 906 οἱ
3281 851 3518 906 λοιποι
3556 796 3796 906 κληοι-

2227 865 2498 915 νοῦνται
2540 859 2601 912 οἱ
2642 857 2999 912 ἐπίσκοποι
3039 854 3147 910 καὶ
3178 853 3239 908 οἱ
3281 851 3521 908 λοιποῖ
3556 851 3796 923 κληριο

2226 933 2365 989 κοί.

2226 1039 2289 1096 Ὀ
2323 1038 2417 1112 μὲν
2452 1041 2501 1091 α’
2539 1041 2648 1091 τῶν
2691 1036 2858 1110 ἁγίων
2909 1029 3229 1088 ἀποστόλων
3281 1031 3457 1085 κανὼν
3506 1026 3800 1083 ἐπίσκοπον
3882 1024 3885 1025 ν

2162 1129 2264 1183 ὑπὸ
2322 1124 2421 1181 δύο
2482 1125 2791 1181 ἐπισκόπων
2852 1121 3284 1197 χειροτονεῖσθαι
3333 1117 3568 1186 κελεύει,
3621 1118 3803 1171 καθιε-

2160 1217 2423 1292 ρούμενον
2460 1216 2596 1291 πρὸς
2627 1214 2805 1268 αὐτῶν
2839 1215 2909 1286 τῇ
2961 1209 3247 1279 ἐπικλήσει
3297 1210 3394 1263 τοῦ
3443 1206 3599 1283 ἁγίου
3641 1203 3805 1260 Πνεύ-

2163 1328 2355 1380 ματος,
2385 1306 2477 1361 καὶ
2514 1310 2585 1379 τῇ
2616 1305 2733 1378 ἱερᾷ
2759 1307 2867 1357 τῶν
2901 1301 3079 1375 εὐχῶν
3109 1298 3328 1372 τελετῇ.

2231 1401 2289 1450 '0
2319 1394 2376 1450 δὲ
2496 1389 2881 1470 πρεσϐύτερον,
2921 1392 3011 1445 καὶ
3063 1387 3336 1456 διάκονον,
3375 1387 3466 1441 καὶ
3512 1386 3639 1448 τοὺς
3685 1386 3805 1441 λοι-

2158 1485 2294 1547 ποὺς
2342 1483 2665 1561 κληρικοὺς,
2718 1482 2805 1562 ὑφ’
2854 1481 2970 1542 ἐνὸς
3033 1478 3328 1534 ἐπισκόπου
3376 1477 3804 1551 χειροτονεῖσθαι

2158 1579 2532 1650 παρεγγυᾶται
2542 1617 2556 1630 .

2228 1665 2290 1721 Ὁ
2322 1661 2379 1719 δὲ
2409 1666 2506 1733 τῆς
2558 1662 2610 1717 ἐν
2663 1658 2972 1734 Καρθαγένῃ
3022 1659 3105 1731 μθ¹
3154 1659 3301 1730 τρεῖς
3350 1653 3677 1714 ἐπισκόπους
3727 1650 3806 1714 είς

2158 1753 2462 1809 ἐπισκόπου
2527 1756 2869 1826 χειροτονίαν
2931 1748 3112 1818 ἀρκεῖν
3166 1745 3502 1821 ἀπεφήνατο,
3575 1740 3668 1797 ἵνα
3727 1742 3805 1816 μή

2160 1842 2388 1905 πλείους
2447 1840 2874 1911 ἐπιζητούντων,
2923 1837 3003 1909 τῷ
3058 1833 3327 1911 χρησίμῳ
3390 1839 3481 1895 καί
3538 1831 3809 1905 ἀναγκαίῳ

2161 1939 2262 2002 τῆς
2302 1930 2628 2001 Ἐκκλησίας
2673 1925 2933 2002 ἐμποδὼν
2966 1930 3130 1981 τοῦτο
3169 1922 3409 1998 γενηται.
3452 1920 3562 1978 Οὐκ
3599 1919 3806 1993 ἀνάγκη

2156 2021 2225 2078 ’δὲ
2254 2022 2344 2077 καὶ
2376 2020 2503 2082 τοὺς
2533 2025 2678 2093 τρεῖς
2718 2025 2818 2088 τῆς
2858 2015 3023 2086 αὐτῆς
3061 2012 3329 2089 ἐπαρχίας
3379 2010 3554 2066 εἶναι’
3605 2006 3731 2065 ἀλλ’
3762 2006 3808 2062 εἰ

2172 2114 2246 2185 μὴ
2300 2109 2594 2171 τοσούτους
2644 2107 2761 2183 ἔχει
2810 2107 2838 2160 ὁ
2894 2102 3337 2181 μητροπολίτης,
3380 2101 3470 2155 καὶ
3527 2099 3581 2170 ἐξ
3627 2097 3810 2171 ἐτέρας

2168 2200 2435 2279 ἐπαρχίας
2469 2197 2564 2255 δύο
2595 2192 3033 2277 προσλαμϐάνει,
3071 2193 3162 2249 καὶ
3195 2192 3341 2248 οὕτω
3379 2193 3473 2247 τὸν
3519 2190 3813 2268 ψηφισθὲν-

2168 2313 2237 2347 τα
2260 2294 2588 2366 χειροτονεῖ.

2171 2403 2434 2454 ΚΕΦΑΛ.
2474 2396 2575 2485 ς’.
2604 2396 2745 2453 "Ott
2776 2395 2885 2449 τὸν
2916 2388 3613 2520 χειροτονηθήσεσθαι
3649 2382 3814 2455 μὲλ-

2244 2469 2446 2520 λοντα
2494 2467 2861 2520 επίσκοπον
2960 2470 3019 2518 εἷ
3074 2462 3404 2520 πρότερον
3461 2479 3577 2520 της
3638 2453 3814 2516 ἰδίας

2244 2453 2446 2524 λοντα
2490 2453 2861 2523 ’ἐπίσκοπον
2919 2453 3404 2537 θεῖ’πρότέρόν
3461 2460 3577 2527 τῆς
3638 2453 3817 2516 ἷδίας

2245 2542 2658 2615 χωρίζεσθαι
2701 2536 3057 2615 γυναικός.

2245 2650 2405 2717 Ζήτει
2435 2649 2496 2701 τὸ
2530 2648 2591 2716 ιζ’
2620 2642 2915 2723 κεφάλαιον
2946 2647 3042 2698 τοῦ
3073 2647 3110 2696 Γ
3142 2638 3441 2715 στοιχείου.

2212 2743 2465 2792 ΚΕΦΑΛ.
2508 2737 2577 2790 Z'.
2621 2736 2778 2809 Περὶ
2815 2740 2932 2875 τὲλὶς
2970 2736 3097 2858 τιῖιν
3150 2725 3779 2808 χειροτονουμένῶν

2948 2826 3009 2859 ικ
3053 2824 3152 2865 ας.

2948 2824 3152 2865 ικιας.

2247 2900 2401 2969 Ζήτει
2433 2898 2494 2952 τὸ
2600 2895 2890 2974 κεφάλαιον
2924 2898 3019 2948 τοῦ
3051 2899 3089 2948 Β
3120 2890 3421 2967 στοιχείου.

2177 3006 2433 3063 ΚΕΦΔΛ.
2476 3009 2555 3061 Η’.
2596 3006 2747 3061 ’Ὁτι
2798 3003 2869 3056 οὐ
2937 2999 3038 3073 δεῖ
3103 2999 3535 3073 χειροτονεῖν
3590 2988 3818 3065 ἕτερον

2282 3078 2422 3131 ἀνθ’
2453 3078 2688 3132 ἑαυτοῦ
2717 3075 2826 3130 τὸν
2856 3068 3268 3129 τελευτῖιῖντά
3295 3068 3666 3122 ἐπίσκοπον
3692 3105 3708 3121 .

2247 3171 2304 3221 '0
2358 3168 2431 3228 ος¹
2486 3170 2594 3221 τῶν
2654 3164 2821 3241 ἁγίων
2886 3160 3206 3217 ἀποστόλων
3267 3157 3467 3226 κανὼν,
3542 3154 3619 3211 Οὐ
3678 3153 3815 3227 χρὴ.

2177 3256 2335 3334 φησὶ,
2406 3257 2497 3310 τὸν
2576 3254 2888 3323 ἐπίσκοπον,
2957 3246 3344 3323 ὁποιῳδήποτε
3430 3243 3816 3319 μεθίστάμενον

2178 3333 2366 3419 τρόπῳ
2422 3348 2487 3415 ἧς
2549 3342 2740 3399 ἰθύνειν
2811 3336 3011 3419 ἔλαχεν
3072 3338 3387 3407 ἐκκλησίας,
3445 3333 3482 3405 ἢ
3535 3355 3639 3388 τινι
3708 3335 3822 3386 τῶν

2176 3438 2264 3515 ἀφ’
2324 3434 2556 3509 α’ίματος
2608 3436 2643 3502 ἢ
2699 3430 2869 3507 ἒτέρῳ
2923 3428 3309 3505 χαριζόμενον,
3358 3424 3434 3487 εἷς
3481 3425 3572 3478 τὸν
3620 3419 3824 3490 ταύτης

2178 3510 2366 3603 θρόνον
2408 3529 2600 3582 τοῦτον
2660 3525 3014 3598 χειροτονεῖν.
3070 3517 3143 3574 Ού
3189 3517 3290 3592 γὰρ
3340 3512 3571 3582 δίκαιον,
3619 3512 3654 3581 ἢ
3693 3510 3824 3570 τοὺς

2178 3618 2322 3694 γένει
2414 3616 2790 3691 προσήκοντας
2874 3603 3261 3685 κληρονόμους
3340 3606 3439 3674 τῆς
3520 3601 3823 3668 ἐπισκοπῆς

2177 3689 2469 3775 ποιεῖσθαι,
2512 3704 2547 3774 ἢ
2597 3703 2801 3778 ὲτέροις
2846 3700 2913 3755 τὰ
2958 3701 3054 3754 τοῦ
3103 3700 3237 3753 Θεοῦ
3282 3696 3442 3750 πάθει
3494 3689 3820 3766 ἀνθρωπίνῳ

2179 3796 2493 3873 χαρίζεσθαι
2531 3812 2544 3824 ο
2585 3791 2632 3847 εἰ
2691 3788 2749 3846 δὲ
2806 3783 3048 3863 συμϐαίη
3093 3785 3361 3862 γενέσθαι,
3412 3781 3501 3836 καὶ
3548 3780 3646 3847 τὴν
3693 3798 3820 3855 χει-

2182 3885 2432 3960 ροτοοίαν
2499 3881 2695 3954 ἄκυρον
2762 3880 2961 3951 μένειν,
3032 3873 3124 3930 καὶ
3207 3875 3300 3929 τὸν
3358 3870 3819 3945 χειροτονήσαντα

2178 3954 2549 4049 ἀφορίζεσθαι.
2590 3968 2720 4023 Ὑπὸ
2767 3968 2871 4042 γὰρ
2923 3961 3147 4020 συνόδου
3194 3960 3321 4023 τοὺς
3363 3959 3693 4018 ἐπισκόπους
3732 3954 3847 4028 γί-¹

2177 4066 2356 4117 νεσθαι
2420 4058 2781 4126 διατέτακται,
2850 4054 2912 4109 ού
2984 4054 3092 4127 μὴν
3158 4049 3382 4106 ἕκαστον
3447 4049 3560 4102 ἀνθ’
3626 4047 3821 4100 ἑαυτοῦ

2178 4150 2535 4227 προίσχεσθαι
2592 4150 2651 4203 ’ὸν
2711 4146 2770 4201 ἄν
2832 4142 3150 4220 βουληθείη.
3229 4140 3408 4198 Τοῦτο
3455 4137 3545 4192 καὶ
3592 4140 3707 4196 τοῖς
3766 4133 3818 4201 ἐξ

2182 4224 2403 4315 Ἰσραήλ
2462 4244 2573 4294 τῶν
2629 4230 3014 4310 ἀπειρημένων
3074 4228 3284 4285 ἐδόκει”
3345 4226 3538 4301 ἀμέλει
3592 4224 3682 4280 καὶ
3738 4227 3822 4295 τῷ

2180 4329 2445 4401 θεσπεσίῳ
2504 4327 2790 4381 ἐνεκάλουν
2868 4324 3063 4395 Μωσῇ,
3137 4320 3211 4381 ὡς
3284 4318 3386 4391 ἄρα
3442 4317 3532 4370 τὸν
3587 4310 3822 4391 ἀδελφὸν

2180 4422 2390 4497 Ἀαρὼν
2450 4419 2539 4475 καὶ
2594 4419 2720 4478 τοὺς
2779 4413 2985 4469 ἐκείνου
3043 4413 3178 4472 ύῖεῖς
3228 4409 3467 4483 ἱερᾶσθαι
3514 4402 3826 4481 προεχειρί-

2183 4490 2312 4568 σατο
2338 4531 2350 4544 ο
2382 4511 2471 4566 καὶ
2506 4508 2551 4564 εί
2591 4507 2669 4581 μὴ
2718 4503 2968 4577 σημείοις
2998 4502 3026 4556 ὁ
3057 4501 3186 4560 Θεὸς
3232 4499 3333 4568 τὴν
3379 4494 3679 4571 ἱερωσύνην
3724 4490 3825 4546 αύ-

2107 4607 2154 4673 Ι)
2185 4608 2301 4664 τοῖς
2357 4598 2711 4673 ἐπεψήφισεν,
2777 4594 2877 4648 οὐκ
2938 4590 2999 4647 ἄν
3067 4590 3202 4659 ἦσαν
3267 4584 3555 4662 φθάνοντες
3619 4581 3824 4651 ταύτης

2182 4685 2635 4765 ὠστρακισμένον..

2259 4761 2321 4838 Ὁ
2369 4776 2427 4833 δὲ
2465 4761 2552 4851 κγ’
2597 4781 2698 4844 τῆς
2743 4771 2795 4827 ἐν
2857 4767 3165 4843 Ἀντιοχείᾳ
3224 4762 3453 4819 συνόὸόυ
3503 4763 3580 4836 μὴ
3637 4761 3828 4851 ἐξεῖναι

2188 4870 2397 4927 κελεύει
2425 4872 2504 4940 τῷ
2539 4862 2858 4941 βουλομένῳ
2884 4860 3217 4935 χειροτονεῖν
3248 4855 3307 4909 ’ὃν
3350 4851 3603 4928 βούλεται
3636 4845 3827 4903 διάδο-

2189 4981 2291 5039 χον
2323 4936 2672 5029 εαυτοῖὶξκᾷν
2721 4952 2855 5025 πρὸς
2902 4953 2970 5023 τῇ
2999 4946 3226 5019 τελευτῇ
3272 4947 3369 4998 τοῦ
3422 4942 3544 5017 βίου
3590 4936 3833 5039 τυγχάχῃ

2190 5024 2286 5119 ὃν,
2317 5048 2362 5103 εἷ
2396 5045 2452 5102 δὲ
2495 5046 2595 5120 μὴ,
2626 5040 2822 5117 ἄκυρον
2870 5040 3001 5093 εἶναι
3046 5037 3145 5105 τήν
3196 5034 3519 5090 κατάστασιν
3544 5051 3557 5064 ·
3613 5028 3738 5089 τοὺς
3772 5024 3834 5083 δὶ

2189 5118 2419 5211 θεσμοὺς
2466 5118 2565 5204 τῆς
2614 5129 2946 5200 Ἐκκλησίας
2990 5123 3381 5203 φυλάττοντας,
3434 5119 3569 5193 μετά
3605 5118 3667 5173 τὸ
3719 5138 3836 5190 μη-

2188 5205 2303 5284 κέτι
2347 5225 2480 5281 εἶναι
2535 5222 2625 5277 τὸν
2677 5219 2992 5285 ἐπίσκοπον,
3038 5215 3213 5290 κρίσει
3262 5216 3369 5268 τῶν
3414 5216 3515 5279 τῆς
3566 5205 3832 5281 ἐπαρχίας

2192 5315 2502 5372 ἐπισκόπων
2533 5311 2626 5366 τὸν
2659 5307 2810 5379 ἄξιον
2836 5302 3303 5379 προχειρίζεσθαι.

2195 5443 2451 5497 ΚΕΦΑΛ.
2503 5436 2578 5492 0'.
2635 5435 2781 5487 ⁸Ὀτι
2832 5429 2903 5485 οὗ
2953 5421 3640 5502 δεῖ-χειροτονέεῖσθαί
3686 5426 3839 5475 τινα

2265 5511 2667 5574 ἐπίσκοπον,
2734 5504 2770 5573 ἢ
2837 5492 3342 5576 πρεσϐύτερονζ
3393 5492 3838 5576 ’ἓξ-[διάκονον.3

2259 5564 2372 5637 ἐὰν
2434 5580 2520 5654 μή
2576 5564 2907 5654 πρότερον
2964 5564 3357 5654 τοὺςένιτῷ
3412 5564 3575 5638 ο⁹ίκῳ
3632 5564 3840 5619 αὐτοῦ

2263 5640 2520 5714 πάντἀς
2554 5640 2810 5721 πόιήσῂ
2846 5640 3323 5720 Χριστιανούς.

2263 5761 2320 5816 Ὅ
2365 5755 2423 5814 δὲ
2477 5753 2559 5824 λς’
2606 5759 2707 5827 τῆς
2765 5752 2817 5810 ἐν
2862 5744 3174 5829 Καρθαγὲνη
3237 5743 3467 5804 συνόδου
3521 5740 3697 5800 κανὼν
3759 5741 3842 5817 μὴ
