4118 6214
285 364 398 428 197

1309 363 1734 430 SYNTAGMA
1772 364 2404 433 ALPHABE'I‘ICUM.
2454 405 2531 417 —
2573 366 2649 434 X.

3573 381 3688 443 198

274 498 720 572 χειροτονεῖσθαι
766 494 976 552 κελεύει
1038 499 1180 571 μήτε
1237 495 1556 568 ἒπίσκοπον,
1600 501 1737 572 μήτε
1795 519 1921 575 πρε-

2047 503 2304 574 praecipit
2331 503 2418 559 vel
2447 504 2789 577 episcopum
2818 506 2907 561 vel
2941 508 3341 578 presbyterum
3372 506 3460 567 vel
3490 513 3689 569 diaco-

273 580 565 659 σϐύτερον,
617 588 761 659 μήτε
811 583 1080 657 διάκονον,
1112 585 1170 640 ἂν
1215 588 1291 659 μή
1339 583 1604 662 πρότερον
1658 587 1786 651 τοὺς
1845 588 1928 642 οἷ-

269 676 457 736 κείους
509 675 715 737 πάντας
793 675 1155 749 Χριστιανοὺς
1218 676 1459 752 γενέσθαι
1516 676 1929 751 παρασκευάσω-

270 787 383 822 σιν.
418 767 477 821 Ὀ
524 766 635 841 γὰρ
676 763 804 827 τοὺς
854 764 1090 826 οἰκείους
1143 763 1460 839 ἐπιστρέψαι
1488 766 1625 839 πρὸς
1656 761 1927 821 εὐσέϐειαν

277 858 357 928 μή
421 852 614 928 δεξιῶς
662 852 830 929 ἔχων,
884 858 1001 916 πῶς
1056 854 1271 930 ὶτέρους
1324 855 1505 917 ἱκανὸς
1582 853 1728 910 ἔσται
1785 853 1931 910 διδά-

271 964 424 999 σκειν
452 963 466 1014 ;
500 945 576 1006 ὡς
603 943 697 998 καὶ
726 944 754 997 6
799 943 966 1018 μέγας
1015 942 1148 1020 φησὶ
1199 946 1413 1006 Παῦλος
1435 961 1447 974 ⁸
1482 968 1512 997 ‹‹
1545 943 1614 1000 Ei’
1653 966 1738 1008 τις
1787 942 1929 999 ἰδίου

272 1029 436 1088 οἴκου
463 1038 769 1106 προστῆναι
798 1031 898 1087 οὐκ
928 1029 1061 1096 οἶδε,
1092 1036 1211 1095 πῶς
1243 1032 1407 1095 οὗτος
1438 1031 1765 1102 Ἐκκλησίας
1795 1036 1929 1090 Θεοῦ

274 1122 646 1196 προστήσεται
675 1140 690 1190 ;
723 1145 752 1171 ››

276 1251 540 1321 ΚΕΦΔΛᾍ.
577 1248 635 1303 I'.
665 1249 817 1321 ’,Οτι
855 1246 925 1321 ού
967 1244 1066 1301 δεῖ
1106 1251 1647 1321 χειροτονεῖσθαι
1689 1248 1929 1319 ἂυρύον

346 1318 751 1398 τὸνᾷλαϊκὸν
803 1318 1194 1398 ἐπίσκοπον,
1229 1318 1411 1398 οὐδε
1439 1322 1553 1398 τὸν
1599 1321 1746 1398 ἄρτι
1778 1318 1929 1398 ἀφω-

347 1392 702 1466 τιῗσθεντα’
742 1391 853 1466 καὶ
894 1390 1001 1466 διὰ
1037 1391 1234 1452 ποίας
1274 1391 1492 1452 αἰτίας
1533 1392 1561 1446 ὁ
1600 1390 1927 1466 κληρι’κὸς

344 1465 468 1526 τῆς
516 1462 888 1537 ἱερωσύνης
927 1461 1335 1541 ἀφαιρεῖται.

346 1571 513 1639 Ζήτει
541 1569 604 1624 τὸ
637 1572 683 1624 α’
712 1567 1006 1647 κεφάλαιον
1038 1575 1137 1624 τοῦ
1166 1574 1213 1627 Α
1245 1570 1545 1646 στοιχείου.

585 1678 696 1752 ΙΑ’.Δ
731 1676 899 1732 Πότε
947 1682 1445 1752 χειροτονεῖται
1505 1676 1849 1752 εύλνο-ὖχος,
1886 1680 1922 1748 ἢ

349 1747 583 1824 ᾇλλως
637 1749 719 1824 τὸ.
762 1744 1521 1824 σῶμα”λὲλωϐημὲνος,
1562 1744 1927 1815 ἐπίσκοπος

349 1818 387 1888 ἢ
429 1819 783 1894 κληρικός.

347 1928 515 1997 Ζήτει
543 1927 607 1981 τὸ
638 1925 720 1983 λδ¹
747 1926 1044 2001 κεφάλαιον
1073 1932 1176 1983 τοῦ
1210 1933 1250 1984 Β
1277 1928 1586 2003 στοιχείου.

342 2020 403 2069 Ὁ
433 2011 493 2070 δὲ
521 2021 596 2085 οζ⁹
633 2016 722 2071 καὶ
772 2017 801 2071 6
857 2018 942 2087 οη⁹
968 2013 1190 2079 κανόνες
1218 2016 1327 2072 τῶν
1386 2017 1552 2093 ἁγίων
1603 2017 1925 2075 ἀποστόλων

272 2103 377 2159 οὒκ
409 2104 748 2160 ἀπωθοῦνται
795 2112 896 2175 τῆς
950 2106 1246 2182 ἱιρωσύνης
1301 2108 1394 2162 τὸν
1427 2106 1856 2186 ἕτερόςρθαλμον,
1886 2108 1922 2178 ἢ

268 2195 334 2248 τὸ
387 2192 584 2255 σκέλος
629 2195 1021 2264 ὑποσκάζοντα.
1051 2196 1134 2252 Ού
1179 2196 1284 2271 γὰρ
1332 2191 1517 2267 λώϐη,
1548 2197 1704 2272 φησί,
1736 2198 1923 2270 σώμα-

267 2302 392 2350 τος,
424 2281 516 2336 οἵα
567 2302 629 2338 τε
681 2287 844 2339 τοῦτο
896 2288 1104 2357 μιᾶναι,
1161 2283 1310 2339 ἀλλὰ
1363 2287 1550 2359 ψυχῆς
1613 2285 1922 2358 μολυσμός,

264 2373 440 2429 Ταυτὶ
474 2372 578 2448 γὰρ
616 2377 696 2445 τῷ
737 2372 956 2428 σκιώδει
1000 2376 1415 2448 παρατετήρητο
1455 2374 1634 2448 νόμῳ,
1685 2374 1923 2446 ὁλόκλη-

267 2478 369 2530 ρον
430 2457 779 2531 ἐπιζητοῦντι
836 2460 899 2515 τὸ
957 2465 1135 2533 σῶμα,
1188 2465 1305 2524 τοῖς
1370 2458 1673 2535 ὁρωμένοις
1730 2460 1926 2518 ἐκπαι-

267 2546 443 2603 δεύειν
484 2550 554 2604 τὰ
598 2550 938 2622 πνευματικὰ
977 2550 1216 2609 εἰωθότι.
1253 2549 1425 2605 Ἀλλὰ
1466 2550 1556 2606 καὶ
1598 2553 1627 2606 6
1660 2552 1795 2625 μετᾶ
1822 2554 1921 2620 τήν

266 2636 574 2711 ἱερωσύνην
605 2639 857 2694 τοισῦτόν
885 2660 936 2694 τι
985 2639 1293 2707 πεπονθὼς,
1324 2641 1523 2710 ταύτης
1574 2641 1880 2696 ἀπεκινεῖτο
1902 2660 1921 2679 ο

266 2728 400 2800 παρ’
430 2728 569 2800 ἡμῖν
621 2723 699 2790 δὲ,
730 2728 822 2782 καὶ
871 2728 898 2782 ὁ
947 2727 1043 2790 τὰς
1098 2726 1249 2802 ὄψεις
1303 2727 1438 2800 μετά
1477 2730 1577 2798 τὴν
1622 2728 1920 2804 ἱερωσύνην

266 2814 583 2888 ἀνακοπεὶς,
621 2817 659 2887 ἢ
735 2817 903 2891 ἑτέρῳ
980 2816 1137 2873 πάθει
1220 2819 1524 2892 περιπεσὼν
1621 2818 1921 2891 ἀνηκέστῳ,

264 2908 368 2973 τῆς
430 2904 731 2979 ἱερωσύνης
791 2905 858 2960 ού
923 2906 1284 2979 μετατίθεται.
1334 2907 1395 2962 Εἰ
1461 2911 1561 2984 γάρ
1608 2928 1711 2977 τις,
1771 2908 1920 2984 φησὶ,

264 2994 362 3047 καί
416 2991 587 3071 ἄμφω
647 2993 767 3055 τοὺς
825 2991 1145 3070 ὀφθαλμοὺς
1202 2994 1544 3067 ἐκκέκοπται,
1592 2996 1627 3064 ἢ
1686 2997 1753 3049 τὰ
1809 2994 1923 3050 ὦτα

260 3082 619 3158 κεκώφωται,
649 3082 687 3152 ἢ
742 3084 842 3153 τὴν
901 3080 1073 3154 δεξιὰν
1130 3083 1309 3159 ἀργὴν
1365 3083 1484 3159 ἔχει
1532 3083 1718 3162 χεῖρα,
1749 3085 1785 3153 ἢ
1828 3083 1919 3140 ἆλ-

261 3171 377 3242 λην
432 3172 560 3226 τινὰ
612 3175 720 3227 τῶν
777 3170 1079 3243 αἰσθήσεων
1136 3172 1437 3251 ἀφῄρηται,
1486 3173 1921 3248 προσισταμένης

2040 608 2201 659 num,
2254 592 2365 649 nisi
2418 593 2580 664 prius
2629 596 2983 651 domesticos
3031 614 3173 653 suos
3222 599 3291 653 ad
3342 600 3688 663 Christiani-

2040 696 2236 735 smum
2268 681 2637 738 adduxerint.
2672 684 2815 740 Nam
2849 687 2949 756 qui
2980 702 3116 742 suos
3145 688 3213 743 ad
3247 688 3519 759 pietatem
3552 707 3688 746 con-

2037 775 2259 827 vertere
2300 772 2506 839 nescit,
2555 774 2848 844 quomodo
2897 779 3068 844 aptus
3122 779 3479 848 esse‘queat
3542 778 3687 835 alios

2039 859 2291 917 docere?
2321 862 2480 919 Sicut
2524 868 2580 918 et
2627 880 2873 937 magnus
2920 864 3133 921 Paulus
3179 866 3322 922 dicit
3354 884 3368 922 :
3400 890 3430 919 «
3462 868 3522 924 Si
3556 870 3688 940 quis

2039 950 2239 1005 domui
2288 966 2406 1006 sum
2458 967 2703 1023 praeesse
2750 953 2956 1021 nescit,
2988 956 3279 1025 quomodo
3335 956 3436 1013 Dei
3485 957 3689 1018 Eccle-

2039 1038 2189 1095 siam
2220 1054 2418 1111 regere
2448 1041 2708 1113 poterit?
2737 1066 2761 1096 ι

2038 1235 2178 1306 Cap.
2211 1240 2286 1314 X.
2313 1237 2462 1304 Quod
2492 1253 2607 1314 non
2628 1241 2879 1314 oporteat
2912 1239 3128 1295 laicum
3155 1241 3347 1297 statim
3374 1241 3687 1314 episcopum

2107 1310 2307 1386 creari,
2337 1325 2513 1386 neque
2542 1310 2705 1386 illum
2736 1311 2844 1386 qui
2862 1315 3176 1386 nuperrime
3205 1310 3516 1386 baptizatus
3545 1310 3686 1386 fuit:

2109 1384 2158 1434 et
2187 1380 2383 1452 quibus
2411 1380 2475 1436 de
2499 1382 2679 1438 causis
2708 1380 2946 1439 clericus
2973 1380 3285 1439 sacerdotio
3312 1386 3543 1442 excidit.

2107 1561 2308 1625 Quaere
2347 1578 2471 1635 cap.
2504 1563 2529 1618 1
2564 1545 2679 1621 litt.
2710 1565 2779 1620 A.

2038 1666 2199 1724 568
2232 1668 2383 1725 CAP.
2416 1667 2509 1725 XI.
2544 1669 2780 1745 Quando
2809 1687 2923 1725 non
2941 1670 3232 1745 ordinetur
3258 1672 3539 1729 eunuchus
3565 1674 3689 1745 epi-

2105 1755 2292 1811 scopus
2353 1748 2452 1797 aut
2516 1743 2767 1808 clericus,
2834 1749 2931 1800 aut
2999 1744 3170 1800 aliter
3234 1760 3461 1817 corpore
3526 1743 3688 1802 man-

2109 1827 2227 1869 cus.

1956 1882 2004 1947 Β
2106 1920 2311 1987 Quare
2338 1934 2467 1992 cap.
2500 1920 2569 1974 34
2597 1919 2709 1976 litt.
2745 1920 2806 1976 E.

2105 2009 2370 2065 Canones
2414 2010 2486 2063 77
2530 2014 2587 2066 et
2622 2011 2694 2064 78
2744 2015 3081 2067 sanctorum
3136 2012 3527 2084 apostolorum
3571 2031 3685 2070 non

2036 2097 2306 2169 rejiciunt
2354 2116 2388 2154 a
2433 2099 2757 2156 sacerdotio
2790 2100 3185 2171 monoculum,
3216 2108 3314 2157 aut
3344 2102 3686 2158 claudican-

2033 2192 2178 2244 tem.
2209 2187 2333 2245 Non
2366 2188 2521 2244 enim
2555 2189 2715 2245 labes
2742 2190 3058 2267 corporalis
3088 2192 3279 2262 quoad
3315 2191 3422 2247 hoc
3454 2192 3683 2264 polluit,

2035 2278 2138 2332 sed
2186 2277 2393 2333 animae
2425 2278 2655 2335 vitium.
2688 2279 2848 2334 Istud
2895 2279 3052 2335 enim
3088 2281 3198 2335 sub
3230 2280 3355 2351 lege
3385 2281 3683 2337 umbratili

2035 2367 2402 2423 observatum
2450 2372 2560 2436 est,
2594 2385 2716 2438 quae
2764 2369 3049 2439 integrum
3097 2386 3311 2442 corpus
3361 2371 3563 2440 exegit,
3597 2377 3687 2427 at-

2034 2471 2145 2526 que
2203 2455 2351 2512 solet
2404 2472 2473 2511 ex
2528 2456 2860 2513 visibilibus
2926 2459 3259 2529 spiritualia
3315 2459 3572 2515 educere.
3635 2462 3687 2514 Is

2034 2545 2269 2615 quidem
2319 2546 2420 2616 qui
2474 2546 2587 2601 tale
2636 2548 2773 2618 quid
2829 2563 3040 2619 passus
3095 2548 3278 2603 fuerat
3309 2564 3548 2604 munere
3578 2565 3685 2604 suo

2033 2635 2378 2690 movebatur
2410 2652 2423 2690 :
2458 2640 2855 2691 verumtamen
2907 2638 3061 2708 apud
3115 2654 3241 2703 nos,
3274 2638 3373 2708 qui
3423 2639 3508 2693 vel
3541 2654 3687 2694 acu-

2031 2722 2121 2779 los
2168 2730 2299 2795 post
2328 2723 2719 2780 sacerdotium
2751 2729 3012 2781 exsectos
3046 2726 3239 2796 habet,
3271 2726 3357 2783 vel
3388 2727 3594 2783 incidit
3623 2725 3683 2782 in

2034 2811 2191 2869 aliud
2241 2813 2444 2869 vitium
2493 2813 2810 2885 corporale,
2859 2815 3012 2885 quod
3069 2818 3263 2871 sanari
3316 2815 3537 2889 nequit,
3589 2833 3686 2872 sa-

2032 2903 2288 2959 cerdotio
2321 2919 2435 2959 non
2468 2908 2821 2960 semcvetur.
2850 2903 2993 2959 Nam
3028 2905 3071 2959 si
3115 2904 3268 2976 quis,
3303 2905 3512 2975 inquit,
3545 2921 3687 2962 ocu-

2032 2993 2107 3050 lis
2153 2994 2438 3049 ambobus
2487 2995 2726 3049 orbatus
2775 2995 2969 3062 fuerit,
3003 3000 3104 3051 aut
3156 2998 3418 3068 ulrisque
3448 2996 3684 3052 auribus

2032 3084 2420 3152 obsurduerit,
2506 3090 2608 3138 aut
2692 3085 2990 3141 dexteram
3087 3085 3312 3141 aridam
3396 3084 3681 3152 habuerit,

2032 3177 2135 3228 aut
2181 3171 2294 3227 alio
2335 3171 2529 3244 aliquo
2575 3188 2752 3228 sensu
2784 3173 3044 3245 privatus
3079 3174 3268 3243 fuerit,
3302 3175 3382 3230 ita
3411 3178 3477 3230 ut
3509 3175 3684 3229 muti-

258 3260 414 3333 αύτῷ
460 3267 563 3329 τῆς
610 3262 915 3336 πηρώσεως
961 3263 1097 3337 πρὸς
1135 3263 1234 3332 τὴν
1281 3269 1384 3333 τῆς
1427 3262 1728 3338 ἱερωσύνης
1774 3261 1920 3339 ἐνέρ-

2043 3262 2168 3318 .atio
2200 3263 2323 3332 ejus
2356 3262 2656 3332 impediat,
2687 3263 2827 3334 quin
2861 3264 3221 3320 sacerdotale
3267 3280 3481 3320 munus
3516 3281 3685 3320 exer-

254 3349 437 3422 γείαν,
473 3349 550 3413 είς
581 3350 881 3424 ἱερωσύνην
932 3351 996 3406 οὐ
1027 3346 1551 3427 προϐιϐασθήσεται,
1584 3354 1650 3409 οὐ
1697 3357 1779 3426 τῷ
1827 3354 1920 3428 βε-

256 3435 509 3518 ϐλάφθαι
538 3442 605 3495 τά
640 3440 809 3515 μέλη,
840 3439 988 3496 ἀλλᾶ
1017 3446 1098 3513 τῷ
1129 3440 1406 3505 ἀδυνάτως
1438 3439 1585 3518 ἔχειν
1636 3444 1772 3516 πρὸς
1821 3444 1920 3513 τὴν

255 3533 370 3584 τῶν
414 3529 574 3583 θείων
625 3531 1035 3604 μεταχείρησιν.
1070 3532 1130 3587 Ὁ
1180 3529 1237 3584 δὲ
1286 3532 1420 3602 μετὰ
1462 3534 1562 3601 τήν
1619 3530 1916 3604 ἱερωσύνην

257 3617 441 3673 ἐκεῖνα
470 3618 683 3686 παθὼν,
712 3618 913 3689 τούτης
947 3617 1046 3673 οὐκ
1075 3617 1409 3695 ἀφαιρεῖταί.

261 3816 527 3867 ΚΕΦΔΛ.
572 3813 667 3870 ΙΒ’.
700 3813 852 3870 ’Ότι
891 3813 964 3867 οὐ
1005 3808 1105 3868 δεῖ
1149 3817 1696 3937 χειροτονεῖσθαι
1745 3812 1922 3869 ἐπίσ-

338 3903 551 3937 κοπον
618 3883 682 3937 ἐν
747 3884 1096 3937 ἐκκλησία.
1189 3906 1237 3937 λς
1305 3887 1333 3937 ὁ
1401 3885 1764 3937 ἐπίσκοπος
1823 3884 1919 3937 ἔτι

338 3903 551 3938 κοπον
618 3883 682 3938 ἐν
747 3884 1096 3956 ἐκκλησίᾳ,
1152 3883 1333 3954 ⁷ἰίῖς’ὁ
1401 3885 1764 3947 ἐπίσκοπος
1823 3884 1919 3941 ἔτι

342 3956 676 4031 περίεστι.

339 4064 506 4134 Ζήτει
537 4061 590 4117 ἐν
617 4067 695 4134 τῷ
723 4065 763 4117 θ’
794 4072 914 4137 usq).
947 4068 1050 4117 τοῦ
1095 4072 1132 4119 Δ
1162 4065 1440 4139 στοιχείου
1483 4066 1683 4120 κανόνα
1733 4066 1794 4128 ις’
1823 4067 1920 4133 τῆς

260 4159 313 4206 α’
338 4152 431 4206 καὶ
462 4151 511 4226 β’
543 4149 799 4207 συνόδου.

262 4264 530 4313 ΚΕΦΑΛ.
574 4259 672 4317 II“.
710 4261 860 4334 "Qu
901 4259 991 4334 ούΔ
1022 4257 1122 4314 δεῖ
1161 4263 1703 4334 χειροτονεῖσθαι
1748 4262 1925 4317 ἐπίσ-

534 4350 742 4384 κοπον
785 4331 845 4385 ἐν
887 4329 1082 4387 πόλει
1126 4329 1329 4405 μ’ίκρᾷ
1368 4335 1402 4403 ἢ
1443 4335 1656 4408 κώμῃ.

332 4420 494 4488 Ζήτει
526 4420 589 4473 τὸ
622 4418 668 4474 λ’
696 4419 991 4498 κεφάλαιον
1023 4425 1119 4475 τοῦ
1153 4427 1192 4476 Ε
1222 4422 1524 4496 στοιχείου.

259 4509 652 4564 ΚΕΦΔΛ.ΙΔ’.
690 4511 846 4584 Περὶ
889 4510 1321 4585 χειροτονίας
1363 4512 1928 4589 χωρεπισκόπων.

332 4599 505 4669 Ζήτει
535 4597 600 4652 τὸ
632 4599 713 4653 λα’
742 4596 1039 4677 κεφάλαιον
1069 4602 1172 4655 τοῦ
1203 4601 1243 4656 Ε
1277 4601 1581 4676 στοιχείου.

260 4710 531 4784 ΚΕιῙξΑΛ.
573 4709 684 4784 ΙΒ’..
718 4709 873 4784 Περὶ
910 4705 1677 4784 τοῦᾳχειροτονηθᾲέντλος
1728 4708 1913 4784 ἐπισ-

331 4778 709 4860 κόπουμαί-
738 4777 823 4853 μῆ
863 4777 1433 4860 καταδξχομένου
1466 4780 1782 4837 ἀπελθεῖν
1818 4782 1912 4843 εἷς

330 4852 454 4918 τήν
494 4851 838 4925 λαχοῦσαν
877 4851 1050 4925 αύτῷ
1087 4851 1472 4924 ἐκκλησίαν.

332 4957 498 5027 Ζήτει
526 4956 589 5011 τὸ
617 4963 663 5012 κ’
690 4957 984 5036 κεφάλαιον
1013 4962 1108 5013 τοῦ
1140 4964 1178 5013 Ε
1216 4958 1520 5036 στοιχείου.

261 5068 528 5139 ΚῌΦᾼΛ.
572 5064 695 5138 Ις’.
735 5066 886 5139 “Ωτι
946 5065 1019 5119 οὐ
1070 5063 1172 5121 δεῖ
1224 5065 1658 5139 χειροτονίας
1697 5070 1915 5139 ποιεῖν

330 5134 702 5261 inimicam;
762 5136 823 5191 ἐν
874 5142 1021 5200 ταῖς
1083 5140 1169 5212 μὴ
1215 5134 1695 5213 ὑποκειμέναις
1736 5138 1914 5213 αὐτῷ

369 5226 487 5261 νοο
534 5227 657 5261 αις.

369 5226 657 5282 νοριαις,

330 5317 398 5369 Ὁ
426 5310 509 5366 λε’
545 5315 653 5367 τῶν
683 5313 855 5389 ἁγίων
888 5312 1206 5370 ἀποστόλων
1256 5318 1432 5371 κανὼν
1483 5315 1779 5373 ἐπίσκοπον
1832 5317 1908 5389 μὴ

2028 3356 2174 3420 ceat,
2205 3351 2276 3407 ad
2308 3351 2711 3423 episcopatum
2744 3369 2858 3408 non
2891 3354 3342 3424 promovebitur,
3375 3370 3493 3409 non
3524 3356 3679 3425 quod

2026 3440 2163 3495 lmsa
2209 3450 2344 3497 sunt
2389 3442 2667 3507 membra,
2701 3441 2801 3497 sed
2854 3442 2993 3513 quia
3040 3458 3204 3497 sacra
3244 3442 3518 3514 mysteria
3557 3451 3680 3497 tra-

2025 3534 2179 3586 ctare
2228 3529 2387 3586 haud
2447 3531 2649 3601 possit.
2701 3530 2807 3597 Qui
2860 3535 3055 3587 tamen
3116 3535 3242 3604 post
3288 3532 3677 3588 sacerdotium

2023 3617 2297 3674 collatum
2347 3617 2682 3675 istiusmodi
2734 3620 2863 3675 labe
2913 3619 3157 3689 laborat,
3190 3619 3513 3677 sacerdotio
3561 3636 3676 3678 non

2024 3708 2267 3764 excidet.

2024 3814 2176 3869 CAP.
2254 3813 2378 3869 XII.
2466 3815 2618 3879 Quod
2686 3817 3000 3887 episcopum
3080 3816 3143 3871 in
3210 3816 3455 3883 ecclesia,
3512 3818 3674 3887 cujus

2097 3888 2375 3957 episcOpus
2417 3887 2595 3942 adhuc
2642 3890 2699 3941 in
2744 3890 2883 3943 vivis
2923 3894 3022 3954 est,
3052 3904 3161 3943 non
3203 3888 3459 3945 ordinari
3512 3904 3671 3960 opor-

2097 3965 2227 4012 teat.

2099 4065 2297 4131 Quaere
2346 4064 2404 4119 in
2449 4081 2577 4136 caq.
2608 4065 2643 4118 9
2688 4065 2796 4120 litt.
2830 4072 2867 4117 Δ
2915 4082 3199 4123 canonem
3261 4068 3322 4121 ιϐ
3369 4066 3570 4140 primae
3617 4073 3675 4123 et

2027 4155 2298 4209 secundm
2327 4155 2557 4223 synodi.

2028 4263 2183 4317 CAP.
2218 4260 2358 4316 XIII.
2394 4261 2545 4329 Quod
2586 4247 2696 4317 non
2738 4269 2982 4333 Oporteat
3033 4265 3341 4335 episcopum
3368 4266 3425 4318 in
3456 4265 3679 4320 civitate

2496 4349 2667 4403 parua
2695 4344 2788 4389 aut
2818 4335 2934 4389 vico
2960 4334 3235 4391 ordinare.

2101 4422 2246 4478 Vide
2275 4439 2403 4494 cap.
2434 4423 2504 4476 3)
2535 4423 2644 4480 litt.
2681 4424 2744 4481 E.

2102 4513 2257 4569 CAP.
2290 4512 2428 4571 XIV.
2462 4515 2535 4571 De
2561 4516 2917 4572 ordinatione
2936 4517 3457 4591 ehorepiscoporum.

1952 4625 1997 4690 ι)
2102 4601 2352 4658 Consule
2382 4620 2508 4676 cap.
2546 4606 2607 4659 31
2642 4605 2753 4661 litt.
2785 4606 2848 4661 E.

2022 4709 2179 4765 CAP.
2230 4709 2351 4765 XV.
2401 4712 2476 4767 De
2526 4713 2779 4784 episcopo
2828 4712 3085 4770 ordinato
3135 4716 3232 4787 qui
3276 4715 3346 4770 ad
3392 4714 3678 4773 ecclesiam

2543 4800 2701 4839 suam
2729 4786 2885 4841 abire
2914 4791 3148 4842 recusat.

2093 4960 2236 5017 Vide
2264 4978 2389 5033 cap.
2420 4964 2490 5018 20
2520 4963 2632 5020 litt.
2665 4966 2729 5021 E.

2023 5066 2578 5146 264_CAP._XVI.
2609 5072 2779 5146 Quod
2824 5090 2932 5130 non
2985 5076 3106 5131 licet
3153 5077 3395 5146 episcopo
3438 5076 3673 5131 ordina-

2176 5142 2349 5198 tiones
2377 5140 2566 5215 [acere
2596 5140 2657 5199 in
2686 5147 2944 5201 districta
2974 5147 3084 5219 ipsi
3122 5140 3227 5203 non
3253 5140 3516 5217 subjecto.

2092 5320 2289 5377 Canon
2346 5324 2417 5379 35
2482 5333 2815 5381 sanclorum
2874 5327 3266 5399 apostolorum
3324 5328 3670 5399 episcopum

254 5399 477 5473 τολμᾷν
529 5396 841 5474 διορίζεται,
876 5396 977 5471 ἔξω
1021 5406 1128 5457 τῶν
1187 5402 1351 5459 αὐτοῦ
1396 5406 1536 5480 ὅρων
1569 5404 1911 5481 χειροτονίας

2043 5413 2261 5466 nandat
2306 5429 2419 5469 non
2472 5431 2826 5487 praetimere
2873 5421 3032 5473 extra
3080 5433 3218 5472 suos
3267 5416 3484 5471 limites
3517 5416 3669 5470 ordi-

255 5490 536 5545 ποιεῖσθαι
570 5489 624 5544 ἐν
670 5494 792 5554 ταῖς
839 5492 915 5565 μὴ
962 5491 1339 5566 ὑποκειμέναις
1385 5496 1537 5568 αὐτῷ
1579 5494 1771 5551 πόλεσι
1822 5494 1911 5549 καὶ

2022 5499 2284 5556 nationes
2327 5503 2513 5558 facere
2562 5503 2619 5557 in
2667 5504 2910 5560 urbibus
2947 5510 3004 5559 et
3052 5505 3214 5576 pagis
3244 5504 3354 5559 sibi
3388 5520 3500 5559 non
3533 5504 3673 5558 sub-

254 5586 515 5655 χώραις·
549 5576 601 5632 εἴ
626 5576 683 5633 δέ
730 5600 812 5641 τις
858 5585 1023 5636 τοῦτο
1070 5584 1384 5652 πεποιηκὼς
1428 5583 1721 5660 ἐλεγχθείη
1766 5582 1912 5657 παρᾶ

2045 5588 2233 5643 sctis:
2285 5590 2377 5645 sin
2426 5595 2623 5647 autem
2674 5593 2890 5664 aliquis
2944 5593 3053 5648 hoc
3109 5594 3317 5649 fecisse
3374 5593 3671 5649 convictus

250 5669 490 5747 γνώμην
550 5672 658 5724 τῶν
726 5669 893 5735 αὐτὰς
960 5672 1329 5745 κατεχόντων,
1384 5673 1745 5750 καθαιρείσθω
1817 5674 1909 5729 καὶ

2044 5676 2210 5747 uerit,
2242 5681 2452 5749 praeter
2495 5677 2725 5737 illorum
2773 5681 2874 5753 qui
2922 5681 3046 5739 loca
3088 5681 3189 5740 illa
3228 5686 3513 5755 occupant
3541 5697 3671 5742 sen-
