4118 6214
293 361 409 422 201

1329 365 1743 428 SYNTAGMA
1790 364 2426 428 ALPHABETICUM.
2479 398 2546 410 —
2593 364 2670 429 X.

3583 385 3700 446 202

289 495 558 552 ΚΕΦΑΛ.
591 499 707 550 KI".
740 496 884 552 Ὃτε
975 501 1420 570 ειροτονεῖται
1461 498 1490 551 ὁ
1527 499 1652 573 πρὸ
1686 503 1810 552 τοῦ
1843 499 1910 574 βο

517 517 1138 622 πτίσμστοςξύσας
1183 569 1718 622 κατηγούιιενος.

2055 497 2208 556 CAP.
2254 496 2455 553 XXIII.
2513 499 2767 581 Quando.
2793 501 3078 560 ordinetur
3147 509 3562 574 catechumcnus
3607 523 3705 591 qui

2461 577 2596 622 ante
2615 573 2942 622 banmmum
2979 577 3281 622 immnlnm‘,

517 567 901 640 πείσματος
927 567 1138 629 ’θύσας
1183 567 1718 643 κατηχούμενος.

365 675 526 743 Ζὴτει
554 672 609 728 ἐν
640 679 722 746 τῷ
758 677 804 729 α’
836 695 956 755 aeq.
991 679 1088 732 τοῦ
1117 677 1178 733 Α’
1209 678 1489 753 στοιχείου
1519 679 1714 734 κανόνα
1747 673 1814 733 ιε’
1842 685 1944 748 τῆς

282 759 345 816 ἐν
375 763 613 838 Ἀγκύρα
653 762 901 822 συνόδου.

283 873 551 930 ΚΕΦΑΛ.
607 875 728 930 KA'.
788 874 932 928 Ὀτι
989 874 1636 952 ἀναχειροτονήσεις
1710 874 1780 932 ού
1843 872 1942 930 δεῖ

959 944 1287 1022 γίνεὲθαί.
1473 944 1483 946 -
1804 1025 1810 1031 ρ

359 1053 416 1104 'O
458 1049 541 1120 ξη⁰
569 1051 679 1106 τῶν
726 1051 896 1127 ἁγίων
954 1051 1279 1108 ἀποστόλων
1329 1054 1508 1110 κανῶν
1554 1055 1650 1110 τὸν
1690 1051 1938 1130 δευτὲραν

279 1137 424 1212 πρός
451 1159 598 1202 τινος
643 1139 990 1216 χειροτονίαν
1039 1139 1325 1216 δεξάμενον
1367 1143 1662 1199 ἐπίσκοπον
1711 1143 1746 1214 ἢ
1795 1144 1938 1215 κλη-

281 1227 442 1301 ρικὸν
501 1231 870 1306 καθαιρεῖσθαι
921 1231 1132 1287 κελεύει
1186 1232 1276 1288 καὶ
1325 1233 1484 1288 αὐτὸν
1539 1234 1628 1288 καὶ
1687 1234 1778 1290 τὸν
1817 1253 1940 1310 χει-

282 1319 684 1389 ροτονήσαντα,
734 1317 784 1373 εἶ’
836 1324 1003 1375 τοῦτο
1060 1319 1302 1377 σύνοιδεν
1357 1321 1525 1395 αύτῷ,
1583 1321 1630 1377 εἰ
1693 1323 1770 1396 μὴ
1836 1321 1939 1398 ἄρα

282 1406 423 1476 πρὸς
480 1407 771 1482 αἱρετικῶν
828 1409 930 1478 τὴν
988 1411 1335 1489 χειροτονίαν
1382 1409 1669 1484 δεξάμενος
1723 1405 1936 1486 ἔτυχεν.

283 1495 612 1568 Ἀθετοῦμεν
667 1498 772 1572 γὰρ
828 1503 934 1554 τῶν
992 1501 1259 1556 τοιούτων
1315 1500 1498 1574 ὥσπερ
1541 1501 1604 1554 τό
1639 1499 1937 1575 βάπτισμα,

282 1583 430 1638 οὕτω
462 1581 531 1654 δὴ
561 1587 652 1640 καὶ
689 1587 792 1656 τήν
825 1589 1166 1664 χειροτονίαν
1200 1609 1214 1622 ·
1246 1589 1310 1646 ού
1330 1592 1432 1666 γὰρ
1465 1589 1727 1663 ἂγιασμὸν
1748 1593 1936 1659 ταῦτα,

279 1672 433 1728 ἀλλὰ
465 1675 743 1748 μονυσμὸν
781 1676 1115 1750 πεπείσμεθα
1151 1679 1442 1752 προξενεῖν.
1475 1679 1536 1734 Ὁ
1585 1674 1642 1732 δὲ
1687 1675 1934 1750 δευτέραν

276 1763 626 1836 πειρώμενος
684 1762 931 1837 δέξασθαι
962 1765 1325 1840 χειροτονίαν,
1359 1766 1393 1836 ἢ
1439 1767 1512 1829 ὡς
1568 1769 1666 1822 τοῦ
1712 1768 1934 1841 πρώτου

2461 577 2596 625 ante
2615 569 2942 642 baptismum
2979 577 3286 637 immolavi.

2121 677 2323 741 Quare
2350 676 2408 732 in
2441 691 2570 748 cap.
2607 678 2630 730 1
2671 675 2787 734 litt.
2818 681 2867 736 A
2909 696 3192 742 canonum
3249 689 3318 744 12
3355 693 3560 765 synodi
3598 698 3704 754 An.

2051 781 2295 834 cyranss.

2049 873 2202 930 CAP.
2231 873 2427 931 XXIV.
2459 875 2614 946 Quod
2637 876 3069 1006 rcordiztziones
3099 883 3224 954 ﬁeri
3259 887 3496 948 minimc
3537 908 3702 966 opor-

2121 1055 2316 1110 Canon
2335 1053 2404 1109 68
2426 1057 2758 1112 sanctorum
2795 1058 3184 1130 apostolorum
3217 1066 3554 1140 episcopum
3601 1081 3704 1134 aut

2049 1141 2321 1198 clericum
2372 1143 2473 1214 qui
2539 1145 2861 1202 secundam
2912 1148 3336 1210 ordinationem
3393 1162 3700 1232 acceperit,

2047 1232 2257 1304 deponi
2279 1233 2452 1304 jubet
2486 1250 2602 1290 una
2631 1251 2766 1290 cum
2797 1237 3128 1308 ordinante,
3156 1241 3206 1298 si
3251 1243 3375 1317 ipse
3412 1247 3589 1322 hujus
3619 1253 3700 1310 rei

2046 1322 2318 1377 conscius
2349 1322 2542 1386 fuerit,
2574 1325 2686 1380 nisi
2721 1327 2865 1381 forte
2923 1327 2994 1384 ab
3047 1328 3336 1390 haereticis
3381 1337 3692 1400 ordinatio-

2046 1425 2179 1466 nem
2213 1413 2489 1482 suscepit.
2520 1411 2754 1470 Nullam
2777 1415 2930 1472 enim
2949 1417 3197 1478 facimus
3219 1421 3455 1484 illorum
3488 1432 3550 1484 ut
3595 1431 3700 1488 ba-

2047 1499 2281 1572 ptisma,
2314 1500 2397 1555 ita
2423 1504 2482 1556 et
2510 1500 2932 1560 ordinationem
2961 1523 2974 1574 ;
3016 1523 3128 1563 non
3165 1511 3320 1570 enim
3363 1517 3698 1578 sanctifica-

2043 1589 2284 1656 tionem,
2301 1590 2399 1645 sed
2417 1591 2965 1651 contaminationem
2987 1597 3206 1656 credim
3225 1617 3310 1658 us.
3337 1601 3568 1664 inferre.
3588 1609 3694 1676 Qui

2041 1683 2230 1734 autem
2261 1679 2580 1736 secundam
2602 1681 3028 1742 ordinationem
3051 1689 3346 1762 suscipere
3373 1695 3562 1768 cupit,
3583 1696 3693 1756 hoc

2043 1767 2180 1824 facit
2208 1766 2294 1824 vel
2326 1768 2462 1840 quia
2491 1769 2728 1826 damnat
2761 1773 3014 1844 priorem
3045 1766 3536 1851 ordinantem,vel
3555 1787 3693 1858 quia

276 1855 773 1927 χειροτονήσαντος
821 1855 1238 1931 καταγινώσκων
1301 1860 1467 1912 τοῦτο
1523 1861 1690 1926 ποιεῖ,
1749 1858 1785 1926 ἢ
1861 1857 1905 1912 ὡ

2042 1861 2238 1929 sperat
2267 1856 2398 1928 plus
2429 1861 2630 1950 gratiae
2662 1861 2920 1932 accipere
2950 1880 2984 1920 a
3011 1869 3286 1938 secundo,
3317 1870 3405 1927 vel
3438 1855 3692 1946 σεῖο-εει-

275 1935 523 2007 ἑλπίζων
573 1937 830 2004 πλείονος
883 1941 1282 1997 ἀπολαύσεσθαι
1339 1942 1474 2019 πρός
1531 1948 1627 1998 τοῦ
1676 1943 1910 2016 δεύτεροι

2037 1945 2290 2003 cerdotia
2319 1947 2529 2004 excidit
2569 1953 2742 2022 atque
2769 1951 2960 2008 denuo
2989 1955 3248 2013 ordinari
3273 1935 3496 2031 studet,
3531 1965 3686 2037 quod

277 2027 534 2100 χάριτος,
566 2029 602 2098 ἢ
635 2031 711 2092 ὡς
749 2031 988 2096 ἀποστὰς
1022 2033 1190 2107 τυχὸν
1228 2039 1328 2103 τῆς
1377 2032 1698 2107 ἱερωσύνης,
1728 2035 1818 2090 καὶ
1875 2034 1924 2104 ἐξ

275 2115 540 2190 ὑπαρχῆς
574 2123 1007 2192 χειροτονεῖσθαι
1055 2117 1462 2194 διανοούμενος,
1495 2122 1626 2196 ὅπερ
1663 2121 1922 2196 ἄθεσμον.

347 2206 415 2260 Ὁ
446 2203 502 2260 δὲ
534 2213 635 2276 τῆς
677 2208 730 2262 ἐν
782 2210 1085 2284 Καρθαγένῃ
1136 2207 1360 2265 συνόδου
1413 2212 1503 2283 μὴ’
1549 2213 1726 2266 κανὼν
1784 2213 1924 2285 μήτε

267 2289 682 2364 αναόαπτίζειν,
718 2298 856 2368 μήτε
901 2294 1154 2372 δέχεσθαί
1211 2319 1328 2352 τινα
1375 2297 1621 2372 δευτέραν
1672 2321 1922 2375 χειροτο-

264 2381 386 2436 νίαν
434 2381 730 2461 διορίζεται
781 2403 796 2415 ⁶
853 2384 1000 2441 ἀλλὰ
1057 2385 1304 2463 δευτέραν
1361 2390 1522 2452 οὗτος
1579 2389 1920 2465 χειροτονίαν

263 2472 403 2546 φησῖ
434 2474 498 2527 τὸ
547 2473 695 2528 ἐᾶσαί
741 2495 862 2530 τινα
907 2478 1008 2547 τὴν
1060 2474 1196 2532 ἰδίαν
1252 2477 1552 2548 ἐπισκοπὴν
1599 2498 1611 2507 ·
1652 2481 1742 2534 καὶ
1781 2481 1916 2554 πρὸς

259 2560 453 2636 ἑτέραν
508 2569 845 2636 μεταπεσεῖν,
895 2567 953 2628 ὅς
991 2565 1082 2622 καὶ
1159 2568 1294 2638 μετά
1352 2567 1658 2644 πραότητος
1712 2571 1914 2643 ὑπομι-
1943 2623 1961 2642 ⁸

260 2656 667 2728 μνησκόμενος,
701 2658 746 2711 εί
787 2657 864 2730 μὴ
911 2657 1154 2729 πεισθείη
1187 2657 1321 2732 πρός
1357 2660 1456 2728 τὴν
1509 2657 1648 2714 ἰδίαν
1699 2659 1912 2716 ἐπανιέ-

250 2764 364 2811 ναι,
395 2748 467 2809 τῆ
498 2746 606 2799 τῶν
639 2744 923 2820 ἀρχόντων
955 2743 1304 2818 ἐκδοθήσεται
1337 2747 1567 2821 ἐξουσίᾳ.

253 2855 516 2906 ΚΕΦΔΛ.
561 2851 678 2906 KB’.
731 2852 887 2926 Περὶ
929 2856 1054 2944 τοῦ
1105 2853 1545 2944 ὑποκειμένον
1596 2855 1909 2932 ἁμαρτή-

611 2943 798 2995 μασι,
826 2923 946 2979 ’καὶ
979 2923 1556 2999 χειροτονηέντος.

318 3030 386 3083 Ὁ
416 3029 465 3082 θ’
512 3034 617 3097 τῆς
663 3035 712 3083 α’
759 3027 988 3084 συνόδου
1038 3031 1216 3086 κανὼν
1247 3031 1341 3087 τὸν
1387 3031 1744 3104 ἀνεξετάστως
1783 3053 1903 3110 χειο

244 3117 622 3186 ροτονηθὲντα
670 3113 1056 3192 πρεσϐύτερον,
1119 3121 1154 3191 ἢ
1229 3120 1576 3196 ἀνακριθέντα
1644 3124 1738 3194 μὲν
1807 3129 1903 3179 καῖ

2036 2040 2126 2093 est
2147 2035 2454 2091 nefarium.

2129 2217 2322 2274 Canon
2379 2234 2512 2276 vero
2553 2220 2621 2310 ιβ
2677 2221 2908 2280 concilii
2963 2226 3438 2302 Carthaginensis
3495 2251 3682 2310 nequc

2031 2307 2360 2379 quempiam
2381 2307 2951 2384 rebaptizaremeque
2967 2313 3231 2373 iteratam
3258 2307 3684 2384 ordinationem

2026 2397 2284 2468 accipere
2315 2397 2592 2468 decernit,
2623 2399 2743 2456 imo
2775 2401 2925 2457 hanc
2983 2420 3112 2462 esse
3152 2411 3472 2467 secundam
3515 2416 3679 2471 ordi-

2027 2487 2316 2542 nationem
2344 2489 2447 2556 ait,
2480 2489 2808 2560 permittere
2847 2491 3098 2566 aliquem
3131 2499 3424 2570 prOpriam
3457 2503 3675 2560 dioece-

2023 2576 2114 2630 sin
2145 2576 2410 2633 deserere
2428 2581 2486 2633 et
2513 2577 2574 2634 in
2605 2577 2776 2635 aliam
2810 2582 3129 2654 transilire;
3160 2591 3336 2658 atque
3366 2591 3542 2649 etiam
3563 2593 3670 2650 cle-

2023 2669 2250 2721 menter
2269 2666 2656 2734 submonitus,
2684 2669 2794 2724 nisi
2828 2670 2964 2728 velit
2984 2674 3052 2728 ad
3071 2675 3364 2748 propriam
3388 2679 3666 2740 ditionem

2021 2755 2225 2822 redire,
2248 2755 2510 2812 tradatur
2541 2759 2806 2829 potestati
2840 2761 3237 2832 magistratus.

2021 2859 2182 2918 286
2211 2860 2368 2918 CAP.
2399 2861 2564 2939 XXV.
2605 2863 2681 2920 Dc
2717 2863 2822 2939 illo
2863 2865 2961 2939 qui
3003 2871 3229 2927 crimini
3268 2870 3446 2930 alicui
3491 2875 3666 2936 obno-

2500 2937 2631 2990 xius
2659 2935 2952 2994 ordinatur
2979 2949 3184 2998 tamen.

2083 3039 2282 3097 Canon
2321 3040 2356 3095 9
2400 3043 2606 3114 synodi
2665 3043 2861 3117 prima
2920 3048 3318 3123 presbyterum
3366 3054 3464 3126 qui
3518 3056 3663 3114 citra

2011 3129 2496 3188 examinationem
2527 3133 2848 3205 ordinatur,
2880 3141 2982 3194 aut
3031 3140 3394 3200 examinatus
3425 3147 3658 3217 quidem

237 3202 802 3279 ἐξομολογησάμενον
874 3209 981 3284 πρὸ
1057 3216 1159 3279 τῆς
1235 3209 1577 3284 χειροτονίας
1669 3213 1893 3285 πορνείᾳ

237 3293 420 3330 φηςιλυ
461 3297 928 3330 ...μηκφνηωέηω
1005 3299 1151 3330 -..λα
1198 3298 1424 3330 .......t..--
1471 3297 1525 3330 αι
1566 3301 1850 3330 γ-.----....

2037 3219 2520 3293 ηοοίὶιθειῑυιυιιιιοᾱ
2541 3226 2676 3278 ante
2691 3202 3112 3286 ordinationem
3127 3229 3185 3286 in
3220 3202 3658 3294 fornicationem

237 3293 420 3367 τυχὸν
461 3297 955 3366 περιπεπτωκέναι,
1005 3299 1152 3372 παρὰ
1198 3298 1424 3360 κανόνας
1470 3297 1527 3354 δὲ
1566 3301 1894 3373 χειροτονη-

238 3381 428 3454 θέντα,
465 3379 638 3456 μηδὲν
683 3383 983 3441 ἀπόνασθαι
1031 3392 1226 3444 τοῦτον
1272 3388 1333 3443 ἐκ
1376 3395 1476 3458 τῆς
1515 3388 1750 3463 ἀθέσμου
1779 3410 1897 3464 χει-

237 3474 502 3547 ροτονίας
531 3473 744 3533 κελεύει
777 3494 791 3508 ·
824 3477 959 3548 μετά
985 3476 1088 3552 γὰρ
1139 3478 1238 3546 τήν
1290 3475 1576 3554 διάγνωσιν
1621 3481 1896 3554 καθαιρεῖ-ι

235 3581 354 3618 ται.
390 3563 474 3619 Οὐ
501 3565 605 3638 γὰρ
637 3560 819 3639 ὥσπερ
853 3565 918 3619 τὸ
969 3565 1113 3622 θεῖον
1164 3565 1392 3642 λουτρὸν
1435 3565 1550 3622 νὲον
1611 3569 1896 3642 ἄνθρωπον

233 3650 330 3703 τὸν
369 3651 772 3725 βαπτισάμενον
805 3653 1086 3724 ἀποτελεῖ,
1119 3654 1263 3711 οὕτω
1309 3658 1396 3712 καὶ
1430 3658 1465 3726 ἡ
1514 3657 1778 3731 ἱερωσύνη
1827 3658 1895 3713 τὰ

233 3739 430 3814 πρόγε
483 3737 654 3810 αὒτῆς
703 3743 1074 3816 ἁμαρτήματα
1121 3742 1262 3815 λύει,
1309 3742 1383 3808 ὥς
1430 3766 1572 3808 τινες
1631 3743 1841 3801 σ’ίονται
1874 3764 1889 3778 °

228 3828 401 3882 τοῦτο
444 3828 550 3902 γὰρ
599 3831 628 3884 ὁ
666 3831 842 3886 κανὼν
893 3831 958 3886 οὐ
1004 3853 1306 3908 προσιεται.
1348 3835 1416 3889 Τὸ
1469 3835 1574 3911 γὰρ
1625 3835 1893 3906 ἀνεπίλη-

232 3935 372 3970 πτον
405 3914 460 3970 ἐν
519 3921 681 3972 πᾶσιν
733 3921 768 3988 ἡ
820 3919 1116 3992 Ἐκκλησία
1165 3926 1338 3992 ζητεῖ,
1386 3923 1474 3978 καὶ
1526 3925 1602 3996 μή
1639 3923 1889 3999 εὑροῦσα,

235 4003 464 4062 ἓκδικεῖ.

307 4095 372 4152 Ὁ
429 4091 488 4149 δὲ
540 4102 576 4150 ε’
637 4101 735 4152 τοῦ
789 4099 1058 4178 Θεοφίλου
1129 4098 1524 4176 Ἀλεξανδρείας
1601 4103 1731 4166 τοὺς
1791 4104 1886 4175 μὲν

225 4183 522 4246 τοιούτους
569 4185 660 4240 καὶ
715 4194 816 4256 τῆς
866 4189 1194 4259 Ἐκκλησίας
1233 4189 1437 4260 ἐξωθεῖ,
1471 4193 1730 4269 μήτοιγε
1785 4199 1885 4262 τῆς

226 4274 576 4348 ἱερωσύνης’
614 4279 695 4348 τῷ
742 4273 798 4332 δὲ
857 4276 909 4348 ἐξ
964 4277 1188 4356 ἀγνοίας
1251 4283 1702 4355 χειροτονήσαντι
1759 4303 1885 4359 συγ-

221 4366 454 4439 γνώμην
489 4362 710 4424 δίδωσι.

295 4455 459 4524 Ζήτει
489 4455 585 4510 τὸν
635 4455 835 4510 κανόνα
883 4459 1073 4513 τοῦτον
1119 4457 1208 4513 καὶ
1258 4458 1311 4514 ἐν
1353 4457 1433 4534 τῷ
1467 4461 1530 4524 ις’
1559 4481 1680 4534 κεφ.
1712 4465 1808 4516 τοῦ
1841 4468 1883 4517 Π

222 4543 512 4618 στοιχείου
543 4544 634 4600 καὶ
662 4551 763 4615 τῆς
793 4543 845 4600 ἐν
897 4549 1316 4624 Ναιοκαισαρείᾳ
1370 4548 1595 4606 συνόδου
1627 4552 1672 4605 θ’
1699 4551 1790 4606 καὶ
1825 4556 1880 4610 ι’.

2012 3307 2448 3379 prolapsus,sed
2471 3314 2664 3368 tamen
2697 3318 2908 3384 praeter
2937 3332 3196 3376 canones
3221 3321 3526 3381 ordinatus
3550 3333 3658 3388 est.

1997 3396 2164 3466 jubet
2192 3397 2336 3452 nihil
2369 3414 2436 3454 ex
2467 3399 2769 3471 illegitima
2801 3404 3196 3466 oratinatione
3244 3410 3534 3484 adjuvari,
3557 3415 3658 3472 sed

2003 3501 2064 3542 re
2093 3496 2389 3559 comperta
2409 3487 2643 3561 deponi.
2665 3490 2789 3549 Non
2818 3494 2976 3550 enim
3010 3503 3071 3552 ut
3100 3513 3328 3556 sacrum
3363 3500 3660 3561 lavacrum

2005 3590 2220 3630 novum
2253 3575 2440 3632 reddit
2473 3577 2794 3649 hominem,
2827 3583 2926 3654 qui
2960 3583 3305 3658 baptizatur,
3339 3589 3420 3645 ita
3467 3594 3521 3647 et
3569 3610 3659 3648 sa-

2004 3664 2328 3720 cerdotium
2363 3665 2573 3722 delicta
2605 3685 2730 3740 qua
2759 3671 2954 3742 ipsum
2983 3679 3356 3734 antecesseru
3371 3684 3438 3736 ut
3464 3681 3660 3752 solvit,

2005 3759 2068 3809 ut
2099 3753 2365 3810 nonnulli
2400 3761 2622 3827 putant.
2655 3758 2819 3816 Hunc
2845 3762 3000 3818 enim
3052 3780 3252 3822 casum
3293 3783 3480 3826 canon
3541 3787 3656 3828 non

2002 3841 2256 3913 attingit.
2299 3842 2579 3902 Ceterum
2615 3847 3002 3907 innocentiam
3025 3853 3084 3908 in
3115 3855 3391 3914 omnibus
3415 3859 3658 3930 requirit

1999 3930 2279 3999 Ecclesia,
2309 3936 2365 3988 et
2397 3933 2496 3989 ubi
2529 3951 2644 3992 non
2676 3935 2916 4010 invenit,
2949 3944 3236 4000 sententia
3285 3949 3482 4005 tamen
3539 3965 3658 4005 sua

2001 4019 2278 4076 vindicat.

2067 4113 2267 4167 Canon
2297 4111 2472 4169 etiam
2503 4114 2747 4186 quintus
2778 4117 3086 4192 Theophili
3135 4124 3511 4184 Alexandrini
3559 4132 3656 4186 ta—

1997 4197 2081 4254 les
2111 4199 2184 4254 ab
2244 4201 2491 4258 ecclesia
2547 4204 2712 4276 pellit
2743 4223 2856 4264 non
2917 4208 3108 4267 solum
3166 4213 3513 4273 sacerdotio.
3557 4215 3654 4275 Illi

1997 4290 2195 4344 autem
2223 4289 2324 4360 qui
2355 4306 2421 4346 ex
2455 4291 2787 4364 ignorantia
2818 4295 3126 4370 ordinavit,
3159 4302 3390 4360 veniam
3439 4321 3650 4364 conce-

1995 4373 2100 4430 dit.

2064 4464 2263 4528 Quaere
2293 4464 2450 4522 hunc
2481 4483 2610 4527 can.
2643 4469 2703 4526 in
2737 4473 2804 4528 16
2834 4489 2962 4548 cap.
2995 4475 3106 4534 litt.
3136 4477 3208 4546 ll,
3243 4485 3419 4554 atque
3467 4481 3643 4539 etiam

1995 4571 2122 4610 can.
2153 4555 2190 4608 9
2219 4560 2276 4612 et
2309 4559 2372 4613 ιο
2403 4561 2608 4631 synodi
2640 4563 3140 4626 Neocaesariensis.

225 4653 488 4703 ΚΕΦΑΛ.
527 4649 653 4723 [ξς.
686 4651 824 4754 Ὅτιι
853 4649 923 4705 οὐ
955 4647 1054 4707 δεῖ
1081 4657 1624 4754 χεέροτονεῖσθαι
1665 4657 1775 4711 τὸν
1808 4639 1910 4712 ἐνί

2037 4660 2130 4716 \P.
2162 4661 2359 4723 XXVI.
2393 4666 2544 4754 Quod
2561 4671 2608 4724 is
2629 4673 2962 4754 aonacoct
2985 4676 3260 4746 ordinari,
3301 4681 3402 4752 qui
3455 4697 3638 4754 egro-

728 4721 901 4795 νόσῳ
938 4721 1348 4801 φωτῖσθέντα
1367 4769 1380 4783 .

291 4828 454 4898 Ζῆτει
517 4825 568 4881 ἐν
625 4832 706 4900 τῷ
753 4829 799 4882 α’
843 4849 963 4907 κεφ.
1012 4833 1110 4886 τοῦ
1171 4837 1207 4886 Β
1254 4833 1530 4907 στοιχείου
1569 4835 1768 4890 κανόνα
1799 4837 1857 4912 ιβ

216 4921 320 4984 τῆς
351 4915 406 4970 ἐν
440 4916 836 4991 Νεοκαισαρείν
858 4913 1108 4976 συνόδου.

2526 4745 2613 4796 tus
2643 4742 3058 4815 baptizabatur.

2057 4839 2258 4904 Quare
2287 4842 2345 4898 in
2370 4860 2497 4918 cap.
2533 4851 2555 4902 I
2593 4847 2710 4904 littt
2729 4854 2791 4906 Β.
2825 4868 2954 4910 can.
2993 4855 3056 4909 t2
3103 4857 3306 4928 synodi
3333 4857 3638 4921 Neocaesa-

1985 4930 2214 4989 riensis.

216 5026 482 5080 ΚΕΦΔΛ.
517 5024 637 5078 ΚΖ“.
671 5024 834 5098 Περὶ
869 5030 996 5080 τῶν
1035 5027 1153 5097 τήν
1195 5028 1626 5154 χειροτονίαν
1667 5031 1869 5105 ὀμνυ-

600 5095 809 5151 όντων
846 5098 932 5154 μὴ
976 5096 1183 5154 καταδ
1235 5100 1488 5154 ξασθαι.

2037 5039 2140 5094 AP.
2173 5039 2392 5096 XXVII.
2423 5043 2503 5098 De
2526 5047 2640 5154 “iis,
2665 5049 2764 5119 qui
2805 5049 3010 5134 jurant
3065 5067 3123 5108 se
3175 5068 3359 5112 sacros
3404 5057 3626 5116 ordines

600 5095 809 5151 όντων
846 5098 932 5170 μὴ
976 5095 1488 5169 καταδῖξασθαι.

285 5203 450 5271 Ζήτει
483 5199 536 5256 ἐν
563 5205 644 5275 τῷ
675 5198 762 5258 λό’
791 5225 912 5282 κεφ.
944 5208 1042 5260 τοῦ
1081 5210 1120 5260 Ε
1173 5206 1452 5282 στοιχείου
1487 5207 1681 5263 κανόνα
1707 5213 1740 5262 ι’
1773 5214 1870 5266 τοῦ

218 5286 475 5362 μεγάλου
507 5289 820 5351 Βασιλείου.

2486 5121 2740 5174 nondum
2776 5125 3095 5192 suscepisse.

2048 5215 2250 5280 Quaere
2282 5219 2341 5276 in
2373 5237 2502 5294 cap.
2533 5224 2604 5279 32
2642 5224 2750 5282 litt.
2787 5227 2826 5282 E
2859 5244 3138 5286 canonem
3172 5232 3461 5292 decimum
3497 5253 3627 5294 ma-

1977 5307 2076 5378 gni
2109 5307 2328 5365 Basilii.

215 5399 486 5452 ΚΕΦΑΛ.
522 5399 652 5454 ΚῘΓ.
699 5399 852 5472 Περί
907 5403 1031 5499 tim
1081 5401 1703 5479 χειροτονουμένων
1759 5403 1865 5462 ἐπὶ

2037 5413 2128 5470 IP.
2162 5415 2414 5475 XXVIII.
2444 5421 2518 5476 De
2543 5422 2613 5478 iis
2633 5424 2731 5494 qui
2756 5433 2984 5498 praptcr
3005 5432 3300 5499 pecuniam
3343 5433 3616 5492 ordinan-

855 5470 1242 5546 χρήμαῖινξ.

281 5573 342 5628 ’0
400 5573 486 5626 κθ“
529 5575 642 5628 τῶν
699 5573 866 5651 ἁγίων
932 5575 1258 5634 ἀποστόλων
1322 5581 1498 5636 κανὼν
1554 5583 1726 5646 οὕτως
1773 5581 1861 5640 ἐπὶ

2735 5501 2848 5554 tur.

2041 5593 2238 5683 Canon
2267 5595 2337 5651 29
2366 5602 2703 5656 sanctorum
2761 5602 3159 5675 apostolorum
3211 5605 3298 5662 sic
3345 5623 3618 5683 expresse

167 5659 414 5733 'lé'gcwq
464 5659 584 5737 ἔχει
617 5679 632 5693 ⁸
676 5661 736 5718 Ε¹ί
789 5685 874 5728 τις
927 5663 1222 5732 ἐπίσκοπος
1271 5667 1359 5725 διὰ
1409 5673 1716 5746 χρημάτων
1762 5676 1861 5743 τῆς

2037 5695 2098 5736 se
2126 5680 2328 5752 habet;
2349 5684 2422 5756 .Si
2447 5687 2580 5758 quis
2609 5659 2919 5762 episcopus
2949 5707 3052 5764 per
3069 5659 3616 5772 pecuniam—digni:

543 5793 796 5855 ΡΑτιιοι..
839 5797 954 5859 Gn.
998 5797 1218 5860 CXLV.

3257 5823 3296 5907 Ξ
