3986 6228
393 396 512 456 203

1664 391 2038 452 ΜΑΤΤΗΔΞῙ
2082 390 2511 455 BLASTARIS

3758 29 3797 43 ’⁷-
3805 30 3833 43 Ι·

3663 405 3777 468 204

389 534 527 589 tatis
565 531 736 604 hujus
767 531 1051 604 particeps
1081 530 1202 592 ﬂat.
1233 533 1335 586 aut
1391 527 1708 600 presbyter,
1739 531 1842 582 aut
1895 525 1985 582 die

2138 527 2288 613 αξίας
2344 527 2544 598 ταύτης
2602 527 2863 604 ἐγκρατὴς
2917 530 3149 607 γένοιτο.
3201 533 3237 605 ἢ
3313 535 3696 613 πρεσϐύτερος,
3736 542 3771 610 ἢ

388 640 592 692 conus,
623 623 944 694 deponatur
971 627 1029 678 et
1056 622 1203 694 ipse,
1237 626 1294 677 et
1336 621 1436 691 qui
1475 620 1722 685 ordinat,
1753 622 1812 673 et
1858 617 2025 689 peni—

385 719 482 770 tus
513 730 548 768 ε
576 711 985 770 communione
1013 710 1414 776 abscindatur,
1446 713 1511 765 ut
1538 707 1737 765 Simon
1765 705 1968 778 Magus
1991 721 2026 760 a

383 818 477 858 me
505 804 695 858 Petro.

449 891 646 957 Quare
675 894 733 947 et
760 890 830 946 30
859 907 1142 948 canonem
1172 889 1408 946 illorum
1457 887 1516 944 in
1567 886 1784 960 captics
1807 886 1876 942 19
1904 884 2018 942 litt.

376 979 440 1036 E.
471 984 528 1036 et
557 997 686 1052 quas
715 980 798 1036 ibi
827 979 1105 1037 dicuntur
1143 980 1214 1036 de
1261 979 1533 1051 utrisque
1577 977 1790 1033 borum
1842 992 2018 1033 cano-

373 1085 536 1126 num.

439 1163 635 1217 Canon
667 1165 860 1218 autem
891 1162 1181 1219 secundus
1213 1160 1417 1234 synodi
1447 1163 1664 1232 quartas
1691 1173 1706 1212 :
1749 1155 1811 1212 Si
1857 1155 2012 1228 quis,

368 1248 580 1320 inquit,
612 1253 922 1323 episcOpus
952 1251 1270 1308 venumdat
1297 1267 1415 1307 non
1445 1246 1797 1304 vendibilem
1835 1245 2016 1317 Spiri-

366 1340 462 1392 tus
494 1338 681 1396 sancti
712 1340 985 1411 gratiam,
1018 1339 1295 1395 nimirum
1325 1354 1454 1410 quae
1486 1336 1646 1393 nullo
1659 1335 1842 1408 pretio
1858 1333 2012 1388 uesti-

367 1427 516 1484 mari
583 1432 796 1500 potest,
829 1433 886 1484 et
929 1429 1246 1484 venditioni
1279 1444 1392 1485 non
1434 1426 1763 1491 obnoxiam,
1784 1425 1858 1480 ob
1888 1422 2011 1479 exi-

365 1515 542 1572 miam
575 1533 742 1574 suam
774 1523 1044 1574 naturam
1075 1523 1134 1574 et
1162 1515 1721 1574 omnimstimatione
1749 1512 2010 1586 superio-

365 1619 512 1673 rem,
561 1610 618 1660 et
698 1611 929 1678 preptcr
1025 1605 1180 1663 261
1271 1606 1574 1679 pecuniam
1655 1601 2012 1662 ordinaverit

359 1694 722 1768 episcopum,
755 1695 842 1752 vel
885 1697 1386 1770 cborepiscopum,
1417 1703 1518 1752 aut
1582 1697 2004 1768 presbyterum,

359 1784 444 1838 vel
495 1784 825 1854 diaconum,
857 1792 960 1841 aut
1014 1784 1480 1858 hypodiaconum
1512 1783 1596 1855 (hi
1655 1784 1812 1838 enim
1869 1789 2007 1838 sunt

2132 611 2398 687 διάκονος,
2455 617 2817 692 καθαιρείσθω
2873 622 2962 676 καὶ
3019 623 3202 689 αὐτὸς,
3257 626 3345 680 καὶ
3413 628 3441 682 ὁ
3520 611 3769 703 χειροτο-

2129 706 2319 774 νήσας,
2374 705 2462 760 καὶ
2520 704 2864 764 ἒκκοπτέσθω
2913 717 3012 780 τῆς
3069 715 3364 769 κοινωνίασ
3417 717 3768 790 παντάπασιν,

2128 793 2204 855 ὡς
2234 794 2421 868 Σίμων
2453 795 2482 850 ὁ
2513 797 2700 872 Μάγος
2721 799 2810 853 ὑπ’
2838 797 2975 872 ἐμοῦ
3006 799 3232 877 Πέτρου.

2199 885 2359 953 Ζήτει
2389 885 2479 940 καὶ
2509 886 2602 941 τὸν
2633 885 2682 942 λ’
2711 885 2922 943 τούτων
2949 889 3148 944 κανόνα
3177 891 3230 946 ἐν
3270 896 3350 964 τῷ
3401 894 3467 949 ιθ’
3517 915 3640 970 κεφ,
3672 899 3769 951 τοῦ

2126 975 2166 1026 Ε
2214 972 2513 1048 στοιχείου,
2561 975 2651 1030 καὶ
2696 978 2765 1031 τὰ
2821 975 3047 1034 ἐνταῦθα
3104 981 3228 1056 περὶ
3293 982 3617 1058 ἀμφοτέρων
3665 988 3769 1040 τῶν

2123 1059 2330 1115 κανόνω
2359 1063 2595 1118 τουτωνὶ
2625 1064 2692 1138 ῥη
2701 1063 2876 1122 θέντα.

2194 1153 2256 1207 Ὁ
2313 1147 2369 1204 δὲ
2429 1152 2474 1225 β’
2531 1153 2703 1208 κανὼν
2750 1161 2852 1222 τῆς
2909 1151 2952 1208 δ’
2995 1153 3248 1225 συνοδου,
3291 1155 3354 1214 E'i
3405 1181 3512 1227 τις,
3579 1161 3763 1230 φησὶν,

2121 1234 2415 1300 ἐπίσκοπος
2459 1239 2534 1303 εἷς
2584 1245 2776 1315 πρᾶσιν
2831 1246 3124 1320 καταγάγοι
3187 1248 3286 1316 τὴν
3349 1247 3587 1325 ἄπρατον
3654 1253 3762 1326 χά-

2121 1347 2204 1401 ριν
2257 1332 2356 1382 τοῦ
2407 1330 2562 1404 ἁγίου
2619 1330 2956 1405 Πνεύματος,
3012 1335 3112 1403 τήν
3174 1335 3441 1407 ἀτίμητον
3518 1335 3762 1410 δηλαδὴ,

2117 1416 2210 1470 καὶ
2269 1419 2576 1493 πράσειμή
2631 1419 3062 1492 ὁποπίπτουσαν,
3121 1428 3202 1496 τῷ
3257 1425 3503 1504 ὑπερφυᾶ
3555 1447 3759 1499 ταυτην

2117 1505 2250 1560 εἶναι
2301 1507 2392 1562 καὶ
2447 1515 2617 1581 τιμῆς
2673 1511 2852 1581 πάσης
2930 1511 3193 1580 ἐπέκεινα,
3265 1515 3354 1570 καὶ
3433 1519 3765 1591 χειροτονήο

2115 1613 2250 1650 σειεν
2300 1595 2388 1650 ἐπὶ
2435 1599 2716 1672 χρήμασιν
2775 1597 3093 1670 ἐπίσκοπον,
3143 1602 3178 1672 ἢ
3229 1610 3670 1678 χωρεπίσκοπον,
3718 1607 3760 1677 ἢ

2113 1680 2500 1760 πρεσϐύτερον,
2531 1687 2566 1757 ἢ
2598 1685 2872 1760 διάκονον,
2919 1689 2955 1759 ἢ
3015 1688 3374 1748 ὑποδιάκονον
3427 1694 3600 1766 (οὗτοι
3646 1696 3760 1772 γὰρ

2111 1773 2162 1860 οἱ
2197 1776 2726 1852 χειροτονούμενοι),
2751 1775 2786 1847 ἤ
2825 1800 2944 1835 τινα
2978 1784 3090 1836 τῶν
3131 1779 3184 1836 ἐν
3233 1786 3314 1855 τῷ
3355 1781 3552 1856 κλήρῳ
3609 1805 3761 1860 προ-

356 1873 453 1943 qui
477 1889 672 1930 sacros
699 1873 931 1931 ordines
953 1855 1324 1946 suscipiunt),
1357 1879 1460 1928 aut
1492 1871 1743 1944 aliquem
1765 1871 1826 1926 in
1848 1871 1985 1928 clert

2125 1855 2376 1920 ἷάλλοιτο
2436 1865 2748 1938 οἰκονόμον,
2811 1867 2845 1937 ἢ
2894 1864 3132 1938 ἔκδικον,
3180 1871 3216 1941 ἢ
3270 1855 3544 1946 νεωκόρον
3574 1855 3756 1946 (utitor

2153 1951 2166 1968 ς
2291 1954 2304 1968 .
2480 1950 2509 1968 ο
2551 1955 2651 1968 η.
2916 1956 2941 1968 ..
3152 1959 3174 1968 ..
3337 1961 3350 1968 -
3423 1961 3437 1968 -
3590 1967 3609 1968 η

356 1975 741 2030 ωοοηοωυω,
817 1971 918 2019 aut
982 1969 1317 2035 patronum,
1366 1967 1464 2016 aut
1536 1967 1856 2018 curatorem
1911 1958 1996 2030 (hi

353 2050 506 2106 enim
541 2051 847 2123 primores,
880 2053 1030 2109 sicut
1058 2059 1115 2108 et
1143 2051 1387 2108 lectores
1419 2056 1476 2106 et
1525 2050 1724 2121 psalt
1791 2051 1995 2109 consi-

349 2141 1106 2212 gnantur);velsummatim
1119 2141 1297 2196 alium
1310 2140 1490 2196 alium
1521 2140 1774 2212 aliquem
1807 2141 1905 2212 qui
1921 2140 1995 2196 ad

343 2233 568 2284 statum
599 2231 1064 2287 ecclesiasticum
1113 2229 1388 2301 pertinet,
1410 2229 1506 2301 qui
1565 2230 1722 2285 hisce
1783 2246 1995 2285 manus

347 2317 598 2390 imponit
627 2325 864 2392 propter
893 2336 1058 2376 suam
1081 2320 1403 2386 avaritiam,
1432 2325 1489 2374 et
1517 2319 1820 2374 convictus
1864 2322 1995 2376 fue-

349 2407 441 2473 rit,
474 2422 609 2464 cum
643 2408 978 2464 discrimine
1005 2409 1098 2464 sui
1127 2408 1343 2481 gradus
1374 2407 1563 2474 faciet,
1593 2413 1652 2464 et
1679 2409 1728 2462 is
1758 2408 1854 2478 qui
1893 2425 1994 2464 or-

345 2495 763 2560 dinatur,nibil
793 2497 1164 2554 emolumenti
1197 2497 1387 2568 capiet
1415 2513 1483 2552 ex
1504 2497 1868 2552 ordinatione
1884 2513 1992 2554 sua

341 2585 604 2654 emptitia
634 2592 733 2640 aut
766 2588 1146 2657 prouiotione,
1178 2587 1279 2642 sed
1313 2585 1541 2641 vacabit
1584 2585 1755 2641 etiam
1797 2585 1988 2658 digni-

341 2679 462 2736 tate
485 2674 608 2730 sive
641 2690 896 2742 munere,
929 2676 1084 2746 quod
1118 2690 1219 2746 per
1250 2674 1555 2746 pecuniam
1603 2680 1810 2730 nactus
1841 2681 1986 2731 erat.

341 2761 398 2816 Si
433 2762 562 2834 quis
587 2779 719 2820 vero
748 2765 1030 2820 mediator
1067 2765 1304 2820 accedat
1343 2766 1613 2836 turpibus
1653 2765 1770 2820 illis
1805 2777 1858 2819 et
1888 2781 1988 2820 ne-

345 2851 509 2907 fariis
551 2855 914 2922 muneribus,
955 2862 1012 2910 et
1065 2855 1181 2922 hic,
1221 2855 1271 2910 si
1328 2855 1573 2912 clericus
1630 2856 1822 2922 fuerit,
1881 2871 1988 2912 suo

345 2940 528 3012 gradu
551 2943 812 3011 excidet;
843 2950 902 3000 at
929 2943 980 2999 si
1010 2944 1195 3000 laicus
1239 2955 1334 2999 aut
1375 2945 1715 3012 monachus,
1749 2946 1985 3001 anathe-

346 3035 500 3086 mate
549 3032 805 3087 ferietur.
857 3033 957 3088 ilio
1013 3038 1206 3088 autem
1265 3049 1498 3104 wquum
1559 3035 1728 3088 fuerit
1785 3040 1987 3105 pectus

345 3117 648 3190 pulsantes
677 3121 1016 3192 gravissime
1063 3121 1388 3177 exclamare
1419 3138 1432 3176 :
1466 3145 1495 3172 «
1529 3122 1590 3177 Si
1647 3121 1986 3194 iniquitates

334 3207 749 3278 observaveris,
787 3210 1050 3276 Domine,
1101 3209 1366 3278 Domine,
1397 3210 1535 3282 quis
1557 3210 1922 3267 sustinebit?
1953 3234 1982 3262 ››

339 3295 446 3358 Qui
469 3297 622 3352 enim
653 3305 744 3352 est
769 3299 871 3370 qui
899 3299 1458 3357 administrationem
1473 3300 1686 3356 domus
1707 3299 1986 3372 religiosae

339 3384 428 3438 vel
469 3385 854 3442 ministerium
905 3387 1144 3460 aliquod
1201 3388 1655 3446 ecclesiasticum
1715 3391 1984 3462 suscipit,

339 3477 440 3527 aut
467 3473 713 3531 clericus
742 3477 826 3540 iit,
859 3480 958 3532 aut
1003 3479 1421 3533 monasterium
1469 3479 1642 3549 regit,
1673 3479 1801 3534 sine
1859 3495 1987 3535 mu-

341 3579 473 3618 nere
503 3563 738 3634 aliquo;
771 3570 828 3619 at
859 3565 910 3621 si
949 3565 1224 3622 omnibus
1253 3565 1372 3623 illis
1399 3573 1513 3623 tam
1546 3568 1644 3640 qui
1676 3568 1983 3624 conferunt

341 3667 512 3721 quam
537 3652 634 3723 qui
658 3653 957 3724 accipiunt
977 3668 1080 3724 per
1107 3656 1294 3721 nefas,
1325 3655 1475 3711 sacri
1521 3672 1646 3711 can.
1680 3673 1980 3712 summum

337 3741 694 3812 supplicium
724 3743 1032 3814 intentant,
1065 3761 1196 3818 qua:
1224 3745 1392 3800 nobis
1429 3760 1561 3816 spes
1612 3745 1846 3811 salutis,
1879 3747 1980 3817 qui

337 3830 670 3886 nullatenus
694 3834 766 3887 ab
786 3849 982 3890 eorum
1003 3837 1416 3890 communione
1445 3835 1806 3890 abstinemus
1829 3833 1856 3888 ?

405 3917 599 3974 Canon
649 3925 842 3976 autem
907 3923 984 3976 22
1047 3924 1252 3992 synodi
1308 3930 1528 3978 sextae:
1579 3923 1687 3990 Qui
1747 3927 1981 3994 propter

333 4007 638 4076 pecuniam
696 4010 1054 4080 ordinantur,
1084 4015 1183 4080 ait,
1205 4014 1324 4070 sive
1369 4013 1650 4084 episcopi,
1687 4015 1806 4068 sive
1856 4013 1976 4067 cle-

331 4095 432 4148 rici
464 4095 820 4168 quicunque,
852 4105 910 4154 et
956 4118 1068 4155 non
1107 4103 1428 4156 secundum
1483 4102 1874 4171 probationem
1915 4108 1980 4156 et

331 4181 454 4326 vit:
513 4186 878 4257 probitatem,
907 4199 966 4244 et
1024 4192 1182 4262 ipsos
1231 4199 1286 4246 et
1344 4193 1685 4246 ordinantes
1759 4193 1970 4264 deponi

331 4283 390 4326 in
439 4287 626 4326 einns.

321 4283 626 4338 Junemus.

397 4439 597 4497 Canon
647 4446 842 4498 autem
901 4443 1146 4514 quintus
1195 4444 1397 4516 synodi
1457 4443 1719 4516 septimae
1771 4458 1973 4499 omnes

326 4527 518 4586 dictos
545 4548 798 4588 canones
831 4549 1153 4602 recensens,
1187 4541 1246 4590 et
1274 4534 1332 4590 in
1381 4550 1678 4590 summum
1703 4534 1970 4589 Ecclesiae

325 4626 702 4680 commodum
746 4623 897 4680 latos
944 4641 1070 4679 esse
1117 4629 1415 4696 reputans,
1449 4624 1682 4680 illorum
1739 4630 1968 4680 senten-

2125 4623 2144 4693 ᾕ
2201 4630 2393 4696 πρώτῃ
2467 4627 2544 4695 τῷ
2620 4629 2784 4697 κοινῷ
2875 4630 2976 4691 τῆς

322 4715 462 4770 tiam
483 4712 608 4784 ipse
638 4712 812 4768 etiam
845 4714 1172 4770 conﬁrmat.

393 4894 636 4964 Magnus
665 4896 857 4947 autem
887 4891 1217 4947 Basiliusnd
1240 4892 1688 4964 episcopus,qui
1713 4891 1966 4963 subipso

321 4991 512 5049 erant,
543 4984 828 5046 scribens,
863 4998 932 5036 ne
974 4982 1311 5036 ordinarent
1348 4993 1580 5054 prepter
1631 4981 1962 5054 pecuniam,

319 5071 598 5128 interalia
618 5072 736 5124 haec
765 5069 940 5125 habet
972 5086 985 5125 :
1021 5070 1366 5127 Existimant
1403 5071 1668 5126 nonnulli
1716 5087 1776 5125 se
1817 5070 1964 5126 nihil

320 5178 578 5234 peccare,
611 5163 662 5214 si
693 5169 818 5214 tum
867 5160 1100 5231 quando
1157 5177 1354 5216 sacros
1401 5161 1636 5216 ordines
1657 5161 1964 5216 conferunt

319 5249 465 5306 nihil
522 5248 834 5320 accipiant,
867 5250 963 5304 sed
1019 5257 1149 5320 post
1192 5251 1640 5306 ordinationem.
1689 5249 1962 5319 Accipere

319 5346 624 5395 autemest
655 5339 858 5410 quovis
911 5346 1170 5410 tempore
1215 5341 1491 5410 accipere.
1521 5339 1808 5395 Adhortor
1852 5339 1966 5410 igi-

319 5432 418 5482 tur
447 5445 546 5484 vos
571 5435 633 5484 ut
673 5429 826 5484 hunc
858 5443 1076 5483 morem
1109 5446 1210 5485 seu
1243 5429 1432 5500 potius
1462 5427 1610 5484 viam
1653 5429 1959 5484 ducentem

315 5515 382 5568 ad
433 5517 761 5586 gehennam
851 5516 1180 5590 deponatis,
1242 5534 1432 5588 neque
1491 5518 1958 5574 contaminantes

317 5618 525 5659 manus
571 5613 796 5662 vestras
845 5607 1181 5676 bnjusmodi
1249 5607 1592 5663 muneribus
1647 5621 1750 5664 vos
1797 5623 1957 5663 sacra

315 5695 592 5768 mysteria
618 5695 961 5752 celebrando
992 5695 1260 5769 indignos
1302 5699 1604 5770 praestatis.

2106 1951 2209 2026 γᾶρ
2254 1954 2310 2008 οἰ
2368 1950 2838 2028 προϐαλλόμενοι,
2904 1956 3086 2034 ὥσπερ
3145 1959 3250 2034 ἄρα
3299 1961 3356 2015 οἱ
3410 1961 3758 2038 ἀναγνῶσται

2104 2041 2194 2096 καὶ
2251 2041 2454 2116 ψάλται
2513 2045 2944 2122 σφραγίζονται),
3003 2045 3040 2117 ἤ
3095 2069 3216 2104 τινα
3269 2047 3413 2112 ὅλως
3477 2056 3586 2106 τῶν
3651 2057 3756 2107 τοῦ

2101 2130 2324 2196 κανόνος
2376 2129 2580 2206 ἓτερον,
2639 2136 2668 2188 ὁ
2725 2137 2940 2196 τούτοις
2997 2136 3355 2212 ἐπιχειρήσας
3403 2136 3475 2194 δι’
3546 2140 3756 2211 οἰκείαν

2103 2221 2573 2297 αἰσχροκέρδειαν,
2630 2226 2720 2278 καὶ
2795 2223 3100 2302 ἐλεγχθεὶς,
3184 2227 3536 2284 κινδυνευέτω
3620 2233 3752 2306 περῖ

2099 2311 2192 2366 τὸν
2251 2312 2453 2366 οἰκεῖον
2517 2313 2727 2387 βαθμὸν
2761 2333 2776 2346 ·
2840 2315 2929 2369 καὶ
2974 2317 3004 2369 ὁ
3052 2315 3540 2393 χειροτονούμενος
3573 2317 3754 2390 μηδὲν

2102 2401 2165 2456 ἐκ
2214 2407 2314 2469 τῆς
2371 2403 2486 2456 κατ’
2535 2401 2801 2475 ἐμπορίαν
2877 2405 3218 2478 χειροτονίας
3303 2405 3621 2479 ὠφελείσθω
3710 2410 3750 2479 ἢ

2099 2485 2406 2564 προϐολῆς,
2461 2489 2588 2544 ἀλλ’
2639 2485 2778 2545 ἔστω
2834 2491 3129 2568 ἀλλότριος
3185 2501 3284 2563 τῆς
3323 2494 3472 2567 ἀξίας
3525 2496 3560 2565 ἢ
3647 2499 3752 2552 τοῦ

2066 2577 2518 2653 ,φροντίσματος,
2578 2581 2644 2633 ού
2702 2577 2789 2634 διὰ
2842 2583 3148 2654 χρημάτων
3205 2583 3524 2657 τετύχηκεν.
3569 2585 3632 2639 Εἰ
3688 2586 3752 2641 δέ

2097 2689 2179 2730 τις
2209 2668 2298 2722 καί
2350 2669 2643 2740 μεσιτεύων
2703 2669 2894 2745 φανείη
2952 2676 3070 2733 τοῖς
3127 2671 3299 2733 οὕτως
3358 2673 3611 2748 αἰσχροῖς
3651 2677 3753 2730 καὶ

2095 2758 2374 2830 ἀθεμίτοις
2422 2756 2700 2830 λήμμασι,
2732 2759 2820 2812 καὶ
2863 2761 3040 2829 οὗτος,
3075 2759 3118 2814 εἰ
3172 2762 3266 2834 μὲν
3307 2761 3571 2836 κληρικὸς
3631 2763 3751 2834 εἴη.

2094 2853 2192 2902 τοῦ
2249 2847 2450 2902 οἰκείου
2511 2847 2814 2902 ἐκπιπτέτω
2865 2849 3099 2923 βαθμοῦ,
3133 2847 3268 2905 εἰδὲ
3322 2851 3530 2922 λαϊκὸς,
3562 2855 3600 2924 ἢ
3637 2875 3751 2926 μο-

2093 2937 2294 3005 νᾶζιυν,
2352 2935 2838 3005 ἀναθεματιζέσθω.
2893 2939 3148 2992 Ἐνταῦοα
3202 2938 3370 2995 καλὸν
3429 2941 3491 2996 ἂν
3541 2941 3627 3012 εἴη
3677 2947 3752 2999 τὸ

2095 3026 2292 3088 στῆθος
2349 3021 2658 3096 πλήξαντας
2725 3027 3073 3089 πεπονθότως
3126 3023 3422 3098 ἀναϐοῆσαι
3455 3048 3469 3063 ·
3534 3053 3562 3081 (ι
3614 3032 3752 3087 Ἐὰν

2093 3110 2317 3174 ἀνολίας
2375 3115 2792 3188 παρατηρήσῃς,
2853 3115 3035 3188 Κύριε,
3094 3115 3291 3191 ’Κύριε,
3347 3118 3432 3179 τίς
3488 3118 3760 3192 ὑποστή-

2093 3221 2242 3256 σεται
2274 3221 2290 3273 ;
2324 3225 2352 3252 ››
2377 3201 2463 3263 Τίς
2505 3204 2609 3276 γάρ
2656 3200 2798 3257 ἐστιν
2839 3205 2867 3257 ὁ
2915 3201 3184 3274 διοίκησιν
3238 3206 3465 3281 εὐαγοῦς
3524 3205 3756 3278 οἵκουν,

2096 3295 2134 3364 ᾖ
2185 3288 2458 3345 διακονίαν
2517 3288 2834 3361 οἰανδήτινα
2897 3299 3000 3361 τῆς
3067 3291 3398 3366 Ἐκκλησίας
3466 3295 3759 3372 ἀναδεχό-

2100 3399 2282 3452 μενος,
2341 3379 2376 3448 ἢ
2434 3378 2698 3452 κληρικὸς
2747 3381 3050 3454 γινόμενος,
3108 3381 3144 3452 ἢ
3193 3381 3473 3459 μονίδριον
3515 3382 3762 3459 λαμόσὶο

2093 3487 2222 3532 νων,
2257 3467 2378 3522 ἄνευ
2407 3472 2503 3533 τῆς
2538 3467 2786 3538 δόσεως;
2839 3470 2896 3524 Εἰ
2948 3467 3013 3539 δή
3065 3475 3192 3526 πᾶσι
3242 3473 3458 3535 τούτοις
3503 3479 3622 3538 τοῖς
3686 3499 3763 3532 τε

2092 3555 2378 3628 πορίζουσι
2431 3558 2520 3610 καὶ
2565 3557 2948 3631 ποριζομένοις
3004 3559 3256 3633 ἀθέσμως
3315 3567 3421 3617 τῶν
3481 3561 3764 3638 ἐσχάτων

2093 3646 2145 3700 οἱ
2179 3645 2313 3720 ἱεροὶ
2343 3651 2612 3719 τιμῷνται
2641 3647 2883 3713 κανόνες,
2912 3648 3042 3704 ποία
3072 3651 3210 3720 ἡμῖν
3257 3652 3528 3725 σωτηρίας
3576 3654 3770 3720 ἐλπὶς

2093 3736 2170 3807 μή
2219 3734 2604 3812 ἀφισταμένοις
2649 3735 2740 3790 καὶ
2795 3743 2896 3806 τῆς
2957 3738 3136 3793 αὐτῶν
3199 3740 3480 3803 κοινωνίας
3529 3747 3771 3800 παντά-

2089 3844 2248 3878 πασιν
2279 3845 2293 3891 ;

2161 3916 2218 3966 Ὁ
2277 3909 2334 3965 δὲ
2401 3907 2482 3966 κδ’
2551 3919 2651 3979 τῆς
2740 3915 2780 3975 ς’
2835 3915 3061 3970 συνὸτου
3136 3918 3333 3988 καεὼν,

2085 4001 2337 4074 χρήμασι
2424 4002 2963 4076 χειροτονουμένους,
3049 4007 3205 4082 φησί,
3311 4004 3414 4062 ε’ίτε
3510 4006 3781 4067 ἐπισκό-

2084 4109 2240 4157 πους,
2299 4087 2411 4144 ε’ίτε
2467 4090 2828 4160 οἱουσδήποτε
2905 4093 3224 4170 κληρικοὺς,
3285 4097 3372 4150 καὶ
3451 4098 3513 4152 ού
3599 4103 3786 4158 κατὰ

2084 4174 2406 4249 δοκιμασίαν
2464 4181 2554 4234 καὶ
2617 4184 2714 4234 τοῦ
2775 4181 2898 4256 βίου
2949 4183 3158 4238 ἀστείαν
3238 4182 3468 4259 αἳρεσιν,
3526 4187 3780 4255 αὐτούς

2080 4285 2140 4318 τε
2186 4267 2274 4320 καὶ
2323 4267 2448 4329 τοὺς
2499 4272 2988 4344 χειροτονήσαντας
3037 4275 3408 4348 καθαιρεῖσθαι
3452 4281 3784 4350 προστάτ-

2081 4375 2142 4410 σο
2152 4375 2246 4428 μεν
2257 4397 2270 4409 .

2150 4445 2208 4498 ’0
2249 4441 2306 4498 δέ
2355 4447 2394 4498 ε’
2452 4445 2627 4502 κανὼν
2673 4452 2774 4516 τῆς
2823 4449 2870 4518 ζ’
2919 4447 3174 4516 συνόδου,
3227 4451 3545 4526 σύμπαντας
3601 4459 3790 4522 τοὺς

2081 4531 2340 4607 ῥηθέντας
2399 4535 2625 4596 κανόνας
2683 4533 2917 4606 διεξιὼν,
2993 4540 3083 4594 καὶ
3170 4541 3221 4594 ἐν
3303 4541 3475 4596 καλοῦ
3568 4549 3801 4623 μοίρᾳ

3063 4629 3388 4700 Ἐκκλησίας
3469 4627 3704 4690 δεδόσθ
3715 4659 3763 4693 α
3777 4663 3799 4695 -.

2079 4708 2331 4782 νομίσας,
2387 4714 2457 4786 τῇ
2538 4711 2752 4768 ἐκείνων
2818 4715 2988 4789 κρίσει
3074 4718 3164 4771 καὶ
3241 4716 3396 4780 οὗτος
3453 4716 3800 4801 ἐπιψηφί-

2079 4804 2245 4868 ζεται.

2147 4889 2208 4944 Ὀ
2275 4885 2331 4942 δὲ
2392 4889 2558 4964 μέγας
2619 4892 2898 4967 βασίλειος
2946 4895 3082 4970 πρὸς
3147 4897 3274 4958 τοὺς
3360 4897 3448 4954 ὑπ’
3534 4898 3808 4965 ἑαυτὸν

2075 4975 2402 5039 ἐπισκόπους
2449 4980 2686 5057 γρίφων,
2738 4981 2876 5038 ὥστε
2928 4985 3004 5058 μή
3054 4991 3386 5060 χειροτονεῖν
3438 4985 3530 5042 ἐπὶ
3585 5001 3814 5069 χρή-

2077 5087 2228 5140 μασι,
2265 5067 2399 5139 μετᾶ
2451 5073 2559 5123 τῶν
2605 5068 2792 5144 ἄλλῶν
2823 5072 2915 5126 καὶ
2973 5076 3140 5130 ταῦτα
3186 5097 3318 5154 φησι
3353 5096 3366 5108 ·
3410 5067 3814 5150 Νομίζόυξξ

2071 5177 2211 5216 τινες
2255 5159 2330 5228 μή
2391 5158 2738 5232 ἁμαρτάνειν,
2788 5165 2868 5234 τῷ
2901 5164 2978 5234 μὴ
3011 5165 3126 5236 ἅμα
3183 5160 3512 5239 λαμϐὶνειν,
3577 5170 3820 5237 ἀλλὰ

2075 5243 2211 5316 μετᾶ
2241 5246 2338 5313 τήν
2397 5249 2738 5320 χειροτονίαν
2773 5269 2786 5281 ⁸
2833 5248 3018 5307 λαϐεῖν
3081 5251 3136 5307 δέ
3174 5253 3376 5327 ἔστιτὸ
3415 5255 3824 5330 ὁτεδήποτε

2070 5327 2274 5388 καϐεῖν.
2315 5335 2617 5396 Παρακαλῶ
2667 5339 2781 5408 οὖν,
2813 5338 3016 5411 ταύτην
3070 5343 3170 5412 τὴν
3227 5340 3524 5416 πρόσοδον,
3583 5358 3827 5421 μᾶλ,

2073 5423 2167 5477 λον
2202 5419 2258 5476 δὲ
2312 5426 2412 5494 τήν
2466 5430 2828 5504 προσαγωγὴν
2879 5431 2980 5499 τήν
3036 5429 3124 5485 ὲπί
3183 5431 3395 5507 γέενναν
3424 5419 3790 5508 ἀπόθεσθε

2069 5511 2158 5564 καὶ
2201 5513 2278 5584 μή
2309 5513 2402 5574 τὰς
2432 5521 2620 5590 χεῖρας
2657 5517 2986 5590 μολύναντες
3014 5525 3132 5585 τοῖς
3157 5521 3426 5584 τοιούτοις
3478 5499 3832 5606 λήμμαξ

2067 5621 2172 5668 σιν,
2233 5601 2453 5666 ἑαυτοὺς
2498 5605 2740 5678 ἀναξίους
2785 5613 3052 5680 ποιήσητε
3099 5614 3198 5666 τοῦ
3259 5611 3533 5668 ἐπιτελεῖν
3613 5601 3832 5710 ἅγια

2231 5691 2245 5710 Ι

2069 5691 2362 5764 μυστήρια.

3416 3918 3557 3980 Τοὺς
3647 3921 3774 3980 ἐπί
