4118 6214
102 94 501 180 ..Γ-,τ

213 417 331 477 205

1234 406 1656 470 SYN'I‘AGMA
1702 410 2352 476 ALPllABETICUM.
2399 446 2475 457 —
2517 414 2588 474 X.

3498 414 3615 476 206

290 553 356 604 Ἡ
404 544 464 601 δε
508 542 802 620 ἐγκύκλιος
850 538 1113 608 ἐπιστολὴ
1166 537 1457 595 Γενναδίου
1515 541 1858 615 πατριάρχου

2045 545 2303 618 Epistola
2350 549 2547 602 autem
2593 544 2882 617 encyclios
2936 544 3222 603 Gennadii
3270 544 3617 617 patriarchas

210 631 847 692 Κωνσταντινουπόλεως
875 630 1010 704 πρός
1060 650 1121 704 γε
1150 634 1268 691 τοῖς
1315 628 1514 689 ἄλλοις
1564 630 1649 683 καὶ
1697 634 1863 685 ταῦτα

207 725 467 800 περιέχει
502 743 514 755 ·
570 726 751 779 Ἔστω
816 719 1000 775 τοίνυν
1078 718 1169 774 καὶ
1240 716 1380 774 ἔστιν
1456 718 1861 790 ἀποκήρυκτος,

208 815 310 869 καὶ
360 815 539 883 πάσης
586 813 864 885 ἱερατικῆς
913 809 1060 879 ἀξίας
1117 830 1173 863 τε
1228 808 1319 863 καὶ
1365 802 1710 882 λειτουργίας
1764 806 1863 863 ἆλ-

211 904 468 979 λότριος,
517 902 605 957 καὶ
656 905 727 974 τῇ
772 897 979 972 κατάρᾳ
1032 897 1131 953 τοῦ
1188 896 1521 970 ἀναθέματος
1584 898 1867 971 ὑποκείμε-

207 1014 330 1062 νος,
393 992 424 1046 ὅ
482 1012 539 1046 τε
594 991 817 1045 κτᾶσθαι
870 989 969 1057 τήν
1047 986 1343 1061 ἱερωσύνην
1403 985 1491 1042 διὰ
1564 989 1867 1064 χρημάτων

215 1084 500 1155 οἰόμενος,
558 1080 650 1134 καὶ
721 1080 750 1134 6
805 1077 1005 1147 ταύτην
1083 1078 1343 1152 παρεχειν
1421 1077 1509 1132 ἐπὶ
1584 1080 1868 1152 χρήμασιν

217 1171 693 1247 ὑπισχνούμενος,
728 1167 840 1224 ε’ἰτε
890 1166 1178 1243 κληρικὸς,
1211 1165 1317 1222 ε’ἰτε
1366 1167 1557 1229 λαϊκὸς
1605 1166 1740 1239 ε’ίηη
1770 1166 1866 1222 κᾶν

218 1262 550 1339 ἐλέγχηται,
610 1258 707 1313 κᾶν
762 1259 839 1329 μή
898 1255 1199 1331 ἐλέγχηται
1252 1259 1413 1311 τοῦτο
1469 1259 1727 1327 ποιήσας.
1787 1257 1868 1313 Ού

217 1352 326 1427 γὰρ
387 1348 508 1404 οἷόν
565 1369 623 1403 τε
689 1342 964 1419 συμϐῆναί
1038 1365 1173 1401 ποτε
1224 1345 1290 1400 τὰ
1366 1340 1675 1419 ἀσύμϐατα,
1739 1342 1866 1400 οὐδὲ

221 1443 342 1509 Θεῷ
418 1441 784 1513 συμφωνῆσαι
838 1434 930 1488 τὸν
1002 1438 1299 1505 Μαμωνᾶν,
1378 1433 1413 1502 ἢ
1491 1439 1617 1495 τοὺς
1690 1434 1870 1505 τούτῳ

222 1526 584 1586 δευλεύοντας
643 1520 933 1579 δουλεῦσαι
990 1526 1106 1595 Θεῷ
1137 1539 1152 1556 ⁸
1214 1518 1506 1592 δεσποτική
1566 1522 1658 1577 καὶ
1733 1521 1868 1590 αὕτη

222 1616 500 1691 ἀπόφασις
529 1609 935 1689 ἀναμφίλεκτος
964 1632 976 1646 ο
1013 1636 1042 1664 (ι
1074 1610 1148 1667 Οὐ
1191 1609 1416 1667 δύνασθε
1446 1615 1561 1684 Θεῷ
1592 1608 1870 1666 δουλεύειν

228 1705 319 1760 καὶ
359 1725 434 1777 μα
443 1706 618 1776 μωνᾷ.
652 1724 682 1754 ››

298 1796 364 1851 Ἡ
418 1790 479 1847 δὲ
522 1794 621 1847 τοῦ
671 1789 724 1845 ἒν
777 1790 957 1864 ἁγίοις
1005 1788 1291 1864 Ταρασίου,
1336 1788 1682 1864 πατριάρχου
1734 1796 1876 1844 Κων-

228 1878 763 1947 σταντινουπόλεως,
821 1879 958 1954 πρὸς
1016 1875 1302 1953 ’Δδριανὸν
1370 1877 1590 1933 πάππαν
1651 1878 1871 1950 Ῥώμης

226 1974 516 2043 σταλεῖσα,
579 1971 954 2046 Φορητότερος
1016 1968 1230 2043 μᾶλλόν
1290 1971 1423 2040 ἐστι,
1483 1970 1638 2047 φησὶ,
1701 1976 1873 2025 Μακε-

227 2065 441 2134 δόνιος,
472 2065 563 2119 καί
612 2066 648 2132 ἡ
677 2067 783 2118 τῶν
833 2062 968 2139 ἀμφ’
999 2062 1168 2117 αὐτὸκ
1218 2060 1701 2136 Πνευματομάχων
1754 2058 1876 2117 δυσ-

226 2150 400 2224 σεῦἡς
454 2151 687 2226 α’ίρεσις,
763 2153 797 2219 ἢ
877 2152 929 2205 οἱ
986 2151 1309 2223 πιπράσκειν
1380 2148 1698 2222 τολμῶντες
1772 2150 1875 2219 τήν

229 2244 397 2319 χάριν
440 2246 540 2297 τοῦ
585 2240 744 2315 ἁγίου
794 2239 1129 2313 Πνεύματος.
1180 2240 1413 2295 Ἐκεῖνοι
1466 2240 1561 2313 μὲν
1620 2240 1721 2315 γάρ
1764 2238 1878 2294 κτί-

231 2354 348 2405 σμα
406 2333 496 2386 καὶ
557 2328 759 2385 δοῦλον
815 2333 911 2384 τοῦ
979 2333 1113 2384 Θεοῦ
1168 2329 1259 2383 καὶ
1320 2330 1529 2402 Πατρὸς
1606 2328 1667 2382 τὸ
1723 2323 1878 2403 ἅγιον

232 2426 454 2493 Πνεῦμα
504 2417 855 2494 ληρωδοῦσιν
892 2437 903 2448 ·
958 2415 1107 2472 οὗτοι
1140 2415 1197 2471 δὲ
1240 2417 1465 2485 ἑαυτῶν,
1499 2420 1573 2479 ὼς
1628 2414 1877 2488 δοκοῦσι,

234 2509 442 2565 δοῦλον
501 2509 635 2564 αὐτὸ
692 2512 966 2563 ποιοῦσιν.
1027 2507 1088 2564 Ὀ
1146 2506 1252 2580 γάρ
1306 2527 1357 2561 τι
1425 2505 1746 2579 πιπράσκων
1803 2506 1879 2568 ὡς

234 2599 512 2669 δεσπότης
572 2597 737 2652 αὐτοῦ
794 2598 1132 2670 πιπράσκει·
1194 2596 1285 2649 καὶ
1342 2597 1370 2648 6
1430 2594 1736 2669 ἀγοράζων,
1795 2593 1882 2650 δε-

236 2691 451 2758 σπότης
483 2688 615 2742 εἶναι
669 2684 1009 2762 βουλόμενος
1046 2688 1142 2739 τοῦ
1191 2683 1569 2754 ἐξωνηθὲντος,
1619 2684 1882 2760 ἀργυρίου

235 2784 408 2834 τοῦτο
449 2782 639 2832 κτᾶται
686 2781 877 2848 τιμῆς.
915 2774 1247 2849 Προστίθησι
1299 2770 1473 2827 δὲκαὶ
1523 2772 1599 2835 ὡς
1648 2772 1885 2847 ἐφάμιλ-

237 2870 341 2924 λον
375 2868 440 2921 τὸ
487 2867 696 2922 τούτων
754 2863 1054 2937 ἁμάρτημα
1108 2866 1188 2934 τῷ
1215 2867 1312 2935 τοῦ
1368 2859 1638 2937 προδοτου
1684 2858 1883 2930 Ἰούδα,

238 2957 452 3013 οὑτωσὶ
512 2952 954 3029 συλλογιζομένη
991 2971 1004 2983 ·
1067 2951 1131 3006 Εἴ
1156 2952 1256 3025 γὰρ
1314 2950 1613 3024 ὁμοούσιον
1651 2948 1728 3024 τῲ
1778 2951 1888 3021 Υἱῷ

237 3048 303 3102 τὸ
364 3044 585 3117 Πνεῦμά
642 3042 754 3097 ἐστι
805 3042 895 3096 καὶ
955 3040 1233 3114 ὁμότιρον,
1295 3038 1669 3114 κατακρίνεται
1728 3036 1785 3094 δὲ
1857 3040 1887 3093 6

240 3132 479 3201 Ἰούδας,
533 3133 631 3188 τὸο
700 3132 821 3187 Υιὸν
899 3127 1242 3203 ἀποδόμενος
1316 3129 1602 3205 ἀργυρίου,
1678 3126 1885 3204 ἀνάγκη

1969 635 2605 708 Constantinopolitani
2674 641 2881 706 praeter
2927 635 3041 692 alia
3088 634 3210 692 haec
3270 634 3485 692 habet:
3533 635 3619 692 Sit

1968 742 2100 795 ergo
2141 733 2195 781 et
2225 732 2310 781 est
2342 726 2413 781 ab
2444 724 2603 781 omni
2634 724 2976 781 sacerdotali
3011 724 3294 797 dignitate
3340 728 3400 782 et
3441 724 3619 781 mini-

1970 814 2145 871 sterio
2174 814 2421 882 alienus,
2453 819 2509 870 et
2556 813 2944 870 anathematis
2990 813 3373 872 exsecrationi
3416 814 3619 885 subje-

1970 909 2118 970 ctus,
2153 904 2254 974 qui
2311 919 2374 960 se
2419 918 2517 975 per
2573 902 2849 975 pecunias
2896 903 3283 960 sacerdotium
3323 904 3620 976 acquirere

1970 992 2284 1063 existimat,
2342 1000 2513 1065 atque
2540 993 2641 1065 qui
2690 993 2747 1049 id
2799 992 3064 1064 pecuniis
3094 993 3345 1064 praebere
3383 992 3618 1065 pollice-

1972 1088 2085 1151 tur,
2141 1084 2259 1140 sive
2333 1082 2594 1150 clericus,
2657 1082 2778 1139 sive
2833 1082 3018 1155 laicus
3083 1082 3277 1150 fuerit,
3334 1084 3455 1140 sive
3511 1082 3621 1139 hoc

1974 1172 2162 1228 facere
2239 1172 2634 1239 convincatur,
2691 1172 2812 1227 eive
2892 1187 3027 1227 non.
3090 1170 3234 1235 Quia
3307 1170 3431 1227 ﬁeri
3504 1186 3621 1228 non

1974 1265 2160 1332 potest
2190 1269 2250 1316 ut
2280 1260 2748 1317 inconvenientia
2777 1259 3145 1326 conveniant,
3174 1256 3264 1315 vel
3285 1274 3622 1316 mammona

1974 1351 2091 1408 Deo
2128 1353 2470 1422 consentiat,
2501 1351 2585 1407 vel
2618 1352 2717 1422 qui
2771 1350 2821 1406 ei
2865 1350 3146 1419 serviunt,
3196 1349 3312 1406 Deo
3342 1349 3619 1409 serviant.

1974 1440 2204 1497 Domini
2234 1447 2326 1498 est
2381 1441 2688 1509 sententia,
2728 1440 2823 1497 oui
2855 1440 3175 1497 contradici
3237 1455 3353 1496 non
3383 1442 3619 1512 potest;

1978 1551 2008 1581 «
2040 1530 2164 1587 Non
2197 1532 2435 1603 potestis
2466 1530 2682 1586 servire
2704 1529 2820 1588 Deo
2849 1534 2906 1586 et
2932 1544 3303 1586 mammona.
3346 1549 3376 1579 »

2058 1800 2310 1875 Epistola
2373 1818 2505 1859 vero
2554 1802 2739 1858 sancti
2798 1802 3045 1872 Tarasii,
3094 1802 3438 1874 patriarchae
3482 1803 3629 1860 Con-

1906 1890 2509 1974 Bstantinopolitani,
2565 1891 2637 1947 ad
2697 1890 3020 1948 Adrianum
3098 1907 3309 1964 papam
3375 1892 3552 1949 missa
3612 1907 3627 1947 :

1985 1979 2191 2046 Multo,
2225 1980 2433 2052 inquit,
2468 1979 2822 2037 tolerabilior
2865 1990 2949 2037 est
2980 1981 3377 2049 Macedonius,
3407 1986 3464 2038 et
3516 1980 3632 2037 im-

1985 2068 2080 2139 pia
2109 2067 2361 2125 hostium
2391 2069 2574 2125 sancti
2610 2068 2861 2140 Spiritus
2910 2068 3174 2138 haeresis,
3201 2086 3380 2141 quam
3411 2069 3497 2125 illi
3528 2070 3630 2141 qui

1984 2158 2722 2229 vendereaudentgratiam
2754 2157 3011 2230 Spiritus
3036 2158 3247 2215 sancti.
3278 2157 3368 2214 Illi
3397 2158 3632 2215 enimin

1985 2249 2333 2314 creaturam,
2364 2250 2424 2303 et
2466 2262 2693 2303 servum
2729 2246 2824 2302 Dei
2854 2251 2912 2302 et
2965 2247 3150 2302 Patris
3189 2253 3457 2303 sanctum
3497 2247 3631 2319 Spi-

1988 2336 2163 2391 ritum
2221 2334 2636 2393 contumeliam
2683 2336 2951 2404 faciunt;
3014 2336 3069 2392 bi
3144 2340 3339 2393 autem
3400 2352 3632 2392 servum

1989 2440 2193 2492 suum,
2250 2429 2313 2480 ut
2370 2426 2615 2492 videtur,
2674 2428 2867 2497 ipsum
2931 2425 3166 2481 faciunt.
3223 2425 3427 2482 Omnis
3481 2426 3635 2481 enim

1991 2515 2091 2585 qui
2148 2515 2369 2588 aliquid
2418 2517 2639 2583 vendit,
2671 2521 2948 2587 tanquam
2983 2517 3261 2573 dominus
3289 2517 3456 2574 istius
3497 2533 3635 2573 ven-

1989 2604 2095 2669 dit,
2129 2608 2186 2659 et
2215 2605 2311 2675 qui
2342 2603 2484 2660 emit
2528 2605 2769 2678 cupiens
2799 2605 3074 2661 dominus
3104 2622 3228 2661 esse
3255 2606 3333 2661 rei
3367 2606 3632 2675 vendita,

1994 2695 2211 2762 argenti
2272 2694 2453 2763 pretio
2512 2694 2565 2748 id
2636 2693 2902 2765 acquirit.
2964 2691 3125 2749 268
3187 2694 3362 2749 Addit
3434 2694 3635 2762 etiam,

1993 2783 2146 2852 quod
2197 2781 2305 2838 hoc
2335 2783 2554 2838 crimen
2599 2783 2907 2840 consimile
2944 2785 3018 2839 sit
3063 2783 3148 2838 illi
3186 2785 3348 2840 Juda
3382 2784 3639 2856 prodito-

1996 2871 2100 2940 ris,
2143 2871 2299 2928 hunc
2345 2872 2405 2927 in
2456 2875 2692 2928 modum
2741 2874 3080 2929 disserens:
3115 2872 3258 2930 Nam
3304 2874 3353 2928 si
3393 2876 3642 2930 consub-

1998 2960 2288 3017 stantialis
2335 2964 2408 3016 sit
2452 2961 2596 3018 Filio
2651 2962 2902 3035 Spiritus
2960 2967 3219 3031 sanctus,
3262 2967 3320 3019 et
3375 2964 3636 3034 ejusdem

1999 3050 2327 3121 dignitatis,
2384 3055 2443 3107 et
2519 3053 2829 3109 damnetur
2911 3052 3115 3121 Judas,
3185 3054 3340 3125 quod
3413 3060 3643 3124 prepter

2001 3138 2309 3210 pecuniam
2370 3138 2624 3210 prodidit
2707 3140 2941 3210 Filium,
3000 3156 3237 3197 necesse
3321 3140 3495 3197 etiam
3554 3142 3646 3197 est

242 3223 430 3295 δήπου
459 3221 550 3276 καὶ
597 3218 725 3281 τοὺς
770 3220 834 3274 τὸ
886 3222 1104 3291 Πνεῦμα
1144 3217 1546 3291 πιπράσκοντας
1596 3218 1671 3289 μή
1726 3215 1886 3272 ἐλάτ-

1999 3225 2133 3282 illos
2227 3227 2323 3299 qui
2424 3227 2699 3298 Spiritum
2781 3230 3062 3296 vendunt,
3148 3229 3308 3286 baud
3400 3230 3646 3289 leviores

242 3280 408 3374 τόνας
470 3314 506 3382 ἢ
566 3308 771 3372 ἐκεῖνος
827 3309 923 3370 τάς
980 3307 1201 3369 εὐθύνας
1261 3303 1503 3383 ὑπέχειν.
1563 3305 1737 3363 Ἀλλᾶ
1789 3307 1886 3382 γάρ

2001 3280 2177 3388 quam
2227 3280 2323 3371 in.
2365 3280 3351 3387 p.55...‘ngi...'"sI.E;;m‘;a;n
3372 3280 3641 3391 iis};

243 3402 470 3477 παρίτω
512 3399 603 3455 καὶ
652 3402 687 3468 ἡ
735 3405 834 3467 τῆς
877 3396 1209 3468 Ἐκκλησίας
1258 3398 1465 3470 σειρὴν,
1495 3399 1529 3466 ἡ
1579 3394 1667 3451 διὰ
1716 3397 1893 3467 πάσης

241 3501 349 3561 τῆς
429 3487 760 3561 οἰκουμένης
836 3485 1038 3558 ᾅδουσα
1105 3484 1266 3560 λύρα,
1326 3487 1354 3541 6
1423 3486 1491 3540 τὰ
1558 3485 1893 3558 πνευματικὰ

244 3584 514 3659 φάρμακα
569 3576 783 3648 μᾶλλον
816 3576 1011 3639 παντὸς
1059 3576 1243 3651 ἰατροῦ
1273 3573 1434 3638 εἰδώς
1481 3596 1538 3630 τε
1568 3577 1658 3630 καὶ
1709 3578 1893 3649 σοφῶς

244 3669 529 3743 κεραννὺς,
557 3670 585 3723 ὁ
635 3669 802 3733 θεῖος,
850 3666 1019 3744 φημὶ,
1067 3665 1480 3741 Χρυσόστομος,
1513 3666 1588 3727 ὡς
1634 3666 1696 3719 ἃν
1747 3667 1898 3737 ἡμᾶς

244 3761 346 3815 κᾶν
400 3759 586 3830 τούτῳ
644 3754 859 3830 διδάξῃ,
917 3754 1068 3817 ὅπως
1126 3756 1239 3830 χρὴ
1313 3756 1377 3810 τὸ
1453 3755 1720 3828 αὐστηρὸν
1788 3758 1895 3808 τῶν

247 3849 407 3905 θείων
460 3846 698 3902 κανόνων
744 3840 853 3899 ἔσθ’
906 3843 995 3899 ὅτε
1040 3847 1109 3918 τῇ
1161 3845 1469 3917 συμπαθείᾳ
1524 3846 1896 3918 παρακιρνῶν-

242 3961 345 4000 τας
398 3935 710 4012 ύποχαλᾷν.
761 3936 941 4007 ’ῐσμεν
991 3935 1094 4008 γάρ
1151 3934 1301 3995 ὅπως
1350 3932 1476 3995 τοὺς
1532 3932 1747 4008 χρυσίῳ
1796 3933 1893 3995 τὰς

248 4026 595 4104 χειροτονίας
663 4023 1006 4098 ἐωνημένους
1061 4029 1162 4092 τῆς
1226 4023 1318 4096 μὶν
1373 4022 1670 4096 ἱερωσύνης
1729 4021 1895 4100 ἐγύμ-

245 4139 405 4185 νωσε,
455 4117 520 4171 τὸ
552 4112 609 4169 δὲ
658 4112 885 4188 χρυσίον
911 4113 1056 4184 παρὰ
1104 4115 1212 4165 τῶν
1262 4114 1357 4165 τοῦ
1408 4113 1895 4187 χειροτοδήσαντος

244 4206 621 4282 κληρονόμων
678 4204 907 4272 ἠξίωσεν
967 4197 1290 4262 ἀπολαϐεῖν,
1344 4196 1532 4268 ἐπειδή
1601 4201 1700 4268 τὴν
1749 4200 1895 4269 ζωὴν

248 4297 596 4371 ἒκμετρήσας
645 4292 846 4354 ἐκεῖνος
905 4288 1129 4367 ἔφθασεν
1177 4287 1287 4359 ἤδη
1348 4291 1693 4362 (’Δντωνῖνος
1739 4291 1897 4354 οὗτος

251 4391 321 4458 ἦν
346 4393 451 4456 τῆς
481 4382 743 4462 Ἐφεσίων
785 4383 814 4436 ὁ
860 4378 1145 4456 πρόεδρος,
1178 4380 1207 4434 ὁ
1257 4381 1354 4450 τήν
1383 4383 1480 4433 τοῦ
1526 4378 1687 4453 ἁγίου
1737 4381 1896 4434 Πνεύ-

251 4496 425 4550 ματος
474 4471 683 4547 δωρεάν
728 4470 887 4526 ὤνιον
936 4469 1116 4524 θέσθαι
1170 4469 1247 4541 μὴ
1295 4470 1685 4541 καταπτήξας).
1731 4465 1894 4524 Ἀλλ’

248 4566 352 4642 ὅρα
384 4585 484 4639 μοι
531 4566 632 4627 τῆς
660 4564 758 4616 τοῦ
805 4558 958 4633 ἁγίου
999 4556 1333 4630 συμπαθείας
1382 4557 1445 4613 τὸ
1488 4556 1697 4631 περιόν.
1732 4557 1895 4627 Ἐξώ-

2004 3402 2194 3460 clesiie
2226 3403 2425 3469 suada,
2460 3404 2697 3476 lyraque
2728 3421 2855 3475 qua;
2887 3421 2990 3476 per
3021 3409 3205 3461 totum
3236 3409 3534 3462 terrenum
3555 3422 3647 3463 or-

2003 3493 2135 3548 bem
2168 3496 2359 3560 sonat,
2394 3493 2442 3548 is
2481 3493 2582 3566 qui
2630 3492 2958 3566 spiritualia
3002 3494 3424 3551 medicamenta
3464 3496 3644 3568 perite

2006 3582 2192 3655 magis
2247 3598 2422 3653 quam
2477 3582 2831 3640 medicorum
2881 3582 3196 3654 quispiam.
3242 3591 3297 3639 et
3352 3584 3648 3656 sapienter

2006 3672 2232 3740 miscet,
2273 3678 2531 3742 sanctus,
2563 3672 2827 3743 inquam,
2859 3671 3333 3744 Cbrysostomus,
3366 3673 3467 3744 qui
3514 3672 3644 3744 qni—

2004 3762 2135 3817 dem
2170 3777 2275 3817 nos
2305 3761 2476 3817 etiam
2510 3762 2702 3818 hacin
2748 3778 2807 3817 re
2846 3763 3062 3829 docuit,
3102 3763 3255 3833 quod
3286 3763 3645 3819 severitatem

2004 3867 2295 3906 canonum
2349 3866 2770 3923 nonnunquam
2809 3850 3045 3906 lenitate
3092 3854 3482 3923 temperantes
3510 3867 3649 3922 pau-

2003 3939 2194 3995 lulum
2255 3938 2515 4010 mitigare
2571 3942 2810 4011 oprotet.
2871 3939 3102 3996 Scimus
3159 3939 3315 3996 enim
3363 3940 3515 4011 quod
3547 3955 3646 3995 eos

2003 4029 2100 4101 qui
2132 4044 2270 4084 auro
2302 4028 2697 4084 ordinationes
2743 4029 3130 4095 redemerunt,
3168 4028 3491 4085 sacerdotio
3520 4031 3647 4101 pri-

2003 4133 2158 4184 vare,
2189 4133 2399 4172 aurum
2434 4119 2631 4172 tamen
2663 4117 2737 4173 ab
2766 4116 3092 4173 hesredibus
3121 4118 3244 4188 ejus
3282 4117 3383 4188 qui
3411 4116 3644 4174 ordina-

2003 4206 2086 4261 vit
2115 4210 2374 4277 repetere
2405 4205 2623 4272 voluit;
2657 4205 2936 4277 quoniam
2968 4208 3084 4261 vita
3101 4206 3223 4277 jam
3253 4221 3509 4274 emensa,
3536 4206 3646 4263 iste

2003 4294 2323 4365 praaiverat.
2380 4295 2711 4350 Antoninus
2763 4299 2955 4350 autem
3012 4297 3133 4351 erat
3164 4293 3428 4351 Ecclesiae
3458 4295 3643 4367 Ephe-

2003 4382 2145 4438 sium
2174 4382 2436 4449 antistes,
2472 4380 2569 4452 qui
2598 4382 2847 4453 Spiritus
2895 4383 3080 4439 sancti
3123 4383 3369 4451 gratiam
3402 4399 3649 4441 venum-

2003 4471 2144 4526 dare
2173 4470 2371 4527 nullus
2430 4470 2751 4527 dubitabat.
2804 4471 2939 4529 Vide
2988 4475 3179 4529 autem
3234 4471 3503 4529 eximiam
3546 4473 3648 4529 viri

2005 4559 2190 4616 sancti
2248 4560 2636 4625 clementiam.
2686 4561 3041 4618 Juraverunt
3070 4562 3226 4617 enim
3269 4563 3396 4633 jam
3427 4567 3559 4619 ante
3589 4578 3651 4619 se

254 4674 464 4729 μνυντο
507 4652 602 4723 μὲν
649 4650 751 4724 γὰρ
800 4648 887 4704 ἐπὶ
942 4645 1086 4703 πολὺ
1135 4645 1399 4721 πρότερον
1448 4643 1666 4714 ἐκεῖνοι,
1700 4647 1733 4714 ἦ
1789 4648 1886 4719 μὴν

2010 4665 2312 4721 nunquam
2336 4649 2450 4705 tale
2480 4649 2613 4721 quid
2646 4655 3029 4722 perpetrasse.
3061 4650 3437 4722 Argumentis
3458 4655 3650 4707 autem

249 4751 416 4801 τοῦτο
483 4743 837 4813 πεποιηκέναι
913 4739 1189 4815 μηδέποτε
1224 4758 1236 4771 ⁸
1315 4743 1432 4801 τοῖς
1520 4736 1578 4792 δὲ
1651 4743 1902 4817 φανεροῖς

254 4833 518 4909 ἐλέγχοις
592 4828 1024 4901 δυσωπηθέντες,
1089 4828 1272 4884 τόπων
1352 4827 1900 4900 ὑπομιμνησκόμενοι

255 4926 342 4979 καὶ
374 4926 609 4996 καιρῶν,
640 4919 730 4976 καὶ
771 4923 872 4985 τῆς
917 4923 1015 4974 τοῦ
1065 4917 1297 4994 χρυσίου
1347 4917 1672 4987 ποσότητος,
1724 4914 1900 4979 οὕτως

256 5006 404 5087 ἔχειν
460 5008 897 5084 ἆνιυμολόγησαν
958 5008 1200 5079 ὕστερον,
1261 5002 1652 5076 διατεινόμενοι
1711 5005 1785 5066 ὡς
1837 5006 1899 5059 οὐ

258 5101 547 5171 σκαιότητι
602 5098 851 5175 γνώμης,
910 5095 1038 5152 ἀλλ’
1096 5094 1440 5170 ἀκεραιότητι
1504 5092 1715 5168 μᾶλλον
1769 5095 1904 5148 καθ-

259 5190 600 5263 υπαχθῆναι,
663 5186 921 5255 τοιαύτην
1006 5184 1367 5263 ὑπειληφότες
1442 5184 1541 5251 τὴν
1622 5184 1903 5253 συνήθειαν

260 5279 423 5347 εἶναι,
464 5277 554 5332 καί
589 5274 680 5330 ’ἕνα
714 5280 821 5330 *τοῦ
866 5273 1290 5349 βουλευτηρίου,
1341 5274 1386 5346 ᾧ
1432 5292 1531 5347 περ
1576 5273 1715 5342 ἦμεν
1775 5273 1904 5327 ὑπο·-

260 5367 466 5436 τελεῖς,
548 5364 1027 5439 ἀπαλλαγείημεν,
1104 5365 1354 5438 φάμενοι.
1414 5363 1554 5437 Πρὸς
1632 5365 1801 5416 ταῦτα
1868 5363 1903 5427 ἡ

265 5456 658 5531 ούρανομήκης
725 5452 902 5524 ἐκείνη
952 5452 1131 5527 ψυχὴ,
1180 5452 1271 5507 καὶ
1336 5456 1443 5508 τῶν
1501 5454 1597 5506 τοῦ
1637 5453 1773 5506 Θεοῦ
1831 5449 1909 5505 οἷ-

265 5550 516 5621 κτιρμῶν
558 5542 712 5619 εἴπερ
749 5564 835 5606 τις
887 5542 1173 5621 ὑφηγητής
1227 5542 1617 5617 γνησιώτατος,
1670 5538 1768 5595 ούκ
1819 5540 1909 5617 ἀφ-

268 5635 500 5707 ορισμὸν
553 5633 691 5704 πρὸς
731 5636 800 5707 τῇ
848 5629 1153 5705 καθαιρέσει
1203 5628 1517 5706 ἐπήνεγκεν,
1549 5629 1626 5693 ὡς
1672 5628 1724 5683 οἱ
1772 5630 1907 5682 θεῖοι

268 5724 487 5785 κανόνες
538 5720 764 5797 κρίσεως
811 5716 1053 5797 ἔχουσιν,
1101 5720 1166 5775 οὐ
1217 5726 1316 5789 τῆς
1361 5717 1693 5790 Ἑκκλησίας
1735 5717 1907 5773 ἆπεώ·

2012 4738 2376 4795 evidentibus
2423 4738 2691 4802 convicti.
2726 4738 2997 4797 indicatis
3052 4745 3110 4797 et
3139 4745 3398 4811 tempore
3427 4745 3484 4797 et
3530 4740 3652 4796 auri

2014 4824 2362 4895 quantitate,
2402 4824 2773 4896 postmodum
2834 4842 2952 4882 rem
3011 4843 3071 4882 se
3128 4827 3209 4882 ita
3263 4826 3475 4884 habere
3513 4829 3654 4884 fassi

2014 4918 2180 4982 sunt,
2211 4913 2591 4969 obtendentes
2633 4930 2690 4970 se
2735 4930 2849 4970 non
2891 4915 3072 4971 animi
3106 4916 3346 4984 malitia,
3380 4918 3480 4972 sed
3512 4917 3655 4972 aim-

2014 5001 2269 5073 plicitate
2303 5004 2497 5074 potius
2554 5003 2709 5071 ferri,
2742 5007 3027 5073 quatenus
3083 5020 3152 5061 ex
3196 5020 3354 5061 more
3383 5022 3509 5061 esse
3538 5005 3659 5061 exi-

2014 5090 2354 5160 stimabant,
2383 5098 2440 5147 et
2488 5109 2521 5148 a
2554 5091 2832 5148 tribunali
2868 5092 3048 5164 (quod
3100 5094 3379 5163 aiebant),
3426 5096 3515 5151 cui
3555 5094 3657 5150 ob-

2014 5179 2169 5236 noxii
2218 5181 2461 5249 luimus,
2509 5181 2911 5237 liberaremur.
2953 5183 3039 5238 Ad
3097 5184 3220 5240 haec
3271 5183 3658 5256 amplissima,

2015 5277 2081 5327 ut
2110 5268 2321 5325 caelum
2362 5276 2542 5342 patet,
2573 5270 2673 5326 illa
2726 5272 2924 5327 anima
2953 5283 3008 5328 et
3064 5272 3504 5329 miserationum
3540 5273 3661 5341 Dei,

2017 5360 2067 5416 si
2098 5359 2228 5430 quis
2286 5359 2461 5429 alius,
2520 5360 2772 5416 maxime
2802 5360 3092 5431 genuinus
3137 5361 3492 5431 eXplanator,
3546 5378 3661 5417 non

2017 5448 2678 5507 excommunicationem
2729 5448 3077 5520 depositioni
3120 5450 3546 5522 superinduxit,
3579 5442 3664 5507 uti

2020 5539 2169 5595 sacri
2199 5554 2451 5596 canones
2498 5540 2836 5607 decernunt,
2888 5553 3073 5610 neque
3123 5539 3373 5596 Ecclesia
3433 5540 3667 5611 penitus

2020 5627 2263 5686 exclusit
2280 5628 2436 5701 (licet
2482 5626 2804 5684 voluntaria
2855 5628 3143 5685 confessio
3200 5629 3270 5685 de
3301 5629 3506 5702 quovis
3543 5628 3666 5685 cri-

2024 5718 2182 5776 mine
2230 5717 2483 5775 multum
2529 5715 2816 5787 detrahat,
2867 5716 3017 5776 sicut
3067 5718 3350 5778 convictio
3397 5735 3429 5778 e
3464 5725 3667 5781 contra
