4118 6214
422 398 539 462 207

421 531 586 588 valde
632 533 931 605 aggravet)

423 637 640 677 nonum
671 619 1128 693 attemperando,
1162 621 1315 676 intra
1361 621 1540 677 altare
1591 623 1733 694 ipsis
1779 626 1849 678 de
1879 623 2059 679 sacris

417 708 712 782 mysteriis
739 708 1168 768 communicare
1216 709 1503 782 permisit,
1542 727 1609 766 ea
1647 711 1870 767 ratione
1899 711 2054 780 satis,

417 803 480 852 ut
501 799 824 868 videbatur,
865 812 1067 854 eorum
1099 798 1326 854 animas
1354 798 1685 867 consolans,
1717 815 1844 871 quis
1876 817 2056 858 sacer-

339 921 345 927 -
411 887 547 943 dotii
579 888 896 944 amissione
927 887 1216 960 depressa:
1246 897 1428 944 erant.

413 975 556 1050 ἐχειν
605 973 912 1052 ἐπέτρεψεν,
978 977 1172 1039 ἱκανῶς
1217 977 1386 1050 ταύτῃ
1449 977 1546 1039 τὰς
1601 977 1782 1032 αὐτῶν
1849 976 2102 1051 οἰόμενος

409 1063 694 1124 ἐκπτώσει.

479 1246 543 1302 In
575 1245 722 1303 libro
769 1250 961 1303 autem
1000 1247 1248 1302 Actuum
1272 1244 1394 1301 haec
1421 1253 1733 1301 occurrunt
1775 1263 1788 1302 :
1819 1245 1928 1301 Ubi
1959 1263 2052 1302 au-

406 1341 520 1393 tem
555 1335 696 1392 vidit
723 1335 948 1403 Simon,
985 1334 1143 1406 quod
1171 1352 1272 1406 per
1303 1334 1731 1404 impositionem
1767 1351 2048 1391 manuum

406 1423 680 1498 apostolis
708 1425 882 1480 datus
911 1424 1020 1479 fuit
1050 1423 1302 1493 Spiritus
1331 1429 1590 1492 sanctus,
1621 1423 1834 1478 obtulit
1861 1423 1944 1480 eis
1960 1441 2052 1494 pe-

402 1514 660 1582 cuniam,
693 1513 894 1570 dicens
929 1529 942 1566 :
1001 1513 1135 1568 Date
1190 1511 1333 1566 mihi
1385 1511 1711 1567 facultatem
1755 1511 1956 1578 istam,
1986 1520 2047 1568 ut

401 1603 948 1675 cuicunquemauus
968 1601 1318 1672 imposuero,
1347 1601 1584 1670 recipiat
1611 1600 1891 1672 Spiritum
1915 1618 2048 1656 san-

399 1700 586 1751 ctum.
619 1692 819 1748 Petrus
848 1700 1040 1748 autem
1055 1689 1294 1746 dixitei:
1326 1692 1645 1762 Argentum
1671 1697 1834 1746 tuutu
1853 1697 2042 1747 tecum

399 1783 478 1839 sit
507 1783 564 1838 in
599 1780 998 1854 perditionem,
1031 1780 1170 1852 quia
1202 1781 1416 1836 donum
1440 1778 1542 1835 Dei
1571 1779 1911 1836 existimasti
1943 1795 2042 1851 pe-

398 1871 570 1927 cunia
599 1869 904 1944 possideri.
937 1889 966 1920 »
1007 1875 1110 1925 etc.

466 2047 697 2105 Tertius
725 2057 914 2103 autem
948 2046 1091 2102 liber
1128 2046 1348 2116 Regum
1384 2061 1399 2100 :
1433 2067 1461 2095 «
1485 2045 1554 2098 Et
1584 2061 1697 2100 non
1728 2061 2036 2102 conversus

396 2147 486 2196 est
512 2139 912 2206 Jeroboamus,
945 2135 1154 2204 inquit,
1186 2134 1258 2189 ab
1310 2134 1617 2204 iniquitate
1647 2135 1798 2204 ejus,
1831 2144 1884 2188 et
1941 2153 2036 2190 re-

396 2245 596 2286 versus
626 2232 735 2293 est,
777 2233 836 2281 et
871 2225 1003 2280 fecit
1031 2241 1098 2279 ex
1149 2228 1304 2295 parte
1353 2223 1548 2294 populi
1587 2225 1916 2278 sacerdotes
1945 2240 2040 2279 ex-

395 2317 709 2382 celsorum,
743 2316 1072 2387 quicunque
1099 2312 1300 2380 voluit,
1331 2313 1456 2382 ejus
1487 2327 1726 2366 manum
1755 2312 2034 2382 adimpleo

393 2408 513 2464 hat.
547 2407 614 2462 Et
643 2406 761 2460 htec
791 2422 884 2461 res
914 2405 1081 2458 vertit
1109 2403 1164 2456 in
1200 2401 1418 2456 malum
1453 2402 1648 2456 domui
1678 2401 2032 2469 Jeroboami,

390 2507 445 2554 et
485 2499 540 2552 in
574 2495 888 2569 perniciem
917 2500 969 2548 et
999 2493 1070 2548 ad
1095 2490 1404 2547 delendum
1428 2507 1563 2545 eum
1597 2507 1630 2545 ιι
1661 2491 1797 2546 facie
1833 2497 2030 2546 terra»

390 2586 528 2652 Quis
557 2587 736 2657 igitur
774 2599 888 2638 non
922 2582 1081 2638 novit
1107 2584 1352 2637 veterem
1387 2578 1552 2634 illum
1583 2578 1770 2646 Gieze,
1805 2586 1868 2634 ut
1897 2597 2031 2651 pro-

391 2675 576 2746 pheta:
611 2672 811 2728 Elissac
851 2668 1243 2735 ministrabat,
1275 2667 1448 2736 et,uti
1482 2673 1670 2722 narrat
1693 2666 1841 2723 liber
1856 2686 2028 2738 quar-

388 2769 481 2818 tus
495 2763 934 2833 Regnum,quas
963 2757 1282 2813 facinorum
1317 2772 1514 2827 pcenas
1547 2755 1678 2811 tulit
1707 2755 1852 2810 ‘M’ix
1871 2756 2026 2812 enim

389 2852 586 2908 minus
619 2849 715 2906 ille
741 2847 814 2904 ob
845 2847 1163 2918 nequitiam
1187 2843 1514 2911 innotescit,
1539 2861 1712 2916 quam
1756 2845 2029 2917 magister

387 2941 512 3008 ejus
542 2937 614 2994 ob
645 2939 935 2992 virtutem.
967 2935 1110 2990 Cum
1143 2934 1321 3002 igitur
1351 2932 1603 2988 Necman
1637 2949 1882 2988 munera
1907 2951 2028 3006 pro-

389 3030 573 3100 phetat
602 3032 734 3083 dare
765 3027 1110 3088 decreverat,
1142 3023 1280 3094 quia
1311 3023 1590 3077 liberatus
1611 3033 1730 3077 erat
1748 3023 2024 3093 perillum

385 3138 417 3174 ιι
447 3117 628 3188 lepra,
659 3116 755 3171 ille
783 3121 977 3171 autem
1035 3113 1398 3184 largitionem
1433 3113 1671 3166 minime
1703 3119 2023 3182 acceperat,

383 3207 551 3263 Gieze
580 3206 830 3262 Neeman
873 3207 1184 3258 abeuntem
1217 3202 1601 3270 praestolatus,
1637 3206 1692 3255 et
1721 3201 2020 3256 avaritiam

384 3313 548 3353 suam
584 3293 886 3350 mendacio
916 3290 1320 3362 tegens,quasi
1351 3291 1835 3361 magisterojusin
1855 3307 2019 3346 man-

383 3387 532 3442 datis
562 3385 802 3439 dederat
857 3381 1129 3452 recipere,
1158 3385 1216 3435 et
1268 3383 1576 3452 postquam
1631 3381 1704 3434 ita
1736 3380 1805 3433 de
1857 3379 2024 3437 bonis

381 3479 510 3546 ejus
549 3490 664 3528 non
711 3487 890 3542 pauca
920 3469 1258 3540 accepisset,
1290 3469 1486 3524 statim
1518 3468 1685 3539 leprze
1716 3485 1890 3540 quam
1926 3469 2026 3524 ille

381 3568 750 3636 deposuerat,
780 3561 959 3614 haeres
979 3560 1170 3615 factus
1198 3563 1308 3625 est,
1336 3559 1615 3630 prOpheta
1637 3557 1744 3612 hoc
1786 3557 2027 3614 maledi-

380 3655 456 3710 cti
487 3653 593 3724 ipsi
627 3650 1022 3707 denuntiante.

451 3928 692 3998 Magnus
748 3927 942 3978 autem
993 3921 1244 3978 Basilius
1302 3921 1360 3977 in
1419 3923 1792 3996 Expositione
1823 3926 2018 3982 suain

380 4017 714 4087 prophetam
749 4013 982 4077 Isaiam,
1015 4011 1205 4066 locum
1252 4011 1416 4066 illum
1441 4012 1759 4083 explicans,
1813 4015 2016 4083 Legem

374 4105 533 4161 dedit
561 4105 620 4158 in
651 4101 928 4157 auxilium
963 4117 977 4155 :
1004 4107 1065 4154 ut
1095 4101 1430 4167 dicent,uon
1466 4108 1744 4172 tanquam
1778 4107 2014 4158 verbum

373 4197 504 4261 hoc,
538 4211 635 4262 pro
667 4210 779 4265 quo
813 4209 924 4247 non
957 4190 1094 4245 licet
1136 4208 1348 4246 munus
1388 4194 1544 4260 dare,
1578 4193 1856 4263 quoniam
1891 4211 2020 4249 ven-

373 4285 632 4356 triloqui,
663 4283 876 4354 inquit,
926 4281 1079 4337 269
1130 4287 1364 4352 propter
1420 4284 1724 4352 pecuniam
1758 4283 2012 4339 divinan-

369 4379 483 4428 tur.
519 4373 634 4427 Hoc
663 4371 816 4426 enim
843 4369 1152 4424 ridiculum
1174 4374 1282 4436 est,
1313 4371 1460 4440 quod
1485 4371 1585 4442 qui
1614 4372 2012 4441 decipiuntur,

369 4463 692 4518 mercedem
721 4459 1006 4513 mendacii
1037 4466 1336 4528 argentum
1372 4459 1514 4525 ipsis
1563 4463 1722 4516 dant.
1756 4461 2009 4516 Verbum

369 4557 564 4606 autem
589 4550 734 4617 legis
766 4565 880 4602 non
910 4552 997 4600 est
1027 4548 1160 4609 tale,
1197 4552 1262 4601 ut
1290 4549 1506 4616 proillo
1535 4549 1754 4602 donum
1770 4551 2001 4620 aliquod

1649 356 2046 464 ’ΜΑΤΤΗΑΕΙ
2091 398 2385 462 BLAS’I‘A
2398 398 2521 461 tus

990 547 1004 586 :
1050 530 1148 587 sed
1209 531 1606 588 misericordia
1661 533 1906 605 rigorem
1965 551 2025 590 ca

2138 550 2308 602 _e11:o
2366 530 2477 604 (καί
2552 549 2638 584 τοι
2707 535 2805 598 τῆς
2884 530 2978 602 μὲν
3044 529 3290 592 ἑκουσίας
3357 527 3812 610 ἐξομολογήσεως

2463 247 2468 254 υ
2515 234 2522 258 ὶ

3697 401 3816 465 208

2144 616 2446 696 “ὲκασταχῆ
2505 622 2610 670 τῶν
2666 617 2897 672 εὐθυνῶν
2955 619 3018 672 τὸ
3075 618 3331 673 πλεῖστον
3382 619 3810 696 ἀφαιρουμένης,

2165 705 2261 763 τοῦ
2313 705 2369 762 δὲ
2415 705 2652 782 ἐλέγχου
2704 706 3097 784 χαλεπωτέρας
3141 708 3338 770 ταύτας
3391 706 3810 785 ἐργαζομένου),

2165 794 2294 852 ἀλλ’
2334 796 2638 870 ἡμερότητι
2676 797 2738 850 τὸ
2780 799 2887 850 τῶν
2932 795 3172 851 κανόνων
3222 797 3450 871 κεράσας
3500 798 3806 872 ἀπότομον,

2165 886 2292 941 εἴσω
2321 889 2418 940 τοῦ
2466 882 2857 960 θυσιαστηρίου
2894 889 3001 940 τῶν
3051 885 3401 960 ἁγιασμάτων
3450 885 3635 949 αὐτοῖς
3681 909 3808 962 μετ-

2167 973 2540 1052 παρακαλέσαι
2591 976 2772 1050 ψυχὰς
2818 978 2888 1048 τῇ
2943 981 3044 1046 τῆς
3100 977 3400 1051 ἱερωσύνης
3460 973 3803 1051 ὀδυνωμένας

2233 1249 2319 1300 Ἐν
2350 1241 2406 1299 δὶ
2434 1248 2502 1319 τῇ
2555 1239 2740 1318 βίϐλῳ
2785 1247 2892 1298 τῶν
2944 1242 3196 1317 Πράξεων
3239 1246 3409 1298 ταῦτα
3451 1242 3748 1320 γέγραπται
3783 1263 3797 1278 θ

2159 1335 2492 1407 Θεασάμενος
2537 1331 2594 1388 δὲ
2625 1334 2652 1388 ὁ
2705 1332 2914 1406 Σίμων,
2947 1331 3030 1386 ὅτι
3079 1327 3168 1386 διὰ
3210 1339 3310 1402 τῆς
3357 1329 3646 1395 ἐπιθέσεως
3691 1337 3796 1388 τῶν

2160 1428 2362 1498 χειρῶν
2431 1426 2537 1478 τῶν
2612 1419 2935 1478 ἀποστόλων
3015 1419 3227 1476 δίδοται
3301 1421 3364 1477 τὸ
3443 1426 3661 1497 Πνεῦμα
3733 1423 3798 1478 τὸ

2157 1513 2338 1590 ἅγιον,
2385 1515 2752 1587 προσήνεγκεν
2805 1508 2992 1574 αὒτοῖς
3038 1513 3321 1586 χρήματα,
3373 1511 3549 1586 λέγων
3587 1531 3600 1545 ·
3665 1511 3797 1568 Δότε

2155 1601 2322 1673 κάμοὶ
2381 1603 2480 1672 τήν
2539 1601 2779 1671 ἐξουσίαν
2831 1599 3055 1671 ταύτην,
3099 1597 3194 1654 ’ἶνα
3248 1600 3294 1672 ᾦ
3355 1601 3414 1654 ἃν
3470 1597 3641 1655 ἐπιθῶ
3697 1601 3793 1664 τὰς

2153 1697 2366 1767 χεῖρας,
2399 1685 2654 1765 λαμϐάνῃ
2686 1694 2902 1764 Πνεῦμα
2933 1685 3111 1765 ἅγιον.
3147 1692 3350 1764 Πὲτρος
3383 1688 3441 1744 δὲ
3488 1691 3608 1746 εἶπε
3653 1694 3790 1766 πρὸς

2153 1782 2315 1836 αὐτόν
2351 1801 2362 1814 ·
2413 1782 2483 1836 Τὸ
2522 1779 2781 1856 ἀργύριόν
2824 1801 2920 1834 σου
2967 1779 3060 1834 σὺν
3105 1780 3190 1834 σοὶ
3234 1778 3318 1850 εἴη
3366 1779 3442 1842 εἰς
3486 1780 3789 1855 ἀπώλειαν,

2072 1896 2120 1961 Β
2153 1869 2236 1926 ὅτι
2282 1871 2383 1939 τὴν
2431 1868 2635 1944 δωρεὰν
2676 1869 2773 1924 τοῦ
2832 1872 2967 1924 Θεοῦ
3015 1867 3270 1942 ἐνόμισας
3331 1866 3420 1924 διὰ
3475 1871 3786 1948 χρημάτων

2149 1960 2394 2028 κτᾶσθαι,
2428 1959 2514 2012 καὶ
2549 1959 2616 2014 τὰ
2647 1959 2791 2027 ἑξῆς.

2217 2052 2280 2103 Ἦ
2309 2045 2366 2102 δὲ
2393 2047 2552 2123 τρίτη
2585 2051 2690 2102 τῶν
2745 2045 3066 2115 Βασιλειῶν,
3118 2071 3148 2099 ι(
3183 2047 3280 2102 Καὶ
3331 2047 3431 2102 οὐκ
3461 2045 3780 2124 ἐπέστρεψεν

2143 2135 2454 2211 ’1ερο6οὰμ,
2529 2135 2717 2216 φησὶν,
2791 2137 2898 2191 ἀπὸ
2969 2140 3068 2204 τῆς
3153 2136 3344 2198 κακίας
3426 2137 3616 2206 αὐτοῦ,
3691 2137 3780 2192 καὶ

2143 2224 2452 2298 ἐπέστρεψε,
2511 2225 2600 2278 καὶ
2659 2223 2908 2294 ἐποίησεν
2963 2223 3021 2276 ἐκ
3081 2223 3276 2297 μέρους
3335 2227 3434 2277 τοῦ
3505 2223 3644 2278 λαοῦ
3702 2225 3778 2279 ie-

2147 2320 2254 2389 ρεῖς
2316 2311 2589 2385 ὑψηλῶν’
2653 2315 2680 2366 ὁ
2742 2312 3084 2386 βουλόμενος
3143 2311 3389 2385 ἐπλήρου
3447 2314 3546 2382 τήν
3617 2319 3779 2387 χεῖρα

2141 2401 2326 2460 αὺτοῦ.
2387 2404 2486 2459 Καὶ
2545 2401 2756 2476 ἐγένετο
2811 2407 2973 2456 τοῦτο
3031 2404 3093 2456 τὸ
3153 2401 3303 2476 ῥῆμα
3368 2402 3444 2464 εἷς
3511 2403 3778 2477 ἁμαρτίαν

2139 2497 2219 2566 τῷ
2266 2491 2406 2564 ο²ίκῳ
2455 2487 2765 2567 Ἱεροϐοὲμ,
2815 2491 2904 2544 καὶ
2954 2489 3032 2552 εἷς
3081 2490 3328 2564 δλεθρον,
3377 2493 3466 2546 καὶ
3513 2492 3587 2554 εἷς
3637 2495 3773 2563 ἀφα-

2139 2583 2331 2654 νισμὸν
2381 2582 2488 2636 ἀπὸ
2524 2581 2823 2655 προσώπου
2865 2586 2964 2649 τῆς
3014 2587 3118 2654 γῆς
3153 2604 3178 2630 ι»
3228 2581 3318 2642 Τίς
3369 2580 3461 2634 οὖν
3507 2580 3609 2636 οὐκ
3658 2581 3775 2637 οἶδε

2140 2671 2350 2726 καὶτὸν
2400 2668 2570 2725 πάλαι
2602 2675 2784 2738 Γιεζῆ,
2815 2668 2965 2730 ὅπως
3017 2667 3096 2741 τῷ
3141 2671 3400 2748 προφήτῃ
3453 2670 3549 2740 μὲν
3596 2670 3777 2727 Ἐλισ-

2139 2762 2278 2834 σαίῳ
2336 2758 2750 2833 διακονούμενος
2807 2759 2898 2827 ἦν,
2945 2758 3018 2820 ὡς
3075 2761 3111 2827 ἡ
3169 2763 3274 2812 τῶν
3338 2757 3634 2814 Βασιλειῶν
3692 2782 3774 2816 τε·

2135 2851 2306 2925 τάρτη
2359 2847 2622 2918 διέξεισιν,
2673 2849 2762 2902 οἴα
2819 2844 2874 2901 δὲ
2936 2848 3200 2902 πέπονθεν
3257 2845 3306 2919 ἐξ
3364 2847 3436 2900 ὧν
3515 2845 3771 2921 ἕδρασενς

2137 2938 2256 3012 Οὐχ
2309 2939 2470 3006 ἧττον
2519 2936 2620 3010 γὰρ
2671 2933 2758 2990 διὰ
2805 2935 2992 2989 κακίαν
3047 2934 3246 2995 ἐκεῖνος
3380 2933 3450 2990 δι’
3501 2937 3694 3008 ἀρετὴν
3743 2940 3772 2993 ὁ

2136 3023 2461 3086 διδάσκαλος
2515 3028 2712 3098 μικροῦ
2753 3028 2868 3085 τοῖς
2919 3027 3046 3078 πᾶσι
3097 3024 3440 3100 γνωρίζεται.
3493 3028 3772 3100 Χρήματα

2134 3119 2266 3191 γοῦν
2315 3117 2410 3168 τοῦ
2465 3115 2674 3186 Νεεμὰν
2725 3117 2805 3184 τῷ
2861 3115 3117 3190 προφήτῃ
3177 3112 3396 3188 πορίσαι
3452 3116 3769 3189 προθυμου-

2139 3205 2328 3276 μένου,
2362 3203 2470 3255 ἀνθ’
2518 3203 2593 3255 ὧν
2622 3208 2720 3269 τῆς
2773 3200 2974 3276 λέπρας
3004 3201 3226 3271 ἐξάντης
3275 3199 3345 3256 δι’
3392 3203 3558 3258 αὐτοῦ
3605 3206 3771 3280 γεγέ-

2131 3313 2288 3361 νητο,
2337 3291 2586 3346 κάκείνου
2641 3291 2740 3358 τὴν
2797 3289 3048 3368 εἰσφορᾶν
3111 3291 3188 3364 μή
3239 3294 3694 3365 προσηκαμένους
3738 3294 3768 3348 ὁ

2133 3385 2290 3451 Γιεζῆ
2347 3376 2670 3436 καταλαϐὼν
2741 3380 2968 3435 ἀπιόντα
3038 3383 3132 3435 τὸν
3207 3382 3442 3452 Νεεμὰν,
3501 3382 3589 3436 καὶ
3665 3385 3767 3452 τήν

2133 3469 2585 3550 φιλοχρηματίαν
2643 3474 2723 3540 τῷ
2779 3467 2962 3544 ψεύδει
3016 3469 3368 3544 ἐπιλυγασας,
3427 3471 3502 3532 ὡς
3580 3470 3681 3546 ἄρα
3740 3475 3768 3528 ὁ

2133 3558 2456 3620 διδάσκαλος
2504 3560 2653 3631 αῦτῷ
2709 3554 2895 3614 λαϐεῖν
2946 3557 3230 3628 ἐπιτάξειε,
3289 3559 3380 3614 καὶ
3437 3559 3603 3634 ταῦτῃ
3657 3567 3768 3616 τῶν

2133 3648 2338 3702 ἐκείνου
2387 3648 2628 3724 είκηνρὼς
2679 3649 2781 3703 οὐκ
2835 3646 3022 3723 ὀλίγα,
3072 3647 3420 3724 κληρονόμος
3475 3649 3629 3712 εὐθὺς
3676 3652 3767 3705 καί

2130 3740 2196 3806 ἧς
2235 3737 2436 3800 ἐκεῖνος
2479 3737 2806 3809 ἀπήλλακτο
2858 3736 3060 3813 λέπρας
3105 3741 3386 3816 γεγένητο,
3427 3737 3558 3794 αὐτὸ
3604 3746 3768 3797 τοῦτο

2128 3827 2226 3882 τοῦ
2257 3829 2546 3904 προφήτου
2579 3826 2944 3903 ἆρασᾶμένου.

2197 3919 2258 3973 Ὀ
2309 3916 2364 3972 δὲ
2411 3915 2576 3992 μέγας
2628 3917 2910 3980 Βασίλειος
2956 3916 3008 3972 ἐν
3066 3917 3134 3994 τῇ
3191 3925 3266 3982 εἷς
3322 3922 3414 3976 τὸν
3465 3925 3762 3998 προφήτην

2128 4005 2347 4061 Ἠσαίαν
2403 4007 2684 4079 ἑρμηνείᾳ,
2742 4006 3104 4082 ἐξηγοῦμενος
3160 4010 3244 4078 τὸ,
3300 4011 3482 4083 Νόμον
3560 4008 3760 4069 ἔδωκεν

2127 4095 2201 4156 εἰς
2257 4097 2526 4169 βοήθειαν,
2569 4093 2662 4148 *ἱνα
2711 4093 2933 4151 εἴπωσιν
2980 4095 3089 4171 οὐχ
3133 4097 3208 4158 ὡς
3263 4099 3326 4153 τὸ
3373 4100 3523 4172 ῥῆμα
3575 4106 3760 4172 τοῦτο,

2123 4184 2245 4258 περῖ
2297 4184 2357 4237 οὐ
2407 4184 2505 4238 οὐκ
2553 4182 2662 4239 ἔστι
2715 4181 2863 4258 δῶρα
2916 4183 3103 4240 δοῦναι
3160 4188 3285 4261 περὶ
3335 4187 3524 4257 αὑτοῦ,
3575 4190 3658 4244 ὅτι
3705 4193 3760 4246 αἱ

2124 4273 2568 4348 ἐγγαστρίμυοοι,
2646 4274 2829 4349 φησὶν,
2906 4274 2990 4328 ἐπ’
3063 4274 3304 4350 ἀργυρίῳ
3381 4279 3758 4348 μαντεύονται.

2121 4364 2292 4418 Τοῦτο
2341 4362 2444 4436 γάρ
2495 4359 2605 4416 ἐστι
2652 4364 2714 4416 τὸ
2762 4361 3184 4439 καταγέλαστον,
3227 4363 3311 4418 ὅτι
3359 4367 3446 4420 καί
3498 4367 3758 4442 ἀργύριον

2120 4449 2309 4510 αὐτοῖς
2367 4448 2608 4517 τελοῦσι,
2659 4452 2847 4521 μισθὸν
2902 4457 3000 4504 τοῦ
3058 4449 3311 4524 tlte-330w,
3362 4453 3414 4505 οἱ
3471 4454 3760 4528 ἀπατώμε-

2119 4559 2225 4594 νοι.
2256 4541 2324 4592 Τὸ
2357 4536 2413 4592 δὲ
2458 4538 2610 4614 ῥῆμα
2638 4543 2736 4593 τοῦ
2783 4541 2956 4612 νόμου
2990 4541 3093 4595 οὐκ
3139 4535 3250 4595 ἔστι
3298 4545 3570 4607 τοιοῦτον,
3619 4543 3758 4600 ὥστε

367 4644 558 4705 detur,
608 4637 881 4708 quoniam
919 4652 1086 4689 nemo
1118 4637 1359 4704 gratiam
1393 4639 1508 4692 dat.
1559 4661 1580 4686 ι
1617 4638 1802 4693 Gratis
1824 4639 2001 4705 enim,

2138 4627 2270 4698 Ξῶρα
2326 4626 2509 4682 δοῦναι
2581 4631 2705 4703 περὶ
2773 4629 2958 4698 αὐτοῦ,
3017 4630 3098 4685 ὅτι
3171 4633 3272 4700 τήν
3336 4634 3499 4710 χάριν
3573 4632 3756 4698 οὐδεὶς

369 4729 467 4796 ait,
491 4725 818 4797 accepistis,
841 4736 1022 4795 gratis
1054 4723 1205 4779 date.
1225 4743 1250 4774 ι
1285 4722 1456 4778 Vides
1487 4724 1774 4795 quomodo
1806 4726 2008 4780 Petrus

367 4814 703 4872 succensuit
733 4813 1008 4868 adversus
1059 4811 1378 4872 Simonem.
1412 4813 1507 4882 qui
1552 4819 1857 4884 argentum
1909 4831 2008 4884 pro

365 4909 551 4980 gratia
581 4903 766 4959 sancti
807 4901 1059 4973 Spiritus
1089 4901 1378 4957 obtulerat
1403 4919 1416 4969 ;
1443 4909 1802 4974 «Argentum
1835 4909 2004 4958 tuum

365 4998 441 5051 sit
469 5001 683 5055 tecum,
715 4993 924 5062 inquit,
961 4991 1017 5044 in
1063 4991 1466 5061 perditionem,
1497 4993 1770 5062 quoniam
1812 4995 2010 5048 existi-

364 5087 536 5140 masti
569 5084 782 5136 donum
819 5079 915 5134 Dei
961 5096 1060 5145 per
1092 5079 1392 5150 pecuniam
1426 5097 1783 5149 comparare.
1817 5103 1846 5131 ››
1878 5082 2004 5138 Non

361 5173 656 5244 estigitur
685 5187 878 5225 sermo
916 5169 1014 5224 Dei
1067 5180 1122 5222 ut
1165 5170 1382 5223 venalia
1423 5170 1590 5224 verba
1626 5171 2004 5242 ventriloquo-

361 5280 488 5319 rum
543 5261 844 5325 Quodnam
877 5261 1030 5313 enim
1075 5259 1318 5328 pretium
1361 5259 1575 5328 aliquis
1607 5261 1704 5313 det
1736 5260 1832 5314 illo
1865 5277 2005 5316 con-

363 5349 642 5421 dignum?
670 5349 818 5404 Audi
868 5348 1136 5402 Davidem
1189 5348 1549 5403 haesitantem
1579 5355 1636 5403 et
1665 5351 1952 5404 dicentem
1984 5367 1997 5406 :

367 5463 395 5494 ιι
423 5439 564 5504 Quid
601 5441 913 5493 retribuam
949 5441 1188 5490 Domino
1223 5453 1320 5506 pro
1363 5439 1637 5492 omnibus
1685 5455 1814 5508 quae
1841 5439 2002 5494 retri-

363 5528 480 5584 buit
512 5527 654 5581 mihi
683 5528 712 5580 ’ἒ
741 5546 770 5576 »
818 5523 942 5580 Non
994 5525 1169 5596 igitur
1198 5525 1333 5580 licet
1362 5525 1497 5580 dare
1551 5528 1768 5581 donum
1817 5527 2000 5597 gratia

361 5617 489 5685 ejus
535 5617 912 5684 condignum.
957 5613 1197 5668 Unicum
1230 5621 1321 5670 est
1349 5616 1562 5670 donum
1594 5613 1836 5685 dignum
1867 5633 2002 5672 con-

362 5703 609 5764 servatio
668 5703 750 5759 rei
779 5704 1024 5760 donatae.
1083 5702 1188 5769 Qui
1221 5704 1314 5760 dat
1347 5703 1446 5760 tibi
1487 5703 1848 5774 thesaurum,
1881 5721 1998 5764 non

2117 4715 2434 4772 ἀποδίδοται
2473 4739 2482 4750 ·
2535 4744 2560 4769 (ι
2598 4720 2810 4794 Δωρεᾶιν
2841 4719 2968 4795 γὰρ,
3018 4721 3205 4794 φησὶν,
3253 4718 3497 4792 ἐλάϐετε,
3546 4720 3753 4798 δωρεὰν

2118 4807 2258 4862 δότε.
2300 4833 2325 4856 n
2375 4812 2530 4881 Ὁρᾷς
2562 4807 2710 4870 ὅπως
2757 4810 3104 4886 ἠγανάκτησε
3157 4811 3358 4884 Πέτρος
3406 4810 3493 4866 ἐπὶ
3541 4817 3622 4884 τῷ
3661 4815 3756 4868 Σί-

2121 4918 2284 4968 prmi,
2341 4897 2600 4970 ἀργύριον
2663 4898 2796 4970 ὑπὲρ
2847 4899 2945 4968 τῆς
3001 4902 3098 4952 τοῦ
3159 4898 3466 4972 [Ινεῦματος
3524 4903 3751 4976 χάριτος

2114 4988 2544 5060 προσκομίσαντι
2573 5005 2586 5054 ;
2639 5011 2665 5038 (ι
2698 4988 2766 5041 To
2799 4986 3050 5062 ἀργύριόν
3103 5008 3198 5041 σου
3229 4986 3322 5042 σὺν
3370 4989 3455 5042 σοὶ
3497 4987 3612 5061 ε’ίη,
3645 5012 3753 5068 φη-

2113 5077 2220 5142 σῖν,
2279 5075 2352 5134 εἰς
2411 5075 2710 5141 ἀπώλειαν,
2767 5077 2850 5130 ὅτι
2903 5076 3157 5150 ἐνόμισας
3229 5079 3328 5146 τὴν
3388 5075 3593 5153 δωρεᾶν
3650 5085 3750 5134 τοῦ

2113 5170 2245 5219 Θεοῦ
2279 5162 2368 5218 δια
2415 5169 2716 5240 χρημάτων
2749 5167 2996 5223 κτᾶσθαι.
3030 5189 3059 5216 ιι
3112 5165 3226 5223 Οὐκ
3263 5162 3404 5222 ἔστιν
3456 5166 3546 5222 οὖν
3580 5169 3608 5223 ὁ
3653 5172 3752 5222 τοῦ

2111 5252 2450 5330 Εὖαγγελίου
2499 5255 2668 5328 λόγος
2728 5257 2802 5314 ὡς
2847 5255 2912 5309 τὰ
2967 5254 3580 5331 πωλοῦμενα⁶ῥήματα
3634 5263 3744 5312 τῶν

2111 5341 2574 5417 ἐγγαστριμύθων.
2637 5343 2694 5398 Τί
2753 5345 2854 5418 γὰρ
2914 5341 2972 5398 ἄν
3032 5364 3116 5404 τις
3173 5344 3293 5415 δοίη
3354 5343 3524 5418 ἄξιον,
3581 5345 3748 5402 αὐτοῦ

2108 5431 2508 5506 ἀντάλλαγμας
2570 5434 2770 5488 Ἀκουε
2824 5437 2920 5488 τοῦ
2979 5428 3144 5488 Δαὸὶδ
3211 5430 3597 5508 διαποροῦντος
3655 5436 3747 5491 καὶ

2111 5519 2360 5595 λέγοντος
2395 5540 2408 5551 ·
2463 5548 2483 5571 ι
2519 5521 2575 5575 Τί
2610 5519 2977 5575 ἀνταποδώσω
3023 5526 3104 5594 τῷ
3137 5521 3319 5596 Κυρίῳ
3365 5525 3490 5596 περὶ
3525 5524 3744 5580 πάντων

2108 5609 2182 5661 ὧν
2224 5606 2568 5664 ἀνταπέδωκὲ
2621 5629 2750 5681 μοις
2791 5634 2816 5660 η
2865 5609 2975 5665 Οὐκ
3016 5607 3155 5665 ἔστιν
3205 5608 3298 5665 οὖν
3356 5608 3507 5686 δῶρα
3555 5610 3748 5668 δοῦναι

2108 5698 2230 5772 περὶ
2276 5697 2471 5753 τοῦτου
2515 5697 2734 5768 ἀντάξια
2779 5706 2878 5769 τῆς
2923 5699 3086 5755 αὐτοῦ
3133 5700 3361 5775 χάριτος
3397 5721 3410 5734 ·
3457 5699 3514 5758 ’ὲν
3569 5699 3746 5778 δῶρον
