4118 6214
326 335 447 399 209

1382 337 1803 399 SYNTAGMA
1847 336 2493 402 ALPHABETICUM.
2539 377 2615 386 —
2656 342 2729 401 X.

3613 336 3731 397 210

324 469 493 543 ἄξιον,
546 472 580 539 ἦ
632 466 852 548 φυλακὴ
899 472 996 522 τοῦ
1044 463 1401 541 δωρηθέντος,
1450 469 1511 526 Ὀ
1563 466 1689 530 δούς
1740 490 1823 524 σοι
1880 470 1942 525 τὸ

2087 491 2331 561 pretium
2367 491 2897 562 requiritreidatm,
2950 491 3056 548 sed
3095 490 3415 547 custodiam
3474 487 3725 545 debitam

321 558 598 631 θησαυρόν
649 556 780 632 ούχὶ
841 557 1012 628 τιμὴν
1071 557 1291 612 ἀπαιτεῖ
1340 561 1438 613 τοῦ
1495 554 1766 625 δοθέντος,
1824 556 1970 614 ἆλλᾶ

321 648 576 726 φυλακην
603 646 755 720 ἀξίαν
784 645 882 700 τοῦ
915 642 1232 718 δεδομένού.

1023 735 1270 807 Νόμομ

389 828 518 883 Ἐάν
575 848 658 889 τις
707 824 797 881 διὰ
852 824 1059 887 δόσεως
1117 824 1347 901 χρυσίου
1402 823 1695 888 ἐπίσκοπος
1752 828 1788 897 ἢ
1837 826 1968 897 κλη-

317 920 475 990 ρικὸς
549 915 795 993 γένηται,
870 916 905 984 ἢ
965 912 1275 989 ξενοδόχος,
1451 916 1870 991 πτωχοτρόφος,
1930 918 1964 986 ἢ

315 1009 650 1078 νοσοκόμος,
710 1005 745 1074 ἢ
805 1002 1090 1074 διοικητὴς
1139 1003 1362 1080 εύαγοῦς
1411 1002 1738 1074 οἱουδήποτε
1781 1003 1966 1076 ο¹ίκου,

315 1097 352 1166 ἢ
416 1092 603 1167 ἑτέρου
660 1094 804 1155 τινὸς
864 1091 1321 1163 ἐκκλησιαστικοῦ
1380 1093 1708 1165 φροντιστὴς
1776 1091 1965 1149 6:110-

314 1188 591 1257 νήματος,
638 1187 730 1240 καί
771 1186 799 1239 ὁ
847 1180 998 1251 δοὺς,
1050 1182 1137 1238 καὶ
1170 1184 1198 1237 ὁ
1232 1177 1436 1250 λαϐὼν,
1484 1184 1571 1237 καὶ
1602 1184 1631 1237 ὁ
1665 1181 1829 1257 μέσος
1878 1205 1967 1258 γε·

313 1274 567 1346 νόμενος,
619 1281 719 1345 τῆς
775 1273 1099 1347 ἱερωσύνης,
1148 1271 1183 1341 ἢ
1232 1276 1329 1327 τοῦ
1374 1272 1610 1345 κλήρου,
1647 1272 1682 1342 ἢ
1734 1281 1833 1341 τῆς
1871 1272 1963 1347 ἐμ-

317 1365 704 1434 πιστευθείσης
735 1360 1083 1433 διοικήσεως,
1110 1360 1659 1437 ἀπεγυμνούσθωσαν.

390 1453 454 1509 Εἰ
505 1450 564 1507 δέ
615 1473 702 1515 τις
758 1456 866 1506 τῶν
920 1450 1229 1506 ἐπισκόπων
1261 1451 1296 1519 ἢ
1336 1448 1641 1524 κληρικῶν,
1689 1451 1800 1507 εἴτε
1855 1452 1961 1527 πρὸ

310 1549 418 1611 τῆς
477 1540 843 1616 χειροτονίας,
906 1538 1015 1596 ε’ίτε
1080 1543 1216 1614 μετὰ
1266 1543 1455 1607 ταῦτα,
1526 1539 1587 1595 ἐκ
1638 1545 1747 1596 τῶν
1806 1540 1958 1597 ἷδίων

313 1630 654 1705 πραγμάτων
712 1630 896 1686 δοῦναι
949 1628 1251 1704 βουληθείη
1300 1635 1370 1703 τῇ
1417 1628 1704 1700 ἐκκλησίᾳ,
1766 1630 1841 1693 εἷς
1890 1630 1957 1701 ἢν

310 1720 697 1795 ἐπεκηρύχθη,
745 1721 810 1775 ού
864 1719 1031 1793 μόνον
1070 1716 1133 1774 οὗ
1169 1719 1481 1793 κωλύομεν,
1520 1718 1666 1774 ἀλλὰ
1706 1720 1793 1774 καὶ
1835 1741 1959 1774 παν-

305 1808 405 1872 reg
433 1808 658 1865 ἐπαίνου
696 1807 843 1880 ἄξιον
876 1808 1154 1883 κρίνομεν.

348 1918 509 1993 Περὶ
549 1920 1087 1995 κανονικοῦηκριὶ
1124 1922 1249 1995 τῷν
1296 1918 1456 1995 ὑπέρ
1495 1918 1920 1994 χειροτονίας

938 1988 1340 2064 διδομένων.

384 2080 474 2151 Ἐξ
521 2080 694 2150 αὐτῆς
750 2087 851 2150 τῆς
910 2081 1130 2153 κώμης,
1189 2082 1241 2133 έν
1390 2077 1530 2135 ἐστιν
1579 2082 1613 2149 ἡ
1670 2078 1956 2153 ἐκκλησία,

302 2169 445 2225 κατᾶ
496 2170 788 2243 ἀναλογίαν
842 2173 951 2224 τῶν
1011 2172 1215 2238 τόπων,
1272 2169 1447 2243 κρίσει
1501 2175 1600 2225 τοῦ
1656 2169 1956 2226 ἐπισκόπου

304 2263 359 2316 οἱ
400 2260 662 2336 κληριγοὶ
720 2258 1260 2335 χειροτονείσθωσαν,
1303 2260 1393 2314 καὶ
1437 2262 1538 2329 τήν
1586 2260 1788 2316 οἰκείαν
1832 2261 1953 2316 ἐπι.

303 2352 725 2426 γενωσκέτωσαν
784 2348 1172 2423 κεφαλιτιῶνα.
1234 2352 1404 2426 Χάριν
1455 2349 1513 2405 δὲ
1559 2354 1654 2405 τοῦ
1699 2352 1953 2407 τοιούτου

304 2447 617 2506 κανονικοῖη
674 2442 762 2496 καὶ
830 2445 940 2496 τῶν
1010 2442 1143 2517 ὑπὲρ
1231 2442 1576 2518 χειροτονίας
1650 2439 1953 2514 διδομένων

301 2533 579 2602 συνήθως,
631 2528 929 2605 διορίζεται
967 2531 1029 2586 τὸ
1083 2526 1502 2606 χρυσόϐουλλον
1545 2534 1643 2585 τοῦ
1690 2529 1949 2604 ἀοιδίμου

303 2622 582 2697 βασιλέως
623 2621 893 2677 Ἰσαακίου
923 2626 1021 2677 τοῦ
1071 2626 1360 2695 Κομνηνοῦ
1406 2622 1541 2697 πρὸς
1588 2627 1705 2684 τοῖς
1752 2619 1947 2685 ἄλλοις

300 2712 400 2767 λαὶ
430 2715 597 2766 ταῦτα
630 2730 643 2743 ·
685 2715 859 2765 Τυποῖ
903 2712 1030 2787 γὰρ,
1082 2711 1267 2785 φηςίν,
1315 2711 1351 2779 ἡ
1403 2710 1655 2785 βασιλεία
1707 2723 1812 2784 μου
1857 2710 1946 2766 ἐπὶ

295 2805 369 2874 τῇ
422 2802 742 2874 χειροτονίᾳ
798 2803 905 2855 τῶν
965 2799 1173 2875 ἱερέων,
1233 2797 1323 2853 καὶ
1382 2798 1470 2853 ἐπὶ
1526 2803 1606 2870 τῷ
1661 2804 1945 2872 κανονικῷ,

292 2890 392 2945 τὸν
436 2888 671 2944 παλαιὸν
723 2888 957 2965 ἐνεργεῖν
997 2909 1184 2959 τυπον,
1225 2888 1315 2943 καὶ
1356 2885 1529 2961 μηδὲν
1569 2886 1657 2943 ἐπὶ
1704 2891 1773 2962 τῇ
1825 2908 1945 2964 χει-

290 2977 518 3051 ροτονία
554 2973 853 3051 λαμϐάνειν
899 2977 1067 3033 πλέον
1115 2977 1207 3032 τὸν
1257 2980 1673 3052 χειροτονοῦντα
1717 2977 1942 3039 τούτους

286 3066 615 3139 ὶπίσκοπον,
663 3065 857 3135 ἀλλ’ἢ
902 3067 1043 3139 μόνα
1079 3066 1146 3122 τὰ
1198 3064 1334 3121 ἑπτὰ
1379 3071 1558 3141 χρυσᾶ
1604 3068 1940 3141 νομίσματα,

286 3158 466 3232 ἤγουν
498 3153 554 3211 ’ἐν
590 3158 708 3228 μὲν,
752 3155 842 3211 ὅτε
888 3160 1037 3210 ποιεῖ
1078 3154 1237 3210 αὐτὸν
1284 3155 1651 3232 ἀναγνώστην,
1698 3156 1824 3231 τρία
1856 3154 1934 3227 δὲ,

288 3246 385 3300 ὅτε
438 3250 748 3320 χενροτονεῖ
793 3244 953 3300 αύτὸν
1002 3241 1269 3311 διάκονον,
1322 3244 1411 3298 καὶ
1457 3242 1613 3319 ἕτερα
1658 3244 1803 3321 τρία,
1846 3243 1936 3301 ὅτε

288 3334 511 3408 πληροῖ
566 3335 733 3390 αὐτὸν
791 3330 958 3408 ἱερέα.
1008 3327 1357 3390 Ἐπιϐεϐαιοῖ
1402 3330 1462 3388 δὲ
1523 3337 1683 3388 τοῦτο
1728 3334 1818 3389 καὶ
1873 3335 1937 3390 τὸ

290 3421 579 3479 συνοδικόν
620 3424 880 3501 ψήφισμα
926 3424 989 3477 τὸ
1036 3423 1258 3499 γεγονὸν
1307 3421 1396 3477 ἐπὶ
1445 3427 1543 3478 τοῦ
1591 3424 1937 3502 πατριάρχου

288 3512 556 3588 Μιχαὴλ,
587 3514 617 3568 δ
646 3514 735 3567 καὶ
766 3514 913 3583 ζήτει
953 3513 1088 3567 κατὰ
1126 3512 1189 3568 τὸ
1229 3517 1290 3581 ιζ’
1326 3510 1622 3589 κεφάλαιον
1660 3516 1756 3567 τοῦ
1798 3532 1934 3587 παρ-

288 3602 447 3664 όντος
487 3601 789 3678 στοιχείου.
840 3600 1111 3663 Ὡσαύτως
1158 3602 1245 3656 καὶ
1309 3602 1439 3677 ὑπὲρ
1486 3606 1584 3656 τοῦ
1631 3606 1932 3675 κανονικοῦ,

288 3693 397 3747 ἀπὸ
446 3695 546 3746 τοῦ
592 3689 819 3764 ἔχοντος
873 3690 1084 3766 χωρίου
1130 3691 1424 3764 τριάκοντα
1471 3691 1726 3760 καπνοὺς,
1780 3692 1939 3765 νόμι-

286 3802 403 3855 σμα
463 3784 702 3855 χρυσοῦν
758 3780 839 3850 ἓν,
898 3779 1106 3856 ἀργυρᾶ
1164 3777 1283 3848 δύο,
1340 3781 1491 3855 κριὸν
1565 3778 1680 3848 ἕνα,
1739 3783 1933 3856 κριθῇς

287 3869 521 3945 μοδίους
546 3867 625 3942 ἓξ,
657 3868 810 3926 οἳνου
865 3871 1035 3944 μέτρα
1077 3868 1153 3940 ἓξ,
1203 3867 1439 3944 ἀλεύρου
1485 3866 1711 3941 μόδίους
1737 3870 1812 3943 ἓξ,
1843 3871 1934 3925 καὶ
1964 3893 1971 3900 ε

284 3959 469 4034 ὄρνεις
498 3960 812 4035 τριάκοντα.
845 3956 1022 4014 Ἀλλὰ
1056 3959 1144 4013 καὶ
1174 3954 1354 4033 ἕτερον
1399 3956 1680 4013 συνοδικόν
1732 3958 1936 4033 σημεί-

282 4073 416 4125 ωμα
444 4051 663 4127 γέγονεν
708 4049 797 4105 ἐπὶ
839 4053 936 4105 τοῦ
974 4048 1319 4127 πατριάρχου
1368 4047 1665 4118 Νικολάου,
1712 4047 1934 4104 κελεῦον

280 4140 423 4197 κατᾶ
480 4141 545 4194 τὸ
601 4143 848 4195 τοιοῦτον
918 4133 1338 4214 χρυσόϐουλλον
1405 4135 1646 4193 δίδοσθαι
1710 4137 1776 4193 τὰ
1834 4159 1932 4193 κα-

279 4230 500 4301 νονικὰ,
530 4230 711 4284 καὶτὰ
743 4230 877 4304 ὑπὲρ
907 4228 1273 4305 χειροτονίας.

470 4325 728 4375 ΚΕΦΑΛ.
773 4318 891 4375 ΚΘ’.
925 4317 1083 4393 Περῖ
1115 4320 1343 4393 χηρῶν
1389 4323 1747 4391 γυναικῶν.

355 4410 522 4479 Ζήτει
551 4408 615 4463 τὸ
646 4409 692 4463 α’
721 4406 1017 4487 κεφάλαιον
1044 4411 1142 4462 τοῦ
1174 4412 1213 4461 Γ
1242 4407 1545 4481 στοιχείου.
1692 4477 1699 4487 ⁹

283 4522 550 4574 ΚΕΦΔΛ.
584 4513 1009 4607 ΛΖΡερὶῙῶγ
1053 4514 1521 4608 χλευαςόντων
1559 4514 1710 4576 τοὺς
1750 4516 1929 4571 ἀσθε-

633 4590 758 4649 νῶς
786 4587 899 4642 τοῦ
930 4587 1018 4641 σώ
1039 4587 1240 4660 μἀτος
1270 4587 1585 4660 ἔχοντας.

352 4679 517 4749 Ζήτει
546 4676 609 4732 τὸ
638 4678 687 4731 α’
714 4696 834 4754 κεφ.
865 4680 963 4732 τοῦ
994 4682 1033 4731 Υ
1062 4676 1359 4752 στοιχείου.

278 4790 541 4870 ΚΕςξΑΛ.
586 4784 693 4870 AA"
741 4784 898 4856 Περὶ
943 4786 1059 4870 τοῦ
1115 4782 1312 4870 ἀγίρυ
1357 4782 1791 4870 χρίσματος,’
1821 4783 1927 4837 καὶ

352 4855 535 4933 τίν-ες
568 4854 889 4933 χρίονται
916 4854 1311 4933 -μόνονςτῶν
1361 4854 1928 4933 προσερχομένων

353 4931 433 5001 τῇ
466 4925 842 4998 Ἐκκλησία
869 4925 1261 5001 αἵρετικῶν.

353 5035 517 5104 Ζήτει
574 5031 627 5088 ἐν
666 5037 746 5104 τῷ
792 5033 838 5087 θ’
887 5053 1007 5107 κεφ,
1056 5036 1155 5088 τοῦ
1205 5039 1255 5088 Μ
1315 5031 1594 5110 στοιχείου
1642 5032 1839 5086 κανόνα
1885 5033 1929 5094 ς’

1966 4587 2014 4652 D

2081 579 2237 634 dono
2268 579 2486 636 oblato.

2815 761 2994 827 Leges.

2149 845 2209 900 Si
2238 845 2365 915 quis
2391 848 2634 917 pecunia
2665 848 2799 901 data
2829 848 3138 918 episcOpus
3182 850 3283 901 aut
3330 846 3576 901 clericus
3600 844 3723 911 ﬁat,

2075 934 2160 990 vel
2195 937 2646 1007 peregrinorum,
2676 936 2760 991 vel
2796 953 3134 1008 pauperum,
3175 935 3258 991 vel
3317 935 3721 1007 mgrotantium

2080 1026 2406 1094 praefectus,
2439 1031 2539 1081 aut
2585 1027 3021 1082 administrator
3066 1028 3462 1096 cujuscunque
3511 1024 3723 1080 domus

2075 1113 2190 1169 Deo
2224 1119 2593 1183 consecratae,
2627 1115 2713 1170 vel
2765 1114 2916 1169 alius
2978 1113 3354 1170 ecclesiastici
3413 1112 3721 1169 ministerii

2072 1207 2321 1272 curator,
2351 1209 2405 1260 et
2445 1204 2494 1259 is
2524 1204 2621 1274 qui
2653 1205 2773 1271 dat,
2823 1211 2878 1260 et
2909 1204 3005 1275 qui
3046 1204 3278 1274 accipit,
3319 1208 3376 1257 et
3417 1202 3718 1266 mediator,

2072 1292 2393 1348 sacerdotio
2423 1310 2529 1347 suo
2560 1299 2659 1348 aut
2688 1292 2862 1363 clero,
2913 1300 3013 1348 aut
3068 1291 3400 1348 concredita
3458 1290 3718 1346 admini-

2071 1380 2350 1436 strationc
2382 1380 2788 1452 privabuntur.

2136 1468 2195 1523 Si
2233 1469 2363 1540 quis
2415 1474 2608 1525 tamen
2654 1470 2964 1541 episcopus
2995 1469 3082 1524 vel
3115 1468 3361 1525 clericus
3390 1473 3522 1522 ante
3556 1468 3706 1523 ordi-

2066 1557 2362 1614 nationem
2393 1575 2580 1626 suam,
2614 1559 2696 1614 vel
2733 1563 2861 1630 post
2891 1557 3077 1628 illam,
3111 1559 3180 1614 de
3210 1558 3379 1613 bonis
3424 1557 3545 1612 suis
3594 1556 3697 1611 lar.

2067 1647 2177 1719 giri
2236 1646 2370 1702 velit
2412 1647 2702 1714 Ecclesiae,
2769 1648 2840 1703 ad
2917 1664 3095 1719 quam
3147 1651 3381 1703 vocatus
3428 1652 3535 1711 est,
3596 1662 3711 1700 non

2065 1734 2257 1791 solum
2316 1751 2427 1791 non
2491 1735 2886 1807 prohibemus,
2947 1738 3047 1792 sed
3098 1736 3272 1791 etiam
3332 1733 3491 1790 omni
3542 1733 3712 1790 laude

1987 1838 2036 1905 Β
2065 1824 2310 1896 dignum
2339 1825 2727 1881 decernimus.

2067 1915 2142 1970 De
2165 1913 2447 1983 canonico,
2478 1921 2527 1971 et
2557 1914 2629 1970 iis
2666 1929 2790 1986 quae
2841 1930 2947 1987 pro
2991 1914 3355 1981 ordinatione,
3404 1913 3709 1970 solvuntur.

2137 2075 2218 2131 Ex
2263 2076 2466 2132 eodem
2517 2076 2640 2132 vico
2700 2077 2799 2133 ubi
2847 2081 2936 2133 est
3003 2076 3267 2146 ecclesia,
3332 2094 3434 2147 pro
3492 2076 3711 2133 ratione

2063 2163 2349 2235 locorum,
2378 2174 2433 2222 et
2465 2165 2809 2222 discretione
2840 2166 3093 2235 episc0pi
3133 2166 3327 2221 clerici
3345 2165 3708 2236 ordinentur,

2058 2257 2116 2310 et
2146 2255 2444 2326 preprium
2475 2261 2794 2326 agnoscant
2823 2255 3164 2327 capitulum.
3219 2254 3470 2325 Hujusce
3518 2259 3710 2310 autem

2062 2343 2323 2399 canonici
2350 2360 2542 2410 causa,
2575 2349 2634 2399 et
2662 2360 2859 2399 eorum
2910 2360 3038 2415 quae
3090 2358 3191 2415 pro
3244 2343 3607 2400 ordinatione
3638 2359 3706 2399 ex

2060 2433 2477 2487 consuetudine
2506 2432 2642 2488 data
2682 2437 2871 2502 erant,
2914 2435 3103 2488 Aurea
3142 2432 3306 2488 Bulla
3360 2433 3705 2490 venerabilis

2058 2520 2645 2592 imperatorislsaacii
2676 2521 2999 2589 Commeni,
3031 2520 3183 2576 inter
3231 2520 3364 2590 alia,
3432 2520 3550 2577 hinc
3609 2523 3706 2578 de.

2058 2611 2263 2665 cernit.
2344 2610 2555 2666 Statuit
2621 2610 2995 2683 imperatoria
3081 2627 3208 2665 mea
3260 2610 3556 2681 majestas,
3639 2614 3705 2667 ut

2056 2716 2160 2772 pro
2218 2703 2587 2759 ordinatione
2635 2703 3027 2774 sacerdotum,
3085 2706 3140 2759 et
3203 2702 3481 2759 canonico
3538 2707 3701 2760 vetus

2055 2791 2238 2848 forma
2277 2794 2556 2860 obtineat,
2610 2796 2667 2848 et
2709 2791 2852 2849 nihil
2884 2791 3139 2864 amplius
3189 2807 3287 2861 pro
3337 2792 3699 2848 ordinatione

2053 2878 2303 2951 alicujus
2360 2881 2664 2953 episcopus
2730 2881 2827 2952 qui
2885 2881 3139 2949 ordinat,
3189 2876 3445 2950 recipiat,
3495 2898 3696 2952 quam,

2051 2967 2205 3024 solos
2259 2978 2480 3041 septem
2540 2986 2748 3026 aureos
2805 2986 3102 3038 nummos,
3159 2968 3428 3025 videlicet
3489 2986 3694 3039 unum,

2050 3057 2282 3127 quando
2312 3073 2444 3113 eum
2478 3057 2751 3114 lectorem
2785 3065 2956 3125 creat,
2987 3062 3107 3114 tres
3147 3072 3279 3113 vero
3337 3072 3471 3112 cum
3504 3057 3694 3115 diace-

2047 3152 2251 3201 natum
2309 3147 2552 3214 confert,
2622 3151 2679 3202 et
2734 3146 2881 3203 alios
2934 3150 3074 3213 tres,
3144 3145 3378 3217 quando
3426 3148 3695 3204 sacerdo-

2046 3242 2162 3293 tem
2217 3238 2460 3310 perﬁcit.
2510 3239 2579 3293 Et
2633 3237 2907 3294 similiter
2954 3238 3249 3294 decretum
3321 3237 3689 3310 synodicum,

2049 3328 2200 3399 quod
2234 3327 2522 3383 sancitum
2555 3332 2645 3383 est
2682 3328 2787 3383 sub
2828 3325 3105 3383 Michaele
3135 3326 3474 3398 patriarcha
3511 3329 3689 3400 (quod

2045 3415 2176 3472 vide
2207 3417 2275 3471 ad
2331 3433 2457 3489 cap.
2492 3417 2556 3471 17
2599 3417 2842 3489 hujusce
2875 3415 3170 3489 elementi)
3213 3416 3598 3489 procanonico
3655 3435 3689 3473 a

2044 3504 2191 3572 loco,
2251 3506 2349 3578 qui
2382 3507 2451 3563 30
2473 3506 2727 3563 caminos
2775 3506 2969 3574 habet,
3003 3522 3183 3562 unum
3242 3522 3542 3562 nummum
3578 3523 3687 3563 au-

2045 3608 2231 3662 reum,
2266 3596 2752 3664 argenteosduos,
2786 3595 3026 3651 arietem
3079 3610 3261 3651 unum
3317 3595 3517 3651 hordei
3563 3611 3687 3651 mo-

2044 3681 2169 3739 dios
2200 3698 2322 3750 sex,
2351 3682 2469 3739 vini
2517 3699 2815 3741 mensuras
2874 3700 2992 3745 sex,
3050 3683 3227 3740 tritici
3284 3683 3504 3740 modios
3561 3699 3682 3754 sex,

2043 3774 2101 3826 et
2130 3787 2260 3828 aves
2284 3771 2538 3843 triginta.
2583 3773 2692 3829 Sed
2748 3776 2803 3828 et
2834 3773 2991 3828 aliud
3048 3772 3301 3828 edictum
3341 3772 3680 3842 synodicum

2045 3860 2261 3917 factum
2297 3867 2383 3918 est
2415 3864 2521 3918 sub
2554 3861 2881 3934 patriarcha
2905 3862 3160 3931 Nicolao,
3187 3861 3340 3933 quod
3369 3864 3687 3919 secundum

2042 3950 2196 4006 hanc
2227 3953 2475 4005 Auream
2510 3951 2729 4007 Bullnm
2774 3951 2916 4007 solvi
2950 3951 3120 4023 jubet
3141 3953 3280 4022 jura
3316 3952 3594 4009 canonica
3633 3955 3691 4008 et

2043 4056 2169 4112 qua:
2202 4056 2303 4111 pro
2335 4039 2709 4097 ordinatione
2733 4039 2876 4113 erigi
2909 4040 3117 4098 solent.

2496 4316 2647 4373 CAP.
2681 4315 2886 4373 XXIX.
2912 4318 2988 4373 De
3020 4315 3225 4374 Viduis.

2110 4405 2267 4462 Vide.
2302 4421 2429 4478 cap.
2465 4406 2485 4459 1
2526 4406 2637 4461 litt.
2670 4410 2725 4461 Γ.

2039 4514 2189 4571 CAP.
2217 4514 2379 4571 XXX.
2413 4515 2487 4571 De
2507 4515 2591 4571 his
2638 4518 2734 4582 qui
2773 4515 3111 4586 inﬁmitate
3165 4514 3361 4586 aliqua
3407 4514 3687 4586 corporali

2539 4588 2849 4644 laborantes
2918 4587 3183 4643 derident.

2181 4678 2399 4743 Quaere.
2434 4693 2558 4749 cap.
2598 4677 2755 4734 tlitt.
2795 4677 2864 4733 Y.

2038 4783 2210 4840 270
2246 4782 2404 4840 CAP.
2438 4783 2623 4840 XXXI.
2657 4786 2729 4841 De
2762 4799 2924 4841 sacro
2968 4783 3260 4839 chrismate
3293 4798 3306 4836 :
3356 4785 3409 4838 et
3451 4781 3681 4855 quinam

2107 4870 2175 4910 ex
2204 4854 2503 4926 haereticis,
2535 4857 2632 4926 qui
2680 4857 2754 4911 ad
2811 4856 3105 4911 Ecclesium
3162 4854 3530 4919 revertuntur,
3585 4869 3683 4922 per

2107 4927 2281 4982 solum
2301 4928 2615 4983 unotioaem
2642 4928 3007 5000 recipiuntur.

2104 5031 2351 5087 Consule
2427 5032 2483 5087 in
2561 5048 2689 5104 cap.
2754 5033 2790 5087 9
2843 5032 2956 5087 litt.
3007 5033 3058 5087 M
3116 5045 3398 5086 canonem
3448 5032 3671 5082 sextum

277 5130 383 5192 τῆς
431 5123 485 5177 ἐν
534 5122 851 5197 Καρθαγένῃ
901 5119 1155 5194 συνόδου,
1195 5123 1288 5177 καὶ
1336 5122 1387 5176 ἐν
1418 5126 1496 5193 τῷ
1527 5123 1573 5176 α’
1602 5142 1718 5199 κεφ.
1751 5125 1847 5175 τοῦ
1890 5123 1926 5179 Β

2067 5120 2243 5192 ynodi
2317 5121 2812 5194 Carthaginensis,
2843 5127 2900 5176 et
2948 5122 3005 5175 in
3073 5136 3199 5190 cap.
3263 5120 3282 5173 1
3334 5118 3442 5170 litt.
3493 5117 3530 5169 Β
3579 5131 3671 5171 ca-

282 5212 564 5287 στοιχείου
621 5210 818 5267 κανόνα
882 5216 978 5284 μη¹
1036 5218 1136 5281 τῆς
1193 5211 1248 5266 ἐν
1309 5208 1599 5282 Λαοδικείᾳ
1672 5207 1925 5278 συνόδου,

280 5303 373 5357 καὶ
420 5300 474 5355 ἐν
515 5305 597 5374 τῷ
632 5302 676 5376 β’
724 5321 842 5377 καφ.
890 5305 993 5356 τοῦ
1030 5304 1075 5359 Α
1114 5299 1393 5377 στοιχείου
1446 5301 1642 5356 κανόνα
1674 5305 1715 5369 ζ’
1742 5306 1841 5370 τῆς
1878 5300 1927 5374 β’

280 5388 538 5446 συνόδου.
1872 5386 1879 5391 ’

480 5484 736 5537 ΚΕΦΑΛ.
784 5483 907 5537 ΛΒ’.
956 5480 1119 5553 Περὶ
1162 5485 1733 5554 Χριστιανισμοῦ.

351 5568 415 5626 Ὁ
473 5570 566 5643 ρη¹
618 5569 795 5624 κανὼν
856 5575 956 5638 τῆς
1014 5566 1067 5624 ἐν
1130 5570 1435 5645 Καρθαγὲνῃ
1510 5566 1736 5624 συνόδου
1800 5568 1928 5629 τοὺς

277 5659 383 5730 τήν
445 5654 672 5729 ἄσκησιν
733 5654 1160 5739 εἰσδεχομένους
1212 5663 1320 5727 τῶν
1377 5662 1715 5735 Χριστιανῶν
1771 5655 1922 5713 ἐλευ-

2036 5225 2266 5266 nomem
2326 5210 2394 5264 48
2450 5210 2679 5266 concilii
2715 5210 3040 5275 Laudiceni,
3094 5214 3151 5263 et
3207 5208 3263 5262 in
3323 5222 3448 5273 cap.
3496 5207 3529 5259 ‘2
3564 5203 3674 5258 litt.

2032 5299 2079 5353 A
2105 5314 2386 5354 canonem
2418 5300 2452 5353 7
2476 5298 2703 5371 synodii
2761 5301 3048 5356 secundae.

2352 5482 2502 5537 CAP.
2535 5480 2757 5538 XXXII.
2791 5483 2865 5537 De
2904 5481 3343 5537 Chrisu'anismo.

2102 5569 2296 5625 Canon
2344 5571 2445 5625 108
2500 5570 2730 5626 concilii
2776 5569 3247 5642 Carthaginensis
3303 5564 3400 5638 qui
3452 5565 3671 5635 profes-

2033 5658 2259 5718 sionem
2289 5658 2411 5717 sive
2442 5659 2779 5718 exercitium
2818 5658 3277 5718 Christianorum
3318 5654 3667 5727 suscipiunt.
