4118 6214
1647 597 1802 636 ANNO
1833 598 2036 637 DOMINI
2076 597 2401 638 MCCCIXXII.

564 752 2004 966 THEODULUS
2149 753 3455 1012 MONACHUS

1939 1091 2098 1148 SIVE

978 1169 1809 1486 THOMAS
1928 1251 3006 1425 MAGISTEB.

1747 1689 2202 1776 NOTITIA
2219 1755 2239 1775 .

1455 1885 1616 1948 (Cave
1647 1887 1719 1936 De
1756 1886 1945 1948 Script.
1971 1886 2157 1937 eccles.
2190 1887 2256 1936 ad
2286 1899 2372 1936 an.
2406 1886 2569 1947 1311.)

346 2144 686 2202 Theodulus
714 2146 1054 2212 monachus,
1086 2147 1188 2218 qui
1213 2147 1326 2202 alio
1357 2148 1593 2203 nomine
1619 2147 1874 2204 Thomas
1903 2148 2176 2221 Magister
2232 2149 2442 2204 dicitur
2491 2150 2722 2205 natione
2752 2149 3028 2217 lGraacus,
3059 2149 3260 2219 patria,
3305 2148 3351 2204 si
3387 2150 3446 2203 L.
3481 2146 3684 2203 Allalio

273 2234 424 2289 fides
454 2234 1015 2302 Thessalonicensis,
1047 2237 1252 2291 claruit
1281 2237 1389 2292 sub
1431 2237 1762 2292 Andronico
1813 2237 2132 2309 Palaeologo
2177 2255 2302 2305 avo,
2354 2239 2650 2295 Theodoro
2699 2240 3016 2294 Metochitm
3071 2239 3395 2305 familiaris,
3427 2237 3682 2308 Niphoni

270 2327 619 2395 patriarchae
649 2326 883 2393 charos,
916 2343 1070 2382 anno
1106 2327 1259 2382 1311.
1297 2328 1376 2382 Ex
1409 2327 1582 2382 variis
1612 2328 1740 2396 ejus
1773 2327 2261 2399 appellationibus
2284 2330 2442 2384 varia
2462 2346 2594 2384 eum
2632 2345 2874 2384 munera
2904 2328 3141 2388 obiisse.
3175 2331 3231 2383 et
3272 2327 3428 2398 quod
3464 2327 3679 2383 Graecis

268 2416 442 2470 istius
462 2417 568 2471 aevi
601 2415 865 2471 solemne
896 2417 1026 2487 fuit,
1058 2435 1091 2470 a
1123 2417 1454 2472 forensibus
1482 2417 1735 2487 negotiis
1756 2418 1825 2471 ad
1861 2417 2243 2472 monasticam
2278 2417 2510 2491 ἡσυχίαν
2559 2418 2886 2484 transiisse,
2941 2419 3248 2490 utriusque
3295 2419 3434 2472 item
3492 2421 3677 2473 status

263 2505 497 2562 culmen
529 2506 815 2576 attigisse,
848 2523 913 2561 ac
943 2506 1283 2564 rhethorum
1315 2505 1938 2579 magistrum,coenobii
1956 2505 2224 2562 abbatem
2249 2506 3197 2579 aliquandoiuisso,conjectarifas
3219 2507 3530 2562 est.Exstat
3545 2507 3677 2577 ejus

260 2596 454 2651 Oratio
483 2596 876 2651 encomiaslica
904 2596 963 2650 in
995 2596 1053 2651 S.
1087 2595 1421 2662 Gregorium
1455 2595 1812 2666 Theologum
1844 2595 2287 2651 Nazianzenum.
2311 2596 2567 2651 Hahetur
2607 2612 2715 2651 ms.
2750 2596 2810 2651 in
2855 2597 3001 2651 Bibl.
3049 2595 3290 2651 Vindob.
3324 2596 3451 2652 cod.
3489 2596 3674 2666 jurid.

259 2685 385 2753 ΧΗ,
418 2703 478 2741 n.
511 2702 568 2750 κ,
610 2685 888 2741 Orationes
917 2685 1303 2752 gratulatoriae
1333 2687 1810 2756 quatuor;prima
1838 2686 1909 2739 ad
1941 2685 2227 2756 Angelum
2260 2686 2365 2740 sub
2397 2685 2722 2741 Andronico
2754 2684 2993 2741 Seniore
3024 2684 3166 2756 imp.
3206 2700 3482 2756 magnum
3515 2689 3665 2741 stra-

259 2775 679 2846 topedarcham
707 2793 721 2842 ;
752 2774 1009 2838 secunda,
1030 2775 1100 2829 ad
1131 2775 1499 2830 Theodorum
1534 2773 1928 2842 Metochitam,
1960 2790 2234 2844 magnum
2269 2773 2617 2846 logolhetam
2652 2793 2666 2841 ;
2697 2778 2884 2841 tertia,
2933 2775 3001 2829 ad
3049 2774 3375 2844 Niphonem
3423 2775 3663 2845 palriar-

253 2865 423 2919 cham
461 2879 650 2936 nuper
675 2865 1110 2931 renuntiatum;
1144 2871 1367 2935 quarta,
1399 2865 1471 2918 ad
1496 2880 1689 2935 regem
1716 2865 1908 2936 Cypri.
1943 2865 2192 2934 Epistolas
2222 2870 2462 2935 septem.
2488 2864 2673 2934 Opera
2706 2863 2987 2919 hactenus
3029 2866 3330 2918 numerata
3378 2880 3511 2920 cum
3560 2882 3670 2920 sua

248 2961 521 3016 versione
552 2961 734 3016 edidit
767 2962 934 3016 Laur.
963 2962 1333 3030 Normamms,
1367 2961 1613 3032 Upsalizs
1649 2962 1805 3028 1693,
1838 2963 1912 3027 4⁸,
1953 2961 2266 3016 Dictionum
2312 2963 2606 3016 Atticarum
2653 2961 2882 3033 Sylloge
2927 2964 3119 3016 Greece
3169 2959 3385 3031 prodiit
3441 2961 3662 3028 Remis,

257 3052 418 3116 1517,
455 3051 611 3106 1525.
646 3050 833 3106 Paris.
867 3051 1026 3105 1532.
1058 3051 1117 3104 8'
1169 3051 1280 3105 sub
1319 3051 1554 3106 nomine
1607 3050 1815 3106 Thomz
1871 3054 1883 3106 l

2033 3052 2116 3106 τινί
2163 3066 2304 3106 cura
2356 3050 2480 3106 Nic.
2515 3050 2821 3106 Blancardi
2877 3066 3060 3120 nuper
3091 3065 3316 3116 recusa,
3348 3067 3412 3104 ac
3468 3051 3659 3106 indice

246 3144 560 3195 auctorum
588 3138 959 3211 locupletata,
993 3140 1336 3211 Franequer.
1373 3140 1531 3208 1690,
1571 3139 1649 3194 8°.
1684 3141 1839 3196 Idem
1871 3157 2018 3213 Opus
2065 3144 2253 3196 exstat
2285 3139 2400 3194 MS.
2443 3138 2742 3208 Theodulo
2781 3138 3053 3211 Magistro
3084 3138 3404 3210 ascriptum
3454 3139 3512 3194 in
3558 3139 3657 3196 Bi—

247 3230 542 3286 bliotheca
593 3231 751 3304 regia
783 3231 1096 3286 Parisiensi
1135 3231 1429 3286 cod.1853.
1464 3234 1527 3287 In
1560 3232 1759 3287 eodem
1793 3233 1920 3288 cod.
1968 3231 2255 3287 habentur
2297 3224 2570 3300 ejusdem
2595 3223 2894 3287 'Theoduli
2959 3231 3382 3286 Dectamationes
3412 3229 3658 3302 aliquot,

248 3320 506 3390 Epistula
533 3327 586 3375 et
616 3319 918 3389 Orationes,
939 3324 1188 3376 testante
1216 3320 1301 3375 Cl.
1352 3322 1424 3376 du
1475 3321 1712 3392 Cangio.
1753 3321 1875 3376 1nd.
1934 3322 2090 3376 Auct.
2133 3322 2205 3376 ad
2227 3321 2471 3377 Glossar.
2533 3319 2702 3376 Graec.
2757 3320 2893 3384 Quis
2954 3323 3148 3374 utrum
3203 3321 3276 3374 ab
3323 3319 3396 3374 iis
3441 3337 3474 3374 a
3504 3320 3657 3374 Nor-

244 3425 466 3464 manno
497 3410 666 3464 editis
696 3409 933 3464 diversae
966 3409 1104 3475 sint,
1140 3409 1343 3464 merito
1374 3409 1759 3466 dubitandum
1791 3414 1899 3478 est,
1941 3426 2074 3466 cum
2107 3425 2176 3464 ex
2208 3410 2280 3465 iis
2303 3426 2415 3464 una
2447 3409 2524 3464 sit
2562 3410 2620 3464 in
2672 3408 3000 3479 Triphonem
3026 3409 3181 3463 Patr.
3237 3408 3342 3464 (ΞΡ.
3377 3425 3478 3480 pro
3538 3425 3649 3480 quo

247 3499 556 3569 Niphonem
587 3499 1063 3555 substituendum
1107 3515 1236 3556 esse
1284 3501 1564 3570 temporis
1614 3500 1759 3555 ratio
1815 3501 2054 3556 omnino
2103 3499 2377 3572 postulat.
2447 3499 2631 3570 Hujus
2687 3499 2863 3556 etiam
2904 3499 3202 3554 censendos
3259 3507 3397 3553 sunt
3457 3499 3652 3554 Decla-

236 3592 511 3645 mationes
543 3589 872 3656 nonnulla;
906 3592 1098 3647 Oratio
1119 3589 1192 3644 ad
1237 3589 1786 3646 Thessalonicenses
1835 3592 1862 3644 d

2016 3605 2101 3646 tce
2131 3598 2184 3645 et
2242 3589 2572 3645 concordia.
2636 3588 2726 3644 Pr.
2783 3582 2855 3641 Οὔ
2908 3605 3002 3660 μοι
3065 3582 3209 3640 δοκῶ
3261 3590 3370 3640 τῶν
3431 3586 3642 3641 πάντων

239 3675 414 3733 οὐδὲν.
451 3678 638 3734 Oratio
669 3679 726 3733 in
757 3677 1044 3751 legatione
1064 3679 1266 3734 habita
1293 3680 1362 3734 ad
1398 3680 1539 3752 imp.
1572 3679 1962 3736 Andronicum
1986 3679 2387 3750 Palaeologum.
2423 3677 2499 3733 Ad
2524 3677 2908 3747 Philosophum
2939 3675 3260 3747 Josephum
3301 3676 3372 3732 de
3402 3676 3474 3732 iis
3518 3693 3645 3748 qua

235 3771 299 3824 in
330 3768 696 3838 expeditione
726 3768 1000 3824 Italorum
1033 3773 1090 3823 et
1118 3769 1426 3825 Persarum
1470 3775 1633 3840 gesta
1691 3775 1850 3825 sunt.
1884 3771 2069 3826 Sermo
2126 3769 2184 3824 in
2216 3770 2271 3824 S.
2323 3768 2700 3837 Eulhymium
2753 3767 3256 3837 Thaumaturgum
3305 3765 3641 3837 episcopum

237 3859 623 3929 Madytarum.
659 3858 980 3913 Encomium
1018 3859 1194 3913 maris
1219 3864 1279 3913 et
1309 3859 1590 3914 universae
1624 3876 1903 3928 aquarum
1926 3863 2167 3924 naturae,
2203 3863 2260 3913 et
2289 3858 2554 3928 quaedam
2583 3857 2717 3925 alia,
2747 3873 2868 3927 quae
2902 3873 3017 3911 una
3045 3871 3177 3911 cum
3211 3854 3283 3910 iis
3303 3870 3488 3926 nuper
3516 3857 3644 3910 edi-

237 3935 314 4004 tis
342 3966 373 4003 a
406 3947 576 4002 nobis
607 3963 786 4018 supra
816 3950 1153 4004 memoratis
1183 3950 1377 4004 Graece
1409 3950 1696 4005 habentur
1730 3951 1843 4006 MS.
1879 3951 1937 4004 in
1977 3947 2124 4004 Bibl.
2157 3950 2488 4006 Residentiw
2517 3949 2634 4004 Soc.
2661 3951 2794 4003 Iesu
2829 3947 3242 4016 Constantium).
3267 3945 3440 4001 Varia
3469 3947 3636 4002 etiam

233 4039 362 4107 ejus
393 4035 677 4106 Opuscula
703 4035 899 4092 Graeca
927 4035 985 4090 in
1019 4039 1271 4108 quadam
1304 4036 1482 4093 Italiae
1512 4037 1868 4094 Bibliotheca
1902 4037 2130 4094 latitare
2162 4045 2358 4092 narrat
2383 4036 2690 4103 Simlerus,
2713 4036 2819 4092 viz.
2851 4036 2936 4092 Ad
2966 4037 3310 4092 Athenienses
3355 4035 3413 4090 in
3464 4035 3640 4106 Olyn-

234 4126 376 4181 thiis
402 4142 417 4191 ;
447 4125 515 4180 de
533 4125 892 4194 Navigationc
921 4141 953 4179 e
983 4125 1394 4182 Thessalonica
1427 4127 1850 4198 Byzantium,et
1883 4144 2087 4182 rursus
2119 4126 2392 4197 Byzantio
2448 4125 2922 4180 Thessalonicam
2949 4143 2963 4192 ;
3001 4126 3074 4180 De
3123 4140 3306 4195 regno,
3346 4123 3411 4178 de
3445 4126 3633 4194 repub.

229 4220 338 4270 etc.
374 4213 639 4285 Epistolz
664 4214 831 4269 etiam
861 4214 1153 4270 nonnullae
1187 4215 1344 4272 MSS.
1376 4218 1437 4272 in
1467 4217 1594 4272 cod.
1630 4217 1805 4288 Regio
1837 4217 2016 4272 Paris.
2052 4217 2155 4272 185
2187 4215 2493 4272 habentur.
2526 4214 2744 4270 Scholia
2773 4215 2898 4283 ejus
2929 4213 2988 4269 in
3040 4213 3486 4284 Aristophanem,
3521 4215 3638 4270 Eu-

230 4304 471 4375 ripidem
499 4310 554 4359 et
585 4303 912 4373 Pindarum,
935 4321 1181 4375 quorum
1195 4306 1370 4362 etiam
1395 4308 1551 4361 Vitas
1587 4307 1950 4379 conscripsit,
1985 4306 2064 4362 uti
2088 4306 2520 4376 etgrammatica
2552 4306 2815 4376 quaedam
2843 4304 3248 4361 etistiusmodi
3280 4304 3628 4375 alia,partim

225 4394 540 4467 impressa,
564 4392 777 4466 partim
809 4410 952 4452 ms.
986 4411 1101 4452 non
1136 4403 1275 4452 sunt
1305 4396 1483 4468 hujus
1514 4397 1644 4453 loci.
