4118 6214
355 325 473 387 215

1659 324 2050 386 THEODULI
2095 324 2445 388 MONAGHI
2519 373 2522 376 .

3627 311 3744 371 216

353 479 3748 520 MM

681 653 2111 828 ΘΕΟΔΟΥΛΟΥ
2263 639 3429 824 ΜΟΝΑΧΟΥ

1973 921 2131 974 ΗΤΟΙ

1033 1099 1526 1231 ΘΩΜΑ
1625 1101 1970 1231 ΤΟΥ
2071 1091 2957 1228 ΜΑΓΙΣΤΡΟ
2991 1093 3076 1217 Υ

1305 1334 1706 1432 ΛΟΓΟΣ

1811 1335 2008 1430 ΕΙΣ
2099 1327 2812 1426 ΓΡΠΓΟΡΙΟΝ

1783 1511 1910 1560 TON
1950 1509 2328 1560 ΘΕΟΛΟΓΟΝ.

1027 1877 2056 2044 THEODULI
2173 1870 3094 2040 MONACHI

2003 2135 2116 2170 SIVI

1291 2259 1932 2384 THOMZE
2021 2252 2838 2378 MAGISTRI

1011 2471 1586 2558 LAUDATIO
1660 2469 1744 2556 S.
1828 2465 2402 2553 GllEGOllII

2499 2461 3128 2550 Tl-lEOLOGI.

1480 2719 1678 2782 (Edidit
1708 2719 1860 2768 Laur.
1911 2719 2251 2768 Normannus
2282 2715 2490 2780 Upsalaa
2521 2715 2683 2776 1693.)

456 3041 502 3095 t.
535 3038 838 3096 Neminem
870 3055 972 3108 ego
1020 3037 1356 3094 mortalium
1397 3037 1661 3092 omnium
1713 3035 1830 3091 fore
1863 3034 2014 3090 arbi-
2052 3071 2061 3106 λ

2203 3037 2282 3088 A'.
2317 3034 2439 3108 Οὐχ
2469 3035 2617 3096 ὅπως
2649 3032 2764 3090 οὐδ’
2793 3033 2854 3088 ἄν
2893 3037 2968 3095 εἷς
3017 3037 3174 3107 οἶμαι
3225 3039 3333 3089 τῶν
3383 3035 3595 3089 πάντων
3657 3033 3778 3089 οὐδ’

381 3131 522 3194 tror,
555 3129 656 3199 qui
683 3129 814 3200 jure
846 3127 988 3182 mibi
1046 3126 1162 3182 ulla
1193 3143 1260 3181 ex
1319 3129 1478 3198 parte
1535 3127 1897 3189 succenseat,
1931 3127 2031 3178 aut

381 3219 650 3275 amentia
691 3219 998 3288 cujusdam
1039 3215 1496 3288 temeritatisque
1543 3231 1706 3271 reum
1755 3215 1946 3280 faciat,
1981 3213 2030 3269 si

385 3324 575 3380 neque
604 3323 792 3364 causam
822 3305 999 3378 hujus
1021 3307 1304 3376 gravitate
1351 3304 1644 3376 pensitata
1691 3305 2029 3370 deterritus,

385 3414 574 3468 neque
605 3397 760 3470 quod
795 3397 987 3468 impar
1007 3397 1076 3450 ad
1105 3395 1266 3450 illam
1299 3409 1406 3466 ego
1451 3394 1919 3466 pertractandam
1943 3407 2032 3445 ac-

385 3489 548 3556 cedo,
583 3487 662 3542 ita
692 3501 849 3542 nunc
871 3485 1144 3540 audacter
1172 3491 1363 3540 tamen
1395 3483 1706 3556 periclitari
1729 3482 2026 3538 voluerim.

389 3576 692 3634 utviribus
719 3575 862 3631 meis
894 3574 1112 3644 majora
1166 3573 1402 3645 aggredi
1446 3573 1688 3628 minime
1733 3573 2030 3627 dubitave-

389 3669 520 3723 rim.
553 3665 770 3720 Verum
805 3679 833 3718 e
874 3663 1157 3720 contrario
1191 3662 1407 3734 potius,
1441 3665 1502 3717 ut
1525 3677 1644 3716 rem
1675 3661 1848 3716 verbo
1879 3677 2032 3715 com-

390 3755 627 3829 plectar,
659 3755 916 3811 omnium
950 3751 1197 3822 judicio,
1242 3759 1457 3806 rectam
1501 3755 1590 3806 sat
1637 3751 1754 3805 scio
1803 3749 2030 3804 consilii

387 3846 666 3902 rationem
697 3859 789 3899 me
817 3849 1080 3898 secutum
1106 3843 1292 3896 vium
1324 3840 1412 3909 iri,
1435 3857 1622 3912 neque
1665 3839 1800 3905 alia,
1851 3855 2026 3909 quam

387 3933 722 4003 hujusmodi
751 3931 930 3988 animi
961 3930 1258 3987 alacritate
1290 3931 1348 3984 in
1399 3945 1636 3984 causam
1685 3928 2032 3983 incumben—

387 4025 526 4079 dum
558 4023 757 4078 fuisse.
801 4021 1042 4085 Quando
1073 4021 1396 4089 enim,quas
1415 4019 1698 4090 pracipue
1714 4019 2028 4087 suscipere,

383 4114 689 4182 verbisque
717 4109 1008 4175 extollere,
1043 4115 1099 4162 et
1149 4109 1290 4163 nihil
1341 4109 1660 4179 quidquam
1713 4109 1866 4178 quod
1919 4105 2032 4160 huc

387 4203 577 4267 faciat,
609 4201 893 4264 omittere,
925 4213 1129 4252 omnes
1176 4213 1316 4252 sane
1355 4197 1676 4264 debemus;
1727 4212 1830 4251 nec
1884 4197 2030 4266 peri-

385 4291 514 4350 culo
563 4291 814 4360 denique
857 4289 1194 4343 eorumdem
1252 4285 1531 4356 neglectio
1596 4291 1793 4350 vacat;
1843 4303 2032 4357 quan-

2137 3122 2439 3176 ὁπωστιοῦν
2471 3123 2596 3194 ἐμοὶ
2635 3127 2946 3194 νεμεσήςαι,
2997 3123 3113 3178 οὐδ’
3149 3123 3409 3185 ἀπονοίας
3451 3127 3778 3192 ἡστινοσοῦν

2135 3211 2254 3268 ἕλοι
2287 3215 2376 3268 καὶ
2409 3217 2658 3286 θρασους,
2693 3215 2736 3270 εἰ
2781 3212 2949 3288 μηδὲν
2999 3217 3136 3288 μήτε
3185 3216 3248 3269 τὸ
3299 3215 3521 3290 μέγεθος
3575 3215 3776 3270 ὑπολο-

2139 3303 2428 3376 γισάμενος
2469 3309 2568 3358 τοῦ
2617 3303 2885 3376 παρόντος
2931 3305 3159 3380 ἀγῶνος,
3209 3303 3323 3358 οὗθ’
3373 3305 3446 3365 ὡς
3497 3303 3594 3358 οὐκ
3639 3303 3780 3358 ἀπο-

2138 3399 2289 3466 χριῦν
2319 3392 2438 3462 ε’ίην
2477 3396 2543 3448 τὰ
2583 3399 2804 3448 τοιαῦτα
2849 3394 3137 3468 περαίνειν,
3183 3393 3351 3448 ἔπειθ’
3401 3395 3544 3450 οὕτω
3597 3415 3776 3466 παρα-

2137 3480 2462 3536 κινδυνεύειν
2519 3481 2752 3554 εἱλόμην
2823 3484 2898 3546 ὡς
2973 3483 3214 3556 μείζοσιν
3273 3483 3308 3552 ἢ
3371 3488 3487 3538 κατ’
3545 3481 3776 3556 ἐμαυτὸν

2139 3577 2448 3646 πραγμασιν
2481 3573 2766 3648 ἐγχειρεῖν,
2809 3573 2957 3628 ἀλλὰ
2991 3573 3080 3628 καὶ
3123 3575 3266 3646 παρὰ
3309 3579 3490 3646 πᾶσιν,
3535 3575 3609 3635 ὡς
3647 3569 3780 3636 ἔπος

2141 3661 2327 3730 εἰπεῖν,
2375 3667 2490 3722 τοῖς
2530 3667 2740 3736 κριταῖς
2771 3663 2829 3716 εὖ
2875 3661 3001 3716 οἴδα
3043 3660 3212 3732 δόξιιν
3263 3663 3436 3736 ὀρθῶς
3487 3658 3782 3736 βεϐουλεῦ-

2139 3751 2278 3820 σθαι,
2319 3751 2410 3804 καὶ
2443 3752 2518 3812 ὡς
2567 3751 2666 3804 οὐκ
2713 3749 2920 3822 ἄλλως,
2969 3751 3004 3820 ἢ
3053 3755 3244 3806 τοῦτον
3297 3753 3470 3826 ἐχρῆν
3521 3755 3782 3824 προτεθυ-

2143 3841 2342 3910 μῆσθαι
2399 3839 2489 3894 τὸν
2537 3841 2764 3912 τρόπον·
2805 3842 2970 3896 ’Ὸταν
3035 3843 3140 3914 γὰρ
3188 3841 3220 3894 ἆ
3271 3841 3510 3912 μάλιστα
3563 3841 3778 3895 πάντων

2139 3927 2430 4000 θαυμάζειν
2479 3949 2536 3982 τε
2579 3930 2670 3982 καὶ
2721 3935 2966 4002 κοσμεῖν,
3017 3931 3107 3984 καὶ
3177 3927 3409 4002 μηδενὸς
3459 3929 3784 4006 ἀφίστασθαι

2137 4039 2245 4072 των
2297 4019 2370 4079 εἷς
2415 4023 2576 4072 τοῦτο
2620 4019 2915 4094 φερόντων,
2967 4020 3228 4096 ὑπόχρεῳ
3275 4017 3602 4092 καθέσταμεν
3649 4021 3784 4072 πάν-

2138 4129 2223 4168 τες
2250 4126 2262 4138 ·
2297 4109 2386 4161 καὶ
2419 4111 2480 4162 τὸ
2515 4107 2692 4162 λιπεῖν
2729 4107 2826 4162 οὐκ
2879 4106 3184 4174 ἀκίνδυνον,
3227 4107 3394 4162 ταῦτα
3431 4113 3538 4162 τῶν
3591 4107 3782 4164 ἄλλων

2143 4194 2230 4250 διὰ
2271 4197 2387 4257 δέος
2431 4199 2584 4268 οἶμαι
2643 4199 2915 4270 σιγώντων
2967 4198 3056 4252 καὶ
3111 4199 3245 4271 πρὸς
3305 4199 3403 4266 τήν
3465 4197 3782 4274 ἐγχείρησιν

2141 4285 2546 4352 ἀποκνυόντων,
2611 4287 2771 4358 μόνος
2829 4287 2991 4348 αὐτὸς
3041 4287 3222 4360 ὥσπερ
3271 4287 3418 4348 τινὸς
3467 4293 3714 4364 κατοχῆς
3743 4290 3779 4356 ἦ

387 4395 563 4452 quam
585 4377 824 4444 ceteri,
857 4382 1036 4445 metu,
1071 4383 1134 4430 ut
1164 4381 1424 4448 apparet,
1445 4375 2034 4443 revocantemmcipsa

2144 4374 2337 4447 μένους
2371 4373 2659 4446 πλησθεὶς,
2705 4374 2880 4452 λέγειν
2920 4373 3108 4448 ο’ίομαι
3155 4374 3285 4434 δεῖν.
3340 4375 3430 4430 καὶ
3466 4379 3782 4448 θαυμαστῇν

388 4469 617 4526 silentio
649 4465 1245 4539 pretermittentibus,
1270 4479 1571 4535 causaque
1605 4467 2022 4534 susceptionem

386 4557 862 4623 detrectantibus,
895 4555 986 4611 hic
1009 4571 1115 4626 ego
1141 4571 1295 4611 unus
1317 4569 1548 4626 quoque
1602 4554 1764 4623 quasi
1804 4553 2024 4618 afﬂatu,

389 4653 487 4702 aut
510 4663 651 4702 novo
674 4644 852 4702 animi
893 4645 1095 4701 robore
1137 4643 1431 4716 impletus,
1481 4659 1612 4698 cum
1663 4643 1833 4696 verba
1887 4641 2030 4696 mihi

389 4739 681 4806 faciunda,
715 4743 836 4793 tum
873 4735 1196 4794 incredibili
1227 4736 1419 4792 studio
1463 4735 1728 4792 faciunda
1775 4751 1979 4790 censeo
2014 4761 2029 4804 ;

389 4829 675 4899 numquid
699 4845 884 4883 cauete
916 4836 1024 4894 est,
1065 4844 1182 4899 quo
1233 4827 1426 4882 minus
1475 4828 1558 4880 vel
1605 4825 1710 4881 hoc
1757 4825 1880 4895 ipso
1928 4841 2030 4878 no-

389 4921 544 4976 mine
571 4919 844 4974 eximiam
877 4919 1190 4990 quamdam
1233 4919 1582 4988 promeritus
1629 4932 1760 4986 esse
1802 4915 2030 4970 laudem

2139 4485 2256 4518 τινα
2311 4467 2512 4535 ταύτην
2564 4469 2834 4519 ποιεισθαι
2901 4463 3140 4534 σπουδὴν
3197 4471 3312 4527 πῶς
3374 4465 3473 4520 οὐκ
3531 4465 3660 4519 αὐτό
3719 4487 3784 4542 γε

2137 4559 2320 4622 τοῦτο,
2365 4553 2579 4610 πολλοῦ
2626 4576 2772 4616 τινος
2820 4553 2877 4608 ἂν
2929 4554 3076 4627 ἄξιος
3121 4553 3264 4626 εἵην,
3325 4560 3420 4609 τοῦ
3474 4557 3567 4626 μὲν
3609 4555 3784 4609 καλοῦ

2139 4645 2228 4698 καὶ
2278 4643 2492 4700 δικαίου
2541 4645 2914 4716 ποιησάμενος
2963 4644 3154 4718 λόγον,
3193 4650 3291 4700 τοῦ
3343 4642 3401 4699 δὲ
3447 4647 3563 4699 κατ’
3613 4644 3783 4718 ἐμαυο

2137 4735 2229 4789 τὸν
2287 4731 2580 4810 ἀφειδήσας
2635 4735 2724 4788 καὶ
2781 4734 2956 4788 πάντα
3011 4731 3257 4788 κίνδυνον
3325 4732 3536 4788 ἐλάττω
3595 4735 3782 4806 κρίνας

2139 4823 2366 4891 ταυτησῖ
2415 4829 2513 4892 τῆς
2571 4827 2791 4896 φορᾶς;
2845 4823 2906 4890 ἣν
2955 4821 3046 4876 καὶ
3100 4823 3186 4876 ὅτι
3249 4841 3348 4896 περ
3409 4821 3460 4884 ἐς
3521 4825 3785 4876 τοσοῦτον

2143 4909 2524 4985 ἀνεϐαλλόμην
2559 4911 2646 4966 διὰ
2675 4913 2736 4966 τὸ
2771 4912 3000 4986 μέγεθος
3031 4911 3250 4984 ἐμαυτῷ
3283 4909 3648 4985 δυσχεραίνω.

391 5011 604 5076 videar,
633 5013 784 5080 quod
820 5009 1040 5064 honesti
1070 5011 1330 5079 justique
1379 5007 1536 5062 haud
1576 5005 1744 5076 paulo
1803 5006 2084 5076 majorem
2143 5023 2315 5076 quam
2375 5005 2489 5060 mei
2533 5004 2716 5076 ipsius
2763 5004 3044 5060 rationem
3107 5003 3455 5058 habuerim?
3519 5004 3790 5073 quodque

391 5099 498 5156 hac
527 5099 653 5171 ipsa
681 5097 857 5154 debiti
890 5099 1068 5153 officii
1092 5095 1492 5167 persolutione,
1537 5094 1822 5168 quidquid
1881 5095 1936 5148 id
1985 5100 2074 5148 est
2131 5095 2390 5164 periculi,
2425 5093 2606 5150 levius
2651 5108 2776 5148 esse
2823 5092 3138 5148 duxerim?
3191 5093 3376 5157 Quam
3405 5091 3606 5162 utique
3667 5105 3788 5144 rem

387 5189 541 5259 quod
577 5205 688 5260 prae
713 5187 1112 5258 magnitudine
1141 5204 1244 5242 sua
1266 5187 1489 5242 tamdiu
1517 5183 2080 5254 procrastinaverim,
2115 5185 2220 5255 ipsi
2257 5184 2400 5238 mihi
2431 5201 2587 5239 nunc
2619 5183 3037 5254 prepemodum
3071 5197 3412 5238 succenseo.

471 5279 534 5333 ll.
573 5277 630 5332 id
657 5277 810 5348 quod
843 5276 918 5331 ita
961 5276 1212 5347 profecto
1261 5279 1434 5344 patet.
1479 5273 1766 5328 Nimirum
1811 5289 1942 5324 cum
1977 5271 2034 5324 in

397 5367 724 5420 laudatione
757 5371 873 5434 tua,
905 5383 936 5421 ο
969 5382 1238 5436 supreme
1271 5365 1668 5434 theologorum
1714 5378 1878 5431 apex,
1913 5361 2036 5415 lon-

395 5474 580 5529 geque
610 5459 884 5512 omnibus
915 5459 970 5510 in
1015 5460 1188 5510 rebus
1241 5453 1716 5526 praestantissime
1765 5453 1870 5518 vir,
1922 5452 2037 5505 duo

398 5550 662 5618 quadam
697 5545 1064 5618 potissimum
1108 5547 1533 5608 contineantur,
1569 5543 1720 5614 quod
1754 5551 1804 5594 et
1855 5542 2039 5596 dicere

401 5649 639 5692 necesse
669 5639 763 5707 sit,
786 5641 842 5692 et
872 5639 1012 5706 quid
1045 5639 1242 5692 deceat
1263 5639 1580 5705 aptumque
1605 5631 1680 5686 sit
1711 5633 1768 5685 in
1801 5631 2041 5686 dicendo

2221 5273 2286 5326 B'.
2351 5271 2528 5339 Δῆλον
2579 5269 2654 5327 δέ.
2707 5269 2867 5325 Δυοῖδ
2925 5271 3026 5344 γὰρ
3087 5266 3264 5325 ὄντοιν
3321 5268 3410 5324 ἐπὶ
3467 5274 3576 5322 τῶν
3625 5267 3792 5342 ἐγχω-

2151 5361 2314 5434 μίων,
2369 5363 2413 5414 ὦ
2473 5361 2875 5438 θεολογούντων
2935 5361 3193 5434 ἀκρότης,
3253 5361 3342 5414 καὶ
3391 5359 3551 5414 πάντ’
3603 5359 3792 5430 ἄριστε

2149 5451 2232 5520 σὺ,
2263 5457 2360 5507 τοῦ
2407 5473 2464 5506 τε
2511 5453 2685 5526 λέγειν
2739 5451 2976 5526 ἀνάγκην
3029 5452 3182 5518 εἶναι,
3231 5455 3327 5504 τοῦ
3377 5471 3436 5504 τε
3479 5449 3544 5502 τὰ
3607 5449 3792 5522 γιγνό-

2154 5564 2286 5614 μενα
2335 5543 2523 5610 σώζειν
2561 5561 2574 5573 ·
2635 5541 2678 5595 εἰ
2733 5543 2828 5614 μὲν
2889 5539 3054 5616 ἄμφω
3113 5543 3280 5594 ταῦτα
3335 5537 3588 5612 πράττειν
3645 5535 3790 5606 ἐξῆν,

2153 5637 2255 5692 πᾶς
2281 5651 2364 5694 τις
2393 5632 2454 5686 αν
2487 5628 2767 5704 ἀπεδίδου,
2803 5628 2892 5684 καὶ
2942 5627 3040 5683 οὐκ
3083 5628 3147 5689 ἄν
3205 5627 3430 5702 ε’ἰχομεν
3475 5625 3790 5701 πράγματα’
