4118 6214
292 353 410 411 217

1306 350 1704 413 LAUDATIO
1746 351 1810 414 S.
1856 353 2224 416 GREGORII
2268 358 2683 419 THEOLOGI.

3579 351 3697 412 218

288 480 383 537 ὅτε
432 479 490 536 δὲ
532 483 668 555 πρὸς
718 482 813 555 μὲν
861 481 961 549 τήν
1009 478 1253 555 ἀνάγκην
1304 479 1354 551 ἐξ
1403 481 1641 557 ἀνάγκης
1687 481 1933 556 εἵκομεν,

2046 503 2293 558 servare,
2352 489 2401 544 si
2462 493 2780 560 utrumque
2837 486 3064 560 assequi
3123 483 3342 553 liceret,
3400 483 3511 540 hoc
3585 482 3696 539 tibi

286 571 382 626 καὶ
419 570 599 647 λέγειν
657 570 973 645 βουλόμεθα
1022 570 1238 637 πάντες,
1268 570 1331 625 τὸ
1380 567 1438 625 δὲ
1482 577 1584 640 τῆς
1632 573 1778 643 ἀξιας
1811 574 1942 648 βου-

289 660 507 734 λόμεθα
540 662 662 733 μὲν,
693 661 757 715 οὖ
808 658 1081 732 δυνάμεθα
1131 657 1209 729 δὲ,
1240 658 1444 734 ἀλογία
1480 657 1676 733 τῳόντι
1706 683 1940 740 περιφα-

289 751 393 821 νής
428 770 440 782 ·
475 749 592 805 ἐπεὶ
620 753 785 805 τοῦτο
833 749 933 805 οὐκ
961 746 1128 820 ἔξεστι
1164 746 1296 819 μηδ’
1347 749 1520 805 ἐκεῖνο
1552 750 1806 825 πράσσειν
1856 753 1942 807 αἱ·

290 841 528 913 ρεῖσθαι,
560 836 686 895 ἄλλ’
718 838 1046 913 ἑκατέρωθεν
1081 837 1427 912 ἁμαρτάνειν,
1462 833 1521 893 ἔκ
1557 860 1616 894 τε
1644 841 1720 894 ὧν
1765 839 1941 914 λέγειν

288 926 533 1003 ἀνάγκην
583 926 804 1003 ἔχοντες
852 925 1288 1002 παραλείπομεν,
1320 926 1380 983 ἔκ
1425 948 1484 983 τε
1531 928 1606 982 ὧν
1646 934 1747 998 τῆς
1796 929 1940 1002 ἀξίας

291 1017 624 1092 λειπόμεθα,
671 1015 791 1073 δέον
840 1018 968 1079 τοὺς
1030 1017 1107 1090 μὴ
1164 1016 1333 1090 ταύτῃ
1388 1039 1448 1090 γε
1504 1019 1941 1092 παρεσκευασμέ-

290 1127 439 1175 νους,
482 1108 703 1168 ἐκείνως
746 1110 876 1183 γοῦν
926 1103 1216 1161 ἓκτιννόναι
1250 1125 1263 1138 ο
1320 1106 1435 1161 ἐπεὶ
1483 1106 1573 1161 καὶ
1619 1112 1716 1162 τοῦ
1764 1108 1943 1183 λέγειν

293 1195 514 1266 ἁπλῶς,
574 1197 638 1251 οὐ
692 1201 790 1252 τοῦ
858 1195 1151 1270 προσαξίαν
1230 1193 1411 1271 λέγειν
1473 1195 1614 1250 ἐστὶν
1686 1195 1889 1271 ἀνάγκη
1925 1213 1940 1228 ’

293 1283 423 1341 ἄνευ
456 1287 555 1360 γὰρ
589 1289 685 1342 τοῦ
737 1287 813 1359 μή
848 1282 892 1340 δ’
944 1286 1190 1354 ἡντινοῦν
1224 1284 1318 1358 μὲν
1367 1284 1636 1359 αἰσχύνην
1677 1292 1792 1348 τοῖς
1840 1282 1943 1341 λέ-

292 1395 480 1452 γουσιν
522 1376 656 1431 εἶναι
700 1374 847 1449 παρά
886 1375 987 1442 τήν
1027 1376 1212 1445 ἧτταν,
1243 1376 1424 1429 κοινὸν
1475 1375 1579 1451 γὰρ
1622 1379 1784 1431 τοῦτο
1830 1379 1939 1432 τῶν

294 1464 518 1531 ζώντων
568 1462 619 1518 ἒν
674 1461 880 1537 λόγοις,
943 1460 1201 1538 μεγίστην
1263 1461 1311 1517 δ’
1374 1462 1797 1538 ἀγνωμοσύνην,
1854 1463 1941 1518 ἐὰν

292 1553 446 1608 τοῦτ’
476 1552 610 1609 αὐτὸ
660 1550 895 1614 δεδιότες
929 1554 1084 1626 σιγᾷν
1130 1552 1387 1625 ἀξιῶμεν,
1421 1551 1453 1606 ἃ
1493 1550 1675 1627 λέγειν
1704 1553 1939 1629 ἀνάγκη,

290 1644 388 1697 καὶ
422 1643 556 1718 ὑπὲρ
586 1644 660 1696 ὧν
708 1644 843 1715 ἡμῖν
874 1642 964 1695 καὶ
1008 1645 1117 1696 τῶν
1151 1641 1400 1715 Ὀμήρου
1451 1642 1757 1715 στομάτων,
1791 1641 1941 1717 ε’ίπερ

289 1733 416 1788 οἷόν
447 1733 496 1786 τ’
521 1732 608 1801 ἦν,
638 1731 783 1805 παρὰ
811 1729 966 1786 πάντ’
996 1723 1105 1784 ἔδει
1150 1730 1244 1785 τὸν
1273 1729 1496 1805 χρόνον,
1524 1729 1609 1795 τίς
1642 1730 1745 1787 οὐκ
1793 1729 1935 1787 οἶδεν

289 1822 380 1920 ὡς·
426 1823 513 1920 οἷς
571 1821 737 1920 αὐτὸς
791 1818 996 1920 λόγων,
1045 1819 1134 1873 καὶ
1193 1817 1417 1920 ἀρετῆςς,
1472 1820 1559 1875 καὶ
1622 1817 1939 1896 δογμάτων,
1972 1854 2019 1920 Β

287 1910 384 1964 καὶ
423 1909 751 1983 ξυμπάντων
798 1909 871 1970 ὡς
901 1907 1073 1963 εἰπεῖν
1121 1911 1231 1962 τῶν
1279 1906 1591 1964 καλλιστων
1642 1908 1935 1988 κεφάλαιον

285 1999 561 2076 ἀνεφάνης
590 2003 671 2071 τῷ
720 1999 847 2070 βίῳ,
878 1997 970 2052 καὶ
1021 1996 1189 2070 μόνος
1238 1992 1389 2072 ἕσχει
1446 2001 1591 2073 παρά
1628 1998 1844 2055 πάντων
1884 1999 1937 2055 ἐν

288 2088 512 2149 τούτοις
540 2090 604 2143 τὸ
652 2086 1105 2163 συγκεχωρηκὸς,
1137 2089 1240 2141 τοῦ
1291 2088 1387 2159 μὲν
1439 2084 1528 2142 διὰ
1571 2088 1746 2143 πάντα
1773 2094 1941 2145 ταῦτα

290 2180 665 2252 θαυμάζεσθαι
695 2178 842 2252 παρά
870 2176 1095 2246 πάντας,
1128 2175 1409 2254 ὀφειλέτας
1441 2177 1678 2241 ἅπαντας
1705 2177 1889 2255 ’ἰσχεις
1922 2198 1936 2213 ·

288 2274 393 2323 τοῦ
423 2266 484 2323 δὲ
512 2265 828 2343 προσαξίαν,
860 2263 1051 2320 οὒδὲνα
1084 2285 1096 2298 ·
1140 2264 1314 2339 μόνης
1344 2267 1450 2341 γὰρ
1478 2274 1579 2337 τῆς
1621 2274 1719 2336 σῆς
1751 2267 1940 2344 γλώτ-

290 2378 397 2428 της
432 2356 589 2430 εἴπερ
624 2355 739 2410 οἷόν
787 2375 845 2410 τε
893 2351 1216 2427 σπούδασμα
1260 2356 1409 2409 τοῦτ’
1456 2355 1517 2410 ἃν
1545 2355 1631 2424 ἦν.
1688 2357 1784 2412 Καὶ
1838 2359 1938 2431 μό-

288 2450 385 2508 νὸς
413 2446 550 2520 ὑπὲρ
593 2444 760 2507 αὐτὸς
808 2447 1007 2499 σαυτοῦ
1034 2448 1228 2498 τοῦτον
1278 2442 1341 2498 ἂν
1391 2442 1596 2507 εἷσέδυς
1644 2444 1942 2521 ἀποχρών-

291 2558 406 2599 τως
457 2537 551 2590 τὸν
595 2533 761 2590 ἆθλον
793 2552 810 2568 ο
857 2531 919 2588 οὔ
979 2533 1086 2606 μὴν
1137 2530 1226 2588 διὰ
1280 2538 1443 2588 τοῦτο
1495 2533 1709 2590 κάκεῖνο
1759 2535 1942 2591 λιπεῖν

295 2630 447 2699 ἡμᾶς
480 2624 585 2696 δεῖ,
621 2621 746 2679 οὐδὲ
789 2627 892 2679 τοῦ
920 2623 1120 2684 παντὸς
1171 2622 1462 2697 ὑστερῆσαι
1509 2624 1572 2679 τὸ
1625 2625 1789 2697 μέρος
1840 2625 1943 2681 οὐκ

293 2714 527 2790 ἔχοντας
563 2732 577 2745 ·
625 2712 772 2769 ἀλλᾶ
823 2708 1063 2785 μάλιστα
1113 2711 1206 2784 μὲν
1236 2711 1498 2791 εἴσφερειν
1538 2710 1598 2768 ἐκ
1642 2718 1749 2769 τῶν
1800 2714 1944 2771 ἐνόν-

291 2825 404 2860 των
451 2804 542 2858 καὶ
590 2803 694 2872 τήν
742 2804 1109 2874 νομιζομένην
1156 2797 1481 2856 ἀποδιδόναι
1537 2798 1715 2872 δήπου
1766 2803 1945 2858 συντὲ-

296 2893 449 2949 λιιαν
484 2910 499 2923 ·
535 2891 581 2947 εἰ
614 2889 672 2945 δὲ
702 2890 799 2959 τὴν
852 2888 1185 2965 γιγνομένην
1218 2888 1316 2945 οὐκ
1361 2883 1585 2962 ἔνεστιν,
1618 2888 1774 2946 οὐδὲν
1806 2893 1942 2965 πρὸς

294 2987 448 3058 ἡμᾶς
482 3004 494 3016 ·
529 2980 679 3037 ἀλλά
708 2978 771 3035 σύ
800 2983 848 3048 γ’
880 2979 1040 3043 αὐτὸς
1088 2980 1284 3036 τούτου
1313 2982 1506 3036 σαυτὸν
1556 2980 1738 3054 αἴτιῶ,
1768 2989 1942 3039 πᾶσαν

296 3072 474 3149 λόγου
521 3070 747 3144 δύναμιν
800 3064 1156 3144 ὑπερϐαίνων,
1187 3069 1278 3124 καὶ
1331 3071 1494 3143 μόνος
1543 3076 1660 3134 τοῖς
1711 3071 1940 3127 ἐπαινεῖν

2049 577 2294 649 quisque
2325 577 2581 634 ofﬁcium
2617 578 2770 634 haud
2801 576 2976 634 dubie
2998 575 3334 633 redditurus
3353 577 3496 644 erat,
3523 572 3700 631 nihil-

2051 682 2164 738 que
2195 671 2395 724 nostro
2429 683 2584 723 nunc
2626 665 2823 723 labore
2875 682 3022 737 opus
3075 666 3283 721 fuerat.
3315 663 3597 720 Ceterum
3630 667 3696 718 ut

2051 755 2384 813 necessitati
2406 773 2475 813 ex
2502 756 2846 813 necessitate
2873 754 3156 821 cedimus,
3188 760 3243 808 et
3268 754 3339 807 de
3369 757 3425 808 te
3454 752 3691 824 quidem

2051 846 2240 901 dicere
2260 860 2464 902 omnes
2491 861 2728 901 avemus
2756 862 2769 912 ;
2801 844 2899 899 sed
2936 844 3114 915 digne
3154 842 3299 898 satis
3330 841 3540 908 dicere,
3565 856 3698 895 ave-

2053 950 2183 989 mus
2212 950 2329 989 non
2394 936 2533 990 item
2585 948 2946 1005 possumus:
3010 931 3135 987 heic
3192 946 3336 986 sane
3392 929 3697 985 manifeste

2051 1025 2372 1080 absurdum
2398 1023 2596 1092 fuerit,
2629 1024 2678 1079 si
2708 1021 2983 1095 quoniam
3018 1022 3122 1077 hoc
3176 1034 3285 1076 non
3342 1020 3535 1086 datur,
3567 1019 3696 1075 ideo

2052 1129 2124 1168 ne
2154 1113 2389 1183 quidem
2414 1112 2560 1167 illud
2593 1112 2762 1167 nobis
2791 1111 3080 1182 agendum
3112 1113 3458 1176 statuamus,
3491 1122 3690 1163 verum

2053 1204 2326 1273 utrinque
2365 1201 2559 1273 potius
2589 1200 2661 1257 ab
2690 1200 2881 1256 ofﬁcio
2903 1199 3199 1255 discedere
3236 1197 3533 1264 malimus,
3568 1200 3692 1253 tum

2050 1308 2137 1360 eo,
2171 1293 2320 1364 quod
2345 1291 2480 1349 licet
2505 1291 2737 1347 dicendi
2758 1289 3035 1362 impoita
3064 1288 3233 1345 nobis
3263 1288 3573 1345 necessitas
3593 1288 3692 1355 sit,

2050 1399 2163 1438 non
2196 1382 2456 1438 dicamus
2477 1385 2694 1449 tamen,
2727 1384 2851 1436 tum
2912 1380 3064 1450 quod
3101 1396 3135 1435 a
3181 1378 3462 1449 dignitate
3506 1377 3693 1448 operis

2050 1471 2281 1544 longius
2312 1469 2601 1536 absimus,
2627 1484 2759 1525 cum
2802 1478 3004 1524 contra
3032 1472 3341 1540 oporteret,
3374 1466 3426 1521 si
3482 1466 3556 1522 ad
3604 1465 3692 1521 di-

2047 1562 2330 1632 gnitatem
2369 1560 2542 1615 istam
2575 1559 2771 1614 minus
2802 1556 3070 1613 instructi
3101 1572 3384 1626 essemus,
3417 1556 3572 1627 quod
3595 1555 3695 1609 de-

2048 1650 2352 1717 bebamus,
2382 1653 2674 1721 utcunque
2702 1646 2947 1704 dicendo
2999 1645 3364 1719 persolvere:
3405 1632 3688 1716 siquidem

2048 1741 2241 1797 dicere
2264 1740 2569 1806 duntaxat,
2603 1754 2718 1794 non
2760 1741 2957 1793 autem
3004 1753 3072 1792 ex
3115 1736 3322 1792 merito
3353 1734 3568 1806 dicere,
3598 1753 3697 1791 ne-

2047 1846 2209 1887 cesse
2237 1834 2346 1886 est.
2369 1830 2581 1885 Praeter
2600 1828 2659 1883 id
2688 1826 2867 1895 enim,
2891 1827 3043 1900 quod
3068 1825 3230 1882 nulla
3262 1824 3613 1895 dicentibus,
3639 1826 3688 1882 si

2045 1919 2348 1977 inferiores
2407 1918 2791 1986 discedimus,
2839 1916 3149 1972 subeunda
3202 1913 3532 1987 ignominia
3577 1923 3689 1976 est.

2044 2009 2281 2083 quando
2310 2006 2651 2064 tralatitium
2701 2006 2807 2062 hos
2836 2005 2909 2061 iis
2965 2021 3032 2061 ac
3088 2019 3416 2068 commune,
3468 2004 3568 2075 qui
3601 2004 3692 2060 his

2045 2103 2105 2155 in
2129 2097 2340 2155 litteris
2390 2100 2613 2153 (etatem
2663 2099 2872 2168 agunt.
2903 2095 2999 2150 sed
3052 2094 3309 2150 maxima
3349 2092 3547 2165 potius
3577 2093 3692 2150 ini-

2046 2188 2286 2261 quitatis
2311 2186 2531 2260 opinio,
2564 2186 2613 2242 si
2647 2190 2801 2241 metu
2834 2183 3169 2256 ignominiae
3200 2184 3380 2254 hujus
3411 2183 3583 2239 silere
3625 2199 3694 2238 ea

2047 2277 2347 2346 malimus,
2377 2292 2503 2349 quae
2535 2274 2726 2331 dicere
2778 2289 3014 2329 necesse
3061 2276 3188 2333 est;
3234 2271 3567 2344 quibusque
3597 2288 3690 2327 ex-

2049 2366 2374 2439 primendis
2403 2364 2554 2421 dena
2606 2363 2707 2419 illa
2766 2362 3001 2418 Homeri
3048 2378 3150 2416 ora
3180 2361 3276 2433 (1),
3302 2360 3352 2416 si
3401 2378 3518 2433 qua
3569 2359 3689 2414 fieri

2047 2459 2259 2528 posset,
2292 2453 2460 2509 nobis
2491 2461 2766 2524 perpetuo
2794 2467 2942 2521 opus
2971 2454 3166 2506 essent
3198 2467 3213 2505 :
3262 2450 3416 2520 quis,
3468 2465 3690 2520 quaeso,

2046 2552 2134 2601 est
2161 2544 2260 2616 qui
2296 2544 2536 2610 nesciat,
2569 2542 2726 2614 quod
2758 2541 2866 2596 hoc
2895 2541 3022 2610 ipso
3052 2556 3167 2610 quo
3217 2545 3274 2593 tu
3299 2543 3357 2594 et
3407 2538 3694 2609 eloquen-

2046 2634 2161 2700 tia,
2195 2636 2252 2689 et
2282 2631 2535 2698 virtutis,
2565 2635 2622 2686 et
2671 2632 3010 2701 dogmatum
3061 2627 3378 2699 religionis,
3424 2631 3481 2683 et
3518 2632 3581 2682 ut
3601 2643 3692 2682 se-

2048 2721 2163 2778 mel
2194 2722 2410 2790 dicam,
2442 2718 2972 2791 pulcherrimarum
2995 2733 3186 2774 rerum
3205 2716 3496 2777 omnium,
3516 2721 3691 2787 caput

2047 2829 2114 2869 ac
2143 2811 2442 2881 fastigium
2492 2808 2690 2880 generi
2730 2808 2984 2864 humano
3033 2805 3376 2879 apparuisti,
3408 2809 3466 2861 et
3512 2805 3602 2861 his
3634 2805 3690 2860 in

2048 2901 2223 2957 rebus
2254 2915 2491 2957 summa
2519 2898 2777 2955 omnium
2801 2896 3206 2964 consensione,
3231 2897 3448 2967 primas
3470 2895 3569 2950 tibi
3591 2895 3693 2951 uni

2048 3008 2356 3049 concessas
2412 2993 2615 3058 tenes;
2656 2988 2832 3045 simul
2881 2988 2955 3044 ob
2993 2987 3114 3043 haec
3161 2985 3362 3043 omnia
3408 2990 3473 3041 ut
3521 3001 3697 3056 super

2049 3081 2194 3138 alios
2243 3079 2434 3136 omnis
2482 3078 2809 3144 celebreris,
2860 3077 3161 3133 universos
3216 3076 3529 3132 obstrictos
3585 3073 3693 3130 tibi

294 3162 650 3236 αἱρουμένοις
711 3157 991 3236 ἀνέφικτος
1049 3157 1147 3228 ὢν,
1208 3158 1281 3221 ὥς
1337 3180 1442 3214 που
1501 3161 1587 3214 καὶ
1668 3160 1828 3223 αὐτὸς
1887 3161 1939 3215 ἐν

2051 3171 2341 3226 debitores
2375 3169 2610 3235 habeas,
2665 3167 2958 3224 nemiuem
3014 3181 3169 3235 vero,
3220 3168 3286 3220 ut
3334 3180 3438 3235 pro
3486 3163 3694 3219 merito

292 3253 541 3310 πεύσεως
571 3247 729 3312 εἴδει,
777 3249 923 3302 τοῦτ’
961 3246 1376 3323 ἂποφηνάμενος
1426 3247 1613 3328 ἔφθης,
1657 3251 1747 3312 Τίς
1790 3254 1936 3322 ἡμᾶς

287 3340 672 3409 ἐπαινέσεταις
707 3339 902 3415 φήσας·
937 3335 1118 3411 ὥσπερ
1144 3339 1590 3413 προϋπογράφων
1614 3340 1676 3393 τὸ
1711 3337 1936 3414 μέλλον,

287 3430 385 3484 καὶ
418 3426 730 3483 συστέλλων
780 3425 983 3487 πάντας
1014 3426 1154 3494 πρὸς
1198 3427 1297 3495 τὴν
1328 3426 1641 3503 ἐγχείρησιν
1672 3446 1686 3460 ⁸
1737 3430 1826 3482 καὶ
1874 3426 1938 3483 οὒ

291 3519 447 3595 λέγω
496 3520 580 3574 ὅτι
629 3517 721 3573 καὶ
772 3517 921 3571 τοῦθ’
980 3516 1112 3592 ὑπὲρ
1171 3521 1269 3572 σοῦ
1327 3515 1565 3591 μᾶλλον,
1619 3520 1655 3588 ἢ
1714 3518 1935 3594 θάτερον

290 3610 541 3685 γίγνεται
576 3628 590 3641 ·
641 3608 703 3663 οὐ
732 3608 833 3685 γὰρ
880 3607 1150 3678 τοσαύτην
1179 3604 1443 3677 ἔκπληξιν
1489 3603 1593 3677 ἕξει
1623 3609 1691 3661 τὰ
1740 3607 1805 3661 σὰ
1849 3604 1937 3663 διὰ

293 3699 529 3772 μέγεθος
585 3699 938 3773 σιωπώμενα,
998 3696 1129 3768 ὅσην
1190 3695 1270 3765 ἃν,
1331 3695 1380 3750 εἴ
1449 3695 1642 3757 πάντες
1699 3696 1936 3751 ἐπαινεῖν

291 3786 690 3863 προελόμενοι,
739 3788 933 3850 πάντες
985 3786 1422 3860 ἀποτυγχάνοιεν
1462 3805 1474 3818 °
1506 3785 1595 3839 καὶ
1647 3787 1754 3858 μὴν
1800 3786 1938 3841 εἰτὸ

291 3877 549 3949 καταξίαν
600 3879 886 3947 ζητήσαις,
919 3877 981 3931 οὐ
1040 3874 1204 3949 μόνον
1257 3872 1369 3930 οὐδ’
1411 3874 1649 3929 ὁντινοῦν
1691 3895 1821 3930 ποτε
1849 3876 1940 3930 τὸν

291 3967 611 4043 εἰσφέροντα
655 3964 789 4036 ἕξεις
832 3967 1047 4039 (πάντες
1103 3964 1209 4039 γὰρ
1255 3961 1438 4018 ’ίσασιν
1484 3962 1745 4025 ἐλάττους
1793 3960 1935 4027 ὄντες

288 4063 403 4112 τῶν
437 4058 542 4111 σῶν
594 4056 899 4132 ἐγκωμίων,
950 4058 1039 4110 καὶ
1079 4056 1273 4116 πάντες
1326 4055 1656 4108 παντάπασιν
1702 4054 1940 4125 ἀποστή-

291 4151 528 4220 σονται),
585 4146 732 4201 ἀλλὰ
784 4147 868 4200 καὶ
946 4145 1147 4218 τρόπον
1220 4142 1280 4198 ἂν
1354 4139 1558 4217 ἕτερον,
1620 4143 1801 4218 ὥσπερ
1860 4144 1935 4206 εἷς

290 4234 527 4308 αἴνιγμα
585 4236 771 4308 πέσῃς,
828 4235 916 4289 καὶ
977 4231 1133 4306 δόξῃς
1194 4234 1223 4286 ὁ
1280 4230 1443 4293 αὒτὸς
1518 4233 1826 4306 θαύμαστός
1880 4254 1939 4288 τε

290 4326 427 4380 εἶναι
460 4324 551 4378 καὶ
586 4325 661 4396 μή
700 4344 711 4355 ·
748 4326 808 4378 τὸ
842 4325 962 4396 μὲν,
991 4325 1076 4385 οἷς
1107 4321 1282 4383 οὕτως
1313 4320 1462 4395 ἔχεις
1496 4339 1509 4352 ·
1549 4322 1612 4376 τὸ
1643 4318 1720 4394 δὲ,
1754 4326 1837 4384 οἷς
1867 4323 1936 4378 οὐ

288 4414 420 4473 τοὺς
452 4413 827 4486 θαυμάζυντας
854 4407 1002 4487 ἔχεις
1037 4433 1049 4446 ·
1087 4413 1219 4485 ὑπὲρ
1273 4412 1334 4466 οὗ
1370 4431 1464 4483 μοι
1495 4407 1646 4464 δοκεῖ
1674 4413 1762 4465 καὶ
1809 4414 1937 4475 τοὺς

2044 3259 2373 3316 celebreris.
2407 3258 2567 3321 Quod
2611 3256 2659 3313 si
2711 3256 2831 3312 fieri
2893 3257 3137 3326 poterat,
3197 3252 3370 3308 unius
3427 3253 3513 3309 tui
3574 3251 3691 3308 oris

2042 3366 2188 3423 opus
2209 3352 2349 3404 erat.
2380 3346 2553 3403 Solus
2584 3346 2738 3402 enim
2769 3350 2872 3401 tua
2928 3360 3101 3399 causa
3157 3344 3402 3400 idoneus
3459 3342 3518 3395 in
3581 3340 3690 3397 hoc

2042 3443 2333 3495 certamen
2368 3434 2586 3492 athleta
2606 3434 2996 3491 descensurus
3026 3448 3177 3488 eras.
3203 3434 3548 3502 Quanquam
3583 3445 3686 3484 nec

2043 3528 2153 3584 hac
2185 3543 2326 3583 sane
2356 3527 2426 3580 de
2458 3542 2633 3581 causa
2664 3524 2808 3579 illud
2838 3524 2925 3578 tui
2956 3520 3686 3579 celebrandideserendum

2042 3617 2217 3673 fuerit
2246 3615 2525 3676 ofﬁcium.
2557 3629 2665 3668 nec
2699 3617 2816 3669 toto
2864 3612 3288 3678 desistendum,
3330 3609 3484 3682 quod
3528 3611 3691 3680 parte

2040 3706 2203 3762 illius
2233 3705 2431 3775 aliqua
2461 3703 2782 3759 deficimur.
2816 3703 3029 3757 Contra
3059 3716 3188 3757 vero
3217 3699 3413 3771 potius
3442 3714 3557 3769 quo
3612 3698 3686 3752 ad

2044 3796 2290 3852 facultas
2321 3794 2463 3849 feret
2495 3792 2655 3864 large
2686 3807 2754 3849 ac
2785 3790 3101 3846 liberaliter
3152 3788 3430 3849 conferre.
3466 3791 3687 3842 ratam-

2043 3902 2155 3956 que
2185 3884 2515 3941 communis
2547 3881 2842 3951 pensionis
2872 3883 3095 3951 partem
3138 3880 3552 3950 repraesentare
3582 3876 3683 3931 de-

2044 3974 2250 4029 bemus
2282 3988 2295 4028 :
2333 3971 2484 4043 quod
2519 3971 2565 4024 si
2608 3973 2858 4038 tantam,
2885 3970 3162 4039 quautam
3204 3982 3310 4037 par
3348 3972 3488 4031 erat,
3534 3962 3685 4018 haud

2043 4062 2328 4128 valemus,
2360 4058 2503 4115 nihil
2533 4058 2677 4114 illud
2706 4058 2960 4130 profecto
2982 4059 3183 4113 nostra
3213 4055 3408 4121 refert,
3432 4054 3531 4108 sed
3562 4056 3690 4107 tute

2043 4152 2146 4206 tibi
2178 4150 2433 4222 imputes
2457 4148 2611 4216 licet,
2645 4149 2743 4220 qui
2779 4145 3108 4203 facultatem
3143 4144 3426 4201 orationis
3455 4158 3687 4199 omnem

2043 4244 2440 4311 supervectus,
2474 4252 2742 4309 unusque
2773 4235 3176 4292 laudatoribus
3202 4234 3319 4289 tuis
3351 4233 3690 4287 inaccessus

2042 4348 2122 4386 es.
2154 4330 2314 4394 Quod
2341 4333 2397 4383 et
2429 4328 2554 4398 ipse
2612 4327 2863 4398 quodam
2924 4324 3047 4380 loco
3078 4325 3180 4395 (2),
3237 4321 3693 4393 interrogatiun-

2041 4419 2166 4475 cula
2210 4418 2403 4488 aliqua
2452 4418 2578 4488 jam
2629 4415 2981 4471 declarasti:
3020 4433 3043 4461 α
3096 4412 3329 4483 Ecquis,
3392 4410 3689 4482 inquiens,

290 4503 549 4562 ἐπαίνους
605 4502 825 4571 αὐτοὺς,
881 4501 925 4555 εἰ
989 4504 1064 4572 μή
1126 4502 1242 4555 κατ’
1300 4499 1616 4573 ἀνθρώπους
1673 4500 1934 4574 πρότερον

2046 4525 2151 4565 nos
2182 4507 2527 4564 laudaturus
2558 4506 2692 4561 est?
2719 4526 2747 4554 η
2808 4503 2973 4576 quasi
3025 4500 3479 4574 prasignificans
3534 4499 3686 4568 quod

291 4593 447 4661 ἦσαν,
506 4591 725 4653 πάντως
788 4592 872 4661 ἂν,
914 4591 1026 4645 νυνὶ
1073 4589 1408 4664 νενομίσθαι,
1461 4588 1550 4642 καὶ
1598 4589 1697 4658 τήν
1748 4588 1932 4668 ἀρχὴν

286 4680 527 4737 ἱντεῦθεν
558 4673 769 4737 λαϐεῖν.

2040 4598 2303 4653 futurum
2333 4599 2479 4660 erat,
2510 4609 2828 4662 omnesque
2857 4593 2930 4648 ab
2960 4592 3070 4648 hoc
3098 4591 3339 4662 ’incepto
3370 4588 3686 4644 deducens.

2040 4685 2451 4742 Verumtamen
2482 4683 2637 4738 haud
2699 4681 2865 4737 facile
2920 4681 3162 4736 dixerim
3207 4676 3688 4734 honorificentius

286 4773 404 4829 hoc
436 4771 539 4826 tibi
576 4770 832 4826 futurum
865 4771 1160 4827 silentium
1193 4770 1298 4827 illo
1355 4768 1639 4825 laudandi
1702 4776 1933 4829 conatu.
1991 4774 2116 4831 Non
2175 4773 2327 4831 enim
2361 4772 2602 4844 perinde
2631 4771 3104 4842 obstupefactura
3159 4768 3425 4825 homines
3483 4764 3692 4822 decora

286 4867 394 4919 tua
421 4864 594 4916 erunt
621 4861 853 4916 silentio
878 4860 1240 4927 transmissa,
1275 4868 1450 4931 atque
1469 4860 1515 4915 si
1549 4863 1604 4914 et
1652 4857 1892 4917 laudare
1948 4869 2005 4921 te
2035 4881 2238 4921 omnes
2275 4863 2574 4930 insistant,
2605 4868 2660 4918 et
2691 4863 2906 4917 frustra
2935 4868 3125 4916 tamen
3186 4862 3464 4917 omnibus
3493 4861 3554 4916 hi
3604 4874 3695 4914 co-

288 4954 468 5006 natus
500 4950 642 5005 είηι-
674 4949 836 5015 Quod
889 4950 935 5005 εἰ
987 4955 1042 5007 te
1100 4967 1232 5005 vero
1276 4950 1517 5022 dignum
1566 4948 1806 5004 omnino
1864 4954 2223 5022 preconium
2273 4952 2508 5025 quieris,
2540 4968 2675 5008 cum
2734 4948 2962 5006 nullum
3014 4950 3255 5021 inquam
3314 4949 3414 5020 qui
3458 4964 3691 5020 operam

287 5055 460 5096 suam
495 5038 608 5095 huc
640 5041 895 5095 conferat
929 5042 1181 5113 reperies
1238 5041 1437 5112 (nemo
1498 5040 1653 5095 enim
1711 5042 1899 5098 nescit
1956 5048 2173 5114 quanto
2224 5042 2493 5099 laudibus
2548 5041 2663 5096 tuis
2709 5040 2900 5095 minor
2946 5039 3061 5104 sit;
3121 5038 3272 5095 unde
3328 5045 3383 5094 et
3439 5037 3691 5093 universi

284 5130 360 5186 iis
392 5130 630 5202 penitus
652 5131 984 5202 absistent),
1013 5135 1142 5186 tum
1172 5139 1225 5186 et
1257 5130 1371 5186 alia
1400 5146 1510 5203 qua
1533 5134 1760 5191 ratione
1778 5132 1936 5188 velut
1956 5134 2015 5189 in
2046 5133 2297 5207 aenigma
2338 5131 2631 5204 quoddam
2683 5130 2929 5193 incides,
2963 5128 3367 5200 videberisque
3413 5127 3499 5182 vir
3534 5126 3690 5180 idem

287 5218 659 5275 admirabilis
692 5221 906 5291 pariter
934 5238 1083 5289 esse,
1116 5227 1331 5278 etnon
1391 5238 1517 5278 esse
1570 5240 1582 5276 :
1636 5223 1904 5289 alterum,
1965 5224 2120 5295 quod
2178 5223 2309 5279 talis
2366 5238 2569 5293 reapse
2626 5238 2707 5286 es,
2766 5219 3036 5285 alterum,
3097 5217 3247 5288 quod
3307 5218 3690 5271 admiratores

286 5312 741 5382 laudatoresque
761 5311 954 5368 nullos
1002 5312 1193 5368 habes.
1226 5313 1409 5384 Cujus
1451 5315 1728 5387 equidem
1761 5331 1960 5383 causa,
2013 5315 2062 5371 si
2098 5315 2288 5369 minus
2335 5317 2505 5369 antea
2562 5315 2852 5383 usurpatae
2895 5309 3229 5366 hominibus
3287 5304 3691 5377 hujuscemodi

293 5402 665 5459 landationes
705 5402 977 5471 fuissent,
1011 5403 1209 5475 utique
1230 5421 1384 5460 nunc
1417 5403 1675 5475 primum
1710 5405 2119 5474 instituendas,
2152 5409 2207 5460 et
2237 5404 2310 5460 ab
2342 5403 2450 5460 hoc
2481 5401 2744 5474 exemplo
2787 5400 3074 5473 originem
3132 5401 3469 5470 sumpturus
3516 5395 3695 5452 fuisse

292 5490 637 5548 crediderim
649 5531 662 5546 .

294 5648 301 5659 ’
365 5677 445 5749 (t)
477 5676 642 5734 Iliad.
667 5679 731 5733 Β.
755 5693 907 5737 vers.
940 5678 1063 5735 489.
1231 5721 1237 5727 .
2076 5716 2089 5725 η
2115 5679 2365 5752 (2)3Fine
2392 5677 2681 5751 Epitaphii
2700 5677 2765 5735 in
2782 5677 3072 5746 Basiliam,
