4118 6214
391 335 513 398 219

1715 335 2110 401 THEODULI
2154 337 2507 399 MONACHI

3691 340 3813 403 220

471 471 568 528 Ill.
598 474 659 529 Si
689 473 833 529 illud
878 473 1079 544 itaque
1136 473 1409 530 decorum
1455 473 1558 529 tibi
1609 479 1734 543 est;
1768 491 1901 531 nam
1932 474 2023 528 ho¢

2228 474 2294 524 ιν.
2325 469 2390 526 Εἰ
2419 469 2596 525 τοίνυν
2635 470 2811 525 ἐκεῖνο
2861 472 2954 543 μὲν
3005 471 3140 544 ὑπὲρ
3191 476 3289 527 σοῦ
3322 491 3335 503 ·
3395 475 3559 527 τοῦτο
3610 470 3660 527 δ’
3715 474 3816 529 οὐκ

397 560 645 618 alterum
678 562 1017 633 neutiquam
1050 562 1385 633 probaveris
1417 581 1431 619 :
1462 568 1555 619 est
1584 564 1739 620 enim
1792 578 2043 628 necesse,

398 649 456 704 in
492 650 876 706 admiratione
904 650 1208 705 hominum
1243 655 1300 707 te
1340 656 1557 723 tuaque
1599 652 1813 708 versari
1844 668 1859 717 ;
1891 650 2043 721 quod

395 744 454 794 et
486 739 778 810 proprium
810 737 923 795 hoc
969 739 1197 795 virtutis
1235 745 1346 809 est,
1378 742 1549 810 cujus
1578 742 1799 812 primas
1838 739 2043 796 merito

394 832 594 897 partes
624 827 749 899 ipse
779 827 891 883 fers
924 846 937 882 :
967 836 1023 883 et
1052 831 1202 900 quod
1228 830 1516 885 universis
1542 830 1902 897 hominibus,
1932 828 2034 899 qui

395 932 550 970 nunc
580 920 741 983 sunt,
763 916 979 989 quique
1007 922 1203 988 postea
1244 918 1418 973 futuri
1461 926 1619 986 sunt,
1652 921 1713 975 in
1746 919 2042 989 exemplar

392 1011 451 1060 et
501 1010 703 1077 typum
758 1006 985 1077 pulchri
1034 1008 1226 1063 omnis
1274 1014 1329 1064 et
1377 1009 1628 1077 honesti,
1662 1008 1840 1063 vitam
1877 1013 2037 1063 tuam

394 1097 646 1150 maxime
675 1096 1028 1167 propositam
1073 1112 1199 1152 esse
1224 1100 1451 1167 oportet
1483 1113 1497 1150 :
1532 1112 1764 1168 aequum
1796 1096 2039 1166 proinde

394 1182 583 1249 fuerit,
603 1187 669 1239 ut
690 1184 894 1239 laudes
922 1188 1055 1239 tuas
1070 1185 1236 1254 justa
1258 1185 1739 1254 magnanimitate
1759 1183 2035 1254 excipias,

389 1269 661 1343 ferasque
690 1273 845 1342 quod
878 1276 934 1328 te
964 1288 1078 1329 non
1109 1272 1344 1341 dignam
1375 1272 1521 1328 satis
1569 1271 2032 1343 praedicationem

382 1360 641 1421 auferas.
673 1362 752 1415 Eo
784 1377 1038 1431 namque
1068 1362 1236 1416 mode
1271 1361 1423 1415 haud
1454 1377 1667 1431 paucos
1697 1359 1847 1416 ultro
1895 1375 2036 1431 ope—

392 1466 516 1504 ram
561 1448 869 1505 collaturos
927 1450 1201 1506 habebis:
1260 1449 1476 1521 quippe
1522 1451 1768 1515 omneis,
1816 1448 2032 1520 quibus

391 1538 659 1594 nonnihil
692 1555 825 1594 cum
849 1537 1182 1610 eloquentia
1212 1555 1356 1594 usus
1386 1538 1709 1606 intercedit,
1740 1539 1800 1593 in
1831 1538 2032 1594 lauda-

388 1625 565 1681 tionis
604 1629 715 1681 tus:
742 1626 1095 1682 consortium
1125 1626 1452 1682 necessario
1495 1626 1671 1682 etiam
1722 1630 2026 1681 venturos:

391 1731 506 1770 non
535 1714 806 1786 equidem
840 1731 950 1786 quo
982 1731 1074 1771 res
1122 1719 1254 1771 tuas
1293 1714 1614 1770 ornaltores
1663 1731 1725 1770 se
1774 1712 2027 1770 facturos

2152 555 2388 613 ἃνὲλοιο
2422 578 2435 592 °
2492 559 2859 631 θαυμάζεσθαι
2907 560 3013 634 γὰρ
3060 562 3266 634 ἀνάγκη
3315 561 3382 615 τὰ
3431 560 3517 630 σά,
3576 562 3668 616 καὶ
3727 563 3813 618 ὅτι

2149 650 2295 701 τοῦτ’
2350 647 2550 721 ἀρετῆς
2606 644 2776 717 ἴδιον,
2833 650 2899 716 ἧς
2958 648 3121 710 αὐτὸς
3177 650 3313 724 φὲρῃ
3363 648 3431 704 τὰ
3476 655 3691 723 πρῶτα,
3721 654 3814 706 καί

2150 739 2249 789 τοῦ
2279 737 2327 811 γ’
2355 732 2509 790 ἕνεκα
2541 741 2671 790 πᾶσι
2705 735 2941 809 μάλιστα
2989 744 3217 812 χρῆναι,
3250 742 3376 799 τοῦς
3430 758 3490 792 τε
3548 743 3635 793 νῦν
3691 739 3813 794 οὖσι

2149 830 2265 886 τοῖς
2285 845 2344 879 τε
2391 824 2850 899 ἐπιγιγνομένοις,
2895 823 3240 901 παράδειγμα
3279 828 3369 881 καὶ
3415 827 3586 884 τύπον
3635 828 3813 883 καλοῦ

2150 910 2345 973 παντὸς
2378 913 2690 982 προκεῖσθαι
2736 911 2804 966 τὰ
2849 912 2919 966 σά
2950 932 2963 945 ·
3025 910 3232 974 δίκαιος
3282 912 3344 968 ἃν
3398 912 3517 983 εἷής
3575 914 3811 990 μεγαλοο

2150 999 2324 1073 ψυχίᾳ
2352 1019 2488 1073 προς
2526 998 2654 1061 τοὺς
2699 998 2953 1061 ἐπαίνους
3010 1004 3336 1075 κεχρῆσθαι,
3395 1003 3487 1057 καὶ
3543 1008 3808 1078 παραξὶαν

2150 1089 2561 1159 θαυμαζόμενος
2623 1089 2823 1164 φέρειν.
2893 1086 3048 1145 Οὕτω
3095 1090 3195 1165 γὰρ
3238 1092 3342 1147 οὐκ
3389 1092 3618 1168 ὀλίγους
3674 1091 3811 1163 ἕξεις

2147 1175 2494 1254 εἰοφέροντας
2526 1195 2540 1209 ’
2591 1182 2722 1232 πᾶσι
2769 1178 2876 1252 γάρ
2927 1180 3009 1239 οἷς
3060 1177 3274 1250 μέτεστι
3334 1178 3542 1255 λόγων,
3577 1181 3807 1238 καὶτῶν

2147 1268 2280 1343 ὑπὲρ
2310 1273 2409 1322 σοῦ
2441 1266 2627 1341 λόγων
2657 1268 2861 1344 ἀνάγκη
2898 1275 3137 1340 μετεῖναι
3171 1287 3184 1300 ⁸
3220 1271 3332 1349 οὐχ
3379 1269 3521 1327 ὥστε
3570 1279 3799 1345 κοσμεῖν

2146 1354 2292 1431 ἔχειν
2324 1359 2390 1411 τὰ
2439 1358 2506 1412 σά
2537 1375 2553 1390 ⁶
2607 1355 2736 1412 ἀλλ’
2797 1359 2886 1413 ὑπ’
2937 1360 3123 1414 αὐτῶν
3176 1358 3404 1422 τούτους
3456 1365 3801 1434 κοσμεῖσθαι,

2143 1447 2384 1519 καθάπερ
2441 1447 2528 1501 ἐπὶ
2578 1450 2689 1502 τῶν
2741 1446 3043 1525 ὀφθαλμῶν
3096 1449 3257 1521 οἶμαι
3313 1445 3611 1523 ξυμϐαίνει.
3663 1451 3799 1508 Οὐδὲ

2143 1536 2249 1609 γάρ
2279 1538 2365 1598 οἷς
2414 1537 2564 1591 οὗτοι
2608 1538 2699 1591 τὸν
2748 1536 2913 1606 ἥλιον
2951 1539 3183 1607 ὁρῶντες
3222 1542 3588 1612 θαυμάζουσι,
3619 1542 3798 1615 τούτῳ

2144 1621 2298 1693 δόξαν
2331 1624 2568 1679 ἐντεῦθεν
2602 1627 2849 1694 ἡντινοῦν
2894 1624 3219 1698 ἐμποιοῦσιν
3248 1648 3263 1662 ο
3310 1629 3460 1685 ἀλλά
3509 1636 3645 1704 σφᾶς
3696 1633 3795 1686 αὖ·

2140 1714 2267 1774 τοῦς
2303 1713 2515 1784 μᾶλλον
2566 1718 2885 1787 κοσμοῦσιν,
2936 1716 3005 1785 ἢν
3052 1720 3150 1771 τοῦ
3196 1718 3326 1788 ὁρᾷν
3372 1718 3590 1794 ἴσχουσι
3631 1718 3795 1775 δύνα-

389 1808 644 1873 sperent,
659 1804 759 1859 sed
780 1818 849 1859 ex
869 1804 1088 1860 eisdem
1112 1805 1517 1860 claritudinem
1533 1802 1834 1860 relaturos.
1852 1803 2023 1867 Quale

2143 1820 2254 1871 μιν,
2282 1798 2485 1868 ταύτην
2518 1797 2716 1855 ἐκεῖθεν
2745 1800 3079 1876 προάγοντες
3120 1801 3198 1865 είς
3247 1803 3542 1880 ἐνέργειαν.
3576 1808 3793 1861 "Arav-

387 1892 669 1962 quiddam
700 1894 851 1949 circa
892 1892 1215 1963 oculorum,
1246 1898 1311 1948 ut
1339 1893 1563 1963 opinor,
1598 1909 1770 1948 usum
1801 1892 2031 1948 contin-

390 1981 495 2053 git,
519 1981 620 2053 qui
652 1983 806 2053 quod
836 1983 1016 2039 solem
1067 1986 1417 2038 contuentur
1463 1998 1530 2037 ac
1586 1981 1932 2051 suspiciunt,
1962 1997 2028 2037 eo

386 2070 529 2127 nihil
561 2071 644 2127 illi
675 2071 871 2143 gloria
894 2072 1153 2140 addunt;
1185 2087 1382 2127 verum
1413 2087 1475 2127 se
1507 2072 1701 2142 potius
1743 2071 1900 2142 ipsos
1930 2087 2028 2126 or-

384 2165 549 2229 nant,
582 2160 819 2216 insitam
853 2162 1128 2216 nimirum
1162 2162 1388 2216 videndi
1420 2162 1536 2215 vim
1560 2176 1666 2229 ope
1686 2159 1825 2215 solis
1847 2161 1905 2215 in
1937 2177 2030 2215 ac-

383 2255 508 2305 tum
538 2250 934 2321 provehentes.
972 2251 1215 2306 Proinde
1244 2250 1496 2321 optimos
1544 2265 1809 2320 quosque
1848 2264 2028 2317 Viros,

387 2338 707 2411 quamlibet
739 2338 957 2411 alloqui
989 2341 1079 2394 sui
1111 2340 1373 2411 ipsorum
1416 2355 1707 2408 praecones
1764 2336 1874 2407 ipsi
1937 2341 2025 2391 te-

381 2432 617 2499 stesque
648 2432 808 2495 sunt,
843 2428 951 2484 hoc
982 2428 1109 2500 ipso
1141 2429 1293 2500 quod
1354 2417 1484 2483 boni
1532 2428 1813 2498 probique
1868 2430 2026 2490 sunt,

384 2517 762 2588 omniumque
801 2517 1197 2589 pradicatione
1243 2517 1429 2589 digni,
1458 2517 1684 2573 laudari
1715 2521 1913 2571 tamen
1953 2515 2027 2570 ab

378 2604 511 2661 aliis
534 2605 851 2674 cernimus,
883 2623 1121 2680 suaeque
1148 2608 1375 2662 virtutis
1425 2608 1573 2662 hanc
1619 2605 1780 2661 velut
1810 2619 2026 2659 merce-

378 2695 691 2750 demferre
725 2694 921 2766 :quod
969 2701 1033 2750 tu
1086 2704 1416 2765 utrumque,
1447 2694 1726 2765 singulari
1775 2694 2024 2765 quadam

382 2784 783 2856 praerogativa,
812 2801 846 2840 a
881 2789 935 2840 te
966 2787 1092 2856 ipso
1124 2792 1426 2856 acceptum
1469 2784 1646 2840 habes
1672 2800 1685 2851 ;
1719 2788 1843 2839 tum
1874 2782 2025 2854 quod

376 2887 609 2928 summa
660 2873 815 2931 inter
864 2876 1091 2931 omneis
1123 2875 1506 2930 admirandus
1538 2890 1638 2945 par
1668 2882 1724 2929 te
1780 2887 1862 2942 es,
1896 2877 2024 2927 tum

381 2963 535 3033 quod
567 2963 852 3018 facundia.-
907 2968 1019 3019 tuze
1075 2965 1329 3019 fructum
1371 2963 1495 3035 ipse
1548 2962 1822 3034 percipis,
1853 2978 1923 3017 ex
1958 2978 2026 3017 eo

381 3052 533 3123 quod
557 3052 992 3124 propinquitate
1008 3054 1111 3109 tibi
1137 3052 1667 3125 conjunctissimos,
1692 3057 1757 3107 ut
1777 3052 2026 3123 quisque

380 3140 536 3196 diem
570 3157 745 3197 suum
789 3142 956 3213 obiit,
988 3142 1214 3198 funebri
1269 3141 1615 3198 allocutione
1661 3140 2026 3208 collaudanti,

380 3246 495 3301 quo
551 3246 666 3287 non
720 3231 852 3287 illos
883 3232 1072 3304 magis
1132 3247 1305 3303 quam
1352 3232 1726 3302 temetipsum
1782 3229 2030 3286 cohone-

385 3319 572 3376 stasti.
585 3321 722 3388 Imo,
749 3328 807 3375 ut
827 3321 1041 3377 rectius
1056 3320 1277 3393 loquar,
1293 3325 1417 3376 tum
1432 3319 1562 3375 illos
1591 3318 2027 3377 laudationibus

384 3408 505 3463 tuis
536 3410 856 3465 ornatiores
906 3410 1110 3478 fecisti,
1142 3414 1267 3466 tum
1318 3407 1640 3465 luculenter
1694 3408 2025 3478 ostendisti,

384 3499 714 3569 cujusmodi
744 3515 873 3557 esse
900 3504 1181 3570 oporteat,
1225 3500 1323 3571 qui
1368 3506 1443 3565 te,
1476 3499 1576 3569 qui
1624 3502 1864 3554 caeteros
1892 3514 2026 3555 om-

385 3606 505 3656 nes,
537 3588 830 3647 laudando
855 3607 1063 3646 ornare
1088 3608 1149 3647 se
1184 3591 1459 3662 postulet.
1498 3592 1631 3655 Qum
1692 3590 1866 3661 igitur
1895 3595 2017 3645 tum

2137 1907 2234 1949 τας
2269 1888 2363 1960 μὲν
2392 1887 2485 1942 οῦν
2518 1890 2647 1949 τοὺς
2677 1886 2956 1964 ἀρίστους,
2989 1890 3034 1944 εἰ
3065 1893 3157 1945 καὶ
3201 1889 3393 1956 ἄλλως
3438 1914 3590 1949 ουτοι
3640 1901 3791 1973 σφῶν

2138 1976 2314 2031 αὐτῶν
2373 1976 2507 2031 εἰσιν
2568 1976 2837 2033 ἐπαινέται
2893 1980 2984 2034 καὶ
3040 1981 3328 2057 μάρτυρες,
3358 1987 3441 2054 τῷ
3497 1985 3660 2040 καλοὶ
3699 1987 3791 2040 καὶ

2137 2068 2330 2143 ἀγαθοὶ
2387 2069 2679 2144 γεγονέναι,
2729 2071 2820 2126 καὶ
2882 2073 2996 2127 οἷοι
3046 2073 3193 2146 παρά
3240 2079 3370 2129 πᾶσι
3401 2078 3789 2148 θαυμάζεσθαι,

2138 2156 2265 2212 ἀλλ’
2313 2156 2404 2211 οὖν
2453 2156 2876 2232 ἐπαινουμένους
2935 2158 3204 2230 δήπουθεν
3257 2164 3341 2241 ὑφ’
3397 2164 3595 2239 ἑτέρων
3648 2168 3790 2241 ὁρῶ-

2141 2267 2262 2318 μεν,
2292 2247 2381 2299 καὶ
2438 2245 2636 2301 τοῦτον
2693 2250 2883 2319 μισθὸν
2929 2250 3335 2322 κομιζομένους
3393 2259 3494 2320 τῆς
3544 2255 3739 2328 ἀρετῆς
3774 2274 3791 2288 °

2138 2335 2200 2389 σὺ
2231 2334 2408 2391 δὲκαὶ
2437 2339 2599 2392 τοῦτο
2647 2338 2864 2392 κάκεῖνο
2913 2340 3048 2411 μετά
3096 2339 3316 2397 πολλοῦ
3362 2347 3462 2397 τοῦ
3503 2346 3789 2417 περιόντος

2137 2424 2281 2497 παρά
2320 2429 2520 2479 σαυτοῦ
2570 2421 2757 2479 λαϐὼν
2812 2422 2960 2504 ἔχεις
2991 2446 3004 2459 °
3064 2432 3143 2499 τῷ
3172 2449 3229 2483 τε
3283 2430 3522 2502 μάλιστα
3571 2432 3787 2488 πάντων

2137 2514 2443 2583 Θαυμαστὸς
2504 2512 2719 2569 οἴκοθεν
2779 2515 3047 2587 εἶναι,τῷ
3095 2537 3154 2571 τε
3207 2524 3308 2586 τῆς
3365 2519 3533 2582 αὐτὸς
3588 2529 3790 2577 σαυτοῦ

2134 2602 2391 2676 γλώττης
2423 2604 2700 2678 μετέχειν,
2731 2602 2783 2658 ἒν
2836 2607 2925 2666 οἷς
2961 2610 3071 2660 τῶν
3122 2606 3472 2663 οἰκειοτάτων
3508 2612 3792 2667 οὑστινασ-

2135 2701 2229 2751 οῦν
2288 2695 2687 2771 ἀπογεγονότας
2740 2702 3056 2771 προσεῖπες,
3116 2699 3179 2753 ού
3241 2698 3457 2771 μᾶλλον
3515 2701 3713 2765 αὐτοὺς
3752 2706 3785 2774 ἤ

2135 2785 2329 2839 σαυτὸν
2361 2783 2597 2840 ἐντεῦθεν
2630 2791 2857 2857 κοσμῶν
2885 2804 2898 2818 ³
2937 2784 3152 2859 μᾶλλον
3186 2784 3263 2858 εὶ,
3297 2788 3343 2843 εἷ
3389 2791 3502 2867 χρὴ
3550 2792 3788 2862 τάληθες

2136 2874 2326 2947 εἰπεῖν,
2357 2872 2594 2935 ἐκείνους
2624 2894 2683 2928 τε
2728 2879 2846 2936 τοῖς
2889 2875 3036 2937 παρά
3075 2881 3274 2933 σαυτοῦ
3323 2876 3517 2952 λόγοις
3566 2880 3788 2958 ἀποφή-

2134 2983 2225 3025 νας
2299 2960 2587 3034 καλλίους,
2656 2962 2820 3027 αὐτός
2883 2984 2942 3019 τε
3005 2970 3191 3043 σαφῶς
3246 2966 3517 3039 ἐπιδείξας
3564 2971 3790 3033 ὁποίους

2136 3051 2283 3115 τινὰς
2339 3054 2488 3115 εἶνας
2537 3055 2651 3131 χρὴ
2698 3051 2825 3114 τοὺς
2874 3054 2932 3108 σὲ
2977 3074 3035 3108 τε
3072 3054 3161 3109 καὶ
3192 3057 3394 3120 πάντας
3421 3060 3550 3120 τοὺς
3579 3057 3790 3125 ἄλλους

2137 3147 2361 3215 κοσμεῖν
2412 3141 2769 3217 αἱρουμένους
2803 3159 2817 3173 ·
2851 3142 2932 3204 οἷς
2983 3144 3077 3215 μὲν
3115 3142 3208 3199 οὖν
3253 3147 3391 3219 πρὸς
3441 3149 3544 3217 τήν
3573 3153 3782 3225 παροῦ-

2141 3253 2234 3287 σαν
2263 3230 2521 3305 ξσπουδήν
2569 3227 2675 3286 ἔδει
2723 3233 3026 3307 κεχρῆσθαι
3071 3233 3158 3288 καί
3211 3234 3243 3289 ἃ
3275 3235 3497 3307 μάλιστ’
3550 3238 3783 3311 ἱμαυτὸν

2136 3322 2410 3382 πεπεικὼς
2464 3317 2767 3391 διανέστην,
2820 3324 3035 3391 σιωπῆς
3086 3321 3373 3380 ἀκινδύνου
3425 3328 3527 3395 τήν
3596 3325 3649 3382 ἐν
3706 3333 3788 3399 τῷ

2136 3409 2317 3488 λέγειν
2364 3413 2529 3479 ἧτταν
2566 3407 2710 3480 ἡδίω
2767 3410 3072 3465 παντάπασι
3136 3412 3348 3486 κρίνας,
3422 3418 3572 3471 ταῦτ’
3646 3412 3789 3472 ἔστιν

2134 3502 2208 3555 ὧν
2241 3496 2354 3555 οὐδ’
2382 3497 2442 3553 ἃν
2466 3500 2570 3571 εἷς,
2604 3497 2678 3559 ὥς
2711 3519 2773 3575 γε
2802 3498 2913 3573 ἐγὼ
2943 3501 3180 3574 νομίζω,
3211 3500 3416 3573 ξυνίδοι
3447 3503 3665 3561 καλλίω
3694 3508 3782 3562 καὶ

2131 3594 2249 3651 τοῖς
2279 3589 2592 3663 πράγμασιν
2625 3588 2981 3663 ἀποχρῶντα.

381 3679 449 3734 ad
483 3695 736 3749 praesens
774 3680 1110 3735 institutum
1158 3679 1415 3735 adhiberi
1475 3678 1794 3751 Oportebat,
1853 3684 1979 3735 tum
2033 3679 2197 3752 queis
2252 3679 2618 3751 potissimum
2678 3677 2954 3734 inductus
3005 3680 3076 3735 ad
3135 3680 3449 3739 dicendum
3498 3699 3777 3741 surrexe-

382 3770 517 3837 rim,
549 3770 829 3842 illamque
860 3772 918 3827 in
950 3771 1196 3827 dicendo
1225 3771 1602 3827 offensionem
1635 3770 2049 3841 jucundiorem
2083 3769 2225 3824 mihi
2275 3769 2514 3823 omnino
2553 3768 2843 3833 duxerim,
2877 3785 3055 3839 quam
3102 3786 3352 3826 vacuum
3406 3774 3662 3843 periculo
3690 3774 3781 3829 si-

374 3857 645 3926 lentium,
680 3861 800 3916 base
832 3861 948 3916 fere
977 3868 1114 3915 sunt
1146 3876 1160 3914 :
1193 3860 1410 3932 quibus
1440 3860 1740 3932 pulchrius
1768 3858 2048 3931 quiddam
2080 3858 2500 3928 honestiusque
2531 3857 2685 3912 haud
2719 3856 2888 3913 facile
2916 3874 3273 3930 quemquam
3318 3867 3764 3934 perspecturum

376 3948 648 4013 arbitror,
680 3951 997 4021 eademque
1025 3949 1333 4021 ejusmodi,
1364 3954 1430 4004 ut
1461 3951 1635 4005 rebus
1666 3949 1815 4020 ipsis
1847 3949 2011 4020 paria
2043 3965 2109 4003 ac
2144 3947 2459 4003 suffectura
2490 3947 2743 4003 credam.

446 4036 541 4093 IV.
572 4038 699 4093 Jam
730 4039 907 4109 igitur
934 4040 1003 4094 ad
1038 4040 1224 4111 ipsam
1265 4039 1459 4110 magni
1485 4038 1591 4093 viri
1620 4038 2013 4094 laudationem

373 4143 613 4184 manum
645 4129 998 4198 admoventi,
1032 4146 1277 4200 eamque
1333 4145 1637 4200 capessere
1683 4128 2014 4183 instituenti

372 4217 541 4285 mihi,
566 4217 723 4274 haud
757 4218 913 4275 aliud
950 4220 1265 4292 quidquam
1312 4228 1442 4275 ante
1471 4220 1741 4291 patriam,
1772 4234 2015 4290 quaeque

370 4306 531 4361 illam
592 4307 906 4379 attingunt,
969 4310 1541 4365 commemorandum
1599 4309 1847 4374 videtur,
1893 4306 2014 4363 imo

368 4411 501 4452 vero
542 4394 612 4451 de
641 4394 741 4451 illa
761 4404 892 4451 ante
922 4401 1127 4454 caetera
1173 4398 1413 4454 omnino
1445 4398 1759 4469 agendum,
1788 4398 2013 4452 natura

2196 4042 2265 4090 A'.
2300 4030 2442 4103 Ἤδη
2493 4030 2550 4088 δέ
2593 4053 2659 4105 με
2694 4038 2815 4094 τοῖς
2862 4032 3102 4097 ἐπαίνοις
3151 4038 3493 4111 προσάγοντα
3538 4043 3635 4095 τοῦ
3693 4060 3777 4112 μες

2121 4122 2318 4198 γάλου,
2349 4122 2438 4178 καὶ
2485 4121 2691 4177 τούτων
2742 4118 3176 4197 ἐπιϐαλλόμενον
3222 4129 3505 4199 ἅπτεσθαι,
3555 4126 3779 4190 οὐδενὸς

2123 4212 2277 4285 οἶμαι
2310 4209 2421 4266 δεῖν
2448 4216 2553 4266 τῶν
2587 4210 2777 4267 ἄλλων
2823 4213 2930 4286 πρὸ
2975 4219 3079 4282 τῆς
3122 4213 3388 4289 πατρίδος
3441 4220 3774 4290 μεμνῆσθαι,

2121 4301 2211 4356 καὶ
2255 4305 2352 4356 τοῦ
2390 4302 2510 4356 κατ’
2565 4300 2733 4369 αύτήν
2792 4299 3039 4376 ἔχοντος,
3090 4301 3241 4358 ἀλλᾶ
3285 4307 3377 4360 καὶ
3428 4306 3562 4378 μάλ’
3608 4305 3779 4377 αὑτῆς

2120 4392 2227 4463 πρὸ
2275 4395 2383 4447 τῶν
2435 4388 2620 4447 ἄλλων
2695 4390 2956 4464 ἑπόμενον
3010 4390 3162 4471 φύσει
3212 4393 3303 4448 καὶ
3340 4390 3537 4472 τέχνῃ,
3568 4397 3660 4451 καὶ
3689 4402 3775 4470 τῷ

367 4485 628 4558 artisque
656 4487 923 4543 oratoria:
957 4488 1217 4562 vestigia,
1248 4493 1307 4545 et
1326 4505 1491 4560 aequa
1521 4488 1823 4559 utriusque
1854 4486 2011 4542 desi-

2136 4481 2245 4555 ταρ¹
2277 4481 2480 4557 ἀμφοῖν
2511 4479 2769 4550 ἀξιοῦντι.
2800 4486 2900 4549 τῆς
2944 4481 3039 4554 μὲν
3087 4482 3190 4558 γάρ
3240 4482 3353 4538 ἐστι
3400 4471 3571 4556 νόμος
3626 4486 3774 4541 οὕτω

365 4575 543 4646 deria,
575 4576 856 4648 sequenti.
889 4578 1111 4650 Quippe
1142 4578 1217 4635 ad
1242 4579 1392 4635 hunc
1414 4579 1650 4635 modum
1676 4576 1845 4648 dirigi
1865 4580 2013 4632 trac-

362 4665 590 4737 tarique
610 4674 869 4738 oportere
891 4667 1234 4738 orationem,
1260 4684 1390 4725 eum
1413 4685 1508 4725 ars
1536 4668 1667 4739 ipsa
1686 4666 1845 4722 velut
1884 4665 2013 4738 lege

366 4758 576 4822 sancit,
608 4759 733 4811 tum
764 4762 817 4813 et
848 4757 1250 4815 necessitatem
1282 4773 1451 4816 suam
1482 4759 1691 4814 natura
1719 4755 2009 4827 adjungit.

365 4845 667 4917 Siquidem
698 4847 915 4918 priores
946 4847 1145 4905 liberis
1175 4852 1469 4920 parentes,
1500 4851 1658 4914 sunt,
1690 4844 1878 4917 patria
1916 4861 2012 4917 pa-

364 4934 652 4997 rentibus,
695 4937 847 5008 quod
903 4954 971 4994 ex
1029 4953 1118 5007 ea,
1147 4941 1430 5009 tanquam
1478 4936 1883 5001 fundamento,
1911 4939 2012 4989 aut

364 5023 556 5081 radice
599 5026 882 5097 subjecta,
930 5043 1144 5098 genera
1189 5027 1495 5085 hominum
1529 5027 1658 5097 ipsa
1699 5025 2007 5093 oriuntur;

364 5115 520 5172 omni
552 5116 746 5187 itaque
792 5133 860 5172 ex
890 5124 1049 5188 parte
1088 5117 1396 5190 optimum,
1435 5130 1750 5186 rerumque
1789 5122 2007 5169 natura)

365 5205 978 5262 convenientissimum
1036 5214 1141 5277 est,
1174 5212 1238 5263 ut
1293 5206 1483 5279 priore
1536 5205 1661 5261 loco
1718 5204 1789 5260 de
1822 5203 2008 5275 patria

364 5295 544 5351 nostri
574 5296 865 5367 dicamus,
895 5304 1018 5353 tum
1049 5297 1323 5371 deinceps
1354 5297 1426 5353 ad
1485 5298 1753 5368 parentes
1801 5292 2004 5350 venia-

364 5399 519 5452 mus,
550 5383 752 5456 eisque
783 5387 936 5458 quod
956 5387 1057 5458 jus
1086 5387 1290 5459 fasque
1318 5391 1409 5443 est
1437 5384 1772 5441 reddamus.

434 5474 656 5531 V.Jam
688 5477 871 5548 patria
900 5477 1181 5549 ejusmodi
1228 5493 1370 5534 sane
1416 5479 1526 5542 est,
1560 5477 1629 5529 ut
1673 5489 1790 5531 non
1830 5471 2005 5529 modo

372 5563 536 5620 nulla
565 5566 801 5636 penitus
856 5581 1058 5624 carum
1109 5583 1327 5635 rerum,
1360 5582 1487 5640 qua
1515 5566 1785 5623 decorare
1830 5562 2005 5618 urbes

367 5651 579 5725 solent,
636 5654 982 5715 destituatur
1031 5658 1131 5716 sed
1188 5660 1247 5717 et
1291 5660 1454 5717 tanta
1509 5670 1711 5715 eorum
1766 5665 2004 5725 exsupe-

2122 4570 2379 4645 προάγειν
2411 4572 2611 4645 χρῆναι
2642 4568 2734 4625 τόν
2789 4568 2985 4645 λόγον,
3035 4570 3125 4625 καὶ
3168 4575 3362 4627 τοῦτον
3416 4571 3768 4649 διαχειρίζειν

2119 4659 2212 4714 τὸν
2237 4656 2439 4733 τρόπον
2481 4676 2494 4689 ⁸
2525 4661 2561 4728 ἡ
2595 4656 2643 4713 δ’
2672 4659 2775 4732 ἄρα
2814 4658 2973 4733 φύσις
3003 4660 3093 4713 καὶ
3140 4663 3239 4730 τήν
3282 4659 3334 4734 ἐξ
3390 4660 3561 4733 αὐτῆς
3599 4663 3771 4739 ἀνάγ-

2121 4767 2222 4818 κην
2270 4748 2650 4823 προστίθησιν,
2709 4748 2843 4822 ἅπερ
2885 4751 2993 4804 τῶν
3045 4749 3141 4821 μὲν
3180 4747 3388 4807 παίδων
3438 4752 3490 4806 οἱ
3537 4753 3766 4827 πατέρες

2120 4838 2400 4913 πρότεροι,
2429 4836 2637 4891 τούτων
2693 4833 2739 4891 δ’
2787 4835 2853 4892 αὖ
2899 4838 2935 4907 ἡ
2985 4838 3203 4912 πατρὶς,
3233 4842 3315 4911 τῷ
3348 4840 3550 4911 ταύτης
3579 4839 3764 4918 ὥσπερ

2114 4926 2262 4989 τινὸς
2292 4922 2561 5000 κρηπῖδος
2587 4925 2622 4995 ἢ
2655 4924 2811 4999 ῥίζης
2852 4925 3211 4999 ὑποκειμένης
3240 4928 3309 4982 τά
3335 4927 3467 5002 γένη
3491 4928 3712 5004 φύεσθαι
3748 4951 3761 4963 ·

2116 5013 2397 5091 κράτιστον
2427 5014 2521 5070 οὖν
2552 5015 2612 5069 ἃν
2660 5012 2745 5085 εἴη
2804 5014 3144 5093 πανταχόθεν
3191 5016 3283 5072 καὶ
3330 5022 3447 5079 τοῖς
3505 5019 3766 5095 πράγμα-

2117 5124 2198 5159 σιν
2231 5106 2397 5175 εἶκον,
2445 5111 2552 5174 τῆς
2598 5102 2919 5178 ἐνεγκούσης
2969 5103 3202 5179 πρόσθεν
3254 5108 3629 5181 ποιησάμενον
3659 5108 3767 5165 λό-

2113 5216 2229 5270 γον⁹
2270 5193 2438 5251 ἔπειτ’
2483 5196 2673 5271 ἐφεξῆς
2718 5193 2806 5249 ἐπὶ
2848 5195 2976 5259 τοὺς
3020 5195 3257 5273 πατέρας
3301 5203 3528 5273 χωρεῖν,
3578 5201 3764 5256 κάκεί-

2114 5305 2227 5340 νοις
2260 5285 2322 5340 τὸ
2352 5285 2500 5348 νίκὸς
2529 5285 2838 5358 ἀπονέμειν.

2184 5464 2259 5521 Ε’.
2305 5469 2458 5521 Ἔστι
2508 5463 2686 5519 τοίνυν
2732 5462 2870 5535 αὕτη
2913 5465 3167 5537 τοιαύτη,
3198 5464 3275 5528 ὡς
3324 5467 3401 5539 μή
3446 5465 3611 5540 μόνον
3643 5468 3761 5533 ἑνὸς

2116 5549 2346 5628 μηδενὸς
2376 5556 2484 5608 τῶν
2517 5553 2615 5609 ὅσα
2645 5552 2809 5610 πόλιν
2841 5550 2955 5608 οἶδε
2986 5554 3264 5628 σεμνύνειν
3296 5552 3428 5630 μηδ’
3450 5556 3785 5639 ὁπωστιοῦν.

2113 5641 2423 5724 ἀφεστάναι,
2479 5639 2626 5701 ἀλλὰ
2681 5642 2771 5699 καὶ
2857 5644 2995 5718 μετὰ
3062 5641 3300 5718 τοσῆσδε
3378 5647 3531 5702 ταῦτ’
3605 5642 3759 5727 ἔχειν
