4118 6214
274 371 382 432 221

1290 373 1692 437 LAUDATIO
1738 381 1802 439 S.
1851 377 2229 440 GREGORII
2274 375 2690 438 THEOl.0GI.

3563 366 3679 423 222

268 506 610 580 περιουσίας,
643 506 718 566 ὡς
750 503 837 558 καὶ
885 507 1002 565 ταῖς
1053 502 1142 558 διὰ
1189 506 1404 560 πάντων
1447 505 1908 584 παραϐαλλομένη

2033 512 2216 569 rsntia
2265 513 2516 584 praestet,
2564 513 2628 562 ut
2669 522 2801 562 eum
2852 500 3278 561 ﬂorentissimis
3326 498 3674 571 quibusque,

263 599 585 670 κρατίσταις
635 594 973 667 εὑρίσκεσθαι
1020 594 1249 667 πρώτη’
1284 594 1427 649 οὕτω
1471 598 1567 668 μὲν
1611 600 1714 674 γὰρ
1761 596 1919 676 ἔσχεν

261 685 454 758 ἀέρος,
508 685 583 745 ὡς
643 684 754 736 τῶν
818 683 913 755 μὲν
973 683 1292 758 ἁπανταχοῦ
1347 690 1532 739 πασῶν
1586 685 1776 762 ἄριστα
1831 711 1923 745 κε-

264 773 499 846 κράσθαι
549 769 766 825 δοκεῖν’
819 771 956 845 πρὸς
1017 767 1074 825 δὲ
1126 771 1382 846 μεγίστην
1427 775 1517 828 καὶ
1575 775 1923 847 παντοδαπὴν

263 866 493 935 καρπῶν
543 882 602 915 τε
652 861 741 914 καί
794 860 946 928 ζώων
999 858 1268 934 ἐρρῶσθαι
1318 864 1509 941 φορὰν,
1540 864 1775 920 ἑκάστων
1822 873 1921 935 τῆς

261 959 367 1027 γῆς
401 955 514 1006 τῶν
561 955 737 1024 μερῶν
786 948 1016 1004 πλεῖστα
1069 951 1159 1003 καί
1209 949 1478 1006 κάλλιστα
1515 954 1581 1008 τὰ
1624 957 1752 1028 παρ’
1807 957 1922 1010 έαυ-

261 1046 383 1101 τοῖς
435 1039 850 1114 χορηγούντων,
881 1038 972 1092 καὶ
1022 1041 1115 1092 οἷα
1159 1041 1235 1111 μὴ
1285 1047 1402 1102 τοῖς
1436 1040 1700 1097 ἐνοικοῦσι
1736 1047 1921 1116 μόνον,

262 1129 413 1184 ἀλλὰ
456 1130 547 1183 καὶ
595 1135 726 1183 πᾶσι
773 1127 1090 1202 προσοίκοις
1135 1149 1191 1182 τε
1242 1129 1330 1183 καὶ
1379 1135 1494 1192 τοῖς
1527 1131 1716 1208 πόρῥω
1756 1155 1922 1207 παρε-

262 1219 480 1273 λαύνειν
533 1219 632 1285 την
693 1217 925 1295 χρείαν·
960 1217 1107 1272 οὕτω
1161 1215 1303 1272 δἀὖ
1356 1219 1512 1293 ὡρῶν
1563 1223 1920 1297 συμμετρίας,

260 1308 353 1362 καὶ
413 1311 511 1360 τοῦ
567 1309 685 1361 κατ’
717 1306 878 1368 αὐτὰς
935 1303 1252 1379 εὐδοκίμου,
1285 1309 1359 1368 ὡς
1419 1307 1452 1361 ἃ
1511 1312 1635 1383 παρ’
1677 1313 1923 1374 ἑκάσταις

263 1398 529 1470 πρόσεστι
583 1393 1088 1470 δυσχερῆ,τούτων
1148 1397 1398 1452 ἁπάντων
1449 1400 1538 1453 τὸν
1592 1400 1673 1454 ἀεὶ
1724 1401 1921 1479 χρόνον

261 1487 446 1555 ἐξίσης
505 1487 860 1562 ἀφεστηκυῖα,
912 1485 1092 1556 μόνων
1141 1489 1248 1540 τῶν
1307 1485 1520 1559 ἀγαθῶν
1578 1486 1636 1542 ἐκ
1695 1509 1919 1562 περιου-

260 1575 384 1635 σίας
451 1575 718 1649 μετέχειν,
779 1571 962 1647 ὥσπερ
1033 1571 1339 1646 ἐξεπίτηδες
1401 1576 1462 1630 τὸ
1525 1577 1620 1649 μὲν
1677 1580 1919 1651 καθάπαξ

257 1662 551 1725 λυσιτελὲς
622 1661 947 1736 αἱρουμένη,
1003 1664 1069 1716 τὰ
1139 1661 1186 1718 δ’
1243 1662 1389 1720 ἄλλα
1465 1666 1675 1740 χαίρειν
1755 1667 1914 1727 ἐῶσα.

253 1752 558 1814 Τοσοῦτοις
591 1749 648 1806 δὲ
694 1751 784 1807 καὶ
817 1753 1173 1823 τηλικούτοις
1219 1754 1439 1828 ἁγαθοὶς
1470 1757 1504 1824 ἡ
1541 1755 1916 1813 Καππαδοκῶν

253 1841 634 1914 κοσμουμένη,
694 1840 783 1895 καὶ
843 1838 986 1896 οὕτω
1035 1846 1284 1914 κομῶσα,
1327 1843 1403 1905 ὡς
1454 1844 1546 1898 καὶ
1601 1845 1730 1907 τοὺς
1786 1851 1916 1902 πᾶσι
1947 1881 1994 1946 Β

331 1938 355 1946 -ν
490 1931 509 1946 \
562 1936 584 1945 un
695 1930 706 1946 3
827 1928 900 1946 νδ,
936 1929 961 1946 ΙΙ
1143 1931 1190 1946 95
1253 1936 1279 1946 υ
1462 1935 1489 1946 Α
1641 1934 1652 1946 ο
1896 1938 1908 1946 ι

252 1938 384 1992 τοῖς
417 1931 611 1991 καλοῖς
653 1930 752 1984 οὐκ
795 1928 900 1985 οἶδ’
931 1929 1082 1992 ὅπως
1131 1931 1409 2003 ἀξιοῦντας
1462 1934 1789 2008 βασκαίνειν,
1822 1938 1912 1991 καὶ

253 2021 323 2077 τὸ
379 2024 563 2080 κακῶς
614 2019 790 2092 λέγειν
835 2019 1038 2094 τέχνην
1068 2019 1144 2080 ὡς
1174 2019 1341 2076 εἴπεῖν
1371 2022 1751 2095 ποιουμένους,
1787 2027 1912 2079 θαυ-

259 2108 510 2182 μαστούς
565 2130 715 2172 τινας
771 2106 898 2183 ἄγαν
955 2107 1233 2170 ἐπαινέτας
1301 2113 1618 2181 κακτῆσθαι,
1678 2113 1769 2166 καὶ
1833 2120 1912 2186 τῷ

258 2195 439 2270 μηδὲν
498 2197 646 2258 ὅλως
703 2197 973 2252 ἀντειπεῖν
1041 2191 1206 2275 ἔχειν,
1267 2204 1538 2270 τιμῶντας
1614 2202 1784 2271 αὐτὴν
1846 2205 1912 2256 τά

255 2289 581 2362 γιγνόμενα,
640 2288 908 2341 τοσούτων
969 2286 1058 2340 καὶ
1123 2286 1469 2356 τηλικούτων
1543 2289 1752 2364 ἀνδρῶν
1830 2293 1912 2346 ἐπ’

255 2373 505 2447 εὖσεϐεέᾳ
550 2378 638 2431 καὶ
689 2377 985 2454 φιλοσοφίᾳ
1034 2378 1124 2431 καὶ
1171 2377 1385 2454 λόγοις,
1417 2377 1492 2433 ἔτι
1538 2401 1593 2434 τε
1630 2387 1745 2441 τοῖς
1780 2382 1908 2455 ὑπὲρ

254 2466 527 2535 ἀληθείας
581 2467 780 2540 ἀγῶσι,
813 2467 900 2520 καὶ
957 2472 1116 2521 πᾶσιν
1173 2469 1258 2528 οἷς
1316 2467 1377 2521 ἄν
1437 2490 1522 2530 τις
1580 2471 1747 2546 φήσαι
1785 2471 1910 2544 βελο

252 2559 470 2617 τίστοις
521 2557 950 2628 θαυμαζομένων
1012 2554 1410 2627 πεπλούτηκεν,
1464 2559 1537 2621 ὡς
1598 2562 1734 2630 μήτε
1782 2561 1911 2614 ταύ-

246 2667 358 2715 την
419 2646 619 2720 ἑτέρων
680 2647 712 2714 ἦ
773 2645 987 2700 τούτων
1048 2653 1252 2720 χρῆναι
1304 2647 1515 2721 μητέρα
1559 2649 1647 2702 καὶ
1700 2654 1907 2726 τροφήν

246 2738 598 2810 γεγενῆσθαι,
651 2735 782 2808 μήτ’
811 2736 1008 2794 αὐτοὺς
1053 2735 1278 2796 τούτους
1327 2735 1376 2805 ἐξ
1428 2736 1606 2808 ἄλλης
1656 2743 1909 2808 ἡστινοσ-

249 2829 347 2877 οὖν
403 2826 438 2893 ἢ
497 2825 727 2894 ταυτησὶ
787 2823 1100 2899 προελθεῖν,
1131 2823 1261 2880 ἀλλ’
1292 2825 1373 2879 ἐπ’
1433 2823 1598 2905 ἄμφω
1645 2829 1706 2881 τὸ
1767 2828 1908 2890 εἷ’κὸς

245 2912 581 2983 ἀπαντῆσαι,
613 2914 703 2967 καὶ
760 2915 860 2982 τὴν
914 2913 1176 2988 ἁρμονίαν
1228 2915 1454 2986 ταυτησὶ
1505 2922 1604 2984 τῆς
1658 2917 1906 2990 κιθάρας,

246 3002 441 3070 ἐντελῆ
503 3009 856 3073 καταστῆναι,
889 3003 982 3057 καὶ
1040 3001 1128 3058 διὰ
1183 3008 1394 3074 πασῶν,
1455 3005 1531 3066 ὡς
1588 3006 1779 3074 εἰπεῖν,
1831 3009 1903 3062 ὧν

246 3096 476 3161 πρῶτος
537 3091 626 3145 καὶ
689 3090 851 3163 μέσος
911 3093 1000 3146 καὶ
1051 3091 1444 3163 τελευταῖος,ὁ
1493 3098 1584 3147 νῦν
1625 3094 1908 3171 εὐφημού-

251 3200 456 3253 μενος⁶
513 3181 578 3234 τὸ
638 3182 754 3252 μὲν,
789 3181 874 3235 ὅτι
932 3182 1070 3255 πρὸς
1131 3178 1300 3253 μηδέν
1355 3204 1407 3238 τι
1448 3187 1694 3238 τοιοῦτον
1726 3187 1899 3258 παρά-

2031 617 2383 674 quacunque
2433 601 2492 655 in
2535 614 2594 653 re
2630 596 2861 663 collata,
2907 597 3038 665 jure
3084 593 3214 665 ipsa
3262 591 3479 661 primas
3510 587 3673 642 ferat.

2030 691 2247 760 Nempe
2277 693 2334 745 et
2362 688 2515 744 aeris
2543 703 2610 742 ea
2641 689 2849 740 natura
2877 690 2985 750 est,
3020 685 3086 736 ut
3115 680 3379 736 omnium
3409 692 3533 746 quas
3568 691 3675 730 us-

2031 797 2201 850 quam
2233 783 2370 835 sunt
2401 777 2658 844 urbium,
2691 770 3169 842 temperatissima
3199 766 3370 822 facile
3400 765 3495 831 sit,
3520 769 3576 819 et
3606 765 3676 818 ad

2031 870 2384 925 uberrimum
2433 866 2622 922 omnis
2667 864 2892 936 generis
2947 863 3177 931 frugum
3217 854 3679 923 animaliumque

2031 963 2370 1028 proventum
2402 954 2876 1019 instructissima,
2910 948 3161 1020 singulis
3201 946 3360 1000 illius
3393 943 3676 1014 partibus,

2029 1049 2230 1118 quain
2263 1047 2519 1118 qualibet
2546 1050 2884 1105 nascuntur,
2916 1043 3040 1093 tum
3073 1035 3344 1108 plurima,
3375 1039 3502 1088 tum
3527 1047 3676 1102 prae-

2029 1135 2420 1206 stantissima,
2453 1131 2985 1205 suppeditantibus,
3007 1142 3111 1182 nec
3134 1124 3454 1179 incolarum
3479 1121 3674 1187 modo,

2029 1228 2129 1283 sed
2163 1227 2543 1281 finitimorum
2578 1225 2713 1278 item
2741 1226 2798 1276 et
2815 1220 3264 1290 longinquorum
3289 1211 3546 1268 omnium
3572 1226 3678 1264 ne-

2029 1316 2328 1372 cessitates
2359 1313 2503 1370 satis
2525 1326 2812 1382 superque
2841 1307 3154 1378 expletura.
3192 1303 3271 1356 Ad
3287 1303 3402 1355 haec
3435 1302 3516 1355 ita
3545 1315 3676 1370 par-

2028 1407 2174 1462 tium
2205 1406 2342 1461 anni
2382 1402 2780 1474 congruentia,
2811 1404 2868 1454 et
2915 1395 3203 1468 quidquid
3239 1394 3293 1446 in
3331 1392 3400 1446 iis
3428 1389 3675 1445 maxime

2029 1495 2490 1559 commendatur,
2533 1495 2862 1561 comparata
2900 1490 3059 1554 sunt,
3093 1491 3159 1539 ut.
3187 1483 3258 1539 ab
3289 1478 3674 1537 incommodis

2027 1588 2313 1657 cujusque
2355 1582 2536 1654 partis
2585 1580 2861 1636 omnibus
2914 1583 3188 1648 perpetuo
3235 1569 3533 1642 aequaliter
3582 1584 3674 1623 re-

2027 1684 2197 1742 mota,
2246 1673 2384 1730 solis
2422 1669 2761 1738 commodis,
2794 1672 2851 1722 et
2882 1666 2972 1720 his
3005 1659 3509 1727 cumulatissimis,
3540 1674 3678 1728 per-

2027 1765 2255 1820 fruatur
2299 1779 2312 1816 :
2357 1761 2515 1817 velut
2553 1758 2840 1824 consulto,
2883 1755 3036 1828 quod
3079 1751 3326 1810 solidam
3369 1747 3680 1804 utilitatem

2026 1853 2202 1910 habet
2229 1850 2585 1916 adsciscens,
2625 1845 2841 1903 ceteris
2873 1840 3214 1916 repudiatis.
3249 1840 3357 1894 Tot
3387 1851 3520 1892 vero
3552 1841 3678 1889 tan-

2024 1943 2210 2012 tisque
2250 1945 2468 1997 naturas
2513 1938 2683 1994 bonis
2730 1939 2934 1992 ornata
2984 1927 3363 2002 Cappadocia,
3415 1925 3673 1993 adeoque

2023 2033 2258 2098 florens,
2294 2037 2355 2085 ut
2379 2029 2478 2100 qui
2520 2027 2776 2099 pulchris
2813 2024 2985 2080 rebus
3023 2019 3300 2076 omnibus
3347 2015 3506 2071 haud
3553 2014 3672 2100 scio

2023 2139 2138 2196 qua
2167 2088 2673 2176 ratione‘invidere
2701 2115 2957 2179 student,
2984 2117 3042 2166 et
3071 2105 3454 2165 maledicendi
3483 2088 3679 2158 libidi'

2023 2227 2156 2268 nem
2182 2214 2364 2265 artem
2389 2205 2819 2279 quodammodo
2841 2217 3005 2258 suam
3030 2198 3231 2260 fecere,
3257 2197 3364 2251 bos
3387 2191 3670 2249 miriﬁcos

2021 2305 2172 2356 certe
2202 2299 2292 2354 sui
2328 2275 2657 2351 laudatores
2687 2293 2938 2346 habeat:
2972 2290 3187 2359 quippe
3217 2286 3312 2358 qui
3349 2286 3487 2339 dum
3522 2275 3672 2336 nihil

2023 2391 2236 2445 habent
2264 2387 2418 2457 quod
2451 2385 2860 2455 obloquantur,
2911 2380 3130 2434 meritis
3162 2378 3346 2446 ipsam
3393 2373 3668 2429 laudibus

2019 2479 2325 2540 honorant,
2359 2478 2522 2528 tanta
2543 2473 2742 2526 eadem
2767 2466 3358 2541 praesantissimorum
3385 2464 3668 2525 virorum,

2022 2566 2256 2637 pietate,
2286 2561 2616 2620 Christiana
2649 2557 3042 2630 philosophia,
3075 2555 3397 2609 litterarum
3431 2551 3667 2614 studiis,

2020 2653 2310 2724 obitisque
2338 2653 2474 2707 item
2509 2667 2610 2722 pro
2643 2648 2878 2704 veritate
2907 2643 3322 2701 certaminibus
3361 2647 3532 2711 atque
3563 2657 3666 2707 ομ-

2021 2745 2175 2800 timis
2207 2744 2560 2814 quibusque,
2594 2756 2722 2811 qua:
2755 2755 2788 2794 a
2809 2736 3082 2808 anpiam
3105 2731 3393 2789 nominari
3419 2735 3661 2802 queunt,

2018 2832 2401 2898 ornamentis,
2451 2829 2702 2886 maxime
2750 2824 3092 2891 illustrium,
3125 2824 3307 2878 ditata
3337 2820 3504 2891 copia
3533 2818 3662 2882 fuit,

2020 2930 2082 2980 ut
2112 2937 2300 2994 neque
2329 2922 2428 2977 illa
2457 2921 2909 2989 aliorum,quam
2941 2915 3216 2971 horumce
3241 2927 3452 2984 parens
3473 2909 3663 2964 altrix-

2017 3029 2128 3085 que
2158 3029 2286 3068 esse
2315 3010 2599 3078 debuerit,
2632 3021 2822 3078 neque
2860 3005 2918 3059 hi
2950 3003 3063 3074 ipsi
3095 3001 3348 3066 aliunde,
3386 3012 3563 3069 quam
3592 3012 3660 3050 ex

2017 3101 2115 3157 illa
2143 3100 2390 3171 prodire,
2423 3104 2596 3170 atque
2636 3095 2901 3165 utrisque
2931 3092 3082 3163 quod
3117 3105 3349 3161 aequum
3380 3090 3501 3142 erat
3529 3101 3661 3141 eve-

2015 3193 2140 3246 nire
2195 3205 2378 3261 eoque
2427 3189 2599 3243 modo
2641 3185 2876 3242 citharae
2925 3183 3100 3252 huius
3148 3181 3516 3243 concentum,
3563 3189 3661 3245 per

247 3267 455 3343 δειγμα
509 3268 752 3343 βλέπων,
785 3268 929 3324 οὕτω
980 3267 1071 3325 διὰ
1113 3269 1324 3324 πάντων
1387 3269 1694 3344 ἒξέλαμψε’
1740 3251 1813 3326 τὸ·
1853 3272 1900 3327 δ’

2020 3297 2236 3347 omnes,
2283 3251 2438 3350 quod
2471 3278 2702 3344 dicitur,
2750 3276 2892 3330 ﬁdes
2936 3251 3100 3343 plene
3131 3268 3373 3328 absolvi.
3407 3265 3661 3330 Quorum

246 3360 332 3414 δτι
395 3361 536 3432 μετά
592 3359 838 3422 πολλούς
890 3381 1039 3423 τινας
1099 3360 1312 3435 ἑτέρους
1360 3360 1565 3426 καλοὺς
1611 3362 1896 3438 κάγαθοὺς,

247 3448 418 3521 μόνος
453 3450 611 3512 οὗτος
642 3450 872 3528 ἀνεφάνη
905 3452 1177 3510 τοιοῦτος.

2012 3369 2266 3424 virorum
2301 3369 2523 3440 primus
2555 3367 2733 3431 idem,
2765 3372 2822 3420 et
2853 3362 3099 3428 medius,
3131 3367 3185 3415 et
3216 3365 3546 3430 postremus
3569 3355 3662 3409 hic

2014 3457 2157 3528 ipse,
2201 3456 2372 3526 cujus
2413 3471 2568 3509 nunc
2616 3453 2818 3509 laudes
2866 3449 3251 3514 celebramus,
3305 3445 3506 3501 merito
3537 3451 3656 3498 est:

245 3541 465 3639 partim
499 3541 652 3639 quod
709 3541 1208 3639 tametsi‘n‘ullum
1259 3540 1358 3639 ille
1406 3541 1520 3639 tale
1559 3545 1907 3639 tantumque
1945 3549 2242 3618 exemplar
2283 3545 2627 3611 intueretur,
2680 3544 2763 3598 ita
2794 3543 2853 3596 in
2884 3540 3160 3597 omnibus
3183 3542 3378 3592 tamen
3402 3533 3661 3590 emicue-

245 3630 360 3687 rit:
401 3628 617 3699 partim
653 3631 804 3700 quod
842 3634 973 3701 post
1001 3634 1090 3685 tot
1121 3629 1396 3702 prmclarts
1431 3631 1664 3686 virtutis
1697 3632 1985 3706 homines,
2017 3638 2181 3694 solus
2216 3637 2311 3692 ille
2341 3637 2476 3694 talis
2505 3640 2823 3706 tantusque
2852 3631 3115 3688 evaserit.

316 3718 416 3791 ς’.
456 3714 633 3771 Ἀλλᾶ
692 3718 784 3788 μὲν
836 3718 925 3772 καὶ
982 3718 1064 3773 ὅτι
1123 3715 1330 3790 μηδένα
1387 3739 1473 3773 πω
1526 3724 1633 3773 τῶν
1693 3719 1906 3776 πάντων

242 3807 500 3860 τοιοῦτον
545 3812 830 3880 γενόμενον
887 3805 1062 3879 ἴσμεν,
1106 3804 1345 3862 δεδόσθω
1396 3805 1451 3862 δὲ
1503 3808 1639 3879 μετά
1687 3807 1902 3882 παρρη-

244 3893 360 3956 σίας
414 3895 609 3961 εἰπεῖν,
645 3893 776 3966 μηδ’
807 3895 884 3959 εἷς
930 3891 1095 3949 ἔπειτ’
1143 3895 1422 3968 ἐσόμενον,
1455 3897 1548 3950 τὸν
1591 3896 1903 3952 τελευταῖον

242 3985 370 4056 ὅρον
418 3990 520 4050 τῆς
567 3983 690 4056 περὶ
735 3989 906 4038 πᾶσαν
964 3985 1158 4058 ἀρετὴν
1207 3983 1506 4058 εὐκληρίας
1555 3983 1805 4058 εἰλήφειο
1840 3988 1904 4054 ἧς

241 4073 303 4128 οὐ
365 4073 567 4146 μικρὸν
636 4074 746 4126 ἐστι
810 4073 972 4146 μέρος
1032 4076 1066 4142 ἡ
1129 4075 1411 4146 θαυμαστή
1471 4079 1578 4128 τῶν
1638 4077 1905 4130 τεκόντων

240 4161 506 4234 ἐπιτυχία
544 4161 632 4215 καὶ
678 4162 741 4216 τὸ
791 4160 1082 4234 λαμπρούς
1129 4183 1278 4223 τινας
1325 4159 1454 4238 ἄγαν
1506 4161 1652 4235 αὒτῷ
1695 4169 1798 4233 τῆς
1847 4162 1900 4226 ἒς

238 4252 328 4304 τὸν
373 4250 495 4324 βίον
546 4248 787 4324 προόδου
834 4250 961 4313 τοὺς
994 4250 1204 4312 αἰτίους
1249 4249 1526 4326 γενέσθαι.⁹
1562 4252 1606 4306 εἰ
1664 4254 1770 4326 γὰρ
1810 4253 1900 4307 καὶ

2089 3730 2180 3784 Vl.
2213 3728 2326 3784 Sed
2351 3733 2410 3783 et
2439 3726 2732 3782 neminem
2766 3722 3102 3779 mortalium
3141 3718 3405 3774 omnium
3437 3719 3535 3770 aut
3559 3715 3660 3769 ad-

2013 3816 2127 3872 huc
2150 3817 2326 3873 talem
2350 3820 2696 3885 tantumque
2721 3813 2917 3876 fuisse,
2942 3815 3061 3876 aut,
3099 3809 3199 3864 sed
3223 3809 3410 3871 detur,
3442 3819 3657 3875 quasso,

2015 3906 2155 3962 mihi
2174 3907 2345 3977 plena
2366 3904 2676 3976 eloquendi
2699 3902 2954 3967 libertas,
2978 3900 3036 3954 in
3062 3903 3353 3969 posterum
3376 3897 3656 3963 futurum,

2012 3995 2250 4066 scimus,
2287 3994 2563 4066 quoniam
2604 3993 2870 4048 ultimam
2900 3992 2959 4045 in
2991 3987 3150 4044 omni
3181 3987 3388 4042 virtute
3423 3983 3664 4039 felicita-

2010 4086 2085 4141 tis
2128 4088 2344 4140 metam
2387 4083 2513 4156 ipse
2562 4081 2772 4152 attigit.
2823 4079 3002 4150 Cujus
3063 4094 3177 4132 non
3228 4075 3473 4130 minima
3519 4089 3658 4128 sane

2013 4191 2144 4244 pars
2186 4173 2432 4228 mirifica
2476 4170 2635 4227 illius
2672 4170 2824 4227 circa
2859 4171 3121 4238 parentes
3169 4163 3516 4236 prosperitas
3545 4167 3655 4228 est,

2011 4268 2067 4317 et
2096 4262 2248 4333 quod
2282 4265 2400 4317 tam
2447 4259 2708 4316 illustres
2758 4259 2848 4314 sui
2881 4258 2939 4312 in
2984 4256 3162 4312 vitam
3191 4256 3491 4326 ingresus
3522 4269 3651 4306 auc-

243 4342 446 4413 μείζων
484 4341 658 4395 αὐτῶν
714 4341 946 4418 ἀνεφάνη
987 4347 1107 4404 τοῖς
1137 4340 1313 4406 ὅλοις,
1349 4341 1475 4397 ἀλλ’
1506 4345 1593 4404 οἷς
1638 4345 1705 4396 τὰ
1736 4342 1900 4418 σπέρ-

2020 4358 2164 4408 ‘Lores
2192 4351 2414 4407 habuit.
2447 4351 2675 4414 Quibus
2707 4361 3048 4420 quanquam
3081 4361 3181 4417 per
3225 4342 3424 4398 omnia
3467 4343 3654 4412 major

244 4451 392 4502 ματα
446 4432 678 4501 ταυτησί
727 4437 824 4501 τῆς
889 4429 1202 4501 πλεονεξίας
1272 4431 1475 4486 ἐκεῖθεν
1555 4428 1761 4504 λαϐὼν,
1821 4433 1897 4496 εἰς

242 4522 430 4576 ἑκατὸν
494 4521 628 4576 κατά
683 4522 775 4576 τὸν
833 4521 1191 4597 εὖαγγελικὸν
1220 4521 1472 4596 ἐξήνεγκε
1521 4523 1746 4596 σπόρον,
1778 4545 1900 4578 κοι-

241 4612 450 4673 νωνοὺς
489 4609 644 4685 ’ίσχει
693 4610 975 4672 κάκείνους
1023 4617 1124 4681 τῆς
1178 4611 1353 4680 νίκης,
1385 4611 1474 4665 καὶ
1509 4611 1898 4687 ξυναγωνιστάς

241 4703 334 4753 τοῦ
365 4706 606 4772 κρατεῖν.
639 4701 708 4754 Τό
766 4720 824 4753 τε
873 4699 977 4775 γὰρ
1030 4702 1147 4754 κατ’
1177 4698 1336 4754 αὐτὸν
1382 4704 1575 4754 τοῦτον
1609 4725 1634 4750 (ι
1667 4701 1733 4753 τὰ
1788 4705 1897 4756 τῶν

241 4787 456 4843 παίδων
508 4793 588 4860 τῷ
632 4789 798 4862 πατρί
846 4787 1182 4862 λογίζεσθαι,
1225 4793 1334 4844 τῶν
1392 4790 1787 4862 ἐννομωτάτων
1840 4811 1900 4846 τε

241 4877 330 4932 καὶ
364 4875 754 4948 δικαιοτάτων,
778 4901 805 4929 ››
831 4880 1007 4953 χωρίς
1039 4899 1097 4933 τε
1127 4879 1324 4934 τούτου
1361 4902 1388 4932 ι(
1417 4877 1590 4934 α’ίτιον
1623 4880 1762 4935 εἶναι
1789 4885 1895 4935 τῶν

244 4969 481 5038 φύντων,
510 4969 602 5024 τὸν
635 4969 697 5024 τὸ
727 4971 945 5042 σπέρμα
974 4970 1328 5049 παρασχόντα
1356 4994 1384 5025 ››
1419 4973 1578 5049 φασὶν
1611 4973 1662 5026 οἱ
1694 4971 1855 5044 σοφοί
1878 4989 1894 5004 ⁸

247 5060 382 5115 ὥστε
431 5061 630 5116 τούτου
677 5066 1024 5136 κρατοῦντος,
1067 5062 1346 5123 κάκείνους
1393 5061 1445 5134 ἐξ
1494 5064 1731 5139 ἀνάγκης
1766 5085 1896 5137 κρα-

244 5155 392 5202 τεῖν·
430 5148 523 5202 καὶ
565 5149 628 5203 τὸ
676 5150 954 5223 μέγιστον,
988 5150 1095 5225 οὐχ
1143 5151 1273 5205 ὅσον
1328 5155 1437 5204 τῶν
1496 5149 1683 5206 ἄλλων
1733 5150 1895 5207 πατέ-

250 5257 376 5311 ρων,
409 5236 558 5292 ἀλλὰ
587 5238 678 5293 καὶ
711 5243 858 5316 σφῶν
889 5239 1068 5295 αὐτῶν
1104 5239 1158 5295 ἐν
1186 5239 1366 5314 τούτῳ
1396 5245 1475 5312 τῷ
1509 5239 1679 5313 μέρει.

316 5551 336 5585 ¹
381 5551 590 5608 Matth.
624 5571 752 5622 xui,
783 5555 855 5621 8;
890 5555 1066 5612 Marc.
1099 5573 1177 5624 ιν,
1209 5558 1279 5625 8;
1318 5557 1453 5613 Luc.
1484 5573 1607 5626 vm,
1637 5556 1698 5618 8;

322 5695 403 5764 (1)
432 5696 504 5752 De
532 5695 858 5766 Machabeis,
891 5700 933 5768 Ι,
966 5698 1088 5754 399.

2010 4439 2132 4510 ipse
2158 4444 2300 4506 erat,
2335 4439 2614 4510 quoniam
2647 4442 2841 4491 tamen
2875 4433 3182 4505 praetentis:
3214 4432 3388 4501 hujus
3419 4433 3654 4501 accepta

2007 4547 2040 4584 a
2070 4529 2404 4600 parentibus
2437 4528 2680 4588 semina.
2713 4527 2785 4582 ad
2818 4524 3095 4580 sementis
3141 4520 3488 4593 evangelica;
3520 4535 3653 4575 mo-

2011 4621 2174 4688 dum,
2206 4636 2330 4674 cum
2357 4619 2652 4674 centesimo
2689 4617 2902 4684 fumare
2932 4618 2948 4650 ί
2982 4611 3252 4678 reddidit,
3305 4617 3478 4681 partes
3520 4609 3653 4665 illos

2009 4707 2262 4765 victoriae
2309 4706 2496 4764 socios
2546 4707 2735 4774 habet,
2788 4709 2852 4760 ut
2883 4702 3170 4776 parienda:
3202 4701 3498 4771 adjutores
3551 4700 3650 4754 ba-

2010 4799 2155 4856 buit.
2190 4799 2332 4853 Nam
2355 4802 2413 4854 et
2442 4814 2510 4852 sx
2538 4797 2724 4867 ipsius
2754 4793 3043 4852 sententia
3061 4793 3162 4864 (1),
3197 4811 3225 4844 ι
3253 4789 3649 4861 aequissimum

2001 4888 2520 4959 justissimumque
2548 4893 2631 4943 est
2661 4885 2809 4956 parti
2841 4884 3154 4940 liberorum
3187 4880 3504 4937 attribuere
3530 4878 3655 4934 vir—

2009 4983 2184 5047 tutes,
2215 5000 2242 5027 »
2273 4983 2331 5034 et
2359 4979 2561 5047 praeter
2591 4976 2808 5047 ipsum,
2841 4996 2870 5025 «
2899 4977 3078 5028 enata
3108 4971 3322 5043 segetis
3354 4973 3651 5024 auctorem

2008 5083 2156 5135 esse,
2189 5066 2286 5137 qui
2318 5082 2514 5123 semen
2551 5064 2816 5136 praebuit,
2853 5086 2878 5112 υ
2899 5063 3210 5118 adﬁrmant
3229 5057 3524 5129 sapientes
3546 5058 3646 5126 (2).

2008 5159 2086 5214 Eo
2117 5158 2312 5228 itaque
2358 5156 2645 5219 vincente,
2680 5152 2857 5210 simul
2889 5156 2948 5206 et
2979 5155 3244 5221 parentes
3273 5148 3498 5202 vincere
3547 5161 3647 5200 ne-

2007 5263 2164 5304 cesse
2207 5249 2313 5302 est.
2365 5245 2435 5300 Et
2482 5243 2638 5315 quod
2679 5246 2856 5314 caput
2890 5244 2998 5308 est,
3032 5255 3145 5294 non
3196 5237 3339 5293 alios
3374 5237 3650 5290 duntaxat

2005 5337 2234 5394 vincere
2280 5339 2570 5409 parentes,
2618 5332 2719 5389 sed
2764 5331 2873 5388 hac
2915 5330 2975 5386 in
3024 5334 3185 5402 parte
3234 5326 3406 5383 etiam
3438 5328 3648 5381 semet-

2004 5443 2186 5499 ipsos.

2095 5702 2167 5770 (2)
2197 5697 2492 5755 Demosth.
2528 5699 2721 5753 Coron.
2757 5713 2850 5751 ιιι.
