3986 6228
341 372 456 436 223

345 599 487 656 adeo
545 616 611 656 ac
661 599 907 656 illustris
953 601 1082 670 fuit,
1130 607 1194 658 ut
1224 603 1766 676 splendidissimum
1798 623 1829 661 a
1869 605 1987 662 {ilio

343 689 594 763 elogium
642 689 878 758 tulerit;
927 707 1032 747 nec
1070 693 1223 749 enim
1269 702 1426 766 parte
1474 695 1726 766 quadam
1761 711 1990 754 morum

345 781 699 851 optimorum
749 781 1021 838 instructi
1072 789 1258 853 erant,
1310 793 1470 858 parte
1513 787 1626 843 alia
1665 803 1779 843 non
1813 787 1990 856 item;

340 885 448 924 nec
481 868 584 924 hac
619 875 778 940 parte
810 870 960 942 plus,
995 871 1094 928 illa
1125 875 1348 943 minus,
1380 876 1479 931 sed
1511 875 1707 932 omnia
1735 876 1912 933 simul
1933 882 1992 934 et

339 957 547 1014 eximie
575 959 882 1030 complexi,
932 956 1166 1018 summo
1215 963 1629 1020 adnitebantur
1675 982 1868 1038 opere,
1920 982 1992 1022 ne

340 1063 457 1118 qua
485 1048 768 1104 virtutum
813 1051 1088 1120 particula
1129 1051 1540 1110 deﬁcerentur:
1592 1059 1649 1110 et
1697 1055 1795 1126 qui
1847 1054 1991 1110 tales

338 1138 458 1205 jam
493 1152 596 1207 per
624 1153 681 1192 se
711 1143 894 1206 erant,
929 1139 1000 1194 iis
1033 1137 1186 1196 haud
1223 1143 1394 1212 paulo
1413 1141 1721 1214 gloriosius
1743 1143 1870 1206 fuit,
1894 1143 1992 1215 qui

347 1225 526 1296 hujus
549 1227 693 1282 tanti
729 1226 830 1282 filii
856 1235 1122 1300 parentes
1155 1231 1357 1286 fierent
1405 1231 1613 1304 dignos
1663 1232 1775 1288 Deo
1817 1233 1991 1288 visos.

347 1316 730 1381 Quamobrem
764 1317 965 1374 istuc?
993 1318 1275 1383 Quoniam
1306 1319 1408 1376 illa
1437 1322 1667 1392 quidem
1715 1328 1867 1379 certe
1908 1339 1996 1378 ra-

346 1404 505 1460 tione
537 1421 703 1475 pares
735 1405 844 1460 sibi
893 1407 1226 1477 nonnullos,
1270 1410 1620 1483 virtutisque
1669 1410 1994 1484 mqualitate

347 1493 501 1548 haud
548 1493 712 1550 facile
758 1510 1048 1567 cessuros,
1100 1514 1204 1554 nec
1246 1498 1376 1554 illos
1423 1503 1615 1556 tamen
1678 1501 1993 1556 admodum

347 1583 582 1649 multos,
618 1583 909 1654 habituri;
960 1587 1031 1642 de
1079 1586 1186 1643 hac
1233 1587 1360 1659 ipsa
1391 1587 1654 1644 omnium
1689 1589 1992 1646 hominum

350 1671 643 1728 neminem
699 1673 757 1728 in
807 1680 1102 1732 certamen
1133 1678 1472 1733 admittunt.
1497 1677 1680 1749 Unde,
1713 1679 1762 1736 si
1795 1679 1880 1735 fas
1908 1685 1997 1737 est

351 1763 562 1830 dicere,
593 1765 900 1836 Gregorius
931 1770 987 1822 et
1009 1767 1238 1836 Nonne,
1269 1785 1373 1840 par
1393 1769 1704 1840 conjugum
1727 1769 1996 1826 beatissi-

356 1868 539 1920 mum,
585 1857 643 1908 et
690 1871 804 1910 una
851 1871 980 1910 cum
1025 1857 1142 1912 tilio
1183 1858 1615 1913 sanctissimam
1653 1857 1990 1914 Trinitatem

355 1941 558 1996 ordine
606 1945 663 1998 et
711 1943 893 1999 forma
922 1945 1350 2016 quodammodo
1382 1947 1653 2016 referens,
1689 1947 1992 2019 probitatis

351 2045 424 2085 ne
443 2047 562 2086 suae
594 2032 841 2104 pretium
875 2033 1063 2090 dicam
1103 2035 1318 2103 nescio,
1353 2053 1426 2092 an
1461 2041 1683 2093 certum
1717 2039 1992 2108 exceptu-

341 2121 428 2176 ἶιω
455 2119 614 2192 ipsos
645 2121 782 2178 olim
816 2123 1188 2180 beatitudinis
1211 2125 1526 2196 pignos,an
1551 2131 1860 2197 utrumque
1890 2143 1994 2197 po-

1611 382 2006 446 THEODULI
2056 382 2408 448 MONACHI

412 510 532 567 VII.
567 511 785 582 Quippe
817 515 875 566 et
945 512 1174 584 propria
1241 513 1502 586 ipsorum
1569 517 1754 572 virtus
1829 519 2064 588 claraA

2167 519 2236 573 Z'.
2290 524 2397 586 Τῆς
2465 514 2565 593 γὰρ
2639 513 2950 591 προσοῦσης
3023 515 3222 588 ἀρετῆς
3281 511 3422 569 οὕτω
3483 511 3743 586 λαμπρᾶς

2093 627 2237 669 τινος
2280 605 2369 662 καὶ
2427 609 2756 682 περιφανοῦς
2803 605 3112 680 γεγονυίας,
3168 603 3244 667 ὡς
3288 603 3380 658 καὶ
3446 601 3592 674 παρὰ
3644 606 3743 657 τοῦ

2097 693 2288 758 παιδὸς
2347 693 2596 758 ἐπιεικῶς
2655 695 3042 768 προσειρῆσθαι
3101 693 3166 748 οὐ
3223 691 3326 767 γάρ
3369 692 3430 746 τὸ
3483 693 3618 764 μὲν·
3653 689 3746 746 αὖ-

2094 791 2213 842 τοῖς
2239 791 2448 860 προσῆν
2479 789 2586 839 τῶν
2614 781 2826 852 καλῶν,
2863 781 2926 838 τὰ
2957 779 3006 836 δ’
3035 778 3100 837 οῦ
3120 800 3132 814 '
3169 779 3295 838 οὐδὲ
3341 782 3403 836 τὸ
3457 781 3550 852 μὲν
3601 779 3744 852 μᾶλ-

2097 873 2217 946 λον,
2246 872 2361 930 τὸδ’
2387 877 2549 943 ἧττον
2578 892 2590 904 ·
2645 871 2789 928 ἀλλὰ
2829 871 2985 927 πάνθ’
3013 873 3155 944 ὁμοῦ
3201 871 3290 926 καὶ
3351 871 3467 944 μεθ’
3510 865 3749 942 ὑπερϐο-

2099 961 2204 1032 λῆς
2263 961 2668 1040 συνειλήφεσαν,
2729 958 2910 1032 ὥσπερ
2985 957 3428 1037 φιλονεικοῦντες
3507 954 3746 1031 μηδενὸς

2097 1053 2204 1104 τῶν
2264 1050 2478 1123 ἀγαθῶν
2537 1046 2925 1122 ἐλλελεῖφθαι·
2985 1045 3258 1105 τοιούτοις
3322 1045 3500 1100 τοίνυν
3563 1042 3748 1102 αὐτοῖς

2099 1136 2238 1206 οῦσι,
2277 1143 2460 1209 μεῖζον
2515 1137 2590 1198 εἰς
2650 1135 2805 1207 δόξαν
2853 1136 2916 1190 τὸ
2971 1133 3168 1191 τούτου
3205 1133 3436 1207 πατέρας
3483 1133 3750 1205 ἠξιῶσθαι

2100 1228 2340 1302 γενέσθαι
2365 1244 2379 1256 ·
2416 1225 2556 1280 διατί
2579 1246 2594 1294 ;
2621 1229 2741 1280 Ὅτι
2774 1223 2992 1286 ἐκείνως
3029 1225 3124 1296 μὲν
3157 1224 3243 1295 ἂν,
3275 1223 3321 1278 εἰ
3352 1223 3436 1277 καὶ
3485 1223 3561 1294 μὴ
3615 1219 3755 1274 πολ-

2103 1313 2256 1385 λοὺς,
2299 1315 2426 1370 ἀλλ’
2465 1314 2556 1370 οὖν
2615 1315 3032 1388 παραπλησίους
3091 1310 3158 1384 δή
3208 1333 3356 1376 νινας
3413 1316 3604 1390 σχοῖεν
3658 1310 3750 1364 καὶ

2099 1409 2208 1462 τῶν
2263 1403 2404 1459 ’ἰσων
2455 1399 2970 1480 ἀμφισϐητοῦντας
3024 1401 3167 1457 οὕτω
3227 1399 3284 1457 δὲ
3343 1397 3454 1455 οὐδ’
3505 1401 3750 1454 ὁντινοῦν

2101 1498 2208 1552 τῶν
2262 1494 2535 1549 ἁπάντων.
2567 1495 2718 1548 ’Ὡστ’
2748 1492 2795 1547 εί
2841 1492 2930 1547 καὶ
2984 1493 3131 1547 τοῦτ’
3163 1491 3328 1546 εἰπεῖν
3391 1487 3492 1556 δεῖ,
3525 1487 3748 1543 δοκοῦσί

2106 1606 2202 1658 μοι
2259 1580 2563 1659 Γρηγόριός
2621 1601 2678 1636 τε
2733 1582 2822 1636 καὶ
2879 1579 3079 1648 Νόννα,
3113 1581 3146 1648 ἡ
3183 1578 3419 1655 μακαρία
3476 1575 3754 1650 δυὰς,καὶ

2102 1677 2170 1747 τῇ
2196 1669 2380 1748 Τριάδι
2416 1670 2550 1743 μετά
2607 1675 2704 1724 τοῦ
2749 1666 2940 1732 παιδὸς
2973 1668 3237 1744 σύσσιχός
3266 1689 3324 1722 τε
3355 1668 3445 1722 καὶ
3499 1666 3754 1740 σύμμορ-

2102 1783 2224 1841 φος,
2257 1759 2358 1816 οῦκ
2404 1757 2508 1815 οἶδ’
2546 1757 2656 1814 ε’ίτε
2701 1759 2860 1834 γέρας
2907 1755 3332 1832 καλοκάγαθίας,
3378 1753 3483 1810 ε’ίτε
3531 1749 3748 1828 σύμϐο-

2103 1850 2198 1907 λον
2239 1848 2476 1926 ἐναργὲς,
2515 1855 2614 1918 τῆς
2686 1848 2936 1903 εἰσέπειτ’
2979 1846 3174 1908 αὐτοὺς
3237 1842 3592 1918 ἑκδεξομένης
3646 1865 3754 1916 μα-

2101 1939 2449 2014 καριότητος,
2511 1937 2617 1994 ε’ίτε
2669 1939 2760 1992 καί
2818 1937 2984 2016 ἄμφω
3039 1938 3194 1992 ταυτὶ
3266 1938 3356 1992 τὸν
3441 1935 3756 2009 θαυμαστὸν

2103 2033 2315 2088 τουτονί
2348 2031 2666 2104 κεκομίσθαι
2718 2029 2918 2098 θεόθεν,
2945 2027 3073 2084 ὅσου
3120 2028 3270 2090 τινὸς
3318 2026 3514 2088 αὐτούς
3561 2047 3620 2080 τε
3661 2024 3757 2079 καὶ

2103 2125 2300 2178 τοῦτον
2339 2118 2458 2197 ἄγει
2493 2117 2816 2181 δεικνύντος.

345 2220 490 2286 tius,
525 2219 787 2278 divinum
821 2223 977 2279 hunc
1026 2223 1236 2292 tilium,
1269 2242 1302 2281 a
1345 2225 1483 2293 Deo,
1539 2226 1638 2298 qui
1687 2227 1892 2296 quanti
1940 2229 1998 2280 et
2046 2225 2204 2296 ipsos
2250 2229 2308 2278 et
2355 2222 2520 2278 illum
2577 2223 2788 2278 faceret
2818 2224 2928 2278 hoc
2967 2220 3134 2277 modo
3169 2218 3554 2284 monstrabat,
3588 2233 3761 2272 acce-

349 2309 506 2382 pisse
537 2309 680 2365 mihi
710 2311 1004 2367 videntur.

423 2399 569 2456 VIII.
593 2401 834 2464 Quando
856 2403 1009 2457 enim
1035 2406 1093 2458 et
1111 2402 1483 2477 filiumlonge
1503 2405 1853 2476 etoptimum
1870 2403 2006 2460 emi-

353 2489 882 2560 nentissimumque
896 2490 1258 2562 futurum,ne
1271 2494 1411 2565 quid
1436 2494 1518 2549 illi
1539 2493 1610 2550 ad
1633 2495 2000 2564 amnigenam

351 2577 682 2634 felicitatem
723 2579 970 2650 deesset,
1009 2580 1228 2638 similes
1267 2582 1405 2638 item
1449 2583 1703 2640 nancisci
1747 2585 2006 2653 oportuit

351 2675 640 2740 parentes,
673 2671 730 2724 et
769 2671 894 2741 pari
931 2671 1154 2726 ratione
1196 2676 1458 2743 parentes
1497 2672 1678 2744 ipsos,
1725 2673 1797 2728 ob
1833 2690 2004 2730 sum-

350 2772 508 2812 mam
530 2756 658 2812 vitte
691 2757 1157 2828 sanctimoniam,
1187 2765 1626 2834 spectatamque
1647 2762 1707 2817 in
1731 2762 2002 2818 omnibus

350 2845 722 2916 probitatem,
751 2845 932 2902 claros
961 2847 1020 2904 in
1053 2848 1255 2920 primis
1279 2867 1344 2906 ac
1375 2851 1598 2918 beatos,
1619 2850 2002 2924 omniumque

353 2933 470 2990 Deo
501 2933 896 3004 charissimos,
945 2937 1274 2994 admirabili
1326 2940 1578 3011 quadam
1627 2940 1884 3012 ipsisque
1915 2940 2000 2996 si-

360 3023 606 3079 millima
663 3023 890 3097 dignari
943 3027 1120 3098 prole,
1179 3026 1256 3083 ita
1316 3029 1724 3085 convenienter
1765 3045 2002 3100 prorsus

2185 2402 2263 2456 H'.
2299 2396 2513 2469 Ἐπειδὴ
2562 2400 2664 2473 γάρ
2716 2394 2824 2453 ἔδει
2871 2399 2962 2452 τὸν
3019 2396 3134 2470 μὲν,
3170 2399 3254 2458 οἷς
3305 2395 3522 2469 ἄριστος
3586 2391 3764 2468 ἔμελ-

2112 2488 2204 2545 λεν
2232 2489 2439 2545 ἔσεσθαι
2471 2488 2558 2544 καὶ
2591 2490 2727 2544 πάνυ
2774 2509 2858 2544 τοι
2908 2485 3173 2565 προῦχων
3223 2486 3628 2560 παραπλησίων
3669 2506 3765 2540 τυ-

2111 2585 2231 2654 χεῖν
2285 2579 2372 2633 καὶ
2415 2579 2678 2652 πατέρων,
2729 2579 2803 2640 ὡς
2852 2574 2912 2632 ἃν
2962 2579 3110 2649 αὐτῷ
3176 2575 3512 2650 πανταχόθεν
3547 2572 3634 2644 ε’ίη
3695 2576 3762 2628 τὸ

2112 2667 2392 2740 εὔδαιμον,
2425 2665 2532 2723 ἔδει
2564 2665 2622 2723 δὶ
2652 2667 2788 2723 κατὰ
2819 2669 2912 2724 τὸν
2943 2667 3106 2722 αὐτὸν
3139 2665 3306 2742 λόγον
3337 2666 3424 2721 καὶ
3480 2671 3615 2742 σφᾶς
3669 2662 3766 2718 Bai

2109 2761 2208 2828 τήν
2253 2759 2349 2814 τοῦ
2411 2759 2535 2834 βίου
2591 2757 2918 2836 φιλοσοφίαν
2965 2756 3057 2812 καὶ
3085 2758 3184 2826 τήν
3218 2757 3269 2818 ἐς
3301 2753 3469 2810 πάντα
3499 2755 3765 2830 χρηστό-

2108 2869 2266 2920 τητα,
2321 2847 2610 2921 λαμπρούς
2652 2867 2804 2910 τινας
2852 2845 2986 2922 ἄγαν
3036 2845 3126 2901 καὶ
3178 2843 3464 2916 ζηλωτοὺς
3519 2845 3768 2919 γεγονό-

2108 2959 2227 3009 τας,
2255 2939 2346 2993 καὶ
2409 2936 2648 3011 μάλιστα
2707 2937 2914 2991 πάντων
2975 2934 3272 3010 θεοφιλεῖς,
3304 2935 3622 3005 θαυμαστῆς
3672 2953 3767 2986 τι-

2107 3049 2203 3090 νος
2260 3028 2524 3100 ἠξιῶσθαι
2585 3024 2675 3082 καὶ
2732 3031 2831 3094 τῆς
2885 3030 3078 3098 γονῆς,
3107 3023 3198 3078 καὶ
3263 3020 3394 3095 μάλ’
3425 3021 3612 3082 αὐτοῖς
3647 3019 3769 3074 ἐοι-

357 3113 634 3214 utrinque
665 3113 896 3182 accidit,
927 3116 1204 3187 alterique
1243 3117 1316 3172 ab
1363 3117 1560 3174 alteris
1591 3119 1744 3190 quod
1779 3135 1883 3191 par
1911 3123 2001 3176 est

2113 3115 2265 3177 κυίας
2291 3135 2304 3148 ⁵
2335 3115 2503 3192 ἄμφω
2559 3114 2766 3188 γίνεται
2821 3109 3194 3183 καταλλήλως
3217 3127 3232 3144 ⁰
3259 3111 3349 3166 καί
3393 3115 3517 3184 παρ’
3575 3109 3771 3164 ἕκατὲ-

359 3201 674 3272 aceipiunt,
708 3203 1080 3276 debitumque
1109 3207 1371 3262 ordinem
1404 3207 1658 3279 capiunt.
1691 3212 1838 3263 Nam
1871 3224 2003 3280 pro-

359 3292 484 3364 pria
515 3292 767 3364 quisque
797 3310 904 3349 sua
938 3299 1141 3350 mutuo
1171 3297 1486 3364 tradentes,
1526 3297 1887 3369 invicemque
1919 3315 2003 3355 re-

355 3381 751 3454 cipientes,sio
778 3383 1129 3440 conveniunt
1159 3385 1764 3457 penitus,utjunctim
1794 3385 2010 3458 ubique

362 3475 894 3528 commemorentur
923 3472 1376 3548 audianturque,
1417 3481 1476 3531 et
1504 3477 1645 3543 sint,
1686 3475 1836 3547 quod
1869 3474 2011 3530 dici-

364 3564 483 3628 tur,
508 3581 536 3612 «
588 3565 790 3631 terque
836 3569 1155 3635 quaterque
1203 3565 1377 3620 beati.
1411 3586 1440 3615 »
1491 3567 1850 3637 Quapropter
1877 3581 2010 3622 cum

372 3650 600 3722 publice
632 3669 696 3707 ac
727 3653 990 3724 privatim
1033 3658 1156 3710 tum
1203 3656 1514 3726 separatim
1564 3654 1802 3727 singuli,
1846 3655 2016 3711 item-

373 3755 487 3810 que
517 3740 665 3796 inter
694 3757 756 3797 se
793 3742 1134 3814 comparati,
1167 3737 1538 3798 adinirabiles
1570 3743 1822 3815 profecto
1853 3747 2010 3810 sunt,

375 3829 767 3902 maximisque
811 3831 1143 3904 dignissimi
1173 3831 1484 3888 laudibus:
1536 3832 1634 3903 qui
1677 3848 1790 3887 non
1821 3839 2015 3888 essent

375 3933 514 3974 sane
547 3919 710 3987 tales,
748 3921 856 3976 nisi
887 3921 1027 3978 tales
1043 3927 1271 3990 essent;
1298 3925 1435 3977 sunt
1459 3924 1652 3977 autem
1676 3919 1843 3982 tales,
1869 3937 2011 3994 quo-

369 4006 525 4063 niam
553 4009 699 4064 tales
730 4013 888 4066 sunt.

445 4098 542 4154 IX.
577 4099 698 4156 Huc
730 4106 787 4156 et
815 4099 983 4155 illiud
1013 4100 1452 4172 adjungendum
1481 4117 1493 4153 :
1521 4098 1759 4156 minime
1775 4099 2012 4171 quidem

365 4193 436 4250 ad
469 4191 744 4262 injuriam
798 4189 1056 4262 parentis
1087 4189 1279 4260 magni
1311 4189 1597 4259 Gregorii,
1631 4195 1694 4244 ut
1724 4187 2012 4260 suspicari

367 4283 674 4354 quisquam
707 4281 947 4336 fortasse
980 4280 1182 4350 possit,
1217 4279 1552 4350 pertinens;
1604 4294 1801 4332 verum
1837 4283 2012 4349 parta;

367 4369 829 4440 hominisgloriae
845 4368 1161 4424 maximum
1178 4368 1370 4439 potius
1385 4367 1686 4424 cumulum
1707 4365 2010 4437 adjiciens,

365 4475 708 4534 magnaeque
755 4458 1063 4528 cujusdam
1115 4457 1340 4512 virtutis
1381 4456 1783 4512 testimonium
1817 4453 2012 4526 perbi-

2119 3228 2226 3284 ρων
2282 3206 2524 3278 ἑκάτεροι
2584 3201 2836 3279 δέχονται
2874 3203 2937 3257 τὸ
2993 3201 3156 3264 εἰκός.
3201 3201 3298 3256 Καὶ
3356 3201 3456 3268 τήν
3503 3197 3774 3276 γιγνομὲ-

2115 3319 2210 3364 νην
2275 3291 2612 3369 λαμϐάνουσι
2668 3293 2851 3364 τάξινο
2909 3293 2978 3347 τά
3020 3293 3120 3366 γάρ
3179 3289 3248 3359 δὴ
3319 3289 3528 3368 σφέτερ’
3578 3287 3769 3342 αὐτῶν

2119 3382 2393 3455 ἀλλήλοις
2441 3379 2824 3454 ἀντιδιδόντες,
2868 3379 2958 3437 καὶ
3004 3385 3134 3455 παρ’
3169 3377 3438 3450 ἀλλήλων
3493 3376 3774 3448 ἀντιλαμ-

2122 3469 2394 3543 ϐάνοντες,
2451 3471 2593 3527 οὕτω
2645 3471 2889 3541 καθάπαξ
2965 3464 3375 3542 συμϐαίνουσιν,
3435 3468 3508 3530 ὡς
3563 3466 3782 3522 συλλα-

2121 3562 2333 3618 λεῖσθαι
2379 3561 2466 3616 καὶ
2511 3563 2917 3630 συνακούεσθαι,
2968 3585 2995 3612 ‹‹
3047 3559 3410 3633 τρισμάκαρες
3451 3552 3600 3620 ὅντες
3635 3581 3662 3605 ι»
3693 3556 3780 3617 ὡς

2121 3649 2288 3706 εἷπεῖν
2346 3649 2435 3706 καὶ
2491 3649 2776 3723 τετράκις·
2837 3645 2948 3702 ἄνθ’
3001 3647 3074 3702 ὢν
3132 3647 3223 3702 καὶ
3291 3648 3446 3718 κοινῇ
3507 3643 3596 3698 καὶ
3657 3641 3782 3714 ἰδίᾳ

2121 3739 2210 3795 καὶ
2267 3740 2384 3794 καθ’
2415 3739 2608 3800 αὐτοὺς
2665 3736 2860 3811 άμέλει
2916 3735 3004 3791 καὶ
3045 3736 3180 3811 πρὸς
3213 3733 3526 3805 ἀλλήλους,
3554 3734 3776 3806 θαυμα-

2122 3832 2264 3891 στῶς
2322 3828 2452 3884 εἰσιν
2533 3825 2770 3903 ἔχοντες,
2825 3825 2916 3882 καὶ
2993 3823 3260 3902 μεγίστων
3337 3819 3609 3898 ἀξιόχρεῳ
3658 3827 3781 3877 τῶν

2123 3918 2380 3989 ἐπαίνων,
2412 3916 2511 3972 οὐκ
2564 3915 2645 3985 ἂν,
2679 3916 2824 3979 ὄντες
2872 3919 3109 3971 τοιοῦτοι
3174 3915 3252 3987 μή
3305 3917 3547 3968 τοιοῦτοι
3585 3931 3648 3985 γε
3679 3906 3780 3966 ὅν-

2119 4029 2206 4070 τες
2234 4027 2246 4039 '
2277 4012 2495 4063 τοιοῦτο
2527 4003 2585 4062 δὲ
2615 4005 2785 4074 ὄντες,
2817 4004 2898 4060 ἅτ’
2937 4001 3083 4066 ὄντες
3107 4007 3372 4060 τοιοῦτοι.

2194 4104 2266 4152 Θ’.
2291 4097 2364 4151 Οὐ
2422 4097 2530 4168 μὴν
2582 4093 2728 4150 ἀλλᾶ
2781 4093 3000 4150 κάκεῖνο
3058 4093 3372 4170 προσθεῖναι
3404 4087 3524 4146 δεῖ·
3557 4090 3664 4146 οὐκ
3697 4091 3784 4152 εἰς

2123 4182 2353 4248 ὄνειδος,
2386 4185 2460 4246 ὡς
2519 4183 2579 4239 ἅν
2637 4204 2718 4244 τις
2777 4180 3005 4251 εῗκάσαι,
3040 4181 3200 4258 φέρον
3261 4184 3340 4252 τῷ
3386 4183 3482 4233 τοῦ
3519 4177 3779 4254 μεγάλου

2123 4275 2310 4350 πατρὶ,
2341 4271 2488 4329 ἀλλὰ
2535 4275 2622 4328 καὶ
2679 4269 2888 4349 σφόδρα
2945 4269 3322 4343 ξυναιρόμενον
3379 4267 3516 4330 παὸς
3562 4269 3628 4336 ἦν
3674 4270 3786 4324 κε-

2121 4383 2316 4433 κτηται
2373 4359 2550 4433 δόξαν,
2582 4361 2670 4416 καὶ
2729 4361 2796 4414 τά
2855 4357 3045 4435 μεγάλ’
3101 4358 3249 4430 αὖτῷ
3307 4359 3648 4431 μαρτοροῦν’
3719 4359 3788 4423 ὃς

2123 4452 2169 4508 εί
2227 4453 2314 4507 καὶ
2373 4449 2442 4506 δι’
2475 4452 2546 4504 ὧν
2607 4451 2836 4524 πρόσθεν
2885 4448 3130 4522 ἐνόμιζεν
3187 4445 3560 4522 ἀντιπράττειν
3591 4443 3787 4502 ἐδόκει

363 4525 526 4606 beas.
567 4525 908 4621 Quanquam
957 4545 1112 4602 enim
1165 4547 1428 4618 pristinis
1478 4545 1603 4600 suis
1653 4525 2004 4602 circaisacra

2117 4546 2252 4614 Θεῷ,
2287 4538 2434 4595 ἄλλα
2490 4537 2664 4593 δι’ὦν
2727 4534 3004 4594 ἐπεδείκνυ
3061 4541 3180 4596 τοῖς
3239 4531 3420 4612 ἔργοις
3481 4537 3786 4608 συμπράτ-

365 4638 740 4713 opinionibus
771 4637 886 4694 Deo
910 4637 1200 4692 adversari
1229 4635 1391 4691 visus
1422 4638 1566 4704 erat,
1601 4651 1694 4707 per
1715 4651 1780 4690 ea
1809 4637 2005 4690 tamen

369 4747 495 4804 qua:
545 4727 816 4801 operibus
861 4726 1004 4800 ipsis
1045 4725 1357 4798 spectanda
1395 4723 1680 4794 exhibuit,
1730 4724 2010 4795 quodam-

370 4819 541 4876 modo
598 4833 734 4875 cum
783 4815 882 4874 illo
931 4816 1116 4872 facere
1163 4814 1560 4872 sentiebatur:
1613 4822 1669 4870 et
1711 4829 1846 4870 cum
1897 4813 2014 4870 alia

365 4908 564 4966 omnia
595 4907 790 4963 animo
823 4906 1084 4972 sentiret,
1119 4904 1291 4961 rebus
1323 4903 1463 4974 ipsis
1499 4919 1767 4960 arcanam
1802 4904 2010 4958 nostra

371 4997 670 5070 religionis
721 4993 1200 5068 significationem
1238 4993 1388 5066 {dare
1435 4992 1758 5059 videbatur,
1813 4992 1895 5047 ita
1953 4995 2017 5046 ut

370 5087 553 5145 nihilo
602 5085 792 5143 secius
849 5085 1143 5141 actionum
1185 5099 1428 5138 suarum
1477 5082 1776 5138 affectione
1821 5081 2016 5136 noster

370 5182 542 5245 esset,
576 5192 752 5249 quam
783 5173 940 5230 cultu
973 5189 1264 5228 sacrorum
1289 5169 1534 5228 alienus.
1559 5171 1667 5238 Qui
1689 5169 1842 5226 enim
1873 5185 2015 5239 prae-

372 5274 711 5338 occupatum
755 5262 1249 5336 Hypsistariorum
1299 5261 1502 5317 haeresi
1549 5259 1804 5316 animum
1853 5263 2015 5330 gere-

372 5356 488 5424 bat,
531 5371 708 5428 quam
749 5353 900 5409 luem
927 5355 1206 5423 tanquam
1242 5352 1463 5424 partem
1486 5349 1740 5420 aliquam
1764 5352 2016 5419 paternae

372 5446 723 5502 hzsreditatis
771 5446 1064 5510 creverat;
1114 5445 1334 5515 postea,
1367 5459 1398 5497 ο
1439 5439 1778 5496 admiranda
1797 5436 1900 5494 Dei
1925 5438 2018 5508 ju-

372 5535 544 5606 dicia,
577 5558 605 5586 «
639 5535 738 5606 qui
772 5534 906 5592 facit
932 5531 1130 5591 omnia
1150 5532 1642 5602 transformatque
1669 5528 1712 5600 ’,
1733 5549 1761 5578 »
1783 5526 1906 5585 solo
1933 5543 2017 5584 ar-

446 5711 469 5748 ²
495 5715 693 5770 Amos.
723 5727 778 5783 v,
808 5713 862 5768 8.

2116 4653 2222 4686 των
2281 4651 2397 4692 πως
2449 4628 2593 4700 αὐτῷ
2652 4629 2899 4701 ἑωρᾶτοο
2933 4627 3020 4680 καὶ
3055 4623 3310 4680 τάναντία
3369 4627 3587 4700 φρονῶν
3647 4630 3792 4686 τοῖς

2121 4715 2300 4796 ἔργοις
2353 4718 2414 4772 τὸ
2461 4717 2579 4771 καθ’
2610 4719 2757 4790 ἡμᾶς
2817 4713 3210 4786 ὑποσημαίνειν
3269 4709 3478 4766 ἐδόκει’
3521 4709 3632 4784 οὐχ
3681 4715 3794 4782 ἧτ-

2121 4830 2214 4864 τον
2246 4807 2350 4862 ἀπὸ
2387 4811 2484 4862 τοῦ
2536 4803 2880 4878 διακειμὲνου
2934 4807 3039 4858 τῶν
3089 4798 3263 4879 ἔργων
3301 4799 3570 4874 ἡμέτερος
3601 4797 3711 4870 ὢν,
3747 4803 3789 4871 ἢ

2124 4897 2212 4954 διὰ
2241 4898 2302 4953 τὸ
2334 4891 2492 4960 σίδας
2521 4892 2812 4968 ἀλλότριος
2835 4913 2847 4926 ·
2880 4893 2944 4949 τὸ
2992 4891 3094 4968 γάρ
3143 4888 3610 4968 προκατειλῆφθαι
3677 4891 3792 4964 μὶν

2121 4992 2190 5062 τῇ
2247 4991 2356 5042 τῶν
2420 4981 2777 5059 ’Υψισταρίων
2851 4979 3090 5056 αἱρέσει·
3143 4979 3234 5035 καὶ
3309 4977 3509 5046 ταύτην
3585 4975 3794 5055 ὥσπερ

2124 5075 2449 5132 ἄλλοντινὰ
2479 5073 2684 5150 κλῆρον
2731 5077 2983 5148 πατρῷον
3035 5067 3383 5145 διαδεδέχθαι
3437 5068 3534 5136 τήν
3591 5069 3795 5143 νόυόν⁹

2125 5160 2312 5234 ἔπειτ’,
2345 5162 2389 5219 ὣ
2420 5168 2553 5220 Θεοῦ
2584 5162 2865 5237 χριμάτων
2893 5162 2906 5217 l
2932 5184 2960 5212 ‹‹
2991 5163 3086 5214 τοῦ
3117 5157 3292 5214 πάντα
3339 5159 3629 5218 ποιοῦντος
3691 5160 3794 5214 καὶ

2130 5253 2615 5328 μετασκευάζοντος
2650 5277 2679 5305 »
2714 5253 2867 5325 μόνῳ
2905 5255 2983 5322 τῷ
3042 5247 3354 5324 βούλεσθαι,
3383 5254 3482 5316 τῆς
3541 5245 3639 5317 μὲν
3707 5249 3794 5312 ὡς

2127 5345 2502 5419 πονηροτάτης
2549 5341 2940 5416 κατεγνωκέναι
2985 5360 3043 5396 τε
3089 5337 3179 5393 καὶ
3244 5343 3508 5410 μισῆσαι·
3551 5334 3646 5390 καὶ
3705 5340 3796 5411 μὴ

2131 5435 2295 5508 μόνον
2327 5432 2458 5488 αὐτὸ
2485 5436 2644 5487 τοῦτο
2675 5432 2888 5508 χαίρειν
2937 5428 3110 5498 ἐάσαι,
3151 5425 3298 5481 ἀλλᾶ
3339 5425 3430 5480 καὶ
3477 5424 3575 5508 τῆς
3628 5428 3796 5498 μνῆ-

2131 5544 2240 5597 μης
2285 5523 2620 5610 παντάπασιν
2669 5518 2891 5594 ἐξελεῖν,
2923 5517 3011 5573 καί
3062 5512 3192 5592 μηδ’
3238 5515 3486 5584 ἡντινοῦν
3535 5507 3614 5568 ἔτ’
3675 5516 3801 5573 αὐ-
