4118 6214
244 366 358 430 226

1248 366 1647 431 LAUDATlO
1694 366 1756 427 S.
1803 360 2177 427 GBEGOltlI
2222 352 2637 423 THEOLOGI.

3520 357 3638 418 226

237 506 338 567 τῆς
370 496 575 553 ἔννοιαν
608 504 765 575 σχεῖν
800 517 812 529 ·
845 498 990 554 οὕτω
1046 497 1103 554 δὲ
1146 499 1382 578 γνησίως
1425 520 1515 554 και
1576 500 1710 572 μετά
1764 518 1884 552 τοσ·

2023 498 2172 553 ήιιιὶο
2225 511 2368 561 suo;
2420 496 2503 550 ita
2553 497 2698 550 hanc
2756 493 2941 566 ipsam
2994 498 3059 549 ut
3115 492 3644 565 pestilentissimam

234 590 413 657 αυὸτης
466 588 833 661 εἷλικρινείας,
881 587 1062 661 ὥσπερ
1121 589 1181 643 ἐκ
1241 588 1388 643 δυοῖν
1448 585 1640 643 ποδοῖν
1695 588 1755 640 τὸ
1794 590 1891 640 τοῦ

236 675 415 750 λόγου
444 682 524 748 τῷ
566 678 792 753 Χριστῷ
841 685 1265 754 προσχωρῆσαι,
1324 682 1397 739 ὡς
1448 678 1538 732 καὶ
1595 683 1693 745 τῆς
1742 675 1890 730 εὐσε-

239 760 398 826 ϐείας
430 765 519 819 καὶ
553 770 662 820 τῶν
708 773 806 837 τῆς
855 763 1127 828 εὐσεϐείας
1186 765 1491 842 δογμάτων,
1523 769 1588 835 ἧς
1647 762 1892 838 ἐῤῥωμε‹

238 854 473 909 νὲστατα
529 854 744 909 πάντων
802 853 1136 911 ἀντεποιεῖτο
1189 875 1202 889 ο
1262 857 1349 911 καὶ
1432 855 1740 929 θαυμαστὸς
1818 854 1893 930 ἦγ

241 942 499 1015 ἀθλητής
540 948 651 1000 τῶν
696 946 985 1016 τοιούτων,
1021 948 1211 1020 μισθὸν
1271 947 1502 1021 ὡσπερεὶ
1550 945 1890 1017 κεκομίσθαι,

242 1034 346 1100 τὴν
377 1037 492 1087 τῶν
520 1032 758 1109 λογικῶν
789 1039 888 1090 τοῦ
939 1040 1172 1110 Χριστοῦ
1225 1034 1552 1110 θρεμμάτων
1599 1053 1889 1105 ποιμαντι-

239 1122 347 1188 κήν
380 1119 734 1194 προστασίαν,
766 1123 855 1177 καὶ
905 1124 978 1177 ὧν
1026 1124 1162 1184 τὲως
1208 1124 1419 1196 ἠγνόει,
1472 1122 1682 1176 τούτων
1726 1116 1890 1174 ἔπειτ’

242 1210 411 1264 αὐτὸν
442 1206 795 1281 διδάσκαλον,
844 1216 961 1274 τοῖς
1009 1210 1206 1272 ἄλλοις
1253 1212 1344 1265 καὶ
1391 1208 1685 1277 παιδευτὴν
1734 1230 1893 1263 κατα-

245 1305 467 1367 στῆναι.
506 1302 612 1364 Διά
644 1297 712 1367 δὴ
753 1300 959 1355 τούτων
995 1300 1265 1367 ἁπάντων,
1300 1296 1491 1368 ἔδειξεν
1541 1297 1777 1373 ἐναργῶς
1817 1297 1891 1358 ὡς

246 1389 313 1441 οὐ
343 1395 668 1467 κακουργῶν
697 1391 787 1444 καὶ
834 1389 1290 1464 πονηρευόμενος,
1342 1386 1455 1444 οὐδ’
1504 1388 1578 1449 ὡς
1638 1387 1696 1441 ἂν
1754 1406 1893 1448 τινες

245 1474 564 1553 φιλονεικίᾳ
606 1481 697 1533 καί
747 1480 1029 1548 σκαιότητι
1077 1478 1331 1553 γνώμης,
1370 1478 1433 1533 τὸ
1477 1473 1673 1552 ψεῦδος
1719 1474 1896 1545 τάλη-

245 1569 379 1628 θοῦς
428 1574 742 1643 προτιμῶν,
774 1564 1046 1624 δυσσεϐῶν
1095 1569 1460 1645 ἐγνωρίζετο·
1516 1566 1643 1623 ἀλλ’
1694 1567 1769 1620 ὦν
1816 1563 1898 1621 δεῖ

245 1663 473 1731 ᾳρονεῖν
500 1659 813 1732 ἐπιστήμην
836 1659 934 1713 οὐκ
954 1653 1120 1734 ἔχων,
1154 1656 1266 1713 οὐδ’
1315 1659 1348 1713 ἃ
1412 1656 1629 1712 διώκειν
1677 1654 1894 1731 ἐγνώκει

242 1747 401 1800 ταῦθ’
431 1748 585 1809 ὅπως
615 1746 858 1825 φεύξεται
890 1747 1145 1820 ξυνορῶν.

2006 601 2276 657 perosum
2311 584 2698 651 damnavisse,
2733 600 2834 638 nec
2866 583 3169 654 reliquisse
3216 587 3410 653 modo,
3443 601 3644 639 verum

2002 677 2234 748 penitus
2284 676 2457 731 etiam
2522 679 2588 729 de
2643 674 2925 730 memoria
2972 674 3267 742 revulisse,
3314 678 3384 732 de
3430 675 3648 747 illaque

2002 768 2155 824 haud
2190 767 2363 822 ullam
2391 767 2640 836 amplius
2670 766 2997 837 suscepisse
3035 766 3448 837 cogitationem
3485 784 3497 821 :
3533 777 3647 823 tum

2000 872 2134 912 vero
2174 873 2203 911 θ
2234 856 2519 912 contrario
2553 856 2663 910 ﬁde
2694 855 2836 909 adeo
2867 855 3091 925 integra
3122 872 3187 910 ac
3217 856 3466 924 sincera,
3489 856 3643 912 velut

2002 949 2249 1016 utroque
2280 945 2441 1016 pede,
2466 945 2617 1016 quod
2651 942 2951 1015 proverbio
2982 943 3215 1010 dicitur,
3248 945 3315 1000 ad
3348 944 3641 1001 Christum

2002 1051 2134 1090 sese
2180 1034 2518 1099 contulisse,
2552 1040 2611 1088 ut
2658 1032 2891 1104 pietatis
2944 1050 3088 1102 suis,
3120 1049 3379 1105 veraeque
3419 1034 3649 1106 pietatis

2002 1122 2301 1189 doctrinas,
2334 1139 2509 1193 quam
2542 1122 2824 1177 acerrimo
2842 1121 3175 1191 complexus
3204 1122 3421 1191 studio,
3447 1140 3652 1179 sacro-

2001 1228 2129 1267 rum
2180 1211 2495 1267 illiusmodi
2548 1210 2811 1267 retulerit
2860 1211 3210 1282 pastoralem
3246 1213 3648 1282 prafecturam

2004 1300 2370 1356 rationalium
2420 1300 2632 1357 Christi
2679 1302 2893 1365 ovium,
2947 1315 3287 1371 eorumque,
3339 1317 3466 1372 qua:
3522 1302 3648 1373 ipse

2003 1395 2174 1445 antea
2224 1390 2529 1457 nescierat,
2563 1391 2834 1460 magister
2885 1389 3013 1444 aliis
3044 1390 3359 1461 ductorque
3386 1393 3646 1457 evaserit,

2004 1478 2227 1545 Quibus
2258 1479 2540 1533 universis
2572 1496 2886 1551 sanequam
2923 1478 3297 1534 manifestum
3346 1479 3500 1547 fecit,
3535 1497 3648 1536 non

2005 1569 2122 1625 ulla
2153 1586 2213 1624 se
2241 1569 2634 1640 perversitate,
2669 1569 2933 1641 malaque
2963 1569 3181 1624 malitia
3210 1568 3520 1639 peccando,
3549 1585 3651 1625 nec

2008 1656 2247 1715 libidine
2294 1658 2610 1714 altercandi
2651 1656 2951 1728 animique
2984 1660 3297 1729 pravitate,
3330 1675 3489 1714 more
3520 1675 3659 1730 quo-

2004 1747 2296 1809 rumdam,
2332 1763 2460 1802 vero
2513 1746 2725 1802 falsum
2775 1748 3153 1817 prmierendo,
3184 1746 3508 1804 voluntaria
3538 1748 3657 1804 im-

244 1837 461 1908 pietate
507 1838 794 1910 insignem
840 1840 1018 1895 t‘uisse
1048 1855 1063 1894 :
1098 1855 1296 1895 verum
1329 1838 1593 1895 rectioris
1623 1835 1917 1893 sententia:
1970 1835 2238 1908 ignarum
2289 1836 2447 1893 haud
2498 1838 2823 1909 perspicere
2872 1837 3129 1908 potuisse
3180 1838 3452 1909 fugienda
3501 1853 3653 1906 esse,

242 1942 378 1997 qua:
412 1926 536 1997 ipse
564 1927 676 1983 sibi
709 1928 982 1982 sectanda
1016 1935 1415 2000 proposuerat.

319 2015 378 2069 Γ.
413 2016 571 2068 Ταῦτ’
602 2013 707 2087 ἄρα
762 2015 851 2069 καὶ
895 2014 1022 2088 πρὶν
1077 2017 1179 2085 τήν
1210 2017 1523 2089 θαυμαστὴν
1554 2020 1755 2090 ταύτην
1787 2019 1893 2075 ἀλ-

2073 2021 2138 2077 Χ.
2174 2022 2279 2075 Per
2309 2018 2429 2073 haec
2464 2019 2657 2088 itaque
2687 2016 2907 2085 omnia,
2938 2018 3111 2071 etiam
3163 2017 3499 2088 priusquam
3535 2017 3652 2072 mi-

247 2102 486 2158 λοίωσιν
519 2104 863 2173 ἠλλοιῶσθαι
895 2106 985 2159 καὶ
1024 2108 1160 2179 πρὸς
1188 2108 1255 2161 τὰ
1305 2107 1505 2179 βελτίω
1550 2107 1899 2183 μεταϐαλεῖν,

246 2196 355 2246 τοῦ
385 2196 502 2247 καθ’
526 2197 675 2266 ἡμᾶς
707 2196 778 2255 ὡς
808 2194 975 2249 εἰπεῖν
1017 2196 1084 2263 ἧν
1128 2194 1405 2270 συνεδρίου
1443 2219 1456 2231 ·
1509 2197 1726 2256 οὐδενὸς
1774 2206 1902 2274 γοῦν

252 2287 370 2336 τῶν
432 2283 591 2335 θείων
650 2282 1059 2359 ἐπιταγμάτων,
1106 2287 1169 2340 τὸ
1225 2290 1351 2361 γοῦν
1408 2288 1485 2352 εἰς
1537 2290 1697 2344 αὐτὸν
1765 2293 1901 2360 ἧκον

256 2371 571 2445 ὑπερεώρα,
628 2370 776 2427 ἀλλὰ
830 2378 992 2428 πᾶσιν
1052 2374 1240 2437 ἁπλῶς
1288 2371 1519 2431 ἐπέϐαλε
1574 2385 1755 2455 χεῖρα,
1816 2381 1903 2435 καί

251 2462 360 2529 τὴν
425 2464 614 2536 ψυχήν
662 2463 778 2537 εἶχε
830 2466 1028 2535 μεστήν
1079 2465 1306 2540 ἀρετῶν,
1351 2468 1439 2520 καὶ
1491 2469 1603 2522 οἷον
1653 2472 1709 2523 εὖ
1774 2491 1906 2546 παρ-

255 2551 663 2624 εσκευασμένην
704 2553 835 2627 πρὸς
872 2554 972 2621 τήν
1012 2560 1109 2623 τῆς
1162 2552 1418 2625 ἀληθείας
1475 2556 1766 2633 ἐπίγνωσιν
1817 2563 1906 2616 καὶ

252 2646 366 2696 τῶν
427 2641 603 2716 ὀρθῶν
661 2639 950 2719 δογμάτων
997 2641 1304 2720 ὑποδοχὴν,
1365 2646 1442 2709 εἰς
1492 2650 1556 2717 ἢν
1606 2650 1695 2703 καὶ
1740 2650 1909 2723 προ-3-

256 2728 450 2800 κλτςθη
483 2731 630 2804 παρᾶ
659 2729 755 2785 τοῦ
796 2755 823 2783 u
856 2730 1163 2793 πλάσαντος
1193 2735 1503 2807 καταμόνας
1542 2738 1639 2798 τὰς
1687 2740 1911 2813 καρδίας

257 2822 427 2890 ἡμῶν
467 2818 560 2873 καὶ
592 2819 859 2883 συνιέντος
890 2820 967 2883 εἰς
1007 2821 1180 2876 πάντα
1223 2823 1290 2877 τὰ
1329 2818 1462 2900 ἔργα
1491 2828 1674 2899 ἡμῶν,
1705 2850 1731 2880 ιο
1787 2829 1911 2901 ἐμοὶ

258 2906 443 2962 δοκεῖν
496 2907 597 2962 οὐκ
652 2909 1013 2983 ἀνεχομένου,
1051 2913 1178 2983 μήτ’
1231 2912 1395 2966 αὐτὸν
1453 2919 1703 2971 τοιοῦτον
1761 2916 1908 2986 ὄντα,

256 2995 351 3051 καὶ
412 2995 588 3058 οὕτως
648 2993 843 3071 ἔχοντα
898 3000 1126 3073 γνώμης
1197 3000 1593 3074 ἐγκαταλιπεῖν,
1650 3008 1740 3059 καὶ
1831 3008 1909 3079 μή

257 3088 392 3157 παρ’
456 3086 650 3140 ἑαυτοῦ
696 3090 887 3142 τοῦτον
924 3087 1113 3159 ἐντελῆ
1171 3097 1502 3154 καταστῆσαι
1558 3100 1675 3156 τοῖς
1732 3093 1911 3168 ὅλοις,

258 3174 353 3228 καὶ
386 3177 509 3229 οἷον
541 3174 737 3249 ἐχρῆν,
774 3177 906 3248 μήτ’
931 3176 996 3230 αὖ
1025 3176 1270 3252 παριδεῖν
1303 3181 1402 3249 τήν
1449 3179 1586 3236 ἰδίαν
1640 3182 1909 3258 κληρονο-

263 3266 397 3337 μίαν
433 3262 628 3338 ἀνδρὸς
679 3264 913 3319 ἐπιπολὺ
964 3270 1293 3341 στερομένην
1338 3272 1612 3341 τοιούτου,
1644 3272 1791 3328 άλλᾶ
1818 3275 1911 3329 τὸν

2010 2111 2176 2167 rabili
2229 2109 2329 2163 illa
2378 2108 2697 2163 mutatione
2748 2112 3022 2173 mutatus,
3054 2113 3110 2161 et
3158 2108 3229 2161 ad
3273 2108 3506 2162 meliora
3536 2113 3650 2161 tra-

2010 2203 2223 2256 ductus
2271 2203 2443 2257 esset,
2487 2198 2666 2251 nostri
2710 2198 2857 2265 jam,
2909 2201 2973 2249 ut
3016 2198 3097 2250 ita
3146 2195 3357 2262 dicam,
3391 2196 3660 2268 Synedrti

2016 2297 2155 2346 erat.
2192 2290 2388 2359 Itaque
2440 2288 2666 2342 nullum
2717 2286 2812 2339 ille
2860 2284 3187 2340 divinorum
3225 2291 3659 2356 praeceptorum,

2015 2384 2297 2451 quantum
2347 2382 2586 2447 poterat,
2640 2376 3090 2446 praetermittere,
3139 2392 3335 2430 verum
3386 2374 3659 2429 erunibus

2017 2466 2361 2538 simpliciter
2389 2480 2622 2521 manum
2674 2465 2995 2528 admovere,
3029 2463 3405 2534 animumque
3438 2462 3664 2517 virtuti-

2021 2559 2124 2612 bus
2173 2554 2467 2613 refertum.
2500 2558 2555 2608 et
2603 2553 2746 2607 bene
2779 2552 2946 2621 quasi
2978 2557 3364 2622 prmparatum
3408 2553 3478 2605 ad
3511 2551 3662 2606 veri-

2017 2646 2154 2702 tatis
2206 2643 2670 2714 intelligentiam,
2714 2647 3118 2710 rectorumque
3152 2641 3486 2711 dogmatum
3533 2655 3663 2694 sus-

2020 2735 2343 2807 ceptionem
2378 2732 2602 2788 alferre.
2631 2733 2709 2786 Ad
2761 2747 2937 2801 quam
2987 2730 3163 2785 etiam
3195 2738 3431 2784 vocatus
3463 2730 3535 2784 ab
3566 2728 3664 2784 illo

2022 2830 2129 2893 est,
2167 2845 2195 2875 «
2235 2823 2335 2895 qui
2371 2822 2534 2876 finxit
2565 2819 2865 2892 sigillatim
2899 2820 3070 2875 corda
3102 2821 3299 2874 nostra
3345 2819 3445 2889 qui
3476 2819 3668 2874 anim-

2023 2916 2264 2970 advertit
2313 2911 2385 2967 ad
2431 2913 2620 2966 omnia
2668 2925 2841 2980 Opera
2873 2908 3109 2964 nostra'.
3145 2930 3172 2957 ››
3204 2909 3427 2979 Quippe
3459 2908 3582 2979 qui,
3613 2912 3675 2962 ut

2024 3004 2164 3059 mihi
2214 3003 2458 3067 \idetur,
2494 3001 2609 3071 pati
2657 2999 3108 3071 haudquaquam
3145 3004 3389 3070 poterat,
3424 3003 3483 3052 ut
3513 2998 3669 3067 ejus-

2025 3094 2174 3148 modi
2209 3092 2394 3146 virum
2427 3092 2623 3162 itaque
2654 3088 2999 3156 animatum,
3043 3089 3099 3143 in
3133 3105 3295 3143 οωοο
3344 3102 3451 3142 suo
3492 3086 3667 3140 relin-

2022 3189 2243 3254 queret,
2278 3199 2344 3237 ac
2375 3197 2484 3235 non
2520 3180 2709 3250 puluis
2740 3195 2849 3235 sua
2873 3177 3057 3248 ipsius
3087 3195 3192 3247 ope
3213 3176 3378 3231 illum
3411 3176 3567 3231 omni
3602 3192 3668 3228 ex

2022 3275 2182 3342 parte
2217 3270 2555 3340 perfectum,
2585 3279 2637 3321 et
2669 3265 2900 3338 qualem
2932 3282 3061 3322 esse
3090 3265 3353 3334 decebat,
3375 3265 3666 3321 efﬁceret:

259 3353 437 3408 πάλαι
497 3356 847 3426 προσήκοντα
902 3355 1107 3427 κόσμον
1175 3357 1311 3430 αὖτῇ
1395 3360 1735 3434 κεχαρίσθαι,
1820 3362 1910 3417 καὶ

2024 3374 2213 3428 neque
2261 3374 2465 3413 rursus
2510 3356 2953 3410 dissimulanter
2982 3354 3148 3421 ferre,
3182 3359 3247 3410 ut
3287 3354 3384 3408 diu
3419 3353 3514 3408 tali
3548 3352 3669 3408 viro

260 3448 499 3511 τιμῆσαι
551 3442 651 3508 τὴν
713 3443 807 3513 μὲν
865 3445 935 3515 τῇ
991 3443 1151 3498 τοῦδε
1209 3449 1521 3520 προσθήκῃ,
1580 3469 1670 3503 τον
1732 3448 1787 3505 δὲ
1833 3456 1912 3523 τῷ

259 3528 703 3603 προσαγαγέσθαι
761 3530 851 3584 καὶ
911 3531 1243 3606 προσλαϐεῖν
1305 3534 1395 3588 καὶ
1444 3536 1604 3613 φίλον
1632 3539 1720 3591 καὶ
1755 3536 1912 3595 αδελ-

260 3621 361 3695 ςὸν
422 3619 514 3673 καὶ
575 3619 795 3687 οἰκεῖον,
854 3622 944 3674 καὶ
1001 3625 1063 3676 τὸ
1133 3625 1408 3699 μέγιστον,
1461 3625 1915 3703 συγκληρονόμον

260 3709 350 3763 καὶ
385 3708 452 3762 τὰ
482 3712 706 3762 τοιαῦτα
728 3708 1023 3784 εἷργάσθαι.

340 3978 450 4033 lA'.
492 3979 748 4038 Τοιοῦτος
807 3977 900 4049 μὲν
952 3974 1018 4047 δή
1067 3982 1408 4057 τοκαταρχᾶς
1470 3987 1772 4061 Γρηγὸριος
1818 3985 1915 4059 ὢν,

264 4071 526 4126 τοιοῦτος
582 4067 759 4141 ἡμῖν,
800 4064 965 4121 ἔπειθ’
1040 4067 1295 4141 ὑπῆρξεν,
1352 4072 1481 4127 ὥσθ’
1532 4071 1682 4129 ἕνεκα
1741 4075 1918 4152 λὸγων

268 4157 458 4227 ἱερῶν,
518 4154 608 4208 καὶ
663 4160 771 4209 τῶν
829 4155 880 4209 ἐν
938 4157 1155 4219 τούτοις
1212 4160 1501 4234 νομίμων*
1559 4164 1647 4217 καὶ
1705 4169 1821 4234 τοῦ,
1865 4167 1917 4219 τί

273 4246 372 4315 μὲν
400 4241 733 4312 Ἑκκλησίας
762 4247 980 4316 θεσμὸς,
1020 4247 1073 4299 τί
1113 4246 1166 4301 δὲ
1210 4252 1402 4327 ψυχῶν
1462 4247 1871 4326 προϐεϐλῆσθαι
1906 4275 1918 4287 ·

270 4336 360 4387 καὶ
400 4332 549 4395 ὅλως
579 4332 710 4399 τίσι,
767 4334 857 4387 καὶ
907 4336 994 4390 ὅτε
1028 4353 1042 4366 '
1076 4339 1164 4391 καὶ
1221 4338 1383 4392 τίνων
1444 4338 1526 4394 δεῖ
1568 4344 1675 4395 τῶν
1705 4344 1924 4419 φαρμά-

272 4444 388 4476 κων
425 4442 437 4452 ·
474 4423 565 4475 καί
601 4424 818 4477 πάντων
858 4424 932 4484 ὡς
980 4425 1148 4480 εἰπεῖν
1198 4431 1303 4481 τῶν
1358 4429 1646 4496 τοιούτων,
1691 4429 1784 4485 ’ίνα
1844 4433 1921 4504 μή

275 4511 612 4566 καθέκαστον
659 4510 826 4586 λέγω,
887 4512 1083 4587 μηδενὶ
1131 4522 1241 4570 τῶν
1299 4518 1562 4587 ἁπάντων,
1611 4516 1924 4594 ὑπερϐολὴν

277 4600 622 4657 λελοιπέναι.
678 4602 876 4673 Νόννης
935 4603 992 4658 δὲ
1049 4605 1173 4680 πέρι
1239 4614 1339 4676 τῆς
1392 4609 1568 4664 πάντα
1622 4609 1799 4680 καλῆς
1836 4613 1920 4666 καὶ

2027 3449 2169 3502 orba
2202 3447 2505 3502 haereditas
2540 3463 2646 3501 sua
2680 3452 2977 3512 maneret;
3011 3445 3266 3499 debitum
3301 3445 3492 3513 itaque
3518 3445 3677 3512 jam-

2027 3538 2249 3591 dudum
2282 3534 2549 3590 Ecclesias
2584 3537 2867 3589 mundum
2901 3534 3167 3605 largitus,
3199 3538 3321 3588 tum
3362 3532 3522 3588 illam
3563 3531 3673 3585 viri

2029 3626 2200 3695 hujus
2231 3624 2559 3680 accessione
2612 3623 2995 3688 honestabat;
3032 3632 3152 3676 tum
3197 3623 3387 3693 ipsum
3420 3638 3485 3676 eo
3520 3620 3668 3691 quod

2019 3721 2179 3778 inter
2226 3731 2364 3771 suos
2408 3713 2679 3769 allectum
2727 3719 3193 3783 cooptatumque,
3247 3711 3517 3779 amicum,
3552 3711 3671 3766 fra-

2027 3814 2199 3874 trem,
2233 3804 2599 3872 familiarem,
2629 3808 2688 3859 et
2730 3804 2880 3873 quod
2931 3804 3246 3858 maximum
3274 3807 3384 3865 est,
3416 3801 3672 3856 cohaere-

2030 3898 2160 3951 dem
2219 3911 2415 3959 suum,
2476 3893 2702 3963 aliaque
2750 3892 2806 3945 id
2863 3907 3070 3963 genus.
3133 3890 3386 3945 Ecclesia
3440 3890 3669 3945 faceret.

2102 3983 2568 4040 XLVerumenim
2592 3997 2721 4035 vero
2739 3979 3328 4051 quiilliusmodiolim
3346 3978 3678 4034 fueratGre-

2032 4076 2247 4145 gorius,
2274 4078 2470 4143 postea
2492 4071 2827 4141 hujusmodi
2845 4070 3011 4126 nobis
3028 4069 3157 4136 fuit,
3177 4074 3239 4123 ut
3258 4084 3558 4123 sacrarum
3578 4067 3681 4121 Lit-

2035 4171 2315 4230 terarum,
2346 4168 2403 4216 et
2447 4178 2573 4230 quae
2626 4161 2681 4213 in
2736 4160 2804 4213 iis
2856 4159 3144 4213 habentur
3174 4159 3569 4223 sanctionum,
3602 4156 3687 4210 in-

2036 4253 2286 4320 tellectu,
2320 4258 2441 4305 tum
2476 4250 2609 4320 quid
2661 4248 2925 4304 Ecclesiae
2974 4249 3206 4303 decreta
3236 4246 3513 4313 valerent,
3546 4246 3687 4317 quid

2036 4346 2302 4411 suscepta
2324 4340 2658 4394 animarum
2691 4339 2869 4393 tutela
2902 4352 2967 4393 ac
3001 4337 3387 4408 prepugnatiu
3411 4336 3685 4407 exigeret.

2035 4438 2091 4484 (-t
2136 4430 2495 4488 summatim.
2531 4428 2770 4498 quibus,
2803 4441 2986 4496 quove
3019 4433 3299 4496 tempore,
3331 4432 3389 4479 et
3419 4439 3686 4495 quasnam

2036 4520 2231 4575 danda
2260 4523 2455 4575 essent
2488 4518 2935 4584 medicamenta;
2974 4531 3287 4586 rerumque
3318 4515 3495 4583 hujus
3526 4530 3692 4584 gene-

2038 4611 2116 4663 ris
2153 4594 2418 4663 umnium
2452 4614 2733 4678 respectu,
2762 4612 2824 4660 ut
2856 4622 2927 4660 ne
2956 4604 3260 4675 sigillatim
3291 4605 3362 4659 de
3391 4603 3463 4657 iis
3495 4618 3684 4672 agam,

274 4690 527 4763 γενναίας
582 4696 841 4747 τοσοῦτον
896 4691 1100 4772 ἔχομεν
1162 4697 1358 4772 λέγειν,
1422 4698 1610 4773 ὅτιπερ
1685 4701 1737 4754 ὲν
1815 4708 1910 4757 τοῖ.

2045 4698 2190 4753 nihil
2238 4697 2509 4766 cuiquam
2559 4696 2630 4749 ad
2680 4710 2973 4749 summam
3031 4692 3431 4748 excellentiam
3482 4690 3689 4758 reliqui

279 4782 379 4842 τῆς
440 4774 720 4842 εὐσεῧείας
778 4782 1071 4853 ἆκηράτοις
1147 4784 1381 4857 λειμῶσι
1451 4788 1540 4842 καὶ
1618 4794 1756 4865 spina
1839 4790 1929 4845 καὶ

281 4874 547 4947 τραφεῖσα
595 4872 682 4924 καῖ
740 4870 1048 4941 αὐξηθεῖσα,
1082 4873 1143 4927 οὐ
1198 4875 1411 4937 τούτοις
1466 4876 1658 4948 μόνοις
1690 4875 1800 4933 δεῖν
1832 4880 1925 4953 μέο

284 4977 392 5011 νειν
421 4957 610 5029 ᾠήθη,
645 4956 761 5013 ουδ’
792 4958 873 5039 ἐρ’
904 4960 984 5023 οἷς
1007 4956 1170 5017 ἔλαϐε
1200 4970 1390 5033 στῆναι
1422 4983 1436 4997 ⁶
1472 4964 1596 5021 οὐδὲ
1643 4970 1705 5022 τὸ
1742 4968 1930 5024 καλεῖ-

288 5047 405 5099 σθαι
442 5047 609 5117 μόνον
639 5047 746 5101 ἀπὸ
774 5052 1017 5118 Χριστοῦ
1065 5051 1154 5105 καὶ
1202 5052 1339 5125 πρὸς
1377 5056 1477 5123 την
1530 5055 1708 5110 πίστιν

288 5136 409 5188 σθαι
437 5135 684 5208 κέκρικεν
714 5135 1002 5214 ἀποχρῶν,
1031 5138 1159 5194 ἀλλ’
1190 5141 1236 5195 εἰ
1271 5142 1346 5215 μή
1382 5144 1514 5215 μετὰ
1563 5144 1779 5200 πολλοῦ
1834 5150 1936 5202 τοῦ

286 5222 603 5297 περιόντος,
635 5225 724 5279 καὶ
780 5226 849 5280 τὰ
909 5230 1031 5303 παρ’
1086 5229 1256 5296 αὐτῆς
1301 5230 1435 5303 αὕτη
1497 5233 1760 5308 προσθείη
1796 5255 1810 5268 °
1844 5236 1934 5290 καὶ

290 5313 410 5366 οἷον
443 5312 581 5367 εἶναι
616 5316 725 5387 χρή
771 5314 869 5370 κᾶν
922 5322 1041 5379 τοῖς
1080 5316 1285 5395 ἔργοις,
1326 5322 1415 5375 τὸν
1466 5322 1663 5378 ἐκεῖθεν
1719 5344 1935 5399 προσει-

292 5400 531 5489 ρημένον
589 5406 1039 5479 παρασκευάσειεν
1125 5409 1343 5480 ἐαυτήν,
1425 5413 1619 5488 μικρὸν
1690 5410 1839 5489 ἔχειν
1897 5415 1932 5485 ἢ

293 5488 451 5545 οὐδὲν
497 5493 801 5568 ἡγουμένη,
847 5496 1101 5570 σώματος
1151 5499 1245 5572 μὲν
1291 5501 1518 5556 καὶτῶν
1548 5506 1644 5557 τοῦ
1675 5488 1932 5577 σώματος

364 5685 390 5720 ³
417 5685 569 5744 Psal.
602 5704 803 5757 luxu,
832 5690 920 5745 15.

2042 4787 2257 4842 fecerit.
2295 4790 2370 4840 De
2422 4785 2629 4839 Nouna
2680 4799 2838 4849 vero,
2881 4787 3150 4839 matrona
3198 4781 3416 4853 Optima
3440 4786 3498 4835 et
3526 4794 3694 4849 gene«

2042 4876 2362 4942 rosissima,
2395 4875 2501 4929 hoc
2540 4874 2728 4928 dicere
2781 4874 3085 4939 habemus,
3118 4872 3268 4941 quod
3304 4872 3362 4925 in
3394 4867 3693 4938 integerri-

2043 4968 2155 5023 mis
2189 4966 2418 5037 pietatis
2450 4963 2740 5019 viridariis
2772 4967 2827 5018 et
2857 4968 3011 5030 nata,
3032 4962 3368 5026 eteducata,
3391 4963 3449 5015 et
3470 4956 3685 5017 adulta.

2042 5056 2378 5126 neutiquam
2413 5056 2471 5110 in
2504 5053 2571 5108 iis
2601 5052 2742 5108 solis
2766 5050 3120 5107 manendum
3144 5049 3255 5104 sibi
3279 5047 3465 5114 duxit,
3494 5052 3590 5101 aut
3612 5046 3684 5098 ad

2043 5162 2110 5202 ea
2140 5163 2262 5214 quas
2293 5144 2528 5200 aliunde
2561 5146 2859 5212 acceperat
2897 5139 3331 5195 consistendum
3360 5156 3372 5193 :
3399 5154 3584 5208 neque
3616 5140 3687 5193 ab

2043 5235 2298 5290 solidum
2332 5233 2462 5288 fidei
2497 5235 2669 5287 robur
2701 5232 2839 5285 satis
2874 5230 3053 5285 valere
3079 5229 3446 5283 existimabat
3468 5229 3689 5297 sumpti

2045 5328 2326 5382 duntaxat
2399 5325 2472 5379 de
2546 5322 2771 5377 Christo
2856 5318 3224 5391 cognomenti
3308 5320 3690 5374 consortium.

2046 5415 2264 5485 Quippe
2316 5412 2428 5468 nisi
2480 5411 2776 5466 luculenta
2825 5409 3152 5463 accessione
3182 5406 3463 5477 quidquid
3499 5413 3692 5477 posset

2047 5505 2201 5570 boni,
2243 5504 2369 5575 ipsa
2419 5507 2695 5574 praeterea
2743 5499 3188 5565 accumulasset,
3223 5497 3291 5551 ad
3340 5512 3589 5568 eumque
3629 5515 3693 5554 se
