4118 6214
405 377 523 438 227

1703 366 2103 430 'I‘HEODULI
2147 365 2498 430 IONACBI

3683 371 3807 434 328

397 506 828 582 composuisset
861 501 1121 568 modum,
1165 515 1339 572 quem
1385 515 1557 572 opere
1601 501 1724 572 ipso
1768 499 2039 557 exhibere

2154 499 2432 574 ὑπερεώρα
2487 499 2753 574 χαρίτων,
2801 501 2879 564 ὡς
2933 499 3089 558 οὐδὲν
3143 502 3318 558 ὄντων
3374 509 3482 560 τῶν
3533 507 3804 563 τοιούτων

399 601 660 672 oporteat
689 590 1098 667 appellationis
1126 590 1295 645 istius
1327 589 1656 661 participes,
1681 605 1884 662 parum
1913 605 2034 660 pro-

397 690 548 748 fecto
593 689 694 742 aut
741 679 889 738 nihil
920 679 1111 735 adhuc
1141 687 1512 735 consecutam
1542 694 1672 735 sese
1700 683 1825 734 rata
1855 693 1868 732 :
1901 692 2038 734 cor-

400 795 512 852 pus
553 788 752 841 suum,
781 783 1100 840 omnesque
1137 768 1400 840 corporis
1440 781 1678 824 veneres
1723 772 1782 823 et
1817 766 2035 838 gratias

396 862 838 939 aspernabatur,
870 863 937 914 ut
966 856 1126 913 nullo
1159 855 1231 911 iis
1261 854 1531 912 habenda
1558 855 1704 926 loco,
1735 854 1838 926 qui
1857 854 2033 909 vitam

397 947 773 1022 aspectabilis
829 946 1026 1002 omnia
1080 959 1547 1016 supergressam,
1605 946 2033 1015 sequerentur:

397 1056 576 1098 uuam
605 1055 739 1095 vero
769 1053 900 1108 qua
929 1036 1122 1091 animo
1152 1034 1428 1103 cernitur,
1449 1032 1766 1104 respiciens
1787 1030 2037 1104 pulchri-

389 1130 675 1198 tudinem,
725 1125 1110 1195 omuibusque
1156 1122 1472 1178 momentis
1517 1119 1823 1187 anhelans,
1875 1135 2036 1175 com-

390 1217 653 1291 pluribus
681 1215 966 1286 cujusque
997 1211 1220 1281 generis
1247 1208 1559 1264 virtutibus
1588 1207 1849 1264 animam
1878 1223 2041 1264 exor-

395 1309 620 1364 nabat:
670 1318 852 1376 eaque
902 1301 1100 1356 omnia
1155 1313 1324 1371 agere
1378 1296 1654 1364 instituit,
1701 1297 1868 1369 queis
1911 1302 2038 1353 tum

389 1394 883 1470 pulchritudinem
915 1391 1090 1446 istam
1121 1387 1426 1456 inveniret,
1448 1391 1572 1442 tum
1605 1386 1837 1443 laudem
1868 1387 2038 1442 insu-

389 1505 492 1560 per
536 1485 807 1541 eximiam
855 1483 1323 1550 consequeretur.
1365 1477 1550 1547 Atque
1588 1475 1752 1532 illam
1797 1476 2038 1546 quidem

392 1580 547 1635 certe
593 1571 837 1638 invenit,
870 1585 973 1625 nec
1018 1567 1214 1624 minus
1261 1565 1692 1633 admirationis,
1725 1580 1903 1636 quam
1952 1565 2042 1619 vir

396 1667 545 1738 ipse,
575 1660 794 1719 retulit.
834 1656 1123 1714 Nimirum
1173 1654 1451 1726 quoniam
1501 1657 1566 1709 ut
1605 1669 1934 1724 corporum,
1961 1652 2045 1709 ita

390 1759 650 1813 mutuam
681 1751 960 1807 virtutum
990 1744 1465 1803 communionem
1510 1743 1878 1811 exercebant,
1914 1758 2043 1814 qua

2142 593 2264 652 τοῖς
2291 590 2427 662 ὑπὲρ
2455 591 2525 642 τὰ
2555 590 2803 664 ὁρώμενα
2835 597 2968 660 ζῶσι
3002 613 3016 624 ·
3048 594 3187 665 πρὸς
3227 591 3288 647 δὲ
3347 593 3512 665 μόνον
3569 597 3632 650 τὸ
3681 617 3809 666 νοη-

2143 677 2238 731 τὸν
2283 677 2544 752 ἀτρορῶσα
2579 677 2810 743 κάλλος,
2863 680 2953 734 καὶ
2994 682 3147 736 τοῦθ’
3177 683 3299 736 ὅσαι
3349 683 3488 757 ὧραι
3537 686 3806 751 ποθοῦσα,

2144 765 2385 827 πολλαῖς
2415 766 2506 820 καὶ
2563 765 2934 831 παντοδαπαῖς
2981 769 3182 844 ἀρετῆς
3243 768 3412 833 ἰδέαις
3461 774 3563 841 τήν
3617 776 3808 852 ψυχὴν

2144 853 2464 926 κατεκόσμει
2499 856 2587 909 καὶ
2631 857 2810 912 πάντα
2855 859 3110 932 πράττειν
3170 860 3350 932 ἠξίου.
3392 861 3474 916 Δι’
3531 862 3605 916 ὧν
3655 863 3809 917 τοῦτ’

2145 937 2287 996 ἔστιν
2341 943 2542 1016 εὑρεῖν,
2599 945 2794 1000 καὶτὸ
2855 945 3222 1018 θαυμάζεσθαι
3278 945 3615 1023 προσλαϐεῖν
3650 969 3663 982 ο
3712 950 3810 1004 καὶ

2152 1029 2335 1103 μέντοι
2380 1033 2473 1086 καὶ
2525 1033 2646 1105 εὗρε
2677 1051 2690 1064 ⁸
2737 1034 2828 1088 καὶ
2885 1036 3397 1110 προστεθαύμασται
3449 1043 3553 1092 τοῦ
3607 1035 3809 1114 ἀνδρὸς

2151 1115 2303 1174 οὐδὲν
2336 1122 2500 1188 ἦττον
2526 1140 2540 1152 ·
2573 1119 2703 1176 ἀλλ’
2731 1121 2914 1198 ὥσπερ
2959 1125 3251 1196 σωμάτων,
3283 1125 3427 1182 οὕτω
3475 1128 3567 1182 καὶ
3605 1129 3812 1204 ἀρετῆς

2148 1212 2534 1271 κοινωνοῦντες
2570 1207 2866 1280 ἀλλήλοις,
2907 1213 3008 1280 τήν
3055 1212 3226 1284 μόνην
3275 1215 3351 1276 ὡς
3400 1215 3628 1286 ἀληθῶς
3673 1219 3811 1272 θαυ-

2153 1297 2364 1369 μαστὴν
2393 1299 2684 1351 κοινωνίαν
2714 1299 2805 1354 καὶ
2841 1301 2910 1354 τὰ
2967 1301 3264 1377 γιγνόμενα
3321 1306 3602 1374 σώζουσαν
3638 1325 3652 1338 ·
3713 1305 3810 1360 καὶ

2150 1385 2392 1463 κεφαλῆς
2424 1386 2587 1459 λόγον
2621 1386 2899 1459 ἀλλήλοις
2939 1389 3250 1465 ἑπέχοντες,
3281 1394 3310 1447 ὁ
3364 1395 3459 1466 μὲν
3507 1396 3648 1450 κατᾶ
3706 1395 3813 1462 τὴν

2150 1471 2374 1529 Παύλου
2429 1477 2616 1550 φωνὴν
2677 1477 2754 1539 ὠς
2810 1477 2952 1552 ἁνήρ
2985 1499 3001 1514 ο
3049 1477 3139 1549 ἡδ’
3183 1481 3260 1542 ὡς
3305 1478 3577 1544 εὐσεϐείας
3616 1481 3812 1555 ἐκείνῳ

2149 1562 2477 1636 καθηγεμῶν
2522 1564 2614 1618 καὶ
2653 1561 2980 1628 διδάσκαλος
3025 1567 3117 1622 καὶ
3165 1571 3306 1644 πρὸς
3365 1572 3598 1646 Χριστὸν
3648 1571 3816 1647 ἀγω-

2149 1649 2550 1734 γὸς,γζηλωτοὶ
2589 1649 2681 1707 διὰ
2737 1654 2953 1710 πάντων
3013 1658 3208 1712 ἅπασιν
3256 1659 3394 1728 ἦσαν
3428 1678 3442 1692 ο
3506 1658 3651 1714 οὕτω
3712 1663 3814 1734 μὶν

2151 1733 2444 1810 εὐσεϐείας,
2502 1739 2648 1796 οὕτω
2699 1739 2757 1798 δὲ
2803 1749 3062 1820 χρηστῶν
3138 1743 3356 1822 ἔχοντες
3409 1750 3657 1823 τρόπων,
3714 1748 3813 1804 καὶ

390 1846 516 1901 sola
540 1857 672 1898 vere
698 1835 1059 1897 admirabilis
1089 1831 1358 1904 quasdam
1405 1831 1742 1887 communio
1772 1837 1882 1900 est,
1912 1830 2039 1886 offi‘

2154 1821 2272 1881 ϐίου
2314 1829 2404 1882 καὶ
2457 1829 2849 1904 προαιρέσεως,
2905 1834 2997 1888 καὶ
3055 1834 3296 1905 ξυνόλως
3356 1836 3548 1909 εἰπεῖν,
3607 1839 3814 1898 παντὸς

548 1877 672 1898 ,σιν
698 1877 1059 1897 “umnam..-
1133 1877 1358 1888 ...η-,-
1405 1877 1739 1887 --..._._...-
1774 1877 1882 1900 --Ἰ
1915 1877 2010 1886 ,,,,

393 1877 587 2002 ἓῖἱιιῖιιο
615 1926 709 1984 sui
731 1924 1070 1996 religionem
1090 1877 1294 1975 tuetur
1317 1934 1331 1972 :
1357 1926 1410 1972 et
1431 1917 1674 1973 invicem
1697 1915 1810 1971 sibi
1835 1917 2039 1986 capitis

2158 1877 2266 1881 ν---
2317 1877 2404 1882 --Ψ
2464 1877 2849 1904 --ιη--.πηνν
2907 1877 2997 1888 ...η
3055 1877 3296 1905 ,πνηςυς
3356 1877 3548 1909 σηιεη,
3613 1877 3812 1898 an.“

2154 1922 2246 1973 τοῦ
2304 1920 2562 1997 φέροντος
2608 1917 2852 1981 ἔπαινον.
2906 1927 3052 2000 Πρὸς
3127 1931 3259 2001 γοῦν
3339 1929 3539 1991 αὐτοὺς
3614 1931 3814 1992 πάντες

393 2023 576 2078 instar
619 2019 808 2080 erant,
834 2013 931 2068 ille
976 2027 1046 2068 ex
1091 2006 1258 2064 Pauli
1305 2004 1634 2096 praeceptot,
1667 2009 1747 2096 ut_
1775 2006 2039 2096 maritus,

2154 2007 2364 2082 ἑώρων,
2396 2009 2577 2086 ὥσπερ
2607 2012 2756 2074 τινὰς
2799 2013 3008 2084 στήλας
3052 2015 3342 2096 ἐμψύχους
3390 2017 3490 2074 ούκ
3544 2014 3812 2093 ἀκριϐοῦς

397 2111 521 2165 haec
569 2111 638 2162 ut
681 2101 891 2160 marito
941 2101 1060 2156 dux
1107 2113 1175 2153 ac
1223 2095 1506 2167 magistra
1554 2093 1805 2166 pietatis,
1855 2097 1914 2149 et
1971 2095 2039 2149 ad

2158 2096 2322 2169 μόνον
2355 2099 2702 2173 θεογνωσίας,
2737 2101 2882 2156 ἀλλὰ
2909 2103 3000 2158 καὶ
3043 2108 3142 2160 τοῦ
3187 2093 3347 2177 βίοῦν
3400 2107 3456 2161 εὗ
3508 2107 3658 2180 μάλα
3715 2108 3810 2162 καὶ

397 2197 696 2255 Christum
746 2187 1098 2264 perductrix.
1133 2185 1277 2242 Hinc
1309 2183 1507 2250 ﬁebat,
1553 2188 1616 2238 ut
1662 2182 1936 2239 omnibus
1985 2183 2039 2238 in

2155 2185 2274 2238 κατ’
2303 2185 2500 2260 ἀρετὴν
2527 2185 2855 2244 πολιτεύειν.

391 2289 568 2344 rebus
615 2276 1058 2340 fortunatissimi
1107 2273 1380 2332 omnibus
1428 2287 1556 2328 esse
1607 2271 1979 2339 viderentur;
2008 2273 2288 2345 conjuges
2330 2276 2595 2333 videlicet
2643 2281 2949 2338 excellenti
2995 2283 3159 2351 adeo,
3192 2285 3425 2357 pietate,
3457 2302 3529 2342 ea
3572 2302 3811 2343 morum

395 2375 700 2449 probitate,
734 2387 802 2426 ea
846 2369 978 2422 vitae
1027 2363 1422 2437 propositique
1453 2360 1783 2427 sanctitate,
1815 2377 2050 2432 unoque
2098 2363 2295 2433 verbo,
2328 2381 2388 2420 re
2436 2366 2695 2439 qualibet
2741 2368 3044 2439 laudabili,
3078 2373 3356 2442 insignes.
3406 2375 3655 2434 Perinde
3700 2379 3812 2432 ita-

395 2480 510 2536 que
557 2463 688 2518 illos
738 2457 988 2531 quisque
1038 2453 1389 2518 intuebatur,
1421 2455 1487 2506 ut
1536 2451 1822 2520 spirantes
1871 2451 2156 2521 quaedam
2214 2453 2536 2522 columnas,
2565 2461 2695 2514 tum
2725 2465 2939 2516 exactae
2970 2477 3160 2520 rerum
3191 2464 3526 2520 divinarum
3561 2465 3808 2534 notitias,

397 2561 522 2609 tum
554 2551 890 2606 rectissime
922 2545 1070 2609 vitae,
1102 2549 1159 2599 et
1190 2542 1262 2598 ad
1293 2540 1598 2596 sanctioris
1628 2539 1951 2612 discipline
1981 2540 2330 2614 virtutisque
2362 2561 2636 2602 numeros
2667 2549 2926 2620 agendae.

471 2641 589 2698 XII.
623 2644 812 2710 Atque
842 2633 1180 2706 hujusmodi
1213 2647 1354 2687 sane
1384 2630 1502 2684 vita
1534 2629 1907 2699 moribusque
1939 2645 2044 2700 par

403 2734 581 2787 hocce
627 2729 936 2797 conjugum
987 2722 1093 2778 fuit
1127 2738 1140 2774 :
1173 2724 1444 2775 caeterum
1477 2741 1504 2768 ι(
1537 2719 1587 2773 si
1631 2719 1697 2774 de
1721 2720 1915 2786 fructu
1945 2733 2044 2773 suo

403 2821 569 2877 arbor
593 2818 919 2880 "oscitatur,
945 2834 972 2860 »ι
1005 2808 1498 2881 quemadmodum
1531 2806 1726 2862 divino
1751 2807 2045 2876 proditum

407 2906 641 2967 oraculo
671 2905 802 2970 est‘,
827 2918 930 2958 nec
961 2899 1132 2956 fallax
1154 2899 1264 2952 hoc
1291 2898 1495 2951 nativae
1514 2895 1671 2951 illius
1695 2896 1928 2961 indolis,
1951 2897 2046 2950 bo-

406 3015 492 3052 nas
541 3011 614 3051 an
666 2993 850 3058 male,
880 2989 1164 3045 indicium
1214 2992 1335 3052 est;
1367 2985 1542 3040 etiam
1577 2985 1682 3040 hoc
1715 2985 1885 3040 modo
1915 2984 2045 3040 illo-

398 3101 529 3142 rum
560 3081 882 3140 inculenter
903 3077 1149 3151 patescit
1173 3073 1526 3146 praestantia,
1551 3073 1718 3144 queis
1739 3073 1896 3128 enim
1921 3088 2046 3144 per-

2229 2632 2328 2686 IB'.
2361 2632 2524 2687 Οὗτοι
2559 2635 2653 2706 μὲν
2689 2632 2778 2705 δὴ,
2823 2642 3072 2692 τοιοῦτοι
3121 2641 3212 2694 καὶ
3253 2640 3426 2696 οὕτως
3449 2635 3671 2716 ἔχοντες
3708 2661 3720 2673 '
3759 2641 3808 2695 εἷ

2158 2715 2328 2773 δὲκαὶ
2376 2721 2446 2774 τὸ
2490 2719 2852 2798 δένδρονέκ
2892 2731 3008 2782 τοῦ
3032 2734 3289 2802 καρποῦ
3334 2730 3637 2805 γίγνεταί
3693 2727 3812 2798 δῆ-

2157 2807 2293 2878 λον,
2329 2809 2466 2864 κατὰ
2493 2811 2583 2865 τὸν
2613 2813 2756 2866 θεῖον
2788 2819 3163 2889 χρησμὸν,καὶ
3192 2825 3292 2888 τῆς
3322 2819 3689 2894 ὁποτερασοῦν
3719 2815 3808 2888 ἓξ-

2157 2917 2260 2960 εως
2289 2897 2514 2968 ἐκείνου,
2545 2905 2694 2956 τοῦτ’
2725 2901 2995 2977 ἀπόδειξις
3027 2904 3279 2982 ἐναργὴς,
3307 2908 3396 2962 καὶ
3420 2907 3563 2964 οὕτω
3592 2909 3656 2963 τὸ
3685 2911 3806 2962 κατ’

2159 2985 2352 3048 αὐτοὺς
2381 2985 2648 3044 δείκνυται
2679 2997 2930 3067 προῦχον
2965 3013 2978 3026 ·
3021 2996 3108 3058 οἷς
3163 2997 3268 3070 γὰρ
3315 2995 3406 3051 καὶ
3452 3001 3550 3052 τοῦ
3605 2994 3808 3060 παιδὸς

2155 3075 2280 3130 ἄνευ
2328 3077 2524 3153 ἀρετῆς
2565 3085 2825 3137 τοσοῦτον
2871 3083 3162 3158 περίεστιν,
3213 3087 3288 3148 ὼς
3325 3087 3416 3142 καὶ
3479 3087 3662 3166 σφίσιν
3708 3087 3806 3142 αύ-

394 3193 481 3245 se,
538 3174 712 3230 etiam
764 3169 1031 3239 sejuncto
1090 3164 1227 3232 tilio,
1287 3166 1516 3252 tantum
1572 3161 1807 3252 virtutis
1863 3177 2036 3252 supe-

2154 3169 2266 3226 τοῖς
2295 3165 2384 3220 καὶ
2406 3165 2682 3238 ἀλλήλοις
2711 3170 2788 3232 είς
2817 3171 3023 3246 κόσμον
3051 3177 3254 3250 ἀρκεῖν,
3309 3175 3460 3238 τίνας
3517 3161 3642 3232 ποτ’
3701 3175 3806 3252 ἄρα

396 3268 503 3332 rat,
538 3268 600 3318 ut
643 3265 701 3316 et
727 3258 837 3314 sibi
877 3254 1024 3328 ipsis
1053 3257 1112 3309 et
1151 3255 1354 3308 mutuo
1383 3251 1528 3306 alter
1556 3250 1742 3317 alteri,
1774 3250 1917 3306 satis
1947 3267 2042 3306 or-

397 3350 650 3410 namenti
685 3350 973 3421 praestent,
1005 3356 1288 3415 quosnam
1327 3339 1433 3394 hos
1463 3339 1698 3395 tandem
1731 3339 2042 3394 accedente

397 3441 518 3500 ﬁlio
547 3439 881 3496 existimare
909 3428 1265 3491 conveniat?
1289 3429 1505 3502 quippe
1533 3427 1649 3498 qui,
1672 3428 1903 3484 etiamsi
1935 3445 2044 3482 sua

397 3531 656 3600 ipsorum
687 3540 865 3584 causa
896 3520 1040 3578 nihil
1072 3533 1421 3590 magnopere
1461 3533 1574 3588 quo
1605 3515 1718 3571 sibi
1749 3515 2044 3587 placerent

397 3619 623 3687 fuisset,
654 3617 725 3672 de
771 3613 894 3670 solo
938 3618 1133 3667 tamen
1185 3608 1304 3662 {ilio
1352 3605 1511 3662 haud
1559 3605 1778 3676 injuria
1805 3603 2044 3677 gloriari

396 3713 698 3782 poterant;
733 3705 830 3760 ubi
861 3708 919 3759 et
947 3697 1064 3756 ﬁlio
1093 3700 1200 3754 hoc
1229 3696 1496 3752 convenit
1526 3695 1723 3756 decus,
1756 3701 1813 3750 et
1841 3711 1908 3751 eo
1937 3695 2040 3750 de»

398 3813 530 3854 core
559 3811 727 3852 suam
769 3793 857 3848 illi
891 3789 1254 3847 cumulatum
1286 3792 1424 3841 eunt
1452 3783 1718 3856 gloriam,
1750 3787 2037 3856 quomodo

397 3903 514 3944 non
568 3884 824 3956 undique
871 3875 1402 3952 exsplendescunt?
1443 3877 1510 3929 Et
1552 3873 1660 3929 huc
1711 3891 1777 3928 eo
1829 3873 2040 3943 magis,

398 3977 554 4048 quod
583 3992 654 4032 ex
683 3972 803 4030 tilio
832 3971 1077 4044 gloriam
1127 3967 1358 4032 habere,
1390 3981 1720 4037 quanquam
1760 3981 1872 4020 non
1907 3969 2038 4018 tan-

395 4073 540 4134 tam,
589 4061 888 4121 nonnullis
932 4059 1076 4115 illud
1127 4061 1322 4112 tamen
1368 4053 1633 4126 contigit,
1664 4070 1864 4110 verum
1905 4051 2041 4108 lau-

394 4156 656 4214 datorem
701 4152 872 4210 etiam
921 4149 1106 4204 ﬁlium
1156 4146 1385 4204 habere,
1422 4143 1594 4198 nullis
1635 4143 1874 4214 inquam
1906 4147 2037 4214 post

394 4245 700 4304 hominum
745 4239 1109 4303 memoriam,
1141 4235 1192 4290 si
1223 4236 1330 4290 hos
1359 4233 1629 4304 excipias,
1665 4233 1806 4288 illud
1839 4230 2037 4304 glorias

392 4336 815 4392 incrementum
846 4327 1156 4398 contigisse
1185 4323 1428 4380 scimus.
1459 4321 1686 4392 Optimo
1717 4337 1854 4376 sane
1873 4321 2039 4391 jure;

394 4439 532 4482 nam
581 4423 679 4495 qui
710 4421 884 4476 talem
936 4417 1044 4472 soli
1096 4427 1468 4487 procreavere
1501 4410 1709 4476 filium,
1743 4410 1852 4465 hos
1879 4407 2035 4465 solos

395 4513 570 4571 talem
603 4529 637 4566 a
663 4509 780 4565 tilio
810 4503 1172 4564 educationis
1206 4502 1526 4558 mercedem
1560 4499 1772 4555 referre
1801 4513 2032 4570 teququ

395 4602 505 4658 fuit
538 4617 551 4656 :
580 4597 747 4672 quasi
795 4597 846 4652 si
895 4593 1246 4667 peculiarem
1278 4606 1473 4646 rerum
1507 4589 1773 4646 omnium
1807 4587 2035 4644 novita-

393 4696 512 4747 tem
545 4690 661 4746 fata
687 4685 834 4759 ipsis
863 4681 1329 4750 destinavissent,
1352 4685 1408 4736 et
1433 4680 1678 4750 majora,
1702 4693 1878 4748 quam
1904 4693 2038 4748 quo~

394 4796 526 4838 rum
575 4777 696 4834 ulla
724 4777 1015 4832 exstarent
1045 4769 1326 4841 exempla,
1362 4770 1520 4841 ipsos
1549 4767 1794 4839 experiri
1827 4766 2039 4822 voluis-

394 4873 559 4926 sent:
585 4861 917 4936 cujusmodi
937 4866 1002 4916 et
1021 4861 1125 4916 hoc
1145 4866 1252 4924 est,
1272 4857 1557 4930 planeque
1578 4855 1866 4925 ejusdem,
1881 4854 2033 4926 quod

394 4959 488 5016 aiu
500 4961 581 5024 ut,
596 4952 882 5028 gymnasii
895 4991 908 5013 ,
925 4967 1038 5007 non
1055 4949 1208 5004 idem
1233 4947 1497 5004 videlicet
1512 4945 1650 5002 huic
1666 4950 1866 5000 nostro
1879 4944 2034 5015 quod

394 5047 548 5116 aliis,
579 5042 855 5102 nascendi
898 5038 1132 5096 initium
1182 5035 1381 5104 fuisse,
1417 5050 1522 5091 nec
1553 5037 1786 5090 assueto
1818 5036 2035 5088 naturae

2151 3255 2402 3308 τουτουσὶ
2450 3257 2763 3328 νομιστέον,
2812 3257 3227 3335 προσλαϐόντας
3281 3265 3373 3320 τὸν
3414 3263 3626 3335 παῖδα;
3661 3266 3802 3320 ὅπου

2152 3342 2258 3432 γὰρ
2288 3343 2331 3397 εἰ
2374 3347 2464 3398 καὶ
2511 3347 2588 3418 μή
2639 3350 2766 3422 παρ’
2822 3350 3026 3406 ἑαυτῶν
3070 3352 3208 3428 μέγα
3263 3359 3479 3431 φρονεῖν
3539 3354 3716 3432 εἶχον.
3751 3355 3805 3425 ἐξ

2155 3429 2258 3506 ἄρα
2289 3432 2454 3505 μόνου
2495 3439 2591 3488 τοῦ
2647 3437 2842 3502 παιδὸς
2897 3439 2985 3494 ἐπὶ
3041 3443 3189 3498 τοῦτ’
3244 3444 3304 3498 ἂν
3358 3445 3493 3512 ἧκον
3552 3441 3803 3514 δικαίως,

2157 3521 2281 3575 ὅταν
2309 3521 2495 3596 ἐκείνῳ
2525 3525 2808 3584 καὶτοῦτο
2854 3535 3059 3604 προσῇ,
3113 3531 3202 3586 καὶ
3263 3533 3398 3606 μετὰ
3454 3538 3556 3600 τῆς
3615 3534 3805 3610 σφετέ-

2158 3629 2251 3682 ρας
2306 3609 2481 3666 αὐτῶν
2528 3614 2618 3668 καὶ
2663 3617 2764 3684 τήν
2811 3616 3011 3674 ἐκεῖθεν
3081 3616 3568 3694 προσλαμϐάνουσι
3615 3609 3805 3692 δόξαν,

2153 3701 2272 3760 πῶς
2333 3697 2394 3753 ού
2454 3699 2541 3756 διὰ
2623 3702 2834 3761 πάντων
2917 3705 3314 3782 ἐκλάμπουσις
3380 3711 3470 3765 καὶ
3553 3731 3806 3784 τοσουτῳ

2157 3783 2372 3859 μᾶλλον
2423 3791 2536 3862 ὅσῳ
2583 3793 2645 3847 τὸ
2700 3795 2794 3866 μὲν
2838 3791 2928 3850 διςὶ
2971 3796 3066 3852 τὸν
3114 3795 3282 3853 παῖδα
3330 3800 3720 3872 Θαυμάζεσθαι,
3753 3783 3804 3855 εἴ

2153 3875 2244 3929 καὶ
2279 3878 2353 3949 μή
2385 3884 2667 3952 τοσοῦτον,
2697 3881 2826 3938 ἀλλ’
2846 3882 2987 3940 ἔστιν
3016 3887 3104 3948 οἷς
3144 3887 3443 3961 ξυνηνέχθη
3481 3909 3495 3922 ο
3525 3890 3587 3944 τὸ
3621 3886 3678 3944 δὲ
3709 3890 3802 3943 καὶ

2153 3968 2344 4018 τοῦτον
2391 3966 2552 4022 αὐτὸν
2600 3969 2692 4024 τὸν
2741 3973 3082 4044 θαυμάζοντα
3129 3970 3299 4050 ἔχειν,
3349 3974 3560 4031 οῢδέσιν
3602 3974 3805 4040 ἄλλοις

2152 4057 2261 4108 τῶν
2304 4052 2364 4109 ἐκ
2409 4058 2609 4120 παντὸς
2648 4059 2842 4126 αἰῶνος
2887 4063 3108 4134 ταυτηνὶ
3151 4067 3252 4136 τήν
3295 4067 3640 4142 προσθήκην,
3691 4067 3807 4122 ὅτι·

2158 4143 2233 4214 μή
2260 4143 2477 4207 τούτοις
2510 4144 2916 4224 ἐνυπάρχουσαν
2949 4149 3105 4225 ἴσμεν
3139 4173 3153 4186 ο
3188 4155 3276 4208 καὶ
3324 4153 3472 4227 μάλα
3520 4155 3748 4217 εἰκότως
3783 4173 3799 4188 ⁶

2153 4229 2282 4318 τοὺς
2312 4233 2418 4307 γὰρ
2451 4231 2518 4302 δὴ
2561 4237 2760 4308 μόνους
2816 4244 3066 4296 τοιοῦτον
3121 4245 3568 4318 προενεγκόντας,
3601 4245 3803 4317 μόνους

2153 4315 2259 4372 ἔδει
2317 4319 2407 4374 καὶ
2466 4325 2693 4378 τοιαῦτα
2751 4327 2882 4400 παρ’
2935 4327 3104 4382 αὐτοῦ
3159 4330 3482 4404 κεκομίσθαι
3520 4337 3750 4407 τροφεῖα
3783 4349 3799 4366 ⁸

2156 4406 2335 4482 ὥσπερ
2367 4415 2468 4478 τῆς
2517 4413 2838 4484 καινότητος
2894 4412 3200 4472 διαπάντων
3245 4420 3430 4481 αὐτοῖς
3477 4419 3800 4497 συγκεκλη-

2155 4495 2410 4571 ρωμένης
2447 4519 2459 4531 ·
2492 4499 2580 4555 καὶ
2610 4505 2708 4558 τοῦ
2742 4505 3028 4576 μειζόνων,
3059 4507 3094 4577 ἢ
3143 4505 3492 4583 παράδειγμα
3542 4495 3801 4585 δὲχεσθαι

2147 4589 2255 4640 τῶν
2290 4589 2624 4663 πραγμάτων
2680 4595 2965 4666 πειρᾶσθαι
3026 4613 3040 4626 ⁸
3103 4597 3294 4651 ὁποῖον
3343 4594 3410 4667 δή
3469 4618 3522 4652 τι
3579 4599 3800 4654 κάκεῖνο

2153 4674 2243 4748 βαι
2305 4677 2403 4730 τοῦ
2460 4678 2628 4734 αὐτοῦ
2683 4701 2812 4760 φασι
2849 4683 3170 4756 γυμνασίου,
3218 4686 3282 4741 τὸ
3337 4687 3437 4756 τὴν
3475 4687 3656 4762 ἀρχὴν
3696 4695 3802 4758 τῆς

2148 4761 2402 4839 γενέσεως
2450 4767 2632 4841 τούτῳ
2684 4771 2760 4842 μὴ
2811 4773 2908 4840 τὴν
2935 4771 3102 4842 αὐτὴν
3131 4780 3252 4838 τοῖς
3282 4772 3478 4840 ἄλλοις
3505 4779 3748 4851 γενέσθαι
3785 4797 3799 4811 ⁸

2152 4853 2229 4924 μὴ
2285 4849 2339 4908 δὲ
2371 4856 2508 4910 κατᾶ
2565 4858 2628 4912 τὸ
2685 4863 2914 4934 κρατόῦν
2975 4859 3095 4926 ἔθος
3139 4867 3206 4936 τῇ
3249 4863 3424 4940 φύσει,
3457 4849 3586 4920 ἀλλ’
3614 4864 3664 4938 ἐξ
3697 4868 3802 4942 ἄρα

2147 4941 2296 5004 θείας
2353 4942 2742 5022 ἐπιφροσύνης,
2801 4949 2893 5004 καὶ
2949 4953 3058 5005 τῶν
3111 4955 3210 5006 τοῦ
3259 4952 3576 5026 Πνεύμάτος
3614 4941 3800 5010 θεσπι-

2146 5031 2368 5097 σμάτων
2401 5051 2417 5068 ο
2453 5031 2693 5106 δηλώσει
2725 5034 2772 5092 δ’
2801 5038 2829 5092 ὁ
2860 5035 3048 5114 λόγος.

397 5137 622 5203 ordine,
649 5133 743 5190 sed
777 5148 847 5188 ex
875 5126 1156 5198 singulari
1189 5124 1549 5198 providentia
1578 5122 1796 5189 divina,
1827 5121 2132 5194 sanctique
2161 5121 2412 5195 Spiritus
2441 5126 2936 5198 praedictionibus,
2966 5135 3140 5202 prout
3173 5149 3302 5190 mox
3332 5135 3568 5206 patebit.

465 5224 614 5281 XIII.
646 5223 956 5293 Postquam
985 5216 1140 5274 enim
1172 5215 1345 5288 longo
1370 5215 1492 5285 jam
1526 5217 1784 5282 tempore
1816 5225 2043 5266 mascu-

394 5316 467 5371 lae
497 5313 674 5385 prolis
703 5311 995 5383 cupiditas
1028 5310 1293 5378 parentes
1316 5305 1598 5366 tenuerat,
1622 5298 1896 5370 illiusque
1919 5303 2037 5354 tam

398 5404 623 5460 ardenti
656 5400 974 5474 ﬂagrabant
1006 5395 1314 5463 desiderio,
1348 5399 1554 5450 utnon
1589 5391 1759 5446 modo
1783 5391 1858 5460 (1)
1888 5389 2038 5447 hanc

2221 5216 2322 5270 II".
2380 5213 2470 5276 Ὠς
2529 5215 2634 5290 γὰρ
2691 5213 2886 5278 παιδὸς
2943 5214 3166 5295 ἆρρενος
3222 5218 3614 5295 ἐπιθυμοῦντες
3659 5223 3798 5292 ἦσαν

2148 5299 2208 5355 ἐκ
2263 5299 2548 5375 πλείστου,
2605 5305 2700 5360 καὶ
2755 5306 2900 5362 οὑτω
2961 5308 3188 5382 μανικός
3241 5331 3324 5372 τις
3401 5311 3598 5375 αὐτοὺς
3658 5309 3800 5384 ἔρως

2145 5395 2372 5469 κατεῖχε
2401 5395 2630 5465 ταυτησὶ
2657 5397 2756 5465 τῆς
2786 5402 2975 5472 γονῆς,
3008 5397 3081 5460 ὡς
3132 5399 3209 5472 μὴ
3241 5397 3326 5455 ὅτι
3377 5397 3586 5478 στέγειν
3618 5403 3797 5475 [ηιιηι.

477 5544 500 5578 ⁴
529 5545 655 5602 Cor.
687 5561 768 5610 xi,
796 5544 870 5610 3;
901 5541 1110 5612 Ephes.
1139 5554 1197 5607 ν,
1227 5537 1318 5594 23.
1393 5536 1418 5570 ⁵
1447 5535 1648 5591 Matth.
1683 5551 1784 5603 xu,
1817 5533 1888 5589 33
1914 5549 1930 5602 ;
1963 5538 2098 5592 Luc.
2132 5553 2211 5610 v1,
2243 5537 2329 5592 44.

475 5669 553 5742 (1)
585 5675 690 5736 An,
721 5681 832 5722 non
850 5666 1095 5722 contenti
1125 5661 1276 5720 bonis
1304 5663 1418 5718 suis
1447 5662 1659 5718 essent?
