4118 6214
292 360 407 421 329

1300 344 1695 409 LAUDATIO
1739 346 1805 406 S.
1849 341 2223 406 GREGORII
2265 337 2680 405 THEOLOGI.

3574 343 3691 404 230

282 493 531 565 στέργειν
550 489 601 563 ?]
648 484 723 543 ἔτ’
775 485 946 565 ἔχειν,
974 480 1124 538 ἀλλὰ
1177 480 1268 536 καὶ
1323 484 1420 535 τοῦ
1480 476 1712 553 μηδενὸς
1760 478 1931 532 πάντα

2048 478 2315 537 desiderii
2347 476 2437 533 sui
2461 474 2778 548 igniculum
2811 476 2960 532 ferre
2990 475 3214 547 diutius
3235 477 3563 551 nequirent,
3587 482 3688 536 sed

274 578 447 634 τᾶλλ’
478 580 677 647 ἀξιοῦν,
715 578 792 648 μή
825 576 912 630 καὶ
965 573 1163 628 τούτου
1212 570 1534 644 προσόντος,
1564 567 1617 623 τί
1660 568 1935 643 γίγνεται;

275 677 341 725 Ὃ
393 673 610 745 πρῶτον
671 667 762 721 καὶ
823 666 1005 738 μόνον,
1038 662 1127 717 καὶ
1191 658 1429 734 μάλιστα
1481 659 1693 714 πάντων
1742 658 1936 731 ἐχρῆν.

276 758 407 814 Ἐπὶ
482 759 587 826 τήν
660 753 904 829 μεγάλην
984 753 1075 807 καὶ
1160 750 1474 822 θαυμαστήν
1545 748 1938 826 καταφεύγουσι

277 846 631 921 πρυτανείαν,
663 844 753 899 καὶ
807 845 902 899 τὸν
961 839 1251 914 δυνάμενον
1300 843 1468 893 ταῦτα
1496 837 1736 911 πορίζειν
1769 837 1897 892 Θεόν
1920 852 1935 865 ’

273 939 369 994 καὶ
431 940 579 995 οὕτω
629 940 846 1010 θερμῶς
901 935 1050 990 τοῦτ’
1082 930 1215 1010 ἄγαν
1266 930 1356 985 καὶ
1417 930 1532 1002 μετ’
1563 929 1771 1002 ἂγαθῶν
1828 931 1935 982 τῶν

276 1025 527 1083 ἐλπίδων
582 1026 878 1092 αἰτοῦνται,
912 1022 987 1085 ὥς
1048 1022 1125 1095 μή
1189 1023 1351 1093 μόνον
1410 1018 1624 1080 πάντως
1682 1015 1818 1087 ἕξειν
1845 1038 1939 1070 πι-

278 1117 494 1172 στεύειν
551 1116 615 1171 τὸ
663 1111 1125 1186 σπουδαζόμενον,
1155 1110 1302 1166 ἀλλὰ
1349 1110 1438 1163 καὶ
1490 1106 1617 1181 πρὶν
1726 1103 1936 1175 λαϐεῖν,

276 1206 577 1275 ἀναθήσειν
633 1204 779 1259 τοῦθ’
840 1202 1213 1275 ὑποσχέσθαι·
1272 1197 1364 1253 καὶ
1422 1194 1935 1272 προκαταλαῦἑσθαι

274 1297 381 1362 τήν
410 1292 562 1349 δόσιν
590 1313 601 1324 ·
636 1291 849 1348 ἐλπίσιν
877 1292 952 1353 ὡς
983 1289 1044 1344 ἄν
1092 1310 1173 1350 τις
1232 1286 1355 1361 ε’ίπῃ
1411 1290 1616 1363 φωναῖς
1663 1291 1781 1346 ταῖς
1838 1288 1934 1338 τοῦ

282 1381 643 1455 Πνεύματοςο
679 1381 736 1434 εὗ
786 1381 889 1455 γὰρ
941 1375 1138 1453 ᾔδεσαν
1198 1373 1286 1430 διά
1341 1396 1399 1430 τε
1454 1376 1553 1444 τὴν
1604 1381 1704 1444 τῆς
1736 1373 1933 1447 ἀρετῆς

278 1471 600 1538 οἷκειὸτητα
630 1469 721 1525 καὶ
767 1470 830 1523 τὸ
868 1467 1158 1542 τυγχάνειν
1200 1465 1281 1521 ἀεὶ
1328 1469 1437 1520 τῶν
1483 1464 1686 1539 εὐχῶν,
1720 1463 1793 1524 ὡς
1843 1463 1933 1518 καὶ

274 1564 448 1615 τοῦτο
500 1558 760 1631 μειζόνως
809 1557 844 1626 ἢ
899 1556 1194 1630 βούλονται
1238 1554 1525 1627 λήψονται.
1556 1550 1760 1608 Οὔκουν
1814 1550 1932 1608 οὐδ’

274 1648 580 1721 ἐψεύσαντο
622 1652 730 1702 τῶν
802 1642 1085 1701 ἐλπίδων·
1140 1643 1288 1699 ἀλλὰ
1342 1644 1428 1697 καὶ
1489 1635 1934 1717 προωπερὸαλὲ-

2049 567 2272 639 reliqua
2302 583 2405 621 sua
2427 568 2620 621 omnia
2646 581 2715 619 ne
2744 563 2856 634 pili;
2888 564 3165 632 facerent,
3206 566 3492 637 tantisper
3547 567 3687 622 dum

2051 659 2162 714 hoc
2207 674 2386 714 unum
2438 658 2712 722 deesset;
2762 655 2903 726 quid
2953 656 3187 712 tandem
3229 657 3338 712 fit?
3396 657 3689 714 Nimirum

2047 748 2203 818 quod
2235 746 2506 817 primum,
2540 755 2594 800 et
2627 745 2814 811 unice,
2846 748 2903 798 et
2947 745 3201 800 maxime
3246 747 3511 802 omnium
3564 747 3689 802 ﬁeri

2049 836 2375 909 oportebat,
2398 835 2469 891 ad
2511 849 2803 891 summam
2837 837 2895 887 et
2925 831 3177 888 divinam
3230 852 3424 892 rerum
3474 836 3689 907 guber-

2048 926 2328 981 natricem
2363 928 2738 997 potestatem,
2762 926 2940 977 Deum
2971 919 3259 990 videlicet,
3302 926 3400 996 qui
3434 942 3556 981 rem
3588 941 3685 981 ex-

2048 1016 2241 1086 pedire
2279 1016 2547 1087 ipoterat,
2589 1013 2935 1084 confugiunt
2981 1009 3331 1086 fervidisque
3382 1018 3525 1072 adeo
3560 1032 3687 1086 pre-

2048 1104 2215 1160 cibus
2245 1113 2296 1159 et
2319 1104 2469 1160 bona
2501 1119 2604 1175 spe
2633 1104 2744 1160 hoc
2774 1112 2960 1176 orant,
2993 1113 3055 1165 ut
3082 1120 3197 1160 non
3232 1106 3400 1161 modo
3450 1105 3565 1161 fide
3593 1106 3684 1161 in-

2046 1194 2244 1260 dubia,
2270 1194 2421 1264 quod
2454 1193 2782 1263 cupiebant,
2817 1198 3130 1269 adepturos
3182 1210 3308 1251 sese
3350 1196 3685 1261 crederent;

2044 1284 2146 1337 sed
2168 1288 2227 1338 et
2258 1283 2602 1354 priusquam
2638 1285 3025 1355 accepissent,
3067 1287 3182 1343 Deo
3226 1284 3367 1341 illud
3401 1301 3463 1340 se
3500 1287 3684 1341 totum

2044 1379 2340 1436 dicaturos
2370 1386 2640 1437 voverent
2672 1398 2686 1435 :
2719 1398 2939 1454 speque
2976 1385 3058 1441 ita
3101 1393 3253 1440 certa
3304 1384 3411 1439 hoc
3465 1383 3686 1438 donum

2044 1470 2439 1540 praadicerent,
2464 1470 2624 1526 velut
2654 1470 2867 1528 divinis
2899 1473 3173 1543 oraculis,
3195 1478 3260 1528 ut
3282 1473 3369 1528 sic
3399 1471 3688 1538 dicamus,

2044 1559 2437 1630 promissum:
2472 1561 2653 1631 probe
2682 1561 2837 1616 enim
2872 1571 3102 1631 uoranl,
3138 1568 3258 1618 tum
3287 1562 3361 1618 ob
3393 1575 3687 1617 summam

2040 1648 2275 1703 virtutis
2301 1647 2779 1717 familiaritatem,
2810 1652 2937 1705 tum
2968 1650 3265 1706 assiduam
3284 1649 3561 1705 'votorum
3582 1662 3689 1702 suo

276 1740 409 1792 σθαι
454 1743 573 1798 τοῖς
631 1736 944 1812 πράγμασιν
991 1733 1192 1812 ἔσχον’
1251 1732 1655 1807 χρηματίζεται
1712 1734 1844 1806 γοῦν
1894 1730 1931 1800 ἢ

2048 1752 2174 1793 rum
2206 1735 2703 1807 impetrationem,
2757 1738 2863 1793 hoc
2902 1755 2982 1801 se.
3030 1739 3249 1809 majore
3296 1737 3466 1794 etiam
3513 1753 3687 1809 quam

277 1830 475 1900 μήτηρ
532 1827 723 1887 νυκτὸς
762 1822 1101 1900 δι’ἀγγὲλου
1157 1823 1250 1877 τὸν
1306 1819 1495 1887 παῖδα,
1536 1821 1726 1884 ὁποῖος
1785 1817 1930 1876 ἔσται

278 1914 589 1985 δηλοῦντος
614 1934 627 1946 ·
654 1915 745 1969 καὶ
777 1916 860 1969 ὅτι
890 1917 1149 1968 τοσοῦτον
1181 1912 1332 1983 αὐτῷ
1360 1918 1461 1980 τῆς
1502 1911 1731 1985 χάριτος
1778 1930 1931 1983 περι-

276 2006 457 2072 ἐσται,
490 2004 567 2065 ὡς
628 2006 705 2075 μὴ
770 2004 933 2075 μόνον
984 2000 1172 2075 πράξει
1229 1999 1319 2055 καὶ
1377 1998 1598 2073 θεωρίᾳ,
1628 1999 1717 2053 καὶ
1771 2005 1931 2054 πᾶσιν

279 2093 479 2155 ἁπλῶς
508 2098 626 2155 τοῖς
656 2099 754 2160 τῆς
805 2092 999 2166 ἀρετῆς
1037 2088 1204 2145 εἴδεσι
1251 2093 1358 2145 τῶν
1402 2086 1594 2144 ἄλλων
1645 2088 1935 2164 ὑπερσχεῖν

279 2180 635 2251 δεδυνῆσθαι,
686 2179 832 2237 ἀλλὰ
887 2181 978 2235 καὶ
1033 2182 1102 2253 τῇ
1146 2184 1252 2234 τῶν
1309 2177 1494 2254 λόγων
1545 2177 1706 2253 ῥώμῃ
1758 2182 1828 2251 τῇ
1876 2199 1935 2233 τε

276 2271 460 2346 ἄλλῃ,
494 2272 583 2326 ααὶ
630 2275 711 2343 τῷ
764 2270 887 2345 περὶ
938 2273 1073 2325 Θεοῦ
1120 2271 1209 2324 καὶ
1256 2273 1363 2323 τῶν
1414 2268 1570 2322 θείων
1616 2268 1747 2340 μετὰ
1800 2265 1935 2321 Θεοῦ

279 2364 372 2417 καὶ
433 2364 534 2430 τῆς
583 2362 784 2416 ὲκεῖθεν
834 2359 1115 2421 ἐπιπνοίας
1174 2357 1493 2434 φιλοσοφεῖν
1551 2356 1698 2432 ἔχειν
1749 2356 1931 2429 ἀξίως,

280 2450 497 2526 ὀλίγοις
549 2448 869 2506 καταλιπεῖν
916 2450 1079 2524 ἐγγὺς
1137 2447 1314 2502 ἐλθεῖν
1365 2448 1577 2502 ἑαυτοῦ.
1624 2448 1827 2522 Ἀμφω
1878 2445 1934 2501 δὲ

275 2544 450 2593 ταῦτα
500 2538 572 2593 δι’
602 2538 806 2612 ἀμφοῖν
851 2535 1194 2612 βεϐαιοῦνται
1221 2556 1235 2568 ·
1271 2534 1358 2590 διὰ
1406 2536 1502 2608 μὲν
1545 2540 1643 2590 τοῦ
1671 2536 1935 2590 τοιούτων

277 2632 560 2703 χρησμῶν
617 2629 900 2697 ἠξιῶσθαι,
961 2628 997 2695 ἡ
1063 2630 1171 2681 τῶν
1248 2625 1493 2699 πατέρων
1563 2628 1680 2678 κατ’
1737 2624 1934 2697 ἀρετήν

274 2713 645 2786 εὐδοκίμησις
669 2730 684 2744 ⁸
707 2714 769 2767 τὸ
803 2710 850 2767 δ’
871 2713 1089 2783 ἀξίωμα
1117 2716 1214 2765 τοῦ
1244 2708 1458 2777 παιδὸς,
1492 2710 1580 2764 διὰ
1610 2714 1710 2765 τοῦ
1740 2715 1933 2763 τοῦτον

276 2802 469 2864 αὐτοῖς
497 2803 646 2858 οὕτω
678 2799 966 2856 δεδόσθαι·
1009 2802 1037 2854 ὑ
1088 2801 1191 2875 μέρ
1237 2800 1340 2875 γάρ
1390 2800 1437 2853 εἰ
1496 2802 1570 2870 μὴ
1626 2799 1933 2872 θαυμαστός

270 2914 360 2954 τις
391 2889 628 2964 ἔμελλεν
657 2889 888 2957 ἔσεσθαι,
921 2890 1021 2944 οὐκ
1060 2890 1119 2943 ἃν
1169 2890 1428 2959 τοιαύτην
1481 2887 1688 2963 γένεσιν
1731 2884 1888 2961 ἔσχεν
1914 2906 1927 2918 ·

388 2978 411 2996 η

2046 1829 2310 1895 peterent
2341 1842 2636 1892 mensura,
2668 1833 3102 1883 consecuturos.
3135 1827 3334 1899 Neque
3392 1842 3503 1882 sua
3558 1826 3691 1882 illos

2046 1912 2140 1967 hic
2171 1915 2448 1969 frustrata
2471 1928 2603 1984 spes
2634 1920 2721 1969 est
2744 1930 2757 1981 ;
2790 1930 2967 1985 quam
2987 1916 3164 1970 etiam
3185 1915 3377 1986 reipsa
3394 1913 3687 1982 vicerunt;

2045 2003 2262 2073 quippe
2285 2011 2455 2059 noctu
2485 2003 2870 2074 perangelum
2903 2004 3186 2059 divinitus
3216 2004 3288 2060 de
3319 2006 3436 2059 tilio
3486 2005 3691 2061 admo-

2045 2093 2170 2147 nita
2204 2097 2411 2159 mater,
2444 2092 2544 2163 qui
2587 2091 2895 2163 qualisque
2926 2095 3160 2150 futurus
3187 2102 3332 2149 esset
3359 2099 3687 2150 monstran-

2044 2185 2183 2246 tem,
2235 2186 2292 2236 et
2321 2182 2473 2252 quod
2507 2187 2669 2236 tanta
2688 2182 2895 2237 divinas
2918 2184 3115 2253 gratia:
3131 2182 3294 2253 capia
3313 2182 3396 2237 illi
3419 2183 3688 2238 adfutura

2045 2274 2225 2335 esset,
2251 2279 2310 2324 ut
2341 2287 2455 2325 non
2487 2272 2655 2325 modo
2685 2271 2909 2326 actions
2954 2277 3130 2342 atque
3180 2272 3686 2344 contemplatione,

2044 2360 2383 2415 etuniverso
2396 2360 2672 2415 virtutum
2697 2360 2951 2431 agmine,
2980 2361 3201 2416 caeteris
3228 2360 3571 2416 mortalibus
3594 2379 3692 2416 an-

2045 2447 2293 2502 teiturus
2323 2452 2500 2514 esset,
2521 2449 2624 2501 sed
2664 2446 2830 2502 variae
2874 2448 3015 2503 item
3057 2449 3333 2503 doctrinas
3374 2450 3688 2503 lacundiaa-

2046 2552 2160 2607 que
2192 2537 2265 2597 vi,
2290 2553 2427 2593 cum
2456 2537 2567 2592 alia
2612 2539 2795 2604 omni,
2816 2543 2940 2593 tum
2993 2541 3281 2610 praecique
3306 2541 3377 2595 de
3400 2540 3688 2595 Deoacdi-

2048 2626 2204 2680 vinis
2234 2626 2410 2681 rebus
2442 2642 2549 2697 ope
2573 2626 3070 2697 inspirationeque
3102 2628 3314 2694 divina,
3347 2630 3591 2699 dignum
3627 2631 3684 2683 in

2049 2717 2286 2769 modum
2319 2715 2642 2770 disserendi
2673 2731 2741 2770 ac
2763 2715 3213 2786 philosophandi
3231 2717 3525 2784 facultate,
3551 2734 3689 2788 pau-

2046 2802 2131 2857 cis
2164 2804 2219 2857 id
2251 2819 2659 2870 concessurus,
2693 2808 2755 2859 ut
2780 2804 3053 2875 proprius
3091 2806 3163 2860 ad
3213 2822 3276 2860 se
3323 2808 3687 2862 accederent.

2047 2894 2209 2957 Quod
2228 2897 2541 2963 utrumque
2558 2894 2831 2962 utrinque
2847 2894 2993 2949 satis
3014 2911 3075 2949 re
3097 2896 3538 2966 comprobatum
3557 2898 3686 2965 fuit,

277 2983 331 3035 oi
383 2978 432 3035 δ’
490 2978 591 3035 οὐκ
648 2980 709 3034 ἃν
778 2979 921 3034 οὕτω
1000 2977 1432 3053 μεγαλοπρεπῶς
1490 2976 1934 3047 εἰσηκούσθησαν,

336 3070 351 3083 ι
439 3071 452 3083 ε
540 3069 554 3083 9
613 3070 626 3083 ι
705 3072 733 3082 .-
890 3068 903 3083 0
1063 3061 1086 3083 ﬂ
1559 3065 1570 3083 Ι

2049 2986 2358 3052 parentum
2394 2981 2661 3037 videlicet
2690 2982 2903 3037 eximia
2931 2983 3164 3038 virtutis
3193 2983 3377 3054 gloria
3409 2991 3688 3055 astructs,

280 3070 360 3142 μὴ
392 3071 493 3139 τὴν
526 3069 637 3124 ἀπὸ
666 3072 776 3122 τῶν
808 3068 1026 3141 τρόπων
1060 3061 1278 3144 ἔχοντες
1312 3065 1658 3140 συμμαχίαν.

2048 3072 2200 3143 quod
2238 3071 2486 3127 oraculis
2507 3072 2847 3141 huiusmodi
2881 3071 3106 3143 dignati
3138 3078 3337 3129 essent
3368 3090 3381 3127 :
3413 3072 3518 3128 ﬁlii
3554 3076 3690 3129 item

279 3162 628 3236 praestantia
684 3177 756 3217 ex
802 3177 889 3228 eo,
940 3161 1097 3232 quod
1151 3161 1256 3216 hoc
1314 3160 1488 3216 modo
1534 3160 1610 3214 iis
1640 3160 1891 3215 donatus
1939 3162 2054 3229 sit;
2096 3164 2198 3232 qui
2256 3164 2368 3218 nisi
2409 3164 2496 3218 vir
2537 3162 2901 3218 admirabilis
2932 3179 3213 3220 evasurus
3255 3165 3478 3231 luisset,
3512 3165 3689 3222 talem

278 3254 749 3322 haudquaquam
780 3251 1088 3307 habiturus
1110 3254 1234 3304 erat
1256 3248 1569 3319 originem;
1605 3264 1793 3319 neque
1822 3266 2029 3306 rursus
2050 3251 2243 3324 ample
2274 3253 2418 3308 adeo
2440 3258 2495 3309 et
2511 3252 2813 3323 magnifice
2841 3253 3097 3309 exauditi
3130 3258 3397 3325 parentes
3429 3254 3691 3322 fuissent,

276 3343 507 3412 absque
530 3342 660 3396 vita
694 3356 920 3394 morum
962 3354 1201 3393 suorum
1233 3338 1668 3408 suffragatione.

348 3426 738 3497 ΙΔ’.οὕτως,ὦ
768 3428 883 3481 θεία
912 3426 1000 3481 καὶ
1038 3425 1153 3499 ιερὰ
1180 3423 1520 3501 κεφαλήριαὶ
1546 3428 1655 3479 τῶν
1680 3423 1932 3500 μεγάλων

270 3523 371 3573 τοῦ
430 3521 570 3572 Θεοῦ
632 3515 949 3590 μυστηρίων
1004 3515 1240 3588 μάλιστα
1297 3514 1511 3568 πάκτων
1552 3514 1793 3569 αὐτόπτα
1845 3515 1936 3569 καὶ

275 3609 553 3662 κοινωνὲ·
605 3608 693 3662 καὶ
744 3606 871 3681 πρὶν
920 3606 955 3675 ἢ
1012 3605 1382 3681 γεγεννῆσθαι,
1443 3602 1705 3681 θεοφιλὴς
1772 3603 1937 3678 ἐτύγ-

276 3717 445 3771 χανες
477 3692 555 3749 ὥν
578 3714 592 3727 ·
626 3694 730 3750 οὐκ
759 3694 819 3749 ἐκ
846 3692 1062 3755 κοιλίας
1096 3693 1301 3766 μητρὸς
1335 3693 1409 3754 ὡς
1447 3694 1475 3746 ὁ
1530 3692 1743 3754 Παῦλος
1797 3691 1939 3767 ἀφω-

276 3785 541 3860 ρισμένος
568 3801 583 3815 ·
616 3782 745 3839 ἀλλ’
774 3783 977 3838 ἄνωθεν
1008 3783 1200 3856 ὁποῖος
1249 3775 1416 3836 ἔπειτ’
1446 3776 1542 3855 ἔσῃ
1592 3780 1935 3855 προωρισμὲο

276 3898 369 3938 νος
424 3877 515 3930 καὶ
575 3874 1022 3949 προεγνωσμένος
1078 3878 1156 3944 τῷ
1230 3871 1401 3928 πάντα
1474 3874 1598 3948 πρὶν
1676 3872 1934 3948 γενέσεως

277 3964 458 4018 ait:th
511 3961 679 4019 εἰδότι
729 3968 882 4035 Θεῷ’
918 3962 1029 4039 ἓφῷ
1079 3961 1169 4016 ’διὰ
1215 3970 1315 4030 τῆς
1362 3967 1470 4016 τῶν
1520 3962 1767 4035 πατέρων
1801 3982 1938 4034 προ-

277 4057 534 4125 κλήσεως
566 4053 813 4110 δεδόσθαι
863 4058 945 4125 τῷ
997 4054 1101 4127 βίῳ
1148 4055 1300 4120 κοινή
1342 4073 1424 4113 τις
1457 4051 1759 4126 ανθρώπων
1802 4048 1933 4121 ὄνη-

276 4148 399 4208 σιςὲ
436 4145 499 4200 Εἰ
532 4142 591 4199 δὲ
620 4144 805 4198 καὶτὰ
856 4142 1043 4221 ἐφεξῆς
1090 4143 1305 4201 τούτοις
1346 4136 1651 4212 ξυμϐαίνει,
1690 4140 1779 4194 καὶ
1826 4144 1935 4207 τῆς

279 4234 598 4294 ὑποθέσεως
648 4234 946 4311 ἀξιόχρεως
992 4230 1254 4306 ἀνεφάνης
1311 4229 1474 4291 αὐτὸς
1515 4230 1603 4283 καὶ
1650 4230 1725 4301 μή
1786 4229 1932 4284 πολὺ

275 4329 528 4399 κρεῖττον
607 4321 1068 4394 θαυμαστότερος,
1122 4318 1233 4391 ὅσῳ
1308 4318 1375 4373 τὰ
1454 4318 1550 4389 μὲν
1620 4318 1939 4391 προτέλειαί

2118 3430 2440 3486 XIV.Hunc
2457 3430 2513 3486 in
2530 3431 2833 3498 modum,o
2850 3431 3113 3487 divinum
3130 3449 3195 3488 ac
3209 3438 3481 3490 sanctum
3494 3438 3690 3504 caput,

2046 3526 2105 3576 et
2138 3538 2482 3593 magnorum
2503 3521 2602 3576 Dei
2628 3522 3035 3592 mysteriorum
3054 3526 3344 3593 spectator
3361 3523 3693 3595 arbiterque

2047 3608 2274 3677 intime,
2309 3610 2421 3665 Deo
2444 3610 2618 3666 etiam
2654 3610 2986 3680 priusquam
3022 3611 3083 3666 in
3132 3610 3322 3666 lucem
3386 3618 3692 3685 susceptus

2048 3698 2261 3752 charus
2301 3715 2469 3753 eras:
2498 3715 2614 3753 non
2644 3715 2710 3753 ex
2756 3704 2917 3754 utero
2963 3705 3249 3767 materno,
3297 3704 3361 3755 ut
3404 3700 3618 3757 Paulus
3647 3703 3689 3771 ⁸,

2048 3786 2316 3854 selectus,
2343 3788 2800 3856 sedjamdudum
2818 3787 3012 3859 qualis
3026 3789 3431 3857 postomodum
3460 3791 3692 3847 futurus

2046 3892 2202 3930 esses
2238 3876 2682 3946 praedestinatus
2736 3878 3242 3948 praecognitusque
3273 3876 3410 3947 Deo,
3443 3899 3469 3930 ‹
3503 3880 3602 3950 qui
3635 3897 3694 3934 o-

2049 3966 2206 4020 mnia
2222 3973 2533 4039 antequam
2552 3969 2692 4022 ﬁanl
2706 3972 3009 4038 perspecta
3029 3967 3293 4033 babet7,»
3307 3973 3695 4024 utcommune

2045 4056 2339 4125 quoddam
2372 4057 2601 4127 generis
2633 4055 2872 4111 humani
2903 4056 3145 4121 bonum,
3181 4073 3284 4127 par
3312 4062 3446 4114 vota
3486 4075 3691 4130 paren-

2048 4146 2253 4200 tumin
2282 4145 2456 4201 vitam
2514 4144 2786 4200 venires!
2836 4142 3042 4198 Utrum
3101 4161 3232 4199 vero
3290 4150 3494 4201 cetera
3539 4154 3690 4203 recte

2051 4233 2417 4301 conveniant,
2451 4239 2737 4304 tantaeque
2769 4232 3140 4287 destinationi
3191 4250 3292 4304 per
3341 4250 3534 4291 revera
3588 4251 3692 4292 ex-

2049 4321 2284 4389 stiteris,
2334 4331 2532 4377 etnon
2569 4321 2758 4393 potius
2824 4321 3010 4376 multo
3067 4324 3253 4393 magis
3302 4323 3687 4391 admirabilis,

273 4413 421 4475 τινές
474 4412 583 4467 εἶσι
637 4411 726 4465 καὶ
792 4409 1147 4484 παρασκευαὶ,
1200 4405 1318 4463 τὰδ’
1374 4407 1452 4471 εἰς
1501 4401 1665 4461 ἔπειτ’
1724 4408 1932 4482 ἀγῶνες

2051 4410 2205 4480 quod
2276 4410 2400 4465 haec
2447 4409 2909 4465 hactenusinitia
2962 4412 3225 4480 quaedam
3272 4416 3330 4466 et
3374 4419 3690 4483 apparatus

274 4502 368 4556 καὶ
417 4500 598 4576 ἔργων
639 4497 888 4569 ἐπίδειξις
945 4499 1035 4553 καὶ
1100 4499 1291 4571 πρᾶξις
1356 4497 1652 4575 ὑπερφυὴς,
1699 4498 1783 4557 τίς
1833 4498 1936 4551 οὐκ

276 4588 397 4644 οἶδε
428 4593 541 4644 τῶν
574 4589 810 4659 πάντων,
842 4586 1060 4661 μᾶλλον
1094 4583 1152 4640 δὲ
1196 4587 1280 4647 τίς
1326 4583 1509 4653 εἰδὼς,
1543 4584 1605 4639 οὐ
1652 4582 1936 4662 διαφερόν-

275 4700 386 4740 τως
442 4677 707 4751 θαυμάζει
754 4697 813 4731 τε
859 4676 949 4731 καὶ
998 4674 1305 4752 ξυγχαίρει,
1344 4674 1435 4728 καί
1484 4695 1568 4728 σοι
1633 4674 1779 4746 μόνῳ
1825 4678 1934 4729 τῶν

275 4769 503 4823 πάντων
531 4766 772 4834 τίθεταις
805 4764 980 4822 Ἀ).λᾶ
1012 4766 1183 4836 μήπω
1230 4768 1393 4819 τοῦτο
1418 4780 1431 4793 ⁸
1466 4761 1593 4818 ἀλλ’
1624 4761 1707 4817 ὅτι
1756 4783 1932 4838 παρα-

280 4856 456 4925 δόξως
501 4856 644 4910 οὕτω
687 4854 928 4929 τεχθεὶς,
977 4850 1277 4927 παράδοξον
1338 4851 1443 4926 οὐχ
1480 4854 1643 4921 ἦττον
1692 4852 1783 4907 καὶ
1830 4853 1930 4921 τὴν

277 4944 523 5003 ἐντεῦθεν
557 4943 791 5020 πρόοδον
826 4941 1002 5017 ἔσχεν.

2048 4498 2228 4563 fuere,
2262 4507 2532 4555 secutura
2561 4504 2754 4555 autem
2778 4514 2911 4553 vera
2956 4507 3126 4553 erunt
3169 4501 3507 4569 certamina,
3551 4518 3689 4573 ope-

2046 4602 2293 4657 rumque
2330 4587 2678 4657 specimina,
2708 4596 2762 4642 et
2783 4587 3040 4642 actiones
3071 4586 3331 4656 heroicis,
3366 4589 3498 4660 quis
3531 4605 3686 4645 mor-

2045 4675 2247 4731 talium
2279 4691 2430 4732 unus
2458 4684 2561 4743 est,
2595 4676 2692 4747 qui
2725 4676 2948 4731 nesciat
2975 4675 3004 4730 ?
3032 4676 3151 4733 imo
3188 4694 3321 4733 vero
3348 4678 3535 4750 potius
3557 4679 3689 4750 quis

2042 4769 2133 4821 est
2165 4781 2357 4820 rerum
2392 4767 2633 4820 istarum
2665 4764 2874 4820 notitia
2899 4764 3240 4832 instructus,
3276 4768 3374 4836 qui
3421 4784 3539 4823 non
3575 4785 3689 4823 ma-

2036 4854 2222 4924 jorem
2248 4854 2304 4908 in
2338 4854 2577 4909 modum
2607 4869 2707 4909 eas
2755 4854 3077 4909 admiretur
3117 4856 3686 4927 congratulaturque,

2039 4942 2262 5013 tibique
2290 4958 2358 4997 ex
2388 4943 2660 4999 omnibus
2716 4944 2818 4998 uni
2858 4942 3231 5014 potissimum
3282 4944 3632 5015 sull'ragetur
3660 4946 3689 5000 τ

280 5037 496 5095 Verum
530 5035 825 5092 enimvero
857 5034 1113 5089 nondum
1146 5032 1238 5089 his
1258 5032 1421 5090 locus
1452 5036 1615 5090 erat:
1649 5034 1840 5104 potius
1890 5031 2046 5088 enim
2077 5047 2230 5088 nunc
2269 5031 2715 5099 ostendendum,
2775 5034 2877 5103 qui
2933 5032 3018 5087 ita
3063 5033 3342 5089 inusitato
3402 5034 3569 5089 modo
3626 5035 3685 5090 in

281 5129 474 5184 lucem
515 5126 829 5197 prodierat,
861 5122 1133 5194 deinceps
1156 5137 1272 5178 non
1306 5122 1501 5177 minus
1538 5121 1892 5193 singularem
1925 5137 2259 5192 novumque
2291 5120 2422 5177 vitae
2452 5136 2824 5192 progressum
2855 5119 3145 5177 habuisse.

356 5216 459 5271 lE'.
491 5214 569 5270 Οὐ
606 5214 709 5289 γὰρ
758 5210 825 5281 δὴ
866 5215 994 5274 παῖς
1042 5207 1115 5265 ὢν
1153 5209 1242 5265 καὶ
1290 5211 1407 5264 κατ’
1454 5208 1651 5271 αὐτοὺς
1706 5209 1935 5271 τούτους

283 5302 469 5359 εἵλετο
527 5305 651 5376 ζῇν,
689 5302 779 5356 καὶ
834 5303 946 5355 τῶν
994 5298 1169 5355 αὐτῶν
1224 5296 1451 5361 ἐκείνοις
1510 5299 1797 5367 ἡττᾶσθαι,
1858 5299 1933 5358 ὡς

283 5397 373 5446 νῦν
424 5392 523 5465 μὶν
575 5387 780 5459 ἡδονὰς
825 5389 917 5443 καὶ
963 5388 1195 5462 κρότους
1240 5386 1330 5441 καὶ
1369 5386 1513 5458 ἄλση
1545 5386 1637 5442 καὶ
1668 5384 1935 5463 παραδεί-

288 5501 395 5535 σων
452 5479 707 5558 χάριτας,
762 5483 855 5534 νῦν
915 5475 972 5534 δὲ
1026 5478 1297 5554 γυμνάσια
1384 5477 1474 5531 καὶ
1558 5475 1782 5551 λουτρὰ,
1841 5477 1928 5531 καὶ

361 5663 385 5697 ⁸
413 5662 603 5721 Galat.
628 5664 670 5733 Ι,
705 5662 789 5718 15.
866 5663 888 5697 ⁷
918 5660 1071 5718 Dun.
1098 5676 1222 5729 xm,
1296 5661 1388 5716 42.

2119 5211 2243 5266 XV.
2332 5211 2569 5266 Minime
2618 5210 2772 5265 enim
2807 5210 2903 5266 ille
2932 5210 2991 5265 in
3052 5211 3257 5280 primis
3286 5209 3685 5269 adolescentia:

2043 5299 2251 5371 spatiis
2283 5315 2542 5366 versans,
2575 5297 2760 5354 (statis
2788 5298 2925 5353 illus
2973 5300 3249 5367 adoptare
3297 5315 3511 5366 mores,
3558 5302 3685 5372 qui-

2044 5388 2273 5460 busque
2295 5388 2395 5443 illa
2426 5388 2672 5459 capitur,
2703 5387 2832 5458 capi
2854 5387 3159 5457 vincique:
3194 5392 3251 5441 et
3283 5388 3453 5442 modo
3483 5387 3686 5444 volun-

2043 5482 2212 5545 tates,
2242 5482 2299 5533 et
2328 5477 2597 5549 plausus,
2627 5481 2686 5532 et
2716 5483 2895 5547 prata,
2912 5484 2965 5532 et
2992 5477 3173 5544 lucos,
3198 5479 3254 5531 et
3273 5476 3682 5547 paradieorum
