4118 6214
413 379 527 442 231

1709 373 2108 438 THEODULI
2153 369 2502 436 MONAGHI

3697 378 3815 436 232

413 516 783 571 amoenitates
816 531 829 580 ;
867 513 1036 568 modo
1069 529 1269 568 rursus
1291 511 2050 584 gymnasia,et;balneas,et

2167 505 2356 562 'imrmv
2409 508 2677 579 ἁμίλλας,
2725 506 2813 561 καὶ
2881 507 3302 580 Θεατροσκοπίας
3379 504 3629 562 διώκειν·
3692 507 3816 563 οὐδὲ

413 606 584 661 ludos
624 605 952 666 circenseis,
995 607 1051 656 et
1110 603 1416 656 theatralis
1463 600 1790 670 spectacula
1821 599 2048 664 sectari,

415 711 531 749 non
565 695 660 750 ille
709 695 858 749 circa
905 692 1241 746 venationes
1301 691 1580 753 insanire,
1617 707 1732 744 non
1782 690 1960 744 armi
1993 689 2051 742 in

414 799 584 852 camp
640 781 910 846 exerceri,
961 796 1076 835 non
1124 795 1324 834 arcum
1381 780 1631 834 scienter
1686 777 2052 836 contendere,

413 873 514 924 aut
543 875 673 940 apte
705 872 772 924 ad
808 885 1044 939 scopum
1070 868 1379 924 collineare
1405 884 1418 933 ;
1445 883 1558 922 non
1611 866 1750 921 item
1783 865 2052 920 fritillum

410 974 690 1023 exercere,
722 963 822 1012 aut
843 958 1082 1013 choreas
1106 958 1337 1024 ducere,
1371 963 1472 1012 aut
1517 955 1634 1027 pila
1662 955 1924 1022 lusitare,
1956 957 2057 1009 aut

409 1047 520 1101 alia
537 1047 872 1117 hujusmodi
897 1048 1177 1112 factitare,
1205 1046 1419 1116 quibus
1441 1051 1507 1100 ut
1528 1046 1846 1116 plurimum
1864 1048 2054 1100 δειλω-

409 1135 524 1190 lam
555 1152 716 1190 suam
742 1137 1020 1205 juventus
1051 1135 1320 1198 oblectat,
1363 1151 1612 1205 quorum
1648 1133 1924 1203 Gregorio
1957 1147 2058 1187 no-

409 1233 525 1279 stro
546 1225 803 1296 placebat
823 1225 1055 1279 omnino
1074 1223 1237 1288 nihil,
1255 1227 1506 1278 multum
1541 1224 1797 1294 profecto
1822 1223 2050 1276 aberat:

411 1329 604 1368 verum
639 1315 724 1369 his
743 1313 1016 1368 omnibus
1035 1315 1268 1380 longum
1291 1311 1764 1382 valerejussi,sut
1781 1327 1886 1366 suo
1903 1310 2050 1381 judi-

408 1404 496 1458 cio
519 1403 750 1472 abiectas
767 1403 972 1458 animae
997 1401 1219 1457 vitiosis
1243 1401 1648 1457 affectionibus
1670 1402 1862 1456 verius
1879 1415 2050 1470 quam

410 1493 772 1563 disciplinis;
808 1497 1010 1548 contra
1041 1494 1214 1546 rebus
1243 1493 1500 1546 omnium
1534 1489 1896 1560 gravissimis
1926 1488 2050 1560 pul-

409 1581 850 1650 cherrimisque,
885 1585 1077 1650 etquae
1100 1595 1330 1636 summo
1350 1581 1499 1648 apud
1541 1585 1718 1634 Deum
1753 1578 2046 1634 homines-

411 1687 523 1741 que
555 1671 612 1724 in
646 1672 825 1740 pretio
855 1675 1016 1734 sunt,
1065 1675 1248 1723 totum
1293 1683 1422 1724 sese
1453 1669 1698 1734 addixit,
1757 1682 2050 1738 quamque

411 1759 496 1813 hie
543 1759 1090 1813 commentationem
1149 1767 1322 1827 atque
1381 1755 1736 1823 diligentiam
1791 1756 2046 1826 exigunt,

2161 599 2282 669 περὶ
2341 599 2510 666 θήρας
2568 597 2848 668 μαίνεσθαι
2901 598 2984 648 καὶ
3040 595 3185 649 ὅπλα
3238 597 3675 670 μεταχειρίζειν·
3726 598 3814 652 καὶ

2159 689 2312 757 τόξον
2349 689 2587 742 ἐντείνειν
2622 685 2678 742 εὖ
2710 684 2927 755 εἰδέναι,
2951 686 3040 740 καὶ
3093 687 3228 758 μετὰ
3278 687 3479 742 σκοπὸν
3533 685 3762 760 βάλλειν
3795 707 3809 722 ⁸

2163 777 2249 829 καὶ
2311 773 2530 849 προσέτι
2589 772 2856 844 κυϐεύειν,
2914 775 3220 849 ὀρχεῖσθαι,
3280 781 3508 851 σφαῖραν
3577 775 3812 844 παίζειν,

2163 864 2344 920 τᾶλλα
2401 871 2574 920 ποιεῖν
2641 865 2722 926 οἷς
2781 863 2922 925 εἰκὸς
2996 863 3120 925 τοὺς
3181 863 3231 918 ἐν
3279 859 3496 933 νεότητι
3559 864 3810 942 χαίρειν.

2162 958 2374 1008 τούτων
2405 951 2554 1008 οὐδὲν
2587 952 2774 1024 ἐκείνῳ
2806 953 2942 1026 πρὸς
2972 950 3138 1028 λόγον
3167 971 3180 985 ·
3214 949 3432 1008 πολλοῦ
3463 974 3520 1026 γε
3551 953 3640 1008 καὶ
3691 951 3810 1007 δεῖ·

2163 1042 2290 1098 ἀλλ’
2348 1042 2614 1118 ἐρρῶσθαι
2673 1044 2891 1103 τούτοις
2951 1038 3114 1096 ἅπασι
3192 1043 3420 1119 φράσας,
3479 1044 3569 1097 καὶ
3621 1046 3812 1121 ψυχῆς

2161 1133 2410 1206 ἀγεννοῦς
2461 1134 2756 1204 παθήματα
2804 1133 2953 1185 ταῦτ’
2985 1132 3122 1184 εἶναι
3178 1131 3392 1202 μᾶλλον
3437 1131 3471 1199 ἢ
3509 1133 3814 1204 μαθήματα

2161 1221 2365 1296 κρίνας,
2426 1223 2453 1274 ὁ
2502 1219 2560 1275 δὲ
2613 1226 2728 1281 τοῖς
2797 1223 3011 1274 πάντων
3094 1217 3543 1282 σπουδαιοτάτοις
3607 1241 3664 1274 τε
3721 1220 3812 1274 καὶ

2160 1309 2478 1370 καλλίστοις
2527 1311 2614 1362 καὶ
2667 1309 2812 1384 παρᾶ
2869 1313 2986 1380 Θεῷ
3047 1309 3136 1362 καὶ
3194 1310 3499 1380 ἀνθρώποις
3550 1309 3810 1384 μεγάλων

2161 1398 2500 1468 ἀξιουμένοις
2559 1403 2667 1451 τῶν
2745 1395 3082 1471 πραγμάτων
3149 1397 3322 1470 φέρων
3380 1398 3564 1450 ἑαυτὸν
3625 1396 3814 1470 ἐμπα-

2164 1485 2335 1561 μὲσχε
2361 1506 2372 1518 ·
2405 1486 2496 1540 καὶ
2552 1487 2651 1554 τήν
2713 1485 2766 1540 ἐν
2820 1485 3036 1548 τούτοις
3093 1485 3325 1559 μελέτην
3358 1508 3414 1541 τε
3443 1486 3534 1541 καὶ
3565 1485 3812 1556 σπουδὴν

2157 1576 2423 1644 τοσαύτης
2480 1577 2638 1644 ἠξίου
2697 1571 2964 1643 σπουδῆς,
3015 1577 3090 1638 ὡς
3149 1575 3286 1648 μόνα
3333 1581 3500 1631 ταῦτα
3564 1577 3812 1650 νομίζειν

2160 1667 2349 1720 ἑαυτοῦ
2415 1662 2640 1719 παιδικὲι
2721 1664 2810 1718 καὶ
2879 1663 3153 1740 προῦργου
3229 1667 3538 1719 ποιεῖσθαι·
3595 1667 3684 1720 καὶ
3743 1664 3808 1719 τὸ

2165 1753 2441 1828 μέγιστον,
2493 1753 2554 1807 οὗ
2605 1753 2750 1826 παρᾶ
2791 1753 2952 1826 μέρος
3001 1753 3219 1816 τούτοις
3273 1753 3500 1829 ἐχρῆτο,
3535 1753 3661 1808 οὐδὲ
3714 1757 3806 1807 νῦν

409 1864 476 1903 ea
519 1847 859 1902 assiduitate
917 1846 1430 1915 complectebatur,
1517 1851 1582 1900 ut
1647 1844 1804 1900 solas
1881 1845 2048 1899 hasce

2165 1843 2258 1914 μὲν
2319 1847 2502 1912 τοῦτο,
2533 1847 2624 1895 νῦν
2667 1840 2714 1896 δ’
2761 1841 2954 1909 ἐκεῖνο,
3012 1841 3159 1898 ἀλλᾶ
3213 1843 3349 1897 κατὰ
3406 1843 3598 1896 ταυτὸν
3641 1845 3810 1920 ἄμφω

410 1937 644 1992 delicias
667 1937 1076 2000 suasduceret,
1103 1951 1408 2006 operasque
1428 1951 1544 1988 suas
1569 1935 1751 2004 pretia
1789 1933 2044 1988 haberet.

411 2027 558 2079 ’l‘um
593 2027 744 2095 quod
774 2025 1090 2079 maximum
1123 2024 1328 2094 utique
1358 2027 1465 2093 est,
1511 2040 1626 2078 non
1671 2022 1768 2077 ille
1797 2022 2044 2077 vicissim

413 2119 469 2168 et
499 2114 735 2169 alternis
765 2115 832 2167 ad
860 2113 977 2168 haec
1001 2113 1198 2167 studia
1229 2113 1601 2166 incumbebat
1632 2133 1646 2176 ;
1675 2127 1863 2182 neque
1895 2127 2049 2166 nunc

416 2204 728 2268 haecmunc
759 2203 877 2264 illa,
912 2203 1010 2256 sed
1041 2203 1216 2255 simul
1239 2207 1484 2270 utraque
1505 2199 2049 2270 tractabat:quippe

410 2292 512 2361 qui
545 2297 900 2362 compertam
933 2290 1172 2343 haberet
1203 2296 1581 2359 utrorumque
1615 2297 1870 2342 mutuam
1907 2289 2070 2366 inter.

405 2397 467 2435 se
517 2381 876 2446 relationem,
905 2379 1264 2448 societasque
1305 2395 1530 2448 operas,
1584 2377 2050 2447 quandoquidem

405 2469 595 2524 officia
625 2469 857 2523 virtutis
890 2475 1220 2522 recteantea
1253 2473 1506 2538 praestari
1533 2471 1848 2536 nequeunt,
1877 2482 2051 2536 quam

405 2559 550 2612 ratio
573 2558 806 2614 illorum
821 2557 1590 2627 accuratajcommentatione
1613 2561 1908 2624 perspecta
1939 2555 2054 2608 fue-

406 2649 514 2702 rit:
549 2665 753 2702 rursus
801 2645 1060 2701 doctrina
1104 2647 1314 2700 virtute
1368 2662 1710 2715 merumque
1769 2644 2052 2715 probitate

406 2739 626 2802 orbata,
655 2751 726 2790 ne
757 2735 1018 2790 doctrina
1047 2751 1175 2790 esse
1217 2734 1464 2800 videtur,
1505 2735 1606 2789 sed
1639 2733 2054 2788 irrationabilia

2161 1933 2390 2004 μετῄει·
2422 1933 2521 1999 τήν
2556 1932 2822 2004 ἑκατέρων
2851 1929 3010 1993 εἰδὼς
3049 1933 3184 2004 πρὸς
3244 1930 3467 2000 ἄλληλα
3509 1933 3692 2005 σχέσιν
3747 1951 3810 1986 τε

2156 2021 2243 2072 καὶ
2296 2019 2642 2074 συντέλειαν*
2677 2017 2800 2074 οὔτε
2849 2019 2950 2094 γὰρ
3002 2019 3034 2072 ἃ
3084 2017 3165 2073 δεῖ
3211 2022 3464 2093 πράττειν
3515 2021 3624 2074 ἐστὶ
3681 2021 3810 2094 πρὶν

2157 2107 2262 2162 ἔδει
2297 2111 2392 2180 [ιιι]
2435 2107 2542 2178 ἤδη
2595 2117 2697 2165 aut
2744 2111 2936 2164 denuo
2985 2109 3018 2162 ἃ
3069 2107 3169 2180 δεῖ]
3200 2115 3396 2184 γνῶναι
3441 2113 3518 2181 τῷ
3569 2109 3740 2184 λόγῳ,
3777 2109 3809 2162 ὅ

2156 2218 2211 2250 τε
2257 2197 2423 2270 λόγος
2473 2197 2518 2250 εί
2567 2199 2642 2270 μή
2697 2199 2808 2270 μετ’
2857 2198 3052 2268 ἀρετῆς
3099 2198 3186 2251 καὶ
3242 2197 3460 2270 τρόπων
3510 2197 3598 2267 εἵη
3658 2217 3804 2272 χρη-

2160 2291 2320 2356 στῶν,
2353 2284 2649 2340 κινδυνεύει
2709 2284 2848 2360 μηδὲ
2906 2285 3070 2362 λόγος
3125 2309 3208 2350 τις
3257 2288 3411 2354 εἶναι,
3445 2286 3590 2341 ἀλλὰ
3635 2287 3807 2361 λόγος

2160 2373 2360 2450 ἄλογος
2391 2377 2464 2436 ὼς
2499 2375 2702 2429 εἰπεῖν·
2738 2374 2788 2428 εἷ’
2807 2374 2851 2429 δ’
2883 2377 2911 2429 ὁ
2949 2377 3156 2430 τούτων
3203 2376 3539 2448 συνδυασμὸς
3589 2375 3808 2430 πολλοῦ

2159 2485 2306 2525 τινος
2337 2463 2506 2534 ἄξιος,
2539 2470 2656 2526 πῶς
2707 2465 2806 2519 οὐκ
2849 2461 3209 2535 ἀντιληπτέον
3258 2467 3394 2538 ἡμῖν
3444 2465 3582 2519 ἐστιν
3627 2467 3812 2538 ἀμφο-

2159 2553 2428 2628 τέρων,εἰ’
2469 2574 2528 2626 γε
2589 2553 2948 2628 βουλοίμεθα,
2991 2557 3065 2628 μὴ
3127 2553 3209 2609 ὅτι
3267 2577 3329 2628 γε
3389 2555 3604 2628 μείζους
3649 2558 3810 2626 ἡμῶν

2161 2642 2340 2695 αὐτῶν
2397 2645 2740 2717 γεγενῆσθαι,
2799 2643 2943 2697 ἀλλὰ
2993 2644 3081 2698 καὶ
3143 2642 3442 2698 θεοείκελοί
3497 2663 3636 2706 τινες
3691 2642 3813 2697 ἀτε-

2166 2735 2316 2804 χνῶς
2340 2751 2353 2797 ;

404 2829 666 2897 quaedam
725 2833 789 2880 ut
839 2825 920 2880 sic
979 2825 1201 2896 loquar,
1263 2827 1554 2892 doctrina;
1625 2825 1714 2879 sin
1765 2841 1898 2879 vero
1960 2823 2156 2894 magni
2205 2824 2467 2878 iacienda
2511 2823 2718 2879 harum
2755 2841 2939 2880 rerum
2975 2822 3270 2896 copulatio
3301 2828 3406 2890 est,
3443 2841 3668 2880 summo
3691 2841 3818 2894 pro-

405 2919 554 2974 lecto
587 2918 783 2972 studio
807 2916 981 2972 simul
1011 2916 1120 2970 illis
1153 2917 1322 2972 nobis
1353 2916 1712 2985 capessendae
1749 2920 1942 2978 erunt,
1983 2914 2028 2967 si
2089 2931 2202 2968 non
2241 2913 2409 2969 modo
2475 2913 2915 2986 nobismetipsis
2975 2916 3247 2985 majores,
3305 2915 3403 2970 sed
3456 2916 3570 2970 Deo
3635 2915 3814 2970 etiam

403 3007 627 3062 similes
665 3007 782 3060 lieri
817 3005 1058 3059 omnino
1090 3007 1418 3059 studemus.

479 3097 625 3151 XVI.
661 3097 884 3150 Etenim
920 3113 1047 3166 quae
1079 3101 1230 3160 sunt,
1286 3111 1399 3164 qua
1438 3099 1594 3160 sunt,
1657 3099 1848 3148 mente
1896 3109 2053 3148 com-
2087 3095 2128 3159 C

406 3186 598 3258 plecti,
635 3201 944 3254 rerumque
983 3185 1313 3238 divinarum
1335 3187 1390 3238 et
1421 3183 1808 3238 humanarum
1845 3181 2053 3237 intelli—

405 3279 608 3344 gentta
643 3275 877 3344 pollare.
911 3279 969 3327 et
995 3275 1112 3340 jam
1141 3289 1296 3326 nunc
1320 3271 1473 3326 velut
1507 3273 1563 3326 in
1581 3272 1824 3327 concilio
1854 3271 2053 3326 cmles-

407 3367 546 3418 tium
581 3363 818 3426 versari,
850 3379 954 3418 nec
991 3363 1066 3416 rei
1103 3361 1462 3416 terrestrium
1497 3377 1682 3415 rerum
1715 3360 1819 3415 ulli
1851 3363 2054 3415 aflixos

405 3454 821 3518 adbaarescere,
855 3452 1008 3521 quod
1027 3451 1326 3505 indefessa!
1349 3467 1414 3504 ac
1440 3453 1616 3505 beatis
1633 3451 1936 3518 cujusdam
1957 3465 2054 3502 na-

405 3545 556 3594 tura:
585 3540 884 3610 proprium
910 3547 1016 3603 est,
1052 3537 1105 3590 id
1145 3539 1213 3591 de
1269 3537 1482 3591 virtute
1533 3536 1816 3606 bonisque
1849 3535 2056 3590 litteris

413 3627 586 3684 nobis
618 3627 882 3698 provenit
913 3643 926 3681 :
962 3641 1210 3696 quarum
1244 3641 1421 3694 supra
1449 3625 1674 3680 omneis
1705 3625 1896 3680 omnis
1929 3641 2058 3678 me-

410 3717 606 3771 moriae
633 3715 901 3771 homines
935 3714 1152 3784 ingenti
1199 3729 1394 3768 arnore
1429 3719 1628 3768 noster
1649 3712 1971 3784 perculsus.
1999 3716 2056 3766 et

409 3821 606 3862 earum
631 3805 1060 3874 possessionem
1098 3803 1273 3856 rebus
1305 3803 1436 3856 aliis
1467 3803 1740 3856 omnibus
1771 3801 2054 3871 antiquio-

409 3911 528 3949 rem
563 3897 802 3958 ducens,
836 3901 936 3946 aut
965 3893 1155 3946 verius
1181 3891 1230 3945 si
1265 3894 1372 3945 has
1404 3891 1709 3944 habiturus
1732 3895 1892 3945 esset
1923 3906 2048 3945 om-

408 3985 504 4038 nia
531 3999 656 4038 esse
686 3983 1025 4037 habiturum
1059 3989 1239 4044 ratus,
1275 3979 1641 4034 continentia:
1675 3979 1926 4034 maxime
1957 3997 2044 4034 as-

404 4075 706 4144 siduisque
757 4073 1050 4126 laboribus
1101 4086 1334 4140 operam
1386 4069 1603 4124 dabat:
1668 4085 1800 4122 cum
1846 4085 2052 4125 somno

402 4177 534 4216 vero
567 4162 624 4214 in
653 4159 859 4230 primis
893 4159 1134 4228 ejusque
1156 4157 1504 4211 necessitate
1538 4157 1854 4226 pugnabat,
1887 4156 1967 4209 ita
1989 4163 2054 4210 ut

399 4265 511 4304 non
547 4265 745 4319 parum
779 4249 847 4301 de
869 4253 1032 4301 sueta
1053 4263 1118 4300 ac
1141 4247 1340 4300 debita
1363 4245 2048 4315 quietededuceret,alia-

399 4357 512 4409 que
543 4340 678 4392 item
714 4337 909 4392 omnia
941 4335 1177 4406 agebat,
1212 4336 1519 4405 queistum
1554 4357 1580 4384 «
1615 4351 1916 4404 corpereas
1947 4351 2048 4388 cu-

406 4427 676 4497 piditates
695 4427 1058 4493 perdomaret
1079 4425 1120 4490 3,
1142 4445 1169 4474 »
1199 4429 1252 4479 et
1268 4447 1294 4470 ιι
1323 4424 1609 4478 terrestris
1635 4424 1898 4478 membra
1911 4423 2044 4477 fun-

401 4517 554 4571 ditus
577 4516 920 4584 exstirparet
949 4515 972 4547 9
1003 4533 1016 4580 ;
1052 4517 1175 4567 tum
1212 4517 1463 4566 mentem
1497 4516 1842 4582 perpugaret
1873 4528 2038 4567 acue-

381 4611 622 4676 rretque,
651 4613 700 4658 et
735 4605 805 4658 ad
844 4603 1038 4656 divina
1089 4602 1310 4674 pariter
1359 4601 1804 4671 litterarumque
1851 4602 2043 4655 studia

399 4697 720 4764 promptam
750 4692 1196 4762 expeditamque
1222 4689 1656 4758 pararetAnimi
1688 4705 1942 4758 namque
1961 4705 2044 4744 re-

397 4783 774 4841 missionibus
805 4799 872 4836 ac
901 4782 1069 4850 genio
1103 4777 1400 4835 liberalius
1451 4778 1777 4848 indulgere,
1810 4795 1844 4834 a
1893 4797 2044 4850 prae-

395 4876 612 4945 scripta
639 4871 864 4927 vivendi
903 4871 1024 4941 lcge
1059 4885 1158 4936 per
1189 4869 1490 4924 mollitiem
1519 4869 1764 4922 deiicere
1781 4873 1886 4936 est,
1913 4887 2047 4938 qua-

395 4965 561 5035 sique
593 4979 707 5032 pra
739 4962 939 5032 sagina
969 4973 1344 5027 crassescere,
1369 4967 1422 5012 et
1455 4958 1514 5012 in
1546 4963 1762 5012 terram
1799 4958 2048 5028 degene-

399 5069 562 5120 rare;
595 5051 858 5120 nihilque
895 5065 1092 5104 eorum
1125 5064 1249 5119 quae
1282 5045 1613 5101 necessaria
1647 5054 1803 5107 sunl,
1857 5061 2044 5116 neque

395 5145 590 5200 animo
622 5140 945 5210 concipere,
977 5153 1165 5209 neque
1187 5153 1359 5208 opere
1389 5135 1886 5206 libenterexsequi
1921 5151 1933 5188 :
1969 5141 2043 5191 te-

397 5233 608 5287 nebras
629 5231 825 5284 animo
857 5227 1213 5296 otIundente,
1249 5241 1376 5296 qua
1407 5224 1820 5279 eximmodicis
1849 5225 2041 5295 epulis

397 5322 701 5384 excitatur,
734 5317 968 5382 nebula,
993 5321 1336 5385 rectumque
1353 5313 1590 5368 rationis
1614 5329 1850 5368 cursum
1890 5331 2042 5383 prm-

397 5411 696 5481 pediente:
755 5413 952 5462 contra
1003 5405 1298 5460 moderata
1357 5404 1785 5458 esculentorum
1857 5404 2038 5458 absti-

401 5499 617 5565 nentia,
687 5503 955 5552 contento
1015 5493 1209 5548 studio
1285 5496 1455 5561 atque
1531 5491 1841 5548 sobrietate
1898 5509 2037 5548 con-

1136 5675 1158 5710 ⁹
1185 5673 1303 5730 Col.
1337 5689 1424 5740 in,
1451 5671 1508 5726 5.

469 5673 494 5708 ⁸
521 5676 684 5731 Rom.
763 5692 882 5746 vm,
912 5677 967 5746 6,
1005 5677 1057 5728 7.

2237 3091 2355 3164 Ig’.
2401 3093 2471 3146 Τὸ
2529 3093 2631 3168 γὰρ
2782 3089 2910 3147 ὄντα
2969 3091 3080 3147 ἐστὶ
3139 3093 3204 3146 τὰ
3261 3089 3388 3148 ὅντα
3445 3089 3662 3160 εῗδέναι,
3722 3090 3816 3146 καὶ

2165 3181 2318 3234 Θείιυν
2379 3203 2436 3236 τε
2493 3185 2578 3236 καὶ
2640 3183 2994 3255 ἂνθρωπίνων
3050 3181 3384 3257 πραγμάτων
3443 3183 3815 3254 ἐπιστήμονας

2163 3270 2326 3338 εἶναι,
2378 3272 2466 3324 καὶ
2523 3270 2828 3326 πολιτεύειν
2885 3270 2938 3325 ἐν
2995 3272 3209 3345 οὐρανῷ
3287 3268 3562 3336 δύνασθαι,
3626 3273 3703 3343 μὴ
3765 3268 3813 3324 δ’

2164 3361 2367 3430 ὁτῳοῦν
2446 3365 2553 3414 τῶν
2627 3359 2758 3434 τῇδε
2841 3362 3311 3435 προσπάσχοντας,
3373 3361 3654 3430 ἀκαμάτοιο
3721 3361 3810 3414 καί

2170 3449 2436 3523 μακαρίας
2488 3449 2697 3526 φύσεως
2737 3447 2880 3504 ’ίδιον
2925 3451 3004 3518 ὃν,
3045 3450 3094 3522 ἐξ
3147 3447 3230 3524 ἄρ’
3268 3449 3464 3522 ἀρετῆς
3507 3450 3593 3503 καὶ
3636 3449 3814 3524 λόγων

2163 3533 2304 3592 ἔστιν
2363 3541 2542 3612 ἡμῖν⁶
2575 3541 2648 3593 ὧν
2707 3539 2866 3601 οὗτος
2922 3541 3047 3612 παρ’
3106 3539 3344 3593 ὁντινοῦν
3400 3539 3474 3591 ὠν
3521 3537 3680 3610 ’ίσμεν
3733 3540 3812 3601 εἰς

2163 3620 2338 3700 ἔρωτα
2398 3629 2619 3700 μανικὸν
2669 3629 2954 3696 καταστὰς,
2987 3629 3076 3682 καὶ
3126 3627 3276 3689 ὅπως
3325 3629 3590 3698 κτήσαιτο
3645 3632 3814 3682 ταῦτα

2163 3719 2282 3788 περί
2329 3714 2577 3778 πλείονος
2635 3716 2783 3792 ἄγων
2835 3723 2943 3772 τῶν
3001 3715 3211 3786 ἄλλων,
3249 3715 3462 3789 μᾶλλον
3493 3713 3540 3770 δ’
3571 3715 3618 3770 εί
3662 3719 3815 3772 ταῦθ’

2161 3802 2284 3872 ἔξει,
2333 3807 2399 3859 τὰ
2446 3805 2600 3858 πάνθ’
2639 3803 2798 3878 ἕξειν,
2847 3805 3107 3878 νομίζων,
3162 3805 3444 3878 ἐγκρατείᾳ
3491 3805 3580 3859 καὶ
3629 3806 3816 3867 πόνοις

2163 3895 2236 3956 ὡς
2299 3893 2518 3966 μάλιστ’
2577 3892 2826 3969 ἐχρῆτο⁸
2875 3893 2964 3949 καὶ
3053 3890 3436 3964 παρεϐάλλετο
3515 3895 3612 3967 μὲν
3671 3897 3808 3968 πρὸς

2161 3981 2320 4035 ὕπνον
2363 3984 2453 4037 καὶ
2500 3985 2598 4050 τήν
2641 3983 2877 4038 ἐντεῦθεν
2923 3983 3162 4057 ἀνάγκην
3191 4003 3203 4015 ο
3240 3984 3314 4045 ὡς
3359 3984 3448 4038 καὶ
3495 3987 3593 4038 τοῦ
3640 4005 3806 4055 νομι-

2161 4071 2390 4144 ζομὲνου
2446 4093 2502 4126 τε
2555 4073 2644 4126 καὶ
2701 4075 3071 4146 προσήκοντος
3129 4073 3192 4128 ού
3277 4074 3472 4146 μικρὸν
3555 4072 3802 4148 ὑφιέναι·

2159 4161 2330 4216 πάντα
2387 4159 2430 4214 δ’
2464 4161 2656 4226 ἐποίει,
2700 4163 2842 4234 ὁμοῦ
2905 4162 2999 4234 μὶν
3046 4163 3108 4216 τὸ
3139 4163 3393 4240 φρόνημα
3444 4168 3543 4230 τῆς
3605 4163 3805 4235 σαρκὸς

2157 4249 2558 4318 καταστέλλων,
2609 4253 2698 4305 καὶ
2753 4250 2880 4305 τάπὶ
2933 4258 3035 4326 γῆς
3085 4251 3227 4324 μέλη
3273 4255 3501 4324 νεκρῶν,
3556 4252 3698 4322 ὁμοῦ
3747 4248 3806 4305 δὲ

2157 4340 2245 4391 καὶ
2280 4341 2372 4392 οὸν
2403 4343 2527 4392 νοῦν
2555 4341 2828 4414 καθαίρων
2857 4361 2916 4394 τε
2955 4339 3044 4394 καὶ
3095 4339 3396 4408 λεπτύνων,
3429 4339 3518 4394 καί
3565 4340 3701 4416 πρός
3750 4361 3810 4395 τε

2161 4428 2226 4481 τὰ
2284 4429 2398 4482 θεῖα
2453 4429 2543 4482 καὶ
2590 4429 2718 4490 τοὺς
2770 4427 2964 4506 λόγους
2997 4429 3190 4491 αὐτοὺς
3220 4429 3458 4502 ετοίμως
3487 4427 3636 4504 ἔχειν
3693 4451 3810 4484 πα-

2165 4519 2634 4589 ρασκευάζωνστὸ
2695 4519 2788 4591 μὲν
2847 4519 2950 4591 γὰρ
3003 4518 3232 4580 ἀνέσεως
3269 4519 3360 4573 καὶ
3409 4526 3618 4596 τρυφῆς
3678 4521 3812 4572 ἄπο-

2155 4605 2336 4660 λοιύειν
2388 4605 2672 4662 ἐκλύεσθαι
2729 4629 2830 4662 του
2894 4608 3289 4677 καθεστηκότος
3349 4608 3482 4677 ἐστὶ,
3540 4608 3628 4662 καὶ
3689 4611 3806 4662 οἷον

2157 4695 2487 4768 παχύνεσθαι
2545 4695 2632 4748 καὶ
2693 4697 2973 4769 γεοῦσθαι,
3033 4697 3121 4752 καὶ
3179 4693 3345 4769 μηδὲν
3405 4701 3513 4750 τῶν
3575 4694 3806 4751 δεόντων

2159 4785 2298 4854 μήτε
2356 4788 2521 4849 νοεῖν,
2550 4786 2688 4855 μήτε
2735 4785 2990 4857 πράσσειν
3047 4786 3338 4858 αἱρεῖσθαι,
3389 4792 3490 4854 τῆς
3547 4783 3805 4840 ἀναδιδο-

2159 4873 2320 4944 μένης
2379 4873 2616 4927 ἐντεῦθεν
2697 4873 3090 4942 ἐπισκοτούσης
3157 4873 3391 4949 ἀχλύος,
3449 4875 3538 4929 καὶ
3599 4881 3806 4949 χωρεῖν

2152 4960 2288 5013 κατά
2331 4959 2486 5032 φύσιν
2533 4961 2624 5015 τὸν
2671 4959 2941 5036 λογισμὸν
2991 4961 3090 5015 οὐκ
3139 4962 3334 5032 ἐώσης,
3363 4963 3426 5016 τὸ
3459 4959 3516 5016 δὲ
3555 4969 3655 5032 τῆς
3705 4984 3808 5036 γι·-

2150 5051 2420 5122 γνομένης
2487 5048 2694 5113 ἀσιτίας
2757 5051 3074 5125 τυγχάνειν,
3129 5051 3264 5124 μετὰ
3321 5051 3575 5106 συντόνου
3634 5073 3808 5106 σπου-

2153 5135 2252 5206 δῆς
2309 5139 2397 5192 καὶ
2455 5140 2640 5212 νήφειν
2689 5140 2929 5208 καθάπαξ
2965 5139 3236 5214 μετέωρόν
3285 5161 3404 5194 τινα
3452 5141 3543 5195 καὶ
3593 5145 3802 5218 κοῦφον

2150 5227 2538 5299 παρασκευάζει
2598 5229 2690 5283 τὸν
2738 5233 2880 5300 νοῦν,
2929 5230 3020 5284 καὶ
3067 5229 3297 5304 κρείττω
3347 5231 3436 5285 καὶ
3495 5227 3806 5306 δεινότερον

2148 5320 2265 5378 τοῖς
2320 5317 2602 5392 πράγμασι
2660 5319 2936 5392 χρῆσθαι·
2981 5319 3096 5372 ἀνθ’
3143 5317 3216 5372 ὧν
3271 5319 3458 5375 ἑαυτὸν
3515 5321 3598 5381 οἷς
3655 5314 3802 5398 ἔφην

2148 5402 2396 5472 ὲξήσκει·
2450 5405 2538 5459 καὶ
2593 5406 2770 5460 τοίνυν
2827 5411 2895 5480 τῇ
2951 5413 3052 5476 τῆς
3101 5409 3311 5484 φύσεως
3367 5407 3652 5482 περιουσίᾳ
3699 5409 3801 5462 καὶ

2150 5492 2309 5570 ῥώμῃ
2365 5495 2454 5548 καὶ
2510 5493 2576 5549 τὰ
2629 5497 2730 5560 τῆς
2785 5494 3028 5566 σπουδῆς
3099 5495 3148 5568 ἐξ
3227 5495 3554 5572 ἀντιβρόπου
3612 5517 3802 5572 παρα-
