  <div class='ocr_page' id='page_1' title='image "/cluster/home/n/w/nwhite01/storage/ocr_20150623/145/hvd.32044054086921/122.png"; bbox 0 0 4118 6214; ppageno 0'>
   <div class='ocr_carea' id='block_1_1' title="bbox 269 343 377 410">
    <p class='ocr_par' dir='ltr' id='par_1_1' title="bbox 269 343 377 410">
     <span class='ocr_line' id='line_1_1' title="bbox 269 343 377 410; baseline 0 0"><span class='ocrx_word' id='word_1_1' title='bbox 269 343 377 410; x_wconf 81' lang='grc'><strong>233</strong></span> 
     </span>
    </p>
   </div>
   <div class='ocr_carea' id='block_1_2' title="bbox 1277 346 2662 420">
    <p class='ocr_par' dir='ltr' id='par_1_2' title="bbox 1277 346 2662 420">
     <span class='ocr_line' id='line_1_2' title="bbox 1277 346 2662 420; baseline -0.006 -4"><span class='ocrx_word' id='word_1_2' title='bbox 1277 353 1678 420; x_wconf 83' lang='lat' dir='ltr'><strong>LAUDA&#39;I‘IO</strong></span> <span class='ocrx_word' id='word_1_3' title='bbox 1722 356 1788 417; x_wconf 91' lang='lat' dir='ltr'><strong>S.</strong></span> <span class='ocrx_word' id='word_1_4' title='bbox 1835 350 2207 415; x_wconf 80' lang='lat' dir='ltr'><strong>GREGORII</strong></span> <span class='ocrx_word' id='word_1_5' title='bbox 2252 346 2662 410; x_wconf 79' lang='lat' dir='ltr'><strong>THEOLOGI.</strong></span> 
     </span>
    </p>
   </div>
   <div class='ocr_carea' id='block_1_3' title="bbox 3560 353 3676 417">
    <p class='ocr_par' dir='ltr' id='par_1_3' title="bbox 3560 353 3676 417">
     <span class='ocr_line' id='line_1_3' title="bbox 3560 353 3676 417; baseline -0.009 0"><span class='ocrx_word' id='word_1_6' title='bbox 3560 353 3676 417; x_wconf 71' lang='lat'><strong>234</strong></span> 
     </span>
    </p>
   </div>
   <div class='ocr_carea' id='block_1_4' title="bbox 263 481 1888 566">
    <p class='ocr_par' dir='ltr' id='par_1_4' title="bbox 263 487 1884 566">
     <span class='ocr_line' id='line_1_4' title="bbox 263 487 1884 566; baseline 0.002 -28"><span class='ocrx_word' id='word_1_7' title='bbox 263 489 460 555; x_wconf 74' lang='grc' dir='ltr'>σκευῆς</span> <span class='ocrx_word' id='word_1_8' title='bbox 503 487 673 545; x_wconf 77' lang='grc' dir='ltr'>ὅντως</span> <span class='ocrx_word' id='word_1_9' title='bbox 720 488 996 560; x_wconf 78' lang='grc' dir='ltr'>προσθεὶς,</span> <span class='ocrx_word' id='word_1_10' title='bbox 1040 487 1130 542; x_wconf 78' lang='lat' dir='ltr'><strong>xui</strong></span> <span class='ocrx_word' id='word_1_11' title='bbox 1176 489 1544 562; x_wconf 76' lang='grc' dir='ltr'>καταλλήλως</span> <span class='ocrx_word' id='word_1_12' title='bbox 1602 490 1769 566; x_wconf 74' lang='grc' dir='ltr'>ἄμφω</span> <span class='ocrx_word' id='word_1_13' title='bbox 1823 509 1884 543; x_wconf 85' lang='grc' dir='ltr'><strong>κε</strong></span> 
     </span>
    </p>
   </div>
   <div class='ocr_carea' id='block_1_5' title="bbox 2004 481 3674 566">
    <p class='ocr_par' dir='ltr' id='par_1_5' title="bbox 2025 481 3674 559">
     <span class='ocr_line' id='line_1_5' title="bbox 2025 481 3674 559; baseline 0.002 -20"><span class='ocrx_word' id='word_1_14' title='bbox 2025 487 2258 557; x_wconf 82' lang='lat' dir='ltr'><strong>juncta,</strong></span> <span class='ocrx_word' id='word_1_15' title='bbox 2298 483 2556 538; x_wconf 89' lang='lat' dir='ltr'><strong>animum</strong></span> <span class='ocrx_word' id='word_1_16' title='bbox 2589 481 2903 540; x_wconf 87' lang='lat' dir='ltr'><strong>sublimem</strong></span> <span class='ocrx_word' id='word_1_17' title='bbox 2933 485 3132 540; x_wconf 89' lang='lat' dir='ltr'><strong>omino</strong></span> <span class='ocrx_word' id='word_1_18' title='bbox 3163 486 3488 559; x_wconf 86' lang='lat' dir='ltr'><strong>agilemque</strong></span> <span class='ocrx_word' id='word_1_19' title='bbox 3517 492 3574 542; x_wconf 87' lang='lat' dir='ltr'><strong>et</strong></span> <span class='ocrx_word' id='word_1_20' title='bbox 3604 489 3674 543; x_wconf 90' lang='lat' dir='ltr'><strong>ad</strong></span> 
     </span>
    </p>
   </div>
   <div class='ocr_carea' id='block_1_6' title="bbox 249 574 1914 653">
    <p class='ocr_par' dir='ltr' id='par_1_6' title="bbox 249 574 1914 653">
     <span class='ocr_line' id='line_1_6' title="bbox 249 574 1914 653; baseline -0.007 -11"><span class='ocrx_word' id='word_1_21' title='bbox 249 577 430 644; x_wconf 64' lang='grc' dir='ltr'><strong>Ράσας</strong></span> <span class='ocrx_word' id='word_1_22' title='bbox 475 574 567 628; x_wconf 66' lang='grc' dir='ltr'>καὶ</span> <span class='ocrx_word' id='word_1_23' title='bbox 620 577 896 652; x_wconf 74' lang='grc' dir='ltr'>συνηφὼς,</span> <span class='ocrx_word' id='word_1_24' title='bbox 954 575 1005 647; x_wconf 78' lang='grc' dir='ltr'><strong>ἐξ</strong></span> <span class='ocrx_word' id='word_1_25' title='bbox 1055 578 1130 631; x_wconf 86' lang='grc' dir='ltr'>ὧν</span> <span class='ocrx_word' id='word_1_26' title='bbox 1179 577 1486 652; x_wconf 84' lang='grc' dir='ltr'>ἀνθρώποις</span> <span class='ocrx_word' id='word_1_27' title='bbox 1544 581 1608 634; x_wconf 70' lang='grc' dir='ltr'><strong>τὰ</strong></span> <span class='ocrx_word' id='word_1_28' title='bbox 1656 579 1914 653; x_wconf 74' lang='grc' dir='ltr'>κράτιστα</span> 
     </span>
    </p>
   </div>
   <div class='ocr_carea' id='block_1_7' title="bbox 245 661 1912 740">
    <p class='ocr_par' dir='ltr' id='par_1_7' title="bbox 245 661 1912 740">
     <span class='ocr_line' id='line_1_7' title="bbox 245 661 1912 740; baseline 0.002 -25"><span class='ocrx_word' id='word_1_29' title='bbox 245 661 524 737; x_wconf 83' lang='grc' dir='ltr'>γίγνεται,</span> <span class='ocrx_word' id='word_1_30' title='bbox 587 664 763 725; x_wconf 76' lang='grc' dir='ltr'>οὕτως</span> <span class='ocrx_word' id='word_1_31' title='bbox 843 665 1007 737; x_wconf 82' lang='grc' dir='ltr'>ὀξέως</span> <span class='ocrx_word' id='word_1_32' title='bbox 1085 667 1131 720; x_wconf 83' lang='grc' dir='ltr'><strong>εἰ</strong></span> <span class='ocrx_word' id='word_1_33' title='bbox 1204 663 1287 721; x_wconf 87' lang='grc' dir='ltr'><strong>δεῖ</strong></span> <span class='ocrx_word' id='word_1_34' title='bbox 1360 669 1638 740; x_wconf 78' lang='grc' dir='ltr'><strong>συντόμως</strong></span> <span class='ocrx_word' id='word_1_35' title='bbox 1720 666 1912 736; x_wconf 83' lang='grc' dir='ltr'>εἰπεῖν,</span> 
     </span>
    </p>
   </div>
   <div class='ocr_carea' id='block_1_8' title="bbox 248 749 1914 830">
    <p class='ocr_par' dir='ltr' id='par_1_8' title="bbox 248 749 1914 830">
     <span class='ocr_line' id='line_1_8' title="bbox 248 749 1914 830; baseline 0.002 -26"><span class='ocrx_word' id='word_1_36' title='bbox 248 749 473 822; x_wconf 73' lang='grc' dir='ltr'>ἁπᾶσης</span> <span class='ocrx_word' id='word_1_37' title='bbox 504 751 732 826; x_wconf 78' lang='grc' dir='ltr'><strong>λογικῆς</strong></span> <span class='ocrx_word' id='word_1_38' title='bbox 785 752 1100 826; x_wconf 76' lang='grc' dir='ltr'><strong>ἐπιστήμης</strong></span> <span class='ocrx_word' id='word_1_39' title='bbox 1143 755 1221 820; x_wconf 80' lang='grc' dir='ltr'><strong>εἰς</strong></span> <span class='ocrx_word' id='word_1_40' title='bbox 1265 753 1428 830; x_wconf 81' lang='grc' dir='ltr'>ἄκρον</span> <span class='ocrx_word' id='word_1_41' title='bbox 1475 754 1668 824; x_wconf 78' lang='grc' dir='ltr'>ἤλασε,</span> <span class='ocrx_word' id='word_1_42' title='bbox 1699 756 1786 810; x_wconf 80' lang='grc' dir='ltr'><strong>καὶ</strong></span> <span class='ocrx_word' id='word_1_43' title='bbox 1845 753 1914 809; x_wconf 69' lang='grc' dir='ltr'>τὶ</span> 
     </span>
    </p>
   </div>
   <div class='ocr_carea' id='block_1_9' title="bbox 247 837 1914 919">
    <p class='ocr_par' dir='ltr' id='par_1_9' title="bbox 247 837 1914 919">
     <span class='ocr_line' id='line_1_9' title="bbox 247 837 1914 919; baseline 0.003 -27"><span class='ocrx_word' id='word_1_44' title='bbox 247 837 459 912; x_wconf 80' lang='grc' dir='ltr'>πολλῷ</span> <span class='ocrx_word' id='word_1_45' title='bbox 511 842 662 914; x_wconf 84' lang='grc' dir='ltr'>πόνῳ</span> <span class='ocrx_word' id='word_1_46' title='bbox 705 843 795 896; x_wconf 81' lang='grc' dir='ltr'><strong>καὶ</strong></span> <span class='ocrx_word' id='word_1_47' title='bbox 849 845 1009 919; x_wconf 87' lang='grc' dir='ltr'>μόγις</span> <span class='ocrx_word' id='word_1_48' title='bbox 1053 849 1172 906; x_wconf 90' lang='grc' dir='ltr'>τοῖς</span> <span class='ocrx_word' id='word_1_49' title='bbox 1218 842 1414 906; x_wconf 80' lang='grc' dir='ltr'>ἄλλοις</span> <span class='ocrx_word' id='word_1_50' title='bbox 1461 845 1740 914; x_wconf 82' lang='grc' dir='ltr'>κτηθέντα,</span> <span class='ocrx_word' id='word_1_51' title='bbox 1779 842 1914 916; x_wconf 85' lang='grc' dir='ltr'>μετᾶ</span> 
     </span>
    </p>
   </div>
   <div class='ocr_carea' id='block_1_10' title="bbox 247 929 1911 1008">
    <p class='ocr_par' dir='ltr' id='par_1_10' title="bbox 247 929 1911 1008">
     <span class='ocr_line' id='line_1_10' title="bbox 247 929 1911 1008; baseline 0.004 -27"><span class='ocrx_word' id='word_1_52' title='bbox 247 929 527 1001; x_wconf 69' lang='grc' dir='ltr'>τοσαύτης</span> <span class='ocrx_word' id='word_1_53' title='bbox 585 931 770 986; x_wconf 84' lang='grc' dir='ltr'>οὑτοσὶ</span> <span class='ocrx_word' id='word_1_54' title='bbox 843 934 1195 1008; x_wconf 83' lang='grc' dir='ltr'>κατωρθώκει</span> <span class='ocrx_word' id='word_1_55' title='bbox 1271 935 1577 1008; x_wconf 77' lang='grc' dir='ltr'>ῥῃστώνης,</span> <span class='ocrx_word' id='word_1_56' title='bbox 1628 935 1703 996; x_wconf 86' lang='grc' dir='ltr'>ὡς</span> <span class='ocrx_word' id='word_1_57' title='bbox 1770 929 1911 1005; x_wconf 77' lang='grc' dir='ltr'>μηδὲ</span> 
     </span>
    </p>
   </div>
   <div class='ocr_carea' id='block_1_11' title="bbox 251 1019 1909 1100">
    <p class='ocr_par' dir='ltr' id='par_1_11' title="bbox 251 1019 1909 1100">
     <span class='ocr_line' id='line_1_11' title="bbox 251 1019 1909 1100; baseline 0.001 -28"><span class='ocrx_word' id='word_1_58' title='bbox 251 1019 638 1089; x_wconf 65' lang='grc' dir='ltr'><strong>μεμαθηκέναι</strong></span> <span class='ocrx_word' id='word_1_59' title='bbox 711 1024 878 1076; x_wconf 79' lang='grc' dir='ltr'>ταῦτα</span> <span class='ocrx_word' id='word_1_60' title='bbox 947 1019 1094 1092; x_wconf 80' lang='grc' dir='ltr'>δόξαι</span> <span class='ocrx_word' id='word_1_61' title='bbox 1167 1019 1385 1100; x_wconf 85' lang='grc' dir='ltr'>σχεδὸν,</span> <span class='ocrx_word' id='word_1_62' title='bbox 1464 1020 1592 1078; x_wconf 80' lang='grc' dir='ltr'>ἀλλ’</span> <span class='ocrx_word' id='word_1_63' title='bbox 1667 1022 1909 1092; x_wconf 85' lang='grc' dir='ltr'>ἀναμνη-</span> 
     </span>
    </p>
   </div>
   <div class='ocr_carea' id='block_1_12' title="bbox 249 1109 1906 1187">
    <p class='ocr_par' dir='ltr' id='par_1_12' title="bbox 249 1109 1906 1187">
     <span class='ocr_line' id='line_1_12' title="bbox 249 1109 1906 1187; baseline 0.004 -26"><span class='ocrx_word' id='word_1_64' title='bbox 249 1109 474 1177; x_wconf 80' lang='grc' dir='ltr'>σθῆναι,</span> <span class='ocrx_word' id='word_1_65' title='bbox 507 1110 600 1164; x_wconf 82' lang='grc' dir='ltr'><strong>καὶ</strong></span> <span class='ocrx_word' id='word_1_66' title='bbox 649 1110 832 1185; x_wconf 80' lang='grc' dir='ltr'>ὥσπερ</span> <span class='ocrx_word' id='word_1_67' title='bbox 890 1112 1312 1187; x_wconf 77' lang='grc' dir='ltr'>προεγνωσμένα</span> <span class='ocrx_word' id='word_1_68' title='bbox 1359 1112 1526 1169; x_wconf 78' lang='grc' dir='ltr'>πάλιν</span> <span class='ocrx_word' id='word_1_69' title='bbox 1574 1109 1906 1168; x_wconf 74' lang='grc' dir='ltr'>ἀναλαϐεῖν.</span> 
     </span>
    </p>
   </div>
   <div class='ocr_carea' id='block_1_13' title="bbox 249 1197 1906 1276">
    <p class='ocr_par' dir='ltr' id='par_1_13' title="bbox 249 1197 1906 1276">
     <span class='ocr_line' id='line_1_13' title="bbox 249 1197 1906 1276; baseline 0.004 -26"><span class='ocrx_word' id='word_1_70' title='bbox 249 1198 326 1259; x_wconf 82' lang='grc' dir='ltr'><strong>ὡς</strong></span> <span class='ocrx_word' id='word_1_71' title='bbox 373 1198 467 1252; x_wconf 87' lang='lat' dir='ltr'><strong>xui</strong></span> <span class='ocrx_word' id='word_1_72' title='bbox 517 1197 846 1256; x_wconf 78' lang='grc' dir='ltr'>κινδυνεύειν</span> <span class='ocrx_word' id='word_1_73' title='bbox 895 1201 979 1257; x_wconf 80' lang='grc' dir='ltr'><strong>ἐπ’</strong></span> <span class='ocrx_word' id='word_1_74' title='bbox 1008 1203 1179 1258; x_wconf 81' lang='grc' dir='ltr'>αὐτοῦ</span> <span class='ocrx_word' id='word_1_75' title='bbox 1226 1203 1396 1276; x_wconf 83' lang='grc' dir='ltr'>μόνου</span> <span class='ocrx_word' id='word_1_76' title='bbox 1444 1204 1536 1258; x_wconf 84' lang='grc' dir='ltr'><strong>τὸν</strong></span> <span class='ocrx_word' id='word_1_77' title='bbox 1562 1207 1660 1258; x_wconf 77' lang='grc' dir='ltr'>τοῦ</span> <span class='ocrx_word' id='word_1_78' title='bbox 1694 1201 1906 1274; x_wconf 88' lang='grc' dir='ltr'>Σαμίου</span> 
     </span>
    </p>
   </div>
   <div class='ocr_carea' id='block_1_14' title="bbox 248 1288 1908 1369">
    <p class='ocr_par' dir='ltr' id='par_1_14' title="bbox 248 1288 1908 1369">
     <span class='ocr_line' id='line_1_14' title="bbox 248 1288 1908 1369; baseline 0.002 -29"><span class='ocrx_word' id='word_1_79' title='bbox 248 1291 348 1340; x_wconf 76' lang='grc' dir='ltr'><strong>τοῦ</strong></span> <span class='ocrx_word' id='word_1_80' title='bbox 402 1293 576 1363; x_wconf 74' lang='grc' dir='ltr'>σοφοῦ</span> <span class='ocrx_word' id='word_1_81' title='bbox 636 1288 796 1364; x_wconf 85' lang='grc' dir='ltr'>λόγον</span> <span class='ocrx_word' id='word_1_82' title='bbox 855 1292 1045 1369; x_wconf 75' lang='grc' dir='ltr'>χώραν</span> <span class='ocrx_word' id='word_1_83' title='bbox 1102 1293 1418 1362; x_wconf 84' lang='grc' dir='ltr'>κεκτῆσθαι;</span> <span class='ocrx_word' id='word_1_84' title='bbox 1474 1292 1565 1346; x_wconf 79' lang='grc' dir='ltr'><strong>καὶ</strong></span> <span class='ocrx_word' id='word_1_85' title='bbox 1642 1293 1742 1361; x_wconf 77' lang='grc' dir='ltr'>τὴν</span> <span class='ocrx_word' id='word_1_86' title='bbox 1805 1290 1908 1364; x_wconf 81' lang='grc' dir='ltr'>μά-</span> 
     </span>
    </p>
   </div>
   <div class='ocr_carea' id='block_1_15' title="bbox 250 1377 943 1452">
    <p class='ocr_par' dir='ltr' id='par_1_15' title="bbox 250 1377 943 1452">
     <span class='ocr_line' id='line_1_15' title="bbox 250 1377 943 1452; baseline 0.01 -23"><span class='ocrx_word' id='word_1_87' title='bbox 250 1378 411 1446; x_wconf 87' lang='grc' dir='ltr'>θησιν</span> <span class='ocrx_word' id='word_1_88' title='bbox 443 1377 748 1452; x_wconf 76' lang='grc' dir='ltr'>ἀνάμνησιν</span> <span class='ocrx_word' id='word_1_89' title='bbox 783 1381 919 1435; x_wconf 73' lang='grc' dir='ltr'>εἶναι</span> <span class='ocrx_word' id='word_1_90' title='bbox 931 1425 943 1438; x_wconf 94' lang='grc'><strong>.</strong></span> 
     </span>
    </p>
   </div>
   <div class='ocr_carea' id='block_1_16' title="bbox 2023 575 3678 649">
    <p class='ocr_par' dir='ltr' id='par_1_16' title="bbox 2023 575 3678 649">
     <span class='ocr_line' id='line_1_16' title="bbox 2023 575 3678 649; baseline 0.001 -18"><span class='ocrx_word' id='word_1_91' title='bbox 2023 577 2291 631; x_wconf 86' lang='lat' dir='ltr'><strong>dextrum</strong></span> <span class='ocrx_word' id='word_1_92' title='bbox 2349 588 2542 628; x_wconf 88' lang='lat' dir='ltr'><strong>rerum</strong></span> <span class='ocrx_word' id='word_1_93' title='bbox 2608 588 2780 627; x_wconf 89' lang='lat' dir='ltr'><strong>usum</strong></span> <span class='ocrx_word' id='word_1_94' title='bbox 2839 575 3118 630; x_wconf 85' lang='lat' dir='ltr'><strong>acriorem</strong></span> <span class='ocrx_word' id='word_1_95' title='bbox 3198 576 3678 649; x_wconf 87' lang='lat' dir='ltr'><strong>solertioremque</strong></span> 
     </span>
    </p>
   </div>
   <div class='ocr_carea' id='block_1_17' title="bbox 2023 659 3676 736">
    <p class='ocr_par' dir='ltr' id='par_1_17' title="bbox 2023 659 3676 736">
     <span class='ocr_line' id='line_1_17' title="bbox 2023 659 3676 736; baseline 0.002 -18"><span class='ocrx_word' id='word_1_96' title='bbox 2023 664 2226 719; x_wconf 92' lang='lat' dir='ltr'><strong>reddit.</strong></span> <span class='ocrx_word' id='word_1_97' title='bbox 2254 661 2338 717; x_wconf 92' lang='lat' dir='ltr'><strong>0b</strong></span> <span class='ocrx_word' id='word_1_98' title='bbox 2369 660 2490 714; x_wconf 72' lang='lat' dir='ltr'><strong>haec</strong></span> <span class='ocrx_word' id='word_1_99' title='bbox 2511 659 2704 730; x_wconf 88' lang='lat' dir='ltr'><strong>igitur,</strong></span> <span class='ocrx_word' id='word_1_100' title='bbox 2728 660 2810 715; x_wconf 89' lang='lat' dir='ltr'><strong>ita</strong></span> <span class='ocrx_word' id='word_1_101' title='bbox 2841 667 2904 716; x_wconf 91' lang='lat' dir='ltr'><strong>ut</strong></span> <span class='ocrx_word' id='word_1_102' title='bbox 2933 663 3676 736; x_wconf 82' lang='lat' dir='ltr'><strong>diximus,diligentiseime</strong></span> 
     </span>
    </p>
   </div>
   <div class='ocr_carea' id='block_1_18' title="bbox 2019 751 3678 826">
    <p class='ocr_par' dir='ltr' id='par_1_18' title="bbox 2019 751 3678 826">
     <span class='ocr_line' id='line_1_18' title="bbox 2019 751 3678 826; baseline 0.002 -19"><span class='ocrx_word' id='word_1_103' title='bbox 2019 769 2150 809; x_wconf 90' lang='lat' dir='ltr'><strong>sese</strong></span> <span class='ocrx_word' id='word_1_104' title='bbox 2198 751 2503 807; x_wconf 84' lang='lat' dir='ltr'><strong>exercuit:</strong></span> <span class='ocrx_word' id='word_1_105' title='bbox 2557 753 2612 804; x_wconf 90' lang='lat' dir='ltr'><strong>et</strong></span> <span class='ocrx_word' id='word_1_106' title='bbox 2670 751 2888 822; x_wconf 83' lang='lat' dir='ltr'><strong>ingenii</strong></span> <span class='ocrx_word' id='word_1_107' title='bbox 2942 754 3288 823; x_wconf 65' lang='lat' dir='ltr'><strong>praestantia</strong></span> <span class='ocrx_word' id='word_1_108' title='bbox 3349 755 3678 826; x_wconf 83' lang='lat' dir='ltr'><strong>opibusque</strong></span> 
     </span>
    </p>
   </div>
   <div class='ocr_carea' id='block_1_19' title="bbox 2020 837 3671 916">
    <p class='ocr_par' dir='ltr' id='par_1_19' title="bbox 2020 837 3671 916">
     <span class='ocr_line' id='line_1_19' title="bbox 2020 837 3671 916; baseline 0.001 -20"><span class='ocrx_word' id='word_1_109' title='bbox 2020 840 2226 912; x_wconf 67' lang='lat' dir='ltr'><strong>aequali</strong></span> <span class='ocrx_word' id='word_1_110' title='bbox 2248 843 2528 910; x_wconf 88' lang='lat' dir='ltr'><strong>apparatu</strong></span> <span class='ocrx_word' id='word_1_111' title='bbox 2561 837 2922 910; x_wconf 77' lang='lat' dir='ltr'><strong>diligentiam</strong></span> <span class='ocrx_word' id='word_1_112' title='bbox 2978 841 3129 896; x_wconf 86' lang='lat' dir='ltr'><strong>bona</strong></span> <span class='ocrx_word' id='word_1_113' title='bbox 3160 841 3278 897; x_wconf 87' lang='lat' dir='ltr'><strong>fide</strong></span> <span class='ocrx_word' id='word_1_114' title='bbox 3317 843 3671 916; x_wconf 83' lang='lat' dir='ltr'><strong>adjungens,</strong></span> 
     </span>
    </p>
   </div>
   <div class='ocr_carea' id='block_1_20' title="bbox 2019 929 3676 999">
    <p class='ocr_par' dir='ltr' id='par_1_20' title="bbox 2019 929 3676 999">
     <span class='ocr_line' id='line_1_20' title="bbox 2019 929 3676 999; baseline 0.001 -15"><span class='ocrx_word' id='word_1_115' title='bbox 2019 929 2500 998; x_wconf 87' lang='lat' dir='ltr'><strong>convenientique</strong></span> <span class='ocrx_word' id='word_1_116' title='bbox 2523 933 2835 998; x_wconf 88' lang='lat' dir='ltr'><strong>utrumque</strong></span> <span class='ocrx_word' id='word_1_117' title='bbox 2857 929 3077 983; x_wconf 77' lang='lat' dir='ltr'><strong>ratione</strong></span> <span class='ocrx_word' id='word_1_118' title='bbox 3110 941 3436 999; x_wconf 74' lang='lat' dir='ltr'><strong>temperans</strong></span> <span class='ocrx_word' id='word_1_119' title='bbox 3458 949 3525 987; x_wconf 89' lang='lat' dir='ltr'><strong>ac</strong></span> <span class='ocrx_word' id='word_1_120' title='bbox 3542 948 3676 988; x_wconf 82' lang='lat' dir='ltr'><strong>con-</strong></span> 
     </span>
    </p>
   </div>
   <div class='ocr_carea' id='block_1_21' title="bbox 2021 1015 3673 1088">
    <p class='ocr_par' dir='ltr' id='par_1_21' title="bbox 2021 1015 3673 1088">
     <span class='ocr_line' id='line_1_21' title="bbox 2021 1015 3673 1088; baseline 0.001 -15"><span class='ocrx_word' id='word_1_121' title='bbox 2021 1022 2282 1082; x_wconf 86' lang='lat' dir='ltr'><strong>nectens,</strong></span> <span class='ocrx_word' id='word_1_122' title='bbox 2315 1032 2384 1070; x_wconf 83' lang='lat' dir='ltr'><strong>ex</strong></span> <span class='ocrx_word' id='word_1_123' title='bbox 2414 1015 2630 1087; x_wconf 81' lang='lat' dir='ltr'><strong>quibus</strong></span> <span class='ocrx_word' id='word_1_124' title='bbox 2663 1016 2716 1069; x_wconf 89' lang='lat' dir='ltr'><strong>id</strong></span> <span class='ocrx_word' id='word_1_125' title='bbox 2743 1017 2895 1086; x_wconf 89' lang='lat' dir='ltr'><strong>quod</strong></span> <span class='ocrx_word' id='word_1_126' title='bbox 2932 1018 3422 1088; x_wconf 86' lang='lat' dir='ltr'><strong>perfectissimum</strong></span> <span class='ocrx_word' id='word_1_127' title='bbox 3458 1027 3548 1075; x_wconf 89' lang='lat' dir='ltr'><strong>est</strong></span> <span class='ocrx_word' id='word_1_128' title='bbox 3577 1021 3673 1075; x_wconf 86' lang='lat' dir='ltr'><strong>ho-</strong></span> 
     </span>
    </p>
   </div>
   <div class='ocr_carea' id='block_1_22' title="bbox 2019 1103 3672 1172">
    <p class='ocr_par' dir='ltr' id='par_1_22' title="bbox 2019 1103 3672 1172">
     <span class='ocr_line' id='line_1_22' title="bbox 2019 1103 3672 1172; baseline 0.002 -11"><span class='ocrx_word' id='word_1_129' title='bbox 2019 1107 2273 1162; x_wconf 88' lang='lat' dir='ltr'><strong>minibus</strong></span> <span class='ocrx_word' id='word_1_130' title='bbox 2301 1104 2576 1160; x_wconf 81' lang='lat' dir='ltr'><strong>exsistere</strong></span> <span class='ocrx_word' id='word_1_131' title='bbox 2609 1103 2786 1170; x_wconf 82' lang='lat' dir='ltr'><strong>solet;</strong></span> <span class='ocrx_word' id='word_1_132' title='bbox 2823 1106 2903 1160; x_wconf 86' lang='lat' dir='ltr'><strong>ita</strong></span> <span class='ocrx_word' id='word_1_133' title='bbox 2931 1105 3218 1172; x_wconf 85' lang='lat' dir='ltr'><strong>celeriter,</strong></span> <span class='ocrx_word' id='word_1_134' title='bbox 3249 1109 3299 1162; x_wconf 82' lang='lat' dir='ltr'><strong>si</strong></span> <span class='ocrx_word' id='word_1_135' title='bbox 3360 1111 3530 1164; x_wconf 90' lang='lat' dir='ltr'><strong>verbo</strong></span> <span class='ocrx_word' id='word_1_136' title='bbox 3589 1111 3672 1165; x_wconf 84' lang='lat' dir='ltr'><strong>di-</strong></span> 
     </span>
    </p>
   </div>
   <div class='ocr_carea' id='block_1_23' title="bbox 2018 1194 3674 1256">
    <p class='ocr_par' dir='ltr' id='par_1_23' title="bbox 2018 1194 3674 1256">
     <span class='ocr_line' id='line_1_23' title="bbox 2018 1194 3674 1256; baseline 0.001 -4"><span class='ocrx_word' id='word_1_137' title='bbox 2018 1198 2204 1252; x_wconf 90' lang='lat' dir='ltr'><strong>cenda</strong></span> <span class='ocrx_word' id='word_1_138' title='bbox 2235 1211 2326 1250; x_wconf 90' lang='lat' dir='ltr'><strong>res</strong></span> <span class='ocrx_word' id='word_1_139' title='bbox 2348 1195 2540 1249; x_wconf 89' lang='lat' dir='ltr'><strong>omnis</strong></span> <span class='ocrx_word' id='word_1_140' title='bbox 2574 1194 2836 1251; x_wconf 90' lang='lat' dir='ltr'><strong>liberalis</strong></span> <span class='ocrx_word' id='word_1_141' title='bbox 2866 1196 3138 1251; x_wconf 71' lang='lat' dir='ltr'><strong>doctrinis</strong></span> <span class='ocrx_word' id='word_1_142' title='bbox 3168 1198 3437 1254; x_wconf 85' lang='lat' dir='ltr'><strong>verticem</strong></span> <span class='ocrx_word' id='word_1_143' title='bbox 3494 1216 3674 1256; x_wconf 84' lang='lat' dir='ltr'><strong>occu-</strong></span> 
     </span>
    </p>
   </div>
   <div class='ocr_carea' id='block_1_24' title="bbox 2020 1282 3671 1358">
    <p class='ocr_par' dir='ltr' id='par_1_24' title="bbox 2020 1282 3671 1358">
     <span class='ocr_line' id='line_1_24' title="bbox 2020 1282 3671 1358; baseline 0.002 -18"><span class='ocrx_word' id='word_1_144' title='bbox 2020 1286 2266 1357; x_wconf 89' lang='lat' dir='ltr'><strong>pavit,st</strong></span> <span class='ocrx_word' id='word_1_145' title='bbox 2295 1300 2422 1354; x_wconf 69' lang='lat' dir='ltr'><strong>qua:</strong></span> <span class='ocrx_word' id='word_1_146' title='bbox 2457 1282 2638 1338; x_wconf 85' lang='lat' dir='ltr'><strong>multo</strong></span> <span class='ocrx_word' id='word_1_147' title='bbox 2670 1282 2864 1338; x_wconf 89' lang='lat' dir='ltr'><strong>labore</strong></span> <span class='ocrx_word' id='word_1_148' title='bbox 2894 1300 3043 1355; x_wconf 66' lang='lat' dir='ltr'><strong>aegre</strong></span> <span class='ocrx_word' id='word_1_149' title='bbox 3074 1285 3506 1358; x_wconf 79' lang='lat' dir='ltr'><strong>difﬁculterque</strong></span> <span class='ocrx_word' id='word_1_150' title='bbox 3541 1290 3671 1343; x_wconf 85' lang='lat' dir='ltr'><strong>aliis</strong></span> 
     </span>
    </p>
   </div>
   <div class='ocr_carea' id='block_1_25' title="bbox 2018 1372 3670 1448">
    <p class='ocr_par' dir='ltr' id='par_1_25' title="bbox 2018 1372 3670 1448">
     <span class='ocr_line' id='line_1_25' title="bbox 2018 1372 3670 1448; baseline -0.001 -17"><span class='ocrx_word' id='word_1_151' title='bbox 2018 1379 2449 1446; x_wconf 88' lang='lat' dir='ltr'><strong>comparantur,</strong></span> <span class='ocrx_word' id='word_1_152' title='bbox 2489 1378 2646 1426; x_wconf 90' lang='lat' dir='ltr'><strong>tanta</strong></span> <span class='ocrx_word' id='word_1_153' title='bbox 2679 1372 2958 1428; x_wconf 82' lang='lat' dir='ltr'><strong>facilitale</strong></span> <span class='ocrx_word' id='word_1_154' title='bbox 2989 1374 3376 1448; x_wconf 77' lang='lat' dir='ltr'><strong>felicitateque</strong></span> <span class='ocrx_word' id='word_1_155' title='bbox 3404 1375 3670 1441; x_wconf 80' lang='lat' dir='ltr'><strong>absolvit,</strong></span> 
     </span>
    </p>
   </div>
   <div class='ocr_carea' id='block_1_26' title="bbox 249 1462 3671 1543">
    <p class='ocr_par' dir='ltr' id='par_1_26' title="bbox 249 1462 3671 1543">
     <span class='ocr_line' id='line_1_26' title="bbox 249 1462 3671 1543; baseline -0 -21"><span class='ocrx_word' id='word_1_156' title='bbox 249 1473 316 1523; x_wconf 89' lang='lat' dir='ltr'><strong>ut</strong></span> <span class='ocrx_word' id='word_1_157' title='bbox 365 1469 468 1524; x_wconf 83' lang='lat' dir='ltr'><strong>illa</strong></span> <span class='ocrx_word' id='word_1_158' title='bbox 536 1474 960 1543; x_wconf 87' lang='lat' dir='ltr'><strong>propemodum</strong></span> <span class='ocrx_word' id='word_1_159' title='bbox 1022 1490 1134 1528; x_wconf 91' lang='lat' dir='ltr'><strong>non</strong></span> <span class='ocrx_word' id='word_1_160' title='bbox 1214 1474 1506 1541; x_wconf 82' lang='lat' dir='ltr'><strong>didicisse,</strong></span> <span class='ocrx_word' id='word_1_161' title='bbox 1568 1474 1650 1529; x_wconf 89' lang='lat' dir='ltr'><strong>sel</strong></span> <span class='ocrx_word' id='word_1_162' title='bbox 1721 1468 2142 1528; x_wconf 79' lang='lat' dir='ltr'><strong>reminiscendo</strong></span> <span class='ocrx_word' id='word_1_163' title='bbox 2209 1463 2630 1532; x_wconf 88' lang='lat' dir='ltr'><strong>recognovisse,</strong></span> <span class='ocrx_word' id='word_1_164' title='bbox 2687 1462 2989 1533; x_wconf 90' lang='lat' dir='ltr'><strong>velutique</strong></span> <span class='ocrx_word' id='word_1_165' title='bbox 3066 1465 3427 1536; x_wconf 69' lang='lat' dir='ltr'><strong>praecognita</strong></span> <span class='ocrx_word' id='word_1_166' title='bbox 3482 1465 3671 1523; x_wconf 87' lang='lat' dir='ltr'><strong>denuo</strong></span> 
     </span>
    </p>
   </div>
   <div class='ocr_carea' id='block_1_27' title="bbox 247 1552 3672 1634">
    <p class='ocr_par' dir='ltr' id='par_1_27' title="bbox 247 1552 3672 1634">
     <span class='ocr_line' id='line_1_27' title="bbox 247 1552 3672 1634; baseline -0.001 -21"><span class='ocrx_word' id='word_1_167' title='bbox 247 1559 590 1629; x_wconf 85' lang='lat' dir='ltr'><strong>recoluisse,</strong></span> <span class='ocrx_word' id='word_1_168' title='bbox 617 1561 931 1618; x_wconf 82' lang='lat' dir='ltr'><strong>videretur.</strong></span> <span class='ocrx_word' id='word_1_169' title='bbox 969 1563 1125 1620; x_wconf 87' lang='lat' dir='ltr'><strong>Adeo</strong></span> <span class='ocrx_word' id='word_1_170' title='bbox 1157 1573 1218 1619; x_wconf 91' lang='lat' dir='ltr'><strong>ut</strong></span> <span class='ocrx_word' id='word_1_171' title='bbox 1253 1565 1312 1620; x_wconf 90' lang='lat' dir='ltr'><strong>in</strong></span> <span class='ocrx_word' id='word_1_172' title='bbox 1345 1581 1460 1619; x_wconf 88' lang='lat' dir='ltr'><strong>uno</strong></span> <span class='ocrx_word' id='word_1_173' title='bbox 1492 1562 1772 1634; x_wconf 80' lang='lat' dir='ltr'><strong>Gregorio</strong></span> <span class='ocrx_word' id='word_1_174' title='bbox 1828 1560 2018 1616; x_wconf 87' lang='lat' dir='ltr'><strong>locum</strong></span> <span class='ocrx_word' id='word_1_175' title='bbox 2077 1553 2356 1609; x_wconf 85' lang='lat' dir='ltr'><strong>habuisse</strong></span> <span class='ocrx_word' id='word_1_176' title='bbox 2386 1552 2565 1605; x_wconf 89' lang='lat' dir='ltr'><strong>videri</strong></span> <span class='ocrx_word' id='word_1_177' title='bbox 2599 1558 2774 1622; x_wconf 89' lang='lat' dir='ltr'><strong>queat</strong></span> <span class='ocrx_word' id='word_1_178' title='bbox 2821 1553 3110 1622; x_wconf 88' lang='lat' dir='ltr'><strong>sapientis</strong></span> <span class='ocrx_word' id='word_1_179' title='bbox 3168 1555 3349 1610; x_wconf 89' lang='lat' dir='ltr'><strong>Samii</strong></span> <span class='ocrx_word' id='word_1_180' title='bbox 3407 1553 3619 1612; x_wconf 81' lang='lat' dir='ltr'><strong>dictum</strong></span> <span class='ocrx_word' id='word_1_181' title='bbox 3657 1572 3672 1610; x_wconf 88' lang='lat'><strong><em>:</em></strong></span> 
     </span>
    </p>
   </div>
   <div class='ocr_carea' id='block_1_28' title="bbox 246 1651 1794 1724">
    <p class='ocr_par' dir='ltr' id='par_1_28' title="bbox 246 1651 1794 1724">
     <span class='ocr_line' id='line_1_28' title="bbox 246 1651 1794 1724; baseline 0.003 -21"><span class='ocrx_word' id='word_1_182' title='bbox 246 1671 276 1699; x_wconf 74' lang='grc' dir='ltr'><strong>α</strong></span> <span class='ocrx_word' id='word_1_183' title='bbox 309 1651 596 1706; x_wconf 70' lang='lat' dir='ltr'><strong>doctrinae</strong></span> <span class='ocrx_word' id='word_1_184' title='bbox 633 1654 1060 1724; x_wconf 86' lang='lat' dir='ltr'><strong>perceptionem</strong></span> <span class='ocrx_word' id='word_1_185' title='bbox 1097 1655 1557 1710; x_wconf 86' lang='lat' dir='ltr'><strong>recordationem</strong></span> <span class='ocrx_word' id='word_1_186' title='bbox 1589 1669 1738 1710; x_wconf 85' lang='lat' dir='ltr'><strong>esse.</strong></span> <span class='ocrx_word' id='word_1_187' title='bbox 1766 1674 1794 1702; x_wconf 89' lang='grc'>››</span> 
     </span>
    </p>
   </div>
   <div class='ocr_carea' id='block_1_29' title="bbox 319 1737 1900 1816">
    <p class='ocr_par' dir='ltr' id='par_1_29' title="bbox 319 1737 1900 1816">
     <span class='ocr_line' id='line_1_29' title="bbox 319 1737 1900 1816; baseline 0 -23"><span class='ocrx_word' id='word_1_188' title='bbox 319 1739 421 1793; x_wconf 79' lang='grc'><strong>12⁸.</strong></span> <span class='ocrx_word' id='word_1_189' title='bbox 457 1737 630 1794; x_wconf 81' lang='grc' dir='ltr'>Ἀλλὰ</span> <span class='ocrx_word' id='word_1_190' title='bbox 665 1762 690 1792; x_wconf 73' lang='grc' dir='ltr'><strong>ε</strong></span> <span class='ocrx_word' id='word_1_191' title='bbox 721 1740 848 1801; x_wconf 78' lang='grc' dir='ltr'>τοὺς</span> <span class='ocrx_word' id='word_1_192' title='bbox 882 1742 978 1816; x_wconf 74' lang='grc' dir='ltr'>μὲν</span> <span class='ocrx_word' id='word_1_193' title='bbox 1028 1740 1350 1815; x_wconf 77' lang='grc' dir='ltr'>ἐγκυκλίους</span> <span class='ocrx_word' id='word_1_194' title='bbox 1404 1742 1494 1796; x_wconf 80' lang='grc' dir='ltr'><strong>καὶ</strong></span> <span class='ocrx_word' id='word_1_195' title='bbox 1548 1738 1900 1816; x_wconf 86' lang='grc' dir='ltr'>προτελείους</span> 
     </span>
    </p>
   </div>
   <div class='ocr_carea' id='block_1_30' title="bbox 243 1824 1902 1905">
    <p class='ocr_par' dir='ltr' id='par_1_30' title="bbox 243 1824 1902 1905">
     <span class='ocr_line' id='line_1_30' title="bbox 243 1824 1902 1905; baseline 0.005 -26"><span class='ocrx_word' id='word_1_196' title='bbox 243 1829 359 1879; x_wconf 83' lang='grc' dir='ltr'><strong>τῶν</strong></span> <span class='ocrx_word' id='word_1_197' title='bbox 422 1824 622 1899; x_wconf 89' lang='grc' dir='ltr'>λόγων,</span> <span class='ocrx_word' id='word_1_198' title='bbox 683 1854 708 1881; x_wconf 75' lang='grc' dir='ltr'>ι)</span> <span class='ocrx_word' id='word_1_199' title='bbox 769 1828 896 1884; x_wconf 77' lang='grc' dir='ltr'>ὅταν</span> <span class='ocrx_word' id='word_1_200' title='bbox 957 1827 1013 1884; x_wconf 77' lang='grc' dir='ltr'>δὲ</span> <span class='ocrx_word' id='word_1_201' title='bbox 1067 1833 1238 1885; x_wconf 75' lang='grc' dir='ltr'>ταῦτα</span> <span class='ocrx_word' id='word_1_202' title='bbox 1293 1829 1461 1905; x_wconf 85' lang='grc' dir='ltr'>λέγω,</span> <span class='ocrx_word' id='word_1_203' title='bbox 1517 1831 1605 1885; x_wconf 82' lang='grc' dir='ltr'>καὶ</span> <span class='ocrx_word' id='word_1_204' title='bbox 1666 1829 1902 1898; x_wconf 79' lang='grc' dir='ltr'>ποιητὰς</span> 
     </span>
    </p>
   </div>
   <div class='ocr_carea' id='block_1_31' title="bbox 2083 1733 3668 1792">
    <p class='ocr_par' dir='ltr' id='par_1_31' title="bbox 2083 1733 3668 1792">
     <span class='ocr_line' id='line_1_31' title="bbox 2083 1733 3668 1792; baseline -0.003 -2"><span class='ocrx_word' id='word_1_205' title='bbox 2083 1734 2250 1790; x_wconf 78' lang='lat' dir='ltr'><strong>XVII.</strong></span> <span class='ocrx_word' id='word_1_206' title='bbox 2283 1735 2566 1790; x_wconf 67' lang='lat' dir='ltr'><strong>Caeterum</strong></span> <span class='ocrx_word' id='word_1_207' title='bbox 2600 1733 2831 1789; x_wconf 88' lang='lat' dir='ltr'><strong>corbem</strong></span> <span class='ocrx_word' id='word_1_208' title='bbox 2864 1733 3032 1788; x_wconf 88' lang='lat' dir='ltr'><strong>illum</strong></span> <span class='ocrx_word' id='word_1_209' title='bbox 3065 1734 3290 1789; x_wconf 89' lang='lat' dir='ltr'><strong>artium</strong></span> <span class='ocrx_word' id='word_1_210' title='bbox 3315 1733 3668 1792; x_wconf 69' lang='lat' dir='ltr'><strong>liberalium.</strong></span> 
     </span>
    </p>
   </div>
   <div class='ocr_carea' id='block_1_32' title="bbox 2012 1821 3671 1895">
    <p class='ocr_par' dir='ltr' id='par_1_32' title="bbox 2012 1821 3671 1895">
     <span class='ocr_line' id='line_1_32' title="bbox 2012 1821 3671 1895; baseline 0.001 -17"><span class='ocrx_word' id='word_1_211' title='bbox 2012 1823 2296 1895; x_wconf 78' lang='lat' dir='ltr'><strong>variasque</strong></span> <span class='ocrx_word' id='word_1_212' title='bbox 2324 1821 2682 1878; x_wconf 89' lang='lat' dir='ltr'><strong>eruditiones</strong></span> <span class='ocrx_word' id='word_1_213' title='bbox 2712 1821 3104 1889; x_wconf 87' lang='lat' dir='ltr'><strong>initiamenta,</strong></span> <span class='ocrx_word' id='word_1_214' title='bbox 3124 1844 3153 1871; x_wconf 76' lang='grc' dir='ltr'>ι»</span> <span class='ocrx_word' id='word_1_215' title='bbox 3186 1824 3244 1876; x_wconf 90' lang='lat' dir='ltr'><strong>in</strong></span> <span class='ocrx_word' id='word_1_216' title='bbox 3269 1839 3515 1894; x_wconf 91' lang='lat' dir='ltr'><strong>quorum</strong></span> <span class='ocrx_word' id='word_1_217' title='bbox 3539 1841 3671 1880; x_wconf 89' lang='lat' dir='ltr'><strong>cen-</strong></span> 
     </span>
    </p>
   </div>
   <div class='ocr_carea' id='block_1_33' title="bbox 243 1910 1888 2010">
    <p class='ocr_par' dir='ltr' id='par_1_33' title="bbox 243 1911 1888 1992">
     <span class='ocr_line' id='line_1_33' title="bbox 243 1911 1888 1992; baseline 0.002 -25"><span class='ocrx_word' id='word_1_218' title='bbox 243 1911 645 1988; x_wconf 76' lang='grc' dir='ltr'>ξυλλαμϐάνω,</span> <span class='ocrx_word' id='word_1_219' title='bbox 692 1919 727 1987; x_wconf 78' lang='grc' dir='ltr'><strong>ἡ</strong></span> <span class='ocrx_word' id='word_1_220' title='bbox 779 1919 976 1991; x_wconf 75' lang='grc' dir='ltr'>πατρὶς</span> <span class='ocrx_word' id='word_1_221' title='bbox 1028 1919 1084 1972; x_wconf 77' lang='grc' dir='ltr'>εὖ</span> <span class='ocrx_word' id='word_1_222' title='bbox 1145 1919 1294 1992; x_wconf 76' lang='grc' dir='ltr'>μάλα</span> <span class='ocrx_word' id='word_1_223' title='bbox 1347 1920 1438 1973; x_wconf 82' lang='grc' dir='ltr'><strong>καὶ</strong></span> <span class='ocrx_word' id='word_1_224' title='bbox 1501 1918 1636 1992; x_wconf 83' lang='grc' dir='ltr'>μετᾶ</span> <span class='ocrx_word' id='word_1_225' title='bbox 1686 1915 1888 1974; x_wconf 83' lang='grc' dir='ltr'>πολλοῐ</span> 
     </span>
    </p>
   </div>
   <div class='ocr_carea' id='block_1_34' title="bbox 2004 1910 3669 2010">
    <p class='ocr_par' dir='ltr' id='par_1_34' title="bbox 2012 1910 3669 1984">
     <span class='ocr_line' id='line_1_34' title="bbox 2012 1910 3669 1984; baseline 0 -16"><span class='ocrx_word' id='word_1_226' title='bbox 2012 1929 2074 1968; x_wconf 88' lang='lat' dir='ltr'><strong>su</strong></span> <span class='ocrx_word' id='word_1_227' title='bbox 2108 1922 2160 1968; x_wconf 91' lang='lat' dir='ltr'><strong>et</strong></span> <span class='ocrx_word' id='word_1_228' title='bbox 2193 1916 2388 1982; x_wconf 88' lang='lat' dir='ltr'><strong>poetas</strong></span> <span class='ocrx_word' id='word_1_229' title='bbox 2428 1910 2875 1982; x_wconf 90' lang='lat' dir='ltr'><strong>comprehendo,</strong></span> <span class='ocrx_word' id='word_1_230' title='bbox 2904 1910 3124 1980; x_wconf 84' lang='lat' dir='ltr'><strong>pridem</strong></span> <span class='ocrx_word' id='word_1_231' title='bbox 3157 1911 3266 1980; x_wconf 85' lang='lat' dir='ltr'><strong>ipsi</strong></span> <span class='ocrx_word' id='word_1_232' title='bbox 3294 1911 3482 1982; x_wconf 86' lang='lat' dir='ltr'><strong>patria</strong></span> <span class='ocrx_word' id='word_1_233' title='bbox 3508 1929 3669 1984; x_wconf 85' lang='lat' dir='ltr'><strong>egre-</strong></span> 
     </span>
    </p>
   </div>
   <div class='ocr_carea' id='block_1_35' title="bbox 239 2005 1898 2082">
    <p class='ocr_par' dir='ltr' id='par_1_35' title="bbox 239 2005 1898 2082">
     <span class='ocr_line' id='line_1_35' title="bbox 239 2005 1898 2082; baseline 0.002 -26"><span class='ocrx_word' id='word_1_234' title='bbox 239 2007 346 2057; x_wconf 81' lang='grc' dir='ltr'>τοῦ</span> <span class='ocrx_word' id='word_1_235' title='bbox 396 2005 680 2078; x_wconf 70' lang='grc' dir='ltr'>περιόντος</span> <span class='ocrx_word' id='word_1_236' title='bbox 726 2007 907 2079; x_wconf 68' lang='grc' dir='ltr'>τούτῳ</span> <span class='ocrx_word' id='word_1_237' title='bbox 955 2008 1224 2082; x_wconf 80' lang='grc' dir='ltr'>παρέσχεν</span> <span class='ocrx_word' id='word_1_238' title='bbox 1280 2007 1641 2081; x_wconf 77' lang='grc' dir='ltr'>ὲκμελετῆσαί</span> <span class='ocrx_word' id='word_1_239' title='bbox 1696 2028 1754 2062; x_wconf 90' lang='grc' dir='ltr'><strong>τε</strong></span> <span class='ocrx_word' id='word_1_240' title='bbox 1808 2006 1898 2061; x_wconf 84' lang='lat' dir='ltr'><strong>xui</strong></span> 
     </span>
    </p>
   </div>
   <div class='ocr_carea' id='block_1_36' title="bbox 239 2091 1899 2172">
    <p class='ocr_par' dir='ltr' id='par_1_36' title="bbox 239 2091 1899 2172">
     <span class='ocr_line' id='line_1_36' title="bbox 239 2091 1899 2172; baseline 0.002 -26"><span class='ocrx_word' id='word_1_241' title='bbox 239 2091 551 2148; x_wconf 69' lang='grc' dir='ltr'>σπουδάσαι</span> <span class='ocrx_word' id='word_1_242' title='bbox 635 2096 724 2149; x_wconf 84' lang='grc' dir='ltr'><strong>καὶ</strong></span> <span class='ocrx_word' id='word_1_243' title='bbox 811 2099 1273 2172; x_wconf 77' lang='grc' dir='ltr'>κατεργάσασθαι.</span> <span class='ocrx_word' id='word_1_244' title='bbox 1356 2093 1680 2167; x_wconf 68' lang='grc' dir='ltr'>ἐπιτηδείως</span> <span class='ocrx_word' id='word_1_245' title='bbox 1762 2097 1899 2167; x_wconf 72' lang='grc' dir='ltr'>πρὸς</span> 
     </span>
    </p>
   </div>
   <div class='ocr_carea' id='block_1_37' title="bbox 236 2177 1898 2257">
    <p class='ocr_par' dir='ltr' id='par_1_37' title="bbox 236 2177 1898 2257">
     <span class='ocr_line' id='line_1_37' title="bbox 236 2177 1898 2257; baseline 0.002 -23"><span class='ocrx_word' id='word_1_246' title='bbox 236 2185 398 2234; x_wconf 79' lang='grc' dir='ltr'>τοῦτ’</span> <span class='ocrx_word' id='word_1_247' title='bbox 429 2177 653 2256; x_wconf 79' lang='grc' dir='ltr'>ἔχουσα,</span> <span class='ocrx_word' id='word_1_248' title='bbox 695 2184 784 2238; x_wconf 82' lang='grc' dir='ltr'><strong>καὶ</strong></span> <span class='ocrx_word' id='word_1_249' title='bbox 836 2181 1106 2257; x_wconf 85' lang='grc' dir='ltr'>δυναμένη</span> <span class='ocrx_word' id='word_1_250' title='bbox 1138 2185 1272 2246; x_wconf 64' lang='grc' dir='ltr'>τοὺς</span> <span class='ocrx_word' id='word_1_251' title='bbox 1321 2186 1370 2254; x_wconf 80' lang='grc' dir='ltr'><strong>ἐξ</strong></span> <span class='ocrx_word' id='word_1_252' title='bbox 1421 2185 1590 2253; x_wconf 81' lang='grc' dir='ltr'>αὐτῆς</span> <span class='ocrx_word' id='word_1_253' title='bbox 1634 2185 1722 2239; x_wconf 79' lang='grc' dir='ltr'><strong>καὶ</strong></span> <span class='ocrx_word' id='word_1_254' title='bbox 1773 2183 1898 2238; x_wconf 82' lang='grc' dir='ltr'>τού-</span> 
     </span>
    </p>
   </div>
   <div class='ocr_carea' id='block_1_38' title="bbox 237 2269 1897 2348">
    <p class='ocr_par' dir='ltr' id='par_1_38' title="bbox 237 2269 1897 2348">
     <span class='ocr_line' id='line_1_38' title="bbox 237 2269 1897 2348; baseline -0.001 -23"><span class='ocrx_word' id='word_1_255' title='bbox 237 2292 366 2331; x_wconf 82' lang='grc' dir='ltr'>τοις</span> <span class='ocrx_word' id='word_1_256' title='bbox 425 2269 744 2345; x_wconf 71' lang='grc' dir='ltr'>δωρεῖσθαι’</span> <span class='ocrx_word' id='word_1_257' title='bbox 803 2275 864 2328; x_wconf 90' lang='grc' dir='ltr'><strong>τό</strong></span> <span class='ocrx_word' id='word_1_258' title='bbox 922 2295 984 2348; x_wconf 87' lang='grc' dir='ltr'><strong>γε</strong></span> <span class='ocrx_word' id='word_1_259' title='bbox 1047 2276 1156 2346; x_wconf 82' lang='grc' dir='ltr'>μὴν</span> <span class='ocrx_word' id='word_1_260' title='bbox 1190 2276 1246 2328; x_wconf 81' lang='grc' dir='ltr'><strong>εὗ</strong></span> <span class='ocrx_word' id='word_1_261' title='bbox 1285 2272 1532 2329; x_wconf 70' lang='grc' dir='ltr'>δύνασθαι</span> <span class='ocrx_word' id='word_1_262' title='bbox 1585 2273 1778 2348; x_wconf 82' lang='grc' dir='ltr'>λέγειν,</span> <span class='ocrx_word' id='word_1_263' title='bbox 1808 2273 1897 2328; x_wconf 84' lang='grc' dir='ltr'><strong>καὶ</strong></span> 
     </span>
    </p>
   </div>
   <div class='ocr_carea' id='block_1_39' title="bbox 242 2361 1894 2439">
    <p class='ocr_par' dir='ltr' id='par_1_39' title="bbox 242 2361 1894 2439">
     <span class='ocr_line' id='line_1_39' title="bbox 242 2361 1894 2439; baseline 0.002 -25"><span class='ocrx_word' id='word_1_264' title='bbox 242 2361 387 2414; x_wconf 79' lang='grc' dir='ltr'>εἶναι</span> <span class='ocrx_word' id='word_1_265' title='bbox 450 2361 745 2434; x_wconf 72' lang='grc' dir='ltr'>ῥητορικὸν</span> <span class='ocrx_word' id='word_1_266' title='bbox 797 2363 885 2416; x_wconf 84' lang='lat' dir='ltr'><strong>xui</strong></span> <span class='ocrx_word' id='word_1_267' title='bbox 947 2361 1120 2417; x_wconf 84' lang='grc' dir='ltr'>δεινὸν</span> <span class='ocrx_word' id='word_1_268' title='bbox 1183 2364 1236 2416; x_wconf 82' lang='grc' dir='ltr'>ἐν</span> <span class='ocrx_word' id='word_1_269' title='bbox 1297 2362 1617 2439; x_wconf 79' lang='grc' dir='ltr'>συλλόγοις,</span> <span class='ocrx_word' id='word_1_270' title='bbox 1649 2365 1735 2416; x_wconf 80' lang='grc' dir='ltr'><strong>καὶ</strong></span> <span class='ocrx_word' id='word_1_271' title='bbox 1779 2363 1894 2417; x_wconf 89' lang='grc' dir='ltr'>πεί-</span> 
     </span>
    </p>
   </div>
   <div class='ocr_carea' id='block_1_40' title="bbox 241 2443 1894 2523">
    <p class='ocr_par' dir='ltr' id='par_1_40' title="bbox 241 2443 1894 2523">
     <span class='ocr_line' id='line_1_40' title="bbox 241 2443 1894 2523; baseline 0.002 -25"><span class='ocrx_word' id='word_1_272' title='bbox 241 2449 363 2499; x_wconf 81' lang='grc' dir='ltr'>θειν</span> <span class='ocrx_word' id='word_1_273' title='bbox 411 2443 559 2520; x_wconf 77' lang='grc' dir='ltr'>ἔχειν</span> <span class='ocrx_word' id='word_1_274' title='bbox 611 2450 916 2523; x_wconf 72' lang='grc' dir='ltr'>ἑκασταχοῦ</span> <span class='ocrx_word' id='word_1_275' title='bbox 969 2452 1103 2522; x_wconf 74' lang='grc' dir='ltr'>μετὰ</span> <span class='ocrx_word' id='word_1_276' title='bbox 1149 2451 1347 2512; x_wconf 89' lang='grc' dir='ltr'>παντὸς</span> <span class='ocrx_word' id='word_1_277' title='bbox 1400 2457 1496 2506; x_wconf 82' lang='grc' dir='ltr'>τοῦ</span> <span class='ocrx_word' id='word_1_278' title='bbox 1540 2450 1774 2517; x_wconf 81' lang='grc' dir='ltr'>δικαίου,</span> <span class='ocrx_word' id='word_1_279' title='bbox 1807 2449 1894 2504; x_wconf 80' lang='grc' dir='ltr'><strong>καὶ</strong></span> 
     </span>
    </p>
   </div>
   <div class='ocr_carea' id='block_1_41' title="bbox 238 2536 1895 2612">
    <p class='ocr_par' dir='ltr' id='par_1_41' title="bbox 238 2536 1895 2612">
     <span class='ocr_line' id='line_1_41' title="bbox 238 2536 1895 2612; baseline 0.003 -25"><span class='ocrx_word' id='word_1_280' title='bbox 238 2540 339 2588; x_wconf 80' lang='grc' dir='ltr'>νῦν</span> <span class='ocrx_word' id='word_1_281' title='bbox 391 2537 488 2608; x_wconf 82' lang='grc' dir='ltr'>μὲν</span> <span class='ocrx_word' id='word_1_282' title='bbox 544 2540 610 2590; x_wconf 71' lang='grc' dir='ltr'><strong>τα</strong></span> <span class='ocrx_word' id='word_1_283' title='bbox 666 2538 921 2611; x_wconf 84' lang='grc' dir='ltr'>βέλτιστα</span> <span class='ocrx_word' id='word_1_284' title='bbox 966 2536 1382 2612; x_wconf 78' lang='grc' dir='ltr'>συμόουλεόειν,</span> <span class='ocrx_word' id='word_1_285' title='bbox 1433 2538 1525 2593; x_wconf 79' lang='grc' dir='ltr'>νῦν</span> <span class='ocrx_word' id='word_1_286' title='bbox 1577 2538 1632 2593; x_wconf 78' lang='grc' dir='ltr'>δὲ</span> <span class='ocrx_word' id='word_1_287' title='bbox 1676 2538 1895 2593; x_wconf 82' lang='grc' dir='ltr'>ἀδικου-</span> 
     </span>
    </p>
   </div>
   <div class='ocr_carea' id='block_1_42' title="bbox 241 2624 1896 2702">
    <p class='ocr_par' dir='ltr' id='par_1_42' title="bbox 241 2624 1896 2702">
     <span class='ocr_line' id='line_1_42' title="bbox 241 2624 1896 2702; baseline 0.002 -24"><span class='ocrx_word' id='word_1_288' title='bbox 241 2624 434 2696; x_wconf 80' lang='grc' dir='ltr'>μένοις</span> <span class='ocrx_word' id='word_1_289' title='bbox 482 2626 727 2698; x_wconf 74' lang='grc' dir='ltr'>ἀμύνειν,</span> <span class='ocrx_word' id='word_1_290' title='bbox 779 2627 868 2681; x_wconf 86' lang='lat' dir='ltr'><strong>xui</strong></span> <span class='ocrx_word' id='word_1_291' title='bbox 916 2627 1099 2699; x_wconf 89' lang='grc' dir='ltr'>νόμων</span> <span class='ocrx_word' id='word_1_292' title='bbox 1158 2627 1538 2702; x_wconf 79' lang='grc' dir='ltr'>προίστασθαι,</span> <span class='ocrx_word' id='word_1_293' title='bbox 1585 2628 1675 2682; x_wconf 79' lang='grc' dir='ltr'><strong>καὶ</strong></span> <span class='ocrx_word' id='word_1_294' title='bbox 1716 2628 1896 2682; x_wconf 81' lang='grc' dir='ltr'>τάκεί-</span> 
     </span>
    </p>
   </div>
   <div class='ocr_carea' id='block_1_43' title="bbox 237 2709 1894 2792">
    <p class='ocr_par' dir='ltr' id='par_1_43' title="bbox 237 2709 1894 2792">
     <span class='ocr_line' id='line_1_43' title="bbox 237 2709 1894 2792; baseline 0.003 -27"><span class='ocrx_word' id='word_1_295' title='bbox 237 2736 354 2767; x_wconf 86' lang='grc' dir='ltr'>νων</span> <span class='ocrx_word' id='word_1_296' title='bbox 409 2709 682 2788; x_wconf 77' lang='grc' dir='ltr'>βεϐαιοῦν,</span> <span class='ocrx_word' id='word_1_297' title='bbox 741 2716 831 2769; x_wconf 87' lang='lat' dir='ltr'><strong>xui</strong></span> <span class='ocrx_word' id='word_1_298' title='bbox 881 2717 944 2770; x_wconf 83' lang='grc' dir='ltr'><strong>τό</strong></span> <span class='ocrx_word' id='word_1_299' title='bbox 1007 2717 1278 2791; x_wconf 88' lang='grc' dir='ltr'>μέγιστον,</span> <span class='ocrx_word' id='word_1_300' title='bbox 1340 2716 1542 2792; x_wconf 78' lang='grc' dir='ltr'>λόγους</span> <span class='ocrx_word' id='word_1_301' title='bbox 1607 2720 1736 2779; x_wconf 82' lang='grc' dir='ltr'>τοὺς</span> <span class='ocrx_word' id='word_1_302' title='bbox 1798 2717 1894 2788; x_wconf 74' lang='grc' dir='ltr'>μὲν</span> 
     </span>
    </p>
   </div>
   <div class='ocr_carea' id='block_1_44' title="bbox 239 2803 1892 2882">
    <p class='ocr_par' dir='ltr' id='par_1_44' title="bbox 239 2803 1892 2882">
     <span class='ocr_line' id='line_1_44' title="bbox 239 2803 1892 2882; baseline 0.002 -26"><span class='ocrx_word' id='word_1_303' title='bbox 239 2810 444 2873; x_wconf 77' lang='grc' dir='ltr'>ποιεῖν,</span> <span class='ocrx_word' id='word_1_304' title='bbox 498 2806 627 2866; x_wconf 82' lang='grc' dir='ltr'>τοὺς</span> <span class='ocrx_word' id='word_1_305' title='bbox 687 2803 766 2874; x_wconf 75' lang='grc' dir='ltr'>δὲ,</span> <span class='ocrx_word' id='word_1_306' title='bbox 817 2804 1018 2880; x_wconf 76' lang='grc' dir='ltr'>κρίνειν</span> <span class='ocrx_word' id='word_1_307' title='bbox 1077 2804 1294 2874; x_wconf 78' lang='grc' dir='ltr'>εἰδέναι,</span> <span class='ocrx_word' id='word_1_308' title='bbox 1351 2809 1434 2861; x_wconf 82' lang='lat' dir='ltr'><strong>xui</strong></span> <span class='ocrx_word' id='word_1_309' title='bbox 1490 2808 1552 2862; x_wconf 84' lang='grc' dir='ltr'>τὸ</span> <span class='ocrx_word' id='word_1_310' title='bbox 1608 2809 1892 2882; x_wconf 89' lang='grc' dir='ltr'>γινόμενον</span> 
     </span>
    </p>
   </div>
   <div class='ocr_carea' id='block_1_45' title="bbox 239 2893 1892 2972">
    <p class='ocr_par' dir='ltr' id='par_1_45' title="bbox 239 2893 1892 2972">
     <span class='ocr_line' id='line_1_45' title="bbox 239 2893 1892 2972; baseline 0.001 -26"><span class='ocrx_word' id='word_1_311' title='bbox 239 2894 442 2962; x_wconf 79' lang='grc' dir='ltr'>σώζειν</span> <span class='ocrx_word' id='word_1_312' title='bbox 499 2893 844 2972; x_wconf 79' lang='grc' dir='ltr'>ἁπανταχοῦ,</span> <span class='ocrx_word' id='word_1_313' title='bbox 901 2896 1002 2964; x_wconf 79' lang='grc' dir='ltr'><strong>τήν</strong></span> <span class='ocrx_word' id='word_1_314' title='bbox 1065 2895 1245 2950; x_wconf 81' lang='grc' dir='ltr'>τοίνυν</span> <span class='ocrx_word' id='word_1_315' title='bbox 1301 2895 1536 2950; x_wconf 77' lang='grc' dir='ltr'>τοσαῦτα</span> <span class='ocrx_word' id='word_1_316' title='bbox 1583 2895 1673 2949; x_wconf 82' lang='grc' dir='ltr'><strong>καὶ</strong></span> <span class='ocrx_word' id='word_1_317' title='bbox 1730 2895 1892 2964; x_wconf 90' lang='grc' dir='ltr'>τηλι-</span> 
     </span>
    </p>
   </div>
   <div class='ocr_carea' id='block_1_46' title="bbox 236 2979 1894 3060">
    <p class='ocr_par' dir='ltr' id='par_1_46' title="bbox 236 2979 1894 3060">
     <span class='ocr_line' id='line_1_46' title="bbox 236 2979 1894 3060; baseline 0.002 -25"><span class='ocrx_word' id='word_1_318' title='bbox 236 2984 412 3035; x_wconf 70' lang='grc' dir='ltr'>καῦτα</span> <span class='ocrx_word' id='word_1_319' title='bbox 468 2979 770 3054; x_wconf 79' lang='grc' dir='ltr'>δυναμένην</span> <span class='ocrx_word' id='word_1_320' title='bbox 816 2985 1136 3056; x_wconf 78' lang='grc' dir='ltr'>ῥητορικὴν,</span> <span class='ocrx_word' id='word_1_321' title='bbox 1187 2985 1277 3040; x_wconf 84' lang='grc' dir='ltr'><strong>καὶ</strong></span> <span class='ocrx_word' id='word_1_322' title='bbox 1328 2985 1464 3060; x_wconf 86' lang='grc' dir='ltr'>μέγα</span> <span class='ocrx_word' id='word_1_323' title='bbox 1515 2985 1611 3058; x_wconf 77' lang='grc' dir='ltr'>μὲν</span> <span class='ocrx_word' id='word_1_324' title='bbox 1658 2988 1736 3055; x_wconf 84' lang='grc' dir='ltr'>τῷ</span> <span class='ocrx_word' id='word_1_325' title='bbox 1789 2985 1894 3058; x_wconf 89' lang='grc' dir='ltr'><strong>βίῳ</strong></span> 
     </span>
    </p>
   </div>
   <div class='ocr_carea' id='block_1_47' title="bbox 236 3067 1893 3149">
    <p class='ocr_par' dir='ltr' id='par_1_47' title="bbox 236 3067 1893 3149">
     <span class='ocr_line' id='line_1_47' title="bbox 236 3067 1893 3149; baseline 0.001 -25"><span class='ocrx_word' id='word_1_326' title='bbox 236 3071 378 3124; x_wconf 85' lang='grc' dir='ltr'>κατὰ</span> <span class='ocrx_word' id='word_1_327' title='bbox 411 3072 476 3125; x_wconf 87' lang='grc' dir='ltr'>τὸ</span> <span class='ocrx_word' id='word_1_328' title='bbox 507 3067 638 3133; x_wconf 79' lang='grc' dir='ltr'>ἔπος</span> <span class='ocrx_word' id='word_1_329' title='bbox 699 3069 876 3146; x_wconf 80' lang='grc' dir='ltr'>ὄνειαρ</span> <span class='ocrx_word' id='word_1_330' title='bbox 909 3072 1071 3127; x_wconf 77' lang='grc' dir='ltr'>οὖσαν</span> <span class='ocrx_word' id='word_1_331' title='bbox 1101 3091 1112 3104; x_wconf 90' lang='grc'><strong>·</strong></span> <span class='ocrx_word' id='word_1_332' title='bbox 1149 3071 1434 3143; x_wconf 83' lang='grc' dir='ltr'>ζηλωτοὺς</span> <span class='ocrx_word' id='word_1_333' title='bbox 1475 3071 1530 3127; x_wconf 77' lang='grc' dir='ltr'>δὲ</span> <span class='ocrx_word' id='word_1_334' title='bbox 1588 3072 1715 3149; x_wconf 80' lang='grc' dir='ltr'>ἄγαν</span> <span class='ocrx_word' id='word_1_335' title='bbox 1769 3073 1893 3134; x_wconf 82' lang='grc' dir='ltr'>τοὺς</span> 
     </span>
    </p>
   </div>
   <div class='ocr_carea' id='block_1_48' title="bbox 237 3157 1892 3234">
    <p class='ocr_par' dir='ltr' id='par_1_48' title="bbox 237 3157 1892 3234">
     <span class='ocr_line' id='line_1_48' title="bbox 237 3157 1892 3234; baseline -0.001 -21"><span class='ocrx_word' id='word_1_336' title='bbox 237 3157 457 3220; x_wconf 76' lang='grc' dir='ltr'>εἰδότας</span> <span class='ocrx_word' id='word_1_337' title='bbox 517 3157 812 3228; x_wconf 78' lang='grc' dir='ltr'>δεικνῦσαν,</span> <span class='ocrx_word' id='word_1_338' title='bbox 863 3159 1125 3232; x_wconf 73' lang='grc' dir='ltr'>ἐκτήσατο</span> <span class='ocrx_word' id='word_1_339' title='bbox 1213 3162 1308 3234; x_wconf 74' lang='grc' dir='ltr'>μὲν</span> <span class='ocrx_word' id='word_1_340' title='bbox 1384 3161 1457 3223; x_wconf 84' lang='grc' dir='ltr'><strong>εἰς</strong></span> <span class='ocrx_word' id='word_1_341' title='bbox 1533 3160 1892 3230; x_wconf 79' lang='grc' dir='ltr'>Παλαιστίνην</span> 
     </span>
    </p>
   </div>
   <div class='ocr_carea' id='block_1_49' title="bbox 237 3247 1891 3323">
    <p class='ocr_par' dir='ltr' id='par_1_49' title="bbox 237 3247 1891 3323">
     <span class='ocr_line' id='line_1_49' title="bbox 237 3247 1891 3323; baseline 0.001 -21"><span class='ocrx_word' id='word_1_342' title='bbox 237 3247 442 3314; x_wconf 77' lang='grc' dir='ltr'>ἐλθὼν,</span> <span class='ocrx_word' id='word_1_343' title='bbox 505 3249 594 3302; x_wconf 89' lang='lat' dir='ltr'><strong>xui</strong></span> <span class='ocrx_word' id='word_1_344' title='bbox 667 3255 784 3311; x_wconf 89' lang='grc' dir='ltr'>τοῖς</span> <span class='ocrx_word' id='word_1_345' title='bbox 862 3250 976 3304; x_wconf 78' lang='grc' dir='ltr'>ἐκεῖ</span> <span class='ocrx_word' id='word_1_346' title='bbox 1051 3247 1464 3323; x_wconf 73' lang='grc' dir='ltr'>παιδευτηρίοις</span> <span class='ocrx_word' id='word_1_347' title='bbox 1545 3248 1891 3322; x_wconf 74' lang='grc' dir='ltr'>ἐνδιατρίψας</span> 
     </span>
    </p>
   </div>
   <div class='ocr_carea' id='block_1_50' title="bbox 242 3337 1891 3412">
    <p class='ocr_par' dir='ltr' id='par_1_50' title="bbox 242 3337 1891 3412">
     <span class='ocr_line' id='line_1_50' title="bbox 242 3337 1891 3412; baseline 0.001 -21"><span class='ocrx_word' id='word_1_348' title='bbox 242 3338 486 3409; x_wconf 70' lang='grc' dir='ltr'>μάλιστα</span> <span class='ocrx_word' id='word_1_349' title='bbox 545 3339 760 3392; x_wconf 70' lang='grc' dir='ltr'>πάντων</span> <span class='ocrx_word' id='word_1_350' title='bbox 819 3339 1288 3411; x_wconf 69' lang='grc' dir='ltr'>ἀντιποιουμένοις</span> <span class='ocrx_word' id='word_1_351' title='bbox 1345 3346 1444 3406; x_wconf 78' lang='grc' dir='ltr'><strong>τῆς</strong></span> <span class='ocrx_word' id='word_1_352' title='bbox 1477 3340 1674 3412; x_wconf 79' lang='grc' dir='ltr'>τέχνης</span> <span class='ocrx_word' id='word_1_353' title='bbox 1702 3359 1713 3370; x_wconf 78' lang='grc' dir='ltr'><strong>ο</strong></span> <span class='ocrx_word' id='word_1_354' title='bbox 1749 3337 1891 3392; x_wconf 73' lang='grc' dir='ltr'>οὕτω</span> 
     </span>
    </p>
   </div>
   <div class='ocr_carea' id='block_1_51' title="bbox 238 3423 1889 3504">
    <p class='ocr_par' dir='ltr' id='par_1_51' title="bbox 238 3423 1889 3504">
     <span class='ocr_line' id='line_1_51' title="bbox 238 3423 1889 3504; baseline 0 -24"><span class='ocrx_word' id='word_1_355' title='bbox 238 3424 298 3480; x_wconf 72' lang='grc' dir='ltr'>δὲ</span> <span class='ocrx_word' id='word_1_356' title='bbox 347 3431 434 3498; x_wconf 77' lang='grc' dir='ltr'><strong>τῷ</strong></span> <span class='ocrx_word' id='word_1_357' title='bbox 492 3425 832 3504; x_wconf 77' lang='grc' dir='ltr'>μεγαλοφυεῖ</span> <span class='ocrx_word' id='word_1_358' title='bbox 883 3431 986 3492; x_wconf 83' lang='grc' dir='ltr'><strong>τῆς</strong></span> <span class='ocrx_word' id='word_1_359' title='bbox 1044 3427 1208 3482; x_wconf 76' lang='grc' dir='ltr'>αὐτοῦ</span> <span class='ocrx_word' id='word_1_360' title='bbox 1257 3425 1518 3491; x_wconf 77' lang='grc' dir='ltr'>διανοίας,</span> <span class='ocrx_word' id='word_1_361' title='bbox 1551 3423 1687 3501; x_wconf 78' lang='grc' dir='ltr'>ἅπερ</span> <span class='ocrx_word' id='word_1_362' title='bbox 1728 3424 1889 3496; x_wconf 74' lang='grc' dir='ltr'>ε’ίλη-</span> 
     </span>
    </p>
   </div>
   <div class='ocr_carea' id='block_1_52' title="bbox 235 3513 1888 3590">
    <p class='ocr_par' dir='ltr' id='par_1_52' title="bbox 235 3513 1888 3590">
     <span class='ocr_line' id='line_1_52' title="bbox 235 3513 1888 3590; baseline -0.001 -21"><span class='ocrx_word' id='word_1_363' title='bbox 235 3536 352 3588; x_wconf 64' lang='grc' dir='ltr'>φεν,</span> <span class='ocrx_word' id='word_1_364' title='bbox 387 3513 594 3586; x_wconf 71' lang='grc' dir='ltr'>ηὔξηκε</span> <span class='ocrx_word' id='word_1_365' title='bbox 624 3518 713 3570; x_wconf 87' lang='lat' dir='ltr'><strong>xui</strong></span> <span class='ocrx_word' id='word_1_366' title='bbox 753 3517 1115 3589; x_wconf 85' lang='grc' dir='ltr'>κεκόσμηκεν,</span> <span class='ocrx_word' id='word_1_367' title='bbox 1155 3517 1230 3578; x_wconf 84' lang='grc' dir='ltr'>ὡς</span> <span class='ocrx_word' id='word_1_368' title='bbox 1276 3517 1403 3578; x_wconf 81' lang='grc' dir='ltr'>τοὺς</span> <span class='ocrx_word' id='word_1_369' title='bbox 1452 3516 1619 3570; x_wconf 81' lang='grc' dir='ltr'>αὐσοῦ</span> <span class='ocrx_word' id='word_1_370' title='bbox 1669 3518 1888 3590; x_wconf 84' lang='grc' dir='ltr'>λόγους,</span> 
     </span>
    </p>
   </div>
   <div class='ocr_carea' id='block_1_53' title="bbox 231 3603 1886 3680">
    <p class='ocr_par' dir='ltr' id='par_1_53' title="bbox 231 3603 1886 3680">
     <span class='ocr_line' id='line_1_53' title="bbox 231 3603 1886 3680; baseline 0.001 -21"><span class='ocrx_word' id='word_1_371' title='bbox 231 3607 423 3659; x_wconf 87' lang='grc' dir='ltr'>καινόν</span> <span class='ocrx_word' id='word_1_372' title='bbox 481 3626 537 3659; x_wconf 91' lang='grc' dir='ltr'><strong>τι</strong></span> <span class='ocrx_word' id='word_1_373' title='bbox 592 3607 681 3660; x_wconf 88' lang='lat' dir='ltr'><strong>xui</strong></span> <span class='ocrx_word' id='word_1_374' title='bbox 736 3605 1042 3661; x_wconf 82' lang='grc' dir='ltr'>ἀλλόκοτον</span> <span class='ocrx_word' id='word_1_375' title='bbox 1098 3607 1234 3660; x_wconf 78' lang='grc' dir='ltr'>εἶναι</span> <span class='ocrx_word' id='word_1_376' title='bbox 1292 3613 1489 3680; x_wconf 78' lang='grc' dir='ltr'>χρῆμα</span> <span class='ocrx_word' id='word_1_377' title='bbox 1522 3603 1725 3671; x_wconf 84' lang='grc' dir='ltr'>δοκεῖν,</span> <span class='ocrx_word' id='word_1_378' title='bbox 1761 3607 1886 3660; x_wconf 87' lang='grc' dir='ltr'>θαυ-</span> 
     </span>
    </p>
   </div>
   <div class='ocr_carea' id='block_1_54' title="bbox 236 3693 1888 3771">
    <p class='ocr_par' dir='ltr' id='par_1_54' title="bbox 236 3693 1888 3771">
     <span class='ocr_line' id='line_1_54' title="bbox 236 3693 1888 3771; baseline -0.001 -23"><span class='ocrx_word' id='word_1_379' title='bbox 236 3694 585 3767; x_wconf 78' lang='grc' dir='ltr'>μαζομένους</span> <span class='ocrx_word' id='word_1_380' title='bbox 637 3696 733 3768; x_wconf 75' lang='grc' dir='ltr'>μὲν</span> <span class='ocrx_word' id='word_1_381' title='bbox 785 3696 872 3771; x_wconf 58' lang='grc' dir='ltr'><strong>ὥθ’</strong></span> <span class='ocrx_word' id='word_1_382' title='bbox 901 3696 1178 3762; x_wconf 79' lang='grc' dir='ltr'>ἁπάντων,</span> <span class='ocrx_word' id='word_1_383' title='bbox 1213 3693 1404 3768; x_wconf 83' lang='grc' dir='ltr'>μηδενὶ</span> <span class='ocrx_word' id='word_1_384' title='bbox 1455 3693 1510 3749; x_wconf 77' lang='grc' dir='ltr'>δὲ</span> <span class='ocrx_word' id='word_1_385' title='bbox 1555 3695 1688 3769; x_wconf 74' lang='grc' dir='ltr'>πρὸς</span> <span class='ocrx_word' id='word_1_386' title='bbox 1721 3694 1888 3762; x_wconf 79' lang='grc' dir='ltr'>ζῆλον</span> 
     </span>
    </p>
   </div>
   <div class='ocr_carea' id='block_1_55' title="bbox 234 3785 441 3845">
    <p class='ocr_par' dir='ltr' id='par_1_55' title="bbox 234 3785 441 3845">
     <span class='ocr_line' id='line_1_55' title="bbox 234 3785 441 3845; baseline 0 -7"><span class='ocrx_word' id='word_1_387' title='bbox 234 3785 441 3845; x_wconf 80' lang='grc' dir='ltr'>ἰόντας.</span> 
     </span>
    </p>
   </div>
   <div class='ocr_carea' id='block_1_56' title="bbox 2011 1999 3668 2073">
    <p class='ocr_par' dir='ltr' id='par_1_56' title="bbox 2011 1999 3668 2073">
     <span class='ocr_line' id='line_1_56' title="bbox 2011 1999 3668 2073; baseline 0.001 -17"><span class='ocrx_word' id='word_1_388' title='bbox 2011 2003 2102 2072; x_wconf 86' lang='lat' dir='ltr'><strong>gis</strong></span> <span class='ocrx_word' id='word_1_389' title='bbox 2134 2001 2417 2073; x_wconf 89' lang='lat' dir='ltr'><strong>plenaque</strong></span> <span class='ocrx_word' id='word_1_390' title='bbox 2439 2017 2615 2056; x_wconf 89' lang='lat' dir='ltr'><strong>manu</strong></span> <span class='ocrx_word' id='word_1_391' title='bbox 2648 1999 2979 2064; x_wconf 85' lang='lat' dir='ltr'><strong>ediscenda,</strong></span> <span class='ocrx_word' id='word_1_392' title='bbox 3017 2001 3284 2070; x_wconf 85' lang='lat' dir='ltr'><strong>serieque</strong></span> <span class='ocrx_word' id='word_1_393' title='bbox 3316 2001 3513 2056; x_wconf 89' lang='lat' dir='ltr'><strong>studio</strong></span> <span class='ocrx_word' id='word_1_394' title='bbox 3547 2019 3668 2071; x_wconf 91' lang='lat' dir='ltr'><strong>per-</strong></span> 
     </span>
    </p>
   </div>
   <div class='ocr_carea' id='block_1_57' title="bbox 2010 2086 3659 2151">
    <p class='ocr_par' dir='ltr' id='par_1_57' title="bbox 2010 2086 3659 2151">
     <span class='ocr_line' id='line_1_57' title="bbox 2010 2086 3659 2151; baseline 0.004 -10"><span class='ocrx_word' id='word_1_395' title='bbox 2010 2086 2316 2142; x_wconf 87' lang='lat' dir='ltr'><strong>tractanda</strong></span> <span class='ocrx_word' id='word_1_396' title='bbox 2358 2088 2699 2151; x_wconf 86' lang='lat' dir='ltr'><strong>tradiderat,</strong></span> <span class='ocrx_word' id='word_1_397' title='bbox 2761 2089 2905 2142; x_wconf 87' lang='lat' dir='ltr'><strong>satis</strong></span> <span class='ocrx_word' id='word_1_398' title='bbox 2944 2089 3045 2144; x_wconf 89' lang='lat' dir='ltr'><strong>illa</strong></span> <span class='ocrx_word' id='word_1_399' title='bbox 3121 2106 3260 2145; x_wconf 89' lang='lat' dir='ltr'><strong>sane</strong></span> <span class='ocrx_word' id='word_1_400' title='bbox 3334 2091 3543 2148; x_wconf 88' lang='lat' dir='ltr'><strong>idonea</strong></span> <span class='ocrx_word' id='word_1_401' title='bbox 3592 2094 3659 2147; x_wconf 87' lang='lat' dir='ltr'><strong>ad</strong></span> 
     </span>
    </p>
   </div>
   <div class='ocr_carea' id='block_1_58' title="bbox 2011 2177 3659 2248">
    <p class='ocr_par' dir='ltr' id='par_1_58' title="bbox 2011 2177 3659 2248">
     <span class='ocr_line' id='line_1_58' title="bbox 2011 2177 3659 2248; baseline 0.004 -18"><span class='ocrx_word' id='word_1_402' title='bbox 2011 2177 2158 2231; x_wconf 86' lang='lat' dir='ltr'><strong>hanc</strong></span> <span class='ocrx_word' id='word_1_403' title='bbox 2185 2193 2305 2231; x_wconf 88' lang='lat' dir='ltr'><strong>rem</strong></span> <span class='ocrx_word' id='word_1_404' title='bbox 2341 2177 2640 2248; x_wconf 83' lang='lat' dir='ltr'><strong>magistra,</strong></span> <span class='ocrx_word' id='word_1_405' title='bbox 2671 2183 2728 2231; x_wconf 88' lang='lat' dir='ltr'><strong>et</strong></span> <span class='ocrx_word' id='word_1_406' title='bbox 2758 2195 2884 2247; x_wconf 65' lang='lat' dir='ltr'><strong>quae</strong></span> <span class='ocrx_word' id='word_1_407' title='bbox 2917 2179 3089 2232; x_wconf 89' lang='lat' dir='ltr'><strong>hasce</strong></span> <span class='ocrx_word' id='word_1_408' title='bbox 3119 2179 3293 2234; x_wconf 87' lang='lat' dir='ltr'><strong>etiam</strong></span> <span class='ocrx_word' id='word_1_409' title='bbox 3340 2187 3490 2234; x_wconf 74' lang='lat' dir='ltr'><strong>artes</strong></span> <span class='ocrx_word' id='word_1_410' title='bbox 3521 2183 3659 2236; x_wconf 84' lang='lat' dir='ltr'><strong>civi-</strong></span> 
     </span>
    </p>
   </div>
   <div class='ocr_carea' id='block_1_59' title="bbox 2010 2269 3663 2342">
    <p class='ocr_par' dir='ltr' id='par_1_59' title="bbox 2010 2269 3663 2342">
     <span class='ocr_line' id='line_1_59' title="bbox 2010 2269 3663 2342; baseline 0.004 -21"><span class='ocrx_word' id='word_1_411' title='bbox 2010 2269 2121 2321; x_wconf 91' lang='lat' dir='ltr'><strong>bus</strong></span> <span class='ocrx_word' id='word_1_412' title='bbox 2143 2269 2269 2322; x_wconf 89' lang='lat' dir='ltr'><strong>suis</strong></span> <span class='ocrx_word' id='word_1_413' title='bbox 2304 2269 2596 2337; x_wconf 85' lang='lat' dir='ltr'><strong>impertire</strong></span> <span class='ocrx_word' id='word_1_414' title='bbox 2628 2277 2836 2338; x_wconf 84' lang='lat' dir='ltr'><strong>posset.</strong></span> <span class='ocrx_word' id='word_1_415' title='bbox 2871 2270 3046 2322; x_wconf 86' lang='lat' dir='ltr'><strong>Porro</strong></span> <span class='ocrx_word' id='word_1_416' title='bbox 3081 2279 3142 2323; x_wconf 89' lang='lat' dir='ltr'><strong>ut</strong></span> <span class='ocrx_word' id='word_1_417' title='bbox 3173 2270 3319 2325; x_wconf 89' lang='lat' dir='ltr'><strong>bene</strong></span> <span class='ocrx_word' id='word_1_418' title='bbox 3349 2281 3663 2342; x_wconf 83' lang='lat' dir='ltr'><strong>ornateque</strong></span> 
     </span>
    </p>
   </div>
   <div class='ocr_carea' id='block_1_60' title="bbox 2007 2357 3654 2428">
    <p class='ocr_par' dir='ltr' id='par_1_60' title="bbox 2007 2357 3654 2428">
     <span class='ocr_line' id='line_1_60' title="bbox 2007 2357 3654 2428; baseline 0.004 -17"><span class='ocrx_word' id='word_1_419' title='bbox 2007 2357 2239 2412; x_wconf 88' lang='lat' dir='ltr'><strong>dicendi</strong></span> <span class='ocrx_word' id='word_1_420' title='bbox 2269 2357 2600 2413; x_wconf 78' lang='lat' dir='ltr'><strong>facultatem</strong></span> <span class='ocrx_word' id='word_1_421' title='bbox 2624 2365 3095 2428; x_wconf 85' lang='lat' dir='ltr'><strong>consequeretur,</strong></span> <span class='ocrx_word' id='word_1_422' title='bbox 3110 2359 3241 2414; x_wconf 90' lang='lat' dir='ltr'><strong>etin</strong></span> <span class='ocrx_word' id='word_1_423' title='bbox 3273 2377 3396 2416; x_wconf 49' lang='lat' dir='ltr'><strong>coni</strong></span> <span class='ocrx_word' id='word_1_424' title='bbox 3420 2361 3654 2418; x_wconf 80' lang='lat' dir='ltr'><strong>ionibus</strong></span> 
     </span>
    </p>
   </div>
   <div class='ocr_carea' id='block_1_61' title="bbox 2010 2445 3660 2517">
    <p class='ocr_par' dir='ltr' id='par_1_61' title="bbox 2010 2445 3660 2517">
     <span class='ocr_line' id='line_1_61' title="bbox 2010 2445 3660 2517; baseline 0.004 -18"><span class='ocrx_word' id='word_1_425' title='bbox 2010 2445 2208 2500; x_wconf 86' lang='lat' dir='ltr'><strong>diserti</strong></span> <span class='ocrx_word' id='word_1_426' title='bbox 2267 2448 2513 2501; x_wconf 87' lang='lat' dir='ltr'><strong>oratoris</strong></span> <span class='ocrx_word' id='word_1_427' title='bbox 2572 2455 2763 2516; x_wconf 84' lang='lat' dir='ltr'><strong>partes</strong></span> <span class='ocrx_word' id='word_1_428' title='bbox 2836 2454 3115 2515; x_wconf 85' lang='lat' dir='ltr'><strong>tueretur,</strong></span> <span class='ocrx_word' id='word_1_429' title='bbox 3181 2452 3452 2517; x_wconf 87' lang='lat' dir='ltr'><strong>omnique</strong></span> <span class='ocrx_word' id='word_1_430' title='bbox 3536 2453 3660 2506; x_wconf 88' lang='lat' dir='ltr'><strong>loco</strong></span> 
     </span>
    </p>
   </div>
   <div class='ocr_carea' id='block_1_62' title="bbox 2011 2537 3661 2608">
    <p class='ocr_par' dir='ltr' id='par_1_62' title="bbox 2011 2537 3661 2608">
     <span class='ocr_line' id='line_1_62' title="bbox 2011 2537 3661 2608; baseline 0.004 -18"><span class='ocrx_word' id='word_1_431' title='bbox 2011 2537 2340 2591; x_wconf 87' lang='lat' dir='ltr'><strong>animorum</strong></span> <span class='ocrx_word' id='word_1_432' title='bbox 2385 2538 2640 2592; x_wconf 84' lang='lat' dir='ltr'><strong>habenas</strong></span> <span class='ocrx_word' id='word_1_433' title='bbox 2698 2538 3032 2608; x_wconf 61' lang='lat' dir='ltr'><strong>aequissimo</strong></span> <span class='ocrx_word' id='word_1_434' title='bbox 3074 2540 3209 2607; x_wconf 82' lang='lat' dir='ltr'><strong>jure</strong></span> <span class='ocrx_word' id='word_1_435' title='bbox 3269 2543 3509 2603; x_wconf 86' lang='lat' dir='ltr'><strong>teneret,</strong></span> <span class='ocrx_word' id='word_1_436' title='bbox 3543 2543 3661 2596; x_wconf 84' lang='lat' dir='ltr'><strong>sive</strong></span> 
     </span>
    </p>
   </div>
   <div class='ocr_carea' id='block_1_63' title="bbox 2008 2625 3659 2700">
    <p class='ocr_par' dir='ltr' id='par_1_63' title="bbox 2008 2625 3659 2700">
     <span class='ocr_line' id='line_1_63' title="bbox 2008 2625 3659 2700; baseline 0.004 -22"><span class='ocrx_word' id='word_1_437' title='bbox 2008 2625 2219 2694; x_wconf 84' lang='lat' dir='ltr'><strong>Optima</strong></span> <span class='ocrx_word' id='word_1_438' title='bbox 2275 2641 2517 2696; x_wconf 63' lang='lat' dir='ltr'><strong>quaeque</strong></span> <span class='ocrx_word' id='word_1_439' title='bbox 2569 2628 2862 2692; x_wconf 89' lang='lat' dir='ltr'><strong>suaderet,</strong></span> <span class='ocrx_word' id='word_1_440' title='bbox 2904 2626 3022 2680; x_wconf 83' lang='lat' dir='ltr'><strong>sive</strong></span> <span class='ocrx_word' id='word_1_441' title='bbox 3079 2628 3297 2697; x_wconf 88' lang='lat' dir='ltr'><strong>injuria</strong></span> <span class='ocrx_word' id='word_1_442' title='bbox 3361 2632 3659 2700; x_wconf 78' lang='lat' dir='ltr'><strong>oppressis</strong></span> 
     </span>
    </p>
   </div>
   <div class='ocr_carea' id='block_1_64' title="bbox 2009 2713 3657 2786">
    <p class='ocr_par' dir='ltr' id='par_1_64' title="bbox 2009 2713 3657 2786">
     <span class='ocr_line' id='line_1_64' title="bbox 2009 2713 3657 2786; baseline 0.004 -20"><span class='ocrx_word' id='word_1_443' title='bbox 2009 2713 2256 2780; x_wconf 88' lang='lat' dir='ltr'><strong>adesset,</strong></span> <span class='ocrx_word' id='word_1_444' title='bbox 2292 2715 2599 2785; x_wconf 83' lang='lat' dir='ltr'><strong>legumque</strong></span> <span class='ocrx_word' id='word_1_445' title='bbox 2627 2714 2890 2785; x_wconf 88' lang='lat' dir='ltr'><strong>ipsarum</strong></span> <span class='ocrx_word' id='word_1_446' title='bbox 2924 2732 3158 2770; x_wconf 87' lang='lat' dir='ltr'><strong>causam</strong></span> <span class='ocrx_word' id='word_1_447' title='bbox 3191 2716 3524 2786; x_wconf 85' lang='lat' dir='ltr'><strong>susciperet,</strong></span> <span class='ocrx_word' id='word_1_448' title='bbox 3557 2719 3657 2773; x_wconf 74' lang='lat' dir='ltr'><strong>iis-</strong></span> 
     </span>
    </p>
   </div>
   <div class='ocr_carea' id='block_1_65' title="bbox 2007 2805 3660 2877">
    <p class='ocr_par' dir='ltr' id='par_1_65' title="bbox 2007 2805 3660 2877">
     <span class='ocr_line' id='line_1_65' title="bbox 2007 2805 3660 2877; baseline 0.002 -20"><span class='ocrx_word' id='word_1_449' title='bbox 2007 2819 2122 2873; x_wconf 89' lang='lat' dir='ltr'><strong>que</strong></span> <span class='ocrx_word' id='word_1_450' title='bbox 2155 2805 2556 2860; x_wconf 85' lang='lat' dir='ltr'><strong>auctoritatem</strong></span> <span class='ocrx_word' id='word_1_451' title='bbox 2591 2821 2754 2859; x_wconf 86' lang='lat' dir='ltr'><strong>suam</strong></span> <span class='ocrx_word' id='word_1_452' title='bbox 2797 2811 3083 2860; x_wconf 87' lang='lat' dir='ltr'><strong>astrueret</strong></span> <span class='ocrx_word' id='word_1_453' title='bbox 3115 2823 3129 2861; x_wconf 88' lang='lat'>:</span> <span class='ocrx_word' id='word_1_454' title='bbox 3163 2812 3220 2861; x_wconf 90' lang='lat' dir='ltr'><strong>et</strong></span> <span class='ocrx_word' id='word_1_455' title='bbox 3277 2806 3433 2877; x_wconf 87' lang='lat' dir='ltr'><strong>quod</strong></span> <span class='ocrx_word' id='word_1_456' title='bbox 3493 2807 3660 2862; x_wconf 84' lang='lat' dir='ltr'><strong>facile</strong></span> 
     </span>
    </p>
   </div>
   <div class='ocr_carea' id='block_1_66' title="bbox 2014 2892 3657 2966">
    <p class='ocr_par' dir='ltr' id='par_1_66' title="bbox 2014 2892 3657 2966">
     <span class='ocr_line' id='line_1_66' title="bbox 2014 2892 3657 2966; baseline 0.004 -21"><span class='ocrx_word' id='word_1_457' title='bbox 2014 2892 2270 2962; x_wconf 89' lang='lat' dir='ltr'><strong>primum</strong></span> <span class='ocrx_word' id='word_1_458' title='bbox 2304 2899 2414 2960; x_wconf 89' lang='lat' dir='ltr'><strong>est,</strong></span> <span class='ocrx_word' id='word_1_459' title='bbox 2451 2905 2513 2950; x_wconf 85' lang='lat' dir='ltr'><strong>ut</strong></span> <span class='ocrx_word' id='word_1_460' title='bbox 2542 2895 2830 2950; x_wconf 89' lang='lat' dir='ltr'><strong>orationes</strong></span> <span class='ocrx_word' id='word_1_461' title='bbox 2879 2901 2935 2948; x_wconf 88' lang='lat' dir='ltr'><strong>ct</strong></span> <span class='ocrx_word' id='word_1_462' title='bbox 2991 2896 3115 2966; x_wconf 87' lang='lat' dir='ltr'><strong>ipse</strong></span> <span class='ocrx_word' id='word_1_463' title='bbox 3141 2895 3470 2959; x_wconf 83' lang='lat' dir='ltr'><strong>conﬁceret,</strong></span> <span class='ocrx_word' id='word_1_464' title='bbox 3502 2902 3559 2952; x_wconf 88' lang='lat' dir='ltr'><strong>et</strong></span> <span class='ocrx_word' id='word_1_465' title='bbox 3589 2900 3657 2952; x_wconf 82' lang='lat' dir='ltr'><strong>de</strong></span> 
     </span>
    </p>
   </div>
   <div class='ocr_carea' id='block_1_67' title="bbox 2007 2981 3656 3055">
    <p class='ocr_par' dir='ltr' id='par_1_67' title="bbox 2007 2981 3656 3055">
     <span class='ocr_line' id='line_1_67' title="bbox 2007 2981 3656 3055; baseline 0.002 -19"><span class='ocrx_word' id='word_1_466' title='bbox 2007 2981 2213 3037; x_wconf 88' lang='lat' dir='ltr'><strong>alienis</strong></span> <span class='ocrx_word' id='word_1_467' title='bbox 2269 2983 2450 3054; x_wconf 90' lang='lat' dir='ltr'><strong>perite</strong></span> <span class='ocrx_word' id='word_1_468' title='bbox 2505 2985 2851 3038; x_wconf 87' lang='lat' dir='ltr'><strong>sententiam</strong></span> <span class='ocrx_word' id='word_1_469' title='bbox 2909 2986 3101 3051; x_wconf 86' lang='lat' dir='ltr'><strong>ferret,</strong></span> <span class='ocrx_word' id='word_1_470' title='bbox 3146 2985 3538 3055; x_wconf 89' lang='lat' dir='ltr'><strong>omnibusque</strong></span> <span class='ocrx_word' id='word_1_471' title='bbox 3595 2987 3656 3039; x_wconf 88' lang='lat' dir='ltr'><strong>in</strong></span> 
     </span>
    </p>
   </div>
   <div class='ocr_carea' id='block_1_68' title="bbox 2006 3073 3654 3146">
    <p class='ocr_par' dir='ltr' id='par_1_68' title="bbox 2006 3073 3654 3146">
     <span class='ocr_line' id='line_1_68' title="bbox 2006 3073 3654 3146; baseline 0.001 -19"><span class='ocrx_word' id='word_1_472' title='bbox 2006 3073 2178 3128; x_wconf 87' lang='lat' dir='ltr'><strong>rebus</strong></span> <span class='ocrx_word' id='word_1_473' title='bbox 2209 3075 2478 3129; x_wconf 89' lang='lat' dir='ltr'><strong>decorum</strong></span> <span class='ocrx_word' id='word_1_474' title='bbox 2511 3081 2803 3142; x_wconf 83' lang='lat' dir='ltr'><strong>servaret;</strong></span> <span class='ocrx_word' id='word_1_475' title='bbox 2839 3075 2989 3130; x_wconf 88' lang='lat' dir='ltr'><strong>hanc</strong></span> <span class='ocrx_word' id='word_1_476' title='bbox 3032 3076 3296 3146; x_wconf 89' lang='lat' dir='ltr'><strong>inquam,</strong></span> <span class='ocrx_word' id='word_1_477' title='bbox 3324 3090 3450 3145; x_wconf 63' lang='lat' dir='ltr'><strong>quas</strong></span> <span class='ocrx_word' id='word_1_478' title='bbox 3508 3074 3654 3129; x_wconf 84' lang='lat' dir='ltr'><strong>tales</strong></span> 
     </span>
    </p>
   </div>
   <div class='ocr_carea' id='block_1_69' title="bbox 2005 3163 3651 3233">
    <p class='ocr_par' dir='ltr' id='par_1_69' title="bbox 2005 3163 3651 3233">
     <span class='ocr_line' id='line_1_69' title="bbox 2005 3163 3651 3233; baseline 0 -17"><span class='ocrx_word' id='word_1_479' title='bbox 2005 3167 2313 3232; x_wconf 88' lang='lat' dir='ltr'><strong>tantasque</strong></span> <span class='ocrx_word' id='word_1_480' title='bbox 2347 3180 2462 3217; x_wconf 91' lang='lat' dir='ltr'><strong>una</strong></span> <span class='ocrx_word' id='word_1_481' title='bbox 2506 3164 2734 3217; x_wconf 85' lang='lat' dir='ltr'><strong>efficere</strong></span> <span class='ocrx_word' id='word_1_482' title='bbox 2777 3180 2869 3218; x_wconf 89' lang='lat' dir='ltr'><strong>res</strong></span> <span class='ocrx_word' id='word_1_483' title='bbox 2920 3170 3126 3233; x_wconf 87' lang='lat' dir='ltr'><strong>potest.</strong></span> <span class='ocrx_word' id='word_1_484' title='bbox 3173 3168 3354 3217; x_wconf 86' lang='lat' dir='ltr'><strong>artem</strong></span> <span class='ocrx_word' id='word_1_485' title='bbox 3407 3163 3651 3217; x_wconf 89' lang='lat' dir='ltr'><strong>rhetori-</strong></span> 
     </span>
    </p>
   </div>
   <div class='ocr_carea' id='block_1_70' title="bbox 2002 3252 3649 3324">
    <p class='ocr_par' dir='ltr' id='par_1_70' title="bbox 2002 3252 3649 3324">
     <span class='ocr_line' id='line_1_70' title="bbox 2002 3252 3649 3324; baseline 0 -18"><span class='ocrx_word' id='word_1_486' title='bbox 2002 3268 2153 3318; x_wconf 88' lang='lat' dir='ltr'><strong>cam,</strong></span> <span class='ocrx_word' id='word_1_487' title='bbox 2187 3253 2310 3306; x_wconf 86' lang='lat' dir='ltr'><strong>vit</strong></span> <span class='ocrx_word' id='word_1_488' title='bbox 2335 3252 2622 3321; x_wconf 83' lang='lat' dir='ltr'><strong>humanas,</strong></span> <span class='ocrx_word' id='word_1_489' title='bbox 2653 3258 2712 3307; x_wconf 94' lang='lat' dir='ltr'><strong>ut</strong></span> <span class='ocrx_word' id='word_1_490' title='bbox 2743 3253 2968 3324; x_wconf 89' lang='lat' dir='ltr'><strong>poetico</strong></span> <span class='ocrx_word' id='word_1_491' title='bbox 3012 3252 3187 3306; x_wconf 89' lang='lat' dir='ltr'><strong>verbo</strong></span> <span class='ocrx_word' id='word_1_492' title='bbox 3231 3258 3360 3306; x_wconf 89' lang='lat' dir='ltr'><strong>utar</strong></span> <span class='ocrx_word' id='word_1_493' title='bbox 3387 3253 3466 3321; x_wconf 90' lang='grc'><strong>(1)</strong></span> <span class='ocrx_word' id='word_1_494' title='bbox 3497 3274 3524 3300; x_wconf 77' lang='grc' dir='ltr'>(ι</span> <span class='ocrx_word' id='word_1_495' title='bbox 3559 3253 3649 3306; x_wconf 81' lang='lat' dir='ltr'><strong>in-</strong></span> 
     </span>
    </p>
   </div>
   <div class='ocr_carea' id='block_1_71' title="bbox 1943 3322 3645 3413">
    <p class='ocr_par' dir='ltr' id='par_1_71' title="bbox 1943 3322 3645 3413">
     <span class='ocr_line' id='line_1_71' title="bbox 1943 3322 3645 3413; baseline 0.001 -19"><span class='ocrx_word' id='word_1_496' title='bbox 1943 3322 1964 3386; x_wconf 65' lang='grc' dir='ltr'>Ῑ</span> <span class='ocrx_word' id='word_1_497' title='bbox 2003 3356 2144 3411; x_wconf 88' lang='lat' dir='ltr'><strong>gens</strong></span> <span class='ocrx_word' id='word_1_498' title='bbox 2187 3341 2513 3413; x_wconf 61' lang='lat' dir='ltr'><strong>prasidium</strong></span> <span class='ocrx_word' id='word_1_499' title='bbox 2537 3346 2594 3397; x_wconf 91' lang='lat' dir='ltr'><strong>et</strong></span> <span class='ocrx_word' id='word_1_500' title='bbox 2611 3322 2922 3396; x_wconf 72' lang='lat' dir='ltr'><strong>columen»</strong></span> <span class='ocrx_word' id='word_1_501' title='bbox 2945 3341 3385 3410; x_wconf 67' lang='lat' dir='ltr'><strong>invidendasque</strong></span> <span class='ocrx_word' id='word_1_502' title='bbox 3405 3341 3645 3395; x_wconf 86' lang='lat' dir='ltr'><strong>felicita-</strong></span> 
     </span>
    </p>
   </div>
   <div class='ocr_carea' id='block_1_72' title="bbox 2001 3430 3646 3496">
    <p class='ocr_par' dir='ltr' id='par_1_72' title="bbox 2001 3430 3646 3496">
     <span class='ocr_line' id='line_1_72' title="bbox 2001 3430 3646 3496; baseline 0.001 -13"><span class='ocrx_word' id='word_1_503' title='bbox 2001 3431 2078 3484; x_wconf 90' lang='lat' dir='ltr'><strong>tis</strong></span> <span class='ocrx_word' id='word_1_504' title='bbox 2111 3430 2494 3487; x_wconf 83' lang='lat' dir='ltr'><strong>familiaribus</strong></span> <span class='ocrx_word' id='word_1_505' title='bbox 2533 3431 2656 3486; x_wconf 90' lang='lat' dir='ltr'><strong>suis</strong></span> <span class='ocrx_word' id='word_1_506' title='bbox 2686 3430 3236 3496; x_wconf 85' lang='lat' dir='ltr'><strong>conciliatricem,iu</strong></span> <span class='ocrx_word' id='word_1_507' title='bbox 3277 3430 3646 3484; x_wconf 76' lang='lat' dir='ltr'><strong>Palaestinam</strong></span> 
     </span>
    </p>
   </div>
   <div class='ocr_carea' id='block_1_73' title="bbox 2002 3517 3642 3590">
    <p class='ocr_par' dir='ltr' id='par_1_73' title="bbox 2002 3517 3642 3590">
     <span class='ocr_line' id='line_1_73' title="bbox 2002 3517 3642 3590; baseline 0.001 -19"><span class='ocrx_word' id='word_1_508' title='bbox 2002 3518 2308 3586; x_wconf 85' lang='lat' dir='ltr'><strong>profectus,</strong></span> <span class='ocrx_word' id='word_1_509' title='bbox 2331 3519 2574 3590; x_wconf 86' lang='lat' dir='ltr'><strong>ejusque</strong></span> <span class='ocrx_word' id='word_1_510' title='bbox 2601 3521 2656 3573; x_wconf 93' lang='lat' dir='ltr'><strong>in</strong></span> <span class='ocrx_word' id='word_1_511' title='bbox 2689 3518 2906 3572; x_wconf 87' lang='lat' dir='ltr'><strong>scholis</strong></span> <span class='ocrx_word' id='word_1_512' title='bbox 2935 3534 3198 3586; x_wconf 88' lang='lat' dir='ltr'><strong>versans,</strong></span> <span class='ocrx_word' id='word_1_513' title='bbox 3231 3533 3358 3588; x_wconf 66' lang='lat' dir='ltr'><strong>qua</strong></span> <span class='ocrx_word' id='word_1_514' title='bbox 3383 3517 3642 3574; x_wconf 89' lang='lat' dir='ltr'><strong>stuodio-</strong></span> 
     </span>
    </p>
   </div>
   <div class='ocr_carea' id='block_1_74' title="bbox 1999 3605 3644 3678">
    <p class='ocr_par' dir='ltr' id='par_1_74' title="bbox 1999 3605 3644 3678">
     <span class='ocr_line' id='line_1_74' title="bbox 1999 3605 3644 3678; baseline 0.001 -18"><span class='ocrx_word' id='word_1_515' title='bbox 1999 3605 2230 3662; x_wconf 86' lang='lat' dir='ltr'><strong>sissime</strong></span> <span class='ocrx_word' id='word_1_516' title='bbox 2260 3608 2522 3661; x_wconf 90' lang='lat' dir='ltr'><strong>omnium</strong></span> <span class='ocrx_word' id='word_1_517' title='bbox 2557 3609 2818 3662; x_wconf 69' lang='lat' dir='ltr'><strong>oratoriae</strong></span> <span class='ocrx_word' id='word_1_518' title='bbox 2843 3623 3078 3678; x_wconf 89' lang='lat' dir='ltr'><strong>operam</strong></span> <span class='ocrx_word' id='word_1_519' title='bbox 3110 3606 3394 3670; x_wconf 89' lang='lat' dir='ltr'><strong>dant,sibi</strong></span> <span class='ocrx_word' id='word_1_520' title='bbox 3419 3622 3644 3675; x_wconf 84' lang='lat' dir='ltr'><strong>compa-</strong></span> 
     </span>
    </p>
   </div>
   <div class='ocr_carea' id='block_1_75' title="bbox 1997 3694 3640 3766">
    <p class='ocr_par' dir='ltr' id='par_1_75' title="bbox 1997 3694 3640 3766">
     <span class='ocr_line' id='line_1_75' title="bbox 1997 3694 3640 3766; baseline 0.001 -18"><span class='ocrx_word' id='word_1_521' title='bbox 1997 3696 2162 3749; x_wconf 85' lang='lat' dir='ltr'><strong>rabat</strong></span> <span class='ocrx_word' id='word_1_522' title='bbox 2194 3711 2206 3748; x_wconf 94' lang='lat'>:</span> <span class='ocrx_word' id='word_1_523' title='bbox 2244 3712 2374 3750; x_wconf 80' lang='lat' dir='ltr'><strong>mox</strong></span> <span class='ocrx_word' id='word_1_524' title='bbox 2432 3697 2608 3750; x_wconf 88' lang='lat' dir='ltr'><strong>insita</strong></span> <span class='ocrx_word' id='word_1_525' title='bbox 2647 3696 2825 3750; x_wconf 86' lang='lat' dir='ltr'><strong>animi</strong></span> <span class='ocrx_word' id='word_1_526' title='bbox 2880 3695 3282 3762; x_wconf 78' lang='lat' dir='ltr'><strong>magnitudine</strong></span> <span class='ocrx_word' id='word_1_527' title='bbox 3337 3711 3464 3766; x_wconf 68' lang='lat' dir='ltr'><strong>quas</strong></span> <span class='ocrx_word' id='word_1_528' title='bbox 3525 3694 3640 3750; x_wconf 91' lang='lat' dir='ltr'><strong>illic</strong></span> 
     </span>
    </p>
   </div>
   <div class='ocr_carea' id='block_1_76' title="bbox 1997 3782 3640 3853">
    <p class='ocr_par' dir='ltr' id='par_1_76' title="bbox 1997 3782 3640 3853">
     <span class='ocr_line' id='line_1_76' title="bbox 1997 3782 3640 3853; baseline 0 -16"><span class='ocrx_word' id='word_1_529' title='bbox 1997 3783 2264 3838; x_wconf 89' lang='lat' dir='ltr'><strong>hauserat</strong></span> <span class='ocrx_word' id='word_1_530' title='bbox 2295 3785 2351 3837; x_wconf 92' lang='lat' dir='ltr'><strong>in</strong></span> <span class='ocrx_word' id='word_1_531' title='bbox 2376 3789 2602 3837; x_wconf 90' lang='lat' dir='ltr'><strong>tantum</strong></span> <span class='ocrx_word' id='word_1_532' title='bbox 2619 3786 3158 3853; x_wconf 83' lang='lat' dir='ltr'><strong>auxitornavitque,</strong></span> <span class='ocrx_word' id='word_1_533' title='bbox 3178 3791 3236 3836; x_wconf 95' lang='lat' dir='ltr'><strong>ut</strong></span> <span class='ocrx_word' id='word_1_534' title='bbox 3256 3782 3412 3838; x_wconf 90' lang='lat' dir='ltr'><strong>illius</strong></span> <span class='ocrx_word' id='word_1_535' title='bbox 3433 3783 3640 3851; x_wconf 90' lang='lat' dir='ltr'><strong>oratio,</strong></span> 
     </span>
    </p>
   </div>
   <div class='ocr_carea' id='block_1_77' title="bbox 227 3873 3642 3946">
    <p class='ocr_par' dir='ltr' id='par_1_77' title="bbox 227 3873 3642 3946">
     <span class='ocr_line' id='line_1_77' title="bbox 227 3873 3642 3946; baseline -0.001 -14"><span class='ocrx_word' id='word_1_536' title='bbox 227 3891 325 3932; x_wconf 84' lang='lat' dir='ltr'><strong>res</strong></span> <span class='ocrx_word' id='word_1_537' title='bbox 368 3875 638 3946; x_wconf 70' lang='lat' dir='ltr'><strong>quaedam</strong></span> <span class='ocrx_word' id='word_1_538' title='bbox 674 3892 822 3932; x_wconf 86' lang='lat' dir='ltr'><strong>nova</strong></span> <span class='ocrx_word' id='word_1_539' title='bbox 845 3881 901 3931; x_wconf 90' lang='lat' dir='ltr'><strong>et</strong></span> <span class='ocrx_word' id='word_1_540' title='bbox 925 3877 1207 3933; x_wconf 84' lang='lat' dir='ltr'><strong>inusitata</strong></span> <span class='ocrx_word' id='word_1_541' title='bbox 1263 3891 1386 3932; x_wconf 89' lang='lat' dir='ltr'><strong>esse</strong></span> <span class='ocrx_word' id='word_1_542' title='bbox 1413 3877 1745 3932; x_wconf 83' lang='lat' dir='ltr'><strong>videretur:</strong></span> <span class='ocrx_word' id='word_1_543' title='bbox 1794 3873 2137 3931; x_wconf 82' lang='lat' dir='ltr'><strong>admiranda</strong></span> <span class='ocrx_word' id='word_1_544' title='bbox 2195 3873 2432 3944; x_wconf 89' lang='lat' dir='ltr'><strong>quidem</strong></span> <span class='ocrx_word' id='word_1_545' title='bbox 2491 3873 2788 3940; x_wconf 88' lang='lat' dir='ltr'><strong>omnibus,</strong></span> <span class='ocrx_word' id='word_1_546' title='bbox 2828 3874 2925 3928; x_wconf 89' lang='lat' dir='ltr'><strong>sed</strong></span> <span class='ocrx_word' id='word_1_547' title='bbox 2986 3889 3112 3943; x_wconf 65' lang='lat' dir='ltr'><strong>quis</strong></span> <span class='ocrx_word' id='word_1_548' title='bbox 3172 3873 3395 3927; x_wconf 83' lang='lat' dir='ltr'><strong>nomini</strong></span> <span class='ocrx_word' id='word_1_549' title='bbox 3453 3889 3642 3928; x_wconf 67' lang='lat' dir='ltr'><strong>aemu-</strong></span> 
     </span>
    </p>
   </div>
   <div class='ocr_carea' id='block_1_78' title="bbox 227 3964 1068 4036">
    <p class='ocr_par' dir='ltr' id='par_1_78' title="bbox 227 3964 1068 4036">
     <span class='ocr_line' id='line_1_78' title="bbox 227 3964 1068 4036; baseline 0.004 -16"><span class='ocrx_word' id='word_1_550' title='bbox 227 3965 472 4020; x_wconf 87' lang='lat' dir='ltr'><strong>lationis</strong></span> <span class='ocrx_word' id='word_1_551' title='bbox 502 3980 660 4035; x_wconf 87' lang='lat' dir='ltr'><strong>spem</strong></span> <span class='ocrx_word' id='word_1_552' title='bbox 695 3964 1068 4036; x_wconf 86' lang='lat' dir='ltr'><strong>relinqueret.</strong></span> 
     </span>
    </p>
   </div>
   <div class='ocr_carea' id='block_1_79' title="bbox 305 4050 1878 4128">
    <p class='ocr_par' dir='ltr' id='par_1_79' title="bbox 305 4050 1878 4128">
     <span class='ocr_line' id='line_1_79' title="bbox 305 4050 1878 4128; baseline 0 -22"><span class='ocrx_word' id='word_1_553' title='bbox 305 4054 415 4108; x_wconf 78' lang='lat' dir='ltr'><strong>IH&#39;.</strong></span> <span class='ocrx_word' id='word_1_554' title='bbox 450 4053 598 4106; x_wconf 79' lang='grc' dir='ltr'>Ἐπεὶ</span> <span class='ocrx_word' id='word_1_555' title='bbox 660 4050 716 4106; x_wconf 78' lang='grc' dir='ltr'>δὲ</span> <span class='ocrx_word' id='word_1_556' title='bbox 770 4053 859 4106; x_wconf 87' lang='lat' dir='ltr'><strong>xui</strong></span> <span class='ocrx_word' id='word_1_557' title='bbox 916 4057 1014 4108; x_wconf 74' lang='grc' dir='ltr'>τοῦ</span> <span class='ocrx_word' id='word_1_558' title='bbox 1063 4054 1280 4108; x_wconf 77' lang='grc' dir='ltr'>πάντων</span> <span class='ocrx_word' id='word_1_559' title='bbox 1333 4051 1593 4128; x_wconf 82' lang='grc' dir='ltr'>μεγίστου</span> <span class='ocrx_word' id='word_1_560' title='bbox 1623 4051 1712 4106; x_wconf 85' lang='lat' dir='ltr'><strong>xui</strong></span> <span class='ocrx_word' id='word_1_561' title='bbox 1743 4050 1878 4106; x_wconf 82' lang='grc' dir='ltr'>καλ-</span> 
     </span>
    </p>
   </div>
   <div class='ocr_carea' id='block_1_80' title="bbox 231 4140 1879 4217">
    <p class='ocr_par' dir='ltr' id='par_1_80' title="bbox 231 4140 1879 4217">
     <span class='ocr_line' id='line_1_80' title="bbox 231 4140 1879 4217; baseline -0.002 -21"><span class='ocrx_word' id='word_1_562' title='bbox 231 4141 426 4196; x_wconf 81' lang='grc' dir='ltr'>λίστου</span> <span class='ocrx_word' id='word_1_563' title='bbox 493 4142 583 4194; x_wconf 88' lang='lat' dir='ltr'><strong>xui</strong></span> <span class='ocrx_word' id='word_1_564' title='bbox 655 4141 993 4196; x_wconf 69' lang='grc' dir='ltr'>τελειοτάτου</span> <span class='ocrx_word' id='word_1_565' title='bbox 1066 4147 1254 4217; x_wconf 79' lang='grc' dir='ltr'>τυχεῖν</span> <span class='ocrx_word' id='word_1_566' title='bbox 1329 4141 1604 4214; x_wconf 71' lang='grc' dir='ltr'>ἐπεθύμει,</span> <span class='ocrx_word' id='word_1_567' title='bbox 1667 4140 1756 4195; x_wconf 88' lang='lat' dir='ltr'><strong>xui</strong></span> <span class='ocrx_word' id='word_1_568' title='bbox 1817 4141 1879 4194; x_wconf 82' lang='grc' dir='ltr'>οὗ</span> 
     </span>
    </p>
   </div>
   <div class='ocr_carea' id='block_1_81' title="bbox 230 4227 1878 4308">
    <p class='ocr_par' dir='ltr' id='par_1_81' title="bbox 230 4227 1878 4308">
     <span class='ocr_line' id='line_1_81' title="bbox 230 4227 1878 4308; baseline 0.001 -27"><span class='ocrx_word' id='word_1_569' title='bbox 230 4231 413 4308; x_wconf 75' lang='grc' dir='ltr'>χωρὶς</span> <span class='ocrx_word' id='word_1_570' title='bbox 471 4227 589 4283; x_wconf 84' lang='grc' dir='ltr'>οὐδ’</span> <span class='ocrx_word' id='word_1_571' title='bbox 617 4229 679 4283; x_wconf 79' lang='grc' dir='ltr'>ἂν</span> <span class='ocrx_word' id='word_1_572' title='bbox 738 4231 820 4294; x_wconf 76' lang='grc' dir='ltr'>εἷς</span> <span class='ocrx_word' id='word_1_573' title='bbox 875 4231 1091 4285; x_wconf 71' lang='grc' dir='ltr'>πάντων</span> <span class='ocrx_word' id='word_1_574' title='bbox 1148 4229 1236 4300; x_wconf 71' lang='grc' dir='ltr'>ε’ίη</span> <span class='ocrx_word' id='word_1_575' title='bbox 1299 4250 1483 4306; x_wconf 70' lang='grc' dir='ltr'>σοφςς,</span> <span class='ocrx_word' id='word_1_576' title='bbox 1516 4231 1610 4283; x_wconf 72' lang='grc' dir='ltr'><strong>κᾶν</strong></span> <span class='ocrx_word' id='word_1_577' title='bbox 1656 4229 1700 4282; x_wconf 85' lang='grc' dir='ltr'><strong>εἰ</strong></span> <span class='ocrx_word' id='word_1_578' title='bbox 1749 4233 1878 4283; x_wconf 80' lang='grc' dir='ltr'>πᾶσι</span> 
     </span>
    </p>
   </div>
   <div class='ocr_carea' id='block_1_82' title="bbox 228 4316 1880 4395">
    <p class='ocr_par' dir='ltr' id='par_1_82' title="bbox 228 4316 1880 4395">
     <span class='ocr_line' id='line_1_82' title="bbox 228 4316 1880 4395; baseline 0 -21"><span class='ocrx_word' id='word_1_579' title='bbox 228 4316 455 4395; x_wconf 71' lang='grc' dir='ltr'>προῦχῃ</span> <span class='ocrx_word' id='word_1_580' title='bbox 501 4323 619 4382; x_wconf 90' lang='grc' dir='ltr'>τοῖς</span> <span class='ocrx_word' id='word_1_581' title='bbox 666 4318 886 4391; x_wconf 75' lang='grc' dir='ltr'>ἄλλοις,</span> <span class='ocrx_word' id='word_1_582' title='bbox 929 4321 991 4374; x_wconf 89' lang='grc' dir='ltr'>τὸ</span> <span class='ocrx_word' id='word_1_583' title='bbox 1039 4321 1288 4395; x_wconf 85' lang='grc' dir='ltr'>μέγιστον</span> <span class='ocrx_word' id='word_1_584' title='bbox 1325 4323 1536 4375; x_wconf 81' lang='grc' dir='ltr'>πάντων</span> <span class='ocrx_word' id='word_1_585' title='bbox 1567 4321 1664 4374; x_wconf 75' lang='grc' dir='ltr'><strong>οὐκ</strong></span> <span class='ocrx_word' id='word_1_586' title='bbox 1707 4317 1880 4393; x_wconf 71' lang='grc' dir='ltr'>ἔχων,</span> 
     </span>
    </p>
   </div>
   <div class='ocr_carea' id='block_1_83' title="bbox 232 4405 1876 4486">
    <p class='ocr_par' dir='ltr' id='par_1_83' title="bbox 232 4405 1876 4486">
     <span class='ocr_line' id='line_1_83' title="bbox 232 4405 1876 4486; baseline -0.001 -24"><span class='ocrx_word' id='word_1_587' title='bbox 232 4409 494 4483; x_wconf 86' lang='grc' dir='ltr'>μέγιστον</span> <span class='ocrx_word' id='word_1_588' title='bbox 561 4405 618 4462; x_wconf 76' lang='grc' dir='ltr'>δὲ</span> <span class='ocrx_word' id='word_1_589' title='bbox 669 4410 882 4463; x_wconf 72' lang='grc' dir='ltr'>πάντων</span> <span class='ocrx_word' id='word_1_590' title='bbox 941 4409 1259 4486; x_wconf 60' lang='grc' dir='ltr'>φιλοσοφία,</span> <span class='ocrx_word' id='word_1_591' title='bbox 1302 4412 1392 4465; x_wconf 75' lang='grc' dir='ltr'><strong>ἅτε</strong></span> <span class='ocrx_word' id='word_1_592' title='bbox 1445 4410 1614 4484; x_wconf 79' lang='grc' dir='ltr'>τέχνη</span> <span class='ocrx_word' id='word_1_593' title='bbox 1668 4413 1876 4482; x_wconf 83' lang='grc' dir='ltr'>τεχνῶν</span> 
     </span>
    </p>
   </div>
   <div class='ocr_carea' id='block_1_84' title="bbox 227 4496 1878 4574">
    <p class='ocr_par' dir='ltr' id='par_1_84' title="bbox 227 4496 1878 4574">
     <span class='ocr_line' id='line_1_84' title="bbox 227 4496 1878 4574; baseline -0.002 -21"><span class='ocrx_word' id='word_1_594' title='bbox 227 4498 318 4553; x_wconf 86' lang='lat' dir='ltr'><strong>xui</strong></span> <span class='ocrx_word' id='word_1_595' title='bbox 380 4497 663 4569; x_wconf 76' lang='grc' dir='ltr'>ἐπιστήμη</span> <span class='ocrx_word' id='word_1_596' title='bbox 723 4496 1060 4571; x_wconf 77' lang='grc' dir='ltr'>ἐπιστημῶν,</span> <span class='ocrx_word' id='word_1_597' title='bbox 1103 4497 1210 4553; x_wconf 85' lang='grc' dir='ltr'>δεῖν</span> <span class='ocrx_word' id='word_1_598' title='bbox 1271 4497 1403 4574; x_wconf 81' lang='grc' dir='ltr'>ἔγνω</span> <span class='ocrx_word' id='word_1_599' title='bbox 1456 4499 1655 4552; x_wconf 72' lang='grc' dir='ltr'>τούτου</span> <span class='ocrx_word' id='word_1_600' title='bbox 1713 4499 1878 4571; x_wconf 76' lang='grc' dir='ltr'>χάριν</span> 
     </span>
    </p>
   </div>
   <div class='ocr_carea' id='block_1_85' title="bbox 224 4583 1878 4660">
    <p class='ocr_par' dir='ltr' id='par_1_85' title="bbox 224 4583 1878 4660">
     <span class='ocr_line' id='line_1_85' title="bbox 224 4583 1878 4660; baseline -0.001 -20"><span class='ocrx_word' id='word_1_601' title='bbox 224 4588 326 4654; x_wconf 72' lang='grc' dir='ltr'>τὴν</span> <span class='ocrx_word' id='word_1_602' title='bbox 391 4584 756 4655; x_wconf 83' lang='grc' dir='ltr'>Παλαιστίνην</span> <span class='ocrx_word' id='word_1_603' title='bbox 812 4585 1012 4654; x_wconf 86' lang='grc' dir='ltr'>λιπὼν,</span> <span class='ocrx_word' id='word_1_604' title='bbox 1044 4587 1131 4641; x_wconf 85' lang='grc' dir='ltr'><strong>ἐπὶ</strong></span> <span class='ocrx_word' id='word_1_605' title='bbox 1191 4589 1291 4656; x_wconf 71' lang='grc' dir='ltr'>τὴν</span> <span class='ocrx_word' id='word_1_606' title='bbox 1354 4583 1708 4658; x_wconf 72' lang='grc' dir='ltr'>Ἀλεξάνδρου</span> <span class='ocrx_word' id='word_1_607' title='bbox 1763 4605 1878 4660; x_wconf 83' lang='grc' dir='ltr'>χω-</span> 
     </span>
    </p>
   </div>
   <div class='ocr_carea' id='block_1_86' title="bbox 2061 4050 3640 4123">
    <p class='ocr_par' dir='ltr' id='par_1_86' title="bbox 2061 4050 3640 4123">
     <span class='ocr_line' id='line_1_86' title="bbox 2061 4050 3640 4123; baseline 0.003 -17"><span class='ocrx_word' id='word_1_608' title='bbox 2061 4050 2266 4106; x_wconf 77' lang='lat' dir='ltr'><strong>XVlll.</strong></span> <span class='ocrx_word' id='word_1_609' title='bbox 2300 4052 2473 4107; x_wconf 89' lang='lat' dir='ltr'><strong>Porro</strong></span> <span class='ocrx_word' id='word_1_610' title='bbox 2530 4051 2800 4123; x_wconf 89' lang='lat' dir='ltr'><strong>quoniam</strong></span> <span class='ocrx_word' id='word_1_611' title='bbox 2849 4051 2993 4106; x_wconf 90' lang='lat' dir='ltr'><strong>illud</strong></span> <span class='ocrx_word' id='word_1_612' title='bbox 3053 4053 3228 4107; x_wconf 89' lang='lat' dir='ltr'><strong>etiam</strong></span> <span class='ocrx_word' id='word_1_613' title='bbox 3281 4052 3432 4122; x_wconf 85' lang='lat' dir='ltr'><strong>quod</strong></span> <span class='ocrx_word' id='word_1_614' title='bbox 3487 4053 3640 4110; x_wconf 83' lang='lat' dir='ltr'><strong>inter</strong></span> 
     </span>
    </p>
   </div>
   <div class='ocr_carea' id='block_1_87' title="bbox 1989 4141 3635 4214">
    <p class='ocr_par' dir='ltr' id='par_1_87' title="bbox 1989 4141 3635 4214">
     <span class='ocr_line' id='line_1_87' title="bbox 1989 4141 3635 4214; baseline 0.002 -18"><span class='ocrx_word' id='word_1_615' title='bbox 1989 4149 2192 4197; x_wconf 69' lang='lat' dir='ltr'><strong>caetera</strong></span> <span class='ocrx_word' id='word_1_616' title='bbox 2221 4145 2548 4199; x_wconf 87' lang='lat' dir='ltr'><strong>studiorum</strong></span> <span class='ocrx_word' id='word_1_617' title='bbox 2575 4159 2786 4212; x_wconf 79' lang='lat' dir='ltr'><strong>genera</strong></span> <span class='ocrx_word' id='word_1_618' title='bbox 2819 4149 2875 4198; x_wconf 90' lang='lat' dir='ltr'><strong>et</strong></span> <span class='ocrx_word' id='word_1_619' title='bbox 2908 4143 3253 4210; x_wconf 81' lang='lat' dir='ltr'><strong>maximum,</strong></span> <span class='ocrx_word' id='word_1_620' title='bbox 3279 4147 3336 4197; x_wconf 91' lang='lat' dir='ltr'><strong>et</strong></span> <span class='ocrx_word' id='word_1_621' title='bbox 3364 4141 3635 4214; x_wconf 81' lang='lat' dir='ltr'><strong>pulcher—</strong></span> 
     </span>
    </p>
   </div>
   <div class='ocr_carea' id='block_1_88' title="bbox 1991 4230 3637 4302">
    <p class='ocr_par' dir='ltr' id='par_1_88' title="bbox 1991 4230 3637 4302">
     <span class='ocr_line' id='line_1_88' title="bbox 1991 4230 3637 4302; baseline 0.001 -18"><span class='ocrx_word' id='word_1_622' title='bbox 1991 4231 2076 4285; x_wconf 89' lang='lat' dir='ltr'><strong>rin</strong></span> <span class='ocrx_word' id='word_1_623' title='bbox 2113 4247 2235 4298; x_wconf 91' lang='lat' dir='ltr'><strong>um,</strong></span> <span class='ocrx_word' id='word_1_624' title='bbox 2267 4240 2323 4286; x_wconf 91' lang='lat' dir='ltr'><strong>et</strong></span> <span class='ocrx_word' id='word_1_625' title='bbox 2373 4234 2854 4302; x_wconf 86' lang='lat' dir='ltr'><strong>perfectissimum</strong></span> <span class='ocrx_word' id='word_1_626' title='bbox 2893 4235 3002 4300; x_wconf 86' lang='lat' dir='ltr'><strong>est,</strong></span> <span class='ocrx_word' id='word_1_627' title='bbox 3058 4230 3335 4302; x_wconf 88' lang='lat' dir='ltr'><strong>consequi</strong></span> <span class='ocrx_word' id='word_1_628' title='bbox 3381 4233 3586 4287; x_wconf 89' lang='lat' dir='ltr'><strong>avebat</strong></span> <span class='ocrx_word' id='word_1_629' title='bbox 3619 4250 3637 4286; x_wconf 89' lang='lat'><strong><em>:</em></strong></span> 
     </span>
    </p>
   </div>
   <div class='ocr_carea' id='block_1_89' title="bbox 1988 4319 3636 4392">
    <p class='ocr_par' dir='ltr' id='par_1_89' title="bbox 1988 4319 3636 4392">
     <span class='ocr_line' id='line_1_89' title="bbox 1988 4319 3636 4392; baseline 0.001 -19"><span class='ocrx_word' id='word_1_630' title='bbox 1988 4336 2104 4374; x_wconf 76' lang='lat' dir='ltr'><strong>suas</strong></span> <span class='ocrx_word' id='word_1_631' title='bbox 2129 4337 2243 4391; x_wconf 91' lang='lat' dir='ltr'><strong>quo</strong></span> <span class='ocrx_word' id='word_1_632' title='bbox 2268 4322 2388 4376; x_wconf 84' lang='lat' dir='ltr'><strong>fieri</strong></span> <span class='ocrx_word' id='word_1_633' title='bbox 2422 4321 2643 4392; x_wconf 88' lang='lat' dir='ltr'><strong>nequit,</strong></span> <span class='ocrx_word' id='word_1_634' title='bbox 2680 4325 2738 4375; x_wconf 86' lang='lat' dir='ltr'><strong>ut</strong></span> <span class='ocrx_word' id='word_1_635' title='bbox 2792 4319 3122 4374; x_wconf 86' lang='lat' dir='ltr'><strong>mortalium</strong></span> <span class='ocrx_word' id='word_1_636' title='bbox 3169 4320 3482 4390; x_wconf 87' lang='lat' dir='ltr'><strong>quisquam</strong></span> <span class='ocrx_word' id='word_1_637' title='bbox 3534 4337 3636 4374; x_wconf 88' lang='lat' dir='ltr'><strong>sa-</strong></span> 
     </span>
    </p>
   </div>
   <div class='ocr_carea' id='block_1_90' title="bbox 1989 4409 3636 4480">
    <p class='ocr_par' dir='ltr' id='par_1_90' title="bbox 1989 4409 3636 4480">
     <span class='ocr_line' id='line_1_90' title="bbox 1989 4409 3636 4480; baseline -0.001 -17"><span class='ocrx_word' id='word_1_638' title='bbox 1989 4409 2150 4478; x_wconf 86' lang='lat' dir='ltr'><strong>piens</strong></span> <span class='ocrx_word' id='word_1_639' title='bbox 2174 4409 2274 4474; x_wconf 90' lang='lat' dir='ltr'><strong>sit,</strong></span> <span class='ocrx_word' id='word_1_640' title='bbox 2305 4411 2530 4465; x_wconf 86' lang='lat' dir='ltr'><strong>etiamsi</strong></span> <span class='ocrx_word' id='word_1_641' title='bbox 2554 4409 2610 4464; x_wconf 92' lang='lat' dir='ltr'><strong>in</strong></span> <span class='ocrx_word' id='word_1_642' title='bbox 2646 4411 2868 4464; x_wconf 64' lang='lat' dir='ltr'><strong>caeteris</strong></span> <span class='ocrx_word' id='word_1_643' title='bbox 2889 4409 3158 4463; x_wconf 85' lang='lat' dir='ltr'><strong>omnibus</strong></span> <span class='ocrx_word' id='word_1_644' title='bbox 3181 4413 3636 4480; x_wconf 62' lang='lat' dir='ltr'><strong>prestetmsqne</strong></span> 
     </span>
    </p>
   </div>
   <div class='ocr_carea' id='block_1_91' title="bbox 1987 4497 3636 4553">
    <p class='ocr_par' dir='ltr' id='par_1_91' title="bbox 1987 4497 3636 4553">
     <span class='ocr_line' id='line_1_91' title="bbox 1987 4497 3636 4553; baseline 0 -3"><span class='ocrx_word' id='word_1_645' title='bbox 1987 4514 2053 4550; x_wconf 88' lang='lat' dir='ltr'><strong>eo</strong></span> <span class='ocrx_word' id='word_1_646' title='bbox 2084 4497 2222 4551; x_wconf 89' lang='lat' dir='ltr'><strong>dum</strong></span> <span class='ocrx_word' id='word_1_647' title='bbox 2254 4499 2503 4553; x_wconf 82' lang='lat' dir='ltr'><strong>maximo</strong></span> <span class='ocrx_word' id='word_1_648' title='bbox 2533 4499 2634 4552; x_wconf 90' lang='lat' dir='ltr'><strong>illo</strong></span> <span class='ocrx_word' id='word_1_649' title='bbox 2665 4505 2878 4553; x_wconf 79' lang='lat' dir='ltr'><strong>careat.</strong></span> <span class='ocrx_word' id='word_1_650' title='bbox 2898 4499 2997 4553; x_wconf 87' lang='lat' dir='ltr'><strong>Est</strong></span> <span class='ocrx_word' id='word_1_651' title='bbox 3016 4505 3211 4551; x_wconf 88' lang='lat' dir='ltr'><strong>autem</strong></span> <span class='ocrx_word' id='word_1_652' title='bbox 3236 4497 3636 4552; x_wconf 82' lang='lat' dir='ltr'><strong>omniumina-</strong></span> 
     </span>
    </p>
   </div>
   <div class='ocr_carea' id='block_1_92' title="bbox 1988 4584 3635 4656">
    <p class='ocr_par' dir='ltr' id='par_1_92' title="bbox 1988 4584 3635 4656">
     <span class='ocr_line' id='line_1_92' title="bbox 1988 4584 3635 4656; baseline 0.001 -18"><span class='ocrx_word' id='word_1_653' title='bbox 1988 4584 2208 4640; x_wconf 69' lang='lat' dir='ltr'><strong>aimum</strong></span> <span class='ocrx_word' id='word_1_654' title='bbox 2243 4585 2625 4656; x_wconf 87' lang='lat' dir='ltr'><strong>philosophia,</strong></span> <span class='ocrx_word' id='word_1_655' title='bbox 2659 4587 2873 4656; x_wconf 91' lang='lat' dir='ltr'><strong>quippe</strong></span> <span class='ocrx_word' id='word_1_656' title='bbox 2903 4603 2994 4640; x_wconf 87' lang='lat' dir='ltr'><strong>ars</strong></span> <span class='ocrx_word' id='word_1_657' title='bbox 3024 4587 3264 4650; x_wconf 86' lang='lat' dir='ltr'><strong>artium,</strong></span> <span class='ocrx_word' id='word_1_658' title='bbox 3295 4591 3352 4638; x_wconf 88' lang='lat' dir='ltr'><strong>et</strong></span> <span class='ocrx_word' id='word_1_659' title='bbox 3392 4586 3635 4640; x_wconf 86' lang='lat' dir='ltr'><strong>scientia</strong></span> 
     </span>
    </p>
   </div>
   <div class='ocr_carea' id='block_1_93' title="bbox 229 4671 1888 4755">
    <p class='ocr_par' dir='ltr' id='par_1_93' title="bbox 229 4673 1878 4748">
     <span class='ocr_line' id='line_1_93' title="bbox 229 4673 1878 4748; baseline -0.001 -20"><span class='ocrx_word' id='word_1_660' title='bbox 229 4681 417 4747; x_wconf 80' lang='grc' dir='ltr'>ρῆσαι,</span> <span class='ocrx_word' id='word_1_661' title='bbox 453 4673 516 4728; x_wconf 75' lang='grc' dir='ltr'>οὐ</span> <span class='ocrx_word' id='word_1_662' title='bbox 581 4675 748 4746; x_wconf 86' lang='grc' dir='ltr'>μόνον</span> <span class='ocrx_word' id='word_1_663' title='bbox 797 4673 992 4729; x_wconf 76' lang='grc' dir='ltr'>κάλλει</span> <span class='ocrx_word' id='word_1_664' title='bbox 1043 4677 1132 4729; x_wconf 86' lang='lat' dir='ltr'><strong>xui</strong></span> <span class='ocrx_word' id='word_1_665' title='bbox 1182 4675 1321 4729; x_wconf 78' lang='grc' dir='ltr'>θέσει</span> <span class='ocrx_word' id='word_1_666' title='bbox 1369 4677 1456 4728; x_wconf 81' lang='grc' dir='ltr'>καὶ</span> <span class='ocrx_word' id='word_1_667' title='bbox 1504 4674 1739 4748; x_wconf 85' lang='grc' dir='ltr'>μεγέθει,</span> <span class='ocrx_word' id='word_1_668' title='bbox 1790 4675 1878 4728; x_wconf 90' lang='lat' dir='ltr'><strong>xui</strong></span> 
     </span>
    </p>
   </div>
   <div class='ocr_carea' id='block_1_94' title="bbox 2004 4671 3632 4755">
    <p class='ocr_par' dir='ltr' id='par_1_94' title="bbox 2004 4671 3632 4744">
     <span class='ocr_line' id='line_1_94' title="bbox 2004 4671 3632 4744; baseline 0.001 -19"><span class='ocrx_word' id='word_1_669' title='bbox 2004 4675 2362 4728; x_wconf 59' lang='lat' dir='ltr'><strong>ieientierum</strong></span> <span class='ocrx_word' id='word_1_670' title='bbox 2386 4675 2491 4744; x_wconf 86' lang='lat'><strong>(&#39;2).</strong></span> <span class='ocrx_word' id='word_1_671' title='bbox 2525 4675 2742 4729; x_wconf 88' lang='lat' dir='ltr'><strong>Idcirco</strong></span> <span class='ocrx_word' id='word_1_672' title='bbox 2802 4675 3001 4728; x_wconf 87' lang='lat' dir='ltr'><strong>relicta</strong></span> <span class='ocrx_word' id='word_1_673' title='bbox 3052 4671 3355 4728; x_wconf 65' lang='lat' dir='ltr'><strong>Palestina</strong></span> <span class='ocrx_word' id='word_1_674' title='bbox 3389 4671 3632 4727; x_wconf 83' lang='lat' dir='ltr'><strong>Alexan-</strong></span> 
     </span>
    </p>
   </div>
   <div class='ocr_carea' id='block_1_95' title="bbox 224 4762 1879 4838">
    <p class='ocr_par' dir='ltr' id='par_1_95' title="bbox 224 4762 1879 4838">
     <span class='ocr_line' id='line_1_95' title="bbox 224 4762 1879 4838; baseline -0.001 -20"><span class='ocrx_word' id='word_1_675' title='bbox 224 4769 390 4818; x_wconf 77' lang='grc' dir='ltr'>πᾶσιν</span> <span class='ocrx_word' id='word_1_676' title='bbox 471 4763 552 4823; x_wconf 80' lang='grc' dir='ltr'>οἷς</span> <span class='ocrx_word' id='word_1_677' title='bbox 643 4762 1121 4838; x_wconf 77' lang='grc' dir='ltr'>μεγαλαυχοῦνται</span> <span class='ocrx_word' id='word_1_678' title='bbox 1193 4763 1386 4825; x_wconf 88' lang='grc' dir='ltr'>πόλεις</span> <span class='ocrx_word' id='word_1_679' title='bbox 1455 4763 1879 4836; x_wconf 84' lang='grc' dir='ltr'>σεμνυνομὲνην,</span> 
     </span>
    </p>
   </div>
   <div class='ocr_carea' id='block_1_96' title="bbox 225 4849 1878 4928">
    <p class='ocr_par' dir='ltr' id='par_1_96' title="bbox 225 4849 1878 4928">
     <span class='ocr_line' id='line_1_96' title="bbox 225 4849 1878 4928; baseline -0.001 -20"><span class='ocrx_word' id='word_1_680' title='bbox 225 4851 378 4908; x_wconf 83' lang='grc' dir='ltr'><strong>ἆλλὰ</strong></span> <span class='ocrx_word' id='word_1_681' title='bbox 419 4853 510 4905; x_wconf 85' lang='lat' dir='ltr'><strong>xui</strong></span> <span class='ocrx_word' id='word_1_682' title='bbox 558 4855 638 4924; x_wconf 81' lang='grc' dir='ltr'><strong>τῷ</strong></span> <span class='ocrx_word' id='word_1_683' title='bbox 679 4852 856 4928; x_wconf 92' lang='grc' dir='ltr'>λόγων</span> <span class='ocrx_word' id='word_1_684' title='bbox 915 4854 970 4906; x_wconf 82' lang='grc' dir='ltr'>εὖ</span> <span class='ocrx_word' id='word_1_685' title='bbox 1025 4853 1176 4922; x_wconf 78' lang='grc' dir='ltr'>ἥκειν</span> <span class='ocrx_word' id='word_1_686' title='bbox 1208 4857 1570 4923; x_wconf 82' lang='grc' dir='ltr'>τοτηνικαῦτα</span> <span class='ocrx_word' id='word_1_687' title='bbox 1597 4854 1686 4906; x_wconf 86' lang='lat' dir='ltr'><strong>xui</strong></span> <span class='ocrx_word' id='word_1_688' title='bbox 1717 4849 1878 4926; x_wconf 67' lang='grc' dir='ltr'><strong>προῦ-</strong></span> 
     </span>
    </p>
   </div>
   <div class='ocr_carea' id='block_1_97' title="bbox 225 4935 1878 5016">
    <p class='ocr_par' dir='ltr' id='par_1_97' title="bbox 225 4935 1878 5016">
     <span class='ocr_line' id='line_1_97' title="bbox 225 4935 1878 5016; baseline 0 -21"><span class='ocrx_word' id='word_1_689' title='bbox 225 4961 349 5016; x_wconf 82' lang='grc' dir='ltr'>χειν</span> <span class='ocrx_word' id='word_1_690' title='bbox 401 4935 554 5014; x_wconf 78' lang='grc' dir='ltr'>ἔχειν</span> <span class='ocrx_word' id='word_1_691' title='bbox 606 4940 658 4994; x_wconf 86' lang='grc' dir='ltr'><strong>έν</strong></span> <span class='ocrx_word' id='word_1_692' title='bbox 712 4947 928 5004; x_wconf 74' lang='grc' dir='ltr'>τούτοις</span> <span class='ocrx_word' id='word_1_693' title='bbox 1000 4947 1230 4998; x_wconf 72' lang='grc' dir='ltr'>τοσοῦτο</span> <span class='ocrx_word' id='word_1_694' title='bbox 1305 4943 1742 5016; x_wconf 76' lang='grc' dir='ltr'>θαυμαζομένην,</span> <span class='ocrx_word' id='word_1_695' title='bbox 1802 4943 1878 5006; x_wconf 85' lang='grc' dir='ltr'>ὡς</span> 
     </span>
    </p>
   </div>
   <div class='ocr_carea' id='block_1_98' title="bbox 225 5029 1871 5106">
    <p class='ocr_par' dir='ltr' id='par_1_98' title="bbox 225 5029 1871 5106">
     <span class='ocr_line' id='line_1_98' title="bbox 225 5029 1871 5106; baseline 0 -22"><span class='ocrx_word' id='word_1_696' title='bbox 225 5030 492 5084; x_wconf 71' lang='grc' dir='ltr'>πάντοθεν</span> <span class='ocrx_word' id='word_1_697' title='bbox 541 5031 742 5092; x_wconf 74' lang='grc' dir='ltr'>πάντας</span> <span class='ocrx_word' id='word_1_698' title='bbox 813 5031 940 5090; x_wconf 77' lang='grc' dir='ltr'>τούς</span> <span class='ocrx_word' id='word_1_699' title='bbox 1003 5052 1062 5086; x_wconf 90' lang='grc' dir='ltr'><strong>τε</strong></span> <span class='ocrx_word' id='word_1_700' title='bbox 1118 5029 1345 5100; x_wconf 76' lang='grc' dir='ltr'>ἄλλους,</span> <span class='ocrx_word' id='word_1_701' title='bbox 1403 5033 1492 5086; x_wconf 87' lang='lat' dir='ltr'><strong>xui</strong></span> <span class='ocrx_word' id='word_1_702' title='bbox 1553 5035 1635 5094; x_wconf 85' lang='grc' dir='ltr'>οἷς</span> <span class='ocrx_word' id='word_1_703' title='bbox 1695 5029 1871 5106; x_wconf 86' lang='grc' dir='ltr'>λόγων</span> 
     </span>
    </p>
   </div>
   <div class='ocr_carea' id='block_1_99' title="bbox 227 5113 1874 5194">
    <p class='ocr_par' dir='ltr' id='par_1_99' title="bbox 227 5113 1874 5194">
     <span class='ocr_line' id='line_1_99' title="bbox 227 5113 1874 5194; baseline 0.001 -22"><span class='ocrx_word' id='word_1_704' title='bbox 227 5113 400 5174; x_wconf 74' lang='grc' dir='ltr'>ἔνεστι</span> <span class='ocrx_word' id='word_1_705' title='bbox 453 5116 641 5194; x_wconf 87' lang='grc' dir='ltr'>λόγος,</span> <span class='ocrx_word' id='word_1_706' title='bbox 701 5119 834 5193; x_wconf 85' lang='grc' dir='ltr'>πρὸς</span> <span class='ocrx_word' id='word_1_707' title='bbox 893 5120 1084 5190; x_wconf 70' lang='grc' dir='ltr'>ἑαυτὴν</span> <span class='ocrx_word' id='word_1_708' title='bbox 1140 5120 1464 5174; x_wconf 80' lang='grc' dir='ltr'>ἐπισπᾶσθαί</span> <span class='ocrx_word' id='word_1_709' title='bbox 1519 5141 1576 5174; x_wconf 88' lang='grc' dir='ltr'><strong>τε</strong></span> <span class='ocrx_word' id='word_1_710' title='bbox 1629 5121 1718 5174; x_wconf 87' lang='lat' dir='ltr'><strong>xui</strong></span> <span class='ocrx_word' id='word_1_711' title='bbox 1777 5140 1874 5174; x_wconf 84' lang='lat' dir='ltr'><strong>xu-</strong></span> 
     </span>
    </p>
   </div>
   <div class='ocr_carea' id='block_1_100' title="bbox 228 5204 1870 5283">
    <p class='ocr_par' dir='ltr' id='par_1_100' title="bbox 228 5204 1870 5283">
     <span class='ocr_line' id='line_1_100' title="bbox 228 5204 1870 5283; baseline 0.001 -23"><span class='ocrx_word' id='word_1_712' title='bbox 228 5206 365 5272; x_wconf 87' lang='grc' dir='ltr'>λεῖν,</span> <span class='ocrx_word' id='word_1_713' title='bbox 424 5204 671 5267; x_wconf 83' lang='grc' dir='ltr'>παιδείας</span> <span class='ocrx_word' id='word_1_714' title='bbox 727 5207 816 5260; x_wconf 86' lang='lat' dir='ltr'><strong>xui</strong></span> <span class='ocrx_word' id='word_1_715' title='bbox 869 5208 1048 5283; x_wconf 90' lang='grc' dir='ltr'>λόγων</span> <span class='ocrx_word' id='word_1_716' title='bbox 1107 5210 1442 5282; x_wconf 77' lang='grc' dir='ltr'>μεθέξοντας,</span> <span class='ocrx_word' id='word_1_717' title='bbox 1500 5210 1590 5263; x_wconf 83' lang='grc' dir='ltr'><strong>καὶ</strong></span> <span class='ocrx_word' id='word_1_718' title='bbox 1650 5209 1870 5280; x_wconf 79' lang='grc' dir='ltr'>προσέτι</span> 
     </span>
    </p>
   </div>
   <div class='ocr_carea' id='block_1_101' title="bbox 225 5295 1872 5372">
    <p class='ocr_par' dir='ltr' id='par_1_101' title="bbox 225 5295 1872 5372">
     <span class='ocr_line' id='line_1_101' title="bbox 225 5295 1872 5372; baseline -0.001 -20"><span class='ocrx_word' id='word_1_719' title='bbox 225 5302 334 5352; x_wconf 77' lang='grc' dir='ltr'>τῶν</span> <span class='ocrx_word' id='word_1_720' title='bbox 395 5297 448 5350; x_wconf 84' lang='grc' dir='ltr'>ἐν</span> <span class='ocrx_word' id='word_1_721' title='bbox 502 5303 624 5358; x_wconf 89' lang='grc' dir='ltr'>τοῖς</span> <span class='ocrx_word' id='word_1_722' title='bbox 680 5295 978 5370; x_wconf 85' lang='grc' dir='ltr'>δημοσίοις</span> <span class='ocrx_word' id='word_1_723' title='bbox 1023 5300 1270 5372; x_wconf 88' lang='grc' dir='ltr'>ταμείοις</span> <span class='ocrx_word' id='word_1_724' title='bbox 1309 5299 1736 5371; x_wconf 78' lang='grc' dir='ltr'>έναποκειμένων</span> <span class='ocrx_word' id='word_1_725' title='bbox 1791 5300 1872 5372; x_wconf 86' lang='grc' dir='ltr'><strong>βι-</strong></span> 
     </span>
    </p>
   </div>
   <div class='ocr_carea' id='block_1_102' title="bbox 229 5384 1870 5463">
    <p class='ocr_par' dir='ltr' id='par_1_102' title="bbox 229 5384 1870 5463">
     <span class='ocr_line' id='line_1_102' title="bbox 229 5384 1870 5463; baseline 0.001 -23"><span class='ocrx_word' id='word_1_726' title='bbox 229 5384 428 5454; x_wconf 76' lang='grc' dir='ltr'>ϐλίων,</span> <span class='ocrx_word' id='word_1_727' title='bbox 512 5385 871 5456; x_wconf 73' lang='grc' dir='ltr'>παντοδαπὴν</span> <span class='ocrx_word' id='word_1_728' title='bbox 943 5394 1145 5460; x_wconf 80' lang='grc' dir='ltr'>μοῦσαν</span> <span class='ocrx_word' id='word_1_729' title='bbox 1201 5389 1455 5463; x_wconf 77' lang='grc' dir='ltr'>ἐχόντων,</span> <span class='ocrx_word' id='word_1_730' title='bbox 1527 5389 1614 5442; x_wconf 85' lang='lat' dir='ltr'><strong>xui</strong></span> <span class='ocrx_word' id='word_1_731' title='bbox 1700 5385 1870 5443; x_wconf 75' lang='grc' dir='ltr'>ὄντων</span> 
     </span>
    </p>
   </div>
   <div class='ocr_carea' id='block_1_103' title="bbox 225 5473 1872 5551">
    <p class='ocr_par' dir='ltr' id='par_1_103' title="bbox 225 5473 1872 5551">
     <span class='ocr_line' id='line_1_103' title="bbox 225 5473 1872 5551; baseline 0.001 -22"><span class='ocrx_word' id='word_1_732' title='bbox 225 5476 526 5549; x_wconf 81' lang='grc' dir='ltr'>τοσούτων,</span> <span class='ocrx_word' id='word_1_733' title='bbox 557 5477 698 5531; x_wconf 80' lang='grc' dir='ltr'>ὅσων</span> <span class='ocrx_word' id='word_1_734' title='bbox 757 5473 872 5530; x_wconf 79' lang='grc' dir='ltr'>οὐδ’</span> <span class='ocrx_word' id='word_1_735' title='bbox 902 5477 953 5532; x_wconf 83' lang='grc' dir='ltr'>ἐν</span> <span class='ocrx_word' id='word_1_736' title='bbox 1013 5479 1188 5550; x_wconf 79' lang='grc' dir='ltr'>ἁπάσῃ</span> <span class='ocrx_word' id='word_1_737' title='bbox 1241 5475 1435 5551; x_wconf 84' lang='grc' dir='ltr'>σχεδὸν</span> <span class='ocrx_word' id='word_1_738' title='bbox 1465 5481 1530 5550; x_wconf 71' lang='grc' dir='ltr'>τῇ</span> <span class='ocrx_word' id='word_1_739' title='bbox 1563 5473 1810 5545; x_wconf 83' lang='grc' dir='ltr'>Ἑλλάδι,</span> <span class='ocrx_word' id='word_1_740' title='bbox 1844 5476 1872 5530; x_wconf 77' lang='grc' dir='ltr'>ὃ</span> 
     </span>
    </p>
   </div>
   <div class='ocr_carea' id='block_1_104' title="bbox 304 5657 888 5732">
    <p class='ocr_par' dir='ltr' id='par_1_104' title="bbox 304 5657 888 5732">
     <span class='ocr_line' id='line_1_104' title="bbox 304 5657 888 5732; baseline 0 -18"><span class='ocrx_word' id='word_1_741' title='bbox 304 5661 380 5729; x_wconf 85' lang='grc' dir='ltr'><strong>(ι)</strong></span> <span class='ocrx_word' id='word_1_742' title='bbox 410 5658 604 5732; x_wconf 74' lang='lat' dir='ltr'><strong>Odyss.</strong></span> <span class='ocrx_word' id='word_1_743' title='bbox 636 5657 731 5727; x_wconf 79' lang='grc' dir='ltr'><strong>ιν,</strong></span> <span class='ocrx_word' id='word_1_744' title='bbox 763 5659 888 5714; x_wconf 66' lang='lat' dir='ltr'><strong>tu.</strong></span> 
     </span>
    </p>
   </div>
   <div class='ocr_carea' id='block_1_105' title="bbox 544 5759 1234 5826">
    <p class='ocr_par' dir='ltr' id='par_1_105' title="bbox 544 5759 1234 5826">
     <span class='ocr_line' id='line_1_105' title="bbox 544 5759 1234 5826; baseline 0.006 -6"><span class='ocrx_word' id='word_1_745' title='bbox 544 5759 802 5822; x_wconf 76' lang='grc' dir='ltr'>ΡΔτιιοι.</span> <span class='ocrx_word' id='word_1_746' title='bbox 849 5759 958 5826; x_wconf 79' lang='lat' dir='ltr'><strong>Gs.</strong></span> <span class='ocrx_word' id='word_1_747' title='bbox 1004 5759 1234 5824; x_wconf 79' lang='lat' dir='ltr'><strong>CXLV.</strong></span> 
     </span>
    </p>
   </div>
   <div class='ocr_carea' id='block_1_106' title="bbox 1991 4761 3630 4833">
    <p class='ocr_par' dir='ltr' id='par_1_106' title="bbox 1991 4761 3630 4833">
     <span class='ocr_line' id='line_1_106' title="bbox 1991 4761 3630 4833; baseline 0 -17"><span class='ocrx_word' id='word_1_748' title='bbox 1991 4763 2174 4816; x_wconf 88' lang='lat' dir='ltr'><strong>driam</strong></span> <span class='ocrx_word' id='word_1_749' title='bbox 2205 4763 2286 4817; x_wconf 90' lang='lat' dir='ltr'><strong>ire</strong></span> <span class='ocrx_word' id='word_1_750' title='bbox 2318 4765 2652 4819; x_wconf 87' lang='lat' dir='ltr'><strong>constituit:</strong></span> <span class='ocrx_word' id='word_1_751' title='bbox 2689 4765 2886 4818; x_wconf 90' lang='lat' dir='ltr'><strong>urbem</strong></span> <span class='ocrx_word' id='word_1_752' title='bbox 2919 4770 3044 4816; x_wconf 89' lang='lat' dir='ltr'><strong>tum</strong></span> <span class='ocrx_word' id='word_1_753' title='bbox 3079 4761 3385 4833; x_wconf 88' lang='lat' dir='ltr'><strong>elegantia.</strong></span> <span class='ocrx_word' id='word_1_754' title='bbox 3411 4767 3468 4815; x_wconf 89' lang='lat' dir='ltr'><strong>et</strong></span> <span class='ocrx_word' id='word_1_755' title='bbox 3499 4762 3630 4829; x_wconf 77' lang='lat' dir='ltr'><strong>situ,</strong></span> 
     </span>
    </p>
   </div>
   <div class='ocr_carea' id='block_1_107' title="bbox 1991 4851 3633 4921">
    <p class='ocr_par' dir='ltr' id='par_1_107' title="bbox 1991 4851 3633 4921">
     <span class='ocr_line' id='line_1_107' title="bbox 1991 4851 3633 4921; baseline -0.001 -15"><span class='ocrx_word' id='word_1_756' title='bbox 1991 4860 2044 4906; x_wconf 90' lang='lat' dir='ltr'><strong>et</strong></span> <span class='ocrx_word' id='word_1_757' title='bbox 2073 4853 2474 4920; x_wconf 80' lang='lat' dir='ltr'><strong>amplitudine,</strong></span> <span class='ocrx_word' id='word_1_758' title='bbox 2509 4862 2566 4906; x_wconf 86' lang='lat' dir='ltr'><strong>et</strong></span> <span class='ocrx_word' id='word_1_759' title='bbox 2592 4854 2866 4907; x_wconf 87' lang='lat' dir='ltr'><strong>omnibus</strong></span> <span class='ocrx_word' id='word_1_760' title='bbox 2900 4851 2970 4904; x_wconf 84' lang='lat' dir='ltr'><strong>iis</strong></span> <span class='ocrx_word' id='word_1_761' title='bbox 3027 4853 3097 4905; x_wconf 92' lang='lat' dir='ltr'><strong>de</strong></span> <span class='ocrx_word' id='word_1_762' title='bbox 3127 4852 3343 4921; x_wconf 89' lang='lat' dir='ltr'><strong>quibus</strong></span> <span class='ocrx_word' id='word_1_763' title='bbox 3396 4851 3633 4921; x_wconf 75' lang='lat' dir='ltr'><strong>gloriari</strong></span> 
     </span>
    </p>
   </div>
   <div class='ocr_carea' id='block_1_108' title="bbox 1987 4941 3628 5012">
    <p class='ocr_par' dir='ltr' id='par_1_108' title="bbox 1987 4941 3628 5012">
     <span class='ocr_line' id='line_1_108' title="bbox 1987 4941 3628 5012; baseline 0 -19"><span class='ocrx_word' id='word_1_764' title='bbox 1987 4941 2158 4994; x_wconf 84' lang='lat' dir='ltr'><strong>urbes</strong></span> <span class='ocrx_word' id='word_1_765' title='bbox 2208 4941 2415 5007; x_wconf 88' lang='lat' dir='ltr'><strong>solent,</strong></span> <span class='ocrx_word' id='word_1_766' title='bbox 2471 4942 2745 5012; x_wconf 86' lang='lat' dir='ltr'><strong>inclytam</strong></span> <span class='ocrx_word' id='word_1_767' title='bbox 2787 4947 2957 4994; x_wconf 89' lang='lat' dir='ltr'><strong>:tum</strong></span> <span class='ocrx_word' id='word_1_768' title='bbox 3009 4946 3356 5010; x_wconf 80' lang='lat' dir='ltr'><strong>optimarum</strong></span> <span class='ocrx_word' id='word_1_769' title='bbox 3416 4945 3628 4993; x_wconf 82' lang='lat' dir='ltr'><strong>artium</strong></span> 
     </span>
    </p>
   </div>
   <div class='ocr_carea' id='block_1_109' title="bbox 1985 5031 3632 5102">
    <p class='ocr_par' dir='ltr' id='par_1_109' title="bbox 1985 5031 3632 5102">
     <span class='ocr_line' id='line_1_109' title="bbox 1985 5031 3632 5102; baseline -0.001 -18"><span class='ocrx_word' id='word_1_770' title='bbox 1985 5031 2166 5095; x_wconf 89' lang='lat' dir='ltr'><strong>cultu,</strong></span> <span class='ocrx_word' id='word_1_771' title='bbox 2201 5032 2293 5086; x_wconf 89' lang='lat' dir='ltr'><strong>illa</strong></span> <span class='ocrx_word' id='word_1_772' title='bbox 2334 5039 2676 5102; x_wconf 85' lang='lat' dir='ltr'><strong>tempestate</strong></span> <span class='ocrx_word' id='word_1_773' title='bbox 2709 5031 3217 5089; x_wconf 84' lang='lat' dir='ltr'><strong>ﬂorentissimo,in</strong></span> <span class='ocrx_word' id='word_1_774' title='bbox 3242 5035 3469 5084; x_wconf 87' lang='lat' dir='ltr'><strong>tantum</strong></span> <span class='ocrx_word' id='word_1_775' title='bbox 3486 5045 3632 5083; x_wconf 75' lang='lat' dir='ltr'><strong>com-</strong></span> 
     </span>
    </p>
   </div>
   <div class='ocr_carea' id='block_1_110' title="bbox 1984 5120 3629 5190">
    <p class='ocr_par' dir='ltr' id='par_1_110' title="bbox 1984 5120 3629 5190">
     <span class='ocr_line' id='line_1_110' title="bbox 1984 5120 3629 5190; baseline -0.002 -16"><span class='ocrx_word' id='word_1_776' title='bbox 1984 5125 2336 5184; x_wconf 88' lang='lat' dir='ltr'><strong>mendatam,</strong></span> <span class='ocrx_word' id='word_1_777' title='bbox 2372 5127 2434 5175; x_wconf 90' lang='lat' dir='ltr'><strong>ut</strong></span> <span class='ocrx_word' id='word_1_778' title='bbox 2465 5128 2521 5175; x_wconf 89' lang='lat' dir='ltr'><strong>et</strong></span> <span class='ocrx_word' id='word_1_779' title='bbox 2551 5120 2695 5176; x_wconf 89' lang='lat' dir='ltr'><strong>alios</strong></span> <span class='ocrx_word' id='word_1_780' title='bbox 2728 5135 2927 5175; x_wconf 87' lang='lat' dir='ltr'><strong>omnes</strong></span> <span class='ocrx_word' id='word_1_781' title='bbox 2959 5121 3216 5190; x_wconf 88' lang='lat' dir='ltr'><strong>undique</strong></span> <span class='ocrx_word' id='word_1_782' title='bbox 3246 5120 3314 5173; x_wconf 88' lang='lat' dir='ltr'><strong>ad</strong></span> <span class='ocrx_word' id='word_1_783' title='bbox 3347 5133 3406 5173; x_wconf 88' lang='lat' dir='ltr'><strong>se</strong></span> <span class='ocrx_word' id='word_1_784' title='bbox 3453 5125 3629 5171; x_wconf 74' lang='lat' dir='ltr'><strong>attra~</strong></span> 
     </span>
    </p>
   </div>
   <div class='ocr_carea' id='block_1_111' title="bbox 1983 5206 3631 5281">
    <p class='ocr_par' dir='ltr' id='par_1_111' title="bbox 1983 5206 3631 5281">
     <span class='ocr_line' id='line_1_111' title="bbox 1983 5206 3631 5281; baseline -0.001 -19"><span class='ocrx_word' id='word_1_785' title='bbox 1983 5209 2146 5264; x_wconf 89' lang='lat' dir='ltr'><strong>heret</strong></span> <span class='ocrx_word' id='word_1_786' title='bbox 2168 5211 2518 5281; x_wconf 88' lang='lat' dir='ltr'><strong>acciretque,</strong></span> <span class='ocrx_word' id='word_1_787' title='bbox 2543 5217 2600 5264; x_wconf 85' lang='lat' dir='ltr'><strong>et</strong></span> <span class='ocrx_word' id='word_1_788' title='bbox 2631 5226 2729 5264; x_wconf 86' lang='lat' dir='ltr'><strong>eos</strong></span> <span class='ocrx_word' id='word_1_789' title='bbox 2763 5209 3182 5279; x_wconf 68' lang='lat' dir='ltr'><strong>praecipue,qui</strong></span> <span class='ocrx_word' id='word_1_790' title='bbox 3207 5223 3336 5261; x_wconf 88' lang='lat' dir='ltr'><strong>cum</strong></span> <span class='ocrx_word' id='word_1_791' title='bbox 3369 5206 3631 5276; x_wconf 75' lang='lat' dir='ltr'><strong>politiore</strong></span> 
     </span>
    </p>
   </div>
   <div class='ocr_carea' id='block_1_112' title="bbox 1986 5296 3628 5369">
    <p class='ocr_par' dir='ltr' id='par_1_112' title="bbox 1986 5296 3628 5369">
     <span class='ocr_line' id='line_1_112' title="bbox 1986 5296 3628 5369; baseline -0.003 -16"><span class='ocrx_word' id='word_1_792' title='bbox 1986 5297 2343 5353; x_wconf 87' lang='lat' dir='ltr'><strong>humanitate</strong></span> <span class='ocrx_word' id='word_1_793' title='bbox 2375 5300 2592 5369; x_wconf 92' lang='lat' dir='ltr'><strong>aliquid</strong></span> <span class='ocrx_word' id='word_1_794' title='bbox 2629 5299 2872 5353; x_wconf 88' lang='lat' dir='ltr'><strong>rationis</strong></span> <span class='ocrx_word' id='word_1_795' title='bbox 2907 5296 3508 5362; x_wconf 73' lang='lat' dir='ltr'><strong>habebant,doctrinzs</strong></span> <span class='ocrx_word' id='word_1_796' title='bbox 3541 5299 3628 5349; x_wconf 84' lang='lat' dir='ltr'><strong>fa—</strong></span> 
     </span>
    </p>
   </div>
   <div class='ocr_carea' id='block_1_113' title="bbox 1982 5386 3627 5460">
    <p class='ocr_par' dir='ltr' id='par_1_113' title="bbox 1982 5386 3627 5460">
     <span class='ocr_line' id='line_1_113' title="bbox 1982 5386 3627 5460; baseline -0.001 -19"><span class='ocrx_word' id='word_1_797' title='bbox 1982 5389 2326 5458; x_wconf 60' lang='lat' dir='ltr'><strong>cundiaque</strong></span> <span class='ocrx_word' id='word_1_798' title='bbox 2359 5388 2667 5460; x_wconf 85' lang='lat' dir='ltr'><strong>participes</strong></span> <span class='ocrx_word' id='word_1_799' title='bbox 2701 5386 3308 5450; x_wconf 86' lang='lat' dir='ltr'><strong>futuros,etlibrorum</strong></span> <span class='ocrx_word' id='word_1_800' title='bbox 3331 5387 3627 5456; x_wconf 84' lang='lat' dir='ltr'><strong>etiampu-</strong></span> 
     </span>
    </p>
   </div>
   <div class='ocr_carea' id='block_1_114' title="bbox 1984 5473 3630 5550">
    <p class='ocr_par' dir='ltr' id='par_1_114' title="bbox 1984 5473 3630 5550">
     <span class='ocr_line' id='line_1_114' title="bbox 1984 5473 3630 5550; baseline 0.001 -21"><span class='ocrx_word' id='word_1_801' title='bbox 1984 5477 2152 5533; x_wconf 89' lang='lat' dir='ltr'><strong>blicis</strong></span> <span class='ocrx_word' id='word_1_802' title='bbox 2184 5479 2241 5532; x_wconf 91' lang='lat' dir='ltr'><strong>in</strong></span> <span class='ocrx_word' id='word_1_803' title='bbox 2275 5478 2647 5534; x_wconf 88' lang='lat' dir='ltr'><strong>bibliothecis</strong></span> <span class='ocrx_word' id='word_1_804' title='bbox 2678 5476 3214 5550; x_wconf 82' lang='lat' dir='ltr'><strong>repositurum.Qui</strong></span> <span class='ocrx_word' id='word_1_805' title='bbox 3245 5479 3302 5529; x_wconf 93' lang='lat' dir='ltr'><strong>et</strong></span> <span class='ocrx_word' id='word_1_806' title='bbox 3331 5473 3630 5530; x_wconf 87' lang='lat' dir='ltr'><strong>universas</strong></span> 
     </span>
    </p>
   </div>
   <div class='ocr_carea' id='block_1_115' title="bbox 2052 5659 3070 5733">
    <p class='ocr_par' dir='ltr' id='par_1_115' title="bbox 2052 5659 3070 5733">
     <span class='ocr_line' id='line_1_115' title="bbox 2052 5659 3070 5733; baseline -0.007 -13"><span class='ocrx_word' id='word_1_807' title='bbox 2052 5659 2134 5733; x_wconf 85' lang='lat'><strong>(2)</strong></span> <span class='ocrx_word' id='word_1_808' title='bbox 2165 5659 2310 5718; x_wconf 88' lang='lat' dir='ltr'><strong>Joan</strong></span> <span class='ocrx_word' id='word_1_809' title='bbox 2342 5660 2614 5720; x_wconf 86' lang='lat' dir='ltr'><strong>Damase.</strong></span> <span class='ocrx_word' id='word_1_810' title='bbox 2637 5659 2865 5718; x_wconf 76' lang='lat' dir='ltr'><strong>Dialect.</strong></span> <span class='ocrx_word' id='word_1_811' title='bbox 2891 5674 3012 5730; x_wconf 88' lang='lat' dir='ltr'><strong>cap.</strong></span> <span class='ocrx_word' id='word_1_812' title='bbox 3037 5659 3070 5713; x_wconf 91' lang='lat'>3</span> 
     </span>
    </p>
   </div>
  </div>
