3986 6228
428 358 547 433 2'35

1733 368 2130 434 THEODULI
2175 370 2525 436 MONACHI

3675 374 3783 445 236

430 501 733 559 Musarum
746 512 884 569 opes
898 495 1867 567 complectebantur,ettotnumero
1884 506 2048 555 erant

2185 500 2272 555 καὶ
2319 502 2420 569 τήν
2468 500 2631 555 πόλιν
2678 500 2968 577 ἐπέραστον
3018 502 3233 576 μᾶλλον
3284 502 3451 558 ἐποίει
3477 507 3587 567 τάῖς
3638 510 3785 587 φιλο-

428 594 571 665 quot
592 590 754 646 vixin
770 599 979 645 cuncta
1000 587 1393 660 reperirentur
1415 588 1654 643 Graecia.
1670 588 1833 651 Quod
1866 589 2070 645 urbem

421 686 588 739 tanto
626 677 1022 736 amabiliorem
1038 676 1317 735 studiosis
1337 681 1395 734 et
1410 676 1714 733 industriis
1737 677 2074 735 hominibus

424 768 718 827 reddebat.
736 769 876 822 Cum
892 766 1070 839 igitur
1085 783 1198 824 non
1210 766 1384 840 longo
1397 770 1655 839 tempore
1673 781 1939 839 magnam
1955 767 2075 825 illic

421 856 864 915 lectissimarum
887 854 1286 911 doctrinarum
1300 855 1417 911 vim
1450 854 2074 928 collegisset,nihilque

420 947 757 1013 admodum,
790 961 937 1018 pene
967 945 1151 1001 dicam
1187 952 1347 1002 extra
1394 961 1456 1001 se
1486 960 1767 1017 suamque
1815 942 2073 1002 discendi

421 1035 755 1091 aviditatem
769 1034 1160 1106 reliquisset,q
1171 1034 1399 1090 uoniam
1416 1038 1712 1106 parentem
1724 1051 1788 1090 ac
1799 1035 2077 1091 nutricem

423 1123 615 1181 omnis
646 1122 943 1195 sapientiae
962 1123 1200 1194 Athens,
1220 1122 1361 1179 solis
1375 1121 1906 1180 animisensibus'e
1943 1122 2074 1179 lon-

422 1214 637 1285 ginquo
668 1212 1026 1281 intuebatur,
1043 1227 1294 1283 quarum
1316 1227 1509 1267 amore
1519 1211 1748 1281 jamdiu
1771 1212 2069 1284 ﬂagrabat,

424 1310 545 1358 tum
570 1316 633 1357 ut
672 1302 839 1373 queis
898 1300 1345 1369 destituehatur,
1385 1315 1453 1356 ea
1510 1300 1625 1355 illic
1658 1306 2021 1373 compararet
2056 1319 2069 1367 ;

2179 596 2369 645 πονεῖν
2421 592 2790 665 αἱρουμένοις.
2823 593 2897 647 Τὰ
2941 593 3198 666 κράτιστα
3243 593 3420 647 τοίνυν
3469 593 3681 652 ἐντεῦθεν
3734 600 3781 653 ἐν

2182 677 2244 734 οὔ
2289 678 2485 752 πολλῷ
2521 685 2599 751 τῷ
2646 680 2831 756 χρόνῳ
2886 681 3241 757 ξυνειλοχὼς,
3273 680 3364 736 καὶ
3423 679 3581 755 μηδὲν
3624 687 3690 747 ὡς
3718 688 3787 743 εὶ-

2178 773 2297 823 πεῖν
2358 763 2458 838 ἔξω
2527 768 2846 825 καταλιπὼν
2913 771 3105 826 ἑαυτοῦ
3166 771 3257 825 καὶ
3329 775 3426 826 τοῦ
3481 774 3592 827 καθ’
3642 775 3785 830 αὑτὸν

2183 856 2553 931 βουλομένου,
2612 857 2728 913 ἐπεὶ
2784 858 2881 927 τήν
2946 857 3153 934 μητέρα
3206 860 3297 914 καὶ
3351 860 3544 937 τροφὸν
3597 863 3787 934 ἁπάσης

2181 945 2372 1023 σοφίας
2397 946 2491 1007 τάς
2522 948 2779 1017 Ἀθήνας,
2815 946 3097 1024 πόρρωθεν
3137 948 3281 1021 ἑώρα
3335 953 3450 1009 τοῖς
3502 949 3788 1025 λογισμοῖς,

2180 1034 2270 1089 καὶ
2322 1034 2528 1090 τούτων
2589 1035 2899 1099 ἰκπλείονος
2957 1037 3086 1110 ἤρα,
3122 1039 3265 1111 ὁμοῦ
3326 1037 3419 1110 μὶν
3467 1038 3539 1092 ὧν
3566 1041 3663 1095 οὐκ
3688 1041 3793 1115 εἶχε

2179 1123 2519 1195 τευξόμενος,
2550 1125 2692 1197 ὁμοῦ
2751 1122 2810 1179 δὲ
2865 1126 2955 1180 καὶ
3013 1124 3211 1187 ταύτας
3266 1127 3354 1188 οἷς
3381 1125 3537 1189 αὐτὸς
3570 1127 3679 1201 εἶχε
3704 1150 3795 1184 κο-

2182 1215 2430 1284 σμήσων,
2489 1212 2622 1288 ἄρας
2690 1214 2888 1269 ἐκεῖθεν
2947 1214 3022 1275 ὡς
3096 1215 3353 1292 τάχιστα,
3421 1222 3519 1285 τῆς
3591 1215 3794 1274 ἑνταῖθα

2179 1302 2448 1379 φερούσης
2476 1300 2832 1357 ἀντεποιεῖτο.

423 1396 548 1447 tum
575 1393 641 1446 ut
660 1389 862 1447 urbem
893 1390 965 1446 iis
996 1406 1123 1461 quae
1146 1390 1397 1446 habebat
1421 1394 1736 1445 exornaret.
1754 1391 2099 1446 Alexandria
2130 1395 2559 1463 quamprimum
2580 1392 2881 1450 solvensin
2904 1394 3054 1449 viam
3077 1393 3219 1449 illuc
3240 1394 3511 1451 ferentem
3537 1413 3596 1450 se
3614 1397 3791 1454 dabat.

492 1480 630 1538 XIX.
673 1485 1001 1537 Conscensa
1029 1482 1226 1552 itaque
1260 1480 1574 1552 [Eginetica
1604 1481 1757 1548 navi,
1789 1484 1930 1537 sunt
1958 1497 2063 1535 au-

418 1576 537 1628 tem
566 1570 843 1643 Eginetze
873 1569 952 1627 rei
986 1571 1228 1626 nautica:
1286 1570 1683 1639 scientissimi,
1717 1569 1882 1625 laetus
1928 1586 2061 1627 cum

418 1661 565 1717 laetis
594 1661 652 1715 in
685 1659 867 1715 ultum
895 1659 1268 1731 provehitur;
1298 1675 1402 1714 nec
1426 1660 1593 1715 initio
1624 1660 1853 1716 adversi
1893 1660 2066 1731 quid-

420 1767 595 1823 quam
618 1750 1000 1820 sentiebatur,
1025 1766 1129 1806 nec
1158 1753 1283 1806 erat
1312 1750 1550 1805 omnino
1580 1749 1652 1805 de
1700 1766 1813 1822 quo
1863 1765 2063 1822 quere-

420 1844 1004 1909 rentur,contravero
1026 1838 1256 1911 placida
1285 1838 1401 1895 illis
1422 1855 1487 1895 ac
1503 1839 1821 1911 tranquilla
1842 1840 2059 1908 omnia,

2245 1483 2349 1536 16'.
2402 1482 2500 1534 Καὶ
2559 1478 2696 1551 δῆτα
2751 1482 2887 1544 νεὼς
2942 1476 3133 1542 ἐπιϐὰς
3190 1481 3488 1557 Αἷγιναιας,
3548 1482 3705 1539 δεινοὶ
3756 1482 3795 1538 δ’

2172 1568 2321 1623 οὗτοι
2376 1571 2444 1623 τά
2498 1570 2745 1637 ναυτικὰ,
2804 1568 3015 1645 χαίρων
3074 1569 3365 1645 χαίρουσιν
3429 1571 3612 1634 αὐτοῖς
3682 1595 3793 1628 συν-

2171 1660 2391 1736 ανήχθη
2414 1678 2427 1690 ο
2460 1660 2549 1713 καὶ
2579 1661 2716 1721 τὲως
2744 1660 2839 1733 μὲν
2873 1657 3173 1735 δυσχεροῦς
3222 1658 3441 1723 οὐδενὸς
3495 1661 3796 1738 ἐπειρῶντο,

2172 1744 2286 1802 οὐδ’
2341 1748 2496 1822 εἶχον
2556 1744 2715 1803 οὐδὲν
2771 1747 3051 1804 οὗδοτιοῦν
3106 1749 3404 1820 αἰτιᾶσθαι,
3462 1750 3606 1807 ἀλλᾶ
3656 1752 3796 1807 πάντ’

2170 1836 2235 1904 ἧν
2288 1834 2473 1899 αὐτοῖς
2528 1835 2581 1891 ἐν
2641 1836 2904 1913 ῥᾳστώνῃ,
2964 1839 3053 1892 καὶ
3111 1837 3337 1912 οὐρανὸς
3384 1840 3479 1893 καὶ
3542 1840 3672 1915 νέφη
3716 1840 3795 1894 καὶ

418 1930 651 1997 coelum,
721 1929 926 1998 nubes,
986 1945 1166 1996 mare,
1236 1944 1354 1996 aer,
1412 1929 1585 1985 verbo
1653 1943 1814 1984 mera
1887 1930 2052 1985 undi-

2172 1924 2431 1995 θάλαττα,
2488 1927 2580 1980 καὶ
2664 1927 2794 1999 ἆήρ,
2870 1927 2960 1981 καὶ
3035 1927 3099 1981 τὸ
3184 1928 3432 1999 καθάπαξ
3497 1927 3664 1982 εἰπεῖν
3731 1928 3798 1990 εἷς

422 2034 534 2092 que
625 2017 933 2086 securitas,
997 2018 1259 2074 Subinde
1331 2032 1467 2073 vero
1552 2027 1830 2073 conversa
1911 2018 2070 2073 velut

419 2106 631 2165 testula
713 2105 776 2163 in
873 2108 1224 2163 contrarium
1313 2124 1406 2163 res
1479 2107 1758 2172 mutari;
1817 2123 2066 2164 commeo

419 2197 559 2251 dum
610 2197 766 2252 enim
828 2195 1239 2252 Parthenicum
1299 2213 1454 2253 mare
1501 2196 2062 2264 transmittentibus,

420 2286 658 2341 decurso
683 2286 809 2357 jam
841 2285 957 2341 fere
1002 2286 1193 2341 medio
1249 2285 1656 2357 navigationis,
1696 2294 1867 2358 atque
1922 2288 2064 2342 adeo

418 2374 625 2431 salutis
680 2373 823 2430 item
879 2374 1191 2441 curriculo,
1253 2375 1346 2430 hic
1414 2376 1588 2431 turbo
1662 2374 2064 2433 intolerandus

420 2465 696 2536 omnique
728 2465 1030 2530 memoria,
1055 2464 1311 2520 sinautis
1339 2465 1653 2535 credimus,
1685 2465 2059 2536 saevissimus,

419 2554 615 2622 subito
644 2554 882 2625 ingruit.
914 2554 1043 2610 Mox
1073 2554 1255 2626 igitur
1280 2571 1439 2610 mare
1486 2556 1645 2610 cinni
1692 2555 1752 2609 in
1820 2556 2060 2611 modum

417 2643 911 2709 misceri,sursum
944 2644 1333 2716 deorsumque
1366 2660 1577 2717 magna
1601 2644 1654 2699 vi
1685 2644 2058 2716 exagitatam,

416 2748 521 2787 nec
551 2747 793 2803 usquam
808 2733 1126 2789 consistere
1141 2734 1462 2801 situm;sed
1496 2738 1553 2789 et
1583 2734 1879 2805 navigium
1904 2751 2061 2791 nunc

413 2821 664 2878 sublime
694 2828 981 2889 evectum,
1022 2839 1176 2878 nunc
1201 2824 1366 2894 aquis
1406 2825 1757 2890 demersum,
1791 2841 1904 2896 prae
1945 2824 2057 2879 flu-

408 2912 618 2979 ctibus,
655 2928 889 2984 praeque
920 2913 1144 2979 crebra,
1178 2918 1233 2968 et
1263 2912 1554 2982 continua,
1587 2920 1644 2969 et
1674 2914 2059 2970 vehementis-

408 3002 563 3055 sima
596 3000 884 3057 undarum
914 3000 2058 3074 jactione,nonexiguumultimipericu-

404 3084 445 3143 1i
508 3093 731 3144 metum
789 3089 1205 3160 navigantibus
1262 3089 1482 3160 injecit.
1512 3089 1640 3146 Jam
1697 3091 1916 3148 caeteris
1941 3108 2055 3148 non

407 3177 582 3233 modo
615 3194 769 3234 mors
799 3177 930 3251 ipsa
958 3177 1296 3245 imminens,
1330 3180 1429 3235 sed
1461 3187 1515 3235 et
1560 3195 1719 3257 mors
1766 3180 1825 3235 in
1884 3181 2057 3236 undis

404 3266 1087 3365 suti'erenda,-perquam
1156 3267 1452 3325 horribilis
1527 3268 1651 3325 visa
1725 3273 1833 3365 est,
1892 3271 2043 3341 quod
2079 3298 2128 3365 Ο

404 3362 722 3427 utrumque
751 3356 1260 3425 abominabantur,
1292 3359 1816 3430 quanquam'enim
1848 3375 2046 3414 neces-

405 3443 559 3499 sario
591 3444 840 3501 alterum
872 3445 1216 3517 quandoque
1242 3446 1354 3502 sibi
1411 3454 1752 3503 eventurum
1812 3453 2044 3516 norant,

400 3533 1146 3606 sivenunchocpacto,sive
1177 3534 1290 3591 alio
1320 3535 1466 3591 alias
1491 3552 1505 3590 :
1531 3537 1601 3592 de
1624 3535 1815 3592 salute
1855 3544 2044 3592 tamen

400 3636 465 3675 ac
503 3623 637 3689 vita,
667 3629 729 3676 ut
761 3639 863 3694 par
908 3627 1058 3691 erat,
1091 3623 1351 3691 solliciti,
1384 3640 1743 3697 suarumque
1796 3626 2047 3682 necessi-

400 3710 668 3766 tudinum
719 3712 967 3784 quisque
1013 3714 1318 3782 recordati,
1360 3731 1504 3785 quas
1552 3715 1895 3771 calamitatis
1926 3732 2046 3770 suae

401 3798 752 3870 appendices
779 3800 1094 3871 habebant,
1119 3803 1391 3875 lacrymis
1422 3803 1615 3859 omnia
1658 3819 1725 3860 ac
1774 3804 2045 3860 lamentis

400 3887 789 3959 complebant,
848 3905 957 3946 noc
1014 3906 1128 3962 quo
1196 3907 1255 3947 se
1311 3896 1622 3958 verterent,
1673 3891 1885 3963 quidve
1941 3910 2044 3947 ca:-

404 3982 653 4046 ptarent,
713 3979 962 4049 reperire
1015 3984 1303 4050 poterant.
1353 3981 1625 4053 Gregorio
1690 4000 1803 4036 non
1854 3981 2045 4036 minus

397 4066 588 4135 gravia
618 4070 672 4121 et
730 4067 852 4123 haec
918 4068 1046 4138 ipsa
1110 4069 1446 4125 accidebant
1497 4087 1510 4137 ;
1574 4070 1755 4126 multo
1811 4072 2044 4141 gravius

401 4162 617 4221 tamen,
670 4154 789 4211 imo
847 4154 1137 4213 malorum
1209 4157 1471 4213 omnium
1551 4158 1826 4214 ultimum
1920 4164 2044 4215 erat

2169 2014 2305 2067 ἅπαν
2361 2014 2601 2090 θάρῥεῖν.
2650 2016 2864 2071 Ἔπειθ’
2920 2011 3101 2088 ὥσπερ
3158 2014 3425 2090 ὀστράκου
3488 2014 3794 2089 μεταπεσόνο

2166 2123 2282 2175 τος,
2322 2104 2398 2165 εἰς
2454 2103 2760 2159 τούναντίον
2818 2104 2884 2159 τὰ
2933 2103 3224 2179 πράγματα
3278 2104 3577 2179 περιέστη·
3607 2106 3669 2160 τὸ
3705 2106 3799 2180 γὰρ

2168 2193 2482 2266 παρθενικὸν
2540 2188 2901 2248 διαϐάλλουσι
2949 2192 3208 2265 πέλαγος,
3255 2193 3344 2248 καὶ
3406 2190 3607 2268 σχεδὸν
3663 2192 3796 2248 οὖσιν

2168 2280 2221 2335 ἐν
2266 2278 2580 2356 μεσημϐρία
2622 2287 2717 2336 τοῦ
2764 2280 2930 2350 πλοῦ,
2963 2281 3018 2336 ἐν
3061 2279 3167 2354 ’ίσῳ
3216 2279 3271 2337 δε
3313 2284 3375 2355 [ἵ.
3431 2285 3570 2339 add.
3611 2283 3704 2356 ὡς]
3733 2282 3798 2335 εἰ·

2166 2373 2286 2423 πεῖν
2342 2372 2429 2424 καί
2485 2375 2582 2425 τοῦ
2640 2372 2922 2441 σώζεσθαι,
2979 2371 3222 2448 τυφῶνός
3278 2391 3429 2434 τινος
3485 2371 3799 2445 ἐμπεσόντος

2168 2459 2397 2531 ἀθρόως,
2431 2456 2689 2514 οὕθόῖου
2749 2461 2839 2515 καὶ
2892 2459 3093 2536 φερειν,
3140 2460 3232 2514 καὶ
3287 2463 3396 2515 τῶν
3459 2459 3538 2523 εἷς
3592 2461 3803 2532 μνήμην

2165 2548 2411 2615 ἡκόντων
2471 2546 2870 2625 χαλεπωτάτου
2929 2548 3004 2608 ὡς
3058 2552 3169 2603 τῶν
3214 2553 3424 2604 ναυτῶν
3455 2551 3524 2622 [Γ.
3558 2552 3690 2606 add.
3722 2548 3801 2619 ἦν]

2165 2635 2399 2705 ἀκούειν,
2458 2636 2491 2705 ἦ
2549 2658 2605 2691 τε
2664 2636 2903 2693 θάλαττα
2956 2637 3165 2691 κυκεὼν
3220 2638 3486 2713 ἐγεγόνει,
3548 2635 3655 2692 ἅνω
3720 2635 3803 2690 καὶ

2163 2726 2308 2778 κάτω
2367 2730 2635 2802 φερομένη
2692 2727 2761 2799 τῇ
2820 2726 2932 2800 βίᾳ,
2961 2726 3054 2780 καὶ
3111 2732 3303 2794 στῆναι
3352 2725 3624 2799 μηδαμοῦ
3655 2722 3803 2779 δυνα-

2166 2815 2299 2885 μένη
2328 2833 2339 2845 ·
2372 2814 2434 2869 τό
2481 2834 2539 2869 τε
2578 2817 2807 2891 σκάφος,
2837 2819 2926 2869 νῦν
2981 2815 3073 2887 μὲν
3125 2814 3424 2890 μετέωρον,
3458 2820 3555 2870 νῦν
3601 2815 3645 2870 ξ’
3677 2813 3801 2891 ὕφα-

2163 2902 2260 2958 λον
2302 2903 2620 2979 γιγνόμενον
2674 2905 2778 2959 ὑπό
2824 2908 2931 2958 τῶν
2969 2904 3250 2976 κυμάτων,
3280 2904 3376 2960 καὶ
3427 2912 3536 2975 τῆς
3568 2904 3803 2972 ἐπαλλή-

2161 2990 2261 3046 λου
2320 2993 2407 3046 καὶ
2457 2996 2719 3067 συνεχοῦς
2772 2992 2862 3047 καὶ
2920 2994 3294 3069 σφοδροτάτης
3349 2999 3456 3049 τοῦ
3507 2991 3804 3048 κλυδωνίου

2159 3088 2346 3160 φορᾶς,
2407 3081 2469 3136 οὐ
2542 3082 2735 3155 μικρὸν
2812 3082 2997 3144 αὐτοῖς
3054 3104 3147 3138 τον
3201 3082 3325 3157 περὶ
3386 3088 3504 3138 τῶν
3568 3082 3807 3157 ἐσχάτων

2158 3167 2324 3247 φόϐον
2382 3171 2568 3247 ἐπῆγε.
2599 3176 2721 3233 Τοῖς
2785 3172 2879 3243 μὶν
2940 3172 3032 3227 οῦν
3089 3169 3310 3239 ἄλλοις,
3341 3172 3409 3227 οὗ
3461 3174 3527 3227 τὸ
3574 3172 3806 3241 τεθνήξε-

2157 3262 2275 3314 σθαι
2312 3262 2499 3333 μόνον,
2532 3258 2680 3316 ἀλλὰ
2715 3262 2805 3315 καὶ
2853 3262 2916 3316 τὸ
2957 3267 3077 3325 τοῖς
3119 3258 3276 3316 ὕδασι
3307 3266 3481 3318 τοῦτο
3514 3263 3806 3326 πείσεσθαι,

2159 3347 2327 3404 δεινὸν
2373 3346 2546 3404 ἐδόκει
2594 3350 2683 3404 καὶ
2748 3350 2866 3404 κατ’
2915 3351 3080 3425 ἄμφω
3133 3348 3593 3425 δυσχεραίνοντες

2157 3438 2208 3493 εἲ
2248 3439 2352 3514 γὰρ
2393 3440 2479 3493 καί
2531 3439 2756 3513 Θάτερον
2804 3437 2986 3518 σφίσιν
3041 3438 3225 3502 αὐτοῖς
3293 3439 3344 3510 ἐξ
3397 3440 3656 3517 ἀνάγκης
3696 3439 3808 3496 ἒσόο

2160 3548 2316 3601 μενον
2368 3524 2583 3602 ᾔδεσαν,
2614 3526 2703 3582 ἐάν
2751 3548 2810 3583 τε
2856 3533 2945 3583 νῦν
2996 3528 3190 3597 οὕτως,
3223 3528 3309 3584 ἐάν
3340 3532 3393 3584 τ’
3424 3530 3627 3592 ἄλλως
3658 3531 3807 3602 [add.

2155 3615 2355 3672 ἄλλοτε
2399 3626 2501 3675 aut
2548 3617 2791 3690 ὕστερον]
2840 3613 3045 3691 ξυμόῇ,
3085 3616 3213 3673 ἀλλ’
3242 3616 3345 3692 ἄρα
3395 3622 3502 3674 τοῦ
3554 3622 3812 3693 περιεῖναι

2153 3705 2242 3758 καὶ
2303 3709 2397 3778 ζῇν
2446 3705 2519 3765 ὡς
2569 3700 2715 3766 εἰκός
2757 3704 3075 3776 ποιούμενοι
3144 3702 3335 3778 λόγον,
3386 3707 3488 3761 καὶ
3549 3707 3668 3780 ἅμα
3711 3709 3815 3760 τῶν

2156 3790 2368 3846 οἰκείων
2435 3792 2512 3855 εἷς
2573 3794 2792 3865 μνήμην
2843 3792 3013 3855 ἰόντες
3082 3795 3171 3848 καὶ
3234 3794 3476 3860 τούτους
3525 3795 3816 3866 ἐπιθήκην,

2153 3888 2253 3951 τῆς
2310 3885 2592 3959 συμφορᾶς
2647 3884 2993 3954 κεκτημένοι,
3053 3879 3301 3957 δακρύων
3366 3885 3575 3940 ἅπαντ’
3641 3881 3817 3951 ἐπλή-

2156 3991 2280 4044 ρουν
2328 3970 2417 4025 καὶ
2453 3969 2741 4046 οἰμωγῶν,
2771 3971 2861 4024 καὶ
2910 3971 3010 4026 οὐκ
3056 3972 3207 4046 εἶχον
3256 3971 3286 4026 ὅ
3314 3994 3370 4027 τι
3424 3974 3526 4029 καὶ
3555 3975 3817 4050 γένοιντο.

2154 4063 2227 4116 or-
2277 4057 2319 4077 ἢκ
2453 4058 2467 4077 \
2568 4063 2595 4073 α·
2740 4060 2753 4075 ἢ
2865 4057 2938 4079 τῆς
3201 4080 3214 4092 .
3417 4066 3444 4078 -ο
3716 4062 3726 4080 Ι

2197 4083 2241 4132 ῳ
2273 4076 2350 4127 οε,
2381 4079 2469 4114 και
2499 4080 2666 4114 ταυτα
2700 4081 2794 4133 μεν
2823 4078 2979 4114 ουοεν
3009 4062 3173 4130 ἧττον
3249 4060 3459 4135 πολλῳ
3514 4062 3577 4119 δὲ
3625 4062 3814 4128 πλεον,

2156 4147 2370 4221 μᾶλλον
2453 4145 2511 4203 δὲ
2592 4153 2772 4205 κακῶν
2848 4144 3078 4223 ἔσχατον
3131 4149 3222 4221 ἦν,
3278 4153 3369 4207 καὶ
3466 4151 3821 4228 παραμυθίαν

2152 4243 2320 4293 πᾶσαν
2352 4234 2701 4314 ὑπερϐαῖνον,
2732 4238 2793 4293 τὸ
2831 4237 3157 4293 κινδυνεύειν
3220 4242 3303 4301 οἷς
3357 4246 3477 4296 τῶν
3551 4243 3821 4317 μεγίστων

2150 4324 2221 4382 ἔτ’
2280 4326 2570 4389 ἀτέλεστος
2624 4327 2709 4393 ἦν,
2766 4327 2857 4382 καὶ
2913 4334 3014 4398 τῆς
3071 4328 3210 4404 πρὸς
3268 4330 3402 4384 Θεὸν
3470 4331 3825 4401 οἰκειότητος

2150 4415 2294 4472 οὕτω
2349 4421 2448 4484 τὴν
2530 4417 2854 4491 γιγνομένην
2917 4414 3235 4493 δεδεγμένος
3320 4419 3643 4499 σφραγῖδα,
3700 4422 3826 4476 Θεὸν

2146 4505 2304 4560 αὐτὸν
2363 4506 2626 4561 ἀπολέσαι
2682 4506 2771 4560 καὶ
2827 4512 2927 4575 τῆς
2985 4506 3188 4563 ἐκείνου
3247 4505 3417 4579 δόξης
3469 4511 3826 4567 παντάπασιν

2146 4595 2405 4654 ἐκπεσεῖν.

397 4259 746 4315 omnemque
782 4245 1244 4302 consolationem
1302 4249 1634 4318 superabat,
1704 4248 1856 4320 quad
1907 4264 2042 4319 quo-

399 4334 554 4388 niam
615 4334 1011 4391 sanctissimis
1063 4335 1363 4409 religionis
1426 4336 1717 4409 mysteriis
1776 4339 2038 4394 nondum

394 4421 659 4478 initiatus
717 4427 859 4492 erat,
893 4441 997 4480 nec
1081 4425 1407 4498 legitimum
1465 4427 1669 4483 divinae
1736 4428 2038 4483 familiari-

396 4500 528 4557 tatis
558 4503 926 4573 signaculum
993 4512 1309 4579 acceperat,
1369 4508 1427 4562 in
1472 4508 1811 4564 discrimine
1856 4524 2039 4567 versa-

396 4600 572 4658 retur,
608 4608 679 4648 ne
708 4592 892 4649 Deum
950 4595 1145 4667 ipsum
1191 4597 1371 4652 miser
1422 4598 1737 4669 amitteret,
1760 4598 2037 4671 illiusque

394 4680 575 4748 gloria
596 4697 832 4752 prorsus
863 4658 1167 4741 excideret.
1722 4658 1737 4669 ’
1938 4658 1959 4671 ⁸
2073 4658 2114 4724 D

466 4768 574 4824 XX.
627 4770 852 4843 Quippe
912 4776 974 4827 ut
1016 4773 1248 4830 lustrali
1300 4775 1526 4832 lavacro
1575 4776 1683 4832 rite
1745 4777 2034 4849 expiatum

393 4874 544 4926 esse,
597 4860 842 4916 docente
899 4861 1077 4918 Paulo
1139 4864 1204 4933 ‘9,
1247 4864 1544 4921 Christum
1617 4865 1875 4923 induisse
1932 4872 2037 4935 est,

395 4964 653 5020 novoque
684 4951 937 5022 quodam
978 4953 1144 5010 modo
1176 4955 1471 5011 Christum
1489 4958 1862 5023 factumesse,
1887 4973 2040 5029 aqua

393 5038 671 5093 nimirum
687 5040 1015 5112 spirituque
1044 5049 1387 5114 perunctum
1410 5061 1423 5110 ;
1457 5045 1540 5101 sic
1556 5063 1787 5103 necesse
1800 5048 2036 5101 omnino

390 5132 498 5193 est,
531 5144 565 5182 a
613 5126 845 5185 Christo
904 5130 1080 5186 etiam
1141 5133 1503 5202 disjunctum
1567 5151 1719 5203 esse,
1769 5136 2036 5207 quisquis

386 5214 799 5274 lustrationem
830 5217 992 5275 illam
1024 5228 1375 5279 consecutus
1406 5241 1521 5280 non
1572 5230 1691 5280 est:
1726 5241 1843 5295 quo
1891 5226 2028 5296 quid

387 5306 569 5361 dirius
599 5324 858 5379 unquam
885 5311 1144 5366 accidere
1199 5316 1405 5383 potest,
1439 5330 1551 5369 non
1582 5314 1663 5368 illi
1690 5313 1899 5385 solum,
1933 5316 2032 5386 qui

385 5400 442 5449 et
472 5394 633 5464 prius
667 5397 781 5454 Deo
813 5404 1183 5455 consecratus
1240 5418 1417 5471 quam
1450 5406 1770 5473 conceptus
1799 5407 1945 5469 erat,
1977 5409 2035 5460 et

388 5487 582 5553 postea
611 5489 667 5541 et
695 5492 975 5557 mentem,
1008 5494 1065 5546 et
1096 5492 1291 5561 vitam,
1325 5497 1381 5549 et
1411 5492 1747 5563 dictionem,
1780 5499 1832 5549 et
1863 5494 2034 5551 actio-

2220 4777 2294 4833 κ’.
2337 4778 2428 4836 Ὦς
2484 4773 2588 4851 γὰρ
2641 4775 2704 4829 τὸ
2764 4774 3136 4851 βαπτίσματος
3219 4773 3528 4850 ἠξιῶσθαι,
3592 4778 3835 4856 Χριστόν

2147 4865 2256 4920 ἐστι
2329 4866 2463 4919 κατὰ
2552 4865 2766 4919 Παῦλον
2836 4864 3102 4939 ἑνῆφθαι·
3162 4866 3253 4920 καὶ
3311 4864 3522 4933 ἄλλως
3581 4871 3833 4945 Χριστὸν

2143 4958 2417 5030 γεγονέναι
2497 4953 2649 5010 ὕδατι
2722 4956 3013 5030 χρισθέντα
3096 4955 3185 5010 καὶ
3261 4957 3577 5032 πνεύματι,
3656 4958 3836 5022 οὕτως

2143 5046 2345 5121 ἀνάγκη
2406 5050 2548 5099 πᾶσα
2594 5045 2685 5100 τὸν
2732 5046 2807 5116 μή
2857 5044 3054 5099 τούτου
3100 5044 3361 5122 τυχόντα,
3395 5050 3508 5102 καὶ
3581 5052 3838 5124 Χριστοῦ

2143 5135 2511 5210 κεχωρίσθαι·
2573 5154 2634 5187 ου
2692 5133 2742 5187 τί
2795 5138 2903 5188 τῶν
2960 5133 3213 5188 ἁπάντων
3265 5132 3697 5214 ἐλεεινότερον,
3728 5138 3842 5211 οὐχ

2145 5224 2293 5286 ὅπως
2347 5223 2530 5295 ἐκείνῳ
2576 5227 2658 5294 τῷ
2704 5222 2794 5278 καὶ
2860 5222 2965 5294 πρὸ
3034 5220 3362 5297 συλλήψεως
3420 5224 3843 5306 ἂφωσιωμένψ

2145 5318 2281 5385 Θεῷ,
2316 5313 2402 5366 καὶ
2455 5312 2673 5385 ὕστερον
2723 5311 2813 5367 καὶ
2869 5315 2991 5366 νοῦν
3049 5312 3139 5367 καὶ
3194 5312 3311 5386 βίον
3346 5316 3452 5368 καὶ
3519 5317 3699 5394 λόγον
3750 5316 3843 5371 καὶ

2142 5402 2356 5475 πρᾶξιν,
2421 5401 2511 5454 καὶ
2583 5399 2732 5455 πάνθ’
2807 5400 2995 5455 ἑαυτὸν
3069 5407 3172 5470 τῆς
3255 5399 3477 5458 ἄνωθεν
3576 5405 3844 5481 ἐξάψαντι

2144 5489 2339 5561 δεξιᾶς,
2373 5486 2518 5545 ἀλλά
2572 5490 2663 5545 καὶ
2721 5487 2868 5554 ὅλως
2926 5489 3197 5566 ἀνθρώπῳ
3252 5494 3377 5545 νοῦν
3450 5490 3687 5569 ἔχοντι,
3753 5495 3846 5550 καὶ

464 5663 509 5700 ¹⁹
537 5665 730 5769 ῦειιιιι.⁸
759 5686 822 5743 ιι,
850 5669 939 5731 27.

721 5781 759 5813 υ
