  <div class='ocr_page' id='page_1' title='image "/cluster/home/n/w/nwhite01/storage/ocr_20150623/145/hvd.32044054086921/124.png"; bbox 0 0 4118 6214; ppageno 0'>
   <div class='ocr_carea' id='block_1_1' title="bbox 276 462 374 527">
    <p class='ocr_par' dir='ltr' id='par_1_1' title="bbox 276 462 374 527">
     <span class='ocr_line' id='line_1_1' title="bbox 276 462 374 527; baseline -0.041 1"><span class='ocrx_word' id='word_1_1' title='bbox 276 462 374 527; x_wconf 77' lang='lat'><strong>237</strong></span> 
     </span>
    </p>
   </div>
   <div class='ocr_carea' id='block_1_2' title="bbox 1249 446 2622 527">
    <p class='ocr_par' dir='ltr' id='par_1_2' title="bbox 1249 446 2622 527">
     <span class='ocr_line' id='line_1_2' title="bbox 1249 446 2622 527; baseline 0.004 -7"><span class='ocrx_word' id='word_1_2' title='bbox 1249 446 1643 523; x_wconf 83' lang='lat' dir='ltr'><strong>LAUDA&#39;I‘IO</strong></span> <span class='ocrx_word' id='word_1_3' title='bbox 1688 461 1752 522; x_wconf 89' lang='lat' dir='ltr'><strong>s.</strong></span> <span class='ocrx_word' id='word_1_4' title='bbox 1799 460 2164 524; x_wconf 78' lang='lat' dir='ltr'><strong>caecoan</strong></span> <span class='ocrx_word' id='word_1_5' title='bbox 2206 448 2622 527; x_wconf 82' lang='lat' dir='ltr'><strong>THEOLOGI.</strong></span> 
     </span>
    </p>
   </div>
   <div class='ocr_carea' id='block_1_3' title="bbox 3506 430 3631 527">
    <p class='ocr_par' dir='ltr' id='par_1_3' title="bbox 3506 430 3631 527">
     <span class='ocr_line' id='line_1_3' title="bbox 3506 430 3631 527; baseline 0 0"><span class='ocrx_word' id='word_1_6' title='bbox 3506 430 3631 527; x_wconf 67' lang='lat' dir='ltr'><strong>sas</strong></span> 
     </span>
    </p>
   </div>
   <div class='ocr_carea' id='block_1_4' title="bbox 275 590 1893 672">
    <p class='ocr_par' dir='ltr' id='par_1_4' title="bbox 275 590 1872 672">
     <span class='ocr_line' id='line_1_4' title="bbox 275 590 1872 672; baseline -0.003 -19"><span class='ocrx_word' id='word_1_7' title='bbox 275 598 545 672; x_wconf 80' lang='grc' dir='ltr'>λογίζεσθαι</span> <span class='ocrx_word' id='word_1_8' title='bbox 600 593 899 668; x_wconf 86' lang='grc' dir='ltr'>δυναμενῳ,</span> <span class='ocrx_word' id='word_1_9' title='bbox 958 593 1047 649; x_wconf 77' lang='grc' dir='ltr'><strong>καὶ</strong></span> <span class='ocrx_word' id='word_1_10' title='bbox 1102 593 1249 649; x_wconf 85' lang='grc' dir='ltr'>τοῦτ’</span> <span class='ocrx_word' id='word_1_11' title='bbox 1307 590 1474 647; x_wconf 83' lang='grc' dir='ltr'>εἰδότι</span> <span class='ocrx_word' id='word_1_12' title='bbox 1549 591 1734 656; x_wconf 82' lang='grc' dir='ltr'>καλῶς</span> <span class='ocrx_word' id='word_1_13' title='bbox 1790 592 1872 648; x_wconf 78' lang='grc' dir='ltr'><strong>ὅτι</strong></span> 
     </span>
    </p>
   </div>
   <div class='ocr_carea' id='block_1_5' title="bbox 2002 590 3637 672">
    <p class='ocr_par' dir='ltr' id='par_1_5' title="bbox 2002 598 3637 672">
     <span class='ocr_line' id='line_1_5' title="bbox 2002 598 3637 672; baseline 0 -19"><span class='ocrx_word' id='word_1_14' title='bbox 2002 614 2145 664; x_wconf 81' lang='lat' dir='ltr'><strong>1cm,</strong></span> <span class='ocrx_word' id='word_1_15' title='bbox 2175 601 2233 653; x_wconf 90' lang='lat' dir='ltr'><strong>et</strong></span> <span class='ocrx_word' id='word_1_16' title='bbox 2262 614 2320 653; x_wconf 88' lang='lat' dir='ltr'><strong>se</strong></span> <span class='ocrx_word' id='word_1_17' title='bbox 2350 598 2603 671; x_wconf 88' lang='lat' dir='ltr'><strong>denique</strong></span> <span class='ocrx_word' id='word_1_18' title='bbox 2652 602 2837 656; x_wconf 84' lang='lat' dir='ltr'><strong>totum</strong></span> <span class='ocrx_word' id='word_1_19' title='bbox 2889 616 3155 672; x_wconf 75' lang='lat' dir='ltr'><strong>supernae</strong></span> <span class='ocrx_word' id='word_1_20' title='bbox 3195 601 3436 657; x_wconf 64' lang='lat' dir='ltr'><strong>dexterae</strong></span> <span class='ocrx_word' id='word_1_21' title='bbox 3477 598 3637 654; x_wconf 85' lang='lat' dir='ltr'><strong>velut</strong></span> 
     </span>
    </p>
   </div>
   <div class='ocr_carea' id='block_1_6' title="bbox 271 680 1886 758">
    <p class='ocr_par' dir='ltr' id='par_1_6' title="bbox 271 680 1886 758">
     <span class='ocr_line' id='line_1_6' title="bbox 271 680 1886 758; baseline -0.002 -16"><span class='ocrx_word' id='word_1_22' title='bbox 271 687 352 742; x_wconf 68' lang='grc' dir='ltr'><strong>κᾶν</strong></span> <span class='ocrx_word' id='word_1_23' title='bbox 391 688 481 756; x_wconf 78' lang='grc' dir='ltr'><strong>τήν</strong></span> <span class='ocrx_word' id='word_1_24' title='bbox 545 685 866 758; x_wconf 72' lang='grc' dir='ltr'><strong>οἰκουμένην</strong></span> <span class='ocrx_word' id='word_1_25' title='bbox 932 688 1106 738; x_wconf 79' lang='grc' dir='ltr'>πᾶσαν</span> <span class='ocrx_word' id='word_1_26' title='bbox 1164 680 1432 758; x_wconf 71' lang='grc' dir='ltr'>κατάσχῃ,</span> <span class='ocrx_word' id='word_1_27' title='bbox 1474 680 1569 738; x_wconf 80' lang='grc' dir='ltr'><strong>κᾶν</strong></span> <span class='ocrx_word' id='word_1_28' title='bbox 1632 683 1724 737; x_wconf 85' lang='grc' dir='ltr'>τὸν</span> <span class='ocrx_word' id='word_1_29' title='bbox 1782 682 1886 738; x_wconf 77' lang='grc' dir='ltr'><strong>ὕπὸ</strong></span> 
     </span>
    </p>
   </div>
   <div class='ocr_carea' id='block_1_7' title="bbox 267 769 1888 851">
    <p class='ocr_par' dir='ltr' id='par_1_7' title="bbox 267 769 1888 851">
     <span class='ocr_line' id='line_1_7' title="bbox 267 769 1888 851; baseline -0.001 -22"><span class='ocrx_word' id='word_1_30' title='bbox 267 783 360 851; x_wconf 71' lang='grc' dir='ltr'>γῆν</span> <span class='ocrx_word' id='word_1_31' title='bbox 386 795 438 830; x_wconf 85' lang='grc' dir='ltr'><strong>τε</strong></span> <span class='ocrx_word' id='word_1_32' title='bbox 480 774 566 829; x_wconf 83' lang='grc' dir='ltr'><strong>καὶ</strong></span> <span class='ocrx_word' id='word_1_33' title='bbox 608 774 743 848; x_wconf 77' lang='grc' dir='ltr'>ὑπὲρ</span> <span class='ocrx_word' id='word_1_34' title='bbox 797 780 903 845; x_wconf 79' lang='grc' dir='ltr'><strong>γῆς</strong></span> <span class='ocrx_word' id='word_1_35' title='bbox 960 769 1231 842; x_wconf 70' lang='grc' dir='ltr'>κτήσηται</span> <span class='ocrx_word' id='word_1_36' title='bbox 1287 771 1454 845; x_wconf 83' lang='grc' dir='ltr'>μόνος</span> <span class='ocrx_word' id='word_1_37' title='bbox 1504 772 1730 850; x_wconf 77' lang='grc' dir='ltr'>χρυσὸν,</span> <span class='ocrx_word' id='word_1_38' title='bbox 1788 770 1888 827; x_wconf 79' lang='grc' dir='ltr'><strong>κᾶν</strong></span> 
     </span>
    </p>
   </div>
   <div class='ocr_carea' id='block_1_8' title="bbox 268 859 1885 934">
    <p class='ocr_par' dir='ltr' id='par_1_8' title="bbox 268 859 1885 934">
     <span class='ocr_line' id='line_1_8' title="bbox 268 859 1885 934; baseline -0.002 -16"><span class='ocrx_word' id='word_1_39' title='bbox 268 865 449 925; x_wconf 78' lang='grc' dir='ltr'>πάντας</span> <span class='ocrx_word' id='word_1_40' title='bbox 496 864 620 926; x_wconf 77' lang='grc' dir='ltr'><strong>τούς</strong></span> <span class='ocrx_word' id='word_1_41' title='bbox 676 883 736 918; x_wconf 80' lang='grc' dir='ltr'><strong>τε</strong></span> <span class='ocrx_word' id='word_1_42' title='bbox 780 859 957 928; x_wconf 75' lang='grc' dir='ltr'>ὄντας,</span> <span class='ocrx_word' id='word_1_43' title='bbox 1016 860 1142 924; x_wconf 88' lang='grc' dir='ltr'><strong>τούς</strong></span> <span class='ocrx_word' id='word_1_44' title='bbox 1205 861 1253 916; x_wconf 85' lang='grc' dir='ltr'>τ’</span> <span class='ocrx_word' id='word_1_45' title='bbox 1309 860 1603 933; x_wconf 75' lang='grc' dir='ltr'><strong>ἐσομένους</strong></span> <span class='ocrx_word' id='word_1_46' title='bbox 1657 861 1762 934; x_wconf 85' lang='grc' dir='ltr'><strong>πρό</strong></span> <span class='ocrx_word' id='word_1_47' title='bbox 1838 863 1885 915; x_wconf 87' lang='grc' dir='ltr'>τ’</span> 
     </span>
    </p>
   </div>
   <div class='ocr_carea' id='block_1_9' title="bbox 270 947 1887 1026">
    <p class='ocr_par' dir='ltr' id='par_1_9' title="bbox 270 947 1887 1026">
     <span class='ocr_line' id='line_1_9' title="bbox 270 947 1887 1026; baseline -0.002 -19"><span class='ocrx_word' id='word_1_48' title='bbox 270 951 428 1013; x_wconf 81' lang='grc' dir='ltr'>ἐόντας</span> <span class='ocrx_word' id='word_1_49' title='bbox 469 950 779 1026; x_wconf 77' lang='grc' dir='ltr'>ἀνθρώπους</span> <span class='ocrx_word' id='word_1_50' title='bbox 831 948 1147 1023; x_wconf 73' lang='grc' dir='ltr'><strong>εὐδαιμονίᾳ</strong></span> <span class='ocrx_word' id='word_1_51' title='bbox 1208 948 1480 1024; x_wconf 76' lang='grc' dir='ltr'>παρέλθῃ,</span> <span class='ocrx_word' id='word_1_52' title='bbox 1531 947 1685 1004; x_wconf 75' lang='grc' dir='ltr'>οὐδὲν</span> <span class='ocrx_word' id='word_1_53' title='bbox 1741 949 1887 1021; x_wconf 87' lang='grc' dir='ltr'><strong>αὐτῴ</strong></span> 
     </span>
    </p>
   </div>
   <div class='ocr_carea' id='block_1_10' title="bbox 269 1032 1884 1115">
    <p class='ocr_par' dir='ltr' id='par_1_10' title="bbox 269 1032 1884 1115">
     <span class='ocr_line' id='line_1_10' title="bbox 269 1032 1884 1115; baseline -0.001 -21"><span class='ocrx_word' id='word_1_54' title='bbox 269 1040 414 1096; x_wconf 86' lang='grc' dir='ltr'>πλέον</span> <span class='ocrx_word' id='word_1_55' title='bbox 459 1032 603 1095; x_wconf 77' lang='grc' dir='ltr'>ἔσται</span> <span class='ocrx_word' id='word_1_56' title='bbox 653 1040 777 1111; x_wconf 84' lang='grc' dir='ltr'>περὶ</span> <span class='ocrx_word' id='word_1_57' title='bbox 853 1041 1041 1115; x_wconf 79' lang='grc' dir='ltr'>ψυχῆς</span> <span class='ocrx_word' id='word_1_58' title='bbox 1114 1035 1500 1095; x_wconf 80' lang='grc' dir='ltr'>κινδυνεύοντι.</span> <span class='ocrx_word' id='word_1_59' title='bbox 1558 1039 1712 1093; x_wconf 90' lang='grc' dir='ltr'>Ταῦτ’</span> <span class='ocrx_word' id='word_1_60' title='bbox 1791 1037 1884 1093; x_wconf 75' lang='grc' dir='ltr'><strong>οὗν</strong></span> 
     </span>
    </p>
   </div>
   <div class='ocr_carea' id='block_1_11' title="bbox 270 1126 1886 1200">
    <p class='ocr_par' dir='ltr' id='par_1_11' title="bbox 270 1126 1886 1200">
     <span class='ocr_line' id='line_1_11' title="bbox 270 1126 1886 1200; baseline -0.001 -16"><span class='ocrx_word' id='word_1_61' title='bbox 270 1128 448 1192; x_wconf 75' lang='grc' dir='ltr'>ἐκεῖνος</span> <span class='ocrx_word' id='word_1_62' title='bbox 473 1129 751 1200; x_wconf 81' lang='grc' dir='ltr'><strong>τηνικαῦτ’</strong></span> <span class='ocrx_word' id='word_1_63' title='bbox 780 1127 999 1199; x_wconf 75' lang='grc' dir='ltr'>ἒννοῶν,</span> <span class='ocrx_word' id='word_1_64' title='bbox 1028 1127 1118 1183; x_wconf 81' lang='grc' dir='ltr'><strong>καὶ</strong></span> <span class='ocrx_word' id='word_1_65' title='bbox 1159 1126 1389 1189; x_wconf 74' lang='grc' dir='ltr'>τούτους</span> <span class='ocrx_word' id='word_1_66' title='bbox 1438 1128 1546 1182; x_wconf 84' lang='grc' dir='ltr'><strong>ἀνω</strong></span> <span class='ocrx_word' id='word_1_67' title='bbox 1596 1128 1685 1182; x_wconf 82' lang='grc' dir='ltr'>καὶ</span> <span class='ocrx_word' id='word_1_68' title='bbox 1738 1127 1886 1182; x_wconf 84' lang='grc' dir='ltr'>κάτω</span> 
     </span>
    </p>
   </div>
   <div class='ocr_carea' id='block_1_12' title="bbox 271 1216 1889 1297">
    <p class='ocr_par' dir='ltr' id='par_1_12' title="bbox 271 1216 1889 1297">
     <span class='ocr_line' id='line_1_12' title="bbox 271 1216 1889 1297; baseline -0.002 -23"><span class='ocrx_word' id='word_1_69' title='bbox 271 1219 483 1297; x_wconf 74' lang='grc' dir='ltr'>στρέφων</span> <span class='ocrx_word' id='word_1_70' title='bbox 534 1220 662 1282; x_wconf 82' lang='grc' dir='ltr'>τοῦς</span> <span class='ocrx_word' id='word_1_71' title='bbox 711 1216 1037 1293; x_wconf 76' lang='grc' dir='ltr'>λογισμοὺς,</span> <span class='ocrx_word' id='word_1_72' title='bbox 1100 1216 1484 1292; x_wconf 68' lang='grc' dir='ltr'>ἐπηρτημένου</span> <span class='ocrx_word' id='word_1_73' title='bbox 1540 1219 1633 1289; x_wconf 74' lang='grc' dir='ltr'>μὲν</span> <span class='ocrx_word' id='word_1_74' title='bbox 1692 1223 1889 1273; x_wconf 77' lang='grc' dir='ltr'>τοσού-</span> 
     </span>
    </p>
   </div>
   <div class='ocr_carea' id='block_1_13' title="bbox 269 1304 1884 1385">
    <p class='ocr_par' dir='ltr' id='par_1_13' title="bbox 269 1304 1884 1385">
     <span class='ocr_line' id='line_1_13' title="bbox 269 1304 1884 1385; baseline -0.002 -20"><span class='ocrx_word' id='word_1_75' title='bbox 269 1330 351 1365; x_wconf 85' lang='grc' dir='ltr'><strong>του</strong></span> <span class='ocrx_word' id='word_1_76' title='bbox 392 1306 659 1373; x_wconf 84' lang='grc' dir='ltr'>κινδύνου,</span> <span class='ocrx_word' id='word_1_77' title='bbox 711 1314 812 1365; x_wconf 82' lang='grc' dir='ltr'><strong>τοῦ</strong></span> <span class='ocrx_word' id='word_1_78' title='bbox 871 1307 932 1364; x_wconf 73' lang='grc' dir='ltr'>δὲ</span> <span class='ocrx_word' id='word_1_79' title='bbox 989 1313 1268 1385; x_wconf 81' lang='grc' dir='ltr'>χειμῶνος</span> <span class='ocrx_word' id='word_1_80' title='bbox 1318 1304 1380 1362; x_wconf 82' lang='grc' dir='ltr'><strong>οὐ</strong></span> <span class='ocrx_word' id='word_1_81' title='bbox 1438 1329 1492 1362; x_wconf 90' lang='grc' dir='ltr'><strong>τι</strong></span> <span class='ocrx_word' id='word_1_82' title='bbox 1541 1306 1884 1381; x_wconf 78' lang='grc' dir='ltr'>λωφοῦντος,</span> 
     </span>
    </p>
   </div>
   <div class='ocr_carea' id='block_1_14' title="bbox 269 1392 1886 1474">
    <p class='ocr_par' dir='ltr' id='par_1_14' title="bbox 269 1392 1886 1474">
     <span class='ocr_line' id='line_1_14' title="bbox 269 1392 1886 1474; baseline 0 -22"><span class='ocrx_word' id='word_1_83' title='bbox 269 1400 499 1473; x_wconf 76' lang='grc' dir='ltr'>καὶπρὸς</span> <span class='ocrx_word' id='word_1_84' title='bbox 549 1394 866 1474; x_wconf 74' lang='grc' dir='ltr'>ὑπερϐολὴν</span> <span class='ocrx_word' id='word_1_85' title='bbox 918 1397 1236 1474; x_wconf 79' lang='grc' dir='ltr'>αἰρομένου,</span> <span class='ocrx_word' id='word_1_86' title='bbox 1294 1396 1522 1471; x_wconf 77' lang='grc' dir='ltr'>ἀπορίας</span> <span class='ocrx_word' id='word_1_87' title='bbox 1582 1392 1638 1451; x_wconf 80' lang='grc' dir='ltr'>δὲ</span> <span class='ocrx_word' id='word_1_88' title='bbox 1693 1396 1886 1452; x_wconf 75' lang='grc' dir='ltr'>πάντο-</span> 
     </span>
    </p>
   </div>
   <div class='ocr_carea' id='block_1_15' title="bbox 270 1482 1886 1562">
    <p class='ocr_par' dir='ltr' id='par_1_15' title="bbox 270 1482 1886 1562">
     <span class='ocr_line' id='line_1_15' title="bbox 270 1482 1886 1562; baseline -0.002 -20"><span class='ocrx_word' id='word_1_89' title='bbox 270 1490 340 1542; x_wconf 85' lang='grc' dir='ltr'><strong>θεν</strong></span> <span class='ocrx_word' id='word_1_90' title='bbox 389 1485 570 1558; x_wconf 86' lang='grc' dir='ltr'>οῦσης,</span> <span class='ocrx_word' id='word_1_91' title='bbox 631 1487 1030 1544; x_wconf 78' lang='grc' dir='ltr'>έπιλειπουσῶν</span> <span class='ocrx_word' id='word_1_92' title='bbox 1088 1484 1146 1541; x_wconf 73' lang='grc' dir='ltr'>δὲ</span> <span class='ocrx_word' id='word_1_93' title='bbox 1192 1482 1388 1562; x_wconf 86' lang='grc' dir='ltr'>σχεδὸν</span> <span class='ocrx_word' id='word_1_94' title='bbox 1448 1489 1557 1541; x_wconf 82' lang='grc' dir='ltr'><strong>τῶν</strong></span> <span class='ocrx_word' id='word_1_95' title='bbox 1623 1482 1886 1553; x_wconf 74' lang='grc' dir='ltr'>ἐλπίδων,</span> 
     </span>
    </p>
   </div>
   <div class='ocr_carea' id='block_1_16' title="bbox 266 1572 1889 1652">
    <p class='ocr_par' dir='ltr' id='par_1_16' title="bbox 266 1572 1889 1652">
     <span class='ocr_line' id='line_1_16' title="bbox 266 1572 1889 1652; baseline -0.002 -21"><span class='ocrx_word' id='word_1_96' title='bbox 266 1575 335 1631; x_wconf 80' lang='grc' dir='ltr'>ἐπὶ</span> <span class='ocrx_word' id='word_1_97' title='bbox 391 1576 545 1651; x_wconf 78' lang='grc' dir='ltr'>ξυροῦ</span> <span class='ocrx_word' id='word_1_98' title='bbox 596 1574 654 1632; x_wconf 72' lang='grc' dir='ltr'><strong>δέ</strong></span> <span class='ocrx_word' id='word_1_99' title='bbox 710 1576 892 1652; x_wconf 74' lang='grc' dir='ltr'>ἀκμῆς</span> <span class='ocrx_word' id='word_1_100' title='bbox 951 1580 1059 1632; x_wconf 79' lang='grc' dir='ltr'><strong>τῶν</strong></span> <span class='ocrx_word' id='word_1_101' title='bbox 1115 1572 1457 1651; x_wconf 77' lang='grc' dir='ltr'>πραγμάτων</span> <span class='ocrx_word' id='word_1_102' title='bbox 1518 1575 1788 1642; x_wconf 76' lang='grc' dir='ltr'>ἑστώτων,</span> <span class='ocrx_word' id='word_1_103' title='bbox 1836 1574 1889 1628; x_wconf 90' lang='grc' dir='ltr'><strong>τί</strong></span> 
     </span>
    </p>
   </div>
   <div class='ocr_carea' id='block_1_17' title="bbox 266 1660 1890 1734">
    <p class='ocr_par' dir='ltr' id='par_1_17' title="bbox 266 1660 1890 1734">
     <span class='ocr_line' id='line_1_17' title="bbox 266 1660 1890 1734; baseline 0 -16"><span class='ocrx_word' id='word_1_104' title='bbox 266 1670 410 1734; x_wconf 77' lang='grc' dir='ltr'>ποιεῖ,</span> <span class='ocrx_word' id='word_1_105' title='bbox 465 1665 552 1719; x_wconf 79' lang='grc' dir='ltr'>καί</span> <span class='ocrx_word' id='word_1_106' title='bbox 611 1665 731 1721; x_wconf 83' lang='grc' dir='ltr'>τίνα</span> <span class='ocrx_word' id='word_1_107' title='bbox 784 1664 939 1721; x_wconf 81' lang='grc' dir='ltr'>λύσιν</span> <span class='ocrx_word' id='word_1_108' title='bbox 998 1663 1204 1720; x_wconf 84' lang='grc' dir='ltr'>ἐπινοεῖ</span> <span class='ocrx_word' id='word_1_109' title='bbox 1257 1668 1355 1720; x_wconf 89' lang='grc' dir='ltr'><strong>τοῦ</strong></span> <span class='ocrx_word' id='word_1_110' title='bbox 1414 1660 1668 1732; x_wconf 74' lang='grc' dir='ltr'>δεινοῦςς</span> <span class='ocrx_word' id='word_1_111' title='bbox 1711 1662 1890 1733; x_wconf 70' lang='grc' dir='ltr'>Πίσης</span> 
     </span>
    </p>
   </div>
   <div class='ocr_carea' id='block_1_18' title="bbox 264 1751 1888 1829">
    <p class='ocr_par' dir='ltr' id='par_1_18' title="bbox 264 1751 1888 1829">
     <span class='ocr_line' id='line_1_18' title="bbox 264 1751 1888 1829; baseline -0.002 -19"><span class='ocrx_word' id='word_1_112' title='bbox 264 1755 558 1823; x_wconf 72' lang='grc' dir='ltr'>ἡστινοσοῦν</span> <span class='ocrx_word' id='word_1_113' title='bbox 639 1753 986 1829; x_wconf 76' lang='grc' dir='ltr'>ἀνθρωπίνης</span> <span class='ocrx_word' id='word_1_114' title='bbox 1068 1753 1402 1828; x_wconf 85' lang='grc' dir='ltr'>ἀπεγνωκὼς</span> <span class='ocrx_word' id='word_1_115' title='bbox 1486 1751 1727 1816; x_wconf 74' lang='grc' dir='ltr'>ἐπινοίας</span> <span class='ocrx_word' id='word_1_116' title='bbox 1798 1752 1888 1807; x_wconf 84' lang='grc' dir='ltr'><strong>καὶ</strong></span> 
     </span>
    </p>
   </div>
   <div class='ocr_carea' id='block_1_19' title="bbox 266 1840 1889 1917">
    <p class='ocr_par' dir='ltr' id='par_1_19' title="bbox 266 1840 1889 1917">
     <span class='ocr_line' id='line_1_19' title="bbox 266 1840 1889 1917; baseline -0.001 -21"><span class='ocrx_word' id='word_1_117' title='bbox 266 1840 436 1913; x_wconf 84' lang='grc' dir='ltr'>μηδενῖ</span> <span class='ocrx_word' id='word_1_118' title='bbox 478 1842 690 1899; x_wconf 71' lang='grc' dir='ltr'>τούτων</span> <span class='ocrx_word' id='word_1_119' title='bbox 740 1842 829 1898; x_wconf 83' lang='grc' dir='ltr'><strong>καὶ</strong></span> <span class='ocrx_word' id='word_1_120' title='bbox 876 1841 1003 1905; x_wconf 75' lang='grc' dir='ltr'>τοὺς</span> <span class='ocrx_word' id='word_1_121' title='bbox 1052 1840 1260 1904; x_wconf 76' lang='grc' dir='ltr'>ἄλλους</span> <span class='ocrx_word' id='word_1_122' title='bbox 1327 1841 1514 1904; x_wconf 82' lang='grc' dir='ltr'>πείσας</span> <span class='ocrx_word' id='word_1_123' title='bbox 1577 1840 1889 1917; x_wconf 71' lang='grc' dir='ltr'>προσέχειν,</span> 
     </span>
    </p>
   </div>
   <div class='ocr_carea' id='block_1_20' title="bbox 1995 689 3636 760">
    <p class='ocr_par' dir='ltr' id='par_1_20' title="bbox 1995 689 3636 760">
     <span class='ocr_line' id='line_1_20' title="bbox 1995 689 3636 760; baseline -0.001 -16"><span class='ocrx_word' id='word_1_124' title='bbox 1995 689 2384 760; x_wconf 86' lang='lat' dir='ltr'><strong>appenderat;</strong></span> <span class='ocrx_word' id='word_1_125' title='bbox 2444 706 2642 745; x_wconf 87' lang='lat' dir='ltr'><strong>verum</strong></span> <span class='ocrx_word' id='word_1_126' title='bbox 2710 689 2808 745; x_wconf 87' lang='lat' dir='ltr'><strong>ulli</strong></span> <span class='ocrx_word' id='word_1_127' title='bbox 2859 690 3093 747; x_wconf 87' lang='lat' dir='ltr'><strong>omnino</strong></span> <span class='ocrx_word' id='word_1_128' title='bbox 3153 689 3379 746; x_wconf 84' lang='lat' dir='ltr'><strong>homini</strong></span> <span class='ocrx_word' id='word_1_129' title='bbox 3422 693 3636 747; x_wconf 87' lang='lat' dir='ltr'><strong>mentis</strong></span> 
     </span>
    </p>
   </div>
   <div class='ocr_carea' id='block_1_21' title="bbox 1995 778 3638 852">
    <p class='ocr_par' dir='ltr' id='par_1_21' title="bbox 1995 778 3638 852">
     <span class='ocr_line' id='line_1_21' title="bbox 1995 778 3638 852; baseline 0.001 -19"><span class='ocrx_word' id='word_1_130' title='bbox 1995 778 2245 849; x_wconf 90' lang='lat' dir='ltr'><strong>compoti</strong></span> <span class='ocrx_word' id='word_1_131' title='bbox 2277 793 2345 833; x_wconf 90' lang='lat' dir='ltr'><strong>ac</strong></span> <span class='ocrx_word' id='word_1_132' title='bbox 2377 778 2850 846; x_wconf 73' lang='lat' dir='ltr'><strong>ratiocinationis,</strong></span> <span class='ocrx_word' id='word_1_133' title='bbox 2882 784 2940 834; x_wconf 91' lang='lat' dir='ltr'><strong>et</strong></span> <span class='ocrx_word' id='word_1_134' title='bbox 2968 795 3142 852; x_wconf 87' lang='lat' dir='ltr'><strong>quem</strong></span> <span class='ocrx_word' id='word_1_135' title='bbox 3201 779 3345 835; x_wconf 89' lang='lat' dir='ltr'><strong>illud</strong></span> <span class='ocrx_word' id='word_1_136' title='bbox 3398 778 3638 835; x_wconf 90' lang='lat' dir='ltr'><strong>minime</strong></span> 
     </span>
    </p>
   </div>
   <div class='ocr_carea' id='block_1_22' title="bbox 1995 868 3636 940">
    <p class='ocr_par' dir='ltr' id='par_1_22' title="bbox 1995 868 3636 940">
     <span class='ocr_line' id='line_1_22' title="bbox 1995 868 3636 940; baseline 0.001 -17"><span class='ocrx_word' id='word_1_137' title='bbox 1995 868 2199 940; x_wconf 81' lang='lat' dir='ltr'><strong>fugiat,</strong></span> <span class='ocrx_word' id='word_1_138' title='bbox 2229 869 2380 940; x_wconf 89' lang='lat' dir='ltr'><strong>quod</strong></span> <span class='ocrx_word' id='word_1_139' title='bbox 2417 868 2647 925; x_wconf 76' lang='lat' dir='ltr'><strong>tametsi</strong></span> <span class='ocrx_word' id='word_1_140' title='bbox 2679 868 3013 926; x_wconf 89' lang='lat' dir='ltr'><strong>universum</strong></span> <span class='ocrx_word' id='word_1_141' title='bbox 3047 879 3334 926; x_wconf 87' lang='lat' dir='ltr'><strong>terrarum</strong></span> <span class='ocrx_word' id='word_1_142' title='bbox 3355 869 3555 926; x_wconf 87' lang='lat' dir='ltr'><strong>orbem</strong></span> <span class='ocrx_word' id='word_1_143' title='bbox 3575 869 3636 925; x_wconf 88' lang='lat' dir='ltr'><strong>in</strong></span> 
     </span>
    </p>
   </div>
   <div class='ocr_carea' id='block_1_23' title="bbox 1996 957 3635 1031">
    <p class='ocr_par' dir='ltr' id='par_1_23' title="bbox 1996 957 3635 1031">
     <span class='ocr_line' id='line_1_23' title="bbox 1996 957 3635 1031; baseline 0.001 -18"><span class='ocrx_word' id='word_1_144' title='bbox 1996 957 2213 1013; x_wconf 89' lang='lat' dir='ltr'><strong>ditione</strong></span> <span class='ocrx_word' id='word_1_145' title='bbox 2231 973 2340 1014; x_wconf 90' lang='lat' dir='ltr'><strong>sua</strong></span> <span class='ocrx_word' id='word_1_146' title='bbox 2369 974 2434 1013; x_wconf 85' lang='lat' dir='ltr'><strong>ac</strong></span> <span class='ocrx_word' id='word_1_147' title='bbox 2458 961 2743 1030; x_wconf 83' lang='lat' dir='ltr'><strong>potestate</strong></span> <span class='ocrx_word' id='word_1_148' title='bbox 2757 962 2965 1029; x_wconf 89' lang='lat' dir='ltr'><strong>teneat,</strong></span> <span class='ocrx_word' id='word_1_149' title='bbox 2984 959 3222 1031; x_wconf 78' lang='lat' dir='ltr'><strong>aurique</strong></span> <span class='ocrx_word' id='word_1_150' title='bbox 3239 958 3354 1014; x_wconf 85' lang='lat' dir='ltr'><strong>vim</strong></span> <span class='ocrx_word' id='word_1_151' title='bbox 3376 974 3635 1026; x_wconf 89' lang='lat' dir='ltr'><strong>omnem,</strong></span> 
     </span>
    </p>
   </div>
   <div class='ocr_carea' id='block_1_24' title="bbox 1996 1045 3639 1119">
    <p class='ocr_par' dir='ltr' id='par_1_24' title="bbox 1996 1045 3639 1119">
     <span class='ocr_line' id='line_1_24' title="bbox 1996 1045 3639 1119; baseline 0.001 -18"><span class='ocrx_word' id='word_1_152' title='bbox 1996 1062 2123 1117; x_wconf 74' lang='lat' dir='ltr'><strong>quze</strong></span> <span class='ocrx_word' id='word_1_153' title='bbox 2151 1045 2257 1102; x_wconf 87' lang='lat' dir='ltr'><strong>sub</strong></span> <span class='ocrx_word' id='word_1_154' title='bbox 2279 1050 2453 1115; x_wconf 88' lang='lat' dir='ltr'><strong>terra,</strong></span> <span class='ocrx_word' id='word_1_155' title='bbox 2483 1051 2581 1102; x_wconf 88' lang='lat' dir='ltr'><strong>aut</strong></span> <span class='ocrx_word' id='word_1_156' title='bbox 2609 1061 2784 1118; x_wconf 81' lang='lat' dir='ltr'><strong>super</strong></span> <span class='ocrx_word' id='word_1_157' title='bbox 2830 1051 3041 1102; x_wconf 85' lang='lat' dir='ltr'><strong>terram</strong></span> <span class='ocrx_word' id='word_1_158' title='bbox 3093 1050 3201 1116; x_wconf 85' lang='lat' dir='ltr'><strong>est,</strong></span> <span class='ocrx_word' id='word_1_159' title='bbox 3234 1063 3389 1104; x_wconf 88' lang='lat' dir='ltr'><strong>unus</strong></span> <span class='ocrx_word' id='word_1_160' title='bbox 3454 1046 3639 1119; x_wconf 88' lang='lat' dir='ltr'><strong>possi-</strong></span> 
     </span>
    </p>
   </div>
   <div class='ocr_carea' id='block_1_25' title="bbox 1996 1134 3637 1208">
    <p class='ocr_par' dir='ltr' id='par_1_25' title="bbox 1996 1134 3637 1208">
     <span class='ocr_line' id='line_1_25' title="bbox 1996 1134 3637 1208; baseline 0.001 -17"><span class='ocrx_word' id='word_1_161' title='bbox 1996 1134 2158 1202; x_wconf 89' lang='lat' dir='ltr'><strong>deat;</strong></span> <span class='ocrx_word' id='word_1_162' title='bbox 2204 1136 2435 1191; x_wconf 77' lang='lat' dir='ltr'><strong>tametsi</strong></span> <span class='ocrx_word' id='word_1_163' title='bbox 2471 1139 2757 1208; x_wconf 84' lang='lat' dir='ltr'><strong>quotquot</strong></span> <span class='ocrx_word' id='word_1_164' title='bbox 2796 1152 3046 1208; x_wconf 88' lang='lat' dir='ltr'><strong>usquam</strong></span> <span class='ocrx_word' id='word_1_165' title='bbox 3094 1140 3234 1192; x_wconf 86' lang='lat' dir='ltr'><strong>sunt</strong></span> <span class='ocrx_word' id='word_1_166' title='bbox 3281 1136 3637 1205; x_wconf 72' lang='lat' dir='ltr'><strong>mortalium,</strong></span> 
     </span>
    </p>
   </div>
   <div class='ocr_carea' id='block_1_26' title="bbox 1997 1223 3636 1295">
    <p class='ocr_par' dir='ltr' id='par_1_26' title="bbox 1997 1223 3636 1295">
     <span class='ocr_line' id='line_1_26' title="bbox 1997 1223 3636 1295; baseline -0.001 -14"><span class='ocrx_word' id='word_1_167' title='bbox 1997 1223 2194 1281; x_wconf 87' lang='lat' dir='ltr'><strong>autin</strong></span> <span class='ocrx_word' id='word_1_168' title='bbox 2243 1228 2539 1295; x_wconf 88' lang='lat' dir='ltr'><strong>posterum</strong></span> <span class='ocrx_word' id='word_1_169' title='bbox 2589 1224 2769 1280; x_wconf 84' lang='lat' dir='ltr'><strong>futuri</strong></span> <span class='ocrx_word' id='word_1_170' title='bbox 2819 1231 2978 1289; x_wconf 81' lang='lat' dir='ltr'><strong>sunt,</strong></span> <span class='ocrx_word' id='word_1_171' title='bbox 3030 1229 3131 1281; x_wconf 89' lang='lat' dir='ltr'><strong>aut</strong></span> <span class='ocrx_word' id='word_1_172' title='bbox 3185 1225 3325 1281; x_wconf 89' lang='lat' dir='ltr'><strong>olim</strong></span> <span class='ocrx_word' id='word_1_173' title='bbox 3383 1225 3636 1293; x_wconf 83' lang='lat' dir='ltr'><strong>fuerunt,</strong></span> 
     </span>
    </p>
   </div>
   <div class='ocr_carea' id='block_1_27' title="bbox 1997 1312 3641 1384">
    <p class='ocr_par' dir='ltr' id='par_1_27' title="bbox 1997 1312 3641 1384">
     <span class='ocr_line' id='line_1_27' title="bbox 1997 1312 3641 1384; baseline 0.001 -18"><span class='ocrx_word' id='word_1_174' title='bbox 1997 1312 2271 1368; x_wconf 81' lang='lat' dir='ltr'><strong>felicitate</strong></span> <span class='ocrx_word' id='word_1_175' title='bbox 2299 1313 2573 1384; x_wconf 81' lang='lat' dir='ltr'><strong>gaudeat,</strong></span> <span class='ocrx_word' id='word_1_176' title='bbox 2606 1313 2751 1368; x_wconf 85' lang='lat' dir='ltr'><strong>nihil</strong></span> <span class='ocrx_word' id='word_1_177' title='bbox 2785 1314 2839 1368; x_wconf 90' lang='lat' dir='ltr'><strong>id</strong></span> <span class='ocrx_word' id='word_1_178' title='bbox 2893 1313 3001 1368; x_wconf 82' lang='lat' dir='ltr'><strong>sibi</strong></span> <span class='ocrx_word' id='word_1_179' title='bbox 3050 1318 3267 1381; x_wconf 85' lang='lat' dir='ltr'><strong>tamen,</strong></span> <span class='ocrx_word' id='word_1_180' title='bbox 3328 1313 3400 1369; x_wconf 89' lang='lat' dir='ltr'><strong>de</strong></span> <span class='ocrx_word' id='word_1_181' title='bbox 3453 1314 3641 1369; x_wconf 86' lang='lat' dir='ltr'><strong>anima</strong></span> 
     </span>
    </p>
   </div>
   <div class='ocr_carea' id='block_1_28' title="bbox 1997 1400 3643 1473">
    <p class='ocr_par' dir='ltr' id='par_1_28' title="bbox 1997 1400 3643 1473">
     <span class='ocr_line' id='line_1_28' title="bbox 1997 1400 3643 1473; baseline 0 -16"><span class='ocrx_word' id='word_1_182' title='bbox 1997 1400 2369 1473; x_wconf 80' lang='lat' dir='ltr'><strong>periclitanti,</strong></span> <span class='ocrx_word' id='word_1_183' title='bbox 2400 1403 2786 1473; x_wconf 86' lang='lat' dir='ltr'><strong>profuturum.</strong></span> <span class='ocrx_word' id='word_1_184' title='bbox 2819 1401 2954 1458; x_wconf 84' lang='lat' dir='ltr'><strong>Haec</strong></span> <span class='ocrx_word' id='word_1_185' title='bbox 2982 1401 3079 1457; x_wconf 88' lang='lat' dir='ltr'><strong>ille</strong></span> <span class='ocrx_word' id='word_1_186' title='bbox 3130 1406 3253 1457; x_wconf 89' lang='lat' dir='ltr'><strong>tum</strong></span> <span class='ocrx_word' id='word_1_187' title='bbox 3302 1417 3502 1458; x_wconf 89' lang='lat' dir='ltr'><strong>secum</strong></span> <span class='ocrx_word' id='word_1_188' title='bbox 3547 1419 3643 1458; x_wconf 77' lang='lat' dir='ltr'><strong>rc-</strong></span> 
     </span>
    </p>
   </div>
   <div class='ocr_carea' id='block_1_29' title="bbox 1999 1489 3642 1563">
    <p class='ocr_par' dir='ltr' id='par_1_29' title="bbox 1999 1489 3642 1563">
     <span class='ocr_line' id='line_1_29' title="bbox 1999 1489 3642 1563; baseline 0.001 -19"><span class='ocrx_word' id='word_1_189' title='bbox 1999 1494 2235 1560; x_wconf 87' lang='lat' dir='ltr'><strong>putans.</strong></span> <span class='ocrx_word' id='word_1_190' title='bbox 2268 1494 2324 1545; x_wconf 89' lang='lat' dir='ltr'><strong>et</strong></span> <span class='ocrx_word' id='word_1_191' title='bbox 2357 1489 2690 1560; x_wconf 89' lang='lat' dir='ltr'><strong>bujusmodi</strong></span> <span class='ocrx_word' id='word_1_192' title='bbox 2721 1508 2955 1548; x_wconf 85' lang='lat' dir='ltr'><strong>sursum</strong></span> <span class='ocrx_word' id='word_1_193' title='bbox 3006 1492 3397 1563; x_wconf 83' lang='lat' dir='ltr'><strong>deorsumque</strong></span> <span class='ocrx_word' id='word_1_194' title='bbox 3445 1490 3642 1547; x_wconf 90' lang='lat' dir='ltr'><strong>animo</strong></span> 
     </span>
    </p>
   </div>
   <div class='ocr_carea' id='block_1_30' title="bbox 1998 1575 3643 1652">
    <p class='ocr_par' dir='ltr' id='par_1_30' title="bbox 1998 1575 3643 1652">
     <span class='ocr_line' id='line_1_30' title="bbox 1998 1575 3643 1652; baseline 0.002 -19"><span class='ocrx_word' id='word_1_195' title='bbox 1998 1575 2373 1649; x_wconf 77' lang='lat' dir='ltr'><strong>cogitationes</strong></span> <span class='ocrx_word' id='word_1_196' title='bbox 2419 1595 2679 1648; x_wconf 89' lang='lat' dir='ltr'><strong>versans,</strong></span> <span class='ocrx_word' id='word_1_197' title='bbox 2733 1580 3187 1652; x_wconf 71' lang='lat' dir='ltr'><strong>praesentissimo</strong></span> <span class='ocrx_word' id='word_1_198' title='bbox 3254 1579 3314 1636; x_wconf 89' lang='lat' dir='ltr'><strong>in</strong></span> <span class='ocrx_word' id='word_1_199' title='bbox 3362 1580 3643 1652; x_wconf 89' lang='lat' dir='ltr'><strong>periculo,</strong></span> 
     </span>
    </p>
   </div>
   <div class='ocr_carea' id='block_1_31' title="bbox 1998 1666 3643 1741">
    <p class='ocr_par' dir='ltr' id='par_1_31' title="bbox 1998 1666 3643 1741">
     <span class='ocr_line' id='line_1_31' title="bbox 1998 1666 3643 1741; baseline 0.002 -19"><span class='ocrx_word' id='word_1_200' title='bbox 1998 1666 2143 1722; x_wconf 84' lang='lat' dir='ltr'><strong>nihil</strong></span> <span class='ocrx_word' id='word_1_201' title='bbox 2176 1667 2506 1725; x_wconf 85' lang='lat' dir='ltr'><strong>remittente</strong></span> <span class='ocrx_word' id='word_1_202' title='bbox 2536 1669 2811 1741; x_wconf 80' lang='lat' dir='ltr'><strong>procella,</strong></span> <span class='ocrx_word' id='word_1_203' title='bbox 2847 1670 2964 1725; x_wconf 92' lang='lat' dir='ltr'><strong>imo</strong></span> <span class='ocrx_word' id='word_1_204' title='bbox 2995 1671 3069 1726; x_wconf 88' lang='lat' dir='ltr'><strong>ad</strong></span> <span class='ocrx_word' id='word_1_205' title='bbox 3117 1685 3414 1726; x_wconf 91' lang='lat' dir='ltr'><strong>summum</strong></span> <span class='ocrx_word' id='word_1_206' title='bbox 3446 1685 3643 1726; x_wconf 81' lang='lat' dir='ltr'><strong>exces-</strong></span> 
     </span>
    </p>
   </div>
   <div class='ocr_carea' id='block_1_32' title="bbox 1999 1754 3642 1831">
    <p class='ocr_par' dir='ltr' id='par_1_32' title="bbox 1999 1754 3642 1831">
     <span class='ocr_line' id='line_1_32' title="bbox 1999 1754 3642 1831; baseline 0.001 -19"><span class='ocrx_word' id='word_1_207' title='bbox 1999 1772 2132 1812; x_wconf 87' lang='lat' dir='ltr'><strong>sum</strong></span> <span class='ocrx_word' id='word_1_208' title='bbox 2162 1754 2604 1826; x_wconf 87' lang='lat' dir='ltr'><strong>intumescente,</strong></span> <span class='ocrx_word' id='word_1_209' title='bbox 2658 1758 2824 1814; x_wconf 88' lang='lat' dir='ltr'><strong>nulla</strong></span> <span class='ocrx_word' id='word_1_210' title='bbox 2875 1774 3129 1831; x_wconf 89' lang='lat' dir='ltr'><strong>usquam</strong></span> <span class='ocrx_word' id='word_1_211' title='bbox 3177 1758 3446 1814; x_wconf 85' lang='lat' dir='ltr'><strong>elabendi</strong></span> <span class='ocrx_word' id='word_1_212' title='bbox 3476 1759 3642 1825; x_wconf 87' lang='lat' dir='ltr'><strong>rima,</strong></span> 
     </span>
    </p>
   </div>
   <div class='ocr_carea' id='block_1_33' title="bbox 2000 1843 3645 1919">
    <p class='ocr_par' dir='ltr' id='par_1_33' title="bbox 2000 1843 3645 1919">
     <span class='ocr_line' id='line_1_33' title="bbox 2000 1843 3645 1919; baseline 0.002 -18"><span class='ocrx_word' id='word_1_213' title='bbox 2000 1843 2164 1901; x_wconf 89' lang='lat' dir='ltr'><strong>nulla</strong></span> <span class='ocrx_word' id='word_1_214' title='bbox 2193 1845 2372 1901; x_wconf 79' lang='lat' dir='ltr'><strong>ferme</strong></span> <span class='ocrx_word' id='word_1_215' title='bbox 2394 1846 2626 1903; x_wconf 87' lang='lat' dir='ltr'><strong>residua</strong></span> <span class='ocrx_word' id='word_1_216' title='bbox 2646 1848 2904 1919; x_wconf 88' lang='lat' dir='ltr'><strong>specula,</strong></span> <span class='ocrx_word' id='word_1_217' title='bbox 2928 1848 3219 1919; x_wconf 85' lang='lat' dir='ltr'><strong>rebusque</strong></span> <span class='ocrx_word' id='word_1_218' title='bbox 3250 1848 3307 1903; x_wconf 93' lang='lat' dir='ltr'><strong>in</strong></span> <span class='ocrx_word' id='word_1_219' title='bbox 3328 1847 3449 1903; x_wconf 88' lang='lat' dir='ltr'><strong>acie</strong></span> <span class='ocrx_word' id='word_1_220' title='bbox 3472 1864 3645 1904; x_wconf 89' lang='lat' dir='ltr'><strong>nova-</strong></span> 
     </span>
    </p>
   </div>
   <div class='ocr_carea' id='block_1_34' title="bbox 262 1929 1893 2037">
    <p class='ocr_par' dir='ltr' id='par_1_34' title="bbox 262 1929 1891 2037">
     <span class='ocr_line' id='line_1_34' title="bbox 262 1929 1891 2009; baseline -0.001 -23"><span class='ocrx_word' id='word_1_221' title='bbox 262 1929 339 1986; x_wconf 79' lang='grc' dir='ltr'><strong>έπί</strong></span> <span class='ocrx_word' id='word_1_222' title='bbox 380 1932 468 1987; x_wconf 85' lang='grc' dir='ltr'>τὸν</span> <span class='ocrx_word' id='word_1_223' title='bbox 550 1932 607 1986; x_wconf 76' lang='grc' dir='ltr'>ἐν</span> <span class='ocrx_word' id='word_1_224' title='bbox 666 1929 897 2009; x_wconf 79' lang='grc' dir='ltr'>ἀπόροις</span> <span class='ocrx_word' id='word_1_225' title='bbox 953 1930 1192 2007; x_wconf 87' lang='grc' dir='ltr'>πόριμον</span> <span class='ocrx_word' id='word_1_226' title='bbox 1258 1930 1349 1985; x_wconf 83' lang='grc' dir='ltr'><strong>καὶ</strong></span> <span class='ocrx_word' id='word_1_227' title='bbox 1405 1932 1577 1986; x_wconf 77' lang='grc' dir='ltr'>πάντα</span> <span class='ocrx_word' id='word_1_228' title='bbox 1629 1934 1891 1986; x_wconf 86' lang='grc' dir='ltr'>ποιοῦντα</span> 
     </span>
     <span class='ocr_line' id='line_1_35' title="bbox 322 2014 1775 2037; baseline 0.001 -2"><span class='ocrx_word' id='word_1_229' title='bbox 322 2022 334 2035; x_wconf 69' lang='grc' dir='ltr'><strong>ν</strong></span> <span class='ocrx_word' id='word_1_230' title='bbox 666 2023 718 2037; x_wconf 68' lang='grc' dir='ltr'><strong>οι.</strong></span> <span class='ocrx_word' id='word_1_231' title='bbox 966 2021 978 2037; x_wconf 73' lang='grc'><strong><em>1</em></strong></span> <span class='ocrx_word' id='word_1_232' title='bbox 1159 2024 1187 2035; x_wconf 65' lang='grc' dir='ltr'><strong>«ο</strong></span> <span class='ocrx_word' id='word_1_233' title='bbox 1262 2021 1288 2037; x_wconf 72' lang='grc' dir='ltr'>Α</span> <span class='ocrx_word' id='word_1_234' title='bbox 1344 2018 1387 2037; x_wconf 67' lang='lat'><strong>1‘</strong></span> <span class='ocrx_word' id='word_1_235' title='bbox 1467 2021 1492 2037; x_wconf 83' lang='grc' dir='ltr'><strong>Λ</strong></span> <span class='ocrx_word' id='word_1_236' title='bbox 1603 2014 1627 2037; x_wconf 58' lang='grc' dir='ltr'>δ</span> <span class='ocrx_word' id='word_1_237' title='bbox 1658 2025 1683 2036; x_wconf 62' lang='grc' dir='ltr'>υ</span> <span class='ocrx_word' id='word_1_238' title='bbox 1751 2018 1775 2037; x_wconf 72' lang='grc' dir='ltr'><strong><em>ὀ</em></strong></span> 
     </span>
    </p>
   </div>
   <div class='ocr_carea' id='block_1_35' title="bbox 2002 1929 3647 2037">
    <p class='ocr_par' dir='ltr' id='par_1_35' title="bbox 2002 1933 3647 2037">
     <span class='ocr_line' id='line_1_36' title="bbox 2002 1933 3647 2037; baseline 0.001 -47"><span class='ocrx_word' id='word_1_239' title='bbox 2002 1933 2143 1990; x_wconf 77' lang='lat' dir='ltr'><strong>culte</strong></span> <span class='ocrx_word' id='word_1_240' title='bbox 2167 1933 2699 2037; x_wconf 46' lang='lat' dir='ltr'><strong>jam‘hterentibu‘s,</strong></span> <span class='ocrx_word' id='word_1_241' title='bbox 2733 1936 2869 2008; x_wconf 90' lang='lat' dir='ltr'><strong>quid</strong></span> <span class='ocrx_word' id='word_1_242' title='bbox 2896 1935 3127 2007; x_wconf 88' lang='lat' dir='ltr'><strong>occipit,</strong></span> <span class='ocrx_word' id='word_1_243' title='bbox 3151 1952 3367 2009; x_wconf 66' lang='lat' dir='ltr'><strong>quaeso,</strong></span> <span class='ocrx_word' id='word_1_244' title='bbox 3398 1952 3647 2037; x_wconf 47' lang='lat' dir='ltr'><strong>q‘uamve</strong></span> 
     </span>
    </p>
   </div>
   <div class='ocr_carea' id='block_1_36' title="bbox 260 2014 1892 2097">
    <p class='ocr_par' dir='ltr' id='par_1_36' title="bbox 260 2014 1892 2097">
     <span class='ocr_line' id='line_1_37' title="bbox 260 2014 1892 2097; baseline -0.001 -22"><span class='ocrx_word' id='word_1_245' title='bbox 260 2022 337 2075; x_wconf 82' lang='grc' dir='ltr'><strong>καὶ</strong></span> <span class='ocrx_word' id='word_1_246' title='bbox 382 2023 848 2093; x_wconf 74' lang='grc' dir='ltr'>μετασκευάζοντα</span> <span class='ocrx_word' id='word_1_247' title='bbox 910 2021 1063 2094; x_wconf 85' lang='grc' dir='ltr'>μόνῳ</span> <span class='ocrx_word' id='word_1_248' title='bbox 1119 2024 1199 2093; x_wconf 78' lang='grc' dir='ltr'><strong>τῷ</strong></span> <span class='ocrx_word' id='word_1_249' title='bbox 1261 2018 1553 2097; x_wconf 75' lang='grc' dir='ltr'>βούλεσθαι</span> <span class='ocrx_word' id='word_1_250' title='bbox 1600 2014 1709 2075; x_wconf 89' lang='grc' dir='ltr'>δεῖν</span> <span class='ocrx_word' id='word_1_251' title='bbox 1750 2018 1892 2097; x_wconf 78' lang='grc' dir='ltr'>ἔγνω</span> 
     </span>
    </p>
   </div>
   <div class='ocr_carea' id='block_1_37' title="bbox 261 2108 1897 2188">
    <p class='ocr_par' dir='ltr' id='par_1_37' title="bbox 261 2108 1897 2188">
     <span class='ocr_line' id='line_1_38' title="bbox 261 2108 1897 2188; baseline 0.001 -25"><span class='ocrx_word' id='word_1_252' title='bbox 261 2110 618 2188; x_wconf 36' lang='grc' dir='ltr'>καταφεύγειν.</span> <span class='ocrx_word' id='word_1_253' title='bbox 660 2111 813 2180; x_wconf 87' lang='grc' dir='ltr'>Θεὸν,</span> <span class='ocrx_word' id='word_1_254' title='bbox 871 2110 961 2164; x_wconf 77' lang='grc' dir='ltr'><strong>καὶ</strong></span> <span class='ocrx_word' id='word_1_255' title='bbox 1019 2108 1197 2183; x_wconf 79' lang='grc' dir='ltr'>τούτῳ</span> <span class='ocrx_word' id='word_1_256' title='bbox 1251 2110 1521 2164; x_wconf 82' lang='grc' dir='ltr'>πιστεύειν</span> <span class='ocrx_word' id='word_1_257' title='bbox 1596 2110 1658 2165; x_wconf 84' lang='grc' dir='ltr'><strong>τὸ</strong></span> <span class='ocrx_word' id='word_1_258' title='bbox 1735 2110 1897 2179; x_wconf 82' lang='grc' dir='ltr'>σώζε-</span> 
     </span>
    </p>
   </div>
   <div class='ocr_carea' id='block_1_38' title="bbox 265 2197 1892 2277">
    <p class='ocr_par' dir='ltr' id='par_1_38' title="bbox 265 2197 1892 2277">
     <span class='ocr_line' id='line_1_39' title="bbox 265 2197 1892 2277; baseline 0.001 -24"><span class='ocrx_word' id='word_1_259' title='bbox 265 2201 371 2253; x_wconf 89' lang='grc' dir='ltr'>σθαι</span> <span class='ocrx_word' id='word_1_260' title='bbox 402 2197 489 2255; x_wconf 75' lang='grc' dir='ltr'>ἐὖ</span> <span class='ocrx_word' id='word_1_261' title='bbox 519 2198 685 2263; x_wconf 81' lang='grc' dir='ltr'>εἰδὼς</span> <span class='ocrx_word' id='word_1_262' title='bbox 720 2202 793 2262; x_wconf 83' lang='grc' dir='ltr'><strong>ὡς</strong></span> <span class='ocrx_word' id='word_1_263' title='bbox 824 2198 869 2255; x_wconf 85' lang='grc' dir='ltr'>εἶ</span> <span class='ocrx_word' id='word_1_264' title='bbox 917 2198 1006 2255; x_wconf 84' lang='grc' dir='ltr'><strong>καὶ</strong></span> <span class='ocrx_word' id='word_1_265' title='bbox 1052 2205 1356 2277; x_wconf 73' lang='grc' dir='ltr'>συμφοραῖς</span> <span class='ocrx_word' id='word_1_266' title='bbox 1402 2220 1542 2253; x_wconf 89' lang='grc' dir='ltr'>τισιν</span> <span class='ocrx_word' id='word_1_267' title='bbox 1589 2201 1739 2272; x_wconf 79' lang='grc' dir='ltr'>ἡμᾶς</span> <span class='ocrx_word' id='word_1_268' title='bbox 1794 2220 1892 2254; x_wconf 84' lang='grc' dir='ltr'>πε-</span> 
     </span>
    </p>
   </div>
   <div class='ocr_carea' id='block_1_39' title="bbox 262 2289 1892 2367">
    <p class='ocr_par' dir='ltr' id='par_1_39' title="bbox 262 2289 1892 2367">
     <span class='ocr_line' id='line_1_40' title="bbox 262 2289 1892 2367; baseline 0.002 -25"><span class='ocrx_word' id='word_1_269' title='bbox 262 2294 478 2362; x_wconf 83' lang='grc' dir='ltr'>ριπεσεῖν</span> <span class='ocrx_word' id='word_1_270' title='bbox 523 2311 661 2345; x_wconf 87' lang='grc' dir='ltr'>ποτε</span> <span class='ocrx_word' id='word_1_271' title='bbox 728 2290 1063 2365; x_wconf 71' lang='grc' dir='ltr'>ξυγχωροίη,</span> <span class='ocrx_word' id='word_1_272' title='bbox 1103 2290 1211 2345; x_wconf 70' lang='grc' dir='ltr'>εἴτε</span> <span class='ocrx_word' id='word_1_273' title='bbox 1276 2294 1548 2367; x_wconf 86' lang='grc' dir='ltr'>παροῦσαν</span> <span class='ocrx_word' id='word_1_274' title='bbox 1637 2289 1892 2345; x_wconf 85' lang='grc' dir='ltr'>ἀναστέλ-</span> 
     </span>
    </p>
   </div>
   <div class='ocr_carea' id='block_1_40' title="bbox 262 2377 1892 2455">
    <p class='ocr_par' dir='ltr' id='par_1_40' title="bbox 262 2377 1892 2455">
     <span class='ocr_line' id='line_1_41' title="bbox 262 2377 1892 2455; baseline 0.001 -23"><span class='ocrx_word' id='word_1_275' title='bbox 262 2377 360 2432; x_wconf 85' lang='grc' dir='ltr'><strong>λων</strong></span> <span class='ocrx_word' id='word_1_276' title='bbox 400 2378 616 2446; x_wconf 86' lang='grc' dir='ltr'>κακίαν,</span> <span class='ocrx_word' id='word_1_277' title='bbox 662 2378 759 2435; x_wconf 72' lang='grc' dir='ltr'>εἴτ’</span> <span class='ocrx_word' id='word_1_278' title='bbox 816 2377 1074 2451; x_wconf 76' lang='grc' dir='ltr'>ἐσομένην</span> <span class='ocrx_word' id='word_1_279' title='bbox 1132 2377 1556 2455; x_wconf 76' lang='grc' dir='ltr'>προαναιρῶν,ἢ</span> <span class='ocrx_word' id='word_1_280' title='bbox 1614 2379 1892 2453; x_wconf 83' lang='grc' dir='ltr'>τιμωρού-</span> 
     </span>
    </p>
   </div>
   <div class='ocr_carea' id='block_1_41' title="bbox 263 2469 1893 2545">
    <p class='ocr_par' dir='ltr' id='par_1_41' title="bbox 263 2469 1893 2545">
     <span class='ocr_line' id='line_1_42' title="bbox 263 2469 1893 2545; baseline 0.001 -25"><span class='ocrx_word' id='word_1_281' title='bbox 263 2487 407 2539; x_wconf 84' lang='grc' dir='ltr'>μενος</span> <span class='ocrx_word' id='word_1_282' title='bbox 482 2474 800 2545; x_wconf 80' lang='grc' dir='ltr'>γεγονυῖαν,</span> <span class='ocrx_word' id='word_1_283' title='bbox 856 2470 919 2522; x_wconf 86' lang='grc' dir='ltr'>τὸ</span> <span class='ocrx_word' id='word_1_284' title='bbox 1003 2470 1106 2545; x_wconf 73' lang='grc' dir='ltr'><strong>γὰρ</strong></span> <span class='ocrx_word' id='word_1_285' title='bbox 1191 2476 1291 2537; x_wconf 78' lang='grc' dir='ltr'><strong>τῆς</strong></span> <span class='ocrx_word' id='word_1_286' title='bbox 1364 2469 1553 2541; x_wconf 87' lang='grc' dir='ltr'>πείρας</span> <span class='ocrx_word' id='word_1_287' title='bbox 1626 2469 1893 2540; x_wconf 81' lang='grc' dir='ltr'>παρίημι,</span> 
     </span>
    </p>
   </div>
   <div class='ocr_carea' id='block_1_42' title="bbox 260 2552 1890 2635">
    <p class='ocr_par' dir='ltr' id='par_1_42' title="bbox 260 2552 1890 2635">
     <span class='ocr_line' id='line_1_43' title="bbox 260 2552 1890 2635; baseline 0.001 -25"><span class='ocrx_word' id='word_1_288' title='bbox 260 2552 384 2611; x_wconf 74' lang='grc' dir='ltr'>ἔστιν</span> <span class='ocrx_word' id='word_1_289' title='bbox 415 2557 502 2612; x_wconf 73' lang='grc' dir='ltr'><strong>ὅτε</strong></span> <span class='ocrx_word' id='word_1_290' title='bbox 532 2559 628 2612; x_wconf 83' lang='grc' dir='ltr'><strong>καὶ</strong></span> <span class='ocrx_word' id='word_1_291' title='bbox 660 2556 742 2635; x_wconf 66' lang='grc' dir='ltr'><strong>ἐφ’</strong></span> <span class='ocrx_word' id='word_1_292' title='bbox 789 2559 865 2612; x_wconf 82' lang='grc' dir='ltr'>ὢν</span> <span class='ocrx_word' id='word_1_293' title='bbox 902 2558 1215 2634; x_wconf 80' lang='grc' dir='ltr'>γινομένης,</span> <span class='ocrx_word' id='word_1_294' title='bbox 1247 2556 1372 2611; x_wconf 81' lang='grc' dir='ltr'>ἀλλ’</span> <span class='ocrx_word' id='word_1_295' title='bbox 1422 2559 1551 2632; x_wconf 72' lang='grc' dir='ltr'>ὑπὲρ</span> <span class='ocrx_word' id='word_1_296' title='bbox 1602 2562 1697 2612; x_wconf 83' lang='grc' dir='ltr'><strong>τοῦ</strong></span> <span class='ocrx_word' id='word_1_297' title='bbox 1761 2556 1890 2632; x_wconf 76' lang='grc' dir='ltr'>βελ-</span> 
     </span>
    </p>
   </div>
   <div class='ocr_carea' id='block_1_43' title="bbox 258 2643 1889 2722">
    <p class='ocr_par' dir='ltr' id='par_1_43' title="bbox 258 2643 1889 2722">
     <span class='ocr_line' id='line_1_44' title="bbox 258 2643 1889 2722; baseline 0.001 -23"><span class='ocrx_word' id='word_1_298' title='bbox 258 2646 392 2707; x_wconf 87' lang='grc' dir='ltr'>τίους</span> <span class='ocrx_word' id='word_1_299' title='bbox 447 2646 508 2701; x_wconf 79' lang='grc' dir='ltr'>ἂν</span> <span class='ocrx_word' id='word_1_300' title='bbox 552 2649 899 2722; x_wconf 82' lang='grc' dir='ltr'>γεγενῆσθαι,</span> <span class='ocrx_word' id='word_1_301' title='bbox 939 2648 1026 2701; x_wconf 83' lang='grc' dir='ltr'>καὶ</span> <span class='ocrx_word' id='word_1_302' title='bbox 1085 2643 1387 2719; x_wconf 85' lang='grc' dir='ltr'>κηδόμενος</span> <span class='ocrx_word' id='word_1_303' title='bbox 1440 2645 1653 2720; x_wconf 74' lang='grc' dir='ltr'>μᾶλλον</span> <span class='ocrx_word' id='word_1_304' title='bbox 1712 2647 1747 2717; x_wconf 69' lang='grc' dir='ltr'>ἢ</span> <span class='ocrx_word' id='word_1_305' title='bbox 1798 2667 1889 2701; x_wconf 86' lang='grc' dir='ltr'>κο-</span> 
     </span>
    </p>
   </div>
   <div class='ocr_carea' id='block_1_44' title="bbox 260 2734 1893 2812">
    <p class='ocr_par' dir='ltr' id='par_1_44' title="bbox 260 2734 1893 2812">
     <span class='ocr_line' id='line_1_45' title="bbox 260 2734 1893 2812; baseline 0.001 -23"><span class='ocrx_word' id='word_1_306' title='bbox 260 2734 403 2791; x_wconf 71' lang='grc' dir='ltr'>λάσαι</span> <span class='ocrx_word' id='word_1_307' title='bbox 471 2736 816 2811; x_wconf 74' lang='grc' dir='ltr'>βουλόμενος</span> <span class='ocrx_word' id='word_1_308' title='bbox 891 2742 1170 2812; x_wconf 84' lang='grc' dir='ltr'>συγχωρεῖ</span> <span class='ocrx_word' id='word_1_309' title='bbox 1253 2743 1351 2805; x_wconf 78' lang='grc' dir='ltr'><strong>τῆς</strong></span> <span class='ocrx_word' id='word_1_310' title='bbox 1420 2740 1546 2811; x_wconf 88' lang='grc' dir='ltr'>γοῦν</span> <span class='ocrx_word' id='word_1_311' title='bbox 1630 2738 1893 2806; x_wconf 65' lang='grc' dir='ltr'>συνήθους</span> 
     </span>
    </p>
   </div>
   <div class='ocr_carea' id='block_1_45' title="bbox 259 2824 1889 2905">
    <p class='ocr_par' dir='ltr' id='par_1_45' title="bbox 259 2824 1889 2905">
     <span class='ocr_line' id='line_1_46' title="bbox 259 2824 1889 2905; baseline 0.001 -26"><span class='ocrx_word' id='word_1_312' title='bbox 259 2825 401 2886; x_wconf 75' lang='grc' dir='ltr'>εὐθὺς</span> <span class='ocrx_word' id='word_1_313' title='bbox 447 2828 835 2902; x_wconf 78' lang='grc' dir='ltr'>χρηστότητος</span> <span class='ocrx_word' id='word_1_314' title='bbox 881 2824 1072 2905; x_wconf 81' lang='grc' dir='ltr'>ἔχεται</span> <span class='ocrx_word' id='word_1_315' title='bbox 1121 2826 1213 2880; x_wconf 80' lang='grc' dir='ltr'><strong>καὶ</strong></span> <span class='ocrx_word' id='word_1_316' title='bbox 1263 2826 1360 2880; x_wconf 87' lang='grc' dir='ltr'><strong>οὐκ</strong></span> <span class='ocrx_word' id='word_1_317' title='bbox 1410 2824 1656 2899; x_wconf 83' lang='grc' dir='ltr'>ἀνέχεται</span> <span class='ocrx_word' id='word_1_318' title='bbox 1717 2847 1889 2880; x_wconf 87' lang='grc' dir='ltr'>τοπα-</span> 
     </span>
    </p>
   </div>
   <div class='ocr_carea' id='block_1_46' title="bbox 257 2912 1890 2989">
    <p class='ocr_par' dir='ltr' id='par_1_46' title="bbox 257 2912 1890 2989">
     <span class='ocr_line' id='line_1_47' title="bbox 257 2912 1890 2989; baseline 0 -21"><span class='ocrx_word' id='word_1_319' title='bbox 257 2914 432 2987; x_wconf 73' lang='grc' dir='ltr'>ράπαν,</span> <span class='ocrx_word' id='word_1_320' title='bbox 489 2912 615 2971; x_wconf 71' lang='grc' dir='ltr'>οὔτ’</span> <span class='ocrx_word' id='word_1_321' title='bbox 674 2915 1028 2985; x_wconf 79' lang='grc' dir='ltr'>ἐπιλελῆσθαι</span> <span class='ocrx_word' id='word_1_322' title='bbox 1077 2919 1174 2972; x_wconf 87' lang='grc' dir='ltr'><strong>τοῦ</strong></span> <span class='ocrx_word' id='word_1_323' title='bbox 1222 2914 1576 2989; x_wconf 78' lang='grc' dir='ltr'>οἷκτειρῆσαι,</span> <span class='ocrx_word' id='word_1_324' title='bbox 1611 2912 1733 2969; x_wconf 74' lang='grc' dir='ltr'>οὕτε</span> <span class='ocrx_word' id='word_1_325' title='bbox 1761 2912 1890 2976; x_wconf 80' lang='grc' dir='ltr'>τοὺς</span> 
     </span>
    </p>
   </div>
   <div class='ocr_carea' id='block_1_47' title="bbox 258 3001 1888 3081">
    <p class='ocr_par' dir='ltr' id='par_1_47' title="bbox 258 3001 1888 3081">
     <span class='ocr_line' id='line_1_48' title="bbox 258 3001 1888 3081; baseline 0.001 -25"><span class='ocrx_word' id='word_1_326' title='bbox 258 3002 520 3079; x_wconf 79' lang='grc' dir='ltr'>ἰκτιρηοῦς</span> <span class='ocrx_word' id='word_1_327' title='bbox 596 3004 763 3060; x_wconf 88' lang='grc' dir='ltr'>αὐτοῦ</span> <span class='ocrx_word' id='word_1_328' title='bbox 816 3003 1060 3081; x_wconf 83' lang='grc' dir='ltr'>συνέχειν</span> <span class='ocrx_word' id='word_1_329' title='bbox 1118 3002 1170 3059; x_wconf 78' lang='grc' dir='ltr'>ἐν</span> <span class='ocrx_word' id='word_1_330' title='bbox 1228 3002 1368 3081; x_wconf 78' lang='grc' dir='ltr'>ὀργῇ</span> <span class='ocrx_word' id='word_1_331' title='bbox 1427 3022 1440 3035; x_wconf 82' lang='grc'><em>’</em></span> <span class='ocrx_word' id='word_1_332' title='bbox 1501 3001 1888 3081; x_wconf 69' lang='grc' dir='ltr'>φιλάνθρωπος</span> 
     </span>
    </p>
   </div>
   <div class='ocr_carea' id='block_1_48' title="bbox 251 3091 1538 3170">
    <p class='ocr_par' dir='ltr' id='par_1_48' title="bbox 251 3091 1538 3170">
     <span class='ocr_line' id='line_1_49' title="bbox 251 3091 1538 3170; baseline 0.002 -24"><span class='ocrx_word' id='word_1_333' title='bbox 251 3091 342 3165; x_wconf 74' lang='grc' dir='ltr'><strong>γάρ</strong></span> <span class='ocrx_word' id='word_1_334' title='bbox 373 3115 386 3129; x_wconf 72' lang='grc' dir='ltr'>ο</span> <span class='ocrx_word' id='word_1_335' title='bbox 418 3094 507 3149; x_wconf 76' lang='grc' dir='ltr'><strong>καὶ</strong></span> <span class='ocrx_word' id='word_1_336' title='bbox 538 3094 695 3150; x_wconf 85' lang='grc' dir='ltr'>τοῦτ’</span> <span class='ocrx_word' id='word_1_337' title='bbox 725 3092 874 3167; x_wconf 85' lang='grc' dir='ltr'><strong>αὐτῷ</strong></span> <span class='ocrx_word' id='word_1_338' title='bbox 906 3091 1120 3167; x_wconf 77' lang='grc' dir='ltr'>μᾶλλον</span> <span class='ocrx_word' id='word_1_339' title='bbox 1144 3093 1280 3170; x_wconf 60' lang='grc' dir='ltr'>πρὸς</span> <span class='ocrx_word' id='word_1_340' title='bbox 1309 3093 1538 3168; x_wconf 87' lang='grc' dir='ltr'>τρόπου.</span> 
     </span>
    </p>
   </div>
   <div class='ocr_carea' id='block_1_49' title="bbox 2005 2019 3647 2095">
    <p class='ocr_par' dir='ltr' id='par_1_49' title="bbox 2005 2019 3647 2095">
     <span class='ocr_line' id='line_1_50' title="bbox 2005 2019 3647 2095; baseline 0.001 -19"><span class='ocrx_word' id='word_1_341' title='bbox 2005 2019 2494 2093; x_wconf 84' lang='lat' dir='ltr'><strong>expediendorum</strong></span> <span class='ocrx_word' id='word_1_342' title='bbox 2548 2021 2830 2079; x_wconf 87' lang='lat' dir='ltr'><strong>malorum</strong></span> <span class='ocrx_word' id='word_1_343' title='bbox 2890 2022 3171 2078; x_wconf 86' lang='lat' dir='ltr'><strong>rationem</strong></span> <span class='ocrx_word' id='word_1_344' title='bbox 3221 2022 3378 2077; x_wconf 90' lang='lat' dir='ltr'><strong>init?</strong></span> <span class='ocrx_word' id='word_1_345' title='bbox 3429 2021 3647 2095; x_wconf 87' lang='lat' dir='ltr'><strong>Nempe</strong></span> 
     </span>
    </p>
   </div>
   <div class='ocr_carea' id='block_1_50' title="bbox 2007 2109 3648 2183">
    <p class='ocr_par' dir='ltr' id='par_1_50' title="bbox 2007 2109 3648 2183">
     <span class='ocr_line' id='line_1_51' title="bbox 2007 2109 3648 2183; baseline 0.001 -18"><span class='ocrx_word' id='word_1_346' title='bbox 2007 2110 2287 2166; x_wconf 86' lang='lat' dir='ltr'><strong>damnata</strong></span> <span class='ocrx_word' id='word_1_347' title='bbox 2333 2109 2592 2166; x_wconf 87' lang='lat' dir='ltr'><strong>humana</strong></span> <span class='ocrx_word' id='word_1_348' title='bbox 2645 2115 2769 2166; x_wconf 88' lang='lat' dir='ltr'><strong>arte</strong></span> <span class='ocrx_word' id='word_1_349' title='bbox 2824 2127 2889 2166; x_wconf 90' lang='lat' dir='ltr'><strong>ac</strong></span> <span class='ocrx_word' id='word_1_350' title='bbox 2945 2112 3257 2178; x_wconf 87' lang='lat' dir='ltr'><strong>industria,</strong></span> <span class='ocrx_word' id='word_1_351' title='bbox 3309 2112 3648 2183; x_wconf 62' lang='lat' dir='ltr'><strong>ceterisque</strong></span> 
     </span>
    </p>
   </div>
   <div class='ocr_carea' id='block_1_51' title="bbox 2001 2198 3645 2271">
    <p class='ocr_par' dir='ltr' id='par_1_51' title="bbox 2001 2198 3645 2271">
     <span class='ocr_line' id='line_1_52' title="bbox 2001 2198 3645 2271; baseline 0.001 -17"><span class='ocrx_word' id='word_1_352' title='bbox 2001 2215 2073 2254; x_wconf 83' lang='lat' dir='ltr'><strong>ne</strong></span> <span class='ocrx_word' id='word_1_353' title='bbox 2102 2198 2298 2269; x_wconf 91' lang='lat' dir='ltr'><strong>aliqua</strong></span> <span class='ocrx_word' id='word_1_354' title='bbox 2329 2214 2389 2253; x_wconf 91' lang='lat' dir='ltr'><strong>re</strong></span> <span class='ocrx_word' id='word_1_355' title='bbox 2420 2198 2756 2269; x_wconf 88' lang='lat' dir='ltr'><strong>bujusmodi</strong></span> <span class='ocrx_word' id='word_1_356' title='bbox 2788 2199 3147 2254; x_wconf 88' lang='lat' dir='ltr'><strong>conliderent</strong></span> <span class='ocrx_word' id='word_1_357' title='bbox 3195 2199 3534 2271; x_wconf 89' lang='lat' dir='ltr'><strong>admonitis,</strong></span> <span class='ocrx_word' id='word_1_358' title='bbox 3578 2204 3645 2255; x_wconf 85' lang='lat' dir='ltr'><strong>ad</strong></span> 
     </span>
    </p>
   </div>
   <div class='ocr_carea' id='block_1_52' title="bbox 1998 2287 3652 2360">
    <p class='ocr_par' dir='ltr' id='par_1_52' title="bbox 1998 2287 3652 2360">
     <span class='ocr_line' id='line_1_53' title="bbox 1998 2287 3652 2360; baseline 0.001 -18"><span class='ocrx_word' id='word_1_359' title='bbox 1998 2287 2187 2356; x_wconf 89' lang='lat' dir='ltr'><strong>illum,</strong></span> <span class='ocrx_word' id='word_1_360' title='bbox 2219 2288 2320 2359; x_wconf 89' lang='lat' dir='ltr'><strong>qui</strong></span> <span class='ocrx_word' id='word_1_361' title='bbox 2364 2288 2424 2343; x_wconf 90' lang='lat' dir='ltr'><strong>in</strong></span> <span class='ocrx_word' id='word_1_362' title='bbox 2474 2288 2647 2344; x_wconf 86' lang='lat' dir='ltr'><strong>rebus</strong></span> <span class='ocrx_word' id='word_1_363' title='bbox 2694 2288 2865 2344; x_wconf 83' lang='lat' dir='ltr'><strong>inviis</strong></span> <span class='ocrx_word' id='word_1_364' title='bbox 2910 2288 3059 2344; x_wconf 88' lang='lat' dir='ltr'><strong>viam</strong></span> <span class='ocrx_word' id='word_1_365' title='bbox 3096 2288 3327 2360; x_wconf 80' lang='lat' dir='ltr'><strong>reperit,</strong></span> <span class='ocrx_word' id='word_1_366' title='bbox 3360 2310 3388 2339; x_wconf 81' lang='lat'><strong>«</strong></span> <span class='ocrx_word' id='word_1_367' title='bbox 3416 2288 3511 2360; x_wconf 83' lang='lat' dir='ltr'><strong>qui</strong></span> <span class='ocrx_word' id='word_1_368' title='bbox 3539 2305 3652 2344; x_wconf 89' lang='lat' dir='ltr'><strong>om-</strong></span> 
     </span>
    </p>
   </div>
   <div class='ocr_carea' id='block_1_53' title="bbox 1994 2376 3649 2453">
    <p class='ocr_par' dir='ltr' id='par_1_53' title="bbox 1994 2376 3649 2453">
     <span class='ocr_line' id='line_1_54' title="bbox 1994 2376 3649 2453; baseline -0.001 -21"><span class='ocrx_word' id='word_1_369' title='bbox 1994 2380 2195 2448; x_wconf 83' lang='lat' dir='ltr'><strong>niaque</strong></span> <span class='ocrx_word' id='word_1_370' title='bbox 2215 2376 2326 2432; x_wconf 74' lang='lat' dir='ltr'><strong>solo</strong></span> <span class='ocrx_word' id='word_1_371' title='bbox 2358 2385 2499 2432; x_wconf 81' lang='lat' dir='ltr'><strong>nutu</strong></span> <span class='ocrx_word' id='word_1_372' title='bbox 2526 2394 2621 2433; x_wconf 83' lang='lat' dir='ltr'><strong>suo</strong></span> <span class='ocrx_word' id='word_1_373' title='bbox 2673 2380 2809 2445; x_wconf 67' lang='lat' dir='ltr'><strong>facit</strong></span> <span class='ocrx_word' id='word_1_374' title='bbox 2857 2394 2921 2433; x_wconf 88' lang='lat' dir='ltr'><strong>ac</strong></span> <span class='ocrx_word' id='word_1_375' title='bbox 2960 2380 3225 2453; x_wconf 77' lang='lat' dir='ltr'><strong>immutat</strong></span> <span class='ocrx_word' id='word_1_376' title='bbox 3258 2378 3325 2444; x_wconf 84' lang='grc'><strong>¹¹,</strong></span> <span class='ocrx_word' id='word_1_377' title='bbox 3355 2400 3383 2426; x_wconf 80' lang='lat' dir='ltr'><strong>n</strong></span> <span class='ocrx_word' id='word_1_378' title='bbox 3442 2378 3649 2433; x_wconf 81' lang='lat' dir='ltr'><strong>confu-</strong></span> 
     </span>
    </p>
   </div>
   <div class='ocr_carea' id='block_1_54' title="bbox 1998 2466 3643 2538">
    <p class='ocr_par' dir='ltr' id='par_1_54' title="bbox 1998 2466 3643 2538">
     <span class='ocr_line' id='line_1_55' title="bbox 1998 2466 3643 2538; baseline 0.002 -20"><span class='ocrx_word' id='word_1_379' title='bbox 1998 2466 2294 2538; x_wconf 86' lang='lat' dir='ltr'><strong>giendum,</strong></span> <span class='ocrx_word' id='word_1_380' title='bbox 2337 2482 2619 2536; x_wconf 85' lang='lat' dir='ltr'><strong>suamque</strong></span> <span class='ocrx_word' id='word_1_381' title='bbox 2677 2466 2759 2521; x_wconf 90' lang='lat' dir='ltr'><strong>illi</strong></span> <span class='ocrx_word' id='word_1_382' title='bbox 2820 2467 3302 2522; x_wconf 81' lang='lat' dir='ltr'><strong>committendam</strong></span> <span class='ocrx_word' id='word_1_383' title='bbox 3371 2467 3643 2535; x_wconf 87' lang='lat' dir='ltr'><strong>salutem,</strong></span> 
     </span>
    </p>
   </div>
   <div class='ocr_carea' id='block_1_55' title="bbox 2000 2555 3648 2627">
    <p class='ocr_par' dir='ltr' id='par_1_55' title="bbox 2000 2555 3648 2627">
     <span class='ocr_line' id='line_1_56' title="bbox 2000 2555 3648 2627; baseline -0.001 -16"><span class='ocrx_word' id='word_1_384' title='bbox 2000 2557 2226 2623; x_wconf 83' lang='lat' dir='ltr'><strong>statuit,</strong></span> <span class='ocrx_word' id='word_1_385' title='bbox 2258 2555 2404 2610; x_wconf 69' lang='lat' dir='ltr'><strong>haud</strong></span> <span class='ocrx_word' id='word_1_386' title='bbox 2438 2556 2699 2626; x_wconf 85' lang='lat' dir='ltr'><strong>ignarus,</strong></span> <span class='ocrx_word' id='word_1_387' title='bbox 2729 2558 2883 2627; x_wconf 84' lang='lat' dir='ltr'><strong>quod</strong></span> <span class='ocrx_word' id='word_1_388' title='bbox 2917 2570 3253 2627; x_wconf 88' lang='lat' dir='ltr'><strong>quanquam</strong></span> <span class='ocrx_word' id='word_1_389' title='bbox 3301 2555 3360 2610; x_wconf 91' lang='lat' dir='ltr'><strong>in</strong></span> <span class='ocrx_word' id='word_1_390' title='bbox 3403 2555 3648 2609; x_wconf 85' lang='lat' dir='ltr'><strong>adversa</strong></span> 
     </span>
    </p>
   </div>
   <div class='ocr_carea' id='block_1_56' title="bbox 1999 2644 3647 2716">
    <p class='ocr_par' dir='ltr' id='par_1_56' title="bbox 1999 2644 3647 2716">
     <span class='ocr_line' id='line_1_57' title="bbox 1999 2644 3647 2716; baseline 0.001 -17"><span class='ocrx_word' id='word_1_391' title='bbox 1999 2644 2262 2716; x_wconf 74' lang='lat' dir='ltr'><strong>quaedam</strong></span> <span class='ocrx_word' id='word_1_392' title='bbox 2296 2663 2399 2700; x_wconf 90' lang='lat' dir='ltr'><strong>nos</strong></span> <span class='ocrx_word' id='word_1_393' title='bbox 2428 2662 2848 2716; x_wconf 88' lang='lat' dir='ltr'><strong>nonnunquam</strong></span> <span class='ocrx_word' id='word_1_394' title='bbox 2872 2646 3124 2701; x_wconf 84' lang='lat' dir='ltr'><strong>incidere</strong></span> <span class='ocrx_word' id='word_1_395' title='bbox 3154 2646 3304 2701; x_wconf 89' lang='lat' dir='ltr'><strong>Deus</strong></span> <span class='ocrx_word' id='word_1_396' title='bbox 3326 2645 3503 2716; x_wconf 85' lang='lat' dir='ltr'><strong>sinat,</strong></span> <span class='ocrx_word' id='word_1_397' title='bbox 3523 2646 3647 2701; x_wconf 86' lang='lat' dir='ltr'><strong>sive</strong></span> 
     </span>
    </p>
   </div>
   <div class='ocr_carea' id='block_1_57' title="bbox 2003 2735 3644 2807">
    <p class='ocr_par' dir='ltr' id='par_1_57' title="bbox 2003 2735 3644 2807">
     <span class='ocr_line' id='line_1_58' title="bbox 2003 2735 3644 2807; baseline 0 -16"><span class='ocrx_word' id='word_1_398' title='bbox 2003 2741 2065 2791; x_wconf 90' lang='lat' dir='ltr'><strong>ut</strong></span> <span class='ocrx_word' id='word_1_399' title='bbox 2095 2752 2351 2807; x_wconf 68' lang='lat' dir='ltr'><strong>praesens</strong></span> <span class='ocrx_word' id='word_1_400' title='bbox 2384 2735 2616 2807; x_wconf 81' lang='lat' dir='ltr'><strong>aliquod</strong></span> <span class='ocrx_word' id='word_1_401' title='bbox 2644 2737 2890 2791; x_wconf 80' lang='lat' dir='ltr'><strong>refrenet</strong></span> <span class='ocrx_word' id='word_1_402' title='bbox 2918 2736 3147 2797; x_wconf 89' lang='lat' dir='ltr'><strong>vitium,</strong></span> <span class='ocrx_word' id='word_1_403' title='bbox 3204 2735 3323 2791; x_wconf 89' lang='lat' dir='ltr'><strong>sive</strong></span> <span class='ocrx_word' id='word_1_404' title='bbox 3381 2735 3644 2791; x_wconf 84' lang='lat' dir='ltr'><strong>futurum</strong></span> 
     </span>
    </p>
   </div>
   <div class='ocr_carea' id='block_1_58' title="bbox 2001 2824 3644 2897">
    <p class='ocr_par' dir='ltr' id='par_1_58' title="bbox 2001 2824 3644 2897">
     <span class='ocr_line' id='line_1_59' title="bbox 2001 2824 3644 2897; baseline 0.001 -18"><span class='ocrx_word' id='word_1_405' title='bbox 2001 2825 2295 2897; x_wconf 77' lang='lat' dir='ltr'><strong>praecidat,</strong></span> <span class='ocrx_word' id='word_1_406' title='bbox 2325 2826 2447 2881; x_wconf 90' lang='lat' dir='ltr'><strong>sive</strong></span> <span class='ocrx_word' id='word_1_407' title='bbox 2480 2830 2651 2881; x_wconf 88' lang='lat' dir='ltr'><strong>antea</strong></span> <span class='ocrx_word' id='word_1_408' title='bbox 2680 2825 3002 2882; x_wconf 87' lang='lat' dir='ltr'><strong>admissum</strong></span> <span class='ocrx_word' id='word_1_409' title='bbox 3027 2824 3317 2890; x_wconf 87' lang='lat' dir='ltr'><strong>vindicat;</strong></span> <span class='ocrx_word' id='word_1_410' title='bbox 3349 2840 3485 2880; x_wconf 89' lang='lat' dir='ltr'><strong>nam</strong></span> <span class='ocrx_word' id='word_1_411' title='bbox 3516 2828 3644 2880; x_wconf 89' lang='lat' dir='ltr'><strong>ten-</strong></span> 
     </span>
    </p>
   </div>
   <div class='ocr_carea' id='block_1_59' title="bbox 1997 2916 3636 2989">
    <p class='ocr_par' dir='ltr' id='par_1_59' title="bbox 1997 2916 3636 2989">
     <span class='ocr_line' id='line_1_60' title="bbox 1997 2916 3636 2989; baseline -0.001 -16"><span class='ocrx_word' id='word_1_412' title='bbox 1997 2917 2275 2973; x_wconf 87' lang='lat' dir='ltr'><strong>tationem</strong></span> <span class='ocrx_word' id='word_1_413' title='bbox 2309 2918 2591 2989; x_wconf 86' lang='lat' dir='ltr'><strong>divinam,</strong></span> <span class='ocrx_word' id='word_1_414' title='bbox 2610 2935 2737 2989; x_wconf 67' lang='lat' dir='ltr'><strong>qum</strong></span> <span class='ocrx_word' id='word_1_415' title='bbox 2761 2916 3097 2989; x_wconf 89' lang='lat' dir='ltr'><strong>aliquando,</strong></span> <span class='ocrx_word' id='word_1_416' title='bbox 3121 2923 3180 2973; x_wconf 91' lang='lat' dir='ltr'><strong>et</strong></span> <span class='ocrx_word' id='word_1_417' title='bbox 3200 2918 3258 2973; x_wconf 89' lang='lat' dir='ltr'><strong>in</strong></span> <span class='ocrx_word' id='word_1_418' title='bbox 3281 2917 3636 2989; x_wconf 88' lang='lat' dir='ltr'><strong>quibusdam</strong></span> 
     </span>
    </p>
   </div>
   <div class='ocr_carea' id='block_1_60' title="bbox 1996 3005 3635 3077">
    <p class='ocr_par' dir='ltr' id='par_1_60' title="bbox 1996 3005 3635 3077">
     <span class='ocr_line' id='line_1_61' title="bbox 1996 3005 3635 3077; baseline 0.001 -17"><span class='ocrx_word' id='word_1_419' title='bbox 1996 3005 2081 3074; x_wconf 79' lang='lat' dir='ltr'><strong>fit,</strong></span> <span class='ocrx_word' id='word_1_420' title='bbox 2114 3022 2269 3062; x_wconf 90' lang='lat' dir='ltr'><strong>nunc</strong></span> <span class='ocrx_word' id='word_1_421' title='bbox 2299 3006 2544 3077; x_wconf 89' lang='lat' dir='ltr'><strong>omitto;</strong></span> <span class='ocrx_word' id='word_1_422' title='bbox 2579 3007 2707 3062; x_wconf 92' lang='lat' dir='ltr'><strong>ideo</strong></span> <span class='ocrx_word' id='word_1_423' title='bbox 2739 3006 2847 3062; x_wconf 87' lang='lat' dir='ltr'><strong>hoc</strong></span> <span class='ocrx_word' id='word_1_424' title='bbox 2878 3010 3073 3062; x_wconf 87' lang='lat' dir='ltr'><strong>tamen</strong></span> <span class='ocrx_word' id='word_1_425' title='bbox 3107 3006 3425 3077; x_wconf 82' lang='lat' dir='ltr'><strong>permittat,</strong></span> <span class='ocrx_word' id='word_1_426' title='bbox 3469 3011 3533 3061; x_wconf 90' lang='lat' dir='ltr'><strong>ut</strong></span> <span class='ocrx_word' id='word_1_427' title='bbox 3563 3007 3635 3061; x_wconf 88' lang='lat' dir='ltr'><strong>ad</strong></span> 
     </span>
    </p>
   </div>
   <div class='ocr_carea' id='block_1_61' title="bbox 1995 3094 3639 3179">
    <p class='ocr_par' dir='ltr' id='par_1_61' title="bbox 1995 3094 3639 3179">
     <span class='ocr_line' id='line_1_62' title="bbox 1995 3094 3639 3179; baseline -0.001 -29"><span class='ocrx_word' id='word_1_428' title='bbox 1995 3095 2205 3151; x_wconf 87' lang='lat' dir='ltr'><strong>bonam</strong></span> <span class='ocrx_word' id='word_1_429' title='bbox 2241 3097 2549 3179; x_wconf 83' lang='lat' dir='ltr'><strong>redeamus</strong></span> <span class='ocrx_word' id='word_1_430' title='bbox 2581 3094 2824 3168; x_wconf 78' lang='lat' dir='ltr'><strong>frugem,</strong></span> <span class='ocrx_word' id='word_1_431' title='bbox 2851 3100 2908 3151; x_wconf 90' lang='lat' dir='ltr'><strong>et</strong></span> <span class='ocrx_word' id='word_1_432' title='bbox 2938 3094 3124 3151; x_wconf 89' lang='lat' dir='ltr'><strong>nostri</strong></span> <span class='ocrx_word' id='word_1_433' title='bbox 3184 3094 3380 3166; x_wconf 87' lang='lat' dir='ltr'><strong>potius</strong></span> <span class='ocrx_word' id='word_1_434' title='bbox 3437 3110 3639 3151; x_wconf 90' lang='lat' dir='ltr'><strong>curam</strong></span> 
     </span>
    </p>
   </div>
   <div class='ocr_carea' id='block_1_62' title="bbox 255 3183 3641 3257">
    <p class='ocr_par' dir='ltr' id='par_1_62' title="bbox 255 3183 3641 3257">
     <span class='ocr_line' id='line_1_63' title="bbox 255 3183 3641 3257; baseline 0 -19"><span class='ocrx_word' id='word_1_435' title='bbox 255 3199 435 3251; x_wconf 79' lang='lat' dir='ltr'><strong>agens,</strong></span> <span class='ocrx_word' id='word_1_436' title='bbox 469 3202 651 3257; x_wconf 79' lang='lat' dir='ltr'><strong>quam</strong></span> <span class='ocrx_word' id='word_1_437' title='bbox 685 3183 963 3241; x_wconf 88' lang='lat' dir='ltr'><strong>ultionem</strong></span> <span class='ocrx_word' id='word_1_438' title='bbox 995 3192 1287 3256; x_wconf 85' lang='lat' dir='ltr'><strong>expetens,</strong></span> <span class='ocrx_word' id='word_1_439' title='bbox 1334 3183 1490 3240; x_wconf 90' lang='lat' dir='ltr'><strong>unde</strong></span> <span class='ocrx_word' id='word_1_440' title='bbox 1542 3188 1599 3240; x_wconf 89' lang='lat' dir='ltr'><strong>et</strong></span> <span class='ocrx_word' id='word_1_441' title='bbox 1646 3188 1873 3240; x_wconf 86' lang='lat' dir='ltr'><strong>suetam</strong></span> <span class='ocrx_word' id='word_1_442' title='bbox 1932 3199 2067 3240; x_wconf 87' lang='lat' dir='ltr'><strong>mox</strong></span> <span class='ocrx_word' id='word_1_443' title='bbox 2115 3184 2525 3255; x_wconf 81' lang='lat' dir='ltr'><strong>benignitatem</strong></span> <span class='ocrx_word' id='word_1_444' title='bbox 2570 3202 2735 3241; x_wconf 88' lang='lat' dir='ltr'><strong>suam</strong></span> <span class='ocrx_word' id='word_1_445' title='bbox 2786 3185 3191 3256; x_wconf 88' lang='lat' dir='ltr'><strong>amplectatur,</strong></span> <span class='ocrx_word' id='word_1_446' title='bbox 3243 3200 3347 3240; x_wconf 85' lang='lat' dir='ltr'><strong>nec</strong></span> <span class='ocrx_word' id='word_1_447' title='bbox 3395 3183 3641 3242; x_wconf 88' lang='lat' dir='ltr'><strong>omnino</strong></span> 
     </span>
    </p>
   </div>
   <div class='ocr_carea' id='block_1_63' title="bbox 249 3272 3645 3344">
    <p class='ocr_par' dir='ltr' id='par_1_63' title="bbox 249 3272 3645 3344">
     <span class='ocr_line' id='line_1_64' title="bbox 249 3272 3645 3344; baseline 0.001 -17"><span class='ocrx_word' id='word_1_448' title='bbox 249 3275 546 3343; x_wconf 84' lang='lat' dir='ltr'><strong>sustineat,</strong></span> <span class='ocrx_word' id='word_1_449' title='bbox 593 3278 690 3332; x_wconf 81' lang='lat' dir='ltr'><strong>aut</strong></span> <span class='ocrx_word' id='word_1_450' title='bbox 709 3275 955 3331; x_wconf 70' lang='lat' dir='ltr'><strong>obliuisci</strong></span> <span class='ocrx_word' id='word_1_451' title='bbox 983 3274 1257 3341; x_wconf 75' lang='lat' dir='ltr'><strong>misereri,</strong></span> <span class='ocrx_word' id='word_1_452' title='bbox 1288 3276 1384 3329; x_wconf 81' lang='lat' dir='ltr'><strong>aut</strong></span> <span class='ocrx_word' id='word_1_453' title='bbox 1404 3289 1526 3344; x_wconf 72' lang='lat' dir='ltr'><strong>pra:</strong></span> <span class='ocrx_word' id='word_1_454' title='bbox 1581 3272 1871 3328; x_wconf 80' lang='lat' dir='ltr'><strong>iracundia</strong></span> <span class='ocrx_word' id='word_1_455' title='bbox 1914 3288 2156 3331; x_wconf 78' lang='lat' dir='ltr'><strong>coercere</strong></span> <span class='ocrx_word' id='word_1_456' title='bbox 2179 3274 2591 3331; x_wconf 72' lang='lat' dir='ltr'><strong>misericordia:</strong></span> <span class='ocrx_word' id='word_1_457' title='bbox 2643 3290 2771 3331; x_wconf 79' lang='lat' dir='ltr'><strong>suas</strong></span> <span class='ocrx_word' id='word_1_458' title='bbox 2801 3273 2866 3327; x_wconf 67' lang='grc'><strong>1³.</strong></span> <span class='ocrx_word' id='word_1_459' title='bbox 2900 3275 3189 3343; x_wconf 87' lang='lat' dir='ltr'><strong>Clemens,</strong></span> <span class='ocrx_word' id='word_1_460' title='bbox 3247 3272 3403 3330; x_wconf 90' lang='lat' dir='ltr'><strong>enim</strong></span> <span class='ocrx_word' id='word_1_461' title='bbox 3458 3273 3645 3330; x_wconf 86' lang='lat' dir='ltr'><strong>mitis-</strong></span> 
     </span>
    </p>
   </div>
   <div class='ocr_carea' id='block_1_64' title="bbox 252 3361 2304 3437">
    <p class='ocr_par' dir='ltr' id='par_1_64' title="bbox 252 3361 2304 3437">
     <span class='ocr_line' id='line_1_65' title="bbox 252 3361 2304 3437; baseline 0.003 -21"><span class='ocrx_word' id='word_1_462' title='bbox 252 3377 354 3432; x_wconf 87' lang='lat' dir='ltr'><strong>que</strong></span> <span class='ocrx_word' id='word_1_463' title='bbox 383 3363 440 3418; x_wconf 91' lang='lat' dir='ltr'><strong>in</strong></span> <span class='ocrx_word' id='word_1_464' title='bbox 474 3377 666 3437; x_wconf 77' lang='lat' dir='ltr'><strong>genus</strong></span> <span class='ocrx_word' id='word_1_465' title='bbox 694 3362 1020 3419; x_wconf 89' lang='lat' dir='ltr'><strong>humanum</strong></span> <span class='ocrx_word' id='word_1_466' title='bbox 1053 3366 1164 3430; x_wconf 86' lang='lat' dir='ltr'><strong>est,</strong></span> <span class='ocrx_word' id='word_1_467' title='bbox 1196 3368 1252 3419; x_wconf 90' lang='lat' dir='ltr'><strong>et</strong></span> <span class='ocrx_word' id='word_1_468' title='bbox 1282 3364 1338 3418; x_wconf 88' lang='lat' dir='ltr'><strong>id</strong></span> <span class='ocrx_word' id='word_1_469' title='bbox 1371 3366 1590 3419; x_wconf 82' lang='lat' dir='ltr'><strong>naturae</strong></span> <span class='ocrx_word' id='word_1_470' title='bbox 1619 3361 1777 3417; x_wconf 88' lang='lat' dir='ltr'><strong>illius</strong></span> <span class='ocrx_word' id='word_1_471' title='bbox 1810 3362 1995 3435; x_wconf 86' lang='lat' dir='ltr'><strong>magis</strong></span> <span class='ocrx_word' id='word_1_472' title='bbox 2014 3365 2304 3422; x_wconf 88' lang='lat' dir='ltr'><strong>convenit.</strong></span> 
     </span>
    </p>
   </div>
   <div class='ocr_carea' id='block_1_65' title="bbox 312 3447 1893 3526">
    <p class='ocr_par' dir='ltr' id='par_1_65' title="bbox 312 3447 1886 3525">
     <span class='ocr_line' id='line_1_66' title="bbox 312 3447 1886 3525; baseline -0.003 -20"><span class='ocrx_word' id='word_1_473' title='bbox 312 3452 445 3506; x_wconf 83' lang='lat' dir='ltr'><strong>KA&#39;.</strong></span> <span class='ocrx_word' id='word_1_474' title='bbox 477 3451 647 3507; x_wconf 75' lang='grc' dir='ltr'>Ταῦτ’</span> <span class='ocrx_word' id='word_1_475' title='bbox 676 3447 780 3525; x_wconf 77' lang='grc' dir='ltr'><strong>ἄρα</strong></span> <span class='ocrx_word' id='word_1_476' title='bbox 806 3450 898 3504; x_wconf 83' lang='grc' dir='ltr'><strong>καὶ</strong></span> <span class='ocrx_word' id='word_1_477' title='bbox 945 3449 1158 3505; x_wconf 77' lang='grc' dir='ltr'>πάντων</span> <span class='ocrx_word' id='word_1_478' title='bbox 1204 3449 1365 3504; x_wconf 88' lang='grc' dir='ltr'>αὐτὸν</span> <span class='ocrx_word' id='word_1_479' title='bbox 1406 3449 1722 3523; x_wconf 76' lang='grc' dir='ltr'>ἀναμνήσας</span> <span class='ocrx_word' id='word_1_480' title='bbox 1781 3452 1886 3503; x_wconf 80' lang='grc' dir='ltr'><strong>τῶν</strong></span> 
     </span>
    </p>
   </div>
   <div class='ocr_carea' id='block_1_66' title="bbox 2002 3447 3642 3526">
    <p class='ocr_par' dir='ltr' id='par_1_66' title="bbox 2071 3451 3642 3526">
     <span class='ocr_line' id='line_1_67' title="bbox 2071 3451 3642 3526; baseline 0.001 -18"><span class='ocrx_word' id='word_1_481' title='bbox 2071 3452 2214 3509; x_wconf 86' lang='lat' dir='ltr'><strong>XXI.</strong></span> <span class='ocrx_word' id='word_1_482' title='bbox 2248 3453 2333 3509; x_wconf 91' lang='lat' dir='ltr'><strong>0b</strong></span> <span class='ocrx_word' id='word_1_483' title='bbox 2368 3453 2486 3509; x_wconf 74' lang='lat' dir='ltr'><strong>inec</strong></span> <span class='ocrx_word' id='word_1_484' title='bbox 2508 3453 2702 3526; x_wconf 86' lang='lat' dir='ltr'><strong>itaque</strong></span> <span class='ocrx_word' id='word_1_485' title='bbox 2734 3452 3145 3508; x_wconf 88' lang='lat' dir='ltr'><strong>miraculorum</strong></span> <span class='ocrx_word' id='word_1_486' title='bbox 3163 3451 3451 3518; x_wconf 87' lang='lat' dir='ltr'><strong>omnium,</strong></span> <span class='ocrx_word' id='word_1_487' title='bbox 3486 3468 3642 3524; x_wconf 67' lang='lat' dir='ltr'><strong>quaa-</strong></span> 
     </span>
    </p>
   </div>
   <div class='ocr_carea' id='block_1_67' title="bbox 254 3535 1891 3615">
    <p class='ocr_par' dir='ltr' id='par_1_67' title="bbox 254 3535 1891 3615">
     <span class='ocr_line' id='line_1_68' title="bbox 254 3535 1891 3615; baseline -0.001 -23"><span class='ocrx_word' id='word_1_488' title='bbox 254 3537 298 3608; x_wconf 74' lang='grc' dir='ltr'>έξ</span> <span class='ocrx_word' id='word_1_489' title='bbox 342 3540 523 3615; x_wconf 80' lang='grc' dir='ltr'>ἀρχῆς</span> <span class='ocrx_word' id='word_1_490' title='bbox 586 3537 904 3614; x_wconf 85' lang='grc' dir='ltr'>τεραστίων,</span> <span class='ocrx_word' id='word_1_491' title='bbox 952 3538 1043 3593; x_wconf 77' lang='grc' dir='ltr'><strong>καὶ</strong></span> <span class='ocrx_word' id='word_1_492' title='bbox 1103 3538 1176 3592; x_wconf 82' lang='grc' dir='ltr'><strong>ὦν</strong></span> <span class='ocrx_word' id='word_1_493' title='bbox 1235 3537 1487 3594; x_wconf 70' lang='grc' dir='ltr'>ἑκάστοτε</span> <span class='ocrx_word' id='word_1_494' title='bbox 1541 3535 1628 3592; x_wconf 71' lang='grc' dir='ltr'><strong>διὰ</strong></span> <span class='ocrx_word' id='word_1_495' title='bbox 1675 3536 1891 3605; x_wconf 77' lang='grc' dir='ltr'>πλῆθος</span> 
     </span>
    </p>
   </div>
   <div class='ocr_carea' id='block_1_68' title="bbox 255 3626 1892 3701">
    <p class='ocr_par' dir='ltr' id='par_1_68' title="bbox 255 3626 1892 3701">
     <span class='ocr_line' id='line_1_69' title="bbox 255 3626 1892 3701; baseline -0.001 -19"><span class='ocrx_word' id='word_1_496' title='bbox 255 3626 427 3690; x_wconf 79' lang='grc' dir='ltr'>έλέους</span> <span class='ocrx_word' id='word_1_497' title='bbox 486 3627 582 3683; x_wconf 84' lang='grc' dir='ltr'><strong>καῖ</strong></span> <span class='ocrx_word' id='word_1_498' title='bbox 634 3628 903 3699; x_wconf 83' lang='grc' dir='ltr'>πεποίηκε</span> <span class='ocrx_word' id='word_1_499' title='bbox 932 3626 1022 3684; x_wconf 79' lang='grc' dir='ltr'>καί</span> <span class='ocrx_word' id='word_1_500' title='bbox 1051 3632 1218 3699; x_wconf 82' lang='grc' dir='ltr'>ποιεῖ,</span> <span class='ocrx_word' id='word_1_501' title='bbox 1250 3627 1339 3682; x_wconf 81' lang='grc' dir='ltr'><strong>καὶ</strong></span> <span class='ocrx_word' id='word_1_502' title='bbox 1368 3626 1585 3688; x_wconf 73' lang='grc' dir='ltr'>τούτοις</span> <span class='ocrx_word' id='word_1_503' title='bbox 1636 3627 1892 3701; x_wconf 89' lang='grc' dir='ltr'>προσθεῖ-</span> 
     </span>
    </p>
   </div>
   <div class='ocr_carea' id='block_1_69' title="bbox 252 3713 1891 3794">
    <p class='ocr_par' dir='ltr' id='par_1_69' title="bbox 252 3713 1891 3794">
     <span class='ocr_line' id='line_1_70' title="bbox 252 3713 1891 3794; baseline 0 -24"><span class='ocrx_word' id='word_1_504' title='bbox 252 3739 327 3772; x_wconf 84' lang='grc' dir='ltr'><strong>ναι</strong></span> <span class='ocrx_word' id='word_1_505' title='bbox 381 3721 445 3775; x_wconf 84' lang='grc' dir='ltr'>τὸ</span> <span class='ocrx_word' id='word_1_506' title='bbox 473 3719 598 3773; x_wconf 71' lang='grc' dir='ltr'>κατ’</span> <span class='ocrx_word' id='word_1_507' title='bbox 647 3718 812 3773; x_wconf 87' lang='grc' dir='ltr'>αὐτὸν</span> <span class='ocrx_word' id='word_1_508' title='bbox 862 3716 914 3791; x_wconf 78' lang='grc' dir='ltr'>ἐξ</span> <span class='ocrx_word' id='word_1_509' title='bbox 954 3717 1083 3794; x_wconf 79' lang='grc' dir='ltr'>ἄγαν</span> <span class='ocrx_word' id='word_1_510' title='bbox 1139 3714 1486 3791; x_wconf 82' lang='grc' dir='ltr'>ὁδυνωμένης</span> <span class='ocrx_word' id='word_1_511' title='bbox 1531 3713 1741 3785; x_wconf 80' lang='grc' dir='ltr'>δεηθεὶς</span> <span class='ocrx_word' id='word_1_512' title='bbox 1789 3723 1891 3786; x_wconf 82' lang='grc' dir='ltr'><strong>τῆς</strong></span> 
     </span>
    </p>
   </div>
   <div class='ocr_carea' id='block_1_70' title="bbox 256 3804 1896 3884">
    <p class='ocr_par' dir='ltr' id='par_1_70' title="bbox 256 3804 1896 3884">
     <span class='ocr_line' id='line_1_71' title="bbox 256 3804 1896 3884; baseline -0.001 -23"><span class='ocrx_word' id='word_1_513' title='bbox 256 3806 490 3884; x_wconf 84' lang='grc' dir='ltr'>καρδίας,</span> <span class='ocrx_word' id='word_1_514' title='bbox 546 3807 665 3862; x_wconf 70' lang='grc' dir='ltr'>ἐπεὶ</span> <span class='ocrx_word' id='word_1_515' title='bbox 718 3808 809 3861; x_wconf 79' lang='grc' dir='ltr'>καὶ</span> <span class='ocrx_word' id='word_1_516' title='bbox 861 3808 965 3877; x_wconf 75' lang='grc' dir='ltr'><strong>τήν</strong></span> <span class='ocrx_word' id='word_1_517' title='bbox 1029 3805 1439 3884; x_wconf 72' lang='grc' dir='ltr'>φιλανθρωπίαν</span> <span class='ocrx_word' id='word_1_518' title='bbox 1512 3804 1675 3861; x_wconf 75' lang='grc' dir='ltr'>αὐτοῦ</span> <span class='ocrx_word' id='word_1_519' title='bbox 1751 3827 1896 3880; x_wconf 87' lang='grc' dir='ltr'>συμ-</span> 
     </span>
    </p>
   </div>
   <div class='ocr_carea' id='block_1_71' title="bbox 258 3893 1896 3972">
    <p class='ocr_par' dir='ltr' id='par_1_71' title="bbox 258 3893 1896 3972">
     <span class='ocr_line' id='line_1_72' title="bbox 258 3893 1896 3972; baseline -0.003 -20"><span class='ocrx_word' id='word_1_520' title='bbox 258 3893 655 3972; x_wconf 76' lang='grc' dir='ltr'>πρεσὸεὐουσαν</span> <span class='ocrx_word' id='word_1_521' title='bbox 706 3897 845 3971; x_wconf 75' lang='grc' dir='ltr'>εἶχε,</span> <span class='ocrx_word' id='word_1_522' title='bbox 904 3895 993 3951; x_wconf 83' lang='grc' dir='ltr'><strong>καὶ</strong></span> <span class='ocrx_word' id='word_1_523' title='bbox 1048 3901 1168 3959; x_wconf 87' lang='grc' dir='ltr'>ταῖς</span> <span class='ocrx_word' id='word_1_524' title='bbox 1226 3895 1414 3971; x_wconf 78' lang='grc' dir='ltr'>εὐχαῖς</span> <span class='ocrx_word' id='word_1_525' title='bbox 1472 3893 1896 3970; x_wconf 76' lang='grc' dir='ltr'>συμμαχοῦσαν,</span> 
     </span>
    </p>
   </div>
   <div class='ocr_carea' id='block_1_72' title="bbox 263 3984 1896 4061">
    <p class='ocr_par' dir='ltr' id='par_1_72' title="bbox 263 3984 1896 4061">
     <span class='ocr_line' id='line_1_73' title="bbox 263 3984 1896 4061; baseline -0.001 -22"><span class='ocrx_word' id='word_1_526' title='bbox 263 3986 426 4049; x_wconf 72' lang='grc' dir='ltr'>οὕτως</span> <span class='ocrx_word' id='word_1_527' title='bbox 478 3985 758 4041; x_wconf 88' lang='grc' dir='ltr'>ἀπέλαυσε</span> <span class='ocrx_word' id='word_1_528' title='bbox 804 3990 912 4041; x_wconf 79' lang='grc' dir='ltr'><strong>τῶν</strong></span> <span class='ocrx_word' id='word_1_529' title='bbox 950 3985 1126 4061; x_wconf 80' lang='grc' dir='ltr'>εὐχῶν</span> <span class='ocrx_word' id='word_1_530' title='bbox 1186 3985 1275 4039; x_wconf 82' lang='grc' dir='ltr'>καὶ</span> <span class='ocrx_word' id='word_1_531' title='bbox 1325 3984 1483 4047; x_wconf 84' lang='grc' dir='ltr'>αὐτὸς</span> <span class='ocrx_word' id='word_1_532' title='bbox 1532 3990 1639 4039; x_wconf 80' lang='grc' dir='ltr'>τῶν</span> <span class='ocrx_word' id='word_1_533' title='bbox 1681 3985 1896 4050; x_wconf 72' lang='grc' dir='ltr'>ἑαυτοῦ,</span> 
     </span>
    </p>
   </div>
   <div class='ocr_carea' id='block_1_73' title="bbox 257 4072 1897 4148">
    <p class='ocr_par' dir='ltr' id='par_1_73' title="bbox 257 4072 1897 4148">
     <span class='ocr_line' id='line_1_74' title="bbox 257 4072 1897 4148; baseline -0.003 -17"><span class='ocrx_word' id='word_1_534' title='bbox 257 4076 340 4131; x_wconf 80' lang='grc' dir='ltr'>καὶ</span> <span class='ocrx_word' id='word_1_535' title='bbox 370 4079 423 4133; x_wconf 74' lang='grc' dir='ltr'><strong>οἱ</strong></span> <span class='ocrx_word' id='word_1_536' title='bbox 456 4074 631 4133; x_wconf 75' lang='grc' dir='ltr'>ἄλλοι</span> <span class='ocrx_word' id='word_1_537' title='bbox 660 4081 768 4131; x_wconf 77' lang='grc' dir='ltr'><strong>τῶν</strong></span> <span class='ocrx_word' id='word_1_538' title='bbox 799 4076 988 4143; x_wconf 86' lang='grc' dir='ltr'>αὐτοῦ,</span> <span class='ocrx_word' id='word_1_539' title='bbox 1019 4076 1094 4137; x_wconf 83' lang='grc' dir='ltr'><strong>ὡς</strong></span> <span class='ocrx_word' id='word_1_540' title='bbox 1126 4075 1203 4148; x_wconf 83' lang='grc' dir='ltr'>μή</span> <span class='ocrx_word' id='word_1_541' title='bbox 1238 4073 1402 4148; x_wconf 84' lang='grc' dir='ltr'>μόνον</span> <span class='ocrx_word' id='word_1_542' title='bbox 1435 4074 1593 4129; x_wconf 89' lang='grc' dir='ltr'>αὐτὸν</span> <span class='ocrx_word' id='word_1_543' title='bbox 1624 4072 1692 4128; x_wconf 89' lang='grc' dir='ltr'><strong>δι’</strong></span> <span class='ocrx_word' id='word_1_544' title='bbox 1715 4073 1897 4143; x_wconf 86' lang='grc' dir='ltr'>αὐτὸν,</span> 
     </span>
    </p>
   </div>
   <div class='ocr_carea' id='block_1_74' title="bbox 258 4161 1899 4237">
    <p class='ocr_par' dir='ltr' id='par_1_74' title="bbox 258 4161 1899 4237">
     <span class='ocr_line' id='line_1_75' title="bbox 258 4161 1899 4237; baseline -0.002 -18"><span class='ocrx_word' id='word_1_545' title='bbox 258 4164 397 4221; x_wconf 76' lang='grc' dir='ltr'><strong>αλλά</strong></span> <span class='ocrx_word' id='word_1_546' title='bbox 444 4163 520 4221; x_wconf 90' lang='grc' dir='ltr'>δι’</span> <span class='ocrx_word' id='word_1_547' title='bbox 573 4165 736 4220; x_wconf 87' lang='grc' dir='ltr'>αὐτὸν</span> <span class='ocrx_word' id='word_1_548' title='bbox 780 4165 868 4219; x_wconf 87' lang='grc' dir='ltr'><strong>καὶ</strong></span> <span class='ocrx_word' id='word_1_549' title='bbox 919 4162 1046 4226; x_wconf 77' lang='grc' dir='ltr'>τοῦς</span> <span class='ocrx_word' id='word_1_550' title='bbox 1096 4161 1306 4224; x_wconf 80' lang='grc' dir='ltr'>ἄλλους</span> <span class='ocrx_word' id='word_1_551' title='bbox 1335 4166 1597 4219; x_wconf 82' lang='grc' dir='ltr'>τεσῶσθαι</span> <span class='ocrx_word' id='word_1_552' title='bbox 1633 4181 1645 4194; x_wconf 86' lang='grc'><strong>·</strong></span> <span class='ocrx_word' id='word_1_553' title='bbox 1678 4163 1767 4217; x_wconf 80' lang='grc' dir='ltr'>καὶ</span> <span class='ocrx_word' id='word_1_554' title='bbox 1791 4182 1899 4237; x_wconf 62' lang='grc' dir='ltr'>χαι</span> 
     </span>
    </p>
   </div>
   <div class='ocr_carea' id='block_1_75' title="bbox 257 4249 1898 4328">
    <p class='ocr_par' dir='ltr' id='par_1_75' title="bbox 257 4249 1898 4328">
     <span class='ocr_line' id='line_1_76' title="bbox 257 4249 1898 4328; baseline -0.005 -18"><span class='ocrx_word' id='word_1_555' title='bbox 257 4258 500 4328; x_wconf 78' lang='grc' dir='ltr'>ρισθῆναι</span> <span class='ocrx_word' id='word_1_556' title='bbox 559 4255 653 4326; x_wconf 73' lang='grc' dir='ltr'>μὲν</span> <span class='ocrx_word' id='word_1_557' title='bbox 708 4253 870 4308; x_wconf 83' lang='grc' dir='ltr'>αὐτὸν</span> <span class='ocrx_word' id='word_1_558' title='bbox 927 4253 1074 4326; x_wconf 76' lang='grc' dir='ltr'>πάσῃ</span> <span class='ocrx_word' id='word_1_559' title='bbox 1114 4254 1184 4325; x_wconf 75' lang='grc' dir='ltr'><strong>τῇ</strong></span> <span class='ocrx_word' id='word_1_560' title='bbox 1233 4251 1529 4326; x_wconf 74' lang='grc' dir='ltr'>οἰκουμένῃ</span> <span class='ocrx_word' id='word_1_561' title='bbox 1566 4256 1783 4324; x_wconf 75' lang='grc' dir='ltr'>σωτῆρα</span> <span class='ocrx_word' id='word_1_562' title='bbox 1811 4249 1898 4303; x_wconf 81' lang='grc' dir='ltr'>καὶ</span> 
     </span>
    </p>
   </div>
   <div class='ocr_carea' id='block_1_76' title="bbox 252 4334 1901 4420">
    <p class='ocr_par' dir='ltr' id='par_1_76' title="bbox 252 4334 1901 4420">
     <span class='ocr_line' id='line_1_77' title="bbox 252 4334 1901 4420; baseline -0.004 -21"><span class='ocrx_word' id='word_1_563' title='bbox 252 4347 553 4420; x_wconf 84' lang='grc' dir='ltr'>πρόμαχον</span> <span class='ocrx_word' id='word_1_564' title='bbox 590 4334 881 4411; x_wconf 68' lang='grc' dir='ltr'>εὐσεϐείας,</span> <span class='ocrx_word' id='word_1_565' title='bbox 928 4341 1020 4396; x_wconf 81' lang='grc' dir='ltr'><strong>καὶ</strong></span> <span class='ocrx_word' id='word_1_566' title='bbox 1077 4343 1477 4418; x_wconf 79' lang='grc' dir='ltr'>ξυναγωνιστήν</span> <span class='ocrx_word' id='word_1_567' title='bbox 1533 4346 1637 4396; x_wconf 78' lang='grc' dir='ltr'>τῶν</span> <span class='ocrx_word' id='word_1_568' title='bbox 1698 4338 1901 4395; x_wconf 80' lang='grc' dir='ltr'>καλλί-</span> 
     </span>
    </p>
   </div>
   <div class='ocr_carea' id='block_1_77' title="bbox 252 4431 1899 4509">
    <p class='ocr_par' dir='ltr' id='par_1_77' title="bbox 252 4431 1899 4509">
     <span class='ocr_line' id='line_1_78' title="bbox 252 4431 1899 4509; baseline -0.006 -16"><span class='ocrx_word' id='word_1_569' title='bbox 252 4457 405 4505; x_wconf 81' lang='grc' dir='ltr'>στων,</span> <span class='ocrx_word' id='word_1_570' title='bbox 441 4433 709 4509; x_wconf 80' lang='grc' dir='ltr'>καὶπρὸς</span> <span class='ocrx_word' id='word_1_571' title='bbox 740 4433 867 4487; x_wconf 79' lang='grc' dir='ltr'>Θεὸν</span> <span class='ocrx_word' id='word_1_572' title='bbox 916 4432 1137 4506; x_wconf 74' lang='grc' dir='ltr'>ἀγωγὴν</span> <span class='ocrx_word' id='word_1_573' title='bbox 1269 4431 1526 4507; x_wconf 85' lang='grc' dir='ltr'>ἀγωγὸν),</span> <span class='ocrx_word' id='word_1_574' title='bbox 1574 4432 1899 4506; x_wconf 81' lang='grc' dir='ltr'>χαρισθῆναι</span> 
     </span>
    </p>
   </div>
   <div class='ocr_carea' id='block_1_78' title="bbox 252 4517 1903 4598">
    <p class='ocr_par' dir='ltr' id='par_1_78' title="bbox 252 4517 1903 4598">
     <span class='ocr_line' id='line_1_79' title="bbox 252 4517 1903 4598; baseline -0.005 -18"><span class='ocrx_word' id='word_1_575' title='bbox 252 4524 306 4580; x_wconf 67' lang='grc' dir='ltr'>δὲ</span> <span class='ocrx_word' id='word_1_576' title='bbox 330 4524 520 4598; x_wconf 78' lang='grc' dir='ltr'>τούτῳ</span> <span class='ocrx_word' id='word_1_577' title='bbox 550 4521 680 4584; x_wconf 80' lang='grc' dir='ltr'>τοῦς</span> <span class='ocrx_word' id='word_1_578' title='bbox 712 4518 916 4582; x_wconf 73' lang='grc' dir='ltr'>ἄλλους</span> <span class='ocrx_word' id='word_1_579' title='bbox 947 4520 1038 4574; x_wconf 89' lang='grc' dir='ltr'><strong>καὶ</strong></span> <span class='ocrx_word' id='word_1_580' title='bbox 1070 4517 1139 4574; x_wconf 90' lang='grc' dir='ltr'>δι’</span> <span class='ocrx_word' id='word_1_581' title='bbox 1171 4518 1334 4574; x_wconf 82' lang='grc' dir='ltr'>αὐτοῦ</span> <span class='ocrx_word' id='word_1_582' title='bbox 1379 4523 1461 4591; x_wconf 85' lang='grc' dir='ltr'><strong>τῷ</strong></span> <span class='ocrx_word' id='word_1_583' title='bbox 1492 4525 1628 4593; x_wconf 77' lang='grc' dir='ltr'>Θεῷ.</span> <span class='ocrx_word' id='word_1_584' title='bbox 1660 4523 1774 4573; x_wconf 81' lang='grc' dir='ltr'><strong>Τῶν</strong></span> <span class='ocrx_word' id='word_1_585' title='bbox 1801 4517 1903 4593; x_wconf 82' lang='grc' dir='ltr'><strong>γὰρ</strong></span> 
     </span>
    </p>
   </div>
   <div class='ocr_carea' id='block_1_79' title="bbox 249 4600 1900 4687">
    <p class='ocr_par' dir='ltr' id='par_1_79' title="bbox 249 4600 1900 4687">
     <span class='ocr_line' id='line_1_80' title="bbox 249 4600 1900 4687; baseline -0.006 -18"><span class='ocrx_word' id='word_1_586' title='bbox 249 4614 490 4669; x_wconf 84' lang='grc' dir='ltr'>ἀπίστων</span> <span class='ocrx_word' id='word_1_587' title='bbox 525 4600 725 4687; x_wconf 84' lang='grc' dir='ltr'>σχεδὸν</span> <span class='ocrx_word' id='word_1_588' title='bbox 763 4608 908 4671; x_wconf 81' lang='grc' dir='ltr'>ὅντες</span> <span class='ocrx_word' id='word_1_589' title='bbox 939 4609 989 4663; x_wconf 80' lang='grc' dir='ltr'><strong>οἱ</strong></span> <span class='ocrx_word' id='word_1_590' title='bbox 1021 4607 1265 4680; x_wconf 85' lang='grc' dir='ltr'>πλείους,</span> <span class='ocrx_word' id='word_1_591' title='bbox 1299 4610 1385 4671; x_wconf 80' lang='grc' dir='ltr'>οἷς</span> <span class='ocrx_word' id='word_1_592' title='bbox 1429 4629 1487 4663; x_wconf 86' lang='grc' dir='ltr'><strong>τε</strong></span> <span class='ocrx_word' id='word_1_593' title='bbox 1537 4609 1681 4682; x_wconf 78' lang='grc' dir='ltr'>παρᾶ</span> <span class='ocrx_word' id='word_1_594' title='bbox 1728 4612 1900 4663; x_wconf 83' lang='grc' dir='ltr'>πᾶσαν</span> 
     </span>
    </p>
   </div>
   <div class='ocr_carea' id='block_1_80' title="bbox 250 4695 1899 4777">
    <p class='ocr_par' dir='ltr' id='par_1_80' title="bbox 250 4695 1899 4777">
     <span class='ocr_line' id='line_1_81' title="bbox 250 4695 1899 4777; baseline -0.004 -20"><span class='ocrx_word' id='word_1_595' title='bbox 250 4706 505 4774; x_wconf 72' lang='grc' dir='ltr'>ἡντινοῦν</span> <span class='ocrx_word' id='word_1_596' title='bbox 564 4697 896 4777; x_wconf 83' lang='grc' dir='ltr'>προσδοκίαν</span> <span class='ocrx_word' id='word_1_597' title='bbox 954 4696 1277 4769; x_wconf 69' lang='grc' dir='ltr'>ἀπήλλαξαν</span> <span class='ocrx_word' id='word_1_598' title='bbox 1329 4702 1427 4753; x_wconf 87' lang='grc' dir='ltr'><strong>τοῦ</strong></span> <span class='ocrx_word' id='word_1_599' title='bbox 1481 4697 1752 4768; x_wconf 71' lang='grc' dir='ltr'>κινδύνον,</span> <span class='ocrx_word' id='word_1_600' title='bbox 1808 4695 1899 4751; x_wconf 83' lang='grc' dir='ltr'><strong>καὶ</strong></span> 
     </span>
    </p>
   </div>
   <div class='ocr_carea' id='block_1_81' title="bbox 1993 3541 3638 3615">
    <p class='ocr_par' dir='ltr' id='par_1_81' title="bbox 1993 3541 3638 3615">
     <span class='ocr_line' id='line_1_82' title="bbox 1993 3541 3638 3615; baseline -0.001 -17"><span class='ocrx_word' id='word_1_601' title='bbox 1993 3559 2286 3615; x_wconf 83' lang='lat' dir='ltr'><strong>cunquea</strong></span> <span class='ocrx_word' id='word_1_602' title='bbox 2343 3542 2657 3613; x_wconf 90' lang='lat' dir='ltr'><strong>primordio</strong></span> <span class='ocrx_word' id='word_1_603' title='bbox 2716 3558 2911 3598; x_wconf 88' lang='lat' dir='ltr'><strong>rerum</strong></span> <span class='ocrx_word' id='word_1_604' title='bbox 2959 3542 3115 3596; x_wconf 84' lang='lat' dir='ltr'><strong>edita</strong></span> <span class='ocrx_word' id='word_1_605' title='bbox 3173 3541 3638 3613; x_wconf 80' lang='lat' dir='ltr'><strong>fuere,quteque</strong></span> 
     </span>
    </p>
   </div>
   <div class='ocr_carea' id='block_1_82' title="bbox 1993 3629 3642 3703">
    <p class='ocr_par' dir='ltr' id='par_1_82' title="bbox 1993 3629 3642 3703">
     <span class='ocr_line' id='line_1_83' title="bbox 1993 3629 3642 3703; baseline -0.001 -16"><span class='ocrx_word' id='word_1_606' title='bbox 1993 3631 2307 3688; x_wconf 86' lang='lat' dir='ltr'><strong>identidem</strong></span> <span class='ocrx_word' id='word_1_607' title='bbox 2342 3648 2444 3703; x_wconf 92' lang='lat' dir='ltr'><strong>per</strong></span> <span class='ocrx_word' id='word_1_608' title='bbox 2473 3630 2713 3686; x_wconf 88' lang='lat' dir='ltr'><strong>multam</strong></span> <span class='ocrx_word' id='word_1_609' title='bbox 2739 3629 3189 3687; x_wconf 84' lang='lat' dir='ltr'><strong>misericordiam</strong></span> <span class='ocrx_word' id='word_1_610' title='bbox 3214 3646 3382 3686; x_wconf 85' lang='lat' dir='ltr'><strong>suam</strong></span> <span class='ocrx_word' id='word_1_611' title='bbox 3407 3631 3540 3687; x_wconf 84' lang='lat' dir='ltr'><strong>fecit</strong></span> <span class='ocrx_word' id='word_1_612' title='bbox 3563 3631 3642 3685; x_wconf 81' lang='lat' dir='ltr'><strong>fa-</strong></span> 
     </span>
    </p>
   </div>
   <div class='ocr_carea' id='block_1_83' title="bbox 1997 3719 3638 3793">
    <p class='ocr_par' dir='ltr' id='par_1_83' title="bbox 1997 3719 3638 3793">
     <span class='ocr_line' id='line_1_84' title="bbox 1997 3719 3638 3793; baseline -0.001 -17"><span class='ocrx_word' id='word_1_613' title='bbox 1997 3721 2211 3793; x_wconf 88' lang='lat' dir='ltr'><strong>citque,</strong></span> <span class='ocrx_word' id='word_1_614' title='bbox 2266 3720 2448 3776; x_wconf 89' lang='lat' dir='ltr'><strong>Deum</strong></span> <span class='ocrx_word' id='word_1_615' title='bbox 2497 3719 3042 3785; x_wconf 78' lang='lat' dir='ltr'><strong>commonefaciens,</strong></span> <span class='ocrx_word' id='word_1_616' title='bbox 3110 3720 3309 3789; x_wconf 90' lang='lat' dir='ltr'><strong>illique</strong></span> <span class='ocrx_word' id='word_1_617' title='bbox 3355 3724 3418 3775; x_wconf 90' lang='lat' dir='ltr'><strong>ut</strong></span> <span class='ocrx_word' id='word_1_618' title='bbox 3466 3735 3638 3776; x_wconf 88' lang='lat' dir='ltr'><strong>suum</strong></span> 
     </span>
    </p>
   </div>
   <div class='ocr_carea' id='block_1_84' title="bbox 1997 3808 3641 3882">
    <p class='ocr_par' dir='ltr' id='par_1_84' title="bbox 1997 3808 3641 3882">
     <span class='ocr_line' id='line_1_85' title="bbox 1997 3808 3641 3882; baseline -0.001 -15"><span class='ocrx_word' id='word_1_619' title='bbox 1997 3812 2107 3867; x_wconf 89' lang='lat' dir='ltr'><strong>hoc</strong></span> <span class='ocrx_word' id='word_1_620' title='bbox 2138 3810 2474 3882; x_wconf 71' lang='lat' dir='ltr'><strong>adiungeret</strong></span> <span class='ocrx_word' id='word_1_621' title='bbox 2502 3808 2855 3882; x_wconf 86' lang='lat' dir='ltr'><strong>exemplum,</strong></span> <span class='ocrx_word' id='word_1_622' title='bbox 2881 3808 3054 3865; x_wconf 82' lang='lat' dir='ltr'><strong>anxio</strong></span> <span class='ocrx_word' id='word_1_623' title='bbox 3075 3810 3389 3865; x_wconf 88' lang='lat' dir='ltr'><strong>admodum</strong></span> <span class='ocrx_word' id='word_1_624' title='bbox 3411 3814 3641 3881; x_wconf 84' lang='lat' dir='ltr'><strong>pectore</strong></span> 
     </span>
    </p>
   </div>
   <div class='ocr_carea' id='block_1_85' title="bbox 2000 3896 3643 3971">
    <p class='ocr_par' dir='ltr' id='par_1_85' title="bbox 2000 3896 3643 3971">
     <span class='ocr_line' id='line_1_86' title="bbox 2000 3896 3643 3971; baseline -0.002 -14"><span class='ocrx_word' id='word_1_625' title='bbox 2000 3900 2329 3969; x_wconf 86' lang='lat' dir='ltr'><strong>obsecrans,</strong></span> <span class='ocrx_word' id='word_1_626' title='bbox 2362 3899 2638 3971; x_wconf 87' lang='lat' dir='ltr'><strong>quoniam</strong></span> <span class='ocrx_word' id='word_1_627' title='bbox 2675 3897 3125 3955; x_wconf 79' lang='lat' dir='ltr'><strong>benevolentiam</strong></span> <span class='ocrx_word' id='word_1_628' title='bbox 3175 3914 3313 3970; x_wconf 79' lang='lat' dir='ltr'><strong>erga</strong></span> <span class='ocrx_word' id='word_1_629' title='bbox 3369 3896 3643 3954; x_wconf 85' lang='lat' dir='ltr'><strong>homines</strong></span> 
     </span>
    </p>
   </div>
   <div class='ocr_carea' id='block_1_86' title="bbox 2000 3987 3640 4060">
    <p class='ocr_par' dir='ltr' id='par_1_86' title="bbox 2000 3987 3640 4060">
     <span class='ocr_line' id='line_1_87' title="bbox 2000 3987 3640 4060; baseline -0.002 -14"><span class='ocrx_word' id='word_1_630' title='bbox 2000 3990 2122 4057; x_wconf 90' lang='lat' dir='ltr'><strong>Dei,</strong></span> <span class='ocrx_word' id='word_1_631' title='bbox 2156 3990 2500 4060; x_wconf 84' lang='lat' dir='ltr'><strong>adjutricem</strong></span> <span class='ocrx_word' id='word_1_632' title='bbox 2533 4003 2772 4060; x_wconf 85' lang='lat' dir='ltr'><strong>precum</strong></span> <span class='ocrx_word' id='word_1_633' title='bbox 2815 3987 3147 4058; x_wconf 82' lang='lat' dir='ltr'><strong>sociamque</strong></span> <span class='ocrx_word' id='word_1_634' title='bbox 3195 3987 3485 4055; x_wconf 85' lang='lat' dir='ltr'><strong>habebat;</strong></span> <span class='ocrx_word' id='word_1_635' title='bbox 3533 3989 3640 4042; x_wconf 89' lang='lat' dir='ltr'><strong>hoc</strong></span> 
     </span>
    </p>
   </div>
   <div class='ocr_carea' id='block_1_87' title="bbox 2001 4076 3646 4149">
    <p class='ocr_par' dir='ltr' id='par_1_87' title="bbox 2001 4076 3646 4149">
     <span class='ocr_line' id='line_1_88' title="bbox 2001 4076 3646 4149; baseline -0.004 -13"><span class='ocrx_word' id='word_1_636' title='bbox 2001 4097 2071 4136; x_wconf 82' lang='lat' dir='ltr'><strong>ex</strong></span> <span class='ocrx_word' id='word_1_637' title='bbox 2100 4079 2366 4148; x_wconf 79' lang='lat' dir='ltr'><strong>precibus</strong></span> <span class='ocrx_word' id='word_1_638' title='bbox 2395 4078 2520 4133; x_wconf 82' lang='lat' dir='ltr'><strong>suis</strong></span> <span class='ocrx_word' id='word_1_639' title='bbox 2541 4078 2829 4133; x_wconf 88' lang='lat' dir='ltr'><strong>commodi</strong></span> <span class='ocrx_word' id='word_1_640' title='bbox 2854 4077 2981 4149; x_wconf 90' lang='lat' dir='ltr'><strong>ipse</strong></span> <span class='ocrx_word' id='word_1_641' title='bbox 3000 4076 3307 4147; x_wconf 67' lang='lat' dir='ltr'><strong>casterique</strong></span> <span class='ocrx_word' id='word_1_642' title='bbox 3328 4091 3547 4147; x_wconf 83' lang='lat' dir='ltr'><strong>cepere,</strong></span> <span class='ocrx_word' id='word_1_643' title='bbox 3582 4080 3646 4132; x_wconf 87' lang='lat' dir='ltr'><strong>ut</strong></span> 
     </span>
    </p>
   </div>
   <div class='ocr_carea' id='block_1_88' title="bbox 2002 4164 3645 4238">
    <p class='ocr_par' dir='ltr' id='par_1_88' title="bbox 2002 4164 3645 4238">
     <span class='ocr_line' id='line_1_89' title="bbox 2002 4164 3645 4238; baseline -0.002 -14"><span class='ocrx_word' id='word_1_644' title='bbox 2002 4186 2135 4225; x_wconf 84' lang='lat' dir='ltr'><strong>cum</strong></span> <span class='ocrx_word' id='word_1_645' title='bbox 2166 4168 2288 4238; x_wconf 78' lang='lat' dir='ltr'><strong>ipse</strong></span> <span class='ocrx_word' id='word_1_646' title='bbox 2319 4183 2421 4238; x_wconf 90' lang='lat' dir='ltr'><strong>per</strong></span> <span class='ocrx_word' id='word_1_647' title='bbox 2448 4182 2532 4235; x_wconf 89' lang='lat' dir='ltr'><strong>se,</strong></span> <span class='ocrx_word' id='word_1_648' title='bbox 2561 4176 2685 4222; x_wconf 90' lang='lat' dir='ltr'><strong>tum</strong></span> <span class='ocrx_word' id='word_1_649' title='bbox 2718 4182 2820 4238; x_wconf 86' lang='lat' dir='ltr'><strong>per</strong></span> <span class='ocrx_word' id='word_1_650' title='bbox 2864 4166 3058 4237; x_wconf 89' lang='lat' dir='ltr'><strong>ipsum</strong></span> <span class='ocrx_word' id='word_1_651' title='bbox 3110 4166 3342 4237; x_wconf 90' lang='lat' dir='ltr'><strong>reliqui,</strong></span> <span class='ocrx_word' id='word_1_652' title='bbox 3388 4164 3645 4238; x_wconf 89' lang='lat' dir='ltr'><strong>periculo</strong></span> 
     </span>
    </p>
   </div>
   <div class='ocr_carea' id='block_1_89' title="bbox 2002 4254 3645 4327">
    <p class='ocr_par' dir='ltr' id='par_1_89' title="bbox 2002 4254 3645 4327">
     <span class='ocr_line' id='line_1_90' title="bbox 2002 4254 3645 4327; baseline -0.003 -13"><span class='ocrx_word' id='word_1_653' title='bbox 2002 4258 2230 4315; x_wconf 78' lang='lat' dir='ltr'><strong>liberati</strong></span> <span class='ocrx_word' id='word_1_654' title='bbox 2261 4254 2499 4323; x_wconf 88' lang='lat' dir='ltr'><strong>fuerint,</strong></span> <span class='ocrx_word' id='word_1_655' title='bbox 2530 4261 2594 4311; x_wconf 87' lang='lat' dir='ltr'><strong>ut</strong></span> <span class='ocrx_word' id='word_1_656' title='bbox 2623 4255 2867 4327; x_wconf 89' lang='lat' dir='ltr'><strong>orbique</strong></span> <span class='ocrx_word' id='word_1_657' title='bbox 2923 4255 3049 4327; x_wconf 90' lang='lat' dir='ltr'><strong>ipse</strong></span> <span class='ocrx_word' id='word_1_658' title='bbox 3105 4254 3377 4311; x_wconf 87' lang='lat' dir='ltr'><strong>universo</strong></span> <span class='ocrx_word' id='word_1_659' title='bbox 3436 4255 3645 4311; x_wconf 84' lang='lat' dir='ltr'><strong>vindex</strong></span> 
     </span>
    </p>
   </div>
   <div class='ocr_carea' id='block_1_90' title="bbox 2004 4343 3647 4418">
    <p class='ocr_par' dir='ltr' id='par_1_90' title="bbox 2004 4343 3647 4418">
     <span class='ocr_line' id='line_1_91' title="bbox 2004 4343 3647 4418; baseline -0.005 -11"><span class='ocrx_word' id='word_1_660' title='bbox 2004 4350 2212 4407; x_wconf 81' lang='lat' dir='ltr'><strong>salutis</strong></span> <span class='ocrx_word' id='word_1_661' title='bbox 2246 4348 2588 4418; x_wconf 85' lang='lat' dir='ltr'><strong>pietatisque</strong></span> <span class='ocrx_word' id='word_1_662' title='bbox 2629 4349 3047 4417; x_wconf 86' lang='lat' dir='ltr'><strong>propugnator,</strong></span> <span class='ocrx_word' id='word_1_663' title='bbox 3105 4350 3159 4401; x_wconf 91' lang='lat' dir='ltr'><strong>et</strong></span> <span class='ocrx_word' id='word_1_664' title='bbox 3220 4343 3647 4416; x_wconf 87' lang='lat' dir='ltr'><strong>pulcherrimo-</strong></span> 
     </span>
    </p>
   </div>
   <div class='ocr_carea' id='block_1_91' title="bbox 2003 4433 3645 4508">
    <p class='ocr_par' dir='ltr' id='par_1_91' title="bbox 2003 4433 3645 4508">
     <span class='ocr_line' id='line_1_92' title="bbox 2003 4433 3645 4508; baseline -0.004 -14"><span class='ocrx_word' id='word_1_665' title='bbox 2003 4455 2136 4495; x_wconf 88' lang='lat' dir='ltr'><strong>.1um</strong></span> <span class='ocrx_word' id='word_1_666' title='bbox 2168 4453 2407 4508; x_wconf 89' lang='lat' dir='ltr'><strong>operum</strong></span> <span class='ocrx_word' id='word_1_667' title='bbox 2441 4437 2695 4505; x_wconf 83' lang='lat' dir='ltr'><strong>adjutor,</strong></span> <span class='ocrx_word' id='word_1_668' title='bbox 2726 4439 2782 4490; x_wconf 88' lang='lat' dir='ltr'><strong>et</strong></span> <span class='ocrx_word' id='word_1_669' title='bbox 2813 4434 2885 4490; x_wconf 86' lang='lat' dir='ltr'><strong>ad</strong></span> <span class='ocrx_word' id='word_1_670' title='bbox 2914 4433 3097 4489; x_wconf 91' lang='lat' dir='ltr'><strong>Deum</strong></span> <span class='ocrx_word' id='word_1_671' title='bbox 3125 4434 3243 4489; x_wconf 83' lang='lat' dir='ltr'><strong>dux</strong></span> <span class='ocrx_word' id='word_1_672' title='bbox 3283 4449 3350 4489; x_wconf 86' lang='lat' dir='ltr'><strong>ac</strong></span> <span class='ocrx_word' id='word_1_673' title='bbox 3381 4433 3645 4505; x_wconf 72' lang='lat' dir='ltr'><strong>signifer,</strong></span> 
     </span>
    </p>
   </div>
   <div class='ocr_carea' id='block_1_92' title="bbox 2006 4522 3643 4594">
    <p class='ocr_par' dir='ltr' id='par_1_92' title="bbox 2006 4522 3643 4594">
     <span class='ocr_line' id='line_1_93' title="bbox 2006 4522 3643 4594; baseline -0.003 -11"><span class='ocrx_word' id='word_1_674' title='bbox 2006 4530 2179 4583; x_wconf 87' lang='lat' dir='ltr'><strong>datus</strong></span> <span class='ocrx_word' id='word_1_675' title='bbox 2210 4526 2306 4594; x_wconf 88' lang='lat' dir='ltr'><strong>sit,</strong></span> <span class='ocrx_word' id='word_1_676' title='bbox 2340 4540 2613 4579; x_wconf 89' lang='lat' dir='ltr'><strong>concessa</strong></span> <span class='ocrx_word' id='word_1_677' title='bbox 2641 4522 2819 4578; x_wconf 88' lang='lat' dir='ltr'><strong>simul</strong></span> <span class='ocrx_word' id='word_1_678' title='bbox 2870 4522 2977 4592; x_wconf 85' lang='lat' dir='ltr'><strong>illi,</strong></span> <span class='ocrx_word' id='word_1_679' title='bbox 3024 4528 3081 4578; x_wconf 88' lang='lat' dir='ltr'><strong>et</strong></span> <span class='ocrx_word' id='word_1_680' title='bbox 3131 4539 3231 4592; x_wconf 88' lang='lat' dir='ltr'><strong>per</strong></span> <span class='ocrx_word' id='word_1_681' title='bbox 3284 4522 3450 4578; x_wconf 86' lang='lat' dir='ltr'><strong>illum</strong></span> <span class='ocrx_word' id='word_1_682' title='bbox 3509 4522 3643 4587; x_wconf 87' lang='lat' dir='ltr'><strong>Deo,</strong></span> 
     </span>
    </p>
   </div>
   <div class='ocr_carea' id='block_1_93' title="bbox 2007 4610 3648 4683">
    <p class='ocr_par' dir='ltr' id='par_1_93' title="bbox 2007 4610 3648 4683">
     <span class='ocr_line' id='line_1_94' title="bbox 2007 4610 3648 4683; baseline -0.004 -11"><span class='ocrx_word' id='word_1_683' title='bbox 2007 4621 2213 4672; x_wconf 67' lang='lat' dir='ltr'><strong>caetera</strong></span> <span class='ocrx_word' id='word_1_684' title='bbox 2241 4620 2539 4669; x_wconf 89' lang='lat' dir='ltr'><strong>vectorum</strong></span> <span class='ocrx_word' id='word_1_685' title='bbox 2570 4614 2761 4668; x_wconf 87' lang='lat' dir='ltr'><strong>turba.</strong></span> <span class='ocrx_word' id='word_1_686' title='bbox 2794 4613 3048 4677; x_wconf 84' lang='lat' dir='ltr'><strong>Quorum</strong></span> <span class='ocrx_word' id='word_1_687' title='bbox 3081 4610 3342 4683; x_wconf 89' lang='lat' dir='ltr'><strong>plerique</strong></span> <span class='ocrx_word' id='word_1_688' title='bbox 3373 4611 3488 4666; x_wconf 82' lang='lat' dir='ltr'><strong>fere</strong></span> <span class='ocrx_word' id='word_1_689' title='bbox 3518 4611 3648 4666; x_wconf 84' lang='lat' dir='ltr'><strong>inii-</strong></span> 
     </span>
    </p>
   </div>
   <div class='ocr_carea' id='block_1_94' title="bbox 2007 4701 3647 4775">
    <p class='ocr_par' dir='ltr' id='par_1_94' title="bbox 2007 4701 3647 4775">
     <span class='ocr_line' id='line_1_95' title="bbox 2007 4701 3647 4775; baseline -0.004 -14"><span class='ocrx_word' id='word_1_690' title='bbox 2007 4704 2179 4773; x_wconf 85' lang='lat' dir='ltr'><strong>deles,</strong></span> <span class='ocrx_word' id='word_1_691' title='bbox 2213 4704 2363 4775; x_wconf 88' lang='lat' dir='ltr'><strong>quod</strong></span> <span class='ocrx_word' id='word_1_692' title='bbox 2388 4703 2467 4757; x_wconf 89' lang='lat' dir='ltr'><strong>ita</strong></span> <span class='ocrx_word' id='word_1_693' title='bbox 2497 4707 2698 4772; x_wconf 66' lang='lat' dir='ltr'><strong>praeter</strong></span> <span class='ocrx_word' id='word_1_694' title='bbox 2747 4717 2981 4757; x_wconf 90' lang='lat' dir='ltr'><strong>omnem</strong></span> <span class='ocrx_word' id='word_1_695' title='bbox 3040 4701 3529 4771; x_wconf 83' lang='lat' dir='ltr'><strong>exspectationem</strong></span> <span class='ocrx_word' id='word_1_696' title='bbox 3579 4716 3647 4754; x_wconf 79' lang='lat' dir='ltr'><strong>ex</strong></span> 
     </span>
    </p>
   </div>
   <div class='ocr_carea' id='block_1_95' title="bbox 249 4786 1893 4880">
    <p class='ocr_par' dir='ltr' id='par_1_95' title="bbox 249 4786 1893 4865">
     <span class='ocr_line' id='line_1_96' title="bbox 249 4786 1893 4865; baseline -0.004 -17"><span class='ocrx_word' id='word_1_697' title='bbox 249 4794 329 4856; x_wconf 86' lang='grc' dir='ltr'>οἷς</span> <span class='ocrx_word' id='word_1_698' title='bbox 387 4794 546 4848; x_wconf 70' lang='grc' dir='ltr'>οὕτω</span> <span class='ocrx_word' id='word_1_699' title='bbox 603 4789 912 4860; x_wconf 84' lang='grc' dir='ltr'>καινότατα,</span> <span class='ocrx_word' id='word_1_700' title='bbox 971 4788 1108 4865; x_wconf 86' lang='grc' dir='ltr'>πρὸς</span> <span class='ocrx_word' id='word_1_701' title='bbox 1158 4786 1393 4861; x_wconf 84' lang='grc' dir='ltr'>Χριστὸν</span> <span class='ocrx_word' id='word_1_702' title='bbox 1451 4786 1608 4849; x_wconf 74' lang='grc' dir='ltr'>εὐθὺς</span> <span class='ocrx_word' id='word_1_703' title='bbox 1671 4787 1893 4860; x_wconf 79' lang='grc' dir='ltr'>μετετά-</span> 
     </span>
    </p>
   </div>
   <div class='ocr_carea' id='block_1_96' title="bbox 2002 4786 3647 4880">
    <p class='ocr_par' dir='ltr' id='par_1_96' title="bbox 2011 4786 3647 4868">
     <span class='ocr_line' id='line_1_97' title="bbox 2011 4786 3647 4868; baseline -0.004 -17"><span class='ocrx_word' id='word_1_704' title='bbox 2011 4794 2266 4868; x_wconf 88' lang='lat' dir='ltr'><strong>periculo</strong></span> <span class='ocrx_word' id='word_1_705' title='bbox 2308 4792 2652 4859; x_wconf 86' lang='lat' dir='ltr'><strong>evasissent,</strong></span> <span class='ocrx_word' id='word_1_706' title='bbox 2703 4791 2858 4861; x_wconf 91' lang='lat' dir='ltr'><strong>quod</strong></span> <span class='ocrx_word' id='word_1_707' title='bbox 2911 4805 3056 4845; x_wconf 87' lang='lat' dir='ltr'><strong>novo</strong></span> <span class='ocrx_word' id='word_1_708' title='bbox 3095 4789 3238 4844; x_wconf 86' lang='lat' dir='ltr'><strong>adeo</strong></span> <span class='ocrx_word' id='word_1_709' title='bbox 3293 4786 3647 4859; x_wconf 78' lang='lat' dir='ltr'><strong>insolitaque</strong></span> 
     </span>
    </p>
   </div>
   <div class='ocr_carea' id='block_1_97' title="bbox 248 4876 1903 4955">
    <p class='ocr_par' dir='ltr' id='par_1_97' title="bbox 248 4876 1903 4955">
     <span class='ocr_line' id='line_1_98' title="bbox 248 4876 1903 4955; baseline -0.008 -18"><span class='ocrx_word' id='word_1_710' title='bbox 248 4881 405 4952; x_wconf 69' lang='grc' dir='ltr'>ξαντο</span> <span class='ocrx_word' id='word_1_711' title='bbox 440 4903 455 4915; x_wconf 76' lang='grc' dir='ltr'>ο</span> <span class='ocrx_word' id='word_1_712' title='bbox 490 4879 586 4936; x_wconf 78' lang='grc' dir='ltr'><strong>καὶ</strong></span> <span class='ocrx_word' id='word_1_713' title='bbox 624 4877 874 4954; x_wconf 82' lang='grc' dir='ltr'>γεγόνασι</span> <span class='ocrx_word' id='word_1_714' title='bbox 918 4877 1206 4955; x_wconf 76' lang='grc' dir='ltr'>προσθήκη</span> <span class='ocrx_word' id='word_1_715' title='bbox 1254 4879 1353 4931; x_wconf 86' lang='grc' dir='ltr'><strong>τοῦ</strong></span> <span class='ocrx_word' id='word_1_716' title='bbox 1400 4876 1521 4930; x_wconf 87' lang='grc' dir='ltr'>καθ’</span> <span class='ocrx_word' id='word_1_717' title='bbox 1569 4877 1717 4950; x_wconf 76' lang='grc' dir='ltr'>ἡμᾶς</span> <span class='ocrx_word' id='word_1_718' title='bbox 1774 4899 1903 4933; x_wconf 81' lang='grc' dir='ltr'>συν-</span> 
     </span>
    </p>
   </div>
   <div class='ocr_carea' id='block_1_98' title="bbox 248 4962 1904 5048">
    <p class='ocr_par' dir='ltr' id='par_1_98' title="bbox 248 4962 1904 5048">
     <span class='ocr_line' id='line_1_99' title="bbox 248 4962 1904 5048; baseline -0.003 -19"><span class='ocrx_word' id='word_1_719' title='bbox 248 4973 430 5048; x_wconf 82' lang='grc' dir='ltr'>εδρίου</span> <span class='ocrx_word' id='word_1_720' title='bbox 467 4992 482 5005; x_wconf 87' lang='grc'><strong>·</strong></span> <span class='ocrx_word' id='word_1_721' title='bbox 519 4972 587 5026; x_wconf 88' lang='grc' dir='ltr'><strong>οὐ</strong></span> <span class='ocrx_word' id='word_1_722' title='bbox 617 4969 721 5045; x_wconf 84' lang='grc' dir='ltr'><strong>γάρ</strong></span> <span class='ocrx_word' id='word_1_723' title='bbox 750 4968 888 5024; x_wconf 87' lang='grc' dir='ltr'><strong>κατά</strong></span> <span class='ocrx_word' id='word_1_724' title='bbox 942 4967 1125 5043; x_wconf 79' lang='grc' dir='ltr'>βραχὺ</span> <span class='ocrx_word' id='word_1_725' title='bbox 1167 4968 1230 5021; x_wconf 88' lang='grc' dir='ltr'>τὸ</span> <span class='ocrx_word' id='word_1_726' title='bbox 1289 4962 1586 5022; x_wconf 85' lang='grc' dir='ltr'>κλυδώνιον</span> <span class='ocrx_word' id='word_1_727' title='bbox 1648 4965 1904 5024; x_wconf 82' lang='grc' dir='ltr'>ὐπεδίδου</span> 
     </span>
    </p>
   </div>
   <div class='ocr_carea' id='block_1_99' title="bbox 247 5053 1903 5137">
    <p class='ocr_par' dir='ltr' id='par_1_99' title="bbox 247 5053 1903 5137">
     <span class='ocr_line' id='line_1_100' title="bbox 247 5053 1903 5137; baseline -0.009 -20"><span class='ocrx_word' id='word_1_728' title='bbox 247 5060 372 5119; x_wconf 69' lang='grc' dir='ltr'>οὐδὲ</span> <span class='ocrx_word' id='word_1_729' title='bbox 403 5057 599 5137; x_wconf 83' lang='grc' dir='ltr'>σχολῇ</span> <span class='ocrx_word' id='word_1_730' title='bbox 646 5057 738 5113; x_wconf 82' lang='grc' dir='ltr'>καί</span> <span class='ocrx_word' id='word_1_731' title='bbox 786 5054 960 5133; x_wconf 80' lang='grc' dir='ltr'>βάδην</span> <span class='ocrx_word' id='word_1_732' title='bbox 996 5057 1071 5118; x_wconf 88' lang='grc' dir='ltr'>ὡς</span> <span class='ocrx_word' id='word_1_733' title='bbox 1104 5054 1164 5110; x_wconf 79' lang='grc' dir='ltr'><strong>ἃν</strong></span> <span class='ocrx_word' id='word_1_734' title='bbox 1199 5053 1324 5129; x_wconf 70' lang='grc' dir='ltr'>εἴπῃ</span> <span class='ocrx_word' id='word_1_735' title='bbox 1353 5076 1435 5117; x_wconf 88' lang='grc' dir='ltr'><strong>τις</strong></span> <span class='ocrx_word' id='word_1_736' title='bbox 1467 5057 1494 5111; x_wconf 87' lang='grc' dir='ltr'>ὁ</span> <span class='ocrx_word' id='word_1_737' title='bbox 1526 5058 1737 5131; x_wconf 85' lang='grc' dir='ltr'>χειμὼν</span> <span class='ocrx_word' id='word_1_738' title='bbox 1772 5057 1903 5113; x_wconf 83' lang='grc' dir='ltr'>ὖπε..</span> 
     </span>
    </p>
   </div>
   <div class='ocr_carea' id='block_1_100' title="bbox 247 5143 1901 5233">
    <p class='ocr_par' dir='ltr' id='par_1_100' title="bbox 247 5143 1901 5233">
     <span class='ocr_line' id='line_1_101' title="bbox 247 5143 1901 5233; baseline -0.002 -27"><span class='ocrx_word' id='word_1_739' title='bbox 247 5153 423 5233; x_wconf 82' lang='grc' dir='ltr'>χώρει</span> <span class='ocrx_word' id='word_1_740' title='bbox 452 5171 466 5184; x_wconf 88' lang='grc'><strong>·</strong></span> <span class='ocrx_word' id='word_1_741' title='bbox 504 5147 639 5205; x_wconf 82' lang='grc' dir='ltr'>ἀλλ’</span> <span class='ocrx_word' id='word_1_742' title='bbox 742 5150 849 5205; x_wconf 79' lang='grc' dir='ltr'><strong>τῶν</strong></span> <span class='ocrx_word' id='word_1_743' title='bbox 884 5145 1148 5222; x_wconf 80' lang='grc' dir='ltr'>μεγίστων</span> <span class='ocrx_word' id='word_1_744' title='bbox 1169 5167 1264 5200; x_wconf 84' lang='grc' dir='ltr'><strong>σου</strong></span> <span class='ocrx_word' id='word_1_745' title='bbox 1293 5143 1606 5218; x_wconf 87' lang='grc' dir='ltr'>θαυμασίων</span> <span class='ocrx_word' id='word_1_746' title='bbox 1639 5147 1651 5201; x_wconf 83' lang='lat' dir='ltr'><strong>l</strong></span> <span class='ocrx_word' id='word_1_747' title='bbox 1685 5147 1901 5221; x_wconf 77' lang='grc' dir='ltr'>Χριστὲ,</span> 
     </span>
    </p>
   </div>
   <div class='ocr_carea' id='block_1_101' title="bbox 247 5231 1902 5314">
    <p class='ocr_par' dir='ltr' id='par_1_101' title="bbox 247 5231 1902 5314">
     <span class='ocr_line' id='line_1_102' title="bbox 247 5231 1902 5314; baseline -0.003 -18"><span class='ocrx_word' id='word_1_748' title='bbox 247 5231 338 5314; x_wconf 71' lang='grc' dir='ltr'><strong>ἀμ’</strong></span> <span class='ocrx_word' id='word_1_749' title='bbox 368 5232 505 5300; x_wconf 73' lang='grc' dir='ltr'>ἔπος</span> <span class='ocrx_word' id='word_1_750' title='bbox 535 5239 629 5313; x_wconf 71' lang='grc' dir='ltr'>ἅμ’</span> <span class='ocrx_word' id='word_1_751' title='bbox 657 5231 815 5312; x_wconf 71' lang='grc' dir='ltr'>ἔργον</span> <span class='ocrx_word' id='word_1_752' title='bbox 844 5235 911 5304; x_wconf 78' lang='grc' dir='ltr'>ἦν</span> <span class='ocrx_word' id='word_1_753' title='bbox 944 5234 1018 5298; x_wconf 84' lang='grc' dir='ltr'><strong>ὡς</strong></span> <span class='ocrx_word' id='word_1_754' title='bbox 1051 5237 1079 5291; x_wconf 80' lang='grc' dir='ltr'>ὁ</span> <span class='ocrx_word' id='word_1_755' title='bbox 1129 5233 1311 5311; x_wconf 83' lang='grc' dir='ltr'>λόγος.</span> <span class='ocrx_word' id='word_1_756' title='bbox 1344 5236 1419 5291; x_wconf 87' lang='grc' dir='ltr'>Τὸ</span> <span class='ocrx_word' id='word_1_757' title='bbox 1449 5237 1548 5305; x_wconf 77' lang='grc' dir='ltr'>τῆς</span> <span class='ocrx_word' id='word_1_758' title='bbox 1596 5234 1790 5313; x_wconf 81' lang='grc' dir='ltr'>εὐχῆς,</span> <span class='ocrx_word' id='word_1_759' title='bbox 1839 5238 1902 5291; x_wconf 87' lang='grc' dir='ltr'>τὸ</span> 
     </span>
    </p>
   </div>
   <div class='ocr_carea' id='block_1_102' title="bbox 245 5320 1899 5402">
    <p class='ocr_par' dir='ltr' id='par_1_102' title="bbox 245 5320 1899 5402">
     <span class='ocr_line' id='line_1_103' title="bbox 245 5320 1899 5402; baseline -0.002 -19"><span class='ocrx_word' id='word_1_760' title='bbox 245 5335 340 5384; x_wconf 86' lang='grc' dir='ltr'><strong>τοῦ</strong></span> <span class='ocrx_word' id='word_1_761' title='bbox 385 5330 680 5399; x_wconf 78' lang='grc' dir='ltr'>σώζεσθαι,</span> <span class='ocrx_word' id='word_1_762' title='bbox 725 5326 800 5388; x_wconf 82' lang='grc' dir='ltr'><strong>ὡς</strong></span> <span class='ocrx_word' id='word_1_763' title='bbox 854 5320 994 5398; x_wconf 70' lang='grc' dir='ltr'>μηδὲ</span> <span class='ocrx_word' id='word_1_764' title='bbox 1040 5327 1322 5402; x_wconf 79' lang='grc' dir='ltr'>χειμῶνος</span> <span class='ocrx_word' id='word_1_765' title='bbox 1371 5324 1682 5379; x_wconf 84' lang='grc' dir='ltr'>οὑτινοσοῦν</span> <span class='ocrx_word' id='word_1_766' title='bbox 1723 5322 1899 5380; x_wconf 86' lang='grc' dir='ltr'>δοκεῖν</span> 
     </span>
    </p>
   </div>
   <div class='ocr_carea' id='block_1_103' title="bbox 244 5415 947 5492">
    <p class='ocr_par' dir='ltr' id='par_1_103' title="bbox 244 5415 947 5492">
     <span class='ocr_line' id='line_1_104' title="bbox 244 5415 947 5492; baseline -0.009 -18"><span class='ocrx_word' id='word_1_767' title='bbox 244 5421 319 5484; x_wconf 84' lang='grc' dir='ltr'><strong>ὡς</strong></span> <span class='ocrx_word' id='word_1_768' title='bbox 356 5421 544 5476; x_wconf 79' lang='grc' dir='ltr'>εἰπεῖν</span> <span class='ocrx_word' id='word_1_769' title='bbox 573 5415 947 5492; x_wconf 73' lang='grc' dir='ltr'>πεπειρᾶσθαι.</span> 
     </span>
    </p>
   </div>
   <div class='ocr_carea' id='block_1_104' title="bbox 317 5595 1899 5676">
    <p class='ocr_par' dir='ltr' id='par_1_104' title="bbox 317 5595 1899 5676">
     <span class='ocr_line' id='line_1_105' title="bbox 317 5595 1899 5676; baseline -0.002 -20"><span class='ocrx_word' id='word_1_770' title='bbox 317 5600 450 5657; x_wconf 72' lang='grc' dir='ltr'><strong>ΚΒ⁰.</strong></span> <span class='ocrx_word' id='word_1_771' title='bbox 514 5599 591 5655; x_wconf 89' lang='grc' dir='ltr'>Οὐ</span> <span class='ocrx_word' id='word_1_772' title='bbox 650 5599 758 5673; x_wconf 70' lang='grc' dir='ltr'><strong>μὴν</strong></span> <span class='ocrx_word' id='word_1_773' title='bbox 813 5596 960 5655; x_wconf 82' lang='grc' dir='ltr'>ἀλλᾶ</span> <span class='ocrx_word' id='word_1_774' title='bbox 1012 5597 1103 5653; x_wconf 72' lang='grc' dir='ltr'><strong>καὶ</strong></span> <span class='ocrx_word' id='word_1_775' title='bbox 1160 5599 1457 5676; x_wconf 83' lang='grc' dir='ltr'>προσετέθη</span> <span class='ocrx_word' id='word_1_776' title='bbox 1516 5601 1596 5673; x_wconf 74' lang='grc' dir='ltr'><strong>τῷ</strong></span> <span class='ocrx_word' id='word_1_777' title='bbox 1667 5595 1899 5674; x_wconf 67' lang='grc' dir='ltr'>θαύματι</span> 
     </span>
    </p>
   </div>
   <div class='ocr_carea' id='block_1_105' title="bbox 321 5780 1338 5855">
    <p class='ocr_par' dir='ltr' id='par_1_105' title="bbox 321 5780 1338 5855">
     <span class='ocr_line' id='line_1_106' title="bbox 321 5780 1338 5855; baseline -0.006 -11"><span class='ocrx_word' id='word_1_778' title='bbox 321 5785 365 5823; x_wconf 80' lang='grc'>¹¹</span> <span class='ocrx_word' id='word_1_779' title='bbox 394 5790 604 5844; x_wconf 74' lang='lat' dir='ltr'><strong>Alnos.</strong></span> <span class='ocrx_word' id='word_1_780' title='bbox 624 5799 684 5847; x_wconf 74' lang='grc' dir='ltr'><strong>ν,</strong></span> <span class='ocrx_word' id='word_1_781' title='bbox 709 5781 765 5837; x_wconf 89' lang='grc'><strong>8.</strong></span> <span class='ocrx_word' id='word_1_782' title='bbox 791 5781 838 5819; x_wconf 79' lang='grc'><strong>¹²</strong></span> <span class='ocrx_word' id='word_1_783' title='bbox 858 5780 1010 5842; x_wconf 87' lang='lat' dir='ltr'><strong>Psal.</strong></span> <span class='ocrx_word' id='word_1_784' title='bbox 1050 5799 1253 5855; x_wconf 77' lang='lat' dir='ltr'><strong>Lxxvn,</strong></span> <span class='ocrx_word' id='word_1_785' title='bbox 1282 5781 1338 5838; x_wconf 82' lang='lat'><strong>9.</strong></span> 
     </span>
    </p>
   </div>
   <div class='ocr_carea' id='block_1_106' title="bbox 2013 4876 3646 4954">
    <p class='ocr_par' dir='ltr' id='par_1_106' title="bbox 2013 4876 3646 4954">
     <span class='ocr_line' id='line_1_107' title="bbox 2013 4876 3646 4954; baseline -0.006 -14"><span class='ocrx_word' id='word_1_786' title='bbox 2013 4901 2191 4951; x_wconf 88' lang='lat' dir='ltr'><strong>more,</strong></span> <span class='ocrx_word' id='word_1_787' title='bbox 2223 4899 2254 4939; x_wconf 90' lang='lat' dir='ltr'><strong>e</strong></span> <span class='ocrx_word' id='word_1_788' title='bbox 2302 4882 2546 4954; x_wconf 84' lang='lat' dir='ltr'><strong>vestigio</strong></span> <span class='ocrx_word' id='word_1_789' title='bbox 2594 4882 2665 4936; x_wconf 88' lang='lat' dir='ltr'><strong>ad</strong></span> <span class='ocrx_word' id='word_1_790' title='bbox 2715 4880 3008 4935; x_wconf 84' lang='lat' dir='ltr'><strong>Christum</strong></span> <span class='ocrx_word' id='word_1_791' title='bbox 3056 4878 3403 4944; x_wconf 85' lang='lat' dir='ltr'><strong>transibant,</strong></span> <span class='ocrx_word' id='word_1_792' title='bbox 3435 4876 3646 4932; x_wconf 88' lang='lat' dir='ltr'><strong>nostri-</strong></span> 
     </span>
    </p>
   </div>
   <div class='ocr_carea' id='block_1_107' title="bbox 2013 4964 3644 5047">
    <p class='ocr_par' dir='ltr' id='par_1_107' title="bbox 2013 4964 3644 5047">
     <span class='ocr_line' id='line_1_108' title="bbox 2013 4964 3644 5047; baseline -0.004 -20"><span class='ocrx_word' id='word_1_793' title='bbox 2013 4990 2125 5047; x_wconf 87' lang='lat' dir='ltr'><strong>que</strong></span> <span class='ocrx_word' id='word_1_794' title='bbox 2139 4971 2595 5028; x_wconf 85' lang='lat' dir='ltr'><strong>additamentum</strong></span> <span class='ocrx_word' id='word_1_795' title='bbox 2614 4975 2800 5026; x_wconf 68' lang='lat' dir='ltr'><strong>castus</strong></span> <span class='ocrx_word' id='word_1_796' title='bbox 2813 4968 3025 5023; x_wconf 76' lang='lat' dir='ltr'><strong>ﬁebant</strong></span> <span class='ocrx_word' id='word_1_797' title='bbox 3042 4983 3057 5033; x_wconf 91' lang='lat'><strong>;</strong></span> <span class='ocrx_word' id='word_1_798' title='bbox 3075 4982 3188 5021; x_wconf 89' lang='lat' dir='ltr'><strong>non</strong></span> <span class='ocrx_word' id='word_1_799' title='bbox 3200 4966 3357 5021; x_wconf 91' lang='lat' dir='ltr'><strong>enim</strong></span> <span class='ocrx_word' id='word_1_800' title='bbox 3372 4964 3644 5037; x_wconf 83' lang='lat' dir='ltr'><strong>paulatim</strong></span> 
     </span>
    </p>
   </div>
   <div class='ocr_carea' id='block_1_108' title="bbox 2014 5054 3648 5126">
    <p class='ocr_par' dir='ltr' id='par_1_108' title="bbox 2014 5054 3648 5126">
     <span class='ocr_line' id='line_1_109' title="bbox 2014 5054 3648 5126; baseline -0.007 -7"><span class='ocrx_word' id='word_1_801' title='bbox 2014 5066 2301 5119; x_wconf 86' lang='lat' dir='ltr'><strong>undarum</strong></span> <span class='ocrx_word' id='word_1_802' title='bbox 2335 5061 2588 5117; x_wconf 87' lang='lat' dir='ltr'><strong>subsidit</strong></span> <span class='ocrx_word' id='word_1_803' title='bbox 2624 5065 2839 5124; x_wconf 87' lang='lat' dir='ltr'><strong>tumor,</strong></span> <span class='ocrx_word' id='word_1_804' title='bbox 2875 5073 2979 5113; x_wconf 89' lang='lat' dir='ltr'><strong>nec</strong></span> <span class='ocrx_word' id='word_1_805' title='bbox 3009 5072 3141 5111; x_wconf 91' lang='lat' dir='ltr'><strong>cum</strong></span> <span class='ocrx_word' id='word_1_806' title='bbox 3170 5071 3329 5110; x_wconf 90' lang='lat' dir='ltr'><strong>moro</strong></span> <span class='ocrx_word' id='word_1_807' title='bbox 3362 5054 3562 5126; x_wconf 87' lang='lat' dir='ltr'><strong>aliqua</strong></span> <span class='ocrx_word' id='word_1_808' title='bbox 3582 5071 3648 5109; x_wconf 88' lang='lat' dir='ltr'><strong>ac</strong></span> 
     </span>
    </p>
   </div>
   <div class='ocr_carea' id='block_1_109' title="bbox 2012 5142 3647 5224">
    <p class='ocr_par' dir='ltr' id='par_1_109' title="bbox 2012 5142 3647 5224">
     <span class='ocr_line' id='line_1_110' title="bbox 2012 5142 3647 5224; baseline -0.007 -16"><span class='ocrx_word' id='word_1_809' title='bbox 2012 5152 2425 5224; x_wconf 88' lang='lat' dir='ltr'><strong>pedetentium,</strong></span> <span class='ocrx_word' id='word_1_810' title='bbox 2452 5155 2515 5204; x_wconf 89' lang='lat' dir='ltr'><strong>ut</strong></span> <span class='ocrx_word' id='word_1_811' title='bbox 2535 5164 2600 5204; x_wconf 94' lang='lat' dir='ltr'><strong>eo</strong></span> <span class='ocrx_word' id='word_1_812' title='bbox 2622 5153 2855 5203; x_wconf 81' lang='lat' dir='ltr'><strong>utamur</strong></span> <span class='ocrx_word' id='word_1_813' title='bbox 2883 5145 3074 5211; x_wconf 87' lang='lat' dir='ltr'><strong>verbo,</strong></span> <span class='ocrx_word' id='word_1_814' title='bbox 3102 5143 3344 5199; x_wconf 86' lang='lat' dir='ltr'><strong>recessit</strong></span> <span class='ocrx_word' id='word_1_815' title='bbox 3373 5142 3647 5215; x_wconf 87' lang='lat' dir='ltr'><strong>procella,</strong></span> 
     </span>
    </p>
   </div>
   <div class='ocr_carea' id='block_1_110' title="bbox 2012 5231 3646 5310">
    <p class='ocr_par' dir='ltr' id='par_1_110' title="bbox 2012 5231 3646 5310">
     <span class='ocr_line' id='line_1_111' title="bbox 2012 5231 3646 5310; baseline -0.006 -13"><span class='ocrx_word' id='word_1_816' title='bbox 2012 5243 2135 5310; x_wconf 89' lang='lat' dir='ltr'><strong>sed,</strong></span> <span class='ocrx_word' id='word_1_817' title='bbox 2151 5258 2183 5295; x_wconf 93' lang='lat' dir='ltr'><strong>o</strong></span> <span class='ocrx_word' id='word_1_818' title='bbox 2204 5244 2490 5296; x_wconf 85' lang='lat' dir='ltr'><strong>immensa</strong></span> <span class='ocrx_word' id='word_1_819' title='bbox 2512 5236 2794 5293; x_wconf 83' lang='lat' dir='ltr'><strong>miracula</strong></span> <span class='ocrx_word' id='word_1_820' title='bbox 2814 5241 2915 5290; x_wconf 91' lang='lat' dir='ltr'><strong>tua</strong></span> <span class='ocrx_word' id='word_1_821' title='bbox 2933 5232 2945 5289; x_wconf 81' lang='grc' dir='ltr'><strong>ι</strong></span> <span class='ocrx_word' id='word_1_822' title='bbox 2971 5231 3404 5299; x_wconf 88' lang='lat' dir='ltr'><strong>Christe,simul</strong></span> <span class='ocrx_word' id='word_1_823' title='bbox 3428 5232 3646 5287; x_wconf 88' lang='lat' dir='ltr'><strong>dictum</strong></span> 
     </span>
    </p>
   </div>
   <div class='ocr_carea' id='block_1_111' title="bbox 2013 5320 3651 5401">
    <p class='ocr_par' dir='ltr' id='par_1_111' title="bbox 2013 5320 3651 5401">
     <span class='ocr_line' id='line_1_112' title="bbox 2013 5320 3651 5401; baseline -0.007 -14"><span class='ocrx_word' id='word_1_824' title='bbox 2013 5333 2347 5401; x_wconf 85' lang='lat' dir='ltr'><strong>factumque</strong></span> <span class='ocrx_word' id='word_1_825' title='bbox 2378 5333 2521 5396; x_wconf 85' lang='lat' dir='ltr'><strong>erat,</strong></span> <span class='ocrx_word' id='word_1_826' title='bbox 2556 5334 2621 5383; x_wconf 91' lang='lat' dir='ltr'><strong>ut</strong></span> <span class='ocrx_word' id='word_1_827' title='bbox 2649 5325 2820 5398; x_wconf 90' lang='lat' dir='ltr'><strong>vulgo</strong></span> <span class='ocrx_word' id='word_1_828' title='bbox 2844 5324 3096 5380; x_wconf 89' lang='lat' dir='ltr'><strong>dicitur:</strong></span> <span class='ocrx_word' id='word_1_829' title='bbox 3132 5320 3306 5377; x_wconf 89' lang='lat' dir='ltr'><strong>simul</strong></span> <span class='ocrx_word' id='word_1_830' title='bbox 3343 5326 3537 5376; x_wconf 90' lang='lat' dir='ltr'><strong>votum</strong></span> <span class='ocrx_word' id='word_1_831' title='bbox 3573 5323 3651 5376; x_wconf 90' lang='lat' dir='ltr'><strong>ni-</strong></span> 
     </span>
    </p>
   </div>
   <div class='ocr_carea' id='block_1_112' title="bbox 2011 5407 3653 5490">
    <p class='ocr_par' dir='ltr' id='par_1_112' title="bbox 2011 5407 3653 5490">
     <span class='ocr_line' id='line_1_113' title="bbox 2011 5407 3653 5490; baseline -0.006 -14"><span class='ocrx_word' id='word_1_832' title='bbox 2011 5421 2223 5476; x_wconf 88' lang='lat' dir='ltr'><strong>mirum</strong></span> <span class='ocrx_word' id='word_1_833' title='bbox 2254 5426 2309 5475; x_wconf 88' lang='lat' dir='ltr'><strong>et</strong></span> <span class='ocrx_word' id='word_1_834' title='bbox 2356 5419 2527 5490; x_wconf 90' lang='lat' dir='ltr'><strong>plena</strong></span> <span class='ocrx_word' id='word_1_835' title='bbox 2582 5414 2952 5471; x_wconf 86' lang='lat' dir='ltr'><strong>incolumitas</strong></span> <span class='ocrx_word' id='word_1_836' title='bbox 2997 5413 3097 5471; x_wconf 84' lang='lat' dir='ltr'><strong>ita.</strong></span> <span class='ocrx_word' id='word_1_837' title='bbox 3158 5414 3221 5464; x_wconf 92' lang='lat' dir='ltr'><strong>ut</strong></span> <span class='ocrx_word' id='word_1_838' title='bbox 3269 5408 3429 5464; x_wconf 82' lang='lat' dir='ltr'><strong>haud</strong></span> <span class='ocrx_word' id='word_1_839' title='bbox 3473 5407 3653 5466; x_wconf 85' lang='lat' dir='ltr'><strong>ullam</strong></span> 
     </span>
    </p>
   </div>
   <div class='ocr_carea' id='block_1_113' title="bbox 2007 5496 3373 5583">
    <p class='ocr_par' dir='ltr' id='par_1_113' title="bbox 2007 5496 3373 5583">
     <span class='ocr_line' id='line_1_114' title="bbox 2007 5496 3373 5583; baseline -0.009 -18"><span class='ocrx_word' id='word_1_840' title='bbox 2007 5510 2185 5583; x_wconf 89' lang='lat' dir='ltr'><strong>probe</strong></span> <span class='ocrx_word' id='word_1_841' title='bbox 2213 5508 2405 5567; x_wconf 87' lang='lat' dir='ltr'><strong>dicam</strong></span> <span class='ocrx_word' id='word_1_842' title='bbox 2435 5504 2654 5579; x_wconf 83' lang='lat' dir='ltr'><strong>experti</strong></span> <span class='ocrx_word' id='word_1_843' title='bbox 2685 5503 3012 5560; x_wconf 78' lang='lat' dir='ltr'><strong>viderentur</strong></span> <span class='ocrx_word' id='word_1_844' title='bbox 3039 5496 3373 5572; x_wconf 87' lang='lat' dir='ltr'><strong>procellam.</strong></span> 
     </span>
    </p>
   </div>
   <div class='ocr_carea' id='block_1_114' title="bbox 2079 5586 3646 5665">
    <p class='ocr_par' dir='ltr' id='par_1_114' title="bbox 2079 5586 3646 5665">
     <span class='ocr_line' id='line_1_115' title="bbox 2079 5586 3646 5665; baseline -0.008 -8"><span class='ocrx_word' id='word_1_845' title='bbox 2079 5598 2246 5658; x_wconf 84' lang='lat' dir='ltr'><strong>XXII.</strong></span> <span class='ocrx_word' id='word_1_846' title='bbox 2277 5599 2424 5665; x_wconf 90' lang='lat' dir='ltr'><strong>Quin</strong></span> <span class='ocrx_word' id='word_1_847' title='bbox 2444 5602 2502 5656; x_wconf 89' lang='lat' dir='ltr'><strong>et</strong></span> <span class='ocrx_word' id='word_1_848' title='bbox 2531 5610 2744 5654; x_wconf 89' lang='lat' dir='ltr'><strong>novum</strong></span> <span class='ocrx_word' id='word_1_849' title='bbox 2776 5588 3050 5650; x_wconf 88' lang='lat' dir='ltr'><strong>miraculo</strong></span> <span class='ocrx_word' id='word_1_850' title='bbox 3093 5586 3337 5646; x_wconf 85' lang='lat' dir='ltr'><strong>accessit</strong></span> <span class='ocrx_word' id='word_1_851' title='bbox 3389 5587 3646 5646; x_wconf 72' lang='lat' dir='ltr'><strong>miracu~</strong></span> 
     </span>
    </p>
   </div>
  </div>
