4118 6214
423 403 541 482 239

1728 415 2123 485 THEODULI
2170 418 2523 483 MONACHI

3712 422 3833 482 2&0

424 558 586 630 lum;
619 560 832 633 quippe
863 563 1029 615 nocte
1057 559 1283 627 eadem,
1335 564 1397 615 ut
1445 563 1645 631 postea
1694 564 2057 630 compertum

2187 557 2353 628 ὶαῦμα
2388 576 2401 589 ·
2430 562 2529 624 τῆς
2587 554 2689 628 γὰρ
2739 552 2906 621 αὐτῆς
2943 553 3138 614 νυκτὸς
3186 553 3261 615 ὡς
3299 551 3483 607 ἔπειτα
3531 555 3831 630 καταφανὲς

425 655 536 717 est,
568 651 638 705 de
671 647 927 721 periculo
973 647 1079 704 ﬁlii
1125 648 1396 704 certiores
1452 648 1732 705 divinitus
1787 648 1918 704 facti
1962 664 2070 718 pa-

428 742 642 803 rentes,
664 753 767 809 pro
780 753 845 794 eo
858 754 923 793 ac
937 737 1535 809 debuerunt,graviter
1548 739 1745 794 animo
1771 738 2070 809 angeban-

429 835 560 883 tur:
584 830 641 882 et
669 825 950 899 quidquid
981 825 1076 884 hic
1105 827 1229 900 opis
1259 831 1544 898 poterant,
1583 827 1868 883 laboranti
1923 826 2067 881 fere-

426 915 588 983 bant,
620 914 1076 972 ferventissimae
1096 916 1156 971 in
1178 932 1376 988 preces
1398 917 1827 983 incumbentes,
1849 916 2071 971 omnia-

425 1021 537 1077 que
570 1008 634 1059 ut
662 1003 855 1074 ipsum
887 1005 1213 1060 discrimini
1246 1005 1535 1076 eriperent
1566 1005 1910 1062 molientes:
1946 1012 2068 1059 tum

431 1110 564 1149 mox
577 1093 693 1148 voti
711 1109 837 1149 sese
850 1103 1144 1164 compotes
1157 1095 1338 1150 factos
1350 1094 1710 1166 esseliquido
1724 1092 2068 1164 intelligere,

428 1184 775 1239 abscedente
805 1182 956 1238 illico
975 1199 1090 1238 non
1111 1183 1284 1239 modo
1301 1184 1462 1239 omni
1491 1184 1851 1254 egritudinis
1872 1198 2071 1250 sensu,

428 1272 528 1329 sed
572 1272 814 1328 invicem
865 1271 1139 1327 ineffabili
1203 1274 1452 1343 quadam
1502 1271 1796 1343 voluptate
1844 1274 2074 1328 animos

428 1363 689 1434 ipsorum
712 1358 1001 1431 replente:
1033 1362 1187 1431 quod
1221 1359 1613 1417 clarissimum
1665 1361 1897 1433 signum
1951 1365 2071 1416 erat

432 1448 812 1523 prosperioris
838 1448 942 1503 filii
978 1455 1186 1516 status,
1228 1455 1571 1521 quantaeque
1633 1468 1745 1505 una
1804 1467 1936 1505 cum
1974 1448 2071 1504 illo

430 1556 580 1596 cura:
616 1540 729 1594 Deo
776 1544 988 1593 essent.
1049 1539 1400 1608 Hujusmodi
1458 1538 1729 1609 equidem
1782 1538 2073 1611 navigatio

430 1628 743 1685 fuit:adso
769 1626 868 1681 illa
899 1627 1162 1682 omnium
1223 1626 1570 1682 difficillima
1622 1643 1688 1685 ac
1728 1629 2072 1699 asperrima,

429 1723 494 1774 ut
543 1718 590 1773 si
624 1716 955 1772 evenissent
1002 1731 1127 1787 quea
1179 1716 1557 1772 minitabatur
1613 1716 2071 1789 haudquaquam

428 1808 602 1878 digna
623 1809 777 1861 esset
803 1804 969 1875 cujus
1002 1803 1119 1859 ulla
1149 1809 1484 1876 superesset
1507 1805 1786 1861 memoria
1819 1823 1833 1860 :
1865 1822 2072 1863 rursus

2178 643 2434 720 ἐγεγόνει,
2468 645 2533 697 τὰ
2589 646 2686 697 τοῦ
2744 639 2936 703 παιδὸς
2993 638 3234 719 δυσχερῆ
3280 643 3461 697 θεόθεν
3494 642 3543 696 οἱ
3577 646 3837 718 γεννήτο-

2181 753 2259 805 ρει
2318 730 2738 804 ὲμπνευσθέντες
2800 732 3132 804 ἀγωνιῶντες
3188 731 3324 799 ἦσαν
3386 731 3461 793 ὡς
3522 730 3692 795 εἰκός,
3741 730 3834 786 καὶ

2181 821 2263 881 οἲς
2317 821 2465 895 εἶχον
2508 819 2644 894 πρὸς
2692 818 3012 892 συμμαχίαν
3060 816 3305 895 ἐχρῶντο
3347 837 3360 850 ·
3413 816 3833 880 θεοκλυτοῦντες

2178 909 2317 964 πάνυ
2378 911 2593 982 θερμῶς
2647 907 2742 961 καὶ
2801 904 2954 969 ὅπως
3011 906 3173 969 οὗτος
3232 904 3454 977 ἐξάντης
3514 900 3661 961 ἔσται
3736 910 3837 961 τοῦ

2179 994 2432 1052 κινδύνου
2462 997 2635 1051 πάντα
2662 999 2949 1057 ποιοῦντες
2984 1015 2996 1027 ·
3031 997 3120 1050 καὶ
3156 994 3342 1069 μέντοι
3390 995 3480 1051 καὶ
3526 996 3600 1050 ὦν
3652 993 3839 1071 ἐπήγ-

2179 1085 2380 1161 γελλον
2424 1085 2703 1153 τυχόντες,
2756 1082 2988 1160 ἔγνωσαν
3050 1083 3327 1162 ἐμφανῶς,
3360 1085 3467 1160 οὐχ
3525 1085 3674 1147 ὅπως
3732 1092 3838 1150 τῆς

2184 1176 2416 1248 ἀθυμίας
2475 1174 2806 1229 παντάπασιν
2870 1174 3024 1235 εὐθὺς
3069 1173 3365 1243 ἀπιούσης,
3399 1173 3544 1229 ἀλλὰ
3583 1176 3672 1229 καί
3705 1171 3839 1244 ἡδο-

2182 1264 2282 1333 νῆς
2333 1263 2537 1341 ἀφάτου
2585 1261 2939 1334 πλησθέντες,
2983 1265 3283 1336 τεκμήριον
3330 1263 3541 1339 ἐναργὲς
3587 1271 3685 1333 τῆς
3732 1267 3834 1319 τοῦ

2181 1351 2378 1416 παιδὸς
2407 1352 2723 1428 εὐπραγίας,
2754 1351 2847 1405 καὶ
2895 1351 3019 1407 ὅσον
3080 1350 3245 1406 αὐτοῦ
3300 1372 3360 1408 τε
3416 1351 3676 1407 κάκείνων
3737 1352 3831 1425 μὲ-

2184 1442 2268 1497 λει
2292 1447 2428 1514 Θεῷ.
2453 1442 2515 1500 Ὁ
2549 1444 2643 1515 μὲν
2677 1439 2744 1512 δή
2785 1440 2983 1514 πλοῦς,
3011 1445 3282 1513 τοιοῦτος,
3322 1442 3412 1497 καὶ
3458 1446 3650 1497 τοῦτον
3696 1439 3827 1515 ἔσχε

2182 1530 2273 1585 τὸν
2307 1532 2509 1605 τρόπον
2547 1549 2559 1561 ·
2592 1530 2736 1585 οὕτω
2784 1530 2879 1603 μὲν
2942 1529 3335 1604 χαλεπώτατος
3392 1532 3482 1585 καὶ
3540 1529 3830 1609 δυσφορώ-

2181 1639 2340 1681 τατος
2400 1620 2611 1674 πάντων
2658 1618 2966 1698 ἀναφανεὶς,
3017 1618 3090 1682 ὡς
3148 1619 3194 1674 εἰ
3252 1618 3285 1674 ἃ
3332 1620 3549 1693 πράξειν
3610 1618 3830 1689 ἠπείλει

2184 1713 2350 1764 ῦαῦτα
2381 1708 2771 1784 προύχώρησε,
2809 1704 2940 1781 μηδ’
2973 1710 3031 1762 ἃν
3085 1707 3233 1771 ὅλως
3281 1706 3435 1778 ἥκειν
3482 1707 3560 1772 εἷς
3606 1709 3834 1781 μνήμην

2180 1798 2483 1873 ἀξιόχρεως
2516 1798 2648 1852 εἶναι
2686 1818 2696 1829 ·
2735 1795 2877 1852 οὕτω
2909 1795 2966 1852 δὲ
3014 1796 3228 1852 πολλοῦ
3273 1818 3417 1859 τινος
3460 1796 3624 1852 ἔπειτ’
3684 1796 3836 1866 ἄξιος

426 1862 589 1952 tanto
627 1894 826 1950 eadem
869 1862 1072 1965 postea
1134 1894 1193 1949 in
1226 1862 1425 1965 ‘pretio
1476 1895 1680 1951 merito
1738 1894 1960 1964 habita,
2010 1900 2072 1951 ut

2187 1862 2435 1963 yayo'vibc,
2476 1887 2551 1948 ὡς
2595 1883 2734 1959 μηδὲ
2777 1891 2893 1948 τοῖς
2952 1885 3388 1964 ἐπιγιγνομένοις
3447 1887 3722 1964 σιγᾶσθαι,
3752 1889 3833 1958 τῷ

432 2000 536 2040 nec
595 1983 837 2054 posteris
892 1981 1122 2037 silentio
1205 1983 1700 2050 transmittuntur,
1752 1983 1919 2054 queis
1995 1990 2077 2040 tot

432 2079 841 2142 tantorumque
853 2071 1130 2126 bonorum
1152 2072 1443 2143 praecipua
1460 2071 1735 2128 nimirum
1751 2088 1930 2128 causa
1946 2072 2074 2133 fuit,

431 2164 571 2217 dum
605 2169 840 2216 caeteros
863 2159 1096 2231 quidem
1117 2176 1147 2215 e
1172 2161 1426 2216 tenebris
1452 2162 1509 2215 in
1535 2162 1719 2216 lucem
1751 2162 1966 2231 venire,
1988 2161 2078 2216 lu-

430 2251 607 2309 strico
655 2249 1102 2321 regenerationis
1152 2249 1380 2305 lavacro
1449 2250 1736 2306 Servatori
1783 2268 1889 2306 suo
1937 2251 2076 2307 ado-

429 2340 604 2415 ptari,
636 2340 869 2411 coegit:
903 2339 996 2394 cui
1045 2338 1149 2393 hoc
1196 2337 1394 2411 ipsum
1438 2338 1572 2394 ﬁdei
1624 2348 2072 2409 sacramentum,

432 2428 584 2486 velut
611 2431 856 2500 accepta:
888 2426 1102 2483 salutis
1152 2427 1403 2500 pretium
1453 2428 1806 2484 deferebant.
1856 2428 2075 2500 Grego-

432 2519 584 2572 rium
620 2531 750 2572 vero
783 2532 898 2570 non
945 2516 1115 2585 paulo
1166 2514 1465 2571 meliorem
1507 2516 2074 2587 constantioremque

431 2604 637 2673 effecit,
670 2604 773 2676 qui
794 2605 875 2659 ita
904 2609 1171 2660 materna
1199 2604 1486 2676 promissa
1525 2604 1856 2674 renovabat,
1899 2622 2074 2678 seque

433 2701 546 2751 Deo
576 2699 764 2750 totum
798 2694 950 2749 bona
978 2692 1091 2748 fide
1119 2693 1438 2750 addicebat.

504 2782 699 2838 XXIII.
732 2781 861 2838 Jam
892 2797 1024 2837 vero
1059 2783 1209 2837 hunc
1236 2781 1295 2837 in
1344 2782 1536 2839 locum
1587 2784 1892 2839 adductam
1941 2799 2071 2840 ora-

433 2873 673 2938 tionem,
704 2875 766 2926 ut
793 2869 1053 2925 Athenas
1084 2870 1242 2942 ipsas
1272 2871 1630 2943 ingressura,
1672 2873 1893 2944 virique
1935 2871 2073 2928 illuc

430 2963 749 3019 adventum
802 2976 1123 3031 expensum
1207 2961 1303 3029 sit,
1372 2963 1867 3032 quemadmodum
1923 2969 2075 3020 recte

432 3056 604 3122 atque
634 3050 832 3106 ordine
864 3049 1163 3105 instituam
1195 3066 1261 3105 ac
1303 3067 1607 3123 exsequar,
1657 3052 1910 3109 incertus
1958 3053 2073 3108 ha:-

435 3155 554 3206 reo,
606 3155 793 3211 neque
849 3137 1004 3194 enim
1074 3144 1385 3211 postquam
1428 3141 1488 3196 iu
1554 3157 1751 3197 rerum
1804 3142 2075 3199 harumce

2180 1976 2459 2033 τοσούτων
2490 1976 2580 2031 καὶ
2611 1976 2955 2047 τηλικούτων
3007 1976 3223 2051 ἀγαθῶν
3275 1976 3455 2056 σφίσιν
3506 1976 3832 2037 αἰτιώτατος

2181 2073 2509 2135 καταστῆναι
2543 2084 2557 2097 ⁸
2606 2064 2732 2127 τοὺς
2791 2066 2886 2137 μὲν
2941 2065 3000 2120 ἐκ
3055 2068 3279 2129 σκότους
3341 2065 3416 2129 εἷς
3475 2071 3589 2144 φῶς
3652 2064 3832 2120 ἐλθεῖν

2186 2156 2513 2231 ἀναγκάσας,
2545 2153 2758 2209 καὶδιά
2812 2159 2908 2209 τοῦ
2962 2153 3198 2231 λουτροῦ
3255 2162 3357 2226 τῆς
3414 2153 3831 2231 παλιγγενεσίας

2183 2245 2568 2314 εἰσποιηθῆναι
2600 2248 2677 2315 τῷ
2711 2246 2938 2304 ςώσαντι
2975 2265 2985 2277 ·
3019 2244 3201 2313 ὥσπερ
3232 2247 3351 2300 τινὰ
3394 2250 3615 2319 σῶστρα
3660 2264 3832 2318 προσ-

2185 2334 2520 2409 ενηνοχότας
2553 2336 2652 2404 τὴν
2684 2335 2866 2390 πίστιν
2904 2357 2916 2367 ·
2962 2336 3053 2390 τὸν
3103 2332 3183 2404 δὲ,
3228 2333 3427 2407 πολλῷ
3472 2333 3690 2390 καλλίω
3738 2331 3829 2389 καὶ

2187 2420 2534 2499 βεϐαιότερον
2568 2424 2846 2502 ἀποφήνας
2877 2445 2889 2457 ·
2931 2424 3369 2498 ἀνανεωσάμενον
3420 2425 3515 2497 μὲν
3573 2424 3668 2485 τὰς
3726 2430 3829 2492 τῆς

2188 2515 2394 2589 μητρὸς
2445 2512 2796 2589 ὑποσχέσεις,
2848 2515 2976 2570 ὅλον
3050 2513 3106 2570 δὲ
3166 2516 3402 2588 καθάπαξ
3452 2515 3639 2570 ἑαυτὸν
3705 2515 3831 2568 ἀναο

2183 2603 2337 2658 θέντα
2367 2607 2501 2675 Θεῷ.

2255 2784 2378 2840 K1".
2438 2782 2714 2838 Μέλλοντι
2765 2781 2822 2839 δὲ
2853 2784 3094 2853 Ἀθηνῶν
3128 2778 3444 2853 ἐπιϐαίνειν,
3484 2783 3575 2838 καὶ
3603 2782 3705 2853 τὴν
3748 2779 3837 2837 ὲν-

2180 2873 2348 2927 ταῦθα
2407 2872 2644 2948 πάροδον
2698 2877 2797 2929 τοῦ
2853 2872 3047 2947 ἀνδρὸς
3106 2871 3386 2945 ἐξετάζειν,
3420 2872 3519 2928 οὐκ
3568 2870 3676 2927 οἶδ’
3720 2873 3750 2927 δ
3780 2895 3833 2928 τι

2181 2965 2259 3031 τῷ
2298 2959 2450 3036 λόγῳ
2494 2965 2800 3037 χρήσομαι,
2851 2962 2966 3018 οὐδ’
3014 2962 3162 3025 ὅπως
3211 2963 3273 3018 ἂν
3334 2962 3494 3018 αὐτὸν
3540 2958 3783 3033 διαθείην
3812 2978 3829 2996 ⁶

2184 3047 2307 3104 οὔτε
2336 3051 2435 3124 γὰρ
2480 3050 2667 3122 ἐπειδὴ
2717 3051 2925 3108 τούτων
2973 3053 3130 3117 οὗτος
3189 3050 3436 3126 ἐμνήσθη
3495 3049 3825 3127 παραλιπεῖν

2181 3140 2329 3212 ἡμᾶς
2415 3136 2517 3210 δεῖ,
2574 3145 2682 3195 τῶν
2750 3143 3083 3216 πραγμάτων
3160 3140 3338 3217 λέγειν
3396 3140 3827 3217 ἀναγκαζόντων,

437 3208 793 3285 mentionem
840 3228 1023 3284 oratio
1076 3208 1304 3295 incidit,
1368 3229 1499 3286 illas
1581 3232 1847 3287 omittere
1908 3232 2074 3287 nobis

2187 3228 2489 3305 πάνταγὰρ
2542 3228 2731 3308 ἐφεξῆς
2791 3232 2857 3285 τὰ
2910 3229 3108 3284 τούτου
3157 3228 3339 3304 λέγειν
3368 3230 3740 3305 προύθέμεθα,
3768 3230 3831 3286 τό

434 3320 748 3390 integrum,
803 3317 975 3374 rebus
1019 3315 1300 3374 nimirum
1350 3319 1492 3390 ipsis
1542 3320 1770 3376 dicendi
1824 3324 2079 3378 necessi-

434 3411 613 3464 tatem
642 3406 1057 3463 affcrentibus:
1091 3406 1558 3481 quandoquidem
1608 3409 1806 3465 omnia
1854 3415 1910 3466 et
1957 3410 2076 3465 sin-

435 3496 572 3569 gula
603 3495 785 3552 nostri
819 3512 923 3552 sua
954 3495 1099 3552 serie
1145 3497 1386 3553 reddere
1434 3498 1602 3554 nobis
1645 3499 2075 3569 proposuimus.

431 3590 657 3642 Rursus
696 3585 971 3658 quoniam
1003 3586 1339 3656 neutiquam
1372 3603 1475 3659 par
1525 3587 1717 3658 nobis,
1760 3594 1935 3660 atque
1967 3591 2077 3658 ipsi

432 3674 763 3747 (Epitaphio
794 3671 1015 3744 Basilii)
1074 3673 1194 3729 haec
1248 3674 1374 3746 ipsa
1416 3676 1780 3732 describendi
1830 3677 2078 3734 facultas

433 3767 541 3831 est,
565 3762 708 3819 illud
738 3779 841 3817 nos
875 3764 1292 3834 prepemodum
1326 3763 1397 3818 ab
1442 3762 1515 3819 iis
1547 3767 1958 3836 quoquomodo
1991 3776 2076 3823 at-

433 3852 727 3922 tingendis
754 3859 1012 3907 revocat:
1037 3851 1260 3908 scilicet
1288 3852 1472 3909 solius
1503 3852 1762 3925 Gregorii
1798 3856 1902 3912 hoc
1948 3874 2079 3927 pro-

430 3942 623 4016 prium
653 3948 760 4009 est,
795 3945 859 3996 ut
887 3946 943 3996 et
975 3941 1137 3997 factis
1180 3941 1428 4013 egregiis
1482 3944 1703 3998 castoris
1742 3944 2079 4001 hominibus

432 4032 689 4099 antistet,
722 4041 779 4086 et
807 4029 1003 4085 divina
1063 4032 1311 4101 quadam
1354 4033 1542 4103 gratia
1596 4032 1790 4088 eadem
1832 4051 2081 4090 comme-

434 4129 652 4187 moret;
703 4120 865 4176 solus
906 4119 1022 4176 illis
1083 4122 1239 4175 enim
1272 4137 1486 4189 revera,
1522 4142 1550 4170 «
1586 4122 1876 4179 Verborum
1912 4126 2080 4180 bonus

430 4214 639 4277 arator,
671 4224 965 4281 rerumque
994 4217 1286 4265 eratartor
1334 4211 1434 4283 (1).
1459 4232 1487 4261 ››
1543 4212 1654 4267 Sed
1700 4210 1807 4268 hoc
1854 4219 2078 4270 tantum

432 4299 643 4365 dicam,
677 4298 832 4372 quod
883 4298 962 4353 ita
1007 4314 1145 4354 cum
1195 4298 1339 4355 inter
1397 4316 1459 4355 se
1517 4307 1739 4372 mutuo,
1776 4310 1901 4358 tum
1948 4319 2077 4359 cum

431 4386 886 4443 Atheniensibus
909 4392 1101 4443 noster
1121 4391 1178 4443 et
1200 4387 1467 4457 Basilius,
1495 4391 1576 4445 vir
1604 4392 1889 4463 optimus,
1914 4394 2082 4448 Athe-

434 4478 525 4533 nis
556 4476 820 4543 vixerint,
857 4479 921 4531 ut
943 4477 1161 4547 majore
1184 4477 1424 4533 omnino
1463 4479 1520 4533 in
1576 4480 1956 4537 admiratione
2016 4499 2081 4538 ac

433 4565 651 4620 honore
681 4565 834 4635 apud
887 4562 1019 4619 illos
1071 4565 1304 4632 fuerint,
1356 4581 1531 4636 quam
1576 4568 1869 4638 hospitum
1918 4573 2078 4642 quis—
2111 4557 2156 4622 Ι)
2188 4594 2272 4627 ναι
2309 4590 2322 4604 ο

436 4670 632 4726 quam.
665 4654 765 4724 qui
795 4670 861 4709 ea
892 4653 948 4707 in
987 4653 1128 4709 urbe
1170 4653 1483 4726 aliquando
1542 4660 1750 4713 versati
1802 4662 2021 4714 fuerant
2060 4676 2073 4716 :

429 4743 604 4814 idque
654 4749 774 4798 tum
833 4742 1049 4814 ingenii
1092 4743 1439 4816 virtutisque
1494 4763 1612 4801 suas
1662 4749 1890 4816 merito,
1950 4755 2077 4805 tum

432 4832 587 4902 quod
622 4832 769 4886 ultro
806 4847 1034 4899 omnes,
1066 4835 1343 4888 omnibus
1384 4836 1442 4889 in
1505 4842 1702 4905 rebus,
1736 4838 1953 4908 primas
2008 4840 2077 4895 ad

431 4920 590 4990 ipsos
658 4920 952 4975 deferrent
1009 4936 1022 4974 :
1086 4937 1291 4976 rursus
1365 4922 1472 4993 ipsi
1576 4925 1726 4979 inter
1807 4942 1869 4981 se
1964 4943 2078 4983 non

432 5008 603 5063 modo
632 5008 778 5063 alter
808 5009 936 5080 ipse
968 5013 1207 5080 uterque
1237 5027 1387 5075 esse,
1434 5013 1534 5067 sed
1593 5012 1723 5084 plus
1771 5016 1944 5069 etiam
1995 5016 2079 5071 al-

2186 3321 2231 3372 τ’
2262 3314 2329 3371 αὖ
2371 3319 2447 3390 μή
2481 3316 2731 3374 δύνασθαι
2780 3318 2959 3394 τούτῳ
3002 3318 3415 3395 παραπλησόως
3442 3320 3648 3374 τούτων
3686 3341 3834 3393 μνη-

2185 3408 2400 3478 σθῆναι,
2440 3406 2631 3482 ἀπάγει
2681 3407 2873 3479 δήπως
2925 3413 3021 3464 τοῦ
3066 3410 3156 3464 καὶ
3206 3411 3415 3478 ἀπηοῦν
3447 3407 3656 3465 τούτων
3690 3430 3831 3482 μνη-

2187 3496 2375 3559 σθῆναι
2409 3514 2421 3527 ’
2466 3495 2636 3570 μόνου
2690 3498 2791 3574 γὰρ
2844 3498 3049 3553 ἐκείνου
3106 3499 3196 3553 καὶ
3246 3498 3499 3563 πράττειν
3543 3498 3677 3572 ὑπὲρ
3706 3497 3834 3559 τούς

2185 3582 2413 3655 ἄλλους,
2446 3586 2534 3640 καὶ
2567 3588 2688 3659 μεθ’
2728 3587 3012 3666 ὑπερφυῶν
3043 3592 3149 3644 τῶν
3199 3586 3445 3662 χαρίυων
3494 3586 3649 3643 ταυτὶ
3718 3584 3840 3657 διη-

2186 3675 2418 3750 γεῖσθαι,
2452 3672 2541 3730 διὰ
2566 3678 2629 3731 τὸ
2654 3678 2816 3748 μόνον
2850 3678 2923 3740 ὡς
2957 3676 3201 3749 ἀληθῶς,
3230 3702 3259 3730 ‹‹
3306 3678 3491 3751 μόθων
3524 3698 3583 3731 τε
3637 3675 3838 3752 ῥητῆρ’

2186 3762 2395 3837 ἔμεναι,
2430 3770 2719 3838 πρηκτῆρά
2746 3787 2803 3821 τε
2844 3762 3037 3842 ἔργων.
3073 3790 3100 3819 ››
3144 3766 3292 3836 Πλὴν
3330 3771 3591 3822 τοσοῦτον
3623 3763 3834 3836 εἴποιμ’

2187 3851 2270 3920 ἂν,
2305 3852 2387 3907 ὅτι
2419 3859 2659 3909 τοιοῦτοι
2693 3852 2760 3926 δή
2792 3876 2935 3918 τινες
2983 3854 3212 3910 ἐνταῦθα
3258 3855 3394 3928 πρὸς
3427 3853 3714 3925 ἂλλήλους
3744 3853 3836 3907 καὶ

2190 3940 2514 4010 Ἀθηναίους
2571 3945 2735 4008 αὐτός
2792 3966 2850 4000 τε
2885 3945 2974 4001 καὶ
3024 3944 3306 4007 Βασίλειος
3329 3944 3603 4020 γεγόνασιν
3633 3945 3662 3999 ὁ
3696 3963 3838 4019 χρη-

2189 4038 2336 4099 στὸς.
2372 4038 2448 4097 ὡς
2476 4040 2593 4096 τοῖς
2637 4034 2730 4107 μὲν
2777 4035 2904 4109 παρ’
2962 4035 3312 4090 οὑστινασοῦν
3362 4040 3471 4090 τῶν
3502 4036 3717 4089 πώποτ’
3759 4033 3836 4095 εἷς

2189 4124 2385 4188 αὐτοὺς
2444 4124 2760 4201 ἀφιγμένων
2818 4125 3193 4196 θαυμασθῆναι
3250 4122 3340 4178 καὶ
3388 4120 3833 4192 σπουδασθῆναι·

2187 4215 2278 4269 καὶ
2337 4216 2547 4294 φύσεως
2607 4210 2784 4267 εἵνεκα
2844 4211 2992 4287 λέγω
3040 4214 3129 4268 καὶ
3183 4212 3404 4281 ἀρετῆς,
3436 4212 3660 4268 καὶτοῦ
3689 4211 3836 4285 παρὰ

2189 4308 2408 4360 πάντων
2456 4303 2509 4359 ἐν
2569 4304 2733 4358 ἅπασι
2803 4305 3346 4380 συγκεχωρηκότοςο
3404 4303 3558 4358 αὐτοὶ
3616 4300 3675 4357 δὲ
3731 4301 3840 4376 οὐχ

2189 4393 2313 4448 ὅσον
2346 4392 2520 4454 ἄλλος
2549 4391 2711 4454 αὐτὸς
2742 4392 2990 4465 ἑκάτερος
3029 4392 3164 4447 εἶναι
3210 4390 3531 4465 σπουδάσαι,
3562 4391 3709 4448 ἀλλά
3747 4391 3837 4446 καὶ

2189 4483 2353 4539 πλέον
2396 4484 2648 4553 ἑκάτερος
2690 4482 2950 4555 ἑκατέρῳ,
2989 4483 3024 4551 ἢ
3067 4482 3317 4558 ἑκάτερος
3339 4485 3532 4556 ,ἑαυτῷ
3570 4484 3838 4555 νομισθῆ-

2387 4570 2561 4633 οὕτως
2620 4570 2709 4635 εὶςη
2745 4571 2979 4646 ἓταιρίος
3021 4570 3212 4647 λόγου,
3253 4570 3434 4627 καινὸν
3461 4591 3514 4626 τι
3547 4573 3744 4644 χρῆμα
3773 4570 3837 4624 τὸ

2184 4662 2304 4717 κατ’
2360 4659 2555 4721 αὐτοὺς
2610 4660 2846 4737 ἀνεφάνη
2905 4665 2983 4733 τῷ
3024 4661 3130 4735 βίῳ
3164 4682 3177 4695 ·
3223 4660 3436 4736 μᾶλλον
3470 4660 3529 4716 δὲ
3566 4658 3751 4734 ὥσπερ
3782 4659 3836 4715 ἐν

2185 4753 2314 4805 πᾶσι
2375 4754 2495 4812 τοῖς
2551 4746 2763 4816 ἄλλοις,
2827 4748 2970 4803 οὕτω
3036 4750 3126 4804 καὶ
3194 4750 3420 4805 ἐνταῦθα
3498 4747 3838 4825 διαφέροντες

2186 4839 2322 4908 ἦσαν
2357 4858 2370 4870 ο
2416 4837 2596 4910 ὥσπερ
2647 4836 2746 4893 οὐκ
2792 4839 3115 4913 ἀνεχόμενοι
3177 4841 3252 4913 μή
3310 4840 3410 4907 τὴν
3464 4845 3565 4908 τῆς
3624 4838 3835 4915 φύσεως

2188 4927 2500 5000 πλεονεξίαν
2532 4925 2840 4982 διαπάντων
2874 4926 3139 4984 δεικνύναι
3171 4928 3261 4983 καὶ
3309 4927 3385 4988 ὡς
3443 4928 3580 4983 κατὰ
3635 4927 3837 4987 παντὸς

2191 5016 2416 5071 ὁτουοῦν
2453 5017 2701 5093 φέρονται
2732 5018 2953 5092 κράτος.

431 5103 519 5154 ter
551 5097 739 5165 alteri,
773 5114 949 5169 quam
984 5097 1257 5155 alteruter
1289 5102 1423 5167 sibi,
1454 5118 1576 5158 esse
1633 5104 1943 5176 haberique
2000 5107 2455 5164 adnitebantur:
2502 5125 2688 5178 usque
2746 5112 2887 5166 adeo
2936 5126 3153 5166 novum
3204 5109 3697 5181 coniunctissima:
3755 5106 3837 5163 fa-

431 5186 782 5243 miliaritatis
812 5189 1144 5261 exemplum
1202 5208 1305 5261 per
1357 5191 1484 5261 ipos
1528 5193 1656 5246 vitae
1706 5193 1974 5250 humanas
2032 5207 2331 5253 ostensum
2398 5199 2550 5252 fuit:
2586 5200 2708 5254 sive
2765 5199 2959 5270 potius
3015 5200 3508 5270 quemadmodum
3559 5200 3614 5253 in
3676 5203 3843 5254 eate-

434 5277 515 5331 ris
564 5275 861 5345 omnibus,
919 5278 1001 5333 ita
1055 5277 1113 5333 in
1172 5278 1282 5335 hoc
1339 5280 1517 5335 etiam
1569 5282 1946 5353 excellebant,
2005 5290 2175 5356 quasi
2226 5288 2374 5342 ferre
2433 5288 2761 5358 nequirent,
2819 5289 2961 5359 quin
3016 5296 3237 5346 natura:
3282 5305 3401 5344 sua:
3442 5287 3841 5360 praestantiam

433 5365 710 5437 exemplis
739 5367 1014 5423 omnibus
1044 5370 1417 5441 spectandam
1451 5372 1789 5442 praeberent,
1822 5379 1880 5431 et
1909 5392 2248 5446 quacunque
2278 5377 2335 5432 in
2370 5394 2429 5433 re
2459 5369 2714 5449 palmam
2742 5378 2855 5450 ipsi
2890 5381 3124 5435 ferrent.

507 5453 705 5513 XXIV.
741 5458 903 5514 Hunc
934 5459 991 5514 in
1026 5460 1263 5516 modum
1296 5478 1429 5517 cum
1492 5463 1679 5519 affecti
1726 5468 2081 5538 animalique

434 5551 648 5612 essent,
671 5548 823 5617 quod
865 5549 1160 5606 discedere
1209 5550 1460 5611 Basilius
1508 5559 1565 5611 et
1604 5555 1675 5610 ad
1744 5572 1848 5614 sua
1899 5556 2081 5616 redire

510 5723 590 5805 (1)
617 5725 775 5787 Iliad.
811 5728 1007 5798 1,445.

2263 5467 2379 5523 ΚΔ’.
2412 5464 2566 5521 Οὕτω
2597 5465 2644 5522 δ’
2696 5463 2918 5543 ἔχοντες
2975 5472 3062 5524 καὶ
3111 5472 3304 5525 τοῦτον
3357 5467 3685 5544 διακείμενοι
3749 5465 3842 5540 δήο

2190 5575 2296 5611 που
2349 5556 2445 5611 me.
2504 5556 2726 5635 τρόπον,
2786 5556 3078 5636 ἐπειδήπερ
3137 5560 3165 5616 ὁ
3226 5561 3321 5636 μὲν
3353 5553 3583 5635 ἔμελλεν
3641 5558 3840 5616 ἐκεῖθεν
