4118 6214
325 313 427 374 211

1326 319 1727 382 LAUDATIO
1771 321 1842 383 S.
1885 316 2254 380 GBEGORII
2297 315 2716 378 'l‘HEOl.OGl.

3603 313 3722 377 242

316 447 628 522 ἀναχωρεῖν
666 449 753 502 καὶ
805 447 1036 506 κάθοδον
1064 449 1149 505 ἐπὶ
1199 451 1266 506 τὰ
1297 449 1442 506 οἴκοι
1490 453 1784 519 ποιεῖσθαι,
1819 458 1959 526 Γρη-

2076 452 2200 524 jam
2236 451 2492 522 parabat,
2527 467 2638 504 non
2671 449 2723 502 id
2759 465 2918 518 miluo
2949 448 3145 503 animo
3187 447 3330 504 ferre
3384 450 3718 522 Gregorius,

309 535 494 610 γορίῳ
541 557 598 610 γε
653 538 762 610 μὴν
793 538 893 594 οῦκ
932 535 1005 594 ἔτ’
1053 539 1272 596 ἀνεκτὸν
1323 541 1470 595 τοῦτ’
1508 542 1597 612 ἦν,
1645 538 1770 596 οὐδὲ
1815 539 1974 620 φιλο·

311 631 505 700 σοοεῖν
539 625 656 690 οἷός
683 628 733 680 τ’
760 629 852 698 ἦν,
884 627 1030 685 ἀλλά
1061 630 1152 684 καὶ
1180 629 1317 705 πρὸς
1361 625 1534 703 μόνην
1568 631 1818 706 ἀπεχθῶ,
1847 628 1976 705 ἔσχε

305 715 417 783 τήν
449 715 646 785 ἀκοήν,
679 719 804 773 τότε
852 715 920 787 δὴ
953 721 1258 798 σαφέστατα
1310 717 1590 796 διεδείχθη
1642 720 1822 776 καὶτὸ
1872 725 1974 789 τῆς

309 805 624 876 συμπνοίας
680 806 856 864 αὐτῶν
909 805 1263 886 διαπεφυκός.
1329 810 1418 866 καί
1478 811 1607 865 ὅσου
1682 808 1748 882 δή
1826 828 1973 870 τινος

312 893 635 963 ’Δθηναίοις
682 896 748 950 τά
793 900 940 974 σφῶν
993 896 1243 971 ἐτιμᾶτο.
1298 899 1690 974 Περιχυθὲντες
1736 899 1837 974 γὰρ
1880 901 1969 956 καὶ

311 984 664 1061 προσφύντες
696 981 972 1056 ἀλλήλοις
1019 987 1110 1041 καὶ
1136 989 1258 1042 οἷον
1283 986 1339 1043 ’ἐν
1387 987 1554 1066 ἄμφω
1585 988 1874 1063 γενόμενοι
1901 993 1970 1064 τῇ

313 1093 378 1128 τε
410 1077 511 1127 τοῦ
544 1070 747 1148 ἔρωτος
777 1079 996 1150 κατοχῇ
1025 1080 1105 1148 τῷ
1136 1097 1196 1132 τε
1223 1077 1352 1139 τοὺς
1393 1077 1717 1146 ’Δθηναίους
1743 1078 1836 1134 καὶ
1886 1081 1971 1141 οἷς

315 1161 551 1217 ἐποίουν
583 1163 669 1217 καὶ
703 1164 788 1225 οἷς
820 1157 1006 1239 ἔλεγον
1041 1168 1420 1242 χορηγοῦντας
1452 1165 1514 1220 οὖ
1554 1171 1765 1241 μικρῶς
1799 1166 1972 1244 ἴσχειν

313 1255 400 1322 τῷ
426 1250 609 1306 πάθει.
643 1250 830 1313 Οὕτως
880 1253 1098 1332 εἴχοντο
1130 1256 1218 1308 καὶ
1273 1254 1616 1330 κατείχοντο,
1645 1255 1735 1311 καὲ
1787 1254 1970 1331 ὥσπερ

314 1345 476 1417 σφῶν
514 1341 693 1395 αὐτῶν
745 1339 1014 1413 ἀλλήλων
1059 1341 1396 1417 ἀντείχοντο,
1429 1344 1503 1406 ὡς
1555 1344 1810 1419 ἑκάτερον
1853 1347 1972 1401 ἕκα-

312 1431 482 1503 τὲρου
511 1434 627 1492 τοῖς
677 1429 895 1502 μέλεσιν
947 1431 1290 1487 ἐναποθανεῖν
1341 1429 1504 1502 ἥδιου
1553 1433 1776 1508 κρίνειν,
1811 1435 1846 1505 ἤ
1877 1435 1970 1491 καὶ

314 1519 582 1592 ’ὁμωσοῦν
633 1517 963 1595 διεζεῦχθαι,
1003 1517 1109 1584 ἕως
1168 1521 1236 1577 τά
1292 1522 1388 1595 μὶν
1445 1529 1544 1592 τῆς
1603 1524 1838 1600 ἀνάγκης
1893 1525 1970 1587 ὡς

314 1607 467 1669 εἰκὸς
519 1609 862 1681 ἡττηθέντες,
911 1611 977 1664 τὰ
1026 1608 1074 1665 δ’
1105 1607 1309 1674 εἰδότες
1357 1611 1448 1666 καὶ
1497 1611 1845 1686 πεπεισμένοι
1892 1615 1971 1677 ὡς

313 1695 406 1751 ὅτι
436 1696 654 1772 τάχιστ’
691 1695 979 1768 ἀλλήλους
1029 1697 1252 1773 ὄψονται
1277 1700 1364 1755 καὶ
1400 1700 1707 1756 συνέσονται
1739 1720 1754 1736 ⁸
1783 1703 1872 1757 καὶ
1900 1701 1969 1758 τὰ

2080 555 2186 597 nec
2217 539 2592 612 philosophias
2614 554 2733 594 sua;
2753 536 3231 610 tranquillitatem
3258 549 3450 594 tenere
3469 539 3717 612 amplius

2079 632 2328 702 poterat,
2362 628 2461 684 sed
2495 627 2585 683 vel
2619 627 2799 683 solam
2849 627 3146 684 discessus
3181 627 3540 685 auditionem
3590 645 3714 702 per-

2079 717 2468 775 horrescehat.
2515 716 2619 772 Hic
2667 731 2808 772 sane
2857 715 3326 772 luculentissimo
3371 717 3716 774 documento

2079 812 2137 865 et
2165 806 2612 864 necessitudinis
2643 805 2876 861 illorum
2909 821 3181 876 germana
3223 804 3572 878 penitusque
3624 807 3718 863 in-

2077 899 2220 956 scita
2250 897 2476 954 indoles
2506 896 2791 969 apparuit,
2826 900 2884 952 et
2914 900 3128 968 quanto
3166 897 3312 968 ipsis
3349 897 3718 954 Atheniensi-

2078 989 2188 1044 bus
2209 987 2268 1042 in
2298 985 2481 1060 pretio
2511 991 2724 1042 essent.
2757 983 2980 1056 Quippe
3010 984 3342 1042 circumfusi
3363 986 3715 1042 arctissimo-

2075 1093 2186 1149 que
2233 1075 2503 1149 amplexu
2561 1073 2707 1130 alter
2759 1073 2922 1130 alteri
2971 1072 3258 1130 haerentes
3313 1079 3370 1130 et
3397 1075 3570 1132 ambo
3617 1090 3713 1131 ve-

2076 1167 2164 1222 lut
2219 1165 2280 1221 in
2339 1180 2519 1221 unum
2573 1163 2800 1220 confusi
2858 1179 3092 1235 corpus,
3135 1169 3256 1218 tum
3317 1164 3504 1220 mutui
3550 1181 3714 1220 amo-

2075 1255 2154 1311 ris
2182 1255 2236 1310 vi
2267 1261 2437 1326 atque
2473 1253 2697 1320 afﬂatu,
2740 1255 2865 1307 tum
2916 1251 3068 1324 quod
3121 1251 3372 1308 multum
3421 1252 3529 1310 olei
3579 1253 3716 1311 huic

2069 1344 2308 1401 illorum
2365 1343 2484 1415 igni
2565 1343 2736 1398 dictis
2805 1341 3090 1414 factisque
3147 1343 3272 1398 suis
3339 1343 3716 1400 Athenienses
3805 1417 3808 1420 ἢ

2073 1433 2584 1507 superfunderent,
2664 1432 2743 1488 ita
2834 1431 3125 1488 harebant
3235 1430 3716 1489 continebantur-

2073 1538 2206 1596 que,
2269 1538 2456 1595 neque
2501 1521 2672 1578 aliter
2749 1519 2894 1577 alter
2947 1519 3192 1576 alterum
3259 1536 3437 1593 quam
3497 1524 3716 1578 semet-

2071 1613 2267 1684 ipsum
2301 1611 2636 1684 complexus
2665 1609 2962 1668 detinebat
2993 1627 3007 1667 :
3041 1613 3105 1666 ut
3125 1610 3358 1682 utrique
3380 1609 3615 1666 dulcius
3635 1609 3717 1664 vi-

2068 1703 2300 1759 deretur
2321 1700 2490 1759 amici
2521 1701 2896 1758 inhaerentem
2927 1700 3176 1756 artubus
3203 1699 3462 1756 animam
3493 1699 3714 1768 efflare,

312 1785 605 1860 πόῤῥωθεν
634 1785 958 1864 φιλοσοφίας
989 1791 1111 1863 πὲρι
1141 1789 1231 1844 καὶ
1261 1793 1358 1845 τοῦ
1401 1795 1503 1859 τῆς
1535 1787 1676 1860 ὅλης
1720 1788 1959 1867 δρασμοῦ

2071 1808 2251 1866 quam
2283 1791 2404 1848 ullo
2425 1792 2560 1848 inde
2590 1791 2762 1847 modo
2792 1789 3010 1848 divelli.
3044 1791 3233 1848 Donec
3272 1793 3400 1848 tum
3452 1789 3716 1848 necessi-

313 1873 653 1948 συνδόξαντα
683 1874 860 1954 σφίσιν
893 1876 1016 1930 ὅσον
1069 1877 1174 1932 οὐκ
1215 1875 1325 1946 ἤδη
1375 1877 1540 1952 πέρας
1571 1880 1768 1954 σχήσει
1815 1901 1959 1958 χρη-

2073 1887 2192 1939 tate
2237 1882 2388 1954 ipsa,
2439 1887 2503 1938 ut
2540 1899 2644 1953 par
2689 1885 2832 1952 erat,
2881 1881 3223 1954 expugnati,
3273 1889 3394 1938 tum
3427 1880 3614 1953 ignari
3647 1897 3715 1938 ac

313 1964 473 2030 στὸν,
507 1962 674 2036 μόλις
704 1961 986 2031 διέστησαν
1019 1965 1126 2020 ε’ίεν
1160 1985 1174 1998 ·
1218 1969 1379 2022 τοῦτο
1413 1970 1508 2038 μὲν
1557 1965 1624 2036 δή
1671 1973 1916 2024 τοιοῦτον
1947 1989 1964 2006 ο

311 2052 349 2107 ὅ
380 2051 428 2107 δ’
463 2053 598 2126 ὑπὲρ
646 2052 813 2108 αὐτοῦ
850 2053 1046 2108 τούτου
1098 2053 1339 2125 μάλιστα
1388 2054 1566 2128 λέγειν
1615 2054 1844 2130 ἔχομεν,
1874 2057 1964 2114 καὶ

308 2142 347 2198 ’ὁ
376 2141 490 2214 πρὸ
527 2145 640 2196 τῶν
668 2139 854 2196 ἄλλων
900 2141 974 2195 ὧν
1015 2135 1134 2221 ἔχει
1178 2147 1371 2198 τοῦτον
1426 2145 1673 2214 σεμνύνει
1719 2147 1806 2200 καὶ
1858 2146 1964 2217 πρὸ

307 2231 424 2284 τῶν
473 2229 663 2285 ἄλλων
707 2230 1004 2304 ἀνθρώπων
1053 2232 1290 2300 τίθησιν,
1341 2234 1434 2287 ἅτε
1481 2234 1697 2288 πάντων
1751 2234 1966 2306 ἀγαθῶν

311 2319 590 2394 ὗπερὲχον
625 2337 642 2351 ο
689 2319 782 2374 καὶ
809 2319 986 2392 τούτῳ
1034 2318 1400 2397 διαφερόντως
1437 2323 1661 2396 προσὸν,
1693 2324 1843 2376 τοῦθ’
1889 2323 1966 2386 ὡς

311 2409 374 2464 ἂν
405 2412 527 2470 οἷός
560 2431 616 2464 τε
646 2409 712 2470 ὦ,
741 2407 902 2464 δώσω
931 2414 1010 2481 τῷ
1043 2411 1196 2486 λόγῳ
1227 2431 1242 2444 °
1275 2408 1401 2466 οὐδὲ
1431 2411 1534 2488 γάρ
1567 2413 1682 2468 ἐπεὶ
1711 2413 1808 2468 τὸν
1838 2415 1963 2486 περὶ

309 2498 526 2554 τούτων
588 2500 840 2554 ἁπάντων
895 2497 1058 2574 λόγον
1113 2500 1250 2570 ἅπαξ
1309 2499 1705 2573 ἐνεστησάμην,
1759 2502 1847 2556 καὶ
1899 2502 1964 2558 τὸ

307 2588 570 2659 καταξίαν
617 2587 1008 2662 ἐνεστησάμην.
1052 2585 1192 2644 Οὐδὲ
1244 2594 1446 2665 μικροῦ
1496 2587 1578 2646 δεῖ
1605 2609 1620 2621 ⁸
1672 2590 1817 2646 ἀλλά
1863 2596 1962 2646 τοῦ

313 2674 494 2749 λέγειν
523 2673 715 2736 ἁπλῶς
759 2673 1099 2748 σωζομένου,
1131 2673 1220 2730 ἐὰν
1275 2677 1370 2748 μὲν
1412 2677 1502 2731 καὶ
1550 2681 1714 2732 τοῦτο
1757 2680 1959 2750 προσῇ,

311 2763 540 2820 πολλοῦ
569 2786 716 2826 τινος
744 2761 894 2819 ἔσται
921 2769 1002 2837 τῷ
1032 2763 1188 2842 λόγῳ
1219 2785 1232 2800 ⁶
1274 2766 1362 2822 ἐὰν
1395 2764 1453 2822 δὲ
1502 2769 1604 2840 μὴ,
1635 2765 1787 2823 οὐδὲν
1833 2789 1961 2845 φασι

309 2856 454 2926 πρὸς
481 2856 576 2909 τὸν
608 2855 802 2930 λόγον.

2075 1973 2339 2044 persuasi
2370 1973 2490 2028 fore
2518 1979 2584 2028 ut
2613 1971 2870 2043 perbrevi
2909 1971 3192 2044 temporis
3240 1971 3562 2038 intervallo,
3611 1971 3714 2027 ite-

2071 2077 2204 2117 rum
2235 2064 2384 2117 inter
2413 2077 2476 2117 se
2509 2061 2768 2116 viderent
2805 2077 2872 2116 ao
2919 2064 3421 2128 conversarentur,
3453 2063 3510 2114 et
3555 2061 3711 2132 quod

2073 2151 2298 2207 dudum
2328 2152 2398 2206 de
2435 2150 2724 2206 sanctiore
2757 2148 3144 2220 philosophia,
3193 2148 3563 2221 materiaeque
3593 2166 3716 2206 cor-

2073 2257 2258 2312 porca:
2290 2240 2446 2311 fuga,
2479 2239 2860 2295 constitutum
2903 2238 3210 2304 habebant,
3263 2237 3433 2309 paulo
3471 2245 3603 2309 post
3641 2239 3712 2294 ad

2074 2333 2336 2400 optatum
2369 2329 2611 2384 exitium
2635 2337 3046 2398 perventurum
3075 2334 3250 2394 esset,
3285 2341 3435 2398 agre
3472 2327 3713 2384 tandem

2073 2421 2284 2476 diversi
2327 2421 2569 2478 abitant.
2619 2421 2728 2477 Sed
2769 2421 2912 2490 hac,
2963 2437 3089 2493 qum
3143 2419 3478 2489 huiusmodi
3530 2420 3715 2488 fuere,

2073 2509 2374 2566 hactenus.
2428 2511 2708 2566 Ceterum
2759 2510 2914 2582 quod
2984 2508 3272 2582 praecipue
3319 2509 3391 2565 de
3439 2507 3715 2580 Gregorio

2072 2605 2270 2655 nostro
2302 2599 2493 2655 dicere
2521 2599 2822 2667 habemus,
2857 2599 3009 2669 quod
3039 2597 3208 2654 illum
3253 2613 3434 2669 supra
3481 2601 3716 2654 ceteras
3777 2607 3780 2618 '

2070 2685 2255 2756 ipsius
2283 2687 2450 2742 dotes
2479 2687 2872 2754 commendat,
2931 2690 3284 2757 cisterosque
3323 2701 3504 2756 supra
3558 2701 3716 2741 mor-

2073 2773 2217 2830 tales
2273 2773 2506 2844 attollit,
2540 2779 2602 2831 ut
2653 2775 2935 2831 bonorum
2994 2774 3262 2830 omnium
3333 2773 3610 2843 primum,
3657 2778 3716 2832 et

2074 2879 2190 2935 quo
2221 2863 2320 2922 ille
2349 2863 2730 2936 singulariter
2771 2867 3012 2920 ornatus
3049 2866 3195 2931 erat,
3226 2862 3285 2918 id
3339 2877 3498 2919 nunc
3547 2869 3713 2934 prout

310 2950 519 3016 potero
552 2945 746 3001 verbis
767 2945 1142 3016 complectar.
1192 2949 1535 3020 Quanquam
1595 2949 1746 3004 enim
1807 2951 1879 3002 de
1938 2951 2222 3008 universis
2267 2955 2452 3009 nostri
2494 2952 2667 3010 rebus
2706 2951 2884 3009 semel
2935 2951 3127 3008 dicere
3179 2949 3433 3020 institui,
3475 2949 3714 3007 minime

307 3035 447 3090 ideo
472 3053 575 3105 pro
605 3034 890 3106 dignitate
911 3051 1112 3091 earum
1147 3036 1338 3092 dicere
1376 3037 1638 3104 institui;
1692 3040 1832 3093 nihil
1891 3040 2145 3110 profecto
2201 3043 2418 3112 minus,
2457 3043 2738 3099 nimirum
2783 3043 2926 3098 dum
2974 3042 3126 3098 bona
3173 3040 3286 3097 fide
3333 3041 3502 3096 modo
3554 3039 3712 3097 dica-

311 3140 474 3186 mus,
520 3123 569 3178 si
601 3131 660 3178 et
698 3122 808 3178 hoc
863 3124 1170 3180 accesserit
1219 3125 1416 3191 decus,
1468 3128 1663 3197 magni
1703 3128 1970 3197 equidem
2013 3129 2154 3186 illud
2191 3132 2262 3187 ad
2312 3131 2592 3188 orationis
2630 3131 3000 3202 splendorem
3036 3131 3316 3187 referret:
3349 3129 3441 3186 sin
3489 3129 3709 3196 minus,

310 3213 463 3268 nihil
489 3213 572 3277 id,
604 3212 756 3282 quod
784 3212 969 3281 aiunt,
1001 3213 1070 3267 ad
1103 3214 1427 3270 orationem
1454 3215 1638 3285 ipsum
1663 3215 1852 3272 faciet.

385 3302 510 3356 ΚΕ.
544 3300 828 3356 Ἀπάντων
867 3300 963 3373 μὲν
998 3299 1092 3354 οῦν
1146 3306 1435 3376 μετασχεῖν
1467 3307 1576 3356 τῶν
1620 3302 1956 3367 καλλίστων,

2143 3310 2315 3367 XXV.
2346 3311 2474 3368 Jam
2514 3316 2580 3366 ut
2619 3309 3145 3382 pulcherrimarum
3195 3323 3396 3365 rerum
3443 3307 3708 3365 omnium

306 3389 405 3446 καὶ
435 3390 591 3444 ταῦθ’
638 3389 782 3462 ὁμοῦ
810 3383 1120 3458 ξυλλαϐεῖν,
1153 3390 1254 3445 οὐκ
1300 3387 1424 3446 οἶδα
1452 3389 1563 3463 ὅτῳ
1613 3396 1721 3447 τῶν
1770 3393 1828 3448 ἐκ
1865 3392 1961 3448 τοῦ

305 3479 519 3538 παντὸς
559 3477 760 3538 αἰῶνος
812 3477 1033 3549 ὑπῆξεν,
1066 3477 1265 3534 οὔκουν
1310 3480 1550 3534 ὁντινοῦν
1599 3475 1802 3555 ἔχομεν
1855 3483 1958 3559 φά·

307 3591 398 3624 ναι
453 3565 546 3622 διὰ
587 3565 806 3622 πάντων
856 3565 1028 3635 ίόντα,
1066 3569 1156 3622 καὶ
1199 3572 1298 3624 τοῦ
1343 3570 1585 3640 καθάπαξ
1631 3569 1908 3645 ἐπιτυχειν
1947 3592 1962 3606 ·

307 3656 462 3712 ἀλλά
489 3657 584 3710 τὸν
631 3655 749 3728 μὲν,
771 3659 934 3710 τοῦτο
967 3674 981 3688 ·
1029 3656 1122 3711 τὸν
1152 3653 1198 3710 δ’
1243 3657 1413 3712 ἐκεῖνο
1447 3676 1460 3690 ·
1512 3655 1621 3714 ἔστι
1673 3657 1720 3713 δ’
1769 3658 1829 3714 ὒν
1867 3659 1960 3714 καὶ

309 3743 494 3800 πλείω
543 3743 947 3817 κατωρθωκότα
979 3763 992 3776 ·
1043 3745 1102 3807 ὃς
1133 3743 1180 3800 δ’
1211 3745 1287 3808 εἰς
1335 3741 1543 3802 ἅπαντα
1572 3749 1806 3816 καθῆκεν
1836 3749 1962 3802 εαυ-

309 3838 430 3904 τὸν,
454 3831 695 3909 ἐργῶδες
722 3833 914 3908 εὑρεῖν·
937 3833 1085 3903 πλὴν
1118 3833 1173 3890 εἶ’
1195 3857 1277 3898 τις
1309 3835 1392 3912 ἐφ’
1421 3837 1564 3891 οὕτω
1593 3842 1708 3897 τοῖς
1739 3833 1954 3911 προῦϐη

305 3929 412 3990 τῆς
471 3925 676 3998 τύχης,
734 3924 1044 3996 θαυμαστὸς
1099 3925 1258 3988 οὗτος
1333 3925 1496 3998 τῳότι
1552 3928 1785 3996 ταυτησὶ
1858 3934 1958 3995 τῆς

306 4021 511 4094 φορᾶς,
558 4017 650 4070 καὶ
696 4015 862 4087 μόνος
908 4013 1006 4070 τοῦ
1055 4017 1256 4080 παντὸς
1311 4018 1614 4086 ἀξιώτατος
1666 4020 1906 4092 χρῆσθαι
1941 4038 1953 4050 ο

303 4108 441 4161 ὅταν
475 4103 522 4160 δ’
573 4105 735 4167 αὐτὸς
765 4107 900 4178 ἡμῖν
941 4106 1031 4160 καὶ
1063 4106 1254 4185 σοφίαν
1309 4106 1444 4180 μετά
1487 4109 1706 4162 πάντων
1750 4109 1956 4182 τυγχά-

299 4215 399 4270 νῃς
448 4195 851 4269 κατωρθωκὼς,
883 4195 946 4250 οὐ
991 4197 1091 4263 τήν
1122 4197 1242 4251 καθ’
1285 4198 1437 4268 ⁴ἡμᾶς
1485 4197 1646 4268 μόνον
1691 4199 1756 4266 ἧς
1806 4195 1957 4270 ἔχεις

301 4287 375 4341 τὰ
403 4290 623 4358 πρῶτα,
665 4285 753 4340 καὶ
805 4286 866 4353 ἣν
920 4285 971 4339 οἱ
1012 4289 1123 4340 τῶν
1171 4285 1472 4353 ἀνθρώπων
1513 4283 1956 4360 ἀνδραποδώδεις

297 4373 395 4430 καὶ
423 4376 531 4443 τὴν
561 4374 788 4449 γνώμην
831 4375 906 4437 ὡς
954 4374 1177 4444 ἀληθῶς
1225 4375 1503 4450 βάναυσοι,
1547 4375 1783 4445 κακίζειν
1827 4374 1956 4431 τολ-

301 4468 539 4536 μῶντει,
599 4468 750 4540 σφῶν
806 4463 984 4518 αὐτῶν
1039 4461 1488 4534 καταδικάζουσιν
1559 4465 1810 4542 ἀλογίαν,
1865 4468 1952 4528 οἷς

296 4553 436 4628 ἄγαν
465 4551 688 4629 ἀλόγως
719 4552 842 4629 περὶ
872 4553 939 4608 τὰ
991 4553 1161 4630 λόγου
1207 4554 1405 4617 παντὸς
1454 4553 1576 4625 ἄξια
1607 4553 1952 4627 διατίθενται,

2077 3401 2364 3470 particeps
2393 3401 2705 3472 quisquam
2737 3399 2925 3466 fuerit,
2953 3414 3172 3471 easque
3209 3399 3426 3470 pariter
3466 3396 3712 3468 comple-

2070 3505 2180 3543 xus
2209 3490 2308 3555 sit,
2346 3488 2401 3544 id
2436 3489 2586 3545 haud
2626 3489 2748 3544 scio
2777 3487 2870 3544 cui
2904 3502 3163 3560 unquam
3219 3492 3354 3560 post
3397 3487 3706 3543 hominum

2073 3579 2440 3645 memoriam,
2489 3577 2830 3649 contigerit;
2879 3575 3073 3648 itaque
3115 3576 3410 3632 neminem
3455 3576 3710 3648 proferre

2073 3683 2404 3736 possumus,
2436 3665 2533 3737 qui
2565 3681 2666 3735 per
2693 3665 2893 3722 omnia
2912 3665 3158 3738 gradum
3197 3663 3478 3730 intulerit,
3519 3668 3706 3721 recte-

2070 3771 2182 3824 que
2211 3760 2421 3809 cuncta
2471 3759 2773 3808 assecutus
2819 3753 2941 3820 sit;
2989 3751 3136 3808 alios
3191 3751 3429 3824 quidem
3476 3752 3536 3807 in
3591 3750 3705 3807 alio

2069 3843 2298 3913 alioque
2326 3843 2679 3912 optimarum
2709 3841 2918 3897 artium
2951 3856 3160 3913 genere
3199 3839 3524 3912 sigillatim,
3555 3857 3706 3897 non-

2068 3932 2260 3988 nullos
2290 3933 2425 3988 item
2459 3932 2516 3987 in
2559 3930 2962 4002 compluribus
3001 3929 3273 4000 praeclare
3304 3928 3654 3986 elaborasset
3687 3949 3701 3987 :

2067 4020 2166 4091 qui
2197 4025 2264 4075 ad
2299 4021 2496 4075 omnia
2525 4035 2654 4076 sese
2673 4017 2991 4084 demiserit,
3014 4017 3170 4072 haud
3194 4015 3363 4074 facile
3409 4021 3704 4089 repertum

2066 4111 2172 4172 iri:
2225 4118 2619 4165 verumtamen
2670 4110 2718 4165 si
2769 4124 2835 4164 eo
2885 4110 3136 4164 fortuna:
3195 4108 3508 4180 quicquam
3561 4124 3704 4179 pro-

2065 4215 2294 4268 gressus
2325 4200 2449 4262 fuit,
2504 4199 2598 4254 hic
2649 4199 2773 4268 ipse
2827 4203 2982 4253 certe
3036 4197 3111 4252 ob
3159 4196 3515 4268 singularem
3569 4213 3705 4269 pro-

2065 4289 2422 4360 gressiouem
2455 4286 2857 4354 admirandus,
2889 4301 3160 4356 unusque
3203 4302 3374 4356 porro
3425 4285 3702 4358 dignissi-

2067 4393 2196 4432 mus
2225 4379 2367 4446 erat,
2400 4375 2500 4446 qui
2533 4375 2808 4432 universa
2856 4375 2972 4431 ista
3019 4374 3288 4431 felicitate
3334 4375 3393 4430 in
3443 4375 3702 4432 solidum

2067 4465 2370 4521 frueretur.
2422 4462 2664 4528 Quando
2720 4479 2854 4519 vero
2929 4466 3054 4519 tute
3128 4463 3300 4520 nobis
3355 4463 3702 4535 sapientiam

2063 4570 2181 4610 una
2210 4570 2341 4610 cum
2379 4553 2604 4610 caeteris
2646 4553 2919 4609 omnibus
2972 4551 3220 4625 perfecte
3271 4552 3537 4622 hausisti,
3588 4571 3701 4611 non

295 4644 394 4700 καὶ
423 4643 630 4714 τα·3της
663 4643 724 4698 οὐ
776 4645 940 4718 μέρος
971 4641 1101 4698 ἀλλ’
1131 4643 1268 4714 ὅλην
1315 4643 1482 4714 αὐτὴν
1524 4647 1602 4708 ὡς
1655 4645 1822 4700 εἰπεῖν
1849 4645 1949 4714 τήν

2068 4651 2322 4701 nostram
2353 4643 2815 4702 Christianorum
2844 4645 3035 4713 modo,
3067 4645 3238 4716 cujus
3268 4644 3484 4717 primas
3513 4649 3700 4712 tenes,

299 4731 473 4804 ἰδέαν,
505 4733 664 4788 ποίαν
709 4753 830 4788 τινα
882 4734 1001 4807 περὶ
1057 4737 1152 4788 σοῦ
1201 4731 1356 4805 δόξαν
1406 4733 1608 4804 εκτέον,
1653 4734 1746 4789 καὶ
1791 4732 1845 4788 τί
1893 4753 1950 4789 σε

2068 4739 2117 4793 et
2144 4751 2318 4807 quam
2359 4733 2552 4790 servili
2601 4733 2869 4790 homines
2928 4733 3180 4806 ingenio,
3211 4737 3270 4790 et
3321 4747 3454 4792 vere
3508 4732 3698 4790 illibe-

297 4820 387 4877 δεῖ
436 4827 794 4896 προσειπεῖνς
854 4821 1090 4897 Πότερον
1153 4822 1578 4898 ὑπεράνθρωπον
1636 4821 1947 4898 ἄνθρωπον,

295 4912 392 4966 καί
441 4907 564 4966 οἶόν
609 4929 730 4965 τινα
785 4907 1101 4966 τελευταῖον
1148 4911 1434 4985 ξυμπάσης
1485 4919 1585 4982 τῆς
1630 4913 1749 4966 καθ’
1798 4914 1946 4985 ἡμᾶς

297 5002 513 5079 φύσεως
561 5001 708 5076 ὅρον,
741 5001 776 5072 ἢ
827 4999 1106 5056 θεσπέσιόν
1135 5022 1189 5056 τι
1235 5003 1322 5057 καὶ
1378 5003 1642 5078 ὑπερφυὲς
1689 5003 1776 5057 καὶ
1830 5021 1945 5056 και-

296 5091 525 5147 νότατον
577 5097 776 5166 χρῆμα
832 5091 922 5146 καὶ
977 5088 1317 5146 παντοδαπὸν
1371 5092 1596 5168 ἀγαθὸν,
1653 5091 1744 5146 καὶ
1801 5090 1950 5154 ὅλως

300 5177 607 5254 μοναδικήν
635 5199 756 5234 τινα
800 5181 886 5235 καὶ
923 5179 1072 5252 ξὲνην
1119 5179 1302 5236 οὐσίαν
1351 5181 1544 5246 καλοῦ,
1576 5181 1627 5250 ἐξ
1666 5179 1769 5254 ἄρα
1816 5180 1944 5236 πάν-

293 5291 406 5326 των
465 5273 574 5323 τῶν
635 5274 738 5337 τῆς
794 5267 990 5342 ἀρετῆς
1045 5268 1250 5344 μορίων
1323 5267 1762 5346 συγκεκραμένην
1823 5265 1946 5324 οὔτε

295 5359 436 5433 πρὸς
469 5354 822 5430 παράδειγμα
869 5358 1157 5433 φέρουσαν,
1189 5355 1300 5413 οὔτ’
1346 5357 1414 5413 αὖ
1455 5353 1717 5432 ἐσομένην
1767 5358 1943 5433 παρά-

297 5444 524 5522 δειγμα,
575 5443 703 5502 ἀλλ’
741 5444 908 5516 αὐτὴν
954 5447 1181 5520 πρώτην
1229 5449 1316 5502 καὶ
1372 5449 1547 5522 μόνην
1588 5447 1940 5525 ἀναφανεῖσαν

297 5540 380 5608 τῷ
414 5537 522 5610 βίῳ
550 5534 792 5610 καθάπερ
825 5535 984 5612 φασὶν
1013 5536 1106 5590 τὸν
1137 5534 1284 5610 ὅρνιν
1315 5537 1409 5592 τὸν
1440 5537 1584 5612 ἱερὸν
1611 5555 1625 5606 ;
1672 5534 1827 5592 Οῦτιυ
1858 5557 1943 5591 σοι

301 5626 576 5705 στεφάνων
622 5625 960 5700 πανταχόθεν
1008 5627 1294 5700 προσήκει,
1325 5626 1413 5682 καὶ
1464 5624 1618 5682 οὐδὶν
1660 5624 1944 5682 οὐδοτιοῦν

2060 4823 2162 4880 rali
2197 4822 2543 4895 abjectoque
2567 4823 2764 4880 animo
2796 4823 3042 4896 praediti,
3074 4822 3214 4880 dum
3253 4821 3538 4880 incessere
3584 4839 3700 4880 non

2057 4913 2352 4980 verentur,
2387 4913 2570 4966 semet
2597 4909 2820 4966 ratione
2851 4908 3092 4966 destitui
3125 4912 3398 4983 arguunt,
3428 4925 3496 4965 eo
3545 4910 3696 4981 quod

2056 4997 2622 5054 valdeirrationahili
2656 4999 2826 5054 modo
2867 5014 3000 5068 erga
3038 5013 3106 5054 ea
3153 4997 3339 5054 allecti
3366 5001 3524 5066 sunt,
3555 5013 3697 5070 quo-

2057 5101 2186 5142 rum
2220 5101 2456 5141 summa
2488 5084 2694 5140 merito
2745 5084 3010 5141 habenda
3053 5084 3200 5140 ratio
3250 5090 3412 5140 erat:
3475 5088 3604 5140 tum
3643 5087 3698 5142 et

2056 5175 2352 5247 sapicntim
2387 5174 2568 5246 hujus
2616 5191 2728 5230 non
2790 5179 3011 5245 partem
3072 5173 3326 5246 aliquam
3377 5175 3562 5242 tenes,
3594 5173 3698 5229 sed

2055 5263 2243 5337 ipsam
2270 5268 2474 5332 totam,
2509 5269 2573 5320 ut
2617 5265 2790 5320 verbo
2831 5263 3042 5330 dicam,
3078 5263 3300 5330 ideam;
3335 5275 3511 5333 quam
3555 5278 3698 5317 sano

2053 5354 2126 5410 de
2165 5357 2221 5411 te
2271 5353 2486 5410 habere
2537 5351 2806 5408 convenit
2861 5351 3217 5424 opinionem,
3248 5365 3432 5422 quove
3472 5353 3529 5405 te
3584 5365 3694 5404 ne-

2055 5444 2213 5501 mine
2239 5442 2981 5516 compellabimus?Utrum
2999 5444 3131 5512 plus
3161 5457 3338 5514 quam
3370 5440 3691 5497 humanum

2058 5532 2376 5600 hominem,
2407 5541 2465 5589 et
2492 5533 2648 5589 velut
2667 5537 2988 5588 extremum
3015 5529 3194 5586 totius
3224 5534 3451 5585 natura:
3483 5539 3693 5590 nostra

2055 5623 2373 5680 terminum
2395 5621 2424 5676 ?
2454 5639 2528 5679 au
2549 5621 2802 5678 divinam
2819 5621 3128 5694 quamdam
3160 5619 3693 5694 humanumquefa-
