4118 6214
303 357 407 418 245

1304 357 1705 420 LAUDATIO
1747 361 1811 421 S.
1859 361 2226 426 GREGOBII
2271 366 2687 428 THEOLOGI.

3581 371 3699 431 246

295 487 390 543 λον
439 490 592 543 ταῦτ’
640 487 888 566 εὐλόγως
918 485 1230 564 ξυνήγαγεν,
1264 487 1338 551 ὥς
1366 509 1425 542 τε
1453 489 1578 549 τοὺς
1627 489 1724 562 μὲν
1771 488 1916 568 φιλο

2049 495 2205 551 enim
2281 496 2656 567 probabiliter
2725 499 3006 556 conduxit
3052 499 3394 563 Mercurius,
3428 502 3494 555 ut
3543 499 3700 571 apud

287 583 602 654 ψοφοῦντας
647 583 730 650 τῷ
774 579 1112 654 ῥητορεύειν,
1152 579 1280 640 τοὺς
1311 575 1368 632 δὲ
1417 578 1738 653 ὁητορικοὺς
1786 579 1940 657 φιλο-

283 667 456 742 σοφίᾳ
541 667 796 743 παρέρχῃ
826 685 841 700 ·
903 665 1118 740 μᾶλλον
1177 664 1235 723 δὲ
1286 666 1629 745 φιλοσόφους
1709 671 1804 741 μὲν
1861 673 1942 742 τῷ

279 753 637 834 φιλοσοφεῖν,
682 757 952 832 ῥητορικῇ
985 754 1044 812 δὲ
1087 755 1216 818 τοὺς
1263 755 1538 832 ῥήτορας·
1585 757 1714 821 τοὺς
1742 754 1801 813 δὲ
1845 759 1934 814 καὶ

282 840 454 924 ἄμφω
505 842 736 914 δεινοὺς,
791 849 873 917 τῷ
929 845 1148 910 τούτοις
1202 844 1362 907 αὐτὸς
1419 842 1787 924 διαᾳερόντως
1845 843 1938 902 ἐκ·

283 931 554 1006 λάμπειν,
599 934 688 989 καὶ
741 935 878 990 εἶναι
915 931 1139 1009 προσέτι
1186 937 1476 1006 ποιητικός
1503 956 1515 969 ·
1567 935 1629 990 οὗ
1675 939 1933 991 τοσοῦτον

279 1021 435 1095 αὐτῷ
476 1025 727 1098 περίεστι
764 1025 854 1079 καὶ
893 1022 1040 1080 οὕτω
1083 1023 1300 1099 μετέχει
1343 1025 1576 1080 τουτωνὶ
1611 1029 1720 1080 τῶν
1771 1024 1937 1100 χαρί-

275 1133 414 1180 των,
443 1113 523 1175 ὡς
556 1112 668 1188 οὔχ
696 1115 847 1176 ὅπως
880 1111 1050 1186 μηδὲν
1091 1117 1252 1184 ἧττον
1303 1111 1627 1191 φιλοτιμίαν
1667 1113 1930 1184 ἐντεῦθεν,

276 1199 314 1269 ἢ
347 1200 404 1271 ἐξ
435 1202 513 1257 ὧν
553 1201 691 1279 ἔφην
729 1204 906 1276 τούτῳ
942 1208 1250 1278 προσεῖναι,
1289 1202 1437 1260 ἀλλὰ
1475 1202 1566 1258 καὶ
1605 1207 1714 1258 τῶν
1759 1203 1934 1258 αὐτῶν

280 1289 435 1361 αὐτῷ
512 1293 810 1366 προσήκειν
864 1290 1170 1347 ἐπαίνωνιεί
1220 1294 1324 1367 γὰρ
1401 1291 1569 1364 μηδὲν
1771 1289 1934 1366 μηδὲ]

281 1378 462 1434 ἐκεῖνα
489 1383 727 1453 προσῆν,
755 1385 916 1437 τοῦτο
948 1379 993 1436 δ’
1024 1381 1172 1454 αὐτῷ
1223 1383 1386 1454 μόνον
1417 1389 1615 1454 παρῆν,
1663 1383 1928 1452 τοσαύτην

281 1469 346 1522 Ξὶν
379 1470 506 1543 περί
550 1468 753 1544 λόγους
789 1469 840 1540 ἐξ
880 1471 984 1544 ἄρα
1027 1472 1223 1526 τούτου
1275 1471 1447 1543 μόνου
1495 1468 1650 1543 δόξαν
1697 1467 1928 1544 ἔμελλεν

275 1556 495 1632 ἳσχειν,
525 1557 660 1628 ὅσην
691 1559 888 1614 τούτου
914 1559 1176 1614 κάκείνων
1209 1562 1320 1633 ἅμα
1367 1559 1702 1634 προσόντων,
1739 1560 1932 1631 κέκτη-

277 1671 371 1704 ται
403 1653 519 1717 νῦν,
549 1651 642 1704 καί
672 1648 836 1724 ἄκρος
867 1650 1047 1720 tam;
1078 1647 1314 1707 ἀκούειν.

2047 584 2381 656 Eschylum
2413 589 2526 654 est,
2573 589 2639 640 ut
2667 585 3052 658 philosophia
3083 592 3405 646 sectatores
3434 587 3702 646 oratorias

2046 673 2191 730 artis
2229 675 2444 742 studio,
2502 673 2736 730 dicendi
2784 676 3012 733 studies
3061 674 3448 748 philosophiae
3494 674 3704 746 peritia

2046 762 2316 828 anteircs,
2344 772 2446 820 aut
2477 767 2544 818 ut
2571 763 2788 822 rectius
2831 763 3042 832 dicam,
3089 763 3478 837 philosophus
3527 761 3700 835 sxqui

2045 853 2160 909 sita
2215 853 2609 925 phylosopbim
2640 853 2868 919 notitia,
2918 858 3179 910 oratores
3235 862 3358 909 arte
3411 851 3694 919 oratoria,

2045 939 2344 996 vinceres:
2405 956 2611 997 rursus
2668 940 2770 1012 qui
2823 943 3065 1012 utraque
3122 945 3480 1011 praestarent,
3549 940 3693 1011 quod

2043 1028 2170 1100 ipse
2199 1033 2258 1085 et
2284 1028 2498 1084 eximio
2525 1028 2834 1100 utriusque
2872 1027 3179 1100 splendore
3218 1028 3607 1101 praefulget-es,
3635 1032 3694 1084 et

2043 1118 2286 1190 insuper
2331 1118 2565 1190 poeticas
2622 1118 3032 1191 perstudiosus
3087 1133 3267 1186 esses,
3325 1119 3496 1190 cujus
3547 1116 3692 1173 artis

2043 1209 2208 1262 tanta
2247 1210 2444 1263 noster
2481 1205 2752 1263 facultate
2799 1205 2998 1276 pollet,
3042 1206 3313 1278 illiusque
3369 1205 3572 1274 gratiis
3607 1205 3690 1260 ita

2041 1294 2409 1363 circumﬂuit,
2443 1299 2507 1350 ut
2544 1312 2660 1350 non
2701 1295 2875 1351 modo
2924 1294 3069 1349 nihil
3118 1293 3205 1349 illi
3251 1293 3448 1350 minus
3495 1292 3689 1363 glorias

2038 1384 2176 1440 inde
2207 1388 2440 1455 partum
2453 1385 2548 1449 sit,
2584 1401 2760 1457 quam
2787 1401 2857 1442 ex
2884 1384 2960 1440 iis
2987 1383 3351 1456 disciplinis,
3373 1399 3520 1455 quas
3548 1381 3689 1437 dixi~
3797 1381 3802 1395 '

2040 1489 2205 1541 mus;
2228 1475 2330 1530 sed
2368 1477 2428 1530 et
2453 1475 2666 1530 eaedem
2696 1473 2785 1530 illi
2842 1472 3168 1530 debeantur
3213 1473 3438 1533 laudes.
3469 1470 3707 1543 quippe.

2035 1562 2270 1619 etiamsi
2299 1562 2408 1619 illae
2438 1563 2671 1636 penitus
2683 1563 2971 1631 abessent,
3002 1563 3128 1619 sola
3155 1561 3269 1634 ipsi
3301 1561 3532 1620 residua
3560 1577 3692 1616 ma-

2037 1655 2211 1708 nente
2254 1653 2730 1724 poetica,tantum
2763 1669 2855 1708 em
2880 1651 3038 1709 haud
3065 1652 3240 1708 dubie
3271 1650 3471 1709 solidae
3487 1649 3684 1722 gloria:

275 1755 348 1794 ex
380 1739 494 1796 hac
524 1755 642 1796 una
685 1741 993 1798 habiturus
1039 1743 1186 1808 erat,
1235 1743 1520 1814 quantum
1555 1756 1711 1798 nunc
1766 1755 1837 1796 ex
1894 1739 2180 1798 universis
2209 1741 2389 1798 simul
2420 1742 2694 1814 indeptus
2749 1745 2860 1807 est,
2907 1744 2966 1798 et
3002 1740 3240 1812 perinde
3287 1753 3561 1796 summus
3594 1736 3684 1793 iu-

273 1831 336 1884 tu
347 1845 475 1886 rus.

348 1962 432 2018 A'.
480 1960 574 2023 Τίς
604 1963 706 2038 γὰρ
748 1961 944 2018 τούτου
982 1969 1101 2028 κοῖς
1146 1959 1323 2020 ἔπεσιν
1375 1962 1636 2041 ἐντυχὼν,
1680 1963 1780 2019 οὐκ
1825 1963 1916 2018 εὗ-

2097 1965 2270 2024 ΧΧΧ.
2303 1967 2444 2034 Quis
2473 1965 2628 2023 enim
2679 1972 2766 2022 est
2795 1964 2896 2038 qui
2950 1981 3082 2021 cum
3113 1965 3174 2020 in
3205 1963 3467 2020 carmina
3495 1963 3680 2018 nostri

272 2049 374 2111 θὺς
405 2050 686 2106 ἀνίσταται
718 2052 817 2120 τήν
857 2054 1066 2128 ψυχὴν,
1107 2054 1196 2108 καὶ
1237 2053 1446 2109 τούτων
1489 2053 1619 2116 ὅλας
1660 2053 1749 2128 ὑφ’
1789 2051 1925 2123 ἡδο-

269 2143 376 2208 νῆς
424 2141 686 2214 γεγονὼς,
732 2141 1196 2215 γυσαπδσπάστως
1241 2138 1398 2218 ἔχει;
1457 2141 1554 2198 Καὶ
1596 2142 1923 2216 παραμένειν

271 2229 508 2284 εἰσάπαν
572 2228 771 2300 ἐθέλει,
837 2233 928 2287 καὶ
999 2229 1270 2306 μηδαμῶς
1335 2231 1535 2288 ἐκεῖθεν
1593 2232 1923 2307 ἀναχωρεῖν,

273 2315 430 2371 ἀλλὰ
479 2319 568 2373 καὶ
611 2320 930 2392 θαυμαστήν
973 2342 1094 2377 τινα
1141 2325 1322 2398 ψῆφον
1373 2321 1616 2397 ἐκφέρειν
1656 2321 1778 2396 περὶ
1825 2319 1923 2375 αὖ·

266 2411 406 2463 τῶν.
443 2407 543 2462 Καὶ
575 2405 689 2464 οἵαν
723 2405 903 2470 ούδείς
951 2431 1038 2464 πω
1094 2411 1218 2484 περὶ
1261 2409 1475 2473 οὐδενὸς
1506 2415 1612 2465 τῶν
1644 2407 1924 2484 προτέρων

268 2495 367 2549 καὶ
419 2493 575 2568 δόξαν
629 2495 718 2550 ἐπὶ
765 2494 1121 2568 τηλικούτοις
1174 2497 1437 2574 ἐχόντων,
1489 2500 1629 2571 ὁμοῦ
1685 2500 1778 2572 μὲν
1825 2504 1924 2555 τοῦ

268 2583 522 2646 κάλλους
564 2583 702 2640 αὒτᾶ
748 2586 840 2641 καὶ
888 2585 984 2642 τοῦ
1027 2585 1276 2658 πλήθους
1326 2590 1642 2661 θαυμάζων,
1692 2590 1832 2660 ὁμοῦ
1864 2585 1921 2645 δὲ

266 2673 367 2728 καὶ
411 2681 514 2744 τῆς
557 2673 784 2746 ἐνούσης
829 2675 1013 2738 αὐτοῖς
1055 2675 1200 2740 θείας
1247 2681 1380 2733 κατά
1425 2679 1488 2732 τὸ
1532 2672 1660 2740 ἔπος
1713 2678 1918 2754 ὀμφῆς,

265 2761 580 2838 ἀπορρήτῳ
608 2763 718 2818 τινὶ
745 2761 1080 2838 πεδούμενος
1117 2771 1355 2843 κατοχῇ,
1386 2769 1453 2838 ἢν
1486 2769 1649 2824 ὁποία
1693 2789 1777 2832 τις
1805 2767 1917 2824 ἐστὶ

265 2852 458 2928 λέγειν
490 2851 602 2928 οὐχ
641 2851 759 2916 οἶός
807 2875 868 2910 τε
911 2852 1010 2912 ὢν.
1063 2855 1217 2928 Μόνη
1271 2857 1374 2932 γὰρ
1403 2854 1540 2928 αὕτη
1593 2859 1806 2930 πείρας,
1853 2857 1916 2913 οὐ

263 2941 472 3017 λόγου,
505 2940 678 2998 δεῖται
711 2945 846 3019 πρὸς
881 2947 1140 3020 μάθησιν,
1169 2946 1345 3002 ἐκεῖνο
1396 2949 1531 3020 μετὰ
1577 2949 1792 3004 πάντων
1825 2950 1911 3004 καὶ

261 3029 420 3106 λέγω
449 3031 544 3088 καὶ
584 3030 943 3109 διατείνομαι,
997 3036 1072 3099 ὡς
1105 3034 1228 3092 οὔτε
1254 3037 1316 3092 τὸ
1365 3036 1573 3094 κάλλος
1603 3038 1780 3093 αὐτῶν
1813 3039 1916 3111 ἀμ-

258 3115 525 3176 ϐλύνεται
602 3119 784 3193 δήπου
857 3121 946 3179 διὰ
1021 3125 1084 3180 τὸ
1156 3123 1394 3195 πλῆθος,
1449 3127 1512 3181 τὸ
1573 3147 1634 3182 τε
1698 3123 1912 3192 πλῆθος

257 3212 576 3287 ἑκασταχοῦ
601 3212 666 3267 τὸ
704 3211 914 3278 κάλλος
939 3213 1031 3268 καὶ
1069 3214 1164 3270 τὸν
1219 3215 1384 3292 ὅγκον
1433 3213 1724 3294 φυλάττον,
1759 3213 1912 3270 οὖδα-

259 3305 370 3372 μοῦ
398 3299 612 3356 τούτων
665 3299 790 3358 οὐδὲ
835 3301 1335 3374 καθοντιναδήποτε
1361 3304 1566 3379 τρόπον
1613 3303 1862 3360 ἐκπίπτει
1889 3323 1903 3337 ο

253 3387 391 3444 ἀλλ’
437 3389 493 3444 ἓν
539 3391 678 3446 εἶναι
735 3395 896 3465 σῶμα
941 3387 1228 3466 συμϐαίνει
1275 3393 1337 3448 τὸ
1379 3399 1505 3464 πᾶν,
1546 3392 1606 3448 ἐκ
1661 3392 1905 3472 κεφαλῆς

255 3477 334 3539 εἰς
387 3475 566 3541 πόδας
615 3479 680 3534 τὸ
735 3481 1052 3556 γιγνόμενον
1101 3486 1275 3552 σῶζον
1319 3483 1394 3546 ὡς
1441 3485 1502 3538 τὸ
1555 3483 1650 3558 μὲν
1700 3481 1908 3546 κιιλλος

255 3567 504 3623 ἐντεῦθεν
533 3567 735 3641 πολλῷ
781 3571 1154 3646 ποθεινότερον
1201 3572 1292 3626 καὶ
1340 3568 1497 3643 ἣδιον
1547 3572 1682 3627 εἶναι
1725 3571 1813 3627 διὰ
1841 3573 1905 3628 τὸ

255 3655 475 3725 πλῆθος
496 3675 511 3688 ·
543 3657 608 3712 τὸ
639 3653 685 3712 δ’
716 3657 782 3713 αὗ
811 3657 1046 3730 πλῆθος,
1081 3656 1214 3732 μηδ’
1233 3660 1472 3716 ὁντινοῦν
1505 3662 1667 3735 κόρον
1695 3661 1905 3734 ὁτῳοῦν

257 3745 513 3817 ἐμποιεῖν
543 3751 625 3820 τῷ
650 3747 887 3822 περιόντι
915 3753 1014 3804 τοῦ
1042 3748 1284 3814 κάλλους
1309 3768 1322 3780 ⁸
1353 3749 1499 3805 ἀλλά
1549 3751 1658 3823 μὴν
1689 3751 1748 3804 τὸ
1775 3771 1908 3804 παν-

256 3833 498 3890 τοδαπὸν
526 3843 626 3906 τῆς
664 3838 719 3891 έν
748 3839 960 3900 τούτνις
998 3838 1188 3915 σοφίας
1215 3839 1304 3894 καὶ
1345 3840 1443 3907 τήν
1486 3837 1744 3916 διαφορὰν
1794 3843 1901 3896 τῶν

257 3923 484 3998 ῥυθμῶν
533 3945 594 3980 τε
629 3927 722 3981 καὶ
763 3926 998 4002 μέτρων,
1041 3928 1208 4002 μόνος
1245 3927 1442 4002 ἐξεῦρε,
1487 3931 1649 4002 μόνος
1681 3926 1728 3982 δ’
1759 3929 1902 3984 οὕτω

2034 2057 2322 2126 inciderit,
2355 2075 2470 2115 non
2506 2056 2767 2130 protinus
2813 2056 3012 2112 animo
3042 2055 3345 2120 excitetur,
3378 2054 3679 2126 prasinge-

2035 2164 2268 2219 nuaque
2315 2147 2428 2203 ista
2465 2146 2758 2218 voluptate
2804 2149 2992 2202 totum
3038 2161 3163 2202 sese
3194 2143 3266 2200 iis
3313 2143 3531 2200 dedens
3565 2159 3679 2198 non

2033 2252 2181 2306 aegre
2208 2236 2366 2292 illinc
2404 2235 2574 2292 avelli
2601 2239 2778 2306 queat
2796 2235 2830 2310 ‘2'
2853 2234 3016 2306 cupit
3033 2233 3132 2290 ille
3161 2233 3440 2289 nimirum
3472 2247 3680 2303 perpe-

2034 2329 2134 2381 tuo
2165 2326 2236 2382 iis
2297 2324 2614 2390 immorari,
2666 2323 2946 2392 nulloque
2974 2323 3111 2379 inde
3155 2322 3330 2378 modo
3360 2321 3675 2386 disceberc,

2033 2413 2130 2469 sed
2163 2419 2218 2468 et
2248 2411 2891 2469 honorificentissimam
2920 2412 2990 2466 de
3019 2409 3090 2466 iis
3123 2407 3470 2466 sententiam
3503 2409 3670 2467 ferre.

2030 2508 2088 2558 et
2115 2501 2347 2575 qualem
2380 2517 2547 2558 nemo
2595 2501 2790 2558 adhuc
2819 2501 2890 2558 de
2918 2499 3038 2556 ullo
3067 2498 3276 2555 veteris
3305 2497 3432 2566 sivi,
3463 2499 3522 2552 et
3545 2496 3676 2555 illu-

2029 2592 2131 2648 stri
2162 2592 2335 2648 laude
2355 2591 2802 2658 celebratorum,
2835 2595 3155 2664 poetarum,
3188 2588 3326 2645 tulit
3357 2585 3572 2644 :simul
3602 2585 3674 2642 vi-

2027 2681 2236 2740 delicet
2264 2684 2624 2738 venustatem
2653 2681 2981 2737 carminum
3008 2681 3417 2752 ingentemque
3457 2691 3674 2733 nume-

2025 2789 2157 2830 rum
2189 2771 2532 2842 admiratus,
2581 2769 2759 2826 simul
2799 2771 2936 2826 item
2984 2791 3014 2821 «
3047 2768 3228 2824 divini
3257 2767 3504 2834 sonitus,
3547 2786 3576 2816 »
3608 2773 3668 2822 ιιι

2023 2877 2155 2919 cum
2188 2863 2354 2932 poeta
2379 2859 2586 2932 loquar
2629 2859 2730 2931 (2),
2779 2857 3062 2915 ineti‘abili
3090 2857 3143 2912 vi
3201 2855 3482 2914 attonitus
3511 2853 3662 2910 vinc-

2023 2955 2258 3022 tusque.
2290 2953 2426 3015 Qua:
2475 2947 2561 3004 vis
2591 2947 2919 3020 cujusmodi
2967 2947 3047 3003 sit
3075 2962 3210 3003 cum
3240 2944 3526 3017 explicare
3555 2959 3660 3000 ne-

2023 3055 2258 3112 queam,
2287 3037 2392 3096 soli
2425 3054 2682 3110 namque
2710 3037 2796 3094 illi
2826 3041 2892 3094 ut
2919 3043 3070 3094 recte
3096 3033 3456 3105 intelligatur
3482 3049 3656 3106 expe-

2023 3129 2252 3201 rientia,
2285 3144 2401 3184 non
2438 3127 2600 3184 verbi
2639 3142 2786 3200 Opus
2824 3129 2934 3195 est,
2972 3126 3080 3182 hoc
3109 3140 3223 3181 una
3251 3139 3386 3180 cum
3406 3122 3534 3180 aliis
3565 3123 3658 3179 af-

2022 3219 2189 3275 firmo
2219 3235 2284 3273 ac
2313 3218 2624 3285 contendo,
2654 3217 2810 3289 quod
2850 3215 2994 3272 nihil
3018 3213 3303 3272 venustati
3333 3212 3663 3270 corminum

2023 3307 2333 3362 multitudo
2363 3307 2582 3362 ofﬁciat
2609 3305 3020 3378 quodipsaque
3034 3303 3133 3360 illa
3165 3301 3498 3368 multitudo,
3519 3301 3658 3356 dum

2019 3395 2364 3467 elegantiam
2423 3411 2594 3451 suam
2650 3410 2718 3451 ac
2763 3392 3130 3466 magnificam
3161 3390 3499 3465 gravitatem
3531 3388 3658 3444 ubi-

2016 3503 2128 3557 que
2151 3487 2379 3555 retinet,
2413 3485 2573 3542 nullo
2595 3502 2841 3558 usquam
2873 3484 2998 3542 loco
3029 3484 3320 3556 modoque
3348 3481 3469 3538 suis
3496 3480 3659 3536 hisce

2015 3574 2247 3630 dotibus
2269 3574 2681 3644 excidat;unde
2712 3574 2776 3629 ﬁt
2803 3581 3034 3641 sane,ut
3063 3587 3246 3628 unum
3275 3569 3660 3628 continuum-

2014 3679 2128 3735 qua
2147 3663 2257 3720 hoc
2285 3679 2459 3720 omne
2487 3679 2699 3734 corpus
2731 3663 2999 3734 ﬁt,atque
3029 3677 3064 3716 a
3083 3675 3312 3718 summo
3341 3658 3562 3717 vertice
3579 3655 3652 3713 ad

2013 3753 2160 3808 imos
2210 3767 2395 3824 usque
2423 3750 2572 3808 talos
2602 3768 2769 3808 suam
2801 3751 2914 3807 sibi
2955 3749 3404 3823 competentiam
3433 3753 3652 3815 servet;

2013 3841 2157 3896 adeo
2184 3845 2245 3895 ut
2273 3841 2382 3896 hac
2411 3843 2541 3912 ipsa
2567 3840 2734 3911 copia
2764 3840 2917 3896 haud
2963 3835 3134 3911 paulo
3165 3837 3474 3895 amabilior
3515 3851 3655 3892 sua-

2013 3931 2247 4001 viorque
2276 3935 2553 3987 venustas
2582 3929 2876 4001 reddatur,
2909 3933 2965 3986 et
3012 3928 3180 4001 copia
3209 3941 3410 3982 rursus
3437 3926 3510 3982 ob
3549 3925 3658 3982 ad-

256 4014 624 4088 κατώρθωκεν
671 4016 746 4078 ὡς
793 4017 995 4080 πάντας
1044 4017 1438 4089 ἐκπλήττεσθαι
1487 4019 1575 4073 καί
1607 4018 1898 4092 θαυμάζειν

2025 4021 2268 4083 lunctam
2287 4035 2581 4076 summam
2610 4019 2979 4092 elegantiam,
3009 4018 3230 4074 nullam
3261 4016 3534 4086 cuiquam
3565 4030 3664 4070 sa-

256 4103 347 4156 καὶ
411 4102 664 4175 μιμητὰς
713 4105 988 4180 γίγνεσθαι
1045 4107 1140 4180 μὲν
1214 4105 1442 4176 ἐθέλειν,
1513 4108 1790 4182 γέγνεσθαι
1845 4103 1904 4161 δὲ

253 4189 412 4247 οὐδὲν
448 4191 672 4264 μᾶλλον
704 4192 949 4258 εἰκότως.

2011 4108 2270 4164 tietatem
2302 4108 2524 4164 ati‘erat.
2553 4109 2663 4164 Sed
2718 4112 2774 4165 et
2803 4109 3176 4180 omnigenam
3207 4104 3536 4162 carminum
3569 4121 3662 4160 ar-

2009 4199 2150 4266 tem,
2199 4197 2706 4269 rhythmorunque
2782 4213 2849 4252 ac
2899 4201 3218 4252 metrorum
3277 4193 3660 4250 diﬁ‘erentiam

255 4283 425 4339 solus
465 4283 609 4340 item
641 4283 925 4342 hactenus
955 4285 1216 4358 perfecit,
1247 4289 1313 4342 ut
1355 4303 1569 4360 magna
1598 4303 1802 4342 omnes
1834 4285 1893 4340 in
1923 4285 2312 4344 admiratione
2342 4304 2408 4343 ac
2439 4292 2672 4359 stupore
2703 4289 3029 4357 versentur,
3068 4283 3408 4356 imitarique
3436 4287 3660 4340 aveant.

256 4378 314 4428 et
346 4372 539 4429 nihilo
567 4378 756 4432 tamen
785 4375 940 4447 plus,
974 4379 1040 4432 ut
1068 4379 1522 4434 consentaneum
1553 4379 1664 4444 est,
1697 4373 1918 4432 imitari
1947 4379 2188 4446 queant.

326 4513 458 4563 ΔΑΖ
495 4504 633 4565 Οὔτε
664 4509 768 4582 γὰρ
807 4507 979 4580 ἐστὶν,
1010 4507 1108 4565 οὐκ
1155 4503 1294 4564 ἔστιν
1339 4507 1497 4566 οὐδὲν
1543 4514 1651 4564 τῶν
1697 4510 1904 4582 κόσμον

2087 4509 2286 4566 XXXI.
2316 4511 2442 4567 Non
2498 4515 2589 4567 est
2641 4509 2820 4578 enim,
2877 4525 2994 4566 non
3043 4515 3133 4566 est
3177 4524 3310 4566 vero
3341 4507 3664 4580 quidquam

254 4595 644 4670 ἐμποιούντων
669 4603 786 4658 τοῖς
833 4597 1020 4674 λόγοις
1061 4598 1151 4654 καί
1196 4597 1424 4662 τούτους
1471 4597 1658 4669 ἡδίους
1694 4599 1908 4674 ἐργαζο-

258 4686 462 4760 μένων,
505 4685 570 4742 οὗ
615 4686 692 4759 μή
727 4689 990 4760 μειζόνως
1031 4689 1190 4752 οὗτος
1222 4689 1313 4745 καὶ
1343 4689 1475 4762 ὑπὲρ
1522 4690 1648 4752 τοὺς
1701 4685 1906 4750 ἄλλους

254 4775 507 4849 ἐηγάτης
552 4773 821 4847 κατέστη·
869 4777 959 4832 καὶ
1005 4778 1166 4850 μόνος
1209 4776 1532 4856 συνείληχεν
1575 4781 1638 4851 [ί.
1671 4775 1908 4833 συνείλε-

254 4866 382 4938 xcv]
415 4862 452 4916 ’ὰ
481 4862 612 4925 τοὺς
641 4863 848 4928 ἄλλους
877 4863 988 4936 ἰδίᾳ
1017 4865 1288 4940 σεμνύνει.
1321 4867 1444 4922 Ἐάν
1473 4887 1532 4922 τε
1562 4866 1664 4942 γὰρ
1695 4867 1904 4940 νοημά·

253 4974 372 5007 των
403 4951 621 5016 πλῇθος
662 4954 787 5028 περὶ
817 4953 1075 5009 πλείστου
1120 4957 1286 5028 ποιῇς
1315 4954 1476 5024 ὀξέων
1519 4955 1608 5009 καὶ
1638 4956 1902 5025 πιθανῶν,

253 5041 354 5096 καὶ
403 5039 677 5097 ποικίλων
743 5043 830 5097 καέ
887 5047 1131 5117 συνεχῶς
1188 5040 1415 5113 ἄλληλα
1479 5040 1902 5119 διαδεχομένων,

253 5131 352 5185 καί
427 5131 746 5202 θαυμαστήν
805 5151 924 5186 τινα
1005 5131 1094 5187 καὶ
1163 5129 1363 5188 ἄτοπον
1445 5133 1746 5208 εἰσαγωγήν
1813 5133 1902 5188 καὶ

257 5218 610 5294 διαχὲίρησιν
670 5222 752 5295 (ί)
791 5221 999 5276 τούτων
1025 5241 1039 5255 ”
1091 5221 1177 5278 liv
1211 5243 1274 5299 γε
1313 5221 1506 5292 λέξεων
1537 5225 1649 5285 ,τὰς
1694 5221 1903 5300 εὐγενε-

333 5452 431 5524 (l)_
471 5449 863 5524 Ataxeip'qctv:
900 5451 993 5524 Sic
1051 5451 1359 5524 perspicue
1406 5452 1679 5509 librarius
1708 5454 1906 5510 noster

258 5520 362 5595 pro
391 5520 762 5648 διαχείρισιν.
825 5523 1011 5611 Etiam
1050 5520 1212 5592 alibi,
1243 5529 1308 5580 ut
1355 5524 1578 5581 Libanii
1617 5525 1785 5597 epist.
1831 5525 1903 5580 66

259 5597 399 5648 ﬁne.
441 5593 590 5648 ἀπαλ
636 5593 760 5648 αξον
833 5609 960 5648 τους
1042 5593 1252 5648 οἰκέτας
1330 5601 1429 5648 τῆς
1505 5593 1903 5648 διαγειοίσεως.

259 5593 399 5662 tino,
426 5593 774 5670 _d1r'2’z)tl_1£ov_
833 5593 976 5670 τους,
1042 5593 1252 5658 οἰκέτας
1330 5601 1429 5664 τῆς
1505 5593 1904 5670 διαχέιρίσεως,

257 5665 682 5741 grandiuscula
719 5666 894 5738 plane
923 5665 1058 5724 ἰῶτα
1105 5675 1163 5726 et
1191 5673 1510 5726 recentiore
1553 5665 1904 5726 attramento

2013 4613 2216 4654 eorum
2257 4615 2384 4671 quae
2435 4601 2706 4654 ornatum
2754 4597 3002 4654 orationi
3060 4597 3356 4665 inducere,
3412 4610 3662 4668 eamque

2014 4685 2330 4743 dulciorem
2377 4687 2606 4744 efﬁcere
2661 4687 2871 4744 idonea
2899 4690 3057 4753 sunt,
3107 4685 3278 4756 cujus
3324 4701 3442 4742 non
3480 4685 3664 4754 majo-

2015 4791 2140 4832 rem
2171 4777 2231 4832 in
2279 4777 2521 4833 modum
2551 4791 2844 4848 supraque
2871 4780 3110 4834 cieteros
3143 4773 3432 4832 excellens
3463 4777 3663 4832 noster

2015 4865 2224 4922 artifex
2268 4865 2462 4932 tuerit,
2522 4865 2800 4937 solusque
2857 4880 2926 4922 ea
2941 4868 3152 4922 cuncta
3197 4862 3534 4936 complexus
3580 4868 3659 4918 te.

2017 4957 2230 5024 nuerit,
2273 4973 2396 5028 quas
2454 4954 2600 5012 alios
2648 4955 2885 5027 singula
2942 4953 3378 5011 commendant.
3437 4952 3658 5024 Quippe

2015 5045 2138 5101 sive
2180 5045 2599 5102 sententiarum
2660 5044 2964 5101 fecundam
3024 5046 3250 5114 copiam
3305 5041 3560 5099 maximo
3594 5041 3654 5097 in

2012 5135 2197 5206 pretio
2225 5133 2462 5199 habeas,
2491 5133 2715 5190 scilicet
2743 5149 2870 5205 qua
2902 5135 3103 5197 acutas,
3137 5136 3404 5204 aptatque
3431 5131 3500 5186 ad
3535 5145 3656 5202 pero

2011 5222 2400 5292 suadendum,
2442 5229 2494 5278 et
2533 5221 2720 5278 multa
2757 5220 3032 5277 varietate
3061 5219 3344 5276 distinctas
3373 5221 3532 5286 sunt,
3564 5216 3653 5274 in-

2011 5462 2120 5534 sub
2151 5477 2277 5534 quo
2296 5465 2461 5519 vetus
2510 5483 2544 5531 η
2593 5460 2941 5518 delitescens
2971 5457 3165 5534 adhuc
3201 5455 3654 5534 transpsret18i-

2012 5533 2148 5590 mile
2168 5527 2465 5606 'quiddam
2523 5527 2595 5590 de
2641 5551 2778 5591 voce
2819 5531 3186 5606 μεταχείρισις
3218 5529 3290 5586 ad
3337 5527 3649 5590 Aristidem

2012 5607 2418 5678 adnotavimus
2445 5625 2500 5678 p.
2540 5607 2666 5662 483.

2082 5677 2165 5750 (2)
2195 5675 2364 5734 Iliad.
2399 5675 2461 5747 e;
2491 5680 2580 5736 ιι.
