4118 6214
407 368 522 426 2η

1709 365 2108 428 THEODULI
2157 369 2501 431 MONACHI

3689 373 3812 434 248

405 503 710 574 vicemque
740 515 866 556 sese
912 501 1192 570 perpetua
1233 499 1484 569 quadam
1515 500 1920 556 cousecutione
1949 517 2048 556 ex-

2190 502 2360 564 ττάτας
2416 501 2508 557 καὶ
2555 501 2944 576 καθαρωτάτας
2991 501 3082 556 καὶ
3129 499 3521 574 ἀκριϐεστάτας
3571 503 3662 558 καὶ
3707 511 3808 573 τῆς

407 594 652 661 cipiunt,
701 591 1032 659 harumque
1083 603 1252 657 porro
1307 588 1684 645 sentatiarum
1745 589 2052 646 mirificam

407 699 473 737 ac
505 681 837 736 inusitatam
897 677 1290 732 inductionem
1325 677 1842 750 tractationemque
1881 701 1896 748 ;
1931 679 2053 736 sive

409 771 578 825 verba
607 765 1077 840 generosissima,
1111 771 1168 821 et
1211 765 1618 834 mundissima,
1642 771 1700 822 et
1723 769 2050 840 exquisitis~

410 861 582 926 sima,
613 863 670 912 et
701 855 988 911 Attricum
1024 854 1242 926 ubique
1271 854 1534 910 habitum
1561 856 1890 926 retinentia,
1925 874 2054 928 spe-

407 946 702 1014 ctes;sive
733 960 940 1000 rursus
989 943 1376 999 densissimas
1419 944 1732 1015 ﬁgurarum
1790 946 2056 1002 variatio-

413 1051 536 1102 nes,
567 1037 836 1105 argutam
877 1031 1258 1098 celeritatem,
1285 1030 1606 1103 ﬂexusque,
1627 1037 1685 1088 et
1713 1033 2054 1090 artiﬁciosae

411 1123 835 1191 innovationes,
859 1125 916 1178 et
959 1121 1132 1177 simul
1190 1125 1518 1177 accuratam
1551 1123 2052 1193 compositionem,

411 1213 828 1283 decentemque
849 1224 1226 1266 numerorum
1267 1207 1727 1278 collocationem,
1759 1217 1885 1266 tum
1921 1231 2058 1285 prs:-

413 1308 568 1358 terea
615 1305 972 1356 venustatem
1011 1315 1144 1353 cum
1207 1298 1410 1354 festiva
1456 1301 1756 1370 gravitate,
1801 1319 2058 1357 morum-

414 1408 528 1464 que
593 1389 984 1446 concinnitate
1033 1389 1328 1458 junctam;
1381 1388 1574 1444 adlirec
1633 1391 1786 1456 item,
1845 1395 1902 1446 et
1947 1409 2061 1448 una

414 1497 548 1536 cum
579 1479 670 1534 his
713 1485 1053 1550 perpetuum
1099 1477 1157 1532 in
1189 1475 1464 1534 omnibus
1517 1495 1866 1536 consensum
1929 1497 2060 1537 con-

415 1569 787 1640 ceniumque.
840 1572 904 1622 ut
953 1567 1234 1622 musicam
1305 1567 1618 1636 quamdam
1689 1573 1872 1625 totum
1931 1587 2060 1625 ora-

419 1659 590 1715 tionis
647 1658 1004 1714 animantem
1080 1671 1291 1726 corpus
1379 1673 1392 1710 :
1453 1656 1503 1712 si
1577 1657 1718 1724 hac,
1799 1658 2060 1730 inquam,

421 1748 691 1804 universa
729 1746 960 1818 quieris,
1014 1745 1072 1800 in
1130 1745 1306 1800 unius
1363 1745 1624 1818 Gregorii
1680 1747 2061 1819 orationibus,

2159 586 2539 661 ἄττικιζοόσης
2593 588 2752 662 ἕξεως
2820 592 2895 654 εἰς
2955 592 3092 644 ἅπαν
3143 591 3371 654 ἰούσαςο
3424 589 3514 646 ἐὰν
3555 613 3614 646 τε
3665 612 3808 668 σχη-

2167 681 2347 753 μάτων
2397 679 2718 754 ἒναλλαγαῖς
2767 678 3112 754 [ἓναλλαγας]
3163 677 3522 751 ἐπαλλήλους
3561 682 3650 735 καὶ
3683 703 3808 756 γορ-

2159 769 2394 846 γότητας
2439 771 2530 824 καὶ
2574 769 2808 846 στροφὰς
2837 769 2930 822 καὶ
2969 768 3322 840 καινοτομίας
3372 767 3680 843 ἐντέχνους,
3721 771 3808 825 καὶ

2165 860 2272 930 μὴν
2332 860 2420 913 καὶ
2489 857 2778 920 συνθέσεως
2845 852 3122 932 ἀκρίϐειαν
3198 859 3290 912 καὶ
3363 857 3575 933 ῥυθμοῦ
3637 859 3808 930 τάξιν,

2163 949 2252 1002 καὶ
2327 947 2532 1009 κάλλος
2613 948 2748 1019 μετὰ
2821 947 3156 1019 σεμνότητος
3240 947 3646 1022 κεχᾶρισμένης
3720 950 3810 1004 καὶ

2163 1035 2330 1106 ἤθους
2353 1056 2364 1070 ·
2397 1039 2488 1092 καὶ
2519 1037 2654 1110 πρὸς
2685 1037 2904 1098 τούτοις
2950 1037 3041 1090 καῖ
3085 1037 3221 1108 μετὰ
3259 1038 3495 1109 τούτων,
3541 1039 3640 1105 τὴν
3685 1036 3812 1092 δια-

2165 1124 2376 1180 πάντων
2415 1125 2711 1200 ὁμολογίαν
2743 1125 2834 1179 καὶ
2877 1127 3146 1198 μουσικὴν
3177 1127 3276 1194 τὴν
3313 1127 3377 1181 τὸ
3423 1125 3552 1180 δλον
3591 1129 3808 1204 ψυχοῦ-

2168 1235 2261 1268 σαν
2295 1233 2310 1246 ·
2361 1213 2448 1268 ἐὰν
2498 1219 2668 1268 ταῦτα
2717 1214 2890 1268 πάντα
2947 1219 3140 1283 ζητῆς,
3199 1213 3252 1268 ἐν
3315 1215 3413 1288 μὲν
3463 1221 3582 1275 τοῖς
3639 1217 3809 1270 αὐτοῦ

2169 1301 2356 1378 λόγοις
2403 1303 2591 1374 μόνοις
2635 1305 2882 1377 εὑρήσεις
2926 1304 3060 1376 μετὰ
3095 1305 3296 1366 παντὸς
3343 1308 3441 1359 τοῦ
3491 1303 3808 1377 βελτίονος·

2168 1389 2218 1444 έν
2252 1392 2297 1462 ᾧ
2349 1389 2405 1446 δὲ
2441 1392 2623 1464 τοῦτῳ
2671 1394 2732 1447 τὸ
2785 1390 2999 1465 μᾶλλόν
3051 1389 3168 1446 ἐστι
3216 1393 3382 1464 καὶῷ
3415 1391 3680 1465 μειζόνως
3731 1393 3814 1447 ἐκ·

2167 1481 2396 1553 λάμπει,
2425 1482 2489 1536 τὸ
2521 1479 2568 1536 δ’
2600 1483 2702 1536 οὐκ
2744 1481 2806 1536 ἄν
2847 1501 2980 1536 ποτε
3025 1480 3214 1554 γνοίης
3241 1500 3254 1512 ·
3301 1479 3524 1537 ἕκαστον
3557 1486 3686 1555 γοῦν
3719 1479 3816 1536 δο-

2169 1575 2254 1624 κεῖ
2301 1570 2396 1643 μέν
2441 1591 2558 1631 πως
2613 1568 2686 1632 ὥς
2732 1574 2781 1645 γ’
2831 1568 2892 1626 ἐκ
2937 1575 3035 1625 τοῦ
3078 1571 3520 1646 προφαινομένου
3565 1577 3812 1646 κρεῖττον

2172 1657 2441 1729 δήπουθεν
2493 1659 2632 1714 εἶναι
2678 1661 2764 1714 καὶ
2812 1663 2918 1713 τῶν
2964 1658 3178 1714 λοιπῶν
3229 1659 3534 1736 ὑπερέχονο
3585 1659 3815 1735 ἐλέγχε-

2171 1769 2256 1802 ται
2299 1747 2357 1802 δὲ
2406 1747 2559 1803 πάντ’
2610 1748 2766 1812 εὐθὺς
2829 1743 2958 1803 ὄντα
3001 1753 3112 1803 τῶν
3162 1746 3314 1820 ἴσων,
3362 1749 3452 1804 καὶ
3495 1751 3596 1818 τῆς
3641 1749 3816 1818 αὐτῆς

420 1839 702 1910 longeque
753 1836 1003 1908 profecto
1026 1834 1270 1906 optima,
1303 1835 1502 1890 eadem
1555 1837 1804 1908 reperies
1838 1853 1852 1892 :
1879 1838 1954 1893 ita
1975 1855 2059 1895 ve-

2190 1836 2407 1907 ιπουὸῆς
2465 1839 2553 1892 καὶ
2605 1837 2890 1914 βακχείας,
2939 1843 3178 1893 νεκῶντα
3231 1839 3324 1910 μὲν
3365 1841 3467 1907 τήν
3519 1842 3626 1913 [an
3657 1839 3814 1912 τᾶἳ]

419 1945 506 1994 ro,
539 1935 600 1982 ut
655 1925 995 1996 neutiquam
1030 1925 1358 1995 perspicere
1403 1941 1602 1996 queas,
1635 1942 1888 1998 quonam
1942 1927 2063 1998 ipse

2190 1931 2274 1981 τῶν
2309 1925 2522 1996 ἄλλων,
2557 1927 2658 1982 ὑπὸ
2691 1925 2737 1982 δ’
2769 1925 3036 1998 ἀλλήλων
3067 1927 3363 2002 νικώμενα.

420 2033 627 2087 genere
656 2019 886 2086 praestet
918 2013 1166 2070 maxime
1193 2029 1256 2068 ac
1289 2013 1508 2068 eluceat
1541 2031 1788 2087 :nempe
1831 2017 2018 2087 primo
2073 2019 2326 2090 quidque
2383 2023 2617 2090 aspectu
2671 2019 2885 2076 melius
2935 2020 3158 2076 caeteris
3203 2019 3692 2090 praestantiaeque
3737 2019 3816 2073 vi-

422 2109 610 2175 detur,
669 2104 766 2161 ed
827 2119 958 2160 mox
1013 2109 1205 2158 tamen
1257 2103 1418 2173 paria
1469 2103 1621 2158 inter
1677 2120 1738 2160 se
1777 2105 1996 2174 omnia,
2054 2107 2370 2179 eademque
2418 2124 2558 2163 cura
2615 2124 2681 2164 ac
2730 2107 2923 2164 divina
2971 2109 3152 2164 animi
3200 2109 3538 2164 incitatione
3595 2109 3818 2180 scripta

421 2195 952 2270 deprehenduntur,
1003 2193 1293 2248 vincentia
1353 2193 1630 2250 nimirum
1663 2195 1950 2267 quidquid
2007 2195 2348 2268 hujusmodi
2389 2199 2540 2270 apud
2602 2196 2748 2254 alios
2803 2196 3070 2263 occurrit,
3121 2197 3275 2254 seda
3339 2213 3402 2254 se
3428 2197 3678 2254 invicem
3715 2213 3818 2254 su-

423 2291 640 2360 persta.

494 2372 963 2432 XXXII.Scilicet
1019 2372 1516 2444 quemadmodum
1549 2371 1634 2429 sol
1677 2389 1793 2430 non
1857 2373 1915 2428 in
1967 2373 2078 2430 alia

421 2467 680 2524 locorum
717 2463 870 2538 plus,
928 2465 988 2519 in
1019 2462 1138 2520 alia
1168 2465 1362 2518 minus
1395 2463 1584 2518 radios
1616 2480 1754 2518 suos
1785 2463 1943 2534 jacit,
1975 2465 2074 2520 sed

425 2556 544 2625 pari
582 2563 636 2612 et
661 2554 842 2612 simili
889 2567 990 2624 per
1036 2551 1233 2607 omnia
1283 2552 1466 2623 gradu
1500 2551 1700 2618 fertur,
1756 2551 2078 2623 eodemque

424 2646 697 2702 universa
735 2641 961 2714 fulgore
991 2641 1208 2712 replet;
1240 2641 1310 2695 ad
1341 2641 1612 2696 eumdem
1645 2645 1700 2696 ct
1732 2645 1929 2698 noster
1960 2657 2080 2696 mo-

424 2737 581 2801 dum,
612 2731 757 2788 illud
789 2731 1003 2800 ubique
1034 2729 1322 2800 sequitur,
1356 2731 1506 2801 quod
1537 2731 1596 2786 in
1631 2729 1752 2786 suis
1791 2729 2080 2803 praecipue

421 2825 655 2888 eminet,
687 2827 864 2892 utque
897 2819 954 2874 in
1013 2819 1288 2874 omnibus
1319 2819 1444 2890 ipse
1473 2819 1773 2889 aequaliter
1823 2819 2079 2891 Optimus

428 2913 504 2966 sit
537 2910 784 2974 laborat,
825 2907 982 2964 velut
1016 2907 1652 2978 necessistatequadam
1694 2909 1804 2964 sibi
1839 2913 2077 2975 statuta,

433 3018 501 3056 ne
532 2999 672 3072 quid
706 3013 952 3070 usquam
985 2996 1218 3068 ulloque
1251 2997 1420 3052 modo
1449 2997 1518 3051 de
1555 2996 1842 3054 altissima
1866 2997 1962 3052 illa
1985 3014 2080 3052 su-

432 3089 716 3146 blimitate
757 3105 863 3144 sua
895 3085 1150 3143 remittat
1183 3103 1196 3141 :
1257 3103 1370 3158 quo
1405 3085 1488 3154 fit,
1532 3095 1593 3142 ut
1652 3085 1936 3158 quidquid
1970 3087 2078 3141 atl-

433 3177 756 3234 miratiouis
785 3175 1011 3232 cunctis
1053 3175 1264 3244 pariter
1296 3179 1420 3230 tum
1471 3175 1678 3246 poetis,
1729 3179 1852 3230 tum
1886 3179 2080 3230 orato-

431 3269 596 3324 ribus
652 3266 919 3334 debetur,
979 3264 1033 3318 id
1112 3281 1284 3320 omne
1331 3280 1483 3320 unus
1534 3263 1644 3319 sibi
1705 3263 2081 3319 meritissimo

431 3358 702 3412 vindicet.
733 3355 956 3427 Quippe
987 3371 1112 3426 quae
1145 3353 1334 3408 caeteri
1367 3353 1734 3408 membratim
1763 3353 1933 3408 modo
1955 3353 2081 3408 atti-

433 3454 655 3514 cerunl,
689 3444 813 3516 ipse
837 3459 1176 3514 permensus
1224 3442 1528 3510 universa;
1563 3443 1663 3514 qui
1693 3441 1828 3496 item
1859 3447 1927 3497 ut
1955 3443 2080 3498 suis

436 3537 611 3590 rebus
661 3533 937 3589 omnibus
989 3532 1160 3604 longe
1217 3537 1452 3588 caeteros
1501 3532 1706 3600 anteit,
1751 3531 1832 3586 ita
1871 3532 1976 3587 hac
2021 3531 2081 3587 in

437 3631 596 3698 parte
619 3623 792 3680 etiam
823 3621 1204 3693 semetipsum
1237 3621 1538 3692 praevertit.
1565 3621 1644 3676 Ea
1673 3637 1926 3693 namque
1943 3637 2080 3677 con-

437 3718 690 3770 tentione
721 3710 970 3767 adnixus
1010 3715 1119 3780 est,
1159 3715 1225 3766 ut
1267 3726 1455 3782 neque
1489 3710 1606 3765 ulla
1639 3711 1866 3781 penitus
1905 3710 2084 3783 proba

437 3809 796 3873 venustaque
847 3797 1125 3855 orationis
1171 3798 1302 3854 idea
1353 3799 1552 3854 minus
1607 3800 1730 3870 ipse
1763 3799 2084 3854 instructus

439 3901 608 3958 e~sct,
671 3905 860 3963 neque
889 3905 1092 3944 rursus
1142 3891 1204 3942 ut
1255 3889 1382 3944 vita-
1414 3888 1740 3961 integritate
1761 3887 1846 3944 illi
1877 3904 2088 3945 conce-

439 3988 620 4050 deret,
644 3997 820 4054 quem
853 3981 1126 4037 facultate
1155 3981 1381 4037 dicendi
1441 3980 1766 4051 proximum
1807 3979 2088 4048 haberet;

2113 3224 2162 3289 Ο

2258 2375 2378 2431 ΛΒ’.
2428 2374 2517 2434 Ὠς
2569 2373 2672 2448 γάρ
2719 2375 2746 2428 ὁ
2779 2371 2947 2442 ἥλιος
2994 2373 3056 2428 οὐ
3109 2379 3225 2436 τοῖς
3279 2375 3375 2447 μὲν
3427 2373 3663 2447 μᾶλλον,
3707 2379 3828 2437 τοῖς

2223 2461 2235 2484 9
2521 2461 2534 2474 ’
2667 2461 2678 2480 ο
2867 2461 2882 2478 \
2989 2462 3002 2480 η
3079 2467 3102 2477 -ι
3284 2462 3297 2476 η
3395 2463 3410 2480 ε
3521 2465 3532 2484 ι
3573 2461 3596 2482 ν
3817 2465 3830 2480 ι

2187 2457 2215 2514 δ
2294 2463 2454 2529 ἧττον
2517 2483 2774 2540 επαφιησι
2826 2482 2920 2522 τας
2978 2483 3218 2530 ακτινας,
3273 2461 3419 2518 αλλα
3462 2460 3512 2517 δι
3575 2484 3692 2518 ισου
3743 2485 3834 2518 και

2187 2549 2385 2622 ὁμοίου
2447 2556 2659 2625 χωρεῖ,
2719 2552 2807 2606 καὶ
2885 2557 2984 2622 τῆς
3050 2550 3217 2620 αὐτῆς
3276 2552 3428 2606 πάντ’
3493 2549 3834 2624 ἐμπίπλησιν

2185 2637 2411 2714 αἴγλης,
2453 2641 2524 2700 ὡς
2571 2635 2627 2694 δὲ
2676 2638 2763 2694 καὶ
2814 2640 2974 2702 οὗτος
3023 2639 3333 2718 ἑκασταχοῦ
3371 2645 3478 2695 τῶν
3527 2641 3693 2695 αὐτοῦ
3742 2661 3834 2712 με·

2187 2726 2378 2802 γίστου
2426 2727 2587 2802 λόγον
2645 2733 2882 2783 ποιεῖται
2921 2728 3011 2782 καὶ
3050 2733 3146 2782 τοῦ
3185 2750 3248 2803 γε
3297 2725 3606 2784 διαπάντων
3657 2728 3840 2802 κράτι·

2189 2837 2316 2878 στος
2369 2817 2500 2872 εἶναι
2535 2835 2548 2849 ⁸
2601 2815 2784 2892 ὥσπερ
2834 2817 2907 2880 εἷς
2963 2817 3205 2893 ἀνάγκην
3268 2815 3334 2888 δή
3381 2839 3498 2872 τινα
3545 2819 3833 2886 καταστὰς,

2193 2904 2455 2980 μηδαμοῦ
2513 2915 2612 2974 τῆς
2674 2903 2986 2979 ὑπερϐολῆς
3049 2905 3178 2980 μηδ’
3231 2909 3537 2963 ὁπωστιοῦν
3593 2909 3833 2985 ὑφιέναι·

2190 2997 2316 3050 ὥσθ’
2345 2995 2374 3050 ὅ
2415 3001 2571 3051 πᾶσιν
2605 2997 2746 3068 ὁμοῦ
2775 2995 2866 3052 καὶ
2896 3001 3151 3067 ποιηταῖς
3184 2997 3272 3052 καὶ
3315 2995 3634 3072 λογοποιοῖς
3685 2997 3835 3077 ὀφεί-

2191 3084 2342 3140 λεται
2384 3087 2588 3158 θαῦμα,
2632 3085 2796 3158 μόνος
2843 3084 3000 3146 οὗτος
3045 3085 3238 3141 τούτου
3287 3087 3576 3160 τυγχάνειν
3628 3083 3834 3148 δίκαιος

2193 3173 2255 3228 ἂν
2315 3173 2400 3242 εἶή
2433 3216 2446 3230 .
2502 3173 2652 3249 εἴπερ
2685 3175 2713 3229 ὁ
2767 3175 2861 3248 μὲν
2921 3171 3230 3230 διαπάντων
3279 3175 3499 3252 ἀφῖκτο,
3553 3175 3604 3229 οἱ
3655 3172 3702 3228 δ’
3745 3175 3834 3230 ἐπὶ

2197 3265 2394 3340 μέρους
2442 3263 2749 3340 ἐχρήσαντο
2799 3263 3054 3328 τού-ποκ’
3092 3265 3230 3319 ὅπου
3271 3287 3330 3340 γε
3379 3264 3466 3318 καὶ
3515 3271 3632 3328 τοῖς
3669 3264 3834 3320 αὑτοῦ

2189 3361 2318 3410 πᾶσι
2347 3355 2474 3420 τοὺς
2523 3355 2733 3418 ἄλλους
2781 3357 3020 3430 καθάπαξ
3064 3361 3225 3411 νικῶν
3281 3357 3332 3410 ἐν
3383 3357 3564 3428 τούτῳ
3612 3361 3694 3428 τῷ
3745 3357 3837 3430 μέ-

2193 3464 2292 3518 ρει,
2345 3445 2434 3500 καὶ
2487 3444 2646 3500 αὐτὸν
2706 3444 3070 3520 παρελαύνει*
3131 3445 3303 3508 οὕτως
3358 3444 3654 3501 ἐσπούδακε
3708 3449 3839 3518 μήτ’

2191 3533 2351 3596 αὐτὸς
2416 3532 2546 3607 μηδ’
2597 3537 2916 3603 ἡστινοσοῦν
2965 3534 3281 3608 τοπαράπαν
3335 3533 3564 3608 δοκίμου
3617 3535 3706 3589 καὶ
3751 3557 3810 3590 κε

2198 3624 2540 3698 χαρισμένης
2575 3621 2752 3698 λόγων
2795 3620 2930 3684 ἰδίας
2971 3621 3392 3700 ἀπολελεῖφθαι,
3428 3625 3568 3695 μήτε
3611 3625 3719 3696 μὴν
3749 3625 3844 3678 τὸν

2191 3709 2350 3785 ἐγγῦς
2399 3710 2459 3765 ἂν
2512 3710 2677 3766 αὐτοῦ
2717 3711 2982 3788 γεγονότα
3032 3716 3113 3783 τῷ
3147 3713 3252 3785 βίῳ
3303 3713 3644 3781 καταλιπεῖν,
3693 3711 3844 3768 ἀλλά

2191 3799 2318 3863 τοὺς
2357 3797 2558 3873 λόγους
2605 3799 2799 3861 αὐτοὺς
2841 3799 2918 3860 εἷς
2958 3798 3097 3872 ὕψος
3149 3799 3272 3872 ἆραί
3321 3819 3378 3854 τε
3425 3801 3516 3854 καὶ
3563 3806 3840 3872 κοσμῆσαι

2195 3889 2284 3942 καὶ
2345 3887 2548 3962 βελτίω
2605 3888 2692 3942 καὶ
2745 3888 3193 3966 περιφανεστέραν
3247 3885 3404 3959 δόξαν
3461 3888 3644 3950 αὐτοῖς
3687 3909 3844 3963 περι-

2201 3973 2409 4034 θέσθαι.

441 4082 554 4129 tam
591 4089 720 4130 vero
751 4071 888 4126 item
948 4074 1012 4125 ut
1068 4069 1255 4141 ipsam
1313 4069 1656 4142 eloquentia
1685 4073 1868 4125 artem
1914 4069 1972 4123 in
2024 4067 2196 4124 altius
2243 4067 2540 4141 fastigium
2591 4067 2880 4126 attolleret
2909 4072 3345 4140 exornaretque,
3377 4071 3432 4124 et
3457 4067 3756 4124 meliorem
3792 4069 3844 4126 ei

441 4163 940 4234 illustrioremque
968 4159 1464 4216 circumfunderet
1493 4158 1764 4230 gloriam.

515 4251 750 4308 XXXIII.
784 4250 1006 4322 Quippe
1038 4251 1084 4304 si
1137 4247 1402 4320 quisquis
1447 4253 1632 4302 artem
1673 4245 1994 4317 quamlibet
2023 4247 2092 4301 de

445 4343 517 4398 iis
574 4358 700 4411 qua
749 4339 822 4396 ab
871 4353 934 4395 se
975 4337 1334 4393 inhonorata
1381 4336 1749 4408 sordidisque
1805 4335 2093 4392 habentur

449 4429 855 4502 perfectissime
883 4427 1150 4494 excoluit,
1191 4443 1300 4482 sua
1329 4425 1455 4497 ipse
1485 4427 1656 4481 laude
1695 4427 1958 4482 eamdem
2001 4444 2091 4497 pa-

447 4521 590 4576 ritur
643 4519 1023 4578 cohonestet:
1079 4516 1218 4587 quid
1275 4517 1346 4571 de
1401 4519 1474 4581 te,
1529 4529 1744 4586 quaeso,
1777 4515 1944 4570 nobis
2001 4514 2088 4569 di-

446 4609 714 4678 cendum,
747 4609 848 4681 qui
881 4609 961 4663 ita
996 4622 1229 4662 omnem
1259 4620 1399 4660 sane
1445 4603 1740 4659 liberalem
1773 4607 1959 4660 artem
2001 4620 2094 4659 so-

2277 4249 2395 4302 Al".
2459 4245 2523 4302 Εἰ
2573 4245 2676 4321 γὰρ
2727 4245 2755 4300 ὁ
2798 4244 2997 4321 τέχνην
3049 4247 3299 4314 ἡντινοῦν
3349 4249 3458 4300 τῶν
3509 4243 3740 4300 εὐτελῶν
3787 4267 3846 4300 τε

2201 4333 2289 4388 καὶ
2321 4333 2544 4410 φαύλων
2600 4333 2675 4396 εἷς
2724 4331 2890 4412 ἄκρον
2940 4336 3316 4411 κατωρθωκὼς
3351 4337 3437 4398 οἷς
3471 4336 3634 4398 αὐτὸς
3688 4333 3844 4390 ἐπαι-

2199 4427 2366 4478 νεῖται
2406 4422 2604 4493 ταῦτην
2663 4423 2931 4498 σεμνῦνει,
2989 4425 3039 4478 τί
3098 4425 3220 4498 περί
3280 4429 3376 4479 σοῦ
3427 4427 3697 4502 φήσομεν,
3745 4429 3844 4479 τοῦ

2205 4511 2375 4584 μόνου
2411 4513 2504 4586 μὲν
2537 4515 2750 4584 ἁπάσης
2785 4513 3016 4589 λογικῆς
3053 4513 3364 4586 ἐπιστήμης
3396 4513 3542 4569 οὕτω
3578 4535 3850 4593 μετεσχη-

2199 4597 2379 4674 κότας,
2440 4603 2514 4664 ὡς
2561 4601 2781 4668 οὐδενός
2824 4625 2921 4660 του
2964 4607 3073 4660 τῶν
3125 4603 3334 4659 πάντων
3374 4607 3543 4676 μιᾶς;
3595 4603 3767 4676 μόνου
3799 4601 3848 4658 δ’

443 4699 536 4754 lns
569 4703 871 4755 assecutus
901 4713 980 4764 es,
1009 4701 1254 4751 utnemo
1285 4693 1436 4749 alius
1479 4709 1658 4749 unam
1691 4692 2026 4764 quampiam
2057 4693 2076 4747 Ἰ

2191 4691 2420 4761 ἑκάστην
2453 4692 2625 4756 οὕτως
2659 4693 3023 4764 ἐξησκηκότος
3055 4713 3112 4748 τε
3141 4694 3228 4748 καὶ
3277 4693 3705 4755 κατωςθωκότος
3749 4692 3846 4748 καὶ

441 4791 604 4844 solus
655 4789 789 4844 item
838 4799 1315 4857 unamquamque
1361 4783 1504 4838 adeo
1554 4782 1793 4838 feliciter
1839 4782 2094 4854 perdidi-

443 4877 570 4934 cisti
617 4876 1039 4949 perfecistique,
1091 4879 1217 4930 tum
1267 4889 1444 4945 supra
1505 4871 1648 4928 alios
1699 4887 1902 4927 omnes
1961 4887 2090 4942 quae

435 4969 561 5038 jnim
613 4973 834 5037 reperta
877 4963 1257 5021 tradebantur
1285 4963 1622 5029 exercendo,
1686 4965 1812 5016 tum
1852 4961 1922 5016 ad
1969 4961 2090 5017 hc

447 5057 694 5126 plurima
709 5059 768 5111 et
798 5055 1018 5125 optima
1039 5053 1461 5110 adiuveniendo
1479 5050 2088 5122 pertractandoque,ut

445 5145 578 5202 inde
611 5161 724 5200 non
757 5143 930 5200 modo
961 5143 1180 5199 acriore
1205 5142 1400 5197 studio
1439 5139 1626 5210 expeti
1661 5139 1998 5210 majoreque
2027 5137 2086 5192 in

445 5237 627 5306 pretio
685 5235 790 5289 has
839 5249 967 5289 esse
1025 5231 1362 5301 disciplinas
1417 5230 1725 5296 videamus,
1785 5227 1880 5284 sed
1933 5233 1990 5284 et
2039 5227 2087 5283 si

444 5341 557 5394 quo
571 5341 705 5379 casu
721 5323 792 5378 de
809 5323 996 5378 medio
1011 5321 1255 5378 sublatae
1272 5319 1617 5388 i'uissent,de
1637 5323 1694 5372 te
1711 5317 1934 5388 tuisque
1949 5317 2083 5374 scri-

447 5417 558 5483 ptis
578 5413 760 5468 nihilo
776 5419 928 5469 certe
950 5411 1410 5482 deterius,quam
1433 5407 1674 5464 invenias
1707 5407 1844 5463 olim
1867 5407 2094 5464 fuerant

448 5503 634 5558 denuo
661 5503 816 5573 ipsas
847 5501 1076 5560 restitui
1111 5501 1167 5557 in
1209 5501 1501 5572 vitamque
1534 5496 1782 5554 revocari
1809 5495 2088 5568 potuisse.

521 5591 758 5648 XXXIV.
801 5595 984 5657 Quam
1037 5608 1224 5648 meam
1263 5589 1612 5646 sententiam
1675 5587 1755 5642 vel
1817 5585 1954 5642 inde
1997 5583 2090 5643 re-

453 5681 604 5734 ctius
661 5683 962 5750 quisquam
1015 5681 1452 5735 anim-advertat.
1505 5677 1728 5746 Quippe
1769 5675 1814 5730 si
1859 5681 1917 5730 et
1951 5677 2092 5732 artis

2202 4783 2288 4843 οἷς
2323 4783 2452 4858 ὑπὲρ
2485 4785 2684 4844 πάντας
2713 4781 2842 4847 τοὺς
2879 4781 3082 4845 ἄλλους
3125 4787 3240 4845 τοῖς
3280 4781 3553 4855 κειμένοις
3596 4781 3844 4856 ἐχρήσω,

2200 4871 2288 4925 καὶ
2345 4871 2426 4934 οἷς
2482 4871 2708 4926 πλεῖστα
2747 4871 2837 4927 καὶ
2883 4870 3136 4926 κάλλιστ’
3183 4872 3342 4932 αὐτὸς
3391 4869 3741 4946 προσεξεῦρές
3785 4891 3847 4926 τε

2199 4959 2284 5014 καὶ
2319 4962 2770 5034 προσεξειργάσω,
2811 4961 2886 5023 ὼς
2936 4960 3043 5035 οὐχ
3083 4961 3206 5016 ὅσον
3251 4959 3487 5015 ἐντεῦθεν
3533 4959 3694 5020 αὐτας
3743 4965 3843 5030 ζη-

2201 5047 2504 5124 λωτοτέρας
2557 5052 2684 5124 ὁρᾷν
2733 5049 2823 5104 καὶ
2867 5048 3036 5120 μείζω
3089 5047 3392 5127 δεχομένας
3432 5044 3650 5103 ἔπαινον
3695 5047 3846 5102 ἀλλὰ

2197 5137 2286 5192 καὶ
2331 5136 2376 5192 εῖ
2419 5159 2533 5200 πως
2574 5137 2634 5193 ἐκ
2681 5137 2844 5212 μέσου
2888 5137 3110 5192 ταυτασὶ
3161 5139 3484 5214 γεγενῆσθαι
3535 5131 3750 5206 ξυνέϐη,

2199 5227 2300 5300 ἄρα
2359 5232 2456 5282 σοῦ
2513 5229 2601 5282 καὶ
2650 5233 2755 5283 τῶν
2803 5231 2908 5282 σῶν
2967 5226 3169 5302 λόγων,
3225 5223 3512 5282 ἀναλαϐεῖν
3562 5221 3711 5301 ἔχειν
3771 5223 3846 5280 ἔτ’

2197 5315 2349 5379 αῦο;ς
2379 5323 2484 5372 τῶν
2529 5317 2838 5392 εὑρηκότων
2885 5315 3115 5392 πρόσθεν
3165 5317 3276 5394 οὐχ
3308 5319 3493 5386 ῆττον,
3543 5317 3635 5370 καὶ
3679 5335 3848 5370 κατα-

2203 5413 2394 5478 στῆσαι
2429 5403 2592 5462 πάλιν
2621 5411 2699 5480 τῷ
2733 5406 2875 5482 βίῳ;

2273 5587 2398 5641 ΛΔ¹.
2433 5585 2594 5654 Γνοίη
2641 5583 2686 5640 δ’
2725 5585 2786 5640 ἄν
2827 5607 2908 5647 τις
2948 5568 3148 5640 ἐκεῖθεν
3199 5580 3580 5659 ἀκριϐέστερον
3613 5585 3642 5638 ’ὀ
3676 5581 3850 5656 λέγω.

2201 5675 2270 5730 Εἴ
2297 5675 2398 5749 γὰρ
2429 5676 2728 5750 ῥητορικῆς
2757 5697 2812 5731 τε
2841 5675 2930 5729 καὶ
2963 5673 3291 5752 φιλοσοφίας
3319 5675 3548 5747 ἐξετάσει
3604 5673 3670 5726 τὰ
3701 5669 3845 5744 ε’ίὸη,
