4118 6214
322 321 434 384 149

1327 326 1721 390 LAUDATIO
1764 327 1826 389 S.
1869 329 2240 396 GREGORII
2286 324 2694 394 THEOLOGI.

3588 319 3708 380 250

317 460 372 512 ei
436 459 655 522 πάντως
699 480 914 516 παντων
964 460 1129 536 ἄκρον
1175 461 1391 536 εὑρήσει
1448 459 1704 541 τεχνίτην
1753 463 1949 537 πολλῷ

2069 469 2326 525 oratoriis
2373 471 2431 523 et
2475 463 2850 537 philosophia
2898 468 3088 533 partes
3134 458 3407 522 excutiat,
3439 453 3702 513 omnium

311 548 756 624 θαυμαστότερον
786 551 872 606 καὶ
905 549 1124 606 καλλίω
1152 555 1262 606 τῶν
1293 549 1343 621 ἒξ
1377 553 1556 626 ἀρχῆς
1598 557 1913 625 προστατῶν
1935 573 1951 588 ο

303 645 412 706 τῆς
448 639 569 710 μὲν,
623 639 761 713 πρὸς
808 644 890 712 τῷ
917 645 1218 714 πρακτικῷ,
1267 642 1329 696 τό
1377 663 1436 697 τε
1480 643 1813 715 θεωρητικὸν
1865 645 1954 698 καὶ

301 728 633 802 θεολογικόν
665 730 751 784 καὶ
787 729 1008 803 προσέτι
1048 728 1390 786 διαλεκτικὸν
1423 731 1708 810 ὑπερφυῶς
1760 753 1954 804 κεκτη-

305 815 473 887 μένον
506 836 520 850 ·
571 819 654 879 οἷς
715 815 773 874 δὲ
823 817 1116 893 ῥητορικὸς
1165 819 1239 874 ὥν
1297 820 1607 898 τυγχάνεις,
1656 818 1955 876 δεινότατον

300 906 554 976 πάντων,
585 910 678 960 νῦν
721 908 817 980 μὶν
865 907 1273 983 πανηγυρίζειν,
1313 912 1403 962 νῦν
1438 907 1496 964 δὲ
1539 905 1954 982 συμϐουλεύειν,

300 997 400 1047 νῦν
443 991 505 1049 8‘s
553 995 765 1068 θατέρῳ
811 997 1116 1070 κεχρῆσθαι
1161 998 1248 1051 καὶ
1303 998 1432 1052 εἶναι
1477 995 1750 1053 δικανικόν
1776 1017 1792 1032 ο
1843 997 1955 1054 ἔστι

302 1079 353 1136 δ’
389 1084 451 1136 οὗ
486 1085 574 1137 καὶ
602 1090 731 1139 πᾶσι
761 1086 975 1148 τούτοις
1007 1086 1149 1159 ὃμοῦ
1174 1105 1188 1120 ·
1226 1088 1492 1160 μάρτυρες
1533 1085 1589 1142 δὲ
1637 1088 1954 1162 ἀξιόχρειῳ,

303 1173 360 1226 οἱ
396 1175 480 1227 σοὶ
538 1174 776 1244 μάλιστα
827 1173 989 1250 λόγοι
1040 1180 1211 1229 πᾶσαν
1256 1175 1596 1245 τηλικαύτην
1652 1175 1794 1232 ἰδέαν
1845 1175 1954 1232 δει-

301 1261 530 1323 κνύντες
591 1263 652 1317 ἐκ
706 1269 983 1338 περιττοῦ,
1043 1265 1130 1318 καὶ
1175 1264 1378 1326 πάντας
1426 1264 1818 1336 ἐκπλήττοντες
1865 1265 1953 1321 καὶ

303 1351 536 1424 προσέτι
593 1351 889 1418 πείθοντες,
954 1357 1028 1426 μή
1094 1354 1259 1425 μόνον
1310 1355 1369 1408 σὲ
1425 1351 1677 1427 γλῶτταν
1739 1356 1954 1434 σοφίας,

305 1437 460 1493 ἀλλὰ
489 1440 579 1494 καὶ
611 1445 736 1495 νοῦν
769 1441 959 1504 ἁπλῶς
991 1443 1279 1515 ὀνομάζειν
1311 1445 1510 1505 παντὸς
1547 1443 1760 1515 μᾶλλον
1795 1445 1953 1500 Ἀνα-

305 1529 571 1602 ξαγόρου,
621 1529 678 1585 όν
726 1531 778 1584 o't
827 1532 1056 1605 πρόσθεν
1105 1535 1230 1584 νοῦν
1279 1530 1600 1602 ἐπικάλουν,
1650 1530 1827 1587 διὰτὸ
1859 1538 1954 1588 τοῦ

304 1639 404 1672 τον
475 1617 622 1674 οὕτω
686 1624 805 1680 τοῖς
890 1619 1204 1695 πράγμασιν
1292 1617 1612 1676 ἐπιϐάλλειν
1680 1619 1952 1685 δύνασθαι,

303 1709 498 1780 ὥσπερ
527 1710 648 1762 τινα
680 1707 978 1781 λελυμένον
1010 1711 1288 1782 σώματος.
1321 1710 1500 1768 Ἀλλᾶ
1533 1714 1640 1784 μὴν
1691 1712 1954 1785 ἀστρονο-

2068 562 2124 615 te
2149 559 2387 616 omnino
2435 571 2733 613 summum
2781 553 3030 624 reperict
3071 550 3377 611 artificem,
3427 546 3707 615 longeque

2066 648 2391 705 mirabilem
2435 645 2623 716 magis
2687 642 3258 713 praestantioremque
3307 635 3510 707 primis
3569 633 3708 704 ipsis

2062 740 2349 809 cujusque
2399 733 2720 806 magistris,
2779 731 3012 803 quando
3081 725 3463 798 philosophia
3513 727 3707 791 partes

2064 845 2266 884 omnes
2296 831 2422 882 tum
2456 825 2716 892 activam,
2748 827 2876 878 tum
2907 817 3435 889 contemplativam,
3467 813 3709 868 divinae-

2066 934 2178 990 que
2207 917 2348 972 item
2381 918 2599 971 naturae
2639 910 3090 984 explicatricem,
3142 911 3313 978 atque
3353 903 3516 959 illam
3558 917 3708 971 prm-

2064 1012 2218 1063 terea
2247 1023 2372 1077 quas
2403 1003 2722 1060 disserendi
2757 1001 3038 1056 rationem
3087 994 3516 1067 complectitur,
3559 1006 3708 1061 pene

2065 1097 2214 1152 ultra
2230 1095 2463 1150 humani
2479 1090 2696 1164 ingenii
2719 1090 2938 1146 molum
2961 1087 3218 1153 tenebas,
3230 1099 3436 1140 rursus
3449 1097 3563 1152 qua
3582 1096 3712 1136 ora-

2065 1187 2198 1242 torii
2248 1182 2462 1255 ingenii
2508 1182 2800 1251 studiique
2839 1177 3134 1248 specimen
3167 1173 3407 1245 praebes,
3439 1169 3703 1226 omnium

2063 1279 2118 1332 te
2147 1273 2595 1330 solertissimum
2647 1268 2982 1339 comperiet,
3033 1265 3204 1320 modo
3249 1263 3306 1316 in
3342 1258 3705 1331 panegyrico,

2065 1360 2234 1416 modo
2265 1359 2322 1414 in
2355 1357 2619 1414 suasorio
2661 1369 2962 1410 causarum
3013 1365 3242 1423 genere,
3289 1346 3458 1401 modo
3507 1359 3707 1398 rursus

2063 1451 2209 1504 utet
2238 1447 2443 1502 horum
2477 1444 2817 1501 alterutrum
2851 1454 3119 1511 usurpes,
3153 1442 3209 1492 et
3245 1430 3706 1503 simuljudiciali

2063 1537 2284 1607 impetu
2333 1535 2558 1603 feraris,
2600 1531 2916 1603 aliquando
2956 1531 3094 1586 item
3139 1531 3202 1583 ut
3241 1525 3362 1580 haec
3409 1520 3608 1578 omnia
3645 1520 3704 1574 in

2065 1643 2244 1683 unum
2267 1628 2597 1682 conducas:
2641 1623 2809 1694 cujus
2841 1621 2922 1676 rei
2972 1634 3112 1674 sane
3160 1631 3340 1688 quam
3387 1610 3708 1680 locupletes

2063 1721 2244 1774 testes
2272 1720 2389 1771 tuae
2418 1716 2711 1772 orationes
2754 1714 2916 1774 sunt,
2953 1709 3011 1764 in
3041 1707 3255 1779 quibus
3287 1705 3503 1761 formas
3533 1699 3708 1756 hasce

308 1799 445 1868 μίας
472 1797 592 1871 πέρι
624 1799 712 1852 καὶ
752 1801 1089 1872 γεωμετρίας
1137 1799 1225 1853 καὶ
1269 1805 1376 1854 τῶν
1428 1798 1616 1854 ἄλλων
1665 1805 1770 1856 τῶν
1822 1821 1949 1854 ταυ-

2064 1823 2266 1863 omnes
2321 1802 2783 1861 luculentissima
2837 1814 3142 1872 expressas
3182 1796 3373 1851 videre
3410 1795 3520 1857 est,
3579 1805 3707 1862 qua

2281 1897 2298 1904 -
2371 1896 2383 1904 .
2459 1894 2495 1904 -.
2863 1891 2896 1904 ..
3074 1903 3078 1904 ν
3338 1887 3459 1904 Lm
3507 1885 3560 1904 ι,
3592 1895 3702 1904 ___

303 1887 456 1940 ταισὶ
488 1887 868 1960 ξυνημμένων,
916 1887 1085 1942 ἐκεῖνο
1118 1888 1262 1963 λέγω
1303 1887 1386 1944 ὅτι
1428 1891 1516 1944 καὶ
1563 1891 1770 1945 τούτων
1805 1887 1954 1965 ε’ίπερ

303 1996 393 2037 τις
473 1975 561 2030 καὶ
629 1974 787 2037 οὗτος
851 1978 1186 2050 κτησάμενο,
1253 1976 1589 2050 ἐπιστήμην,
1658 1979 1748 2033 καὶ
1805 1977 1955 2040 ὅπως

301 2065 461 2119 ταῦτ’
491 2059 607 2140 ἔχει
639 2067 990 2139 καταμαθὼν,
1024 2064 1179 2121 οὐδὲν
1215 2069 1318 2140 γὰρ
1369 2067 1794 2142 ἀνεπιχείρητον
1837 2064 1956 2122 οὐδ’

303 2153 659 2225 ἀνεξέταστον
707 2159 788 2226 τῷ
843 2160 1016 2232 σοφῷ,
1076 2154 1292 2210 πολλοῦ
1348 2175 1409 2230 γε
1463 2156 1553 2211 καὶ
1605 2161 1702 2212 τοῦ
1759 2158 1956 2219 παντὸς

304 2240 502 2312 ἒδέησε
529 2242 748 2305 τούτοις
778 2249 906 2297 πᾶσι
953 2245 1252 2318 κεχρῆσθαι
1286 2264 1297 2276 ·
1348 2244 1498 2300 ἀλλᾶ
1539 2251 1657 2309 τοῖς
1689 2246 1808 2319 μὶν,
1839 2253 1955 2312 τοῖς

304 2329 355 2385 δ’
407 2332 508 2386 οῧο
565 2333 662 2386 ὅσα
712 2333 816 2408 γὰρ
865 2331 1037 2387 αὐτῶν
1080 2332 1264 2387 εἰκότα
1310 2335 1400 2388 καὶ
1457 2336 1744 2409 ἀναγκαῖα,
1788 2340 1953 2391 ταῦτα

303 2423 438 2495 παρ’
477 2421 652 2492 ἑαυτῷ
699 2421 1016 2495 κατασχὼν,
1064 2419 1243 2476 τᾶλλα
1289 2428 1405 2484 τοῖς
1452 2421 1646 2486 ἄλλοις
1687 2430 1949 2497 παρῆκεν,

303 2511 382 2572 ὡς
426 2506 558 2564 ὄντα
594 2509 786 2584 πόρῥω
825 2515 933 2566 τῶν
971 2511 1135 2584 ἱερῶν
1172 2511 1261 2565 καὶ
1302 2518 1401 2580 τῆς
1451 2513 1567 2567 καθ’
1597 2514 1744 2585 ἡμᾶς
1793 2513 1949 2587 αἱρέ-

300 2620 444 2659 σεως
468 2621 480 2632 ·
515 2598 624 2674 οὐχ
653 2601 726 2654 ὧν
757 2597 1045 2674 προείλετο
1077 2601 1488 2673 θαυμαζόμενος
1538 2600 1777 2676 μᾶλλον,
1807 2601 1844 2671 ἢ
1874 2604 1948 2657 ὧν

302 2687 618 2762 ὑπερεῖδεν·
660 2688 776 2744 ἐπεὶ
829 2690 916 2744 καὶ
977 2689 1157 2764 ἰατρὸς
1207 2691 1378 2744 πάντα
1439 2691 1532 2762 μὲν
1580 2688 1725 2746 οἶδεν
1772 2692 1948 2746 ὡσαύ-

296 2799 413 2839 τως
472 2776 538 2831 τά
591 2797 650 2832 τι
707 2775 1096 2833 λυσιτελοῦντα
1149 2782 1258 2832 τῶν
1317 2780 1616 2855 φαρμάκιον
1670 2781 1759 2834 καὶ
1818 2782 1950 2836 ἅττα

296 2869 443 2941 πρὸς
487 2862 724 2940 βλάϐην,
766 2864 912 2921 ἀλλὰ
949 2873 1059 2922 τῶν
1113 2869 1207 2939 μὶν
1259 2867 1451 2942 ἀπέχει
1501 2869 1740 2940 καθάπαξ
1780 2871 1853 2931 ὡς
1884 2870 1944 2925 ἄν

293 2977 382 3017 τις
440 2957 516 3026 μὴ
566 2955 747 3030 γνοὺς,
779 2956 814 3010 ἃ
843 2953 899 3010 δὶ
948 2956 1086 3030 πρὸς
1146 2956 1242 3028 μὶν
1287 2961 1394 3011 τῶν
1445 2956 1760 3030 καμνόντων
1810 2958 1945 3028 ἐστὶ,

297 3049 368 3118 τῇ
423 3047 568 3116 νόσῳ
611 3041 668 3100 δὶ
713 3043 968 3118 πολεμεῖ,
1030 3046 1164 3118 μετὰ
1215 3042 1273 3100 δὲ
1327 3051 1428 3114 τῆς
1479 3053 1683 3121 τὲχνης
1730 3046 1946 3102 ἵσταται

295 3133 511 3190 τούτων
563 3134 638 3195 ὡς
680 3133 896 3188 οἲκείων
941 3133 1323 3202 ἀντιποιεῖται,
1371 3136 1461 3189 καὶ
1508 3137 1727 3200 τούτοις
1772 3158 1940 3212 προσ-

2064 1913 2198 1952 cum
2229 1894 2669 1952 admirationem
2719 1891 2993 1947 omnibus
3039 1889 3288 1950 movent,
3338 1887 3465 1938 tum
3507 1885 3562 1935 te
3592 1895 3707 1935 non

2060 2001 2128 2042 os
2185 1985 2358 2040 modo
2407 1983 2782 2054 linguamque
2827 1976 3142 2050 sapientiae,
3191 1974 3290 2029 sed
3341 1975 3399 2026 et
3456 1974 3706 2025 mentem

2063 2074 2407 2143 simpliciter
2451 2071 2862 2143 appellandum
2912 2083 3039 2124 esse
3099 2062 3473 2136 persuadent.
3532 2057 3711 2127 quue

2065 2181 2177 2220 non
2218 2163 2391 2233 paulo
2438 2160 2652 2217 rectius
2699 2173 2878 2230 quam
2921 2159 3315 2223 Anaxagoram
3347 2146 3705 2221 quempiam,

2061 2267 2237 2324 quem
2296 2251 2402 2307 hoc
2448 2255 2672 2306 veteres
2719 2245 2953 2304 nomine
3000 2242 3304 2307 vocabant,
3347 2237 3503 2309 quod
3551 2235 3705 2290 hand

2061 2341 2227 2397 aliter
2281 2339 2341 2396 in
2387 2342 2626 2394 naturas
2675 2352 2871 2392 rerum
2917 2333 3260 2404 penetraret,
3319 2342 3499 2399 quam~
3543 2338 3707 2378 mens

2061 2431 2328 2502 quandam
2363 2445 2470 2484 suo
2505 2425 2769 2482 exsoluta
2793 2437 3050 2494 corpore.
3088 2420 3168 2476 De
3194 2413 3550 2474 astronomia
3570 2427 3706 2466 vero

2059 2523 2117 2574 et
2180 2518 2518 2590 geometria,
2567 2514 2902 2585 casterisque
2944 2527 3072 2582 qure
3116 2523 3246 2564 cum
3287 2507 3359 2560 iis
3416 2502 3709 2560 cohaerent

2059 2589 2410 2680 disciplinis,
2463 2607 2572 2662 hoc
2615 2606 2798 2660 habeo
2830 2602 3040 2668 dicere,
3073 2597 3230 2670 quod
3269 2594 3378 2651 etsi
3410 2607 3630 2656 earum,
3655 2589 3704 2644 si

2058 2697 2189 2768 quis
2256 2712 2517 2767 unquam
2584 2694 2760 2763 alius,
2817 2691 3024 2748 eximie
3073 2691 3270 2743 noster
3301 2681 3520 2754 peritus
3559 2682 3700 2744 erat,

2059 2800 2291 2856 quoque
2319 2784 2417 2838 illa
2445 2784 2642 2838 omnia
2669 2784 3002 2850 comparata
3032 2776 3204 2831 modo
3226 2775 3420 2828 essent
3439 2781 3706 2838 comper-

2056 2876 2182 2928 tum
2215 2873 2445 2938 habeat,
2479 2871 2623 2926 nihil
2654 2871 2811 2927 enim
2833 2868 2920 2922 vir
2941 2859 3700 2937 sapientissimusintactum

2056 2962 2550 3032 inexcussumque
2570 2959 2769 3016 omisit
2793 2975 2804 3012 :
2832 2955 3028 3028 procul
3051 2953 3144 3009 ille
3183 2957 3400 3016 tamen,
3423 2949 3541 3004 imo
3579 2945 3703 3000 lon—

2054 3052 2294 3124 gissime
2315 3052 2386 3107 ab
2435 3067 2502 3107 eo
2549 3048 2822 3113 abfuerit,
2854 3051 2918 3102 ut
2947 3045 3153 3100 iisdem
3195 3040 3473 3098 omnibus
3505 3039 3702 3107 postea

2055 3145 2342 3208 uteretur;
2378 3141 2510 3196 aliis
2548 3138 2704 3194 enim
2736 3151 2877 3193 usus
2905 3138 3010 3199 est,
3043 3133 3174 3188 aliis
3195 3148 3307 3189 non
3333 3132 3469 3186 item
3495 3139 3702 3197 nempe

295 3224 421 3299 ἕχει
451 3225 544 3277 τὸν
584 3227 732 3289 νοῦν,
771 3223 912 3294 ὁμοῦ
962 3223 1056 3296 μὶν
1097 3223 1174 3283 ὡς
1221 3221 1498 3278 ἐπίσταιτο
1542 3226 1751 3294 σώζειν,
1801 3227 1942 3300 ὁμοῦ

2060 3231 2288 3288 retentis
2318 3244 2492 3300 quam
2525 3225 2776 3284 maxime
2807 3221 3202 3296 probabilibus
3242 3225 3414 3292 atque
3453 3232 3706 3273 necessa-

295 3311 355 3367 δὲ
406 3313 498 3366 καὶ
545 3311 623 3373 ὡς
669 3311 932 3386 ἒκατέρων
983 3309 1066 3382 ε’ίη
1121 3311 1377 3386 τεχνίτης
1435 3309 1668 3383 δεικνὺς,
1725 3319 1802 3384 τῷ
1861 3317 1938 3386 μὴ

294 3401 599 3472 τηνάλλως
660 3400 791 3472 μηδ’
848 3401 967 3470 εἰκῆ
1036 3400 1306 3476 φέρεσθαι,
1383 3400 1512 3456 ἀλλ’
1568 3401 1602 3456 ἃ
1657 3406 1948 3477 προσήκει,

294 3494 452 3546 ταῦτ’
491 3490 554 3546 ἐκ
592 3491 789 3553 παντὸς
837 3489 1042 3566 τρόπου
1093 3489 1330 3562 διώκων,
1363 3491 1396 3545 ἃ
1429 3495 1505 3562 μή
1543 3493 1817 3568 ,προσήκει
1856 3494 1947 3548 καὶ

296 3583 525 3655 προσέτι
560 3580 906 3654 λυμαίνεται,
936 3584 1104 3635 ταῦτα
1132 3580 1344 3656 χαίρειν
1377 3579 1457 3650 ἐᾷ.

2050 3322 2176 3388 riis,
2229 3323 2438 3376 cetera
2483 3317 2634 3384 aliis,
2677 3317 2830 3371 velut
2870 3331 2905 3370 a
2947 3312 3224 3383 religione
3269 3310 3565 3378 sacrisque
3603 3321 3709 3360 no-

2057 3410 2197 3466 stris
2228 3410 2461 3478 longius
2492 3409 2736 3473 remota,
2769 3403 3088 3474 linquebat.
3121 3401 3186 3456 In
3217 3415 3333 3472 quo
3373 3414 3490 3453 non
3523 3395 3706 3466 magis

2059 3498 2155 3554 ille
2185 3496 2568 3554 admirandus
2598 3495 2672 3550 ob
2701 3510 2768 3550 ea
2797 3497 2888 3548 est
2935 3507 3063 3561 quas
3103 3489 3211 3544 sibi
3267 3486 3497 3557 delegit,
3533 3499 3707 3553 quam

2058 3604 2186 3658 qua!
2231 3585 2469 3656 rejecit:
2522 3581 2999 3656 quandoquidem
3047 3581 3105 3634 et
3156 3577 3415 3632 medicus
3444 3571 3708 3628 omnium

299 3674 524 3745 pariter
572 3671 833 3728 notitiam
873 3672 1428 3729 medicamentorum
1476 3673 1676 3738 habet,
1719 3681 1842 3729 tum
1905 3675 2275 3742 salutarium,
2327 3679 2454 3730 tum
2521 3673 2928 3743 pestiferorum
2972 3689 2986 3736 ;
3035 3669 3134 3724 sed
3179 3666 3270 3720 his
3321 3663 3420 3718 ille
3468 3662 3708 3732 quidem

298 3763 547 3836 perinde
578 3762 854 3829 abstinet,
907 3767 1082 3833 atque
1128 3779 1329 3818 eorum
1372 3763 1663 3834 quispiam
1718 3764 1950 3836 penitus
1999 3765 2273 3836 ignarus;
2323 3781 2452 3834 qua:
2483 3779 2616 3818 vero
2657 3760 3068 3832 aegrotantibus
3118 3757 3385 3826 prosunt,
3423 3758 3479 3806 et
3509 3750 3706 3808 morbo

299 3854 717 3916 adversantur,
749 3856 1043 3923 artemque
1089 3853 1387 3922 adjuvant,
1437 3852 1537 3908 illa
1587 3858 1652 3908 ut
1702 3853 2011 3909 familiaria
2053 3859 2110 3911 et
2155 3871 2257 3910 sua
2287 3853 2397 3910 sibi
2427 3852 2702 3918 vindicat,
2736 3849 2969 3920 illisque
3000 3846 3264 3902 animum
3301 3842 3550 3898 advertit
3579 3855 3707 3895 cer-

295 3947 425 3998 tam
481 3941 595 3997 hoc
645 3942 770 4012 ipso
813 3941 988 3995 fidem
1034 3939 1271 4008 faciens,
1323 3942 1476 4011 quod
1527 3947 1584 3997 et
1635 3942 1805 4013 aegris
1857 3943 2126 3999 medendi
2168 3943 2412 4015 peritus,
2461 3947 2519 3997 et
2565 3945 2904 3995 ceterorum
2953 3937 3094 3992 item
3145 3933 3479 4004 intelligens
3510 3930 3714 3986 artifex

296 4032 810 4102 existimatorque,
842 4031 937 4097 sit,
989 4031 1128 4088 dum
1161 4046 1273 4085 non
1308 4031 1542 4095 frustra,
1593 4047 1698 4088 nec
1744 4038 1959 4087 temere
2007 4033 2210 4100 fertur,
2263 4031 2540 4086 nimirum
2581 4044 2706 4099 quae
2749 4030 3077 4098 opportuna
3104 4040 3168 4078 ac
3198 4022 3517 4078 domestica
3547 4027 3709 4083 sunt,

296 4137 371 4177 ea
400 4121 594 4176 modis
625 4119 902 4174 omnibus
939 4123 1307 4186 consectans,
1340 4119 1572 4188 alienis,
1612 4121 1814 4191 eisque
1846 4121 2052 4190 noxiis,
2087 4122 2338 4190 rejectis.

373 4208 499 4264 ΔΕ.
532 4207 602 4262 Τὸ
638 4207 732 4279 μὶν
759 4203 824 4274 δὴ
857 4205 980 4280 περὶ
1011 4205 1136 4262 τοὺν
1179 4205 1377 4282 λόγους
1427 4208 1572 4278 αύτῷ
1619 4207 1813 4278 κράτος
1860 4209 1948 4262 καὶ

2131 4209 2357 4266 XXXV.
2407 4208 2502 4265 Sic
2549 4207 2726 4279 igitur
2771 4205 3044 4260 eximiam
3098 4203 3280 4258 nostri
3328 4202 3389 4256 in
3448 4205 3568 4256 arte
3617 4199 3712 4253 di—

289 4301 397 4368 τὴν
446 4299 550 4368 τῆς
609 4297 799 4373 σοφίας
862 4292 1202 4369 ὑπερϐολὴν,
1242 4298 1329 4352 καὶ
1380 4298 1456 4359 ὡς
1501 4298 1598 4352 κάν
1635 4297 1816 4352 τούτω
1867 4302 1946 4369 τῷ

2060 4299 2222 4356 cendi
2278 4297 2668 4370 praestantiam
2737 4311 3155 4364 summamque
3221 4290 3592 4363 sapientiam,
3652 4295 3710 4343 et

294 4389 454 4461 μὲρει
522 4386 736 4441 πάντων
807 4386 1047 4455 καθάπαξ
1117 4384 1451 4460 ὑπέρκειται,
1519 4386 1581 4441 ού
1652 4385 1942 4461 προσαξίαν

290 4475 414 4531 οὐδ’
477 4478 680 4537 ἱκανῶς
740 4473 989 4548 εἰρῆσθαί
1037 4495 1132 4548 μοι
1177 4471 1344 4548 δοκῷ,
1393 4474 1522 4530 ἀλλ’
1569 4474 1696 4530 ὅσον
1750 4473 1800 4544 ἓξ
1841 4473 1946 4549 ἄρα

291 4566 525 4647 φαύλων
556 4567 645 4620 καὶ
681 4570 893 4639 μικρῶν
923 4570 1031 4620 τῶν
1060 4566 1316 4636 ἀκτίνων,
1356 4567 1420 4622 τὸ
1455 4571 1550 4622 τοῦ
1592 4566 1756 4636 ἡλίου
1807 4564 1948 4638 λαμ-

288 4658 434 4731 πρὸν
471 4652 823 4728 ἐνδεδεῖχθαι.
856 4658 981 4713 "Ott
1010 4656 1105 4728 μὲν
1137 4657 1238 4730 γὰρ
1268 4657 1418 4710 τοῦθ’
1459 4655 1632 4716 οὕτως
1683 4655 1824 4730 ἔχει,
1855 4655 1945 4709 καὶ

288 4749 493 4799 τοῦτον
533 4742 727 4816 ἀμέλει
764 4743 855 4798 τὸν
905 4744 1128 4816 τρόπον,
1175 4745 1403 4806 ἅπαντες
1449 4742 1612 4816 ’ίσμεν
1667 4744 1756 4798 καὶ
1805 4745 1944 4798 πάνυ

288 4855 380 4888 τοι
417 4833 561 4910 μέγα
594 4833 816 4906 βοῶμεν
841 4851 854 4863 '
890 4833 1081 4887 ὁποῖον
1122 4829 1170 4887 δ’
1199 4832 1301 4907 ἄρα
1325 4833 1414 4888 καὶ
1446 4835 1596 4896 ὅπως
1619 4829 1748 4908 ἔχον
1779 4834 1944 4900 ἐστὶν,

290 4920 415 4979 οὐδ’
436 4921 499 4976 ἃν
531 4922 611 4983 εἷς
646 4922 805 4992 οἶμαι
835 4925 944 4976 τῶν
978 4918 1155 4996 ἄκρων
1189 4921 1241 4976 ἐν
1277 4921 1461 4996 λόγοις
1493 4919 1712 4976 δύναιτο
1759 4923 1944 4998 φάναι,

290 5010 425 5067 ἀλλ’
460 5013 667 5065 ἃπασαν
704 5008 886 5085 λόγων
924 5009 1081 5084 ἰσχὺν
1114 5012 1149 5080 ἠ
1179 5015 1288 5065 τῶν
1326 5009 1521 5064 τούτου
1554 5011 1738 5086 λόγων
1791 5011 1949 5083 ὑπερ·

289 5097 470 5157 ϐαίνει
502 5098 808 5174 περιουσία.
845 5100 943 5155 Καὶ
987 5098 1167 5174 ὥσπερ
1207 5097 1335 5154 ε’ίσω
1375 5106 1475 5168 τῆς
1522 5099 1687 5154 αὐτοῦ
1734 5099 1948 5172 μούσης

291 5192 529 5251 ἅπαντες
588 5188 870 5260 πίπτουσι,
921 5188 1010 5243 καὶ
1070 5189 1143 5250 ὡς
1200 5193 1306 5244 τῶν
1363 5189 1576 5244 πάντων
1622 5185 1806 5250 οὐδεὶς
1850 5189 1947 5260 ἆμ-

291 5275 578 5357 φισῦητῶν
628 5278 711 5348 ε’ίη
761 5283 870 5334 τῶν
914 5276 1074 5348 ’ίσων,
1128 5275 1240 5333 οὐδ’
1290 5277 1363 5333 ἔτ’
1411 5279 1624 5341 ἐσαῦθις
1667 5274 1948 5354 ἀμφισϐηε

289 5374 499 5441 τήσων,
533 5370 598 5424 ού
635 5367 848 5441 μᾶλλόν
879 5389 938 5442 γε
968 5370 1002 5438 ἢ
1035 5369 1122 5422 καὶ
1155 5370 1182 5422 ὁ
1213 5369 1310 5436 τήν
1342 5368 1506 5424 αὐτοῦ
1565 5369 1714 5424 σκιὰν
1773 5369 1946 5442 ὑπερ-

289 5457 454 5528 ϐῆναι
499 5457 846 5528 σπουδάζων,
895 5458 986 5511 τὸν
1038 5456 1196 5513 αὐτὸν
1245 5459 1445 5532 τρόπον
1489 5459 1578 5513 καὶ
1620 5462 1717 5513 τοῦ
1762 5457 1942 5534 λέγειν

295 5551 430 5624 ὑπὲρ
461 5549 630 5617 αὐτῆς
662 5549 863 5617 ταύτης
894 5542 1065 5620 ἔχειν,
1111 5545 1438 5603 ἐκπίπτουσι
1470 5549 1662 5609 πάντες
1710 5547 1940 5620 ὁμοίως.

2055 4389 2209 4458 quod
2246 4388 2354 4443 hac
2393 4387 2568 4442 etiam
2619 4386 2677 4440 in
2729 4390 2891 4456 parte
2938 4385 3110 4454 longo
3159 4397 3364 4437 omnes
3407 4376 3708 4433 intervallo

2055 4483 2429 4549 sopor-vectus
2467 4483 2578 4542 est,
2609 4476 2953 4546 neutiquam
3001 4473 3173 4542 digne
3217 4487 3320 4526 nec
3367 4468 3535 4541 plene
3564 4467 3706 4522 satis

2055 4572 2365 4624 exsecutus
2413 4567 2556 4623 mihi
2604 4567 2822 4633 videor,
2873 4567 2969 4622 sed
3023 4565 3324 4627 hactenus,
3386 4564 3452 4615 ut
3489 4575 3557 4614 ex
3597 4557 3706 4613 ob-

2056 4659 2243 4714 scuris
2275 4657 2624 4729 quibusdam
2647 4655 3014 4727 exilibusque
3036 4653 3215 4710 radiis
3238 4649 3706 4721 fulgentissimus

2055 4746 2193 4802 solis
2242 4745 2518 4814 splendor
2574 4749 2875 4817 utcunque
2926 4745 3300 4800 monstretur.
3364 4739 3491 4793 Haec
3547 4738 3702 4794 enim

2057 4836 2210 4890 hunc
2249 4834 2487 4890 omnino
2536 4835 2606 4889 ad
2645 4833 2885 4889 modum
2934 4835 3268 4900 comparata
3314 4841 3443 4882 esse
3500 4841 3704 4881 omnes

2054 4924 2321 4992 equidem
2343 4922 2707 4995 exploratum
2730 4921 3037 4986 habemus,
3059 4933 3386 4988 magnaque
3407 4931 3542 4971 voce
3560 4930 3702 4969 con-

2054 5010 2638 5082 ﬁrmamus;qualia
2686 5026 2816 5066 vero
2868 5008 2987 5076 illa,
3033 5017 3086 5063 et
3125 5003 3452 5077 cujusmodi
3501 5019 3703 5071 reapse

2053 5101 2191 5167 sint,
2223 5099 2281 5154 id
2307 5100 2421 5169 vix,
2455 5117 2520 5156 ao
2553 5117 2624 5156 ne
2654 5101 2744 5154 vix
2791 5099 3052 5170 quidem,
3085 5095 3699 5166 eloquentissimorum

2054 5189 2268 5259 aliquis
2307 5195 2603 5244 oratorum
2639 5188 2805 5244 facile
2857 5185 3205 5257 exposuerit.
3241 5184 3452 5239 Omnes
3494 5183 3700 5236 videli—

2055 5284 2142 5332 cet
2189 5277 2530 5348 eloquenti
2596 5277 2742 5331 vires
2811 5275 3094 5332 excellens
3142 5273 3468 5328 orationum
3520 5269 3699 5325 nostri

2052 5367 2365 5421 artificium
2411 5369 2743 5438 exsuperat.
2794 5364 3038 5420 Perinde
3068 5363 3223 5419 enim
3266 5367 3329 5415 ut
3357 5361 3510 5415 infra
3541 5358 3700 5415 illius

2055 5469 2280 5509 musam
2313 5471 2517 5510 omnes
2543 5453 2872 5520 subsidunt,
2895 5457 3070 5524 atque
3091 5467 3260 5507 nemo
3277 5449 3540 5504 omnium
3567 5465 3700 5505 cum

2051 5543 2150 5600 illo
2181 5543 2252 5599 de
2283 5543 2472 5615 palma
2504 5557 2680 5611 nunc,
2726 5548 2827 5597 aut
2877 5543 3037 5602 olim,
3081 5546 3299 5596 certare
3333 5538 3506 5606 ausit,
3538 5538 3695 5594 haud

294 5642 532 5697 meliore
577 5655 718 5695 sane
765 5653 866 5709 spe
915 5652 1090 5708 quam
1142 5637 1240 5709 qui
1287 5653 1459 5694 suam
1510 5637 1696 5710 ipsius
1744 5638 2014 5694 umbram
2067 5633 2220 5689 saltu
2254 5631 2496 5689 trasilire
2543 5648 2603 5687 se
2644 5632 2915 5703 postulet,
2953 5631 3156 5687 eodem
3190 5628 3391 5701 utique
3431 5629 3605 5685 modo
3636 5631 3700 5683 ut

293 5729 480 5788 nostri
513 5726 806 5796 facundia,
837 5734 1008 5797 prout
1039 5728 1313 5799 meretur,
1345 5725 1562 5798 dicant,
1595 5742 1800 5787 omnes
1829 5730 2001 5800 atque
2039 5721 2204 5780 irrito
2235 5725 2444 5778 conatu
2481 5720 2764 5777 laborant.
