4118 6214
373 346 487 406 251

1680 341 1784 401 ΤΗ
1795 341 2079 407 EODULI
2126 345 2484 413 MUNAGHI

3663 347 3785 410 252

444 477 691 537 XXXVI.
725 477 837 533 Sed
866 479 1102 547 tempus
1123 490 1279 531 nunc
1306 475 1542 533 tandem
1574 476 1744 533 fuerit
1774 493 2020 536 comme-

2204 485 2347 559 Λς.
2390 488 2586 559 Καιρὸς
2617 484 2664 541 δ’
2711 486 2772 542 ἄν
2822 485 2908 558 εἴη
2956 488 3168 554 λοιπὸν,
3211 486 3302 540 καὶ
3350 492 3451 556 τῆς
3494 487 3631 559 πρὸς
3678 486 3778 552 τήν

373 585 604 628 morare
634 568 815 626 nostri
847 567 908 623 in
956 566 1205 638 patriam
1238 566 1512 636 reditum,
1548 572 1604 626 et
1622 569 1738 625 sim
1786 572 1803 627 Ι
1835 578 2020 630 osten-

374 662 528 727 dere,
558 665 682 715 tum
716 657 868 729 quod
899 656 1076 712 insito
1105 654 1203 713 ille
1232 671 1372 729 erga
1399 662 1668 729 parentes
1690 675 1887 717 amore
1917 663 2020 719 ad-

373 751 582 805 ductus
611 761 910 803 summum
951 744 1147 816 gloria:
1194 746 1440 816 gradum
1483 746 1653 802 facile
1684 750 2018 821 neglexerit,

373 845 500 895 tum
532 837 687 908 quod
716 835 1104 891 Atheuienses
1150 834 1214 891 in
1246 834 1516 891 maximis
1554 836 1610 891 id
1644 838 1882 895 omnino
1913 856 2024 911 p0-

371 926 610 992 suerint,
645 928 706 980 ut
735 925 927 996 ipsum
957 923 1019 979 in
1048 939 1222 979 omne
1250 924 1364 980 sibi
1394 929 1627 997 tempus
1655 932 2023 986 auctoratum

372 1018 653 1072 tenerent.
682 1013 909 1086 Quippe
931 1013 1030 1069 ubi
1052 1028 1121 1068 ea
1148 1029 1398 1084 quorum
1426 1030 1603 1070 causa
1620 1015 1816 1073 urbem
1845 1018 2022 1075 adiis-

374 1109 488 1172 set,
522 1102 943 1175 perfectissime
985 1102 1262 1158 hauserat
1290 1102 1634 1174 feliciusque
1667 1121 1843 1176 quam
1872 1108 2024 1164 alius

372 1196 708 1267 quisquam,
742 1193 910 1249 nobis
959 1192 1248 1261 cognitus,
1290 1192 1630 1260 absolverat,
1677 1197 1906 1268 votique
1932 1201 2023 1254 sui

369 1285 564 1342 omnis
596 1283 764 1357 plane
794 1298 1029 1355 compos
1063 1284 1248 1338 factus
1295 1288 1447 1351 erat;
1474 1284 1556 1339 ita
1584 1285 1832 1342 Athenis
1863 1304 2023 1344 exce-

372 1379 531 1445 dere,
587 1381 644 1430 et
695 1373 767 1428 ad
842 1371 1225 1428 domesticum
1292 1372 1474 1428 farem
1542 1373 1728 1431 redire
1796 1378 2024 1446 statuit,

373 1465 610 1539 quando
640 1461 788 1519 nihil
834 1466 1113 1533 praeterea
1150 1466 1467 1531 supererat,
1508 1465 1658 1532 quod
1689 1464 1763 1521 iis
1793 1466 1852 1521 in
1883 1466 2027 1524 locis

375 1555 542 1611 illum
593 1552 901 1609 detineret.
951 1551 1099 1607 Nam
1139 1554 1198 1607 et
1241 1566 1485 1609 suorum
1516 1551 1680 1608 illum
1714 1560 2024 1626 parentum

378 1643 621 1717 urgebat
649 1640 1004 1698 desiderium
1034 1647 1090 1695 et
1118 1643 1255 1696 ante
1276 1640 1335 1695 id
1365 1640 1586 1712 ipsum,
1617 1642 1878 1714 itemque
1897 1652 2028 1717 post

375 1728 1013 1804 idipsumdampridem
1030 1731 1435 1800 nuncupatum
1450 1730 1566 1787 Deo
1580 1732 1884 1789 sanctioris
1897 1734 2026 1789 vita

375 1825 599 1885 votum,
631 1823 691 1875 et
719 1833 934 1890 magna
974 1816 1159 1873 haecce
1197 1818 1488 1889 promissa
1514 1823 1690 1892 atque
1717 1822 2023 1879 destinata.

375 1910 573 1983 Surgit
592 1908 839 1982 igituret
852 1906 1222 1977 Athenis,illo
1240 1908 1501 1966 oratorias
1523 1910 2029 1981 domicilio,veris-

382 2001 596 2058 simum
619 1998 745 2071 ipse
765 1996 1080 2053 artisillius
1100 1997 1648 2069 domicilium,abit:
1670 2001 1915 2073 atquein
1936 2020 2035 2075 pa-

387 2091 553 2147 triam
587 2087 659 2143 ad
689 2103 829 2144 suos
874 2086 1039 2143 latus
1086 2086 1481 2161 lattantesque
1520 2090 1842 2154 revertitur,
1875 2098 2036 2149 tanto

386 2176 863 2246 Atheniensibus,
888 2177 1042 2249 quod
1073 2192 1170 2234 eos
1211 2176 1566 2249 reliquisset,
1618 2180 1819 2237 relicto
1848 2181 2032 2243 luctu.

386 2271 667 2341 quantam
687 2266 973 2323 allaturus
1003 2266 1191 2322 fuerat
1217 2265 1598 2337 voluptatem,
1630 2270 1681 2325 si
1701 2270 1855 2342 apud
1875 2270 2037 2342 ipsos

385 2375 620 2427 manere
635 2359 898 2415 animum
919 2357 1262 2414 induxisset.
1283 2358 1510 2431 Quippe
1530 2359 1850 2431 quiomnes
1872 2361 2039 2417 adhi-

384 2451 601 2508 bebant
630 2449 926 2507 machinas
955 2449 1027 2505 ad
1068 2448 1362 2505 hominem
1391 2454 1672 2523 perpetuo
1692 2452 2033 2521 tenendum,

381 2539 682 2612 sophistici
717 2538 1169 2611 professoriique
1199 2538 1484 2605 subsellii,
1508 2554 1873 2599 summorum
1894 2542 2032 2600 item

379 2629 883 2700 maximorumque
896 2628 1181 2685 honorum
1196 2632 1779 2701 auctoramento,quo
1792 2629 2031 2688 hostau-

383 2721 515 2776 dem
539 2718 732 2775 animo
764 2719 945 2774 fuisse
980 2717 1178 2774 credas
1208 2716 1308 2773 illo
1341 2718 1467 2787 jam
1498 2718 1607 2775 iter
1633 2735 1807 2775 suum
1838 2720 2031 2793 ingre-

386 2807 972 2879 niente?Quanquam
986 2821 1119 2863 vero
1132 2810 1198 2862 ut
1208 2810 1472 2862 maneret
1482 2806 1553 2862 ab
1577 2806 1702 2879 ipso
1723 2808 2032 2880 impetrare

386 2898 858 2970 nequebant,non
878 2896 1010 2953 ideo
1023 2897 1270 2952 missum
1284 2896 1515 2966 penitus
1533 2896 2037 2959 faciebant.verum

386 2987 602 3059 quibus
634 2992 960 3042 monstrare
1004 2984 1195 3041 modis
1236 2988 1521 3057 poterant,
1567 2985 1677 3042 hoc
1698 2987 1844 3058 ipso,
1877 2990 2033 3060 quod

383 3077 683 3133 hominem
734 3076 889 3147 apud
920 3091 981 3131 se
1020 3090 1137 3131 non
1182 3074 1584 3145 retinuissent,
1616 3090 1682 3132 eo
1711 3076 2032 3134 maximam

380 3183 505 3223 sese
528 3166 845 3238 jacturam,
876 3169 1082 3234 suopte
1102 3163 1325 3235 judicio
1356 3163 1583 3232 fecisse,
1604 3180 1851 3237 eamque
1880 3166 2030 3224 ferre

2129 571 2364 646 πατρίδα
2422 575 2604 649 τούτῳ
2650 575 2887 631 καθόδου
2935 578 3258 651 μνησθῆναι.
3312 574 3401 629 καὶ
3459 572 3624 645 δεῖξαι
3674 574 3764 628 τὸν

2134 665 2253 734 μὲν,
2285 660 2374 718 διὰ
2402 666 2499 733 τήν
2533 665 2667 739 πρὸς
2704 664 2833 727 τοὺς
2862 665 3256 741 γεγεννηκότας
3302 665 3561 739 στοργήν,
3613 659 3777 733 δόξης

2130 758 2229 820 τῆς
2277 754 2539 829 μεγίστης
2598 753 2944 828 ὑπεριδόντα,
2989 754 3309 825 ’Δθηναίους
3360 750 3417 808 δὲ
3473 756 3536 807 τὸ
3584 755 3775 807 τοῦτον

2132 840 2352 897 είσάπαν
2390 846 2701 909 κεκτῆσθαι.
2749 848 2847 901 τοῦ
2898 846 3102 907 παντὸς
3139 840 3515 917 τιμωμένους,
3548 845 3637 902 Ὠς
3674 840 3775 915 γὰρ

2132 932 2209 985 ὤν
2268 931 2421 987 εἵνεκ’
2468 935 2681 1012 ἀφῖκτο,
2723 934 2872 988 ταῦτ’
2918 932 2995 994 εἷς
3036 930 3200 1006 ἄκρον
3248 931 3512 1002 ἀσκήσας,
3560 930 3651 984 καὶ
3701 929 3776 991 ὡς

2135 1019 2231 1075 οὐκ
2263 1021 2364 1076 οἶδ’
2396 1020 2442 1076 ε⁹ί
2469 1044 2552 1085 τις
2598 1022 2997 1096 κατωρθωκὼς,
3029 1021 3119 1076 καὶ
3150 1026 3250 1090 τῆς
3279 1020 3509 1099 ἐφέσεως
3563 1020 3776 1088 ἁπάσης

2131 1111 2337 1184 τυχὼν,
2387 1106 2553 1167 ἔπειτ’
2600 1112 2909 1186 ἀναχωρεῖν
2961 1111 3259 1181 Ἀθήνηθεν
3310 1107 3446 1183 ἔγνω
3498 1109 3588 1163 καὶ
3639 1110 3776 1183 πρὸς

2132 1200 2200 1255 τὰ
2255 1198 2398 1255 οἶκοι
2449 1207 2674 1275 χωρεῖν,
2719 1200 2845 1262 ἑνός
2894 1197 3111 1261 οὐδενὸς
3162 1194 3236 1254 ἔτ’
3280 1198 3460 1268 ὄντος,
3503 1198 3531 1252 ὃ
3583 1202 3776 1253 τοῦτον

2133 1286 2355 1344 ἐνταῦθα
2401 1289 2655 1362 καθέξει·
2708 1290 2738 1345 ὅ
2785 1310 2844 1344 τε
2896 1290 3000 1365 γάρ
3060 1294 3168 1343 τῶν
3221 1287 3424 1343 τοκέων
3482 1289 3778 1362 κατήπειγε

2132 1377 2326 1448 πόθος,
2381 1380 2470 1433 καὶ
2527 1379 2633 1452 πρὸ
2678 1380 2874 1434 τούτου
2924 1380 3014 1432 καὶ
3076 1379 3211 1450 μετά
3265 1381 3456 1433 τοῦτον
3526 1378 3579 1431 αἱ
3638 1377 3776 1451 πρὸς

2134 1468 2263 1522 Θεὸν
2326 1467 2377 1538 ἐξ
2432 1465 2615 1545 ἀρχῆς
2663 1469 2798 1541 ὑπὲρ
2846 1466 3172 1545 φιλοσοφίας
3245 1466 3524 1537 ξυνθῆκαι,
3576 1464 3666 1520 καὶ
3712 1485 3779 1520 τα

2140 1555 2350 1629 μεγάλα
2404 1558 2553 1611 ταῦτ’
2611 1555 2995 1633 ἐπαγγέλματα
3050 1555 3140 1611 καὶ
3203 1555 3572 1631 βουλεύματα,
3637 1552 3777 1609 άπαι

2133 1644 2375 1700 νίσταται
2416 1646 2510 1719 μὶν
2560 1646 2811 1716 Ἀθηνῶν
2871 1645 2963 1700 καὶ
3020 1652 3123 1714 τῆς
3179 1649 3287 1699 τῶν
3342 1642 3524 1719 λόγων
3575 1642 3777 1709 ἑστίας,

2137 1737 2171 1804 ἡ
2205 1739 2312 1791 τῶν
2343 1733 2526 1810 λόγων
2568 1729 2735 1796 ὅντως
2774 1735 2923 1789 ἑστία
2946 1753 2959 1767 '
3002 1734 3138 1808 πρὸς
3177 1731 3234 1789 δὲ
3268 1735 3367 1803 τήν
3412 1731 3647 1807 πατρίδα
3684 1732 3777 1787 καὶ

2137 1826 2264 1887 τοὺς
2302 1823 2541 1887 οἰκείους
2588 1822 2798 1900 χαίρων
2842 1825 3140 1900 χαίροντας
3178 1823 3430 1893 ἐπανήκει
3457 1842 3469 1856 ·
3516 1826 3774 1877 τοσοῦτον

2135 1916 2441 1988 Ἀθηναίοις
2491 1918 2575 1972 δτι
2628 1915 2855 1978 τούτους
2913 1914 3145 1971 ἀπέλιπε
3198 1917 3393 1978 πένθος
3434 1913 3773 1980 καταλιπὼν,

2140 2008 2271 2078 δσην
2305 2006 2350 2062 εἶ
2384 2008 2511 2081 παρ’
2554 2004 2737 2067 αὺτοῖς
2781 2005 2953 2080 μένειν
2996 2007 3187 2080 ᾑρεῖτο
3234 2004 3502 2079 παρέσχεν
3545 2004 3606 2059 ἂν
3652 2002 3779 2073 ἡδο-

2139 2098 2237 2166 νήν
2261 2140 2273 2152 .
2307 2095 2374 2153 Οἱ
2405 2096 2508 2172 γὰρ
2541 2094 2691 2160 ὅπως
2722 2100 2911 2151 τοῦτον
2946 2094 3025 2157 είς
3055 2092 3215 2157 τέλος
3253 2094 3577 2169 κατάσχοιεν
3608 2094 3782 2150 πάντα

2139 2189 2444 2254 ποιοῦντες,
2474 2184 2565 2239 καὶ
2608 2190 2776 2241 τοῦτο
2829 2186 2947 2259 μὶν,
2999 2185 3093 2240 τὸν
3142 2183 3452 2258 σοφιστικὸν
3507 2183 3597 2238 καὶ
3652 2203 3783 2238 παι-

2140 2271 2384 2328 δευτικὸν
2417 2274 2563 2346 αὐτῷ
2595 2277 2807 2348 θρονον,
2840 2270 3001 2329 τοῦτο
3038 2270 3095 2328 δὲ
3130 2274 3227 2334 τὰς
3272 2272 3490 2343 πρώτας
3538 2270 3629 2326 καὶ
3685 2291 3782 2343 με·

2138 2363 2324 2437 γίστας
2384 2360 2620 2426 διδόντες
2678 2365 2864 2437 τιμὰς,
2913 2367 3029 2427 πῶς
3080 2364 3198 2417 ποτ’
3260 2362 3459 2423 αὐτοὺς
3525 2358 3786 2416 διατεθεῖ-

2139 2455 2257 2509 σθαι
2316 2455 2559 2529 νομίζεις
2620 2457 3039 2530 ἀναχωροῦντος
3097 2454 3347 2523 ἐκείνους
3406 2453 3483 2511 Οὐ
3536 2454 3645 2525 μὴν
3697 2454 3778 2514 οἷς

2136 2549 2321 2599 πεῖσαι
2360 2545 2463 2598 οὐκ
2494 2542 2728 2619 ἴσχυσαν
2768 2546 2857 2599 καὶ
2903 2544 3099 2599 τούτου
3147 2542 3390 2613 καθάπαξ
3435 2540 3777 2612 ἀπέστησαν·

2136 2633 2263 2689 ἀλλ’
2294 2635 2375 2695 οἷς
2407 2629 2571 2709 ἔσχον
2604 2633 2687 2690 ὅτι
2722 2636 2798 2707 μή
2831 2637 2959 2705 παρ’
3000 2633 3210 2695 ἑαυτοῖς
3253 2637 3440 2687 τοῦτον
3487 2630 3778 2710 κατέσχον,

2135 2724 2209 2785 ὼς
2265 2724 2372 2778 τῶν
2431 2744 2695 2798 μεγιστων
2750 2723 3163 2797 ἀποστερεῖσθαι
3231 2722 3499 2794 νομίζειν,
3551 2720 3642 2775 καὶ
3698 2723 3774 2794 μὴ

2133 2810 2385 2867 δύνασθαι
2430 2812 2628 2890 φέρειν,
2679 2812 2769 2868 καὶ
2822 2814 2897 2885 μή
2962 2813 3124 2885 μόνον
3170 2810 3450 2887 δυσχερῶς
3503 2810 3778 2887 ὑπερφρο-

2134 2900 2395 2973 νοόμενοι
2427 2907 2603 2977 σχεῖν,
2646 2900 2793 2956 ἀλλὰ
2828 2902 2918 2956 καὶ
2956 2904 3150 2957 τοῦτον
3198 2899 3272 2963 ὡς
3322 2898 3605 2974 εὐεργέτην
3655 2898 3777 2953 ἑκά-

2135 3010 2289 3046 στοτε
2348 2996 2518 3059 πνεῖν,
2584 2990 2673 3046 καὶ
2737 2990 2990 3064 γλώττης
3068 2990 3279 3068 τρυφὴν
3365 2990 3636 3044 ποιεῖσθαι
3711 2988 3778 3043 τὰ

2131 3077 2292 3135 τοῦδε
2318 3099 2331 3114 ·
2364 3080 2453 3135 καὶ
2482 3081 2657 3136 πάντα
2700 3081 2886 3135 παθεῖν
2924 3075 3072 3158 ἔχειν
3112 3080 3372 3151 ἑτοίμως,
3406 3079 3441 3148 ἢ
3473 3081 3574 3142 τῆς
3616 3076 3785 3133 αὐτοῦ

2139 3171 2362 3244 μνήμης
2419 3170 2511 3224 καὶ
2560 3174 2668 3225 τῶν
2726 3168 2957 3224 ἐπαίνων
3007 3169 3097 3223 καὶ
3164 3167 3355 3241 μικρὸν
3430 3168 3783 3236 ἀποστῆναιο

382 3255 477 3312 vix
495 3270 693 3327 posse;
736 3262 789 3310 et
820 3254 971 3310 hanc
1001 3259 1195 3309 tamen
1243 3252 1336 3309 sui
1375 3253 1865 3326 contemptionem
1912 3273 2027 3313 non

2139 3220 2361 3244 ι“’Ί1”Ἰ’
2422 3220 2508 3224 ’⁷”“⁷
2572 3220 2661 3225 ’⁷⁷⁷
2729 3220 2950 3224 ν””’””’
3010 3220 3096 3223 ’“’“’
3164 3220 3345 3241 t""'r"
3440 3220 3443 3221 ⁷
3491 3220 3525 3222 ’ί
3593 3220 3647 3236 ῖΊ
3692 3220 3697 3221 ⁷

2140 3255 2379 3329 δηλοῦσι
2438 3256 2616 3333 δήπου
2667 3263 2847 3331 σαφῶς
2896 3259 2984 3313 καὶ
3041 3260 3124 3320 οἷς
3176 3256 3352 3318 οὕτως
3398 3249 3581 3330 ἔσχον,
3630 3253 3785 3311 οὐδὲν

386 3345 555 3402 modo
586 3361 700 3400 non
734 3344 943 3415 mgrius
966 3359 1106 3399 sane
1136 3341 1412 3412 accipere,
1444 3343 1544 3398 sed
1576 3348 1780 3399 contra
1811 3361 2029 3401 unum-

388 3453 675 3510 quemque
705 3436 1022 3492 identidem
1054 3435 1213 3492 hunc
1242 3439 1530 3503 nostrum,
1557 3443 1618 3491 ut
1638 3438 1857 3508 optime
1879 3438 1950 3494 de
1970 3453 2031 3495 se

386 3525 683 3592 meritum,
714 3524 938 3598 spirare
984 3524 1358 3597 nominisque
1405 3524 1564 3581 illius
1613 3541 2032 3583 commemora-

385 3616 603 3672 tionem
635 3631 737 3685 pro
770 3614 983 3687 lingua;
1014 3613 1439 3670 oblectamento
1459 3613 1696 3682 habere,
1721 3615 2034 3687 omniaque

386 3704 499 3762 alia
554 3704 774 3776 perpeti
830 3703 1174 3776 promptius,
1234 3720 1412 3775 quam
1468 3701 1556 3758 vel
1614 3704 1929 3761 minimum
1965 3706 2035 3760 ab

390 3794 769 3865 usurpatione
822 3794 1111 3850 memorias
1158 3794 1517 3865 laudumque
1560 3792 1744 3863 ipsius
1789 3794 2036 3867 digredi,

392 3883 564 3941 illiud
607 3899 721 3939 non
763 3883 1006 3939 obscure
1049 3882 1470 3939 monstrabant.
1522 3882 1689 3938 Hune
1736 3883 1928 3955 itaque
1976 3886 2034 3939 iu

395 3975 631 4031 modum
647 3990 780 4030 cum
802 3972 1114 4045 ergaillum
1137 3972 1377 4029 animati
1399 3977 1614 4039 essent,
1630 3973 1811 4029 nihilo
1851 3973 2035 4044 ipsum

397 4064 586 4120 secius
615 4064 766 4135 apud
798 4079 860 4119 se
890 4062 1239 4132 retinebant,
1269 4064 1503 4119 tametsi
1525 4062 2037 4135 hominemipsum

396 4153 557 4210 nulla
584 4170 655 4210 ex
684 4156 848 4224 parte
889 4152 1222 4221 retinerent,
1263 4152 1593 4208 retinebant
1642 4151 1805 4208 illum
1844 4152 2042 4207 videli-

388 4248 481 4300 cet
511 4244 569 4298 in
600 4241 996 4315 pulcherrimo
1026 4252 1079 4297 et
1117 4240 1547 4313 appositissimo
1578 4240 1729 4310 loco,
1759 4258 1867 4297 suo
1890 4242 2041 4312 ipso-

388 4349 518 4390 rum
551 4333 768 4388 animo.
799 4331 863 4387 Id
894 4331 1047 4403 quod
1080 4330 1233 4386 haud
1265 4329 1439 4401 paulo
1468 4329 1784 4401 gloriosius
1814 4335 2037 4400 nostro,

390 4438 523 4480 mea
550 4421 860 4488 sententia,
895 4420 1025 4490 fuit,
1077 4435 1252 4492 quam
1299 4421 1500 4491 positae
1551 4420 1691 4476 olim
1725 4419 2041 4478 Harmodio

392 4516 572 4584 atque
606 4509 980 4579 Aristogitoni
1032 4512 1279 4566 statuas:
1329 4508 1441 4564 illa:
1491 4508 1768 4566 nimirum
1816 4509 1877 4566 in
1919 4511 2041 4568 foro

2138 3350 2304 3416 ἦττον
2357 3348 2648 3424 κατέσχον,
2705 3347 2793 3403 καὶ
2857 3345 2997 3421 μηδὶ
3053 3346 3212 3401 αὐτὸν
3271 3348 3671 3420 κατασχόντες·
3733 3346 3787 3400 ἐν

2139 3436 2245 3511 γὰρ
2272 3436 2553 3510 καλλίστῳ
2595 3437 2685 3492 καὶ
2723 3436 3069 3510 καιριωτάτῳ
3107 3441 3176 3510 τῇ
3218 3439 3364 3512 σφῶν
3412 3432 3625 3505 διανοίᾳ
3652 3439 3788 3489 τοῦ-

2141 3544 2233 3578 τον
2274 3521 2540 3599 κατέσχον
2569 3541 2588 3561 °
2637 3526 2709 3580 ’Ὀ
2748 3523 2838 3578 καὶ
2892 3528 3075 3597 μεῖζον
3124 3523 3199 3584 εἰς
3249 3521 3568 3599 φιλοτιμίαν
3617 3518 3787 3597 ἔγωγε

2140 3614 2321 3686 τοότῳ
2377 3614 2610 3688 νομίζω,
2660 3616 2695 3684 ἢ
2758 3610 3037 3686 Ἁρμοδίῳ
3088 3612 3178 3666 καὶ
3228 3610 3643 3685 Ἀριστογείτονι
3688 3612 3784 3674 τὰς

2146 3703 2378 3765 εἰκόνας,
2438 3701 2585 3777 ε’ίπερ
2636 3704 2690 3757 αἱ
2745 3703 2838 3776 μὶν
2889 3700 2972 3757 ἐπ’
3014 3702 3214 3778 ἀγορᾶς
3262 3700 3439 3778 σφίσιν
3486 3698 3720 3769 ἑστᾶσιν,
3752 3701 3781 3754 ὁ

2146 3791 2190 3847 δ’
2224 3793 2274 3848 ἐν
2305 3798 2421 3853 ταῖς
2453 3791 2696 3846 ἁπάντων
2724 3790 2944 3865 ’ίδρυται
2976 3794 3179 3865 ψυχαῖς
3208 3788 3297 3844 καί
3323 3794 3445 3850 ταῖς
3494 3790 3739 3865 γνώμαις
3768 3810 3779 3822 ·

2143 3884 2233 3936 καὶ
2290 3882 2383 3943 νὰς
2445 3882 2537 3953 μὲν
2585 3881 2795 3936 ἀνεῖλετ
2845 3883 2873 3935 ὁ
2922 3879 3128 3955 χρόνος
3157 3898 3171 3912 ⁸
3218 3881 3246 3934 ὁ
3296 3876 3353 3933 δὲ
3402 3879 3537 3934 κατά
3583 3881 3786 3941 παντὸς

2145 3971 2401 4042 ἀκμάζων
2446 3965 2639 4039 ἕστηκε
2680 3970 2903 4043 χρόνου,
2954 3967 3252 4042 λεγόμενός
3284 3989 3341 4023 τε
3380 3968 3468 4022 καὶ
3511 3967 3787 4041 ἀκουόμε-

2146 4081 2237 4121 νος
2271 4058 2362 4113 σὺν
2412 4056 2494 4113 ὅτι
2549 4057 2786 4131 μάλιστα
2831 4063 2899 4131 τῇ
2946 4055 3244 4128 ἐκπλήξει⁹
3290 4055 3527 4130 καθάπερ
3574 4058 3640 4111 τα
3691 4057 3786 4130 μέ-

2149 4150 2290 4225 γιστ’
2320 4149 2508 4208 αὐτοῖς
2550 4152 2657 4201 τῶν
2706 4147 2982 4221 τροπαίων
3007 4192 3022 4204 .
3071 4145 3345 4220 Μαρπθών
3378 4167 3436 4200 τε
3464 4143 3555 4200 καί
3606 4145 3791 4200 Σαλα-

2152 4238 2264 4311 μῖς,
2296 4236 2387 4292 καὶ
2418 4238 2480 4291 τὸ
2509 4234 2678 4291 καλὸν
2720 4235 3056 4309 Ἀρτεμίσιον
3081 4278 3093 4291 .
3133 4241 3187 4289 '0
3222 4235 3317 4308 μὶν
3360 4234 3453 4289 οὖν
3483 4235 3573 4289 καὶ
3613 4236 3788 4305 ἀπὼν,

2147 4326 2456 4396 ’Δθηναίοις
2490 4324 2632 4380 οὕτω
2664 4322 3123 4399 περισπούδαστος
3163 4324 3253 4393 ἦν,
3301 4326 3374 4386 ὡς
3424 4322 3791 4404 διαφερόντως

2148 4416 2234 4471 καὶ
2295 4415 2496 4477 πάντας
2557 4416 2920 4486 θαυμαζεσθαι
2988 4415 3115 4476 τοὺς
3186 4412 3458 4488 ἀρίστους,
3514 4415 3611 4467 κάν
3669 4418 3787 4476 τοῖς

2150 4506 2398 4560 ἁπάντων
2449 4503 2521 4565 ὡς
2562 4501 2825 4578 προῦχων
2877 4502 3130 4558 ἀπάντων
3181 4502 3442 4576 στόμασιν
3483 4502 3640 4558 εἶναι.
3688 4504 3788 4558 Καὶ

391 4599 623 4674 publico
680 4599 970 4656 collocatas
1022 4599 1275 4663 stabant,
1333 4602 1394 4654 at
1448 4601 1648 4653 noster
1699 4597 1761 4653 in
1827 4600 2032 4655 animis

2149 4595 2314 4648 πάλιν
2345 4592 2580 4654 ἀπόντος
2613 4592 2763 4646 οὗτοι
2790 4596 3047 4647 τοσοῦτον
3092 4590 3317 4668 ε’ίχοντό
3364 4613 3423 4647 τε
3459 4592 3548 4647 καὶ
3581 4592 3792 4667 περιεί-

392 4688 658 4746 omnium
689 4688 1035 4760 intimisque
1064 4687 1338 4744 sensibus
1375 4687 1678 4743 dedicatus
1708 4693 1835 4745 erat
1863 4706 1877 4757 ;
1913 4689 2041 4746 illas

392 4777 495 4835 aevi
525 4782 780 4835 vetustas
823 4776 1212 4850 consumpsit,
1262 4780 1461 4833 noster
1503 4791 1619 4832 navo
1651 4777 1812 4833 omni
1843 4778 2040 4847 vigens

393 4870 694 4940 vireusque
723 4868 1000 4938 persistit,
1042 4882 1158 4923 non
1215 4865 1341 4921 sine
1380 4881 1614 4922 summa
1652 4866 2036 4923 admiratione

392 4955 1410 5027 sermonibusmortaliumusurpatas
1423 4954 2038 5027 auditusque,perinde

392 5053 455 5105 ut
484 5047 738 5104 maxima
765 5046 1203 5103 Atheniensium
1234 5049 1471 5117 tropaea,
1505 5042 1833 5112 Marathon,
1865 5052 1919 5100 et
1946 5048 2039 5099 Sa-

389 5137 581 5205 lamis,
609 5140 668 5193 et
696 5134 891 5192 nobile
921 5134 1322 5192 Artemisium.
1355 5132 1603 5189 Proinde
1630 5134 1841 5190 absens
1862 5134 2036 5189 etiam

394 5233 553 5285 tanto
586 5225 1041 5283 Atheniensibus
1070 5223 1265 5280 studio
1295 5222 1613 5292 colebatur,
1648 5225 1712 5276 ut
1740 5239 1893 5278 unus
1917 5223 2037 5278 sin-

393 5317 581 5390 gulari
622 5316 815 5385 modo,
861 5330 1157 5388 supraque
1207 5312 1719 5387 praestantissimos
1775 5327 2040 5386 quosque

395 5406 757 5463 admirabilis
787 5406 1121 5474 haberetur,
1152 5404 1536 5475 omniumque
1566 5402 1625 5457 in
1658 5417 1755 5458 ore
1786 5405 1849 5457 ut
1870 5401 2039 5473 longe

398 5494 664 5551 omnium
704 5492 977 5566 princeps
1009 5495 1184 5550 esset.
1241 5492 1518 5548 Praeterea
1567 5488 1646 5545 ita
1689 5487 1899 5544 addicti
1927 5488 2039 5543 ab-

397 5583 547 5641 senti
587 5588 751 5641 erant
794 5582 1303 5655 adhmebantque.
1350 5582 1431 5638 sic
1470 5580 1752 5650 uniceque
1783 5579 1854 5635 de
1878 5577 2039 5635 illius

2148 4703 2340 4759 χοντο,
2382 4682 2470 4736 καὶ
2521 4685 2627 4736 τῶν
2687 4678 2853 4736 αυτοῦ
2901 4682 3143 4753 καθάπαξ
3200 4680 3442 4757 χαρίτων
3488 4680 3788 4757 ἔξείχοντο,

2152 4775 2223 4835 ὡς
2258 4775 2333 4846 μή
2371 4770 2536 4845 μόνον
2586 4772 2659 4833 ὡς
2689 4771 2911 4847 παρόντι
2965 4773 3143 4846 τούτῳ
3190 4773 3416 4843 ξυνεῖναι
3465 4768 3647 4827 δοκεῖν
3695 4772 3787 4826 καὶ

2146 4864 2272 4936 ὁρᾷν
2315 4860 2403 4917 καὶ
2452 4862 2775 4936 κεχρῆσθαι,
2820 4859 2967 4916 ἀλλὰ
3013 4859 3102 4916 καί
3134 4859 3396 4935 ’μονονοὺ
3452 4862 3551 4931 τὴν
3597 4862 3785 4935 ψυχήν

2145 4951 2197 5007 ἐν
2255 4957 2370 5013 τοῖς
2426 4951 2557 5025 ὑπὲρ
2614 4950 2777 5004 αὐτοῦ
2829 4950 3018 5025 λόγοις
3076 4950 3277 5026 ἐκχεῖν,
3327 4951 3416 5005 καὶ
3467 4949 3647 5021 τούτῳ
3689 4954 3789 5023 ζῇν

2150 5038 2362 5115 μᾶλλον
2417 5042 2452 5111 ἢ
2492 5040 2673 5116 σφίσιν
2719 5040 2940 5102 αὐτοῖς’
2986 5038 3101 5095 ἐπεὶ
3141 5040 3233 5094 καὶ
3274 5041 3428 5119 ψυχή
3480 5062 3563 5101 τις
3608 5036 3787 5093 αὓτῶν

2147 5132 2222 5193 ὡς
2263 5131 2431 5185 εἰπεῖν
2488 5126 2662 5184 ἐδόκει
2719 5130 2902 5203 παρῶν
2936 5148 2948 5161 ·
3007 5130 3135 5191 τοὺς
3195 5130 3290 5202 μὲν
3351 5130 3635 5204 προσάγων
3695 5130 3788 5183 καὶ

2147 5219 2386 5291 ξυνιστὰς
2413 5223 2492 5291 τῷ
2538 5223 2693 5291 Θεῷ·
2739 5217 2864 5279 τοὺς
2904 5215 2947 5273 δ’
3007 5213 3335 5274 ἐπιϐεϐαιῶν
3381 5218 3470 5273 καὶ
3515 5216 3791 5293 στηρίζων

2147 5308 2237 5364 καὶ
2268 5308 2601 5379 ἀκλονήτούς
2640 5306 2879 5377 καθάπαξ
2918 5310 3087 5370 τιθείς
3112 5327 3127 5340 ·
3167 5309 3259 5363 καὶ
3298 5307 3487 5369 άπλῶς
3529 5306 3620 5362 καὶ
3667 5306 3797 5361 τοό-

2146 5418 2273 5459 τους
2311 5396 2588 5459 κάκείνους
2647 5395 2812 5458 θείαις
2874 5396 3175 5466 ὑποθήκαις
3231 5396 3321 5451 καὶ
3370 5394 3607 5471 δόγμασι
3665 5416 3795 5449 συν-

2149 5486 2294 5562 ἄγων
2324 5488 2427 5561 ,καὶ
2482 5490 2807 5561 σνγκροτῶν,
2855 5486 2944 5540 καὶ
2991 5486 3090 5554 τήν
3145 5483 3414 5557 ἀληθινὴν
3471 5483 3561 5539 καὶ
3614 5485 3788 5557 μόνην

2152 5583 2299 5648 ζωὴν
2332 5582 2428 5651 ζῇν
2457 5576 2683 5639 τούτους
2716 5579 3159 5652 παρασκευάζων.

402 5674 608 5749 gratiis
654 5673 1005 5746 pendebant,
1058 5678 1123 5731 ut
1168 5690 1283 5732 non
1312 5674 1481 5732 modo
1528 5669 1686 5730 velut
1711 5684 1847 5730 eum
1876 5668 2001 5742 ipso
2053 5672 2334 5743 prasente
2379 5684 2547 5741 agere
2596 5667 2949 5738 viderentur,
2998 5682 3249 5738 eumque
3295 5666 3529 5728 intueri,
3569 5666 3789 5721 etcum
