4118 6214
227 331 334 391 253

1233 333 1631 396 LAUDATIO
1677 335 1742 396 S.
1787 330 2164 396 GBEGORII
2203 327 2619 390 THEOLOGI.

3504 326 3620 384 254

217 465 311 522 illo
360 465 708 533 conversari,
740 466 844 522 sed
890 471 944 521 et
974 465 1233 522 animam
1278 484 1426 540 pene
1452 469 1640 542 ipsam
1670 471 1730 527 in
1760 470 1883 528 suis
1915 471 1986 526 de
2014 468 2115 524 illo
2145 464 2518 524 sermonibus
2557 463 2941 529 ell‘underent,
2973 463 3171 533 illique
3202 461 3391 534 magis
3431 477 3610 532 quam

213 555 454 611 sibimet
509 555 654 626 ipsis
705 555 984 620 viverent,
1039 557 1508 628 quandoquidem
1568 561 1706 615 dum
1766 574 2013 630 praesens
2080 557 2269 614 adhuc
2332 558 2477 620 erat,
2541 552 2698 610 velut
2761 554 2959 608 anima
3018 552 3286 625 quaedam
3355 552 3615 622 ipsorum

209 645 404 700 fuerat
436 645 614 702 :dum
673 661 743 701 ex
789 645 862 699 iis
907 645 1117 716 partim
1165 645 1282 702 Deo
1329 647 1566 704 adducit
1608 664 1674 704 ac
1721 648 2012 712 conciliat,
2049 646 2262 718 partim
2313 645 2372 700 in
2423 643 2631 714 pietate
2680 643 2987 698 conﬁrmat
3033 640 3387 712 stabilitque,
3419 648 3473 696 et
3525 657 3621 712 pe-

209 737 383 792 nitus
432 751 748 792 concussos
796 735 1010 806 reddit,
1043 740 1170 792 tum
1222 737 1571 811 simpliciter
1619 739 1724 796 hos
1775 740 1986 811 pariter
2034 738 2283 810 illosque
2333 735 2546 792 divinis
2579 733 2811 790 monitis
2862 733 3282 805 praeceptisque
3313 732 3620 802 conjungit

209 841 276 880 ac
310 825 577 889 instruit,
609 830 668 882 et
697 826 769 880 ad
802 841 1000 880 veram
1031 824 1193 881 illam
1226 827 1579 900 unicumque
1608 828 1783 884 vitam
1815 828 2224 884 condocefacit.

282 914 409 968 ΛΖ.
442 914 599 968 Οὕτω
652 911 709 969 δὲ
741 912 1051 983 ἐπανήκων,
1084 918 1274 989 πρῶτα
1328 917 1421 988 μὲν
1453 921 1550 972 τοῦ
1599 918 1744 973 θείου
1775 918 1863 972 καὶ

2049 917 2323 974 XXXVII.
2357 916 2463 972 Ubi
2491 915 2547 970 in
2582 915 2828 986 patriam
2867 918 3060 970 noster
3089 914 3199 968 hoc
3229 915 3399 968 modo
3430 925 3616 968 rever-

213 1004 392 1074 ίεροῦ,
441 1003 533 1056 καὶ
579 1003 794 1058 πάντων
1041 1008 1151 1058 τῶν
1201 1010 1381 1060 κακῶν
1439 1005 1672 1078 ἐξάντεις
1729 1027 1863 1060 ποι-

214 1096 430 1158 οῦντος,
463 1090 552 1145 καὶ
601 1098 774 1147 πᾶσαν
806 1092 1318 1167 πλημμελημάτων
1370 1093 1573 1166 κηλῖδα
1622 1096 1860 1164 καθάπαξ

214 1177 612 1250 ἐκπλύνοντος,
644 1185 761 1252 Θεῷ
791 1178 850 1236 δὲ
878 1182 1244 1252 συνιςτᾶντος,
1277 1179 1654 1258 ϐαπτίσματος
1685 1185 1867 1256 ἀξιοῦ-

211 1289 324 1335 ται,
360 1269 452 1322 καί
496 1271 598 1337 τὴν
643 1273 740 1323 τοῦ
787 1267 1023 1343 λουτροῦ
1055 1269 1274 1349 δέχεται
1323 1274 1504 1348 χάριν,
1539 1275 1567 1328 ὁ
1616 1275 1706 1328 καὶ
1735 1273 1862 1348 πρὶν

216 1355 376 1413 οὐδὲν
429 1360 593 1426 ἧττον
640 1357 844 1428 ταύτης
891 1359 1196 1433 ἠξιωμένος
1227 1382 1238 1394 ’
1285 1365 1368 1426 οἷς
1411 1362 1503 1417 οὖν
1545 1363 1863 1432 κατειλήφει

217 1448 283 1501 τά
315 1446 463 1502 οἴκοι
493 1449 582 1502 καὶ
617 1449 754 1520 μετά
793 1453 904 1503 τῶν
931 1449 1193 1504 τεκόντων
1239 1452 1446 1528 γέγονε,
1491 1454 1654 1528 χάριν
1706 1449 1867 1516 εἰδὼς

216 1541 297 1606 τῷ
355 1541 475 1609 Θεῷ
507 1555 521 1570 ·
583 1539 664 1598 οἷς
720 1541 817 1593 τοῦ
877 1538 1134 1614 μεγίστου
1191 1540 1405 1596 πάντων
1469 1541 1718 1616 μετέσχε,
1773 1542 1864 1596 καὶ

218 1627 286 1680 τά
350 1626 562 1700 μεγάλα
622 1625 902 1698 μεμύηται
977 1628 1065 1683 καὶ
1121 1633 1231 1683 τῶν
1297 1629 1364 1686 τά
1439 1633 1556 1685 θεῖα
1623 1630 1864 1700 κατάπαξ

217 1715 648 1786 ἀπηρτισμένων
679 1715 902 1788 ὑπῆρξε,
933 1715 1132 1789 πολλῷ
1167 1716 1338 1790 μείζω
1367 1717 1545 1791 τούτῳ
1583 1719 1672 1774 καὶ
1718 1718 1856 1775 πο).-

217 1801 518 1857 λαπλασίω
558 1803 760 1874 ταύτην
805 1805 879 1866 ὡς
926 1804 1068 1868 εἰκὸς
1121 1805 1405 1879 ἀπεδίδου,
1446 1807 1556 1880 ὅσῳ
1601 1808 1689 1862 καὶ
1745 1814 1866 1880 μεῖ-

218 1899 311 1962 ζον
371 1891 602 1948 ἐνταῦθα
647 1893 710 1948 τὸ
767 1891 823 1948 εὖ
863 1896 1207 1966 πεπονθέναι,
1261 1895 1353 1951 καὶ
1412 1899 1863 1976 περιφανεστέθας

215 1983 474 2058 ἀφορμὰς
506 1978 634 2056 ἔσχε
664 1982 727 2038 τὸ
773 1984 985 2058 γάννος.
1021 1986 1228 2040 ’Ἑπειτ’
1277 1985 1510 2042 ἐντεῦθεν
1548 1986 1674 2060 ὅρον
1718 1987 1868 2062 αύτῷ

213 2071 460 2141 τίθησιν,
491 2072 552 2134 ὃς
576 2077 693 2133 τοῖς
741 2070 980 2135 πολλοῖς
1027 2073 1128 2128 οὐκ
1171 2074 1454 2148 ἀμίμητος
1505 2077 1690 2149 μόνον,
1723 2076 1868 2134 ἀλλά

214 2162 312 2215 καὶ
364 2165 526 2214 πᾶσιν
586 2159 868 2236 ἀνέφικτος
914 2162 988 2224 ὡς
1035 2161 1226 2232 εἰπεῖν,
1282 2166 1411 2237 μητ⁹
1468 2163 1628 2228 αὔτὸς
1684 2167 1780 2222 κᾶν
1829 2166 1866 2241 ᾖ

217 2257 370 2306 πᾶσα
428 2247 655 2323 ἀνάγκη,
715 2249 864 2324 ὅρκῳ
932 2253 1241 2325 χρήσασθαι
1301 2251 1391 2308 διά
1470 2254 1590 2329 βίου
1647 2257 1866 2324 παντὸς,

223 2342 370 2413 μήτε
399 2341 527 2402 τοὺς
560 2337 769 2404 ἄλλους
798 2339 885 2394 ἐπὶ
914 2346 1076 2398 τοῦτο
1106 2344 1408 2419 προτρέψαι
1443 2365 1455 2379 ο
1504 2345 1567 2399 τὸ
1598 2345 1704 2419 γὰρ
1733 2347 1869 2418 πρὸς

220 2430 425 2506 ὅρκους
475 2430 712 2504 ἑτοίμως
764 2436 967 2508 χωρεῖν
1015 2431 1241 2501 ἐθέλειν,
1289 2433 1364 2496 εἰς
1423 2433 1702 2509 ἐπιορκίαν
1754 2437 1872 2490 κατ’

219 2519 391 2575 αὐτὸν
441 2523 636 2574 τοῦτον
679 2517 877 2594 ἱξάγει,
926 2521 991 2589 ἣν
1043 2520 1142 2576 ούκ
1189 2521 1440 2592 ἀθέτησιν
1490 2527 1626 2579 Θεοῦ
1685 2523 1871 2596 μόνον,

218 2607 374 2663 ἀλλά
425 2608 512 2661 καὶ
579 2603 756 2682 ὕϐριν,
806 2609 881 2672 ὡς
947 2608 1052 2684 ἐγώ
1099 2631 1156 2665 τε
1201 2611 1292 2665 καὶ
1350 2614 1546 2674 πάντες
1595 2610 1654 2668 ἂν
1715 2614 1871 2687 οἶμαι

221 2701 494 2770 συμφαῖεν
533 2718 544 2729 ο
588 2697 646 2752 ’ὸν
677 2698 764 2752 καὶ
811 2697 888 2761 εἰς
931 2698 1089 2759 τέλος
1138 2698 1312 2762 οὕτως
1361 2699 1644 2779 ἐφύλαξεν,
1691 2701 1874 2778 ὥσπερ

219 2786 284 2840 ἂν
321 2787 364 2840 εί
399 2787 487 2840 καὶ
519 2787 636 2841 κατ’
669 2785 841 2862 ἀρχάς
871 2787 1172 2860 ὠμωπόκει
1201 2789 1480 2866 φυλάξειν.

1971 1009 2058 1076 tit,
2092 1008 2347 1080 primum
2395 1005 2770 1060 sanctissimo
2815 1003 2991 1059 divini
3026 1001 3390 1074 baptismatis
3420 1016 3614 1056 sacra-

1970 1103 2186 1166 mento,
2209 1097 2360 1170 quod
2397 1113 2430 1150 a
2462 1094 2628 1150 malis
2659 1095 2927 1150 omnibus
2955 1093 3247 1148 immunes
3277 1107 3384 1146 nos
3413 1089 3610 1155 efﬁcit,

1971 1193 2027 1244 et
2055 1203 2284 1244 omnem
2325 1187 2669 1242 delictorum
2717 1183 2907 1239 labem
2952 1182 3186 1253 penitus
3218 1180 3362 1235 eluit
3393 1182 3618 1248 Deoque

1971 1277 2236 1332 conciliat
2282 1275 2498 1330 initiari
2552 1272 2914 1338 merebatur;
2948 1279 3000 1327 et
3049 1271 3264 1326 lavacri
3296 1268 3455 1324 illius
3483 1285 3613 1338 gra-

1971 1367 2114 1422 tiam
2158 1365 2401 1433 adeptus
2458 1371 2560 1427 est,
2611 1379 2728 1433 qua
2773 1361 2946 1416 etiam
3001 1364 3174 1415 antea
3231 1357 3618 1414 nihilominus

1969 1457 2279 1512 exornatus
2326 1457 2488 1520 erat;
2517 1455 2873 1524 quapropter
2921 1454 2985 1505 ut
3032 1464 3162 1504 eam
3193 1448 3266 1505 ob
3297 1463 3418 1503 rem
3459 1447 3611 1517 quod

1971 1545 2150 1601 larem
2202 1543 2548 1600 familiarem
2596 1542 2810 1597 iterum
2859 1539 3100 1605 videret,
3154 1536 3614 1610 parentibusque

1971 1635 2091 1690 suis
2129 1633 2390 1690 redditus
2419 1635 2570 1688 esset
2612 1633 2809 1703 grates
2852 1629 2969 1685 Deo
2999 1628 3224 1684 debitas
3253 1627 3499 1698 agebat;
3532 1624 3615 1679 ita

1970 1723 2125 1796 quod
2158 1721 2236 1777 rei
2277 1721 2541 1776 omnium
2573 1719 2838 1776 maxime:
2866 1717 3159 1790 particeps
3188 1716 3396 1781 factus,
3418 1722 3473 1769 et
3504 1730 3613 1768 ma-

1971 1812 2104 1884 gnis
2136 1810 2268 1867 ﬁdei
2319 1809 2604 1883 mysteriis
2644 1809 2909 1865 initiatus
2939 1811 2997 1864 et
3025 1823 3094 1863 ex
3120 1821 3320 1863 eorum
3343 1805 3464 1875 jam
3499 1820 3614 1858 nu-

1973 1917 2132 1956 mero
2181 1904 2335 1956 esset
2381 1899 2479 1971 qui
2524 1913 2722 1955 sacras
2752 1897 3050 1969 religionis
3079 1893 3450 1952 caeremonias
3479 1909 3616 1964 per—

1974 1990 2119 2046 fecte
2147 1988 2477 2060 explessent
2506 1987 2690 2044 multo
2719 1987 2989 2056 majorem
3019 1986 3158 2053 Deo,
3189 1999 3433 2056 eamque
3465 1983 3615 2038 mul-

1972 2080 2253 2152 tiplicem,
2304 2083 2368 2134 ut
2416 2095 2518 2150 par
2563 2082 2706 2145 erat,
2760 2077 3042 2134 referebat
3087 2076 3354 2144 gratiam,
3399 2080 3613 2145 quanto

1977 2169 2179 2241 utique
2229 2169 2420 2238 majus
2475 2171 2600 2224 erat
2655 2168 2764 2224 hoc
2820 2171 3090 2222 ornatum
3139 2181 3268 2221 esse
3317 2163 3614 2222 beneﬁcio.

1976 2263 2315 2332 quantoque
2328 2257 2675 2314 illustriores
2693 2273 2902 2313 causas
2918 2256 3022 2312 hoc
3043 2254 3296 2311 habebat
3313 2253 3589 2324 gaudium
3602 2287 3620 2309 .

1983 2348 2112 2404 Mox
2159 2347 2436 2418 deinceps
2485 2351 2700 2403 certam
2751 2345 2863 2400 sibi
2912 2345 3141 2400 vivendi
3178 2343 3367 2416 legem
3400 2340 3624 2405 statuit,

1983 2436 2154 2509 vulgo
2189 2437 2523 2492 mortalium
2557 2452 2671 2491 non
2704 2433 3112 2489 inimitabilem
3147 2433 3342 2497 modo,
3373 2429 3475 2487 sed
3507 2445 3631 2484 om-

1983 2527 2159 2582 nibus
2204 2525 2404 2592 etiam,
2451 2539 2627 2595 prope
2672 2523 2939 2589 dixerim,
2980 2523 3359 2586 inaccessam,
3406 2523 3472 2574 ut
3521 2533 3628 2573 nec

1983 2617 2106 2689 ipse
2138 2615 2416 2670 nimirum
2447 2621 2563 2670 toto
2595 2613 2724 2669 vitae
2755 2630 2870 2668 suae
2902 2611 3114 2684 spatio,
3138 2608 3496 2683 quantalibet
3533 2623 3626 2662 ur-

1981 2709 2151 2778 gente
2199 2703 2565 2774 necessitate,
2603 2703 3020 2774 jusjurandum
3067 2701 3390 2771 usurparet,
3437 2713 3625 2768 neque

1982 2795 2101 2862 alii,
2144 2794 2384 2865 jurandi
2434 2797 2636 2849 auctor
2685 2793 2888 2858 ﬁeret;
2936 2807 3071 2846 nam
3120 2790 3188 2844 ad
3239 2785 3620 2858 dejeraudum

214 2876 549 2949 promptius
596 2893 988 2948 prorumpere,
1025 2877 1084 2934 id
1129 2895 1197 2936 ex
1246 2881 1430 2937 nostri
1479 2881 1766 2938 sententia
1794 2884 1895 2954 (l),
1923 2885 1990 2940 ad
2025 2883 2439 2955 pejerationem
2488 2881 2747 2945 adducit,
2781 2896 2958 2952 quam
2994 2895 3110 2935 uno
3150 2893 3381 2934 mecum
3422 2891 3623 2932 omnes

218 2984 343 3034 ore,
378 2984 494 3023 non
539 2967 728 3024 solum
781 2969 1153 3038 rejectionem
1205 2971 1327 3036 Dei,
1360 2972 1458 3028 sed
1514 2977 1574 3026 et
1620 2973 2038 3029 contumeliam
2087 2972 2481 3046 appellaturos
2531 2972 2798 3028 arbitror.
2849 2974 3043 3042 Atque
3091 2969 3244 3024 hanc
3293 2967 3393 3023 ille
3443 2966 3630 3038 legem

217 3060 290 3114 ad
348 3072 698 3130 supremum
749 3075 937 3131 usque
984 3059 1119 3115 vitm
1165 3059 1315 3116 diem
1363 3061 1446 3118 ita
1493 3061 1761 3135 religiose
1808 3062 2077 3132 servavit,
2124 3062 2294 3134 quasi
2343 3061 2628 3134 principio
2679 3061 2750 3118 ad
2803 3061 2964 3117 illam
3012 3057 3365 3116 servandam
3408 3056 3638 3128 jureju-

220 3145 410 3202 rando
441 3161 572 3202 sese
601 3145 989 3203 astrinxisset.

295 3235 431 3290 AH'.
465 3235 536 3292 Oi.
587 3234 682 3306 μὲν
732 3233 827 3289 οὖν
871 3236 1102 3307 πατέρες
1150 3235 1321 3308 αὐτῷ,
1357 3235 1598 3309 μάλιστα
1649 3238 1743 3310 μὲν
1789 3236 1879 3292 καὶ

225 3328 379 3398 γήρᾳ
419 3323 511 3378 καὶ
559 3323 748 3399 χρόνῳ
791 3325 882 3380 καὶ
928 3325 1069 3398 νόσῳ
1117 3329 1206 3381 καὶ
1250 3333 1368 3390 τοῖς
1412 3325 1615 3383 ἐκεῖθεν
1664 3325 1877 3396 δεινοῖς,

227 3413 325 3466 οὐκ
366 3412 566 3481 ἥκιστα
617 3410 673 3468 δὲ
718 3416 807 3468 καὶ
856 3413 1052 3476 παιδὸς
1098 3415 1353 3488 ἀπουσίᾳ,
1385 3415 1578 3479 παιδὸς
1630 3420 1743 3472 οἷον
1795 3417 1882 3472 ού-

227 3500 376 3569 δὲνα,
419 3499 535 3556 οὔτ’
585 3502 738 3558 αὐτοὶ
789 3501 1062 3573 δήπουθεν
1107 3499 1296 3579 ἔσχον,
1343 3502 1472 3562 οὔτε
1522 3505 1716 3580 σχεδὸν
1770 3511 1880 3562 τῶν

227 3594 446 3644 πάντων
495 3587 729 3662 οὐδένες,
773 3591 1000 3655 τούτους
1047 3593 1229 3648 τοίνυν
1277 3597 1361 3658 οἷς
1407 3592 1541 3674 ἔφην
1590 3593 1885 3669 ἀπειρηκό-

224 3701 348 3752 τας,
397 3681 486 3734 καί
532 3681 668 3754 πρὸς
717 3682 779 3736 τὸ
839 3681 1008 3753 μηδὲν
1040 3683 1114 3745 ὡς
1164 3683 1332 3739 εἰπεῖν
1381 3681 1493 3755 ἤδη
1535 3690 1874 3759 χωροῦντας,

228 3769 406 3830 οὕτως
457 3769 735 3847 ἐπιφανεὶς
794 3769 1069 3844 ἐπέρρωσε
1117 3773 1204 3827 καὶ
1263 3773 1540 3847 κρείττους
1591 3775 1877 3849 εἰργάσατο

227 3863 377 3933 σφῶν
428 3860 636 3929 αὐτῶν,
686 3859 761 3921 ὡς
812 3859 886 3921 εἷς
918 3861 1259 3933 ἀκμάζοντας
1308 3860 1454 3932 δόξαι
1503 3862 1700 3933 τελεῖν,
1760 3866 1875 3919 οἷόν

224 3970 276 4003 τι
312 3948 479 4022 μένος
529 3951 664 4005 κατά
701 3949 763 4005 τὸ
813 3947 941 4012 ἔπος
991 3952 1204 4014 τούτοις
1256 3952 1665 4024 ἐμπεπνευκὼς,
1705 3955 1876 4009 καθά⁹

228 4058 330 4112 περ
363 4039 502 4094 ποτὶ
535 4041 721 4118 ψυχήν
757 4041 786 4094 ὁ
831 4037 1093 4112 Θεσϐίτης
1123 4047 1204 4114 τῷ
1248 4049 1348 4112 τῆς
1387 4044 1698 4121 Σαραφθίας
1746 4046 1870 4103 υἱεῖ.

227 4131 467 4190 Τούτους
498 4130 596 4200 μὲν
629 4129 804 4194 οὕτως
833 4125 1065 4206 ἔχοντας
1104 4130 1248 4188 οὕτω
1277 4135 1670 4208 παρεσκεύακεν
1701 4131 1872 4208 ἔχειν,

227 4217 317 4272 καὶ
368 4218 524 4280 νέους
569 4217 688 4275 ἀντὶ
739 4214 1120 4296 πρεσϐυτέρων
1177 4225 1369 4278 τοῦτον
1421 4223 1554 4278 εἶναι
1602 4223 1694 4278 τὸν
1748 4223 1874 4297 τρό-

227 4329 351 4378 πον,
387 4308 572 4383 ὥσπερ
603 4307 1071 4385 ἐπιλελησμένους
1105 4310 1190 4368 ὅτι
1227 4332 1327 4388 περ
1357 4313 1494 4382 ἦσαν
1523 4317 1792 4373 τοιοῦτοι.

2058 3238 2364 3297 XXXVIII.
2399 3242 2577 3296 Porro
2631 3244 2897 3310 parentes
2943 3237 3146 3303 nostri,
3197 3235 3450 3292 maxime
3497 3233 3631 3290 illos

1990 3329 2226 3402 quidem
2261 3333 2318 3385 et
2344 3331 2547 3387 affecta
2574 3334 2763 3396 (atate,
2785 3335 2843 3385 et
2871 3327 3058 3401 spatio
3080 3325 3376 3397 temporis,
3398 3328 3455 3380 et
3482 3340 3632 3395 aegra

1990 3419 2342 3488 valetudine,
2365 3425 2421 3475 et
2436 3421 2580 3476 ortis
2609 3420 2745 3474 inde
2774 3416 3188 3484 incommodis,
3212 3431 3401 3486 neque
3431 3415 3627 3470 minus

1992 3514 2188 3566 tamen
2239 3509 2413 3580 longa
2463 3508 2566 3564 ﬁlii
2599 3508 2887 3573 absentia,
2920 3507 3022 3562 ﬁlii
3056 3511 3254 3563 autem
3284 3502 3629 3567 illiusmodi,

1992 3599 2224 3672 qualem
2276 3615 2380 3655 nec
2430 3598 2541 3670 ipsi
2588 3597 2853 3654 videlicet
2891 3596 3070 3652 alium
3101 3595 3414 3658 habebant,
3447 3607 3633 3660 neque

1933 3744 1948 3768 ε
1987 3687 2082 3743 alii
2114 3685 2379 3743 omnium
2414 3688 2530 3743 fere
2560 3687 2864 3742 hominum
2891 3684 2992 3739 ulli
3019 3703 3033 3752 ;
3060 3684 3150 3739 his
3179 3683 3332 3747 illos,
3366 3683 3632 3752 inquam,

1980 3779 2104 3850 jam
2135 3777 2448 3844 confectos,
2481 3777 2550 3832 ad
2585 3775 2954 3846 nihilumque
3004 3772 3420 3846 propemodum
3468 3770 3632 3825 reda-

1983 3871 2125 3936 ctos,
2183 3883 2317 3922 eum
2375 3865 2474 3922 ille
2529 3867 2843 3920 admodum
2906 3866 3248 3936 conspectus
3311 3857 3627 3926 recreabat,

1985 3972 2161 4028 seque
2200 3955 2345 4028 ipsis
2373 3955 2719 4011 valentiores
2748 3953 3056 4019 efﬁciebat,
3091 3956 3154 4007 ut
3183 3955 3352 4006 aetate
3389 3948 3624 4004 virenti-

1985 4047 2094 4102 bus
2108 4046 2536 4116 quodammodo
2557 4042 2899 4100 accensendi
2918 4043 3277 4106 viderentur,
3291 4038 3458 4110 quasi
3477 4037 3526 4092 si
3550 4053 3625 4092 no

1983 4153 2111 4191 vam
2140 4134 2254 4190 vim
2285 4133 2678 4206 vigoremque,
2715 4141 2771 4188 ut
2816 4136 2993 4203 poetas
3025 4130 3362 4200 loquuntur,
3396 4125 3514 4181 illis
3542 4125 3629 4180 in—

1984 4225 2338 4296 spiravisset,
2392 4224 2632 4297 perinde
2691 4227 2754 4279 ut
2803 4223 3062 4278 animam
3110 4220 3254 4277 olim
3312 4215 3628 4288 Saraphtiaa

1986 4315 2248 4372 mulieris
2277 4314 2398 4370 ﬁlio
2429 4315 2706 4370 reddebat
2738 4316 2896 4369 vates
2915 4309 3219 4366 Thesbites
3239 4308 3304 4360 ι’.
3330 4307 3447 4362 Hos
3469 4307 3633 4378 equi-

228 4403 362 4458 dem
411 4402 499 4458 ita
543 4406 714 4458 antea
754 4403 991 4460 ali'ectos
1042 4403 1123 4459 ita
1172 4421 1304 4460 mox
1351 4404 1449 4461 ille
1497 4405 1813 4472 reﬁciebat,
1861 4408 2038 4477 atque
2089 4409 2148 4460 ut
2195 4405 2438 4475 juvenes
2488 4404 2594 4460 hoc
2642 4403 2811 4459 modo
2859 4418 2928 4457 ex
2978 4400 3216 4458 senibus
3264 4396 3400 4453 facti
3448 4393 3628 4451 veluti

227 4491 717 4548 obliviscerentur
745 4507 860 4563 qua
888 4497 1080 4550 essent
1110 4497 1274 4550 aetate
1303 4495 1609 4552 efﬁciebat.

297 4582 431 4636 AO'.
467 4582 540 4634 ’Ἡ
571 4599 634 4653 γε
674 4581 784 4651 μὴν
833 4579 1052 4653 πατρὶς,
1084 4579 1232 4636 ἀλλά
1280 4581 1368 4636 καὶ
1399 4581 1598 4651 ταύτην
1644 4581 1727 4643 τίς
1777 4581 1876 4636 οὐκ

228 4667 288 4723 ἃν
339 4667 624 4744 ἀγασθείη,
674 4667 737 4722 ού
784 4673 886 4722 τοῦ
935 4670 1073 4740 πρὸς
1119 4671 1279 4725 αύτὸν
1330 4669 1520 4731 ἁπλῶς
1571 4667 1874 4743 διατιθεμὲο

230 4779 347 4824 νου,
380 4756 444 4812 οὔ
474 4761 640 4812 τοῦτο
684 4754 834 4830 λέγω
865 4776 879 4788 °
933 4765 1284 4835 μαρτυρεῖται
1315 4761 1420 4836 γὰρ
1469 4763 1632 4815 τοῦτο
1677 4759 1874 4822 πάσαις

230 4854 347 4910 ταῖς
396 4848 606 4926 ψήφοις
653 4845 703 4916 ἒξ
751 4845 856 4920 ἄρα
900 4853 1010 4904 τῶν
1057 4851 1376 4925 ἁπανταχοῦ
1423 4870 1637 4906 παντων
1687 4848 1879 4928 διαφε-

235 4938 438 5014 ρόντως
483 4935 871 5008 θαυμαζόντων
924 4958 983 4994 τε
1027 4940 1120 4994 καὶ
1177 4939 1516 5014 κροτούντων
1572 4939 1661 4996 καὶ
1715 4939 1876 4994 οἰκειο

2057 4583 2300 4641 ΧΧΧΙΧ.
2331 4585 2613 4641 Creterum
2654 4583 2810 4655 quod
2851 4582 2923 4638 ad
2957 4580 3204 4652 patriam
3244 4577 3470 4643 attinet,
3494 4575 3626 4646 quis

1987 4688 2100 4728 non
2131 4680 2186 4727 et
2231 4672 2392 4728 illam
2443 4672 2647 4728 merito
2678 4670 2980 4743 suspiciat,
3014 4685 3129 4724 non
3160 4669 3232 4724 ob
3264 4663 3621 4736 singularem

1990 4765 2160 4820 modo
2208 4780 2341 4836 erga
2381 4768 2644 4819 nostrum
2695 4759 3177 4828 benevolentiam,
3209 4757 3280 4813 de
3327 4771 3444 4827 qua
3475 4769 3629 4809 nunc

1988 4870 2102 4909 non
2133 4852 2357 4924 loquor,
2390 4853 2512 4909 hac
2534 4851 2690 4909 enim
2723 4849 2963 4906 calculis
2984 4847 3261 4906 omnibus
3283 4842 3630 4916 punctisque

1986 4943 2122 4998 inde
2169 4942 2421 5013 profecto
2470 4939 2851 4998 testatissima
2879 4943 2986 5005 est,
3021 4937 3174 5008 quod
3207 4933 3423 5006 ingenti
3457 4947 3632 5002 supra

236 5027 480 5100 ουμὲνων
511 5029 578 5081 τὰ
618 5024 800 5097 τοῦδε,
834 5027 962 5085 ἀλλ’
993 5031 1076 5092 οἷς
1123 5029 1428 5106 ἐχρήσαντο
1479 5032 1602 5106 περὶ
1651 5033 1749 5101 τὴν
1779 5029 1868 5085 κά-

1986 5031 2130 5088 alios
2177 5047 2402 5100 omnes,
2454 5031 2844 5101 omnibusque
2896 5028 2956 5082 in
3009 5027 3200 5092 rebus,
3240 5019 3628 5079 admiratione

235 5117 390 5173 θοδον
441 5114 620 5172 τοῦδε.
671 5117 828 5172 Οὕτω
875 5118 980 5194 γὰρ
1029 5119 1219 5182 πάντες
1268 5118 1634 5191 ἒπανήκοντος
1686 5117 1874 5195 ἔσχον,

238 5209 326 5263 καὶ
372 5207 648 5278 τοσαύτης
705 5209 796 5262 καὶ
843 5207 1180 5280 τηλικαύτης
1231 5207 1446 5265 ἐπειδὰν
1486 5215 1677 5267 τοῦτον
1730 5207 1870 5265 εἶδον

238 5299 587 5369 ἐπλήσθησαν
637 5295 841 5367 ἡδονῆς
873 5299 961 5354 καὶ
1011 5299 1296 5375 βακχείας,
1325 5299 1454 5356 ὥστ’
1505 5301 1554 5357 εἴ
1601 5301 1689 5356 καὶ
1741 5301 1870 5377 σφό-

309 5490 355 5524 ’ί
385 5491 403 5544 l
441 5489 578 5560 Reg.
613 5505 750 5558 xvn,
780 5486 869 5543 22.

305 5677 383 5748 (1)
413 5675 570 5732 Orat.
601 5675 637 5729 2
664 5675 724 5731 in
754 5671 999 5744 Pascha,
1031 5687 1088 5745 q.
1119 5671 1246 5728 688.

1986 5126 2163 5194 atque
2193 5119 2479 5194 applausu
2503 5119 2702 5176 omnia
2723 5118 2904 5175 nostri
2935 5121 2998 5172 ut
3017 5133 3123 5172 sua
3144 5131 3210 5170 ac
3232 5112 3462 5184 propria
3476 5125 3630 5165 com-

1989 5211 2403 5282 plectebantur,
2436 5210 2535 5265 sed
2568 5209 2642 5265 ob
2673 5224 2738 5264 ea
2769 5207 3141 5279 potissimum
3173 5220 3299 5276 qua:
3331 5200 3441 5257 sub
3473 5197 3624 5254 redi-

1985 5308 2108 5358 tum
2151 5299 2308 5356 illius
2353 5301 2630 5371 usurpata
2678 5299 2874 5368 fuere;
2904 5297 2988 5354 sic
3035 5295 3190 5352 enim
3242 5298 3368 5350 tum
3419 5303 3624 5346 omnes
