4118 6214
443 336 561 395 255

1759 326 2159 391 THEODULI
2205 327 2549 391 MONACHI

3731 344 3856 404 256

448 467 602 524 afﬁci
626 465 841 523 animis
871 466 1147 535 tantaque
1170 478 1238 519 ac
1255 463 1355 520 tali
1383 479 1453 520 ex
1473 461 1633 520 illius
1658 466 1974 535 conspectu
2002 462 2092 533 ju-

2210 458 2309 535 δρα
2365 460 2625 536 βούλοιτό
2679 483 2786 531 τις,
2847 462 2947 519 οῦκ
3000 463 3339 543 ἐνδεδεῖχθαι
3400 470 3552 526 τουτὶ
3626 470 3857 545 δεδυνῆ-

445 556 743 615 cunditate
764 553 1154 627 gestientique
1164 553 1551 610 exsultatione
1564 553 1857 624 perfundi,
1870 556 1935 609 ut
1948 556 2095 609 tam-

450 647 559 704 etsi
611 660 845 703 summo
892 642 951 697 id
988 641 1280 714 quispiam
1331 641 1521 699 studio
1555 646 1710 716 agat,
1742 642 1838 697 vix
1867 641 2091 697 idoneis

448 741 643 792 tamen
692 749 812 788 rem
862 731 1057 787 verbis
1114 746 1371 802 unquam
1420 730 1719 802 exprimat,
1768 746 1837 786 ea
1888 729 2091 785 laetitiis

443 824 602 880 illius
653 820 995 893 magnitudo
1043 824 1187 886 erat,
1242 835 1373 875 esse
1416 819 1748 875 continendi
1801 819 2091 889 impoten-

446 914 545 969 tia.
579 915 921 981 Quanquam
952 910 1087 982 quid
1122 909 1232 965 hoc
1261 914 1351 966 est
1379 910 1533 981 quod
1555 908 1686 965 dico
1715 910 1865 979 ego?
1884 909 1943 963 in
1969 912 2094 964 tan-

445 1007 571 1059 tum
601 1000 755 1057 enim
785 1001 940 1056 cives
970 1015 1109 1056 suos
1138 998 1226 1054 vel
1267 997 1392 1054 solo
1425 1006 1662 1070 aspectu
1692 997 1867 1070 cepit,
1901 1014 2089 1071 popu-

443 1090 695 1162 larisque
732 1090 1043 1161 cuiusdam
1094 1088 1263 1144 ducis
1310 1088 1371 1143 in
1422 1104 1640 1144 morem
1674 1088 1785 1144 sibi
1814 1088 2089 1157 devinxit,

447 1186 512 1237 ut
550 1196 667 1236 non
696 1179 923 1250 supinis
954 1178 1125 1233 modo
1156 1178 1308 1249 quod
1346 1177 1532 1246 aiunt,
1565 1177 1864 1247 manibus,
1894 1194 2093 1233 verum

443 1275 566 1327 toto
593 1269 826 1341 penitus
853 1272 1079 1339 pectore
1101 1282 1167 1322 ac
1190 1267 1403 1334 animo,
1418 1270 1476 1322 et
1495 1265 1779 1338 quidquid
1794 1282 2095 1337 unnquam

450 1358 742 1417 nominari
791 1360 994 1429 potest,
1028 1354 1195 1411 illum
1249 1355 1592 1427 reciperent.
1633 1355 1987 1411 deducentes
2035 1355 2095 1411 in

450 1448 708 1522 publico,
738 1445 1236 1513 concelebrantes,
1268 1445 1656 1513 concinentes,
1681 1444 1896 1516 quidve
1928 1460 2096 1516 porro

444 1538 738 1595 indictum
789 1536 1188 1606 iniectumque
1234 1533 1567 1591 omittentes
1588 1533 1617 1589 ‘2
1647 1533 1766 1589 imo
1805 1549 1936 1590 vero
1966 1548 2096 1589 cum

449 1627 651 1685 omnia
694 1631 751 1682 et
798 1625 1056 1681 dicerent
1107 1628 1165 1679 et
1206 1625 1482 1691 facerent,
1524 1622 1746 1679 nullam
1792 1637 1855 1678 se
1904 1626 2100 1680 tamen

450 1718 790 1777 meritorum
840 1715 998 1771 illius
1048 1716 1270 1786 partem
1332 1713 1612 1785 consequi
1668 1712 2095 1769 existimantes.

449 1812 566 1868 Nec
595 1808 752 1865 enim
783 1822 956 1879 quem
1004 1805 1225 1861 dudum
1258 1803 1554 1876 cognitum
1586 1801 1884 1859 habebant
1912 1801 2101 1859 oculis

449 1917 515 1959 se
543 1898 667 1955 suis
695 1911 950 1962 cernere,
983 1895 1078 1950 sed
1112 1909 1277 1965 quem
1309 1892 1626 1949 cernebant
1653 1890 1795 1947 cmlo
1827 1891 1886 1947 in
1917 1895 2101 1948 terras

456 1988 757 2061 delapsum
804 2001 923 2042 sua;
973 1984 1236 2057 ipsorum
1269 1981 1561 2039 felicitatis
1591 1996 1765 2037 causa
1791 1981 2102 2038 adventare

457 2076 801 2137 credebant:
827 2090 1007 2147 quam
1032 2073 1107 2129 ob
1136 2088 1258 2130 rem
1288 2071 1463 2127 etiam
1494 2086 1667 2143 supra
1697 2086 1873 2142 quam
1894 2075 2104 2127 natura

452 2167 580 2225 erat
626 2164 983 2231 mortalium,
1023 2162 1321 2220 hominem
1370 2161 1640 2217 colebant
1692 2158 2103 2217 observabant-

459 2272 594 2329 que.
651 2252 905 2310 Tametsi
959 2253 1049 2308 vir
1114 2251 1405 2307 maximus
1466 2248 1788 2322 altioreque
1843 2249 2101 2306 humano

451 2352 627 2420 captu
678 2346 875 2402 animo
931 2345 1177 2415 agitans,
1230 2341 1448 2414 quippe
1506 2340 1749 2398 mortale
1806 2340 2099 2412 fastigium

450 2452 737 2510 egressus,
767 2438 824 2491 et
852 2433 1128 2490 humanis
1158 2432 1314 2488 idem
1347 2430 1672 2502 majoribus
1711 2433 1955 2485 ornatus
1982 2429 2100 2484 vir-

445 2526 697 2591 tutibus,
742 2522 1185 2580 acclamationes
1245 2519 1551 2577 bominum
1607 2534 1675 2575 ac
1723 2517 1986 2590 plausus,
2034 2533 2103 2575 ac

448 2615 730 2687 reliquam
773 2613 833 2669 id
880 2627 1060 2683 genus
1109 2610 1477 2682 popularium
1522 2607 1766 2664 laudum
1798 2623 2103 2663 coacerva-

445 2704 688 2769 tionem,
723 2699 884 2756 nullo
929 2699 1245 2756 admodum
1294 2712 1541 2753 numero
1591 2697 1878 2764 ducebat;
1912 2711 2102 2752 meras

450 2792 729 2848 nimirum
772 2806 978 2861 nugas,
1008 2788 1335 2860 viliumque
1364 2787 1719 2852 animarum,
1749 2790 1807 2842 et
1835 2802 1949 2858 qua
1980 2801 2103 2856 per-

447 2880 700 2937 tinacius
731 2880 802 2935 ad
832 2883 1047 2935 terram
1078 2877 1505 2945 adharescunt,
1535 2891 1710 2948 seque
1737 2891 1961 2947 suaque
1991 2892 2099 2930 no-

444 2969 665 3025 bilitate
708 2968 1110 3041 indignarum,
1142 2965 1359 3038 pabula
1400 2970 1459 3022 et
1487 2965 1794 3022 illecebras
1823 2963 1944 3021 huic
1973 2964 2100 3035 ipsa

2200 551 2323 606 σθαι
2360 570 2373 583 ⁸
2406 552 2648 621 τοσαῦτη
2697 574 2783 615 τις
2812 554 2878 621 ἦν
2919 555 2954 622 ἡ
3001 556 3289 628 περιουσία
3336 563 3435 613 τοῦ
3485 560 3731 637 γάννους,
3763 565 3851 619 καὶ

2199 642 2298 694 τοῦ
2332 640 2408 711 μὴ
2441 645 2575 712 σφᾶς
2614 640 2810 703 αὐτοὺς
2863 635 3013 716 ἔχειν
3043 642 3317 721 κατέχειν.
3372 635 3562 703 Καίτοι
3591 651 3649 705 τί
3677 649 3853 726 λέγως

2200 733 2432 783 τοσοῦτο
2489 730 2591 804 γὰρ
2647 730 2843 791 αὐτοὺς
2912 728 3025 786 εἷλε
3092 734 3181 788 καὶ
3241 733 3852 814 καταδεδημαγωγήκει

2206 818 2345 904 μόνῃ
2390 821 2468 904 τῇ,
2508 819 2622 889 θέᾳ,
2672 816 2800 874 ὥσθ’
2853 821 2964 895 οὐχ
2993 819 3119 876 ὅσον
3174 823 3390 887 ὑπτίαις
3437 828 3599 904 χερσὶ
3646 830 3708 883 τὸ
3756 833 3854 884 τοῦ

2204 903 2392 981 λόγου,
2424 903 2570 962 αλλά
2618 907 2708 961 καὶ
2757 908 2898 981 πάσῃ
2929 911 3083 982 ψυχῇ
3133 930 3191 964 τε
3214 913 3304 966 καὶ
3353 903 3566 989 γνώμῃ,
3597 914 3689 970 καὶ
3738 915 3770 971 δ
3798 937 3851 970 τι

2206 996 2264 1051 ἃν
2323 995 2467 1068 εἴποι
2526 1017 2609 1057 τις
2665 1001 2856 1052 τοῦτον
2916 997 3210 1073 προσέσθαι
3242 1019 3256 1032 ⁸
3314 1000 3558 1076 δημοσίᾳ
3608 1006 3853 1079 προπέμο

2205 1105 2418 1155 ποντες,
2476 1086 2857 1160 κηρύττοντες,
2918 1090 3312 1159 παιανίζοντες,
3370 1094 3425 1147 τί
3479 1094 3573 1166 μὲν
3634 1094 3696 1150 οὗ
3756 1095 3851 1150 λέ-

2206 1193 2416 1247 γοντες,
2473 1174 2525 1228 τί
2571 1172 2629 1229 δὲ
2664 1176 2727 1229 οὐ
2781 1179 3082 1248 ποιοῦντες,
3139 1178 3353 1251 μᾶλλον
3410 1177 3467 1236 δὲ
3519 1180 3691 1238 πάντα
3753 1184 3853 1256 μὲν

2208 1260 2456 1336 λέγοντες
2500 1262 2589 1317 καὶ
2645 1267 2944 1332 ποιοῦντες,
2980 1262 3133 1319 οὐδὲν
3184 1266 3241 1322 δέ
3287 1272 3395 1322 τῶν
3451 1270 3676 1325 εἰκότων
3727 1273 3858 1325 ἀπο-

2209 1348 2417 1405 διδόναι
2465 1351 2805 1425 νομίζοντες.
2832 1353 2910 1409 Οὐ
2957 1354 3060 1428 γὰρ
3092 1356 3151 1409 ὃν
3198 1352 3392 1430 ᾔδεσαν
3443 1356 3665 1415 ἐδόκουν
3698 1363 3854 1436 ὁρᾷς,

2208 1437 2337 1494 ἀλλ’
2392 1438 2451 1493 ’ὸν
2506 1440 2712 1513 ἑώρων,
2773 1440 3058 1514 οὐρανόθεν
3121 1445 3197 1506 εἰς
3253 1448 3357 1521 γῆν
3419 1448 3572 1517 ἥκειν
3629 1446 3855 1504 ἐδόκουν

2208 1528 2293 1583 ἐπ’
2347 1526 2663 1601 εὖδαιμονίᾳ
2717 1533 2785 1603 τῇ
2846 1536 2995 1605 σφῶν
3024 1554 3037 1566 ·
3099 1534 3193 1589 καὶ
3250 1532 3503 1592 διατοῦτο
3562 1544 3749 1611 μεῖζον
3809 1542 3844 1609 ἡ

2207 1623 2327 1673 κατ’
2378 1619 2696 1693 ἀνθρώπους
2738 1619 2917 1692 τούτῳ
2974 1628 3295 1700 προσεῖχον,
3345 1626 3392 1679 εἰ
3440 1628 3532 1681 καὶ
3585 1634 3771 1699 μεῖζον
3814 1630 3853 1697 ἦ

2209 1710 2331 1763 κατ’
2358 1708 2676 1773 ἀνθρώπους
2716 1711 2744 1764 ὁ
2798 1710 2963 1785 μέγας
3007 1718 3236 1788 φρονῶν,
3269 1715 3360 1771 ἅτε
3400 1717 3600 1789 μείζων
3650 1718 3685 1787 ἢ
3735 1721 3857 1774 κατ’

2132 1786 2179 1851 Β
2207 1801 2533 1874 ἀνθρώπους
2564 1798 2638 1854 ὤν
2672 1819 2686 1833 °
2737 1805 2818 1873 τῷ
2852 1786 3091 1874 μείζοσιν
3134 1806 3169 1876 ἢ
3201 1808 3319 1861 κατ’
3366 1786 3689 1881 ἀνθρώπους
3722 1811 3857 1885 ἀρε-

2209 1895 2328 1950 ταῖς
2359 1892 2753 1962 κεκοσμῆσθαι,
2783 1892 2880 1954 τὰς
2907 1893 3001 1964 μὶν
3034 1891 3320 1965 ἔκϐοήσεις
3351 1893 3571 1952 ἒκείνων
3600 1899 3690 1952 καὶ
3719 1901 3856 1974 κρό-

2211 2000 2339 2041 τους
2370 1980 2457 2033 καὶ
2490 1981 2588 2047 τήν
2619 1979 2882 2050 τοιαύτην
2914 1986 3012 2037 τοῦ
3043 1980 3225 2057 δήμου
3269 1985 3601 2055 συντέλειαν,
3634 1985 3856 2050 οὕδενός

2211 2089 2360 2129 τινος
2377 2067 2547 2139 ,ἠξίου
2576 2073 2673 2123 τοῦ
2721 2067 2911 2142 λόγου,
2945 2071 3230 2151 φλήναφον
3282 2075 3525 2151 ἀτεχνῶς
3567 2081 3735 2132 ταῦτα
3763 2097 3861 2132 νο-

2216 2160 2387 2231 μίζων
2420 2177 2431 2189 ·
2467 2158 2557 2212 καὶ
2587 2161 2783 2233 ψυχῶν
2818 2160 3054 2233 ἀγεννῶν
3088 2160 3448 2237 δελεάσματα,
3481 2166 3570 2220 καὶ
3603 2168 3692 2228 οἷς
3720 2168 3860 2240 πρὸς

2211 2254 2314 2322 γῆν
2344 2244 2531 2320 ἔχουσι
2561 2252 2710 2320 σφῶν
2744 2248 2940 2316 αὐτῶν,
2972 2249 3060 2304 καὶ
3091 2249 3188 2305 τοῦ
3217 2254 3333 2307 κατ’
3364 2252 3527 2315 αὐτὰς
3567 2254 3806 2326 ἀναξίων
3840 2275 3856 2288 ⁸

2213 2336 2247 2391 ἃ
2277 2334 2335 2391 δὲ
2366 2337 2440 2399 εἷς
2470 2336 2765 2410 ’Όλυμπον
2807 2340 2953 2413 φέρει
2984 2340 3075 2395 καὶ
3122 2345 3231 2395 τῶν
3264 2341 3554 2415 Ὀλύμπου
3593 2344 3857 2418 πραγμά-

2210 2447 2321 2482 των
2384 2428 2461 2499 μὴ
2500 2426 2584 2482 ὅτι
2633 2427 2921 2489 κοινωνοὺς
2977 2428 3106 2490 τοὺς
3161 2430 3505 2504 ἀνθρώπους,
3564 2431 3711 2488 ἀλλά
3762 2436 3854 2490 καὶ

2214 2517 2367 2578 θεοὺς
2413 2514 2462 2588 ἐξ
2511 2517 2811 2590 ἀνθρώπων
2858 2519 2933 2579 ώς
2982 2519 3151 2574 εἰπεῖν
3190 2518 3302 2575 οἶδε
3343 2527 3544 2592 ποιεῖν,
3593 2524 3743 2578 ταῦτ’
3786 2524 3856 2592 ἦν

2213 2604 2363 2677 αὐτῷ
2421 2602 2676 2675 διηνεκὴς
2733 2607 2981 2680 φροντὶς,
3036 2609 3127 2663 καὶ
3188 2608 3390 2681 μελέτη
3431 2631 3446 2644 ⁸
3494 2611 3585 2665 καὶ
3640 2611 3855 2667 τούτων

2212 2693 2474 2768 ἒξείχετο,
2530 2697 2620 2751 καὶ
2677 2695 2897 2759 τούτοις
2955 2699 3171 2768 συνέζη,
3232 2698 3563 2755 ἐπαινεῖσθαι
3626 2702 3733 2777 γὰρ
3790 2703 3857 2757 οῦ

2215 2784 2602 2860 μακαρίζεσθαι
2650 2782 2838 2854 ἤλεθε,
2885 2791 2982 2841 τοῦ
3025 2788 3119 2860 μὲν
3170 2787 3259 2843 ἐπὶ
3306 2795 3425 2851 τοῖς
3475 2789 3626 2853 ἐκτὸς
3672 2812 3854 2868 γιγνο-

2216 2873 2398 2946 μένου,
2446 2872 2535 2928 ἐπὶ
2584 2872 2643 2929 δὲ
2687 2880 2805 2936 τοῖς
2846 2876 2963 2931 κατ’
3012 2875 3208 2951 ἀρετὴν
3253 2879 3348 2933 τὸν
3406 2876 3621 2934 ἔπαινον
3676 2878 3856 2953 ἴσμεν,

2215 2962 2332 3018 Εἶεν
2341 3006 2353 3019 .

441 3077 534 3118 sse
574 3064 776 3127 ratus;
808 3063 1085 3115 caeterum
1135 3074 1263 3131 qua
1303 3058 1375 3114 ad
1425 3055 1640 3113 cmlum
1688 3056 1927 3111 ducunt
1974 3055 2169 3109 studia
2216 3070 2528 3126 rerumque
2559 3055 2886 3113 cmlestium
2922 3074 3033 3113 non
3067 3059 3379 3130 participes
3410 3059 3600 3116 solum
3636 3060 3838 3117 homi-

443 3165 569 3216 nes,
601 3148 703 3204 sed
749 3149 913 3204 divos
950 3148 1090 3204 item
1139 3163 1316 3219 prope
1361 3146 1549 3202 dicam
1594 3162 1664 3201 ex
1711 3143 2051 3200 hominibus
2099 3143 2329 3200 ofﬁcere
2359 3150 2625 3215 queunt:
2661 3146 2783 3202 hac
2817 3152 3088 3218 perpetua
3135 3155 3331 3204 nostro
3382 3165 3523 3205 cura
3551 3166 3854 3206 commen-

444 3238 706 3310 tatioque
754 3238 933 3308 fuere,
967 3237 1057 3293 bis
1105 3237 1365 3293 addictus
1413 3235 1585 3292 unice
1629 3238 1771 3303 erat,
1802 3233 1864 3289 in
1908 3232 2001 3288 his
2031 3236 2253 3289 aetatem
2283 3235 2514 3306 agebat,
2548 3251 2756 3306 nempe
2787 3235 3009 3291 laudari
3039 3236 3159 3306 ille,
3191 3253 3307 3294 non
3340 3255 3439 3308 pro
3483 3240 3649 3295 beato
3704 3256 3857 3311 prte—

443 3327 628 3384 dicari
676 3326 969 3393 studebat,
1011 3341 1262 3397 quorum
1313 3325 1425 3380 hoc
1471 3324 1544 3380 ob
1591 3327 1825 3379 externa
1873 3322 2141 3395 quedam
2168 3322 2322 3379 bona
2354 3325 2646 3395 usurpari,
2677 3341 2880 3381 rursus
2910 3325 3143 3383 laudem
3175 3327 3248 3383 ob
3282 3326 3380 3384 illa
3412 3329 3592 3384 tribui
3627 3345 3752 3400 quae
3790 3345 3860 3385 ex
3920 3338 3929 3347 '

443 3416 655 3474 virtute
685 3418 813 3472 acta
842 3418 1001 3482 sunt,
1035 3415 1190 3470 inter
1217 3429 1422 3471 omnes
1452 3412 1739 3469 convenit.
1773 3411 1887 3468 Sed
1919 3411 2042 3467 haec
2075 3409 2382 3468 hactenus.

518 3505 626 3562 XL.
658 3507 943 3563 Ceterum
992 3505 1131 3560 dum
1181 3504 1239 3559 in
1271 3503 1363 3559 bis
1392 3502 1479 3558 vir
1508 3519 1780 3559 summus
1808 3506 1956 3567 erat,
1989 3501 2096 3555 ﬂa-

2276 3501 2361 3557 M'.
2394 3502 2551 3557 Οὕτω
2584 3499 2632 3555 δ’
2678 3500 2863 3578 ἔχοντι
2909 3503 3001 3558 καὶ
3047 3504 3194 3579 παρά
3225 3505 3442 3560 πάντων
3492 3510 3573 3578 τῷ
3620 3505 3851 3580 γενναίῳ

445 3595 876 3669 grantibusque
921 3609 1166 3650 suorum
1214 3593 1480 3649 omnium
1527 3592 1741 3648 studiis
1770 3591 2089 3656 colebatur,

445 3685 548 3743 ubi
578 3686 772 3742 debita
799 3684 1033 3756 pietatis
1080 3683 1273 3739 ofﬁcia
1304 3683 1645 3755 parentibus
1674 3687 1732 3739 et
1761 3684 1959 3755 patrias
1988 3700 2089 3739 cu-

449 3772 834 3829 mulatissime
875 3771 1153 3845 explorat,
1197 3772 1414 3829 interea
1462 3771 1714 3842 religiosi
1760 3771 1858 3828 otii
1910 3788 2094 3829 seces-

449 3877 670 3933 susque
700 3861 1054 3917 desiderium
1083 3860 1486 3917 vehementius
1515 3876 1577 3916 se
1609 3860 1907 3917 insinuat:
1932 3866 2097 3916 vetus

447 3950 593 4007 illud
622 3966 781 4017 sane,
805 3953 862 4007 et
892 3951 1047 4023 quod
1069 3950 1197 4021 jam
1227 3949 1361 4006 olim
1396 3949 1695 4006 hominem
1726 3949 2092 4021 complexum

454 4042 689 4113 penitus
742 4042 1050 4110 insederat,
1100 4059 1203 4098 nec
1253 4042 1338 4097 vel
1396 4041 1693 4098 tantillum
1753 4048 2095 4109 recesserat,

449 4147 651 4187 verum
687 4149 799 4201 pra;
831 4132 1122 4189 immenso
1144 4148 1210 4188 ac
1232 4132 1559 4188 incredibili
1580 4132 1921 4204 eloquentiae
1942 4133 2100 4189 velut

449 4222 665 4292 furore,
713 4223 810 4293 qui
861 4222 920 4278 in
966 4223 1163 4278 animo
1212 4222 1393 4279 nostri
1444 4221 1812 4294 pravalidus,
1859 4228 1923 4279 ut
1969 4224 2096 4294 ipso

450 4312 772 4381 posteriora
800 4310 1001 4367 omnia
1021 4311 1374 4369 ducerentur
1394 4312 1701 4380 efﬁciebat,
1726 4326 1913 4383 neque
1935 4311 2092 4368 aliud

449 4399 673 4457 interea
717 4400 1041 4472 quidquam
1087 4401 1293 4474 attingi
1342 4402 1684 4475 suscipique
1730 4401 1982 4469 sinebat,
2036 4402 2097 4457 in

451 4505 572 4547 rem
602 4490 791 4562 ipsam
826 4493 996 4546 antea
1030 4490 1235 4546 deduci
1267 4493 1596 4564 aequitum.
1621 4490 1691 4547 Ut
1721 4507 1853 4547 vero
1881 4490 1943 4547 in
1974 4491 2094 4547 haec

453 4579 683 4636 dicendi
716 4578 943 4635 ratione
972 4577 1314 4651 plurimum,
1347 4579 1525 4652 idque
1552 4581 1694 4636 adeo
1724 4579 2101 4653 singulariter

454 4668 795 4741 profecerat,
829 4671 895 4722 ut
942 4682 1048 4722 nec
1097 4671 1276 4723 artem
1326 4668 1514 4742 ipsam
1561 4669 1821 4725 humano
1861 4683 2103 4740 corpore

450 4756 720 4813 indutam
749 4755 1053 4829 pulchrius
1079 4756 1316 4830 aliquod
1348 4758 1439 4814 sui
1474 4758 1773 4831 specimen
1805 4759 2102 4823 daturam,

2205 3591 2625 3664 θαυμαζομένῳ,
2674 3592 2763 3647 καὶ
2812 3593 2874 3647 τὸ
2921 3593 3065 3656 εἰκὸς
3116 3598 3233 3657 τοῖς
3283 3616 3341 3650 τε
3397 3599 3616 3669 γονεῦσι
3669 3600 3739 3669 τῇ
3796 3615 3856 3651 τε

2207 3677 2424 3756 πατρίδι
2482 3686 2815 3736 παντάπασιν
2875 3682 3330 3760 ἀφοσιωσαμὲνῳ,
3391 3682 3760 3761 σφοδρότερον
3822 3687 3851 3740 ὁ

2208 3778 2309 3841 τῆς
2385 3771 2624 3849 ἡσοχίας
2692 3771 2780 3827 καὶ
2853 3774 3262 3848 ἀναχωρήσεως
3336 3770 3475 3849 ἔρως
3546 3774 3804 3848 ἐμπίπτει
3836 3794 3851 3808 ⁸

2208 3860 2413 3915 ἄνωθεν
2465 3862 2561 3933 μὲν
2604 3862 2693 3915 καὶ
2742 3861 2979 3937 ἐξαργῆς
3023 3867 3214 3919 τοῦτον
3265 3862 3410 3940 ἔχων
3454 3885 3513 3920 τε
3565 3866 3654 3919 καὶ
3707 3864 3857 3919 συνέ-

2209 3970 2352 4026 χων,
2395 3952 2486 4005 καὶ
2545 3948 2658 4005 οὐδ’
2716 3952 3022 4006 ὁπωστιοῦν
3071 3952 3455 4028 ἀφιστάμενος,
3500 3955 3605 4009 ὑπὸ
3652 3951 3709 4007 δὶ
3755 3961 3858 4022 τῆς

2210 4041 2414 4095 ἀτόπου
2445 4042 2535 4094 καὶ
2587 4042 2905 4112 θαυμασκῆς
2953 4046 3062 4095 τῶν
3117 4042 3295 4118 λόγων
3332 4043 3527 4114 μανίας
3575 4042 3653 4103 εἷς
3703 4040 3862 4119 ἔργον

2212 4131 2333 4199 ἣκει
2391 4129 2731 4205 εἰργόμενος,
2780 4130 3227 4206 κατακρατοῦσης
3284 4133 3375 4186 τὸν
3429 4130 3721 4205 λογισμὸν,
3769 4132 3861 4186 καὶ

2213 4220 2383 4274 πάντα
2445 4216 2650 4292 δεύτερ’
2709 4219 2879 4288 αὐτῆς
2952 4222 3290 4292 ποιουμένης
3359 4222 3445 4275 καὶ
3508 4221 3610 4275 οὐκ
3684 4221 3864 4290 ἐώσης

2215 4307 2399 4381 ἑτέρου
2432 4304 2647 4377 δήτινος
2676 4309 2847 4385 ἧφθαι
2868 4329 2880 4341 ·
2913 4309 2988 4369 ὡς
3020 4306 3070 4362 δ’
3098 4310 3151 4362 οἱ
3184 4310 3300 4382 μὲν,
3334 4309 3690 4364 ἐπιτοσοῦτον
3719 4308 3868 4381 αὐτῷ

2215 4395 2603 4469 κατώρθωντο,
2664 4395 2754 4448 καὶ
2831 4392 3003 4456 οὕτως
3077 4394 3385 4472 ὑπερφυῶς,
3463 4396 3539 4459 ὡς
3614 4392 3746 4468 μηδ’
3804 4399 3865 4451 ἂν

2216 4485 2372 4556 οίμ-ιι
2402 4484 2622 4554 ταυτηνὶ
2680 4485 2779 4552 τήν
2819 4484 3013 4559 σοφίαν
3042 4485 3201 4557 σῶμα
3236 4481 3510 4541 λαϐοῦσαν
3536 4485 3770 4540 κάλλιον
3800 4483 3868 4539 τὰ

2216 4573 2382 4642 αὐτῆς
2433 4571 2793 4649 ἐνδεδεῖχθαι,
2824 4573 2914 4627 καὶ
2964 4572 3047 4629 ὅτι
3079 4576 3203 4631 ποτ’
3252 4574 3362 4646 εἴη,
3404 4574 3494 4630 καὶ
3542 4574 3695 4635 ὅπως
3745 4573 3867 4650 ἔχει

2219 4663 2280 4718 οῦ
2357 4662 2570 4736 μᾶλλον
2642 4669 2869 4731 ποιῆσαι
2936 4665 3253 4742 καταφανὲς.
3316 4660 3463 4720 Ἔδει
3531 4661 3590 4718 δὲ
3646 4664 3867 4718 πάντων

2218 4751 2508 4828 ἀφειμένον
2566 4756 2675 4806 τῶν
2734 4748 2947 4819 ἄλλων,
3003 4753 3071 4823 ἧς
3131 4753 3181 4826 ἐξ
3240 4752 3424 4828 ἀρχῆς
3479 4750 3588 4827 ἤρα
3644 4749 3867 4826 σχολῆς

452 4862 561 4904 nec
592 4846 728 4918 quid
760 4847 888 4921 ipsa
915 4844 1152 4901 omnino
1181 4846 1279 4917 sit,
1312 4863 1492 4918 quove
1540 4850 1876 4920 comparata
1909 4846 2098 4912 modo,

2221 4841 2552 4913 ἀπολαῦσαι,
2610 4840 2700 4896 καὶ
2754 4843 2875 4896 καθ’
2932 4843 3117 4897 ἑαυτὸν
3176 4842 3470 4921 γεγονέναι,
3530 4845 3559 4899 ὁ
3634 4845 3725 4899 τὸν
3784 4843 3869 4898 ἀεὶ

450 4935 663 4993 clartus
722 4943 1179 4995 monstraturum
1236 4936 1579 4995 crediderim
1624 4952 1638 4991 :

450 5026 686 5098 quando
734 5028 959 5085 ceteris
1009 5027 1280 5084 omnibus
1311 5027 1667 5098 expeditum,
1697 5042 1873 5099 quam
1907 5025 2109 5081 tnndiu

450 5120 731 5189 tantoque
761 5118 1135 5192 concupierat
1181 5133 1375 5190 opere,
1411 5116 1522 5173 frui
1578 5117 1798 5188 quiete,
1829 5124 1881 5172 et
1912 5115 2108 5187 ipsum

455 5204 563 5263 sibi
594 5206 806 5270 vivere,
840 5207 941 5280 qui
970 5223 1274 5280 nunquam
1307 5223 1424 5263 non
1456 5206 1568 5263 sibi
1598 5206 1839 5275 vixerat,
1870 5209 2108 5276 oporte-

456 5295 592 5361 bat;
621 5296 762 5369 quid
795 5296 891 5353 hic
922 5297 1161 5353 tandem
1193 5296 1364 5353 homo
1413 5296 1594 5353 facere
1625 5294 1887 5352 institit?
1916 5293 2106 5350 Nimi-

457 5400 583 5440 rum
617 5385 915 5455 continuo,
937 5384 1123 5441 leonis
1153 5390 1386 5442 catenas
1417 5402 1555 5441 suas
1577 5383 1969 5456 dirumpentis
1997 5396 2107 5439 mo.

457 5472 554 5541 dc,
585 5477 709 5530 tum
741 5479 1011 5547 parentes
1042 5475 1201 5548 ipsos
1234 5476 1438 5534 missos
1461 5476 1670 5543 facere,
1702 5479 1827 5532 tum
1863 5474 2104 5546 prepin-

541 5655 622 5727 (1)
651 5657 819 5714 Deest
844 5657 1096 5716 alterum
1129 5657 1485 5717 membrum.

1698 4942 1756 4992 et
1809 4937 1930 5004 iam
1988 4934 2102 4993 ali—
2137 4928 2178 4940 ”
2214 4933 2414 5007 χρόνον
2445 4932 2566 4986 καθ’
2619 4932 2805 4986 ἑαυτὸν
2842 4928 2936 5004 ὢν,
2967 4931 3019 4986 τί
3066 4938 3252 5001 ποιεῖ;
3289 4932 3458 4996 Εὐθὺς
3507 4930 3689 5007 ὥσπερ
3721 4929 3866 4987 λὲων

2221 5022 2312 5077 τὸν
2373 5019 2571 5094 δεσμὸν
2628 5019 2961 5096 ἀποῤῥήξας,
3022 5021 3349 5100 ὑπερφρονεῖ
3421 5023 3516 5096 μὶν
3590 5021 3865 5093 πατέρων,

2220 5116 2548 5190 καταφρονεῖ
2576 5109 2634 5167 δὲ
2680 5112 2955 5186 ξυγγενῶν
3003 5111 3091 5166 καὶ
3139 5111 3354 5168 οῗκείων
3402 5111 3494 5167 καὶ
3541 5110 3745 5185 φίλων,
3775 5112 3868 5165 καὶ

2220 5198 2337 5257 οῧτι
2386 5208 2561 5277 γῆρας
2609 5199 2829 5255 ἐκείνων
2876 5202 2911 5272 ἢ
2964 5202 3120 5256 νόσον
3175 5202 3645 5278 ὑπολογισάμενος
3693 5201 3867 5271 ὅλως,

2216 5291 2295 5363 (1)
2330 5290 2472 5345 ἄλλά
2521 5290 2735 5345 πάντων
2764 5291 3033 5365 ἀνώτερος
3078 5292 3339 5368 γεγονὼς,
3372 5291 3474 5366 ὅλῃ
3526 5290 3722 5368 γνώμῃ
3773 5288 3867 5344 καὶ

2216 5379 2334 5453 ὅλῳ
2363 5377 2489 5435 ποδὶ
2521 5381 2658 5453 πρὸς
2706 5381 2807 5448 τήν
2840 5380 3076 5458 ἡσυχίαν
3123 5386 3322 5457 χωρεῖ,
3352 5382 3451 5450 τήν
3503 5386 3603 5448 τῆς
3634 5377 3865 5454 φιλοσο‹

2215 5472 2341 5546 φίας
2375 5468 2603 5544 μητέρα,
2635 5470 2725 5525 καὶ
2776 5468 2925 5526 δυοῖν
2975 5475 3085 5527 τῶν
3129 5467 3461 5547 προδρόμων
3510 5467 3865 5545 παιδαγωγὸτ
