4118 6214
285 389 392 452 257
1315 373 1715 448 LAUDATlO
1762 385 1822 446 3.
1870 382 2238 448 GREGORll
2283 373 2674 445 THEOLOGI
3572 375 3690 446 238

278 524 350 584 ὡς
384 523 451 578 ἃν
503 520 647 576 εἴποι
701 539 785 582 τις
829 521 919 574 καὶ
961 517 1188 594 τροφὸν,
1219 516 1299 596 ἐφ’
1328 518 1375 590 ᾧ
1404 521 1518 590 Θεῷ
1548 518 1604 572 τὶ
1636 519 1723 572 κατ
1758 519 1932 592 ἑαυτῷ

2047 536 2194 592 quos
2237 526 2292 574 et
2337 517 2656 574 familiares
2703 521 2762 574 et
2808 516 3028 574 amicos
3077 516 3390 591 negligere,
3429 517 3694 590 nihilque

270 613 592 684 καταμόνας
622 605 770 686 ἔχειν
803 611 1057 683 ξυνεῖναι.

2047 609 2350 666 admodum
2392 607 2512 662 sive
2530 606 2692 663 senio
2727 605 2959 662 illorum
3003 606 3300 680 fractaque
3355 607 3693 665 valetudine

267 703 658 769 commoveri,
691 700 795 758 sed
825 701 916 758 his
943 699 1217 757 omnibus
1249 699 1532 770 superior,
1565 703 1686 757 toto
1724 699 1937 769 animo,
1973 703 2212 771 totoque
2253 698 2464 772 gradu,
2497 697 2570 754 ad
2621 697 2871 768 quietem
2922 697 3257 755 sacratioris
3305 697 3690 772 philosophiae

265 799 609 868 parentem,
650 793 1014 861 duorumque
1036 805 1486 862 praeursorum,
1523 794 1586 845 ut
1607 789 1684 846 sit
1723 789 2057 862 loquamur,
2112 789 2446 862 magistram
2496 791 2553 843 et
2602 786 2908 856 nutricem,
2943 803 3005 844 se
3051 788 3306 856 confert,
3354 785 3580 845 scilicet
3631 793 3696 844 ut

271 899 412 938 cum
438 884 555 938 Deo
585 886 644 936 et
671 896 870 936 secum
903 879 962 934 in
997 877 1315 936 solitudine
1348 877 1558 935 rectius
1581 879 1770 936 vivere
1802 883 2019 952 posset.

344 969 492 1026 MA'.
537 967 642 1025 Καὶ
688 963 867 1021 τοίνυν
911 968 1102 1040 πρῶτα
1154 964 1247 1036 μὲν
1289 963 1499 1035 ἁπάσης
1541 962 1782 1042 γεώδους
1840 966 1932 1020 καὶ

270 1057 504 1127 ὑλικῆς,
589 1054 954 1130 προσπαθείας
1034 1055 1370 1110 παντάπασιν
1472 1053 1759 1130 ἀποσχὼν,
1841 1055 1932 1111 καὶ

269 1144 546 1201 πέντυθεν
581 1143 955 1206 συνεσταλκὼς
988 1143 1200 1213 ἑαυτὸν,
1229 1143 1373 1198 οὕτω
1425 1143 1744 1222 φιλοσοφεῖν
1793 1141 1933 1216 ᾤετο

271 1234 414 1305 δεῖν,
449 1234 541 1290 καὶ
601 1235 735 1309 πρὸς
783 1238 879 1294 τὰς
925 1235 1024 1303 τῆς
1083 1231 1294 1308 φύσεως
1352 1232 1586 1310 ἀνάγκας
1645 1233 1934 1308 ὑπερφυῶς

269 1323 690 1398 ἀπομάχεσθαι,
745 1325 906 1376 τοῦτο
963 1323 1057 1394 μὶν
1117 1320 1368 1392 νηστείας
1440 1321 1530 1376 καὶ
1587 1321 1933 1398 ἀγρυπνίαις,

272 1418 441 1469 τοῦτο
473 1413 532 1468 δὲ
573 1410 914 1488 δυσχερείαις
945 1412 1181 1474 ἁπάσαις
1215 1410 1348 1486 ὑπὲρ
1385 1410 1449 1466 τὸ
1493 1411 1693 1484 μὲτρον
1723 1408 1930 1480 διδοὺς,

273 1503 486 1558 καὶτὸ
555 1499 716 1576 σῶμα
795 1500 1164 1575 ταλαιπωρῶν
1245 1501 1335 1554 καί
1413 1497 1784 1577 δουλαγωγῶν
1840 1500 1932 1555 καὶ

277 1593 670 1668 κατατρύχων,
725 1589 814 1645 καὶ
905 1591 1064 1645 πάντ’
1112 1589 1273 1644 εἴκειν
1357 1587 1769 1662 καταναγκάζων
1851 1592 1933 1662 τῷ

273 1682 574 1758 κρείττονι,
606 1681 683 1742 ὡς
727 1679 818 1734 καὶ
868 1680 1124 1754 σώματος
1173 1676 1274 1753 ἔξω
1323 1676 1501 1734 δοκεῖν
1554 1679 1690 1753 μετᾶ
1735 1679 1933 1754 σώμαν

270 1792 395 1842 τος,
428 1769 521 1825 καὶ
549 1771 642 1826 τὸν
672 1769 959 1844 ἄνθρωπον
991 1763 1353 1845 ὑπερϐαίνειν.
1387 1769 1612 1824 Ἔπειτα
1669 1769 1808 1844 μόνη
1861 1772 1930 1842 τῇ

2112 967 2252 1022 XLI.
2283 964 2577 1038 Principio
2625 965 2822 1036 itaque
2877 965 3032 1020 omni
3097 965 3350 1022 terrestri
3407 981 3474 1021 ac
3513 971 3696 1021 mate-

2044 1055 2171 1112 riali
2203 1053 2627 1129 perturbationi
2651 1054 2886 1126 penitus
2918 1059 3266 1127 temperans,
3291 1054 3536 1126 vitaeque
3566 1070 3690 1110 eum

2043 1146 2284 1202 modum
2307 1160 2484 1218 quam
2517 1162 2550 1198 a
2582 1143 2870 1200 tissimum
2905 1144 3555 1215 contractissimumque
3575 1143 3690 1199 sibi

2042 1234 2330 1301 sanciens,
2352 1233 2458 1288 hoc
2491 1235 2658 1304 pacto
2693 1230 2983 1302 rigidioris
3005 1231 3322 1304 disciplinae
3351 1229 3686 1286 institutum

2041 1323 2531 1394 amplectendam,
2583 1325 2920 1393 naturaque
2979 1320 3164 1392 ipsius
3222 1319 3689 1386 necessitatibus,

2042 1426 2188 1484 pene
2227 1427 2398 1482 supra
2423 1425 2600 1482 quam
2631 1413 2840 1464 natura
2881 1409 3112 1478 patitur,
3150 1407 3532 1465 obnitendum
3574 1408 3687 1462 sibi

2041 1499 2550 1568 duxit;nimirum
2611 1499 2751 1554 dum
2803 1498 3017 1570 partim
3072 1497 3275 1554 inedia
3325 1513 3393 1554 ac
3452 1496 3686 1569 vigiliis,

2041 1591 2255 1660 partim
2293 1587 2532 1661 reliquis
2561 1589 2618 1644 id
2651 1603 2834 1660 genus
2866 1587 3345 1645 afﬂictationibus
3366 1586 3541 1644 nimis
3561 1601 3689 1642 sese

2039 1681 2218 1744 dedit,
2252 1677 2784 1751 corpusculumque
2825 1679 2980 1734 varie
3025 1677 3336 1744 excruciat,
3376 1681 3550 1748 atque
3581 1681 3687 1731 du-

2041 1769 2279 1826 rissima
2306 1768 2577 1824 servitute
2624 1768 2878 1834 edomat,
2925 1767 3310 1838 aerumnisque
3349 1765 3690 1823 voluntariis

267 1861 418 1916 κατᾶ
465 1864 590 1914 νοῦν
633 1859 876 1936 ἐνεργείᾳ
917 1858 1260 1932 σὺντεταχὼς
1326 1857 1538 1928 ἑαυτὸν,
1589 1856 1732 1913 οὕτω
1791 1879 1929 1935 σφο-

2047 1859 2294 1924 conficit,
2326 1861 2382 1914 et
2418 1857 2568 1929 parti
2623 1855 2846 1914 meliori
2896 1873 3000 1930 per
3045 1857 3245 1914 omnia
3291 1855 3692 1928 obtemperare

272 1949 539 2026 δρότερον
634 1949 726 2004 καὶ
811 1945 1229 2022 σπουδαιότερον
1305 1946 1533 2023 ἀντέσχε
1588 1947 1656 2002 τὰ
1707 1951 1809 2002 τοῦ
1861 1950 1929 2020 [Γ.

273 2036 574 2114 ἆντέσχετο
620 2040 741 2111 τοῦ]
795 2040 952 2107 Θεοῦ,
977 2037 1051 2098 ὡς
1101 2035 1155 2090 ἐν
1195 2035 1374 2110 τούτῳ
1402 2037 1539 2092 κατά
1567 2035 1658 2091 τὸν
1689 2035 1928 2107 Παῦλον,

276 2154 306 2182 οι
340 2130 436 2183 καὶ
475 2131 572 2202 ζῇν
604 2127 696 2181 καὶ
727 2127 989 2181 κινεῖσθαι
1019 2133 1109 2180 καί
1152 2125 1310 2192 εἶναι,
1347 2149 1376 2176 »ι
1423 2125 1512 2179 καὶ
1565 2123 1780 2203 χαίρειν
1833 2126 1928 2198 μὲν

276 2217 480 2274 ὲαυτόν
539 2217 720 2290 [nunt
776 2216 948 2286 ἑαυτῷ
971 2215 1022 2288 2]
1054 2215 1294 2284 καθάπαξ
1328 2213 1439 2286 ἒᾷν,
1471 2213 1679 2288 χαίρειν
1740 2212 1796 2268 δὲ
1849 2218 1930 2286 τῷ

272 2311 501 2384 Χριστῷ
571 2303 740 2378 μηδὲν
801 2307 965 2374 ἦττον
1024 2304 1058 2374 ἢ
1119 2304 1391 2360 ἀναπνεῖν.
1426 2306 1626 2376 Κόσμῳ
1683 2304 1787 2379 γὰρ
1835 2305 1924 2360 καὶ

267 2389 650 2468 τοῖς·κὸσμου
695 2393 975 2470 πράγμασι
1014 2392 1313 2448 παντάπασι
1344 2393 1656 2467 νεκρωθεῖς,
1689 2394 1760 2455 ὡς,
1796 2390 1928 2467 μηδ’

269 2488 359 2542 ὅτι
441 2489 563 2539 ποτ’
619 2484 726 2538 εἶεν
792 2480 996 2538 ἐθέλειν
1074 2483 1411 2556 μεμνῆσθαι,
1480 2483 1509 2536 ὁ
1585 2479 1640 2536 δὲ
1699 2485 1798 2550 τήν
1877 2483 1930 2538 ἓν

269 2579 510 2652 Χριστῷ
538 2571 920 2646 κεκρυμμένην
953 2569 1049 2642 ἔζη
1084 2574 1254 2642 ζωήν,
1286 2569 1356 2625 δι’
1383 2571 1547 2626 αὐτοῦ
1595 2577 1705 2626 τῶν
1763 2571 1930 2626 αὐτοό

269 2661 692 2720 κακαπολαύων
751 2661 1014 2737 χαρίτων,
1073 2661 1162 2716 καὶ
1218 2662 1438 2724 τούτοις
1497 2663 1592 2736 [αη
1652 2661 1930 2736 ταύταιςὲ]

278 2753 567 2829 ἒντρυφῶν
595 2750 716 2806 ὅσαι
760 2751 920 2826 ὧραι,
952 2751 1082 2806 Θεὸν
1133 2749 1363 2804 καθόσον
1415 2750 1630 2828 ἐφικτὸν
1681 2751 1823 2826 ὁρῶν
1871 2770 1930 2806 τε

267 2843 365 2898 καῖ
427 2841 854 2920 φανταζόμενος,
909 2839 1000 2897 καὶ
1080 2843 1252 2894 πᾶσαν
1312 2835 1629 2915 δυσχέρειαν
1686 2839 1927 2894 ἐντεῦθεν

265 2929 564 3004 ἀποκρουό
572 2947 732 3001 μενος
743 2972 754 2982 .

2039 1948 2214 2020 cogit,
2244 1949 2328 2004 ita
2359 1953 2424 2004 ut
2455 1963 2588 2002 cum
2633 1961 2875 2019 corpore
2904 1945 3096 2002 adhuc
3145 1946 3440 2014 incedens,
3489 1945 3692 2001 eodem

2037 2037 2358 2103 exsolutus,
2391 2035 2831 2107 humanamque
2861 2051 3275 2108 supergressus
3319 2038 3530 2090 sortem
3562 2049 3691 2089 me-

2039 2127 2150 2182 rito
2183 2125 2496 2182 videretur.
2520 2125 2740 2182 Deinde
2771 2126 2912 2181 item
2943 2125 3048 2180 uni
3079 2123 3402 2180 secundum
3427 2125 3682 2179 mentem

2037 2216 2242 2287 agendi
2284 2215 2494 2271 rationi
2524 2213 2806 2284 addictus,
2839 2213 3252 2270 ardentissimo
3283 2211 3476 2269 studio
3498 2213 3682 2268 Deum

2037 2311 2097 2362 et
2135 2305 2326 2362 divina
2362 2303 2873 2375 complectebatur,
2911 2307 2974 2358 ut
3011 2305 3067 2359 in
3099 2302 3198 2358 illo
3229 2301 3418 2374 plane,
3450 2319 3522 2358 ex
3547 2317 3681 2358 sen-

2037 2395 2220 2451 tentia
2267 2393 2425 2450 Pauli
2468 2393 2533 2462 ¹⁸,
2595 2415 2623 2444 ‹‹
2691 2393 2762 2448 Et
2815 2393 3048 2461 viveret,
3110 2396 3170 2448 et
3217 2396 3568 2458 moveretur,
3625 2393 3684 2444 et

2039 2491 2181 2540 esset
2211 2501 2224 2552 ;
2252 2505 2280 2534 »
2305 2487 2361 2539 et
2391 2499 2452 2538 se
2495 2483 2726 2554 quidem
2759 2480 2887 2554 ipso
2939 2481 3168 2553 penitus
3202 2479 3483 2552 neglecto,
3515 2481 3685 2534 unice

2039 2575 2096 2630 in
2129 2572 2356 2629 Christo
2406 2589 2519 2626 non
2579 2570 2778 2626 minus
2825 2571 3140 2638 laetaretur,
3192 2585 3368 2640 quam
3413 2567 3686 2640 spiritum

2045 2663 2236 2732 ipsum
2267 2663 2520 2716 duceret.
2565 2659 2785 2715 mundo
2817 2659 3039 2716 scilicet
3059 2666 3111 2714 et
3145 2659 3456 2715 mundanis
3495 2661 3687 2714 omni-

2040 2751 2142 2806 but
2172 2749 2296 2805 sine
2327 2747 2444 2804 ulla
2483 2747 2819 2820 exceptione
2849 2747 2927 2803 ita
2956 2747 3292 2814 defunctus,
3324 2752 3390 2804 ut
3446 2763 3516 2803 ne
3547 2749 3684 2819 quid

2038 2840 2162 2895 hac
2190 2843 2389 2895 essent
2417 2837 2706 2909 Samplius
2754 2837 2814 2892 in
2855 2836 3191 2892 memoriam
3249 2836 3363 2893 sibi
3423 2853 3688 2894 revocare

2039 2927 2374 2994 sustineret,
2409 2948 2438 2978 «
2469 2925 2871 2982 absconditam
2906 2924 3066 2980 illam
3089 2925 3148 2980 in
3187 2925 3417 2982 Christo
3447 2925 3622 2981 vitam
3657 2945 3686 2974 η

274 3021 602 3078 vivebat“.
635 3019 1147 3077 Christinimirum
1189 3034 1298 3092 ope
1327 3019 1532 3091 gratiis
1562 3019 1773 3076 Christi
1834 3019 2156 3093 perfruens,
2216 3017 2276 3072 in
2327 3017 2526 3088 eisque
2556 3015 2942 3072 suavissimas
2996 3015 3176 3072 animi
3231 3013 3474 3072 delictas
3529 3011 3691 3071 omni

282 3111 570 3184 temporis
599 3122 814 3184 puncto
871 3111 1213 3182 percipiens,
1273 3115 1330 3167 et
1387 3109 1567 3166 Deum
1613 3112 1824 3183 ipsum,
1857 3115 2142 3183 quantum
2203 3112 2449 3180 poterat,
2510 3107 2766 3178 intuens,
2829 3106 3062 3178 sibique
3103 3110 3444 3178 praesentem
3477 3122 3696 3178 propo—

279 3218 456 3267 nens,
479 3206 656 3272 atque
689 3200 796 3256 hoc
823 3201 951 3272 ipso
981 3201 1224 3257 adversa
1257 3217 1323 3256 ac
1354 3199 1596 3256 molesta
1629 3201 1828 3257 omnia
1860 3199 2194 3269 profligans.

346 3289 484 3346 ΜῙΥ⁸
514 3289 578 3344 Εἰ
633 3287 813 3342 τοίνυν
863 3285 925 3342 ἐκ
983 3289 1077 3361 μὶν
1118 3289 1214 3344 τοῦ
1244 3286 1459 3364 σχολὴν
1490 3289 1637 3363 ἄγειν
1698 3288 1773 3350 ὡς
1831 3285 1932 3358 δεῖ,

2118 3286 2288 3342 XLII.
2323 3284 2569 3341 Proinde
2598 3283 2646 3340 ei
2704 3285 2774 3340 de
2826 3284 2915 3357 pie
2972 3283 3357 3356 religioseque
3413 3285 3540 3340 acto
3579 3281 3694 3339 olio

271 3377 519 3448 τοσαύτη
542 3378 625 3440 τίς
659 3376 770 3431 ἐστι
802 3380 936 3432 Θεοῦ
965 3378 1206 3452 κατοχὴ,
1237 3375 1452 3452 σχολήν
1485 3375 1542 3432 δὲ
1587 3376 1686 3432 οὐκ
1741 3374 1929 3438 ἄλλως

273 3461 350 3522 ἔνι
405 3466 680 3540 γενέσθαι,
714 3465 790 3539 μή
840 3465 1052 3520 πάντων
1091 3464 1386 3541 ὑπεροψίας
1440 3463 1708 3536 ὑπούσης,
1757 3485 1934 3520 σπου-

279 3554 482 3612 δαστέα
529 3553 731 3616 παντὸς
783 3553 996 3629 μᾶλλον
1045 3553 1181 3625 αὕτη
1229 3553 1290 3609 ἂν
1341 3553 1426 3625 εὟη
1462 3559 1579 3616 τοῖς
1609 3551 1930 3633 φιλοσοφεῖν

278 3644 652 3720 αἱρουμένοις,
687 3643 838 3719 εἴπερ
884 3645 959 3698 ὧν
1011 3643 1306 3720 βούλονται
1355 3649 1541 3717 τυχεῖν
1583 3642 1754 3706 ὄντως
1803 3642 1933 3718 βού-

277 3733 502 3790 λονται.
544 3732 758 3805 Ταῦτης
806 3735 908 3808 γὰρ
957 3732 1140 3808 ὥσπερ
1185 3730 1456 3808 κρηπῖδος
1502 3731 1538 3802 ἢ
1589 3733 1748 3807 ῥίζης
1799 3731 1934 3787 ὑπο-

276 3831 545 3896 κειμένης
575 3828 675 3890 τῆς
703 3825 811 3876 τῶν
842 3823 1181 3898 πραγμάτων
1207 3819 1376 3892 πέδης
1427 3823 1455 3877 ὁ
1495 3825 1618 3884 νοῦς
1669 3822 1743 3883 ὡς
1791 3820 1933 3881 εἰκὸς

279 3913 533 3975 ἐκλυθείς
598 3912 688 3968 καὶ
757 3909 998 3990 γεγονὼς
1053 3913 1265 3982 ἑαυτοῦ,
1318 3912 1758 3985 ἁναπεμπάζεται
1839 3911 1933 3984 μὲν

282 4005 388 4072 τήν
439 4002 676 4078 πρόσθεν
747 3999 1120 4074 εὐδαιμονίαν,
1178 4000 1269 4055 καὶ
1329 4001 1444 4062 οἷος
1502 3996 1596 4070 ὢν,
1657 4001 1772 4062 οἷος
1832 3997 1938 4074 ἄρα

282 4090 550 4162 κατέστη,
620 4088 1062 4164 ἀναμαχέσασθαι
1155 4085 1214 4144 δὲ
1287 4089 1513 4160 ταυτηνὶ
1594 4091 1694 4160 τὴν
1775 4090 1940 4158 ἧτταν

286 4180 478 4257 ὥσπερ
552 4177 754 4234 ἐθέλων
851 4180 943 4234 καὶ
1044 4180 1178 4254 ὅπερ
1275 4179 1342 4248 ἦν
1428 4181 1761 4255 γεγενῆσθαι,
1848 4180 1940 4233 καί

283 4271 426 4344 πρὸς
482 4269 673 4324 ἑαυτὸν
733 4267 1042 4339 ἐπανήκειν,
1079 4269 1250 4322 πάντα
1301 4273 1450 4323 ποιεῖ
1496 4269 1586 4322 καὶ
1645 4270 1804 4322 πᾶσιν
1857 4267 1942 4326 οἷς

283 4355 460 4429 ἔξεστι
485 4364 716 4433 χρῆται,
746 4355 827 4437 ἐφ’
859 4357 904 4430 ᾧ
933 4361 1031 4412 τοῦ
1065 4357 1160 4430 μὲν
1192 4357 1328 4432 πρὸς
1373 4360 1508 4412 Θεοῦ
1558 4353 1941 4431 φωτισθέντος,

281 4455 390 4516 τῆς
442 4444 502 4502 δὲ
560 4449 749 4521 ψυχῆς
813 4447 1201 4522 καθαρθείσης,
1241 4445 1691 4523 καθαγνισθέντος
1751 4443 1808 4500 δὲ
1853 4443 1944 4499 καὶ

282 4541 390 4592 τοῦ
420 4537 707 4610 σώματος,
737 4533 1018 4611 συνδρομή
1049 4557 1133 4599 τις
1164 4533 1312 4592 ἔσται
1347 4533 1496 4590 δυοῖν
1529 4540 1638 4592 τῶν
1675 4535 1944 4610 ἐσχάτων,

2039 3375 2406 3434 sanctissima
2437 3373 2624 3430 haece
2658 3373 2839 3429 divini
2871 3373 3134 3429 numinis
3181 3373 3528 3430 commercia
3558 3376 3686 3429 exi-

2038 3469 2226 3532 stunt,
2258 3479 2363 3520 nec
2395 3463 2582 3534 parari
2613 3462 2784 3518 aliter
2814 3463 2922 3518 hoc
2953 3463 3158 3531 otium,
3208 3478 3386 3534 quam
3425 3463 3687 3518 omnium

2039 3570 2234 3610 rerum
2267 3553 2656 3608 humanarum
2689 3551 3069 3622 despicientia
3099 3555 3310 3624 potest.
3341 3551 3691 3622 utiqueante

2040 3650 2248 3702 caetera
2278 3644 2336 3701 in
2379 3644 2437 3700 id
2488 3643 2918 3700 studiosissime
2959 3643 3030 3698 iis
3070 3642 3553 3713 incumbendum,
3585 3641 3686 3712 qui

2044 3733 2304 3791 sanctius
2361 3732 2586 3788 vivendi
2645 3733 2952 3789 consilium
3010 3747 3232 3802 cepere,
3273 3733 3323 3788 si
3366 3729 3534 3787 modo
3563 3746 3688 3802 quas

2045 3824 2324 3896 consequi
2367 3824 2632 3894 cupiunt,
2675 3821 2826 3877 bona
2871 3821 2984 3876 fide
3023 3820 3305 3893 cupiunt;
3355 3819 3688 3891 hujusmodi

2043 3914 2199 3970 enim
2229 3913 2368 3982 otio,
2397 3915 2673 3981 tanquam
2705 3910 3086 3966 fundamento
3130 3913 3232 3966 aut
3285 3909 3499 3978 radice,
3557 3909 3696 3964 sub-

2045 4007 2246 4069 strato,
2279 4001 2554 4058 continuo
2579 4015 2772 4056 rerum
2815 4004 3185 4054 externarum
3235 3997 3476 4070 pedicis,
3509 4002 3576 4054 ut
3602 4001 3695 4052 est

2045 4091 2381 4160 verisimile,
2413 4090 2605 4146 soluta
2635 4105 2822 4156 mens,
2847 4088 3071 4159 sibique
3111 4088 3355 4156 reddita,
3389 4085 3691 4160 pristinam

2049 4197 2244 4238 secum
2287 4183 2515 4251 reputat
2551 4177 2992 4246 beatitudinem,
3035 4181 3094 4232 et
3148 4175 3334 4249 qualis
3381 4175 3508 4247 ipsa
3553 4174 3692 4232 olim

2049 4285 2180 4327 cum
2230 4270 2420 4336 fuerit,
2474 4267 2665 4340 qualis
2723 4283 2878 4322 nunc
2935 4266 3206 4323 evaserit.
3239 4265 3424 4330 Quam
3475 4263 3695 4321 sarcire

2052 4360 2298 4427 cladem,
2331 4359 2636 4429 denuoque
2657 4357 2807 4427 quod
2835 4355 3018 4411 fuerat
3037 4355 3179 4425 ﬁeri,
3213 4355 3284 4410 ad
3315 4370 3494 4427 seque
3515 4353 3700 4410 redire

2055 4464 2289 4520 parans,
2321 4445 2465 4502 nihil
2502 4461 2616 4501 non
2651 4444 2910 4509 molitur,
2943 4441 3698 4516 nihilque,quantumlicet,

2056 4539 2417 4606 inexpertum
2450 4533 2707 4600 omittit;
2743 4537 2809 4588 ut
2840 4542 2958 4588 tum
3012 4538 3206 4588 mente
3254 4532 3384 4604 ipsa
3420 4531 3700 4587 divinitus

286 4630 432 4702 πρὸς
476 4627 534 4682 ἓν
577 4628 641 4682 τὸ
671 4631 888 4704 πρῶτον
934 4627 1024 4682 καὶ
1089 4630 1274 4703 τρίτον
1347 4625 1936 4704 μεταστοιχειωθέντων

2057 4625 2411 4692 illuminata,
2444 4633 2564 4680 tum
2595 4623 2832 4695 expiata
2853 4621 3066 4692 anima,
3100 4636 3456 4694 corporaque
3474 4637 3618 4693 puro
3648 4626 3702 4676 et

288 4717 570 4792 ἱκατὲρων
614 4717 751 4791 πρὸς
807 4720 970 4772 τοῦτο
1035 4719 1293 4794 γνωμικῇ
1356 4717 1687 4796 προαιρέσει,
1747 4715 1822 4777 ὡς
1895 4711 1953 4769 ἐκ

290 4810 400 4872 τῆς
483 4803 744 4877 τοιαύτης
827 4804 1148 4882 οῗκονομίας
1243 4807 1334 4861 καὶ
1418 4805 1761 4881 συγκράσεως
1862 4803 1952 4858 καὶ

293 4893 519 4970 προσέτ’
603 4892 858 4957 ἆκλινοῦς
941 4915 1000 4950 τε
1078 4895 1169 4950 καὶ
1251 4893 1550 4957 παντελοῦς
1634 4892 1952 4968 ἆπροσεξίας

292 4991 408 5041 τῶν
441 4983 614 5054 κάτω,
645 4983 700 5038 ’ὲν
732 4983 799 5039 τὰ
842 4983 965 5059 τρία
1015 4981 1364 5062 γεγενημένα,
1397 4988 1478 5056 τῷ
1541 4980 1821 5058 μοναδικῷ
1862 4981 1952 5036 καὶ

292 5071 580 5149 τρισηλίῳ
619 5075 888 5148 συνῆφθαῖ
925 5078 1061 5145 Θεῷ.
1097 5073 1255 5130 Οὕτω
1304 5070 1361 5128 δὲ
1408 5072 1473 5128 οὐ
1522 5072 1776 5148 σαρκικὸς
1831 5068 1954 5126 οὐδὲ

297 5163 564 5236 ψυχικὸς,
597 5160 745 5218 ἀλλὰ
803 5163 1164 5236 πνευματικὸς
1210 5160 1341 5224 ὅλος
1389 5161 1416 5216 ὁ
1461 5159 1741 5235 ἅνθρωπος
1790 5179 1950 5237 γεγο-

296 5253 433 5322 νὼς,
463 5251 556 5306 καὶ
597 5252 662 5307 τὸ
708 5250 762 5307 ἐν
810 5252 960 5324 αὗτῷ
989 5253 1128 5307 θεῖον
1162 5251 1377 5328 ἀνάγων
1407 5249 1464 5306 εὖ
1499 5249 1648 5324 μάλα
1695 5251 1832 5324 πρὸς
1887 5249 1950 5304 τὸ

297 5339 657 5416 πρωτόγονον
719 5340 862 5395 θεῖον
906 5339 1042 5394 κατᾶ
1095 5339 1187 5394 τὸν
1245 5338 1296 5412 ἐξ
1333 5338 1613 5414 Αἰγύπτου
1643 5337 1950 5405 Πλωτῖνον,

297 5431 487 5506 χαίρει
539 5431 636 5504 μὲν
689 5430 764 5492 ὡς
815 5431 984 5502 εἷ’κὸς,
1017 5431 1104 5494 οἷς
1133 5429 1252 5485 ὅθεν
1296 5429 1358 5484 οὐ
1410 5427 1596 5492 καλῶς
1642 5424 1950 5499 ἐκϐεϐήκει,

298 5519 533 5576 ἐνταῦθα
583 5518 771 5584 καλῶς
816 5517 1097 5592 ἐπανήκει,
1134 5520 1412 5596 γνωρίζων
1469 5540 1528 5576 τε
1591 5521 1692 5590 τὴν
1747 5517 1949 5586 οἰκείαν

381 5702 429 5744 ⁸⁸
459 5705 586 5761 Act.
629 5719 770 5776 xvn,
787 5703 880 5762 28.
959 5702 1008 5744 ¹⁴
1029 5701 1250 5776 Coloss,
1288 5719 1374 5772 ιιι,
1403 5701 1460 5764 3.

2063 4718 2222 4770 casto
2253 4713 2502 4780 reddito,
2533 4712 2647 4768 duo
2679 4719 2935 4768 extrema
2985 4709 3094 4766 hoc
3159 4714 3328 4784 pacto
3395 4707 3453 4764 in
3493 4722 3696 4774 unum,

2063 4803 2218 4876 quod
2262 4803 2520 4874 primum
2568 4801 2838 4873 idemque
2893 4799 3130 4856 tertium
3189 4803 3303 4866 est,
3333 4796 3701 4862 conveniant,

2065 4893 2475 4948 transformata
2506 4889 2788 4946 nimirum
2819 4889 2878 4944 in
2915 4888 3058 4945 illud
3101 4903 3308 4956 unum,
3342 4902 3440 4958 per
3477 4886 3704 4940 firmam

2057 4981 2234 5038 animi
2268 4980 2664 5037 inductionem
2695 4985 2940 5052 utroque
2968 4983 3381 5044 extremorum,
3420 4975 3504 5032 ita
3534 4978 3597 5029 ut
3635 4989 3705 5028 ex

2061 5069 2464 5142 hujuscemodi
2498 5068 2826 5124 meonomia
2855 5084 2921 5124 ac
2953 5065 3386 5138 temperatione,
3436 5065 3705 5120 immota-

2062 5175 2173 5232 que
2194 5166 2470 5230 prmterea
2499 5162 2556 5213 et
2587 5159 2838 5231 perfecta
2874 5171 3068 5212 rerum
3108 5154 3468 5211 terrestrium
3519 5149 3708 5222 negli-

2059 5249 2272 5318 gentia,
2303 5247 2418 5303 tria
2445 5245 2546 5304 illa
2567 5263 2750 5302 unum
2783 5246 2952 5313 facta,
2981 5243 3150 5300 unico
3181 5247 3238 5300 et
3256 5259 3325 5298 ex
3353 5241 3531 5297 ternis
3551 5238 3710 5296 velut

2056 5336 2276 5393 solibus
2305 5335 2536 5406 coalito,
2572 5341 2680 5391 Deo
2711 5335 3162 5405 conjungantur.
3197 5331 3312 5387 Hoc
3334 5329 3512 5402 igitur
3535 5327 3703 5384 modo

2057 5443 2172 5484 non
2196 5425 2468 5492 carnalis,
2518 5442 2632 5481 non
2672 5423 2971 5493 animalis,
3003 5438 3205 5479 verum
3237 5419 3396 5476 omni
3427 5435 3497 5475 ex
3544 5423 3708 5490 parte

2057 5515 2385 5590 epiritualis
2415 5515 2591 5572 homo
2627 5513 2833 5581 factus,
2863 5521 2920 5570 et
2950 5533 2976 5565 α
3013 5511 3167 5584 quod
3193 5509 3255 5565 in
3291 5510 3415 5582 ipso
3447 5507 3710 5564 divinum
