4118 6214
440 369 559 453 259
1747 373 2144 456 THEODULI
2190 369 2550 454 MONACHI
3728 383 3852 456 260

441 535 532 586 est
559 531 631 586 ad
661 529 1064 602 primigeniam
1097 529 1457 587 divinitatem
1491 531 1723 604 penitus
1764 531 2032 587 evehens.
2055 551 2086 580 »

2199 528 2488 606 εὐγένειαν,
2519 531 2610 584 καὶ
2657 530 2688 584 ὃ
2735 529 2959 608 πέφυκε,
3011 527 3195 605 χαίρει
3245 523 3302 583 δὲ
3351 531 3440 583 καὶ
3487 535 3570 591 οἷς
3630 529 3843 605 χαίρειν

443 636 511 674 ex
540 620 824 676 sententia
872 617 1079 675 Plotini
1135 619 1464 692 philosophi
1523 622 1767 694 Egyptii
1799 621 1896 692 (1),
1921 619 2078 676 haud

2197 617 2370 697 ἔσχεν,
2437 620 2518 700 ἐφ’
2586 623 2668 684 οἷς
2745 622 2960 695 χαίρειν
3037 617 3182 696 ἔχων
3267 622 3590 694 τοπρόσθεν,
3677 615 3848 675 ἔπειτ’

443 711 544 764 abs
575 725 634 763 re
658 723 796 763 sane
825 724 892 763 eo
945 709 1181 764 nomine
1225 709 1476 778 laetatur,
1529 711 1684 782 quod
1717 713 1870 766 unde
1926 709 2080 766 male

2197 709 2376 785 ὶλγιῖν
2429 705 2497 766 δι’
2546 711 2619 764 ὧν
2669 709 3062 784 ἠγνωμόνησεν
3110 703 3258 783 ἔσχε.
3295 707 3394 763 Καὶ
3421 713 3592 765 ταῦτα
3641 709 3738 782 μὲν
3787 709 3846 771 ἐς

441 804 782 864 excesserat,
813 796 954 853 illuc
987 803 1136 854 recte
1157 799 1326 868 redit,
1359 815 1473 855 sua;
1513 815 1722 872 nempe
1761 799 2082 855 nobilitatis
2189 803 2476 858 τοσοῦτον.

439 885 550 940 sibi
566 887 689 956 jam
730 887 1015 958 conscius,
1049 889 1258 960 quidve
1287 906 1321 946 a
1351 895 1558 945 natura
1591 895 1822 946 creatus
1863 889 1959 958 sit,
1991 897 2112 946 tum
2165 907 2297 948 vero
2327 893 2464 949 item
2497 891 2711 966 gaudet
2729 891 2832 962 (2),
2861 905 2998 948 vera
3027 891 3165 948 inde
3193 891 3409 964 gaudia
3437 906 3568 949 sese
3587 890 3838 964 cepisse,

441 975 595 1044 quod
627 975 788 1046 queis
817 976 974 1047 prius
1003 977 1254 1033 inaniter
1281 977 1606 1046 laetabatur,
1641 981 1843 1036 eadem
1879 979 2249 1051 postmodum
2283 985 2347 1036 ut
2375 979 2710 1038 inconsulte
2754 980 3134 1054 improbeque
3177 985 3308 1037 acta
3355 982 3610 1054 graviter
3641 981 3842 1037 dolere

441 1063 698 1136 coeperit.
729 1067 917 1137 Atque
949 1065 1069 1122 hac
1101 1067 1412 1124 hactenus.

519 1153 710 1210 XLIII.
763 1153 1270 1212 Verume‘nimvero
1302 1157 1492 1214 denuo
1523 1159 1592 1213 ad
1627 1157 1908 1231 religiosa
1938 1159 2086 1231 quie-

444 1244 515 1298 tis
545 1245 1160 1301 commemorationem
1189 1262 1380 1302 sermo
1422 1247 1566 1302 mihi
1602 1246 1942 1316 ﬂectendus,
1973 1248 2087 1304 illi-

442 1349 554 1404 que
585 1348 690 1388 sua
719 1333 1070 1390 vindicanda
1109 1335 1364 1406 dignitas
1393 1341 1500 1402 est,
1553 1353 1670 1408 qua
1717 1353 1944 1392 summo
2001 1337 2086 1393 vir

446 1424 731 1479 maximus
763 1439 934 1494 Opere
965 1425 1184 1488 fruens,
1227 1425 1479 1482 maxime
1509 1426 1630 1482 haec
1663 1425 1779 1483 duo
1809 1427 1868 1482 in
1903 1429 2085 1498 pretio

443 1511 712 1580 habebat,
735 1510 964 1584 illisque
987 1513 1363 1584 potissimum
1385 1513 1654 1571 studebat
1683 1531 1697 1570 :
1717 1513 1938 1572 scilicet
1957 1519 2084 1571 tum

443 1616 738 1655 sacrorum
774 1618 839 1656 ac
862 1601 1140 1657 divinitus
1171 1602 1582 1674 inspiratorum
1613 1605 1975 1661 voluminum
2003 1604 2084 1661 le-

443 1690 620 1746 ctioni
667 1691 945 1746 acerrimo
1002 1691 1196 1747 studio
1255 1709 1380 1748 sese
1463 1691 1660 1762 dabat,
1707 1693 2086 1768 indidemque

443 1780 728 1851 quidquid
760 1780 1114 1853 praecipuum
1146 1789 1266 1838 erat
1297 1781 1356 1838 in
1377 1783 1666 1840 sanctiore
1686 1785 1865 1841 animi
1883 1787 2084 1844 aerario

443 1873 703 1925 coactum
732 1871 1148 1970 conditumque
1203 1873 1474 1943 habebat,
1506 1875 1588 1929 ita
1635 1875 1802 1974 ut.in
1847 1875 2082 1947 proclivi
2114 1912 2162 1977 Β

444 1958 552 2028 ipsi
575 1966 725 2014 esset
757 1959 968 2032 partim
1001 1961 1197 2017 divina
1228 1963 1502 2033 mysteria
1548 1963 1905 2036 anquisitius
1933 1983 2086 2022 enu-

445 2047 807 2120 cleatiusque
828 2053 1092 2111 tractare,
1119 2057 1176 2107 et
1196 2058 1480 2124 quantum
1505 2052 1727 2109 mortali
1748 2053 1950 2110 datum
1973 2061 2086 2124 est,

445 2137 505 2191 in
555 2137 875 2194 altissimas
933 2141 1055 2209 ejus
1097 2141 1326 2210 generis
1367 2143 1875 2214 contemplatione,
1909 2161 2086 2217 pene-

443 2231 615 2292 trare,
651 2228 858 2297 partim
891 2229 1062 2284 etiam
1087 2227 1157 2284 iis
1192 2231 1288 2299 qui
1323 2229 1830 2301 pestilentissimas
1867 2234 2084 2305 Opinio-

441 2331 544 2370 nes
567 2316 951 2371 disseminare
971 2319 1282 2389 audebant,
1307 2319 1679 2393 divinumque
1703 2328 1971 2378 naturam
1988 2339 2086 2379 ore

440 2403 722 2476 sacrilego
763 2403 1118 2475 lacerabant,
1170 2425 1232 2462 os
1275 2409 1508 2479 penitus
1551 2410 1853 2466 occludere
1900 2414 2083 2484 pudo-

443 2510 682 2565 remque
711 2494 989 2562 incutere,
1021 2503 1076 2552 et
1105 2513 1302 2554 eorum
1331 2499 1603 2571 dogmata
1622 2517 1932 2571 germanas
1973 2519 2082 2559 nu-

445 2599 544 2652 gas
575 2598 702 2640 esse
734 2585 1097 2643 convincere.
1127 2585 1274 2642 Tum
1301 2603 1434 2644 vero
1465 2593 1736 2660 praeterea
1764 2599 1971 2647 cuncta
2001 2609 2085 2648 re-

433 2673 774 2744 ligiosorum
806 2675 1215 2732 exercitiorum
1236 2693 1450 2748 genere.
1471 2677 1624 2736 velut
1649 2695 1830 2733 unum
1853 2680 2086 2752 aliquod

446 2763 666 2830 obibat,
697 2765 955 2836 adeoque
979 2767 1230 2837 perfecte
1269 2785 1470 2825 eorum
1504 2772 1825 2842 quodlibet,
1850 2778 1914 2826 ut
1959 2773 2090 2844 ejus

449 2851 622 2907 unius
649 2852 924 2910 rationem
987 2854 1200 2912 habere
1255 2859 1576 2916 videretur:
1610 2861 1824 2934 quippe
1853 2861 1962 2916 hos
1993 2877 2090 2917 se—

447 2943 705 2995 cundum
738 2941 911 2997 Deum
942 2944 1187 3001 sudores
1217 2962 1320 3016 pro
1352 2949 1594 3020 pignore
1633 2951 1795 3022 regni
1823 2949 2090 3010 .caalestis

447 3031 690 3101 ducens,
720 3031 894 3086 simul
926 3034 1066 3089 item
1097 3035 1392 3093 insidiosa:
1423 3039 1615 3094 carnis
1665 3056 1904 3097 sensum
1955 3057 2087 3110 pas-

445 3117 711 3174 sionibus
741 3121 865 3176 suis
894 3125 1236 3179 aestuantem
1270 3125 1673 3196 comprimere,
1699 3137 1896 3184 contra
1926 3145 2087 3184 vero-

446 3223 681 3263 sensum
713 3209 959 3278 spiritus
990 3211 1252 3269 attollere
1275 3215 1542 3284 studens,
1573 3233 1758 3288 usque
1781 3217 1924 3272 adeo
1947 3217 2006 3272 in
2026 3234 2086 3272 re

444 3295 554 3350 sibi
584 3298 998 3355 connitendum
1033 3303 1343 3372 statuebat,
1377 3309 1440 3360 ut
1490 3305 1828 3376 hujusmodi
1858 3305 2085 3364 labores

444 3401 546 3455 pro
577 3387 759 3442 otiosa
788 3388 1150 3461 remissione,
1182 3392 1554 3464 praemiisque
1601 3391 1866 3450 laborum
1900 3395 2086 3452 verios

443 3490 619 3545 quam
639 3474 958 3546 laboribus,
1018 3477 1277 3536 haberet.
1315 3484 1495 3538 :satis
1541 3483 1811 3539 videlicet
1865 3499 2086 3555 gnarus

443 3579 718 3633 quorsum
747 3565 832 3620 illi
865 3567 1100 3634 ducant,
1135 3573 1259 3624 tum
1318 3587 1445 3642 quas
1503 3587 1568 3626 ac
1599 3573 1791 3643 qualia
1849 3588 1918 3628 ex
1965 3589 2087 3630 sese

439 3653 614 3708 edant
643 3653 814 3712 bona.
847 3655 929 3711 Ita
958 3673 1098 3712 sane
1130 3674 1246 3714 non
1277 3659 1538 3717 laborare
1563 3667 1756 3718 noster
1785 3663 2086 3731 duntaxat,

442 3743 543 3797 sed
577 3747 633 3799 et
660 3743 720 3798 in
747 3745 820 3800 iis
862 3746 1112 3803 maxime
1149 3746 1433 3820 laborare,
1473 3751 1532 3806 in
1581 3751 1796 3822 quibus
1837 3752 2088 3807 maxime

441 3839 681 3903 Oportet,
717 3843 901 3889 norat.
936 3836 1193 3893 Callebat
1220 3840 1376 3896 enim
1407 3839 1502 3895 ille
1551 3841 1782 3908 eximie,
1823 3857 1927 3896 nec
1968 3842 2087 3898 scio

445 3937 514 3975 an
544 3938 705 3992 aeque
758 3923 910 3978 alius
948 3927 1275 3996 quisquam,
1313 3937 1500 3986 motus
1539 3931 1745 3996 animi,
1780 3931 2090 4000 cordisque

443 4011 841 4080 cogitationes,
865 4017 922 4068 et
951 4031 1077 4084 quae
1109 4015 1237 4086 ipsa
1267 4033 1336 4072 ex
1367 4034 1428 4073 se
1462 4034 1626 4074 mens
1655 4019 1876 4090 profert
1914 4035 2088 4075 accu-

444 4103 565 4154 rate
593 4101 944 4170 examinare,
978 4109 1036 4158 et
1066 4105 1550 4176 animadvertere,
1595 4112 1909 4179 exactaque
1940 4125 2087 4180 qua-

443 4187 576 4242 dam
611 4190 831 4245 trutina
860 4189 1195 4262 dijudicare,
1254 4199 1320 4250 ut
1361 4195 1475 4251 alia
1529 4197 1736 4252 horum
1796 4197 2088 4268 probaret,

449 4280 560 4332 alia
593 4295 704 4332 non
738 4279 896 4334 item.
943 4280 1156 4336 Adhaac
1211 4283 1486 4339 adversus
1530 4283 1664 4340 mali
1712 4285 1848 4340 item
1875 4285 2092 4355 vejovis

2265 1161 2394 1216 Ml".
2428 1159 2788 1218 Ἐπανακτὲον
2821 1155 2878 1213 δὲ
2910 1179 3004 1232 μοι
3041 1158 3134 1214 τὸν
3183 1157 3351 1235 λόγον
3399 1157 3550 1220 αὖθις
3599 1156 3686 1214 ἐπὶ
3738 1161 3841 1228 τήν

2193 1247 2451 1322 ἡσυχίαν,
2511 1247 2602 1302 καὶ
2683 1247 2750 1302 τὰ
2832 1241 3092 1322 πρεσϐεῖα
3175 1243 3476 1324 φυλακτέον
3535 1247 3714 1320 uarii“
3773 1249 3842 1316 ἧς

2193 1343 2464 1412 κατάκρας
2534 1334 2828 1392 ἀπολαύων
2893 1338 2920 1390 ὁ
2993 1331 3182 1412 μέγας,
3239 1335 3405 1414 ἄμφω
3478 1339 3644 1390 ταῦτα
3715 1336 3844 1411 περὶ

2194 1427 2391 1488 παντὸς
2456 1427 2718 1496 ἐποιεῖτο,
2771 1427 2859 1481 καὶ
2937 1424 3156 1487 τούτοις
3221 1430 3485 1501 προσεῖχε
3545 1425 3636 1479 τὸν
3693 1428 3844 1486 νοῦν,

2192 1521 2272 1586 τῷ
2327 1537 2385 1571 τε
2439 1517 2533 1578 τᾶς
2589 1517 2736 1590 ἱερὰς
2809 1515 2900 1570 καὶ
2983 1513 3376 1580 θεοπνεύστους
3453 1519 3564 1570 τῶν
3631 1511 3846 1588 βίϐλων

2194 1604 2473 1679 ἐπιμελῶς
2560 1603 2786 1672 ἐπιέναι,
2851 1604 3125 1660 κάντεῦθεν
3197 1608 3300 1658 πᾶν
3387 1603 3472 1660 ὅτι
3555 1603 3842 1678 κράτιστον

2191 1699 2306 1756 τοῖς
2336 1701 2434 1764 τῆς
2467 1691 2706 1757 διανοίας
2757 1695 3051 1766 θησαυροῖς
3111 1688 3401 1768 συνηχέναι
3452 1693 3530 1754 ὡς
3577 1691 3639 1750 ἂν
3690 1693 3844 1766 ῥᾷστ’

2193 1778 2322 1859 ἔχῃ,
2351 1788 2512 1838 τοῦτο
2574 1785 2670 1856 μὲν
2727 1783 2794 1837 τὰ
2849 1785 2966 1837 θεῖα
3019 1783 3460 1857 περιεργάζεσθαι
3519 1781 3840 1858 πράγματα,

2192 1873 2280 1928 καὶ
2335 1875 2576 1947 θεωριῶν
2629 1873 2753 1928 ὅσον
2800 1869 2996 1943 ἔξεστιν
3049 1874 3309 1928 ἅπτεσθαι
3361 1876 3470 1928 τῶν
3529 1872 3840 1947 μεγίστωνο

2190 1955 2350 2018 τοῦτο
2400 1961 2457 2018 δὲ
2503 1961 2629 2024 τοὺς
2673 1961 2959 2036 τολμητὰς
3005 1966 3111 2016 τῶν
3159 1961 3429 2017 κακίστων
3459 1963 3551 2016 καὶ
3583 1957 3840 2036 ὑϐριστας

2189 2060 2288 2122 τῆς
2313 2053 2571 2122 θεότητος
2604 2049 2975 2124 ἐπιστομίζειν
3006 2050 3063 2105 εὖ
3097 2049 3250 2123 μάλα
3295 2050 3387 2106 καὶ
3435 2050 3838 2126 καταισχύνειν,

2189 2143 2280 2196 καὶ
2337 2141 2654 2220 φληνάφους
2707 2141 2950 2215 ἀτεχνῶς
2997 2139 3257 2194 τάκείνων
3305 2137 3611 2195 δεικνύναι·
3651 2145 3730 2210 τῷ
3781 2160 3842 2194 τε

2190 2237 2294 2287 πᾶν
2355 2229 2498 2292 εἶδος
2557 2231 2836 2300 ἀσκήσεως
2897 2231 2972 2292 ὡς
3022 2228 3078 2283 ἓν
3125 2231 3383 2302 μετιέναι,
3415 2229 3505 2283 καὶ
3537 2227 3709 2290 οὕτως
3761 2228 3840 2290 εἰς

2192 2323 2354 2394 ἄκρον
2424 2317 2673 2391 ἕκαστον,
2747 2320 2820 2380 ὡς
2903 2319 3070 2390 μόνου
3137 2319 3338 2374 τούτου
3415 2316 3592 2374 δοκεῖν
3674 2317 3840 2393 λόγον

2191 2411 2484 2465 ποιεῖσθαι.
2533 2416 2639 2478 Τῆς
2685 2409 2786 2483 γὰρ
2844 2412 2950 2461 τῶν
3014 2408 3259 2482 οὐρανῶν
3327 2407 3607 2479 βασιλείας
3655 2405 3842 2482 ὥσπερ

2191 2500 2317 2562 τοὺς
2369 2500 2504 2555 κατὰ
2551 2496 2682 2552 Θεὸν
2741 2495 2976 2568 ἱδρῶτας
3009 2496 3263 2571 ἐνέχυρον
3321 2497 3544 2572 κρίνων,
3581 2498 3667 2550 καὶ
3725 2499 3842 2570 ἅμα

2190 2592 2252 2644 τὸ
2309 2591 2406 2657 τῆς
2465 2583 2762 2642 ἐπιϐούλου
2821 2586 3016 2660 σαρκὸς
3077 2583 3313 2657 ἐμπαθὲς
3359 2585 3616 2658 φρόνημα
3670 2605 3838 2639 κατα-

2195 2675 2440 2734 στέλλειν
2495 2676 2714 2743 ἐθὲλων,
2771 2675 2861 2728 καὶ
2917 2675 2981 2728 τὸ
3046 2677 3143 2727 τοῦ
3217 2675 3520 2746 πνεύματος
3579 2675 3839 2746 ἀνυψοῦν,

2192 2771 2421 2822 τοσοῦτο
2476 2770 2661 2820 πονεῖν
2719 2763 2856 2836 ᾤετο
2915 2759 3047 2827 δεῖν,
3097 2763 3170 2824 ὡς
3228 2765 3315 2815 καὶ
3375 2763 3656 2836 ῥᾳστώνην
3709 2761 3834 2823 τοὺς

2194 2857 2480 2916 τοιούτους
2557 2855 2755 2914 πόνους
2833 2853 3106 2928 ⁴ἡγεῖσθαι,
3163 2855 3252 2905 καί
3325 2849 3463 2905 ἆθλα
3522 2850 3736 2924 μᾶλλον
3798 2853 3833 2922 ἢ

2196 2945 2420 3014 πόνους,
2452 2941 2610 3004 εἰδὼς
2659 2943 2716 2996 οἷ
2756 2943 2977 3019 φέρουσι
3024 2941 3115 2994 καὶ
3163 2939 3306 2994 ὅσων
3335 2941 3425 2994 καὶ
3457 2939 3587 2994 θ’ίων
3621 2941 3833 3010 ἀγαθῶν

2197 3035 2358 3090 αἶ’τιοι
2417 3034 2768 3088 καθεστᾶσιν·
2829 3029 2999 3091 οὕτως
3055 3028 3116 3084 οὐ
3197 3030 3360 3102 μόνον
3435 3027 3557 3104 ᾔδει
3628 3035 3838 3098 πονεῖν,

2195 3123 2341 3178 ἀλλᾶ
2369 3123 2458 3176 καὶ
2489 3121 2571 3200 ἐφ’
2603 3123 2684 3183 οἷς
2721 3119 2954 3192 μάλιστα
2984 3121 3118 3192 χρὴ,
3155 3116 3393 3191 μάλιστα
3429 3123 3590 3175 τοῦτο
3643 3125 3839 3192 ποιεῖν,

2198 3213 2384 3274 Δεινὸς
2413 3213 2516 3286 γὰρ
2546 3209 2611 3279 ἦν
2646 3210 2718 3270 ὡς
2750 3209 2849 3263 οὐκ
2879 3209 2934 3262 οἷ
2963 3205 3008 3262 δ’
3039 3207 3171 3269 εἴτις
3200 3209 3267 3262 τὰ
3313 3209 3409 3282 μὲν
3455 3215 3556 3277 τῆς
3595 3207 3838 3270 διανοίας

2193 3302 2487 3372 κινήματα,
2561 3297 2652 3352 καὶ
2729 3296 3028 3372 λογισμοὺς
3121 3303 3225 3365 τῆς
3308 3293 3559 3372 καρδίας,
3633 3297 3721 3352 καὶ
3807 3297 3842 3351 ἆ

2195 3388 2517 3465 προίσχεται
2575 3391 2722 3456 νοῦς,
2771 3381 3015 3460 ἀκριϐῶς
3073 3383 3312 3454 ἐξετάσαι
3355 3385 3446 3440 καὶ
3505 3393 3836 3456 κατανοῆσαι

2195 3479 2284 3533 καὶ
2343 3477 2554 3534 δικάσαι
2607 3478 2675 3531 τὰ
2731 3474 3027 3550 πρέποντα,
3060 3475 3134 3535 ὡς
3190 3479 3305 3536 τοῖς
3363 3473 3684 3546 μὲνθέσθαι,
3717 3481 3838 3538 τοῖς

2197 3567 2253 3624 δὲ
2313 3570 2430 3642 μήν
2488 3567 2624 3640 πρὸς
2683 3563 2740 3620 δὲ
2795 3565 2889 3626 τὰς
2951 3567 3049 3618 τοῦ
3116 3567 3358 3638 πονηροῦ
3414 3562 3693 3636 μεθοδείας
3743 3566 3834 3620 καὶ

2193 3657 2369 3735 πάγας
2442 3657 2530 3712 καὶ
2602 3657 2822 3733 τέχνας,
2877 3652 3049 3714 οὕτως
3133 3649 3440 3724 εύμεθόδως
3526 3651 3657 3730 ἄγαν
3740 3655 3833 3709 καὶ

2196 3745 2381 3818 δεξιῶς
2467 3744 2810 3800 ἀνθίστασθαι
2896 3739 3174 3806 δύνασθαι,
3231 3742 3304 3804 ὡς
3381 3743 3468 3796 καὶ
3526 3742 3662 3796 κατὰ
3731 3751 3836 3813 τῆς

2197 3840 2365 3894 αὐτοῦ
2438 3834 2705 3914 κεφαλῆς,
2762 3831 2819 3888 εὖ
2879 3832 3026 3905 μάλα
3095 3831 3249 3886 ταυτὶ
3333 3831 3689 3906 περιτρίπειν,
3749 3837 3844 3888 καὶ

2194 3923 2433 3998 τομηδεν
2491 3924 2642 3980 ταῦτ’
2692 3921 3027 3993 ἀποφαίνειν,
3087 3915 3530 3994 προσϐάλλοντος
3615 3923 3708 3993 μὲν
3783 3921 3844 3977 ἐκ

2199 4015 2384 4088 δεξιῶν
2431 4015 2530 4082 τήν
2582 4013 2788 4087 ἀρχὴν,
2828 4011 2916 4064 καὶ
2966 4011 3040 4064 ὧν
3084 4007 3242 4072 αὐτὸς
3276 4007 3482 4076 εἴωθεν,
3519 4010 3593 4072 εἰς
3625 4010 3844 4084 ἄριστε-

2201 4105 2444 4180 ρωτάτας
2477 4100 2534 4156 δὲ
2569 4102 2636 4156 τὰ
2673 4100 2957 4155 τελευταῖα
3007 4102 3346 4172 χωροῦντος,
3376 4099 3468 4152 καὶ
3527 4100 3627 4166 τήν
3683 4103 3846 4173 ἡμῶν

2200 4193 2452 4264 ἐξώλειαν
2503 4189 2572 4244 δι’
2605 4187 2808 4259 ἡδονῆς
2851 4185 3289 4248 ἐπισπεύδοντος.
3319 4192 3408 4259 Τῷ
3455 4187 3562 4262 γὰρ
3589 4206 3602 4218 ⁸
3637 4185 3850 4262 δηλείῳ

2203 4280 2464 4355 [ὃελητίῳ
2491 4288 2588 4336 aut
2629 4282 2816 4352 potius
2866 4275 2933 4346 δὴ
2984 4276 3138 4350 λείῳ]
3188 4278 3418 4346 ταυτησὶ
3465 4276 3784 4353 φενακίζων,
3817 4279 3852 4332 ἂ

445 4367 911 4424 machinamenta
975 4373 1031 4422 et
1082 4369 1321 4440 laqueos
1379 4377 1435 4426 et
1491 4378 1646 4427 artes
1719 4373 1800 4429 ita
1848 4375 2086 4430 scienter

2207 4373 2300 4446 μὲν
2361 4371 2574 4447 φεύγειν
2631 4369 2836 4444 ζέχρῆν,
2889 4370 3056 4422 ταῦτα
3115 4365 3287 4422 πείθει
3347 4363 3591 4439 διώκειν,
3653 4369 3740 4429 οἷς
3792 4365 3850 4422 δὲ

445 4474 682 4528 prorsus
713 4474 778 4513 ac
807 4459 1002 4514 dextre
1032 4475 1332 4515 occurrere
1365 4463 1699 4532 promptum
1733 4459 2004 4530 habebat,
2029 4467 2086 4518 ut

2203 4463 2274 4522 ὡς
2336 4459 2640 4535 βελτίστοις
2697 4457 2788 4511 καὶ
2847 4455 3316 4518 λυσιτελεστάτοις
3365 4453 3457 4510 τὸν
3489 4459 3610 4510 νοῦν
3639 4458 3851 4532 προσε-

443 4548 646 4602 earlem
679 4545 802 4616 ipsa
830 4549 888 4602 in
919 4553 1096 4618 caput
1125 4547 1282 4602 illius
1340 4549 1666 4605 rectissime
1712 4556 2086 4622 retorqueret,

2202 4571 2342 4628 χειν,
2375 4554 2544 4604 ταῦτα
2572 4547 2819 4622 πορθμὸν
2855 4543 3107 4608 Σικελίας
3140 4547 3414 4620 ἡγεῖσθαι.

445 4639 500 4690 in
536 4635 901 4708 nihilumque
930 4639 1129 4693 omnia
1185 4637 1489 4710 redigeret,
1524 4641 1624 4710 qui
1685 4631 1970 4712 principio
2019 4642 2253 4713 quidem
2313 4659 2347 4698 a
2395 4643 2617 4709 dextra,
2667 4639 2962 4710 auctisque
3018 4637 3132 4693 sibi
3190 4639 3386 4702 rebus,
3417 4636 3714 4692 hominem
3747 4653 3848 4708 ag-

444 4728 719 4798 greditur,
749 4733 1039 4797 postremo
1069 4745 1203 4784 vero
1243 4731 1311 4784 ad
1367 4727 1606 4785 ultimas
1644 4729 1801 4786 laevae
1861 4736 2053 4802 partes
2107 4732 2424 4798 contendit,
2475 4737 2534 4788 et
2589 4746 2692 4803 per
2735 4729 3060 4800 voluptates
3120 4728 3362 4783 exitium
3421 4727 3589 4782 nobis
3633 4727 3852 4783 accele-

445 4821 534 4872 rat
564 4833 579 4872 :
619 4819 893 4872 nimirum
925 4817 1146 4873 lubrico
1179 4817 1542 4890 voluptatum
1573 4817 1780 4876 laevore
1809 4822 2153 4878 mortalibus
2185 4822 2523 4894 imponen,
2559 4838 2689 4893 quae
2717 4820 2916 4892 fugere
2935 4817 3239 4890 oportebat
3271 4816 3690 4888 persequendi;
3725 4833 3854 4872 rur-

447 4925 547 4964 sus
567 4925 693 4980 qute
718 4913 781 4962 ut
809 4908 1028 4978 optima
1057 4925 1124 4964 ac
1154 4907 1544 4965 saluberrima
1599 4915 1869 4967 contento
1919 4910 2114 4967 studio
2155 4911 2594 4984 complectenda
2623 4915 2813 4978 erant,
2866 4925 2936 4966 ea
2965 4925 3068 4980 pro
3119 4909 3270 4964 freto
3337 4905 3532 4963 Sicqu
3563 4907 3848 4976 habendi,

445 5005 644 5055 auctor
665 4997 782 5054 illis
812 5014 933 5054 esse
964 4999 1128 5056 solet.

516 5089 702 5146 XLIV.
733 5089 856 5145 Jam
889 5105 1059 5160 porro
1083 5089 1138 5144 id
1168 5089 1426 5146 studiose
1469 5107 1704 5162 operam
1739 5091 1936 5164 ipsum
1988 5092 2086 5148 de-

2267 5099 2393 5148 ΜΝ⁸
2428 5093 2565 5166 Τὸγε
2598 5093 2706 5165 μὴν
2736 5087 3201 5162 συντετριμμένην
3237 5086 3328 5142 καὶ
3373 5083 3844 5158 τεταπεινωμένην

447 5181 620 5246 disse,
655 5185 855 5250 utpraa
887 5179 1159 5235 omnibus
1205 5183 1378 5235 corde
1433 5181 1681 5236 contrito
1737 5198 1802 5237 ac
1851 5183 2087 5251 humili,

451 5271 748 5342 multaque
778 5270 1066 5325 modestia
1095 5285 1162 5326 ac
1216 5270 1610 5328 submissione
1664 5272 1873 5329 referto
1917 5279 2092 5344 esset,

517 5527 595 5604 (ᾖ)
628 5525 905 5604 ξιοορίηνιυ.
942 5528 1070 5604 Δνίιςι
1098 5525 1412 5604 Ριοιίηἱηρ.
1445 5533 1515 5600 2;
1539 5531 1738 5604 Synes,
1769 5549 1858 5604 ep.
1892 5533 2015 5592 139.

517 5599 598 5669 (2)
631 5599 763 5654 Post
807 5600 1004 5668 gaudet
1032 5599 1178 5677 lege,
1211 5618 1271 5658 eo
1310 5599 1494 5677 denuo
1539 5599 1652 5660 sése
1704 5599 1943 5677 gaudere
1971 5623 2087 5662 car:-

450 5673 594 5758 pisse
625 5684 728 5739 quo
773 5685 901 5758 cura
922 5671 1212 5758 _pr_imitur
1257 5675 1516 5758 ραιιάςνε.
1541 5671 1822 5758 potatiset,
1853 5681 2090 5758 postmo-

455 5739 586 5800 dum
611 5755 709 5812 per
737 5755 802 5794 ea
836 5739 962 5812 quaé
1007 5745 1068 5799 in
1096 5760 1150 5801 se
1203 5739 1432 5802 admisit
1477 5739 1692 5819 ﬂagitia
1743 5739 1965 5822 uotiua,
1995 5750 2090 5808 do-

2200 5182 2290 5236 καὶ
2321 5181 2464 5237 πολὺ
2495 5181 2557 5236 τὰ
2591 5180 2810 5256 μὲτριον
2839 5179 2930 5234 καὶ
2979 5171 3323 5248 ὑποϐεϐηκὸς
3349 5176 3689 5248 κεκτημένην
3719 5196 3852 5250 καρ-

2203 5269 2340 5340 δίαν,
2373 5271 2517 5348 παρᾶ
2547 5273 2752 5332 πάντας
2784 5267 2929 5344 ἔχειν
2972 5267 3206 5337 ἀσκῆσαι
3245 5265 3333 5320 καὶ
3369 5261 3576 5340 μηδένα
3602 5265 3846 5338 τοπαρά-

2197 5535 2334 5593 lenti
2360 5511 2587 5591 causan:
2616 5533 2829 5589 habuit.
2861 5527 3003 5588 Nam
3035 5531 3107 5587 de
3138 5535 3362 5586 natura
3395 5527 3667 5584 humanae
3697 5527 3849 5588 inte-

2235 5609 2404 5664 ritate
2435 5612 2561 5662 tum
2593 5605 2832 5665 amissa.
2885 5609 3011 5660 tum
3061 5604 3408 5666 instaurata,
3460 5599 3742 5672 ambigua
3790 5607 3849 5658 et

2235 5625 2404 5664 ritate
2435 5625 2561 5662 tum
2593 5625 2832 5665 amissa.
2885 5625 3011 5660 tum
3061 5625 3408 5666 mutuarum,
3460 5625 3742 5672 ummguu
3790 5625 3849 5658 at

2193 5625 2476 5808 ἓςρνὶιοιθ
2500 5693 2608 5735 sua
2638 5676 2988 5752 perobscura
3048 5675 3219 5732 verba
3275 5671 3704 5743 interpretanda
3751 5681 3850 5731 ar-

2237 5763 2396 5808 tror.
