4118 6214
435 393 550 462 263

1737 393 1836 466 ΤΗ
1849 402 2136 466 EODULl
2182 391 2530 463 MONACHI

3717 399 3840 464 264

429 535 771 602 videantur;
805 535 956 608 quod
1000 551 1182 592 unum
1229 535 1290 590 in
1338 535 1660 593 orbiculata
1707 537 1848 594 item
1893 538 2067 610 ﬁgura

2191 531 2535 610 περιφερείας
2592 530 2680 585 ἐπὶ
2731 531 2794 585 τὸ
2872 530 3090 606 κέντρον
3152 530 3327 585 ἰοῦσαι
3403 533 3681 605 γραμμαὶ,
3733 531 3840 595 ἕως

432 625 630 682 videre
677 624 858 682 licet:
909 623 1050 680 radii
1099 624 1255 682 enim
1288 625 1358 680 ab
1407 631 1663 682 extrema
1693 643 1796 683 ora
1825 627 1896 683 ad
1945 641 2086 682 cen-

434 719 592 772 trum
624 719 1042 782 commeantes,
1073 715 1334 786 quandin
1366 715 1438 771 ab
1491 715 1592 771 illo
1639 716 1874 784 absunt,
1905 715 2079 772 etiam

431 821 465 859 a
493 821 556 860 se
576 804 845 870 invicem,
871 808 936 858 ut
961 819 1192 874 aequum
1226 809 1336 872 est,
1368 805 1612 872 distant,
1653 804 1752 860 ubi
1772 821 1914 860 cum
1945 821 2080 861 cen-

431 898 518 949 tro
550 903 925 960 concurrunt,
959 895 1282 950 necessario
1313 904 1365 951 et
1397 911 1598 951 secum
1647 899 1877 952 coeunt.
1915 895 2078 962 Quod

430 983 826 1039 clarissimum
861 1001 1002 1039 sane
1033 984 1448 1041 documentum
1481 989 1590 1052 est,
1621 983 1952 1056 quicunque
2002 985 2078 1040 fa-

433 1071 648 1128 miliari
707 1072 1111 1144 spiritualique
1168 1090 1316 1129 nexu
1369 1073 1522 1129 inter
1557 1089 1618 1129 se
1670 1074 1858 1144 juncti
1916 1079 2077 1141 sunt,

423 1165 652 1216 eosdem
685 1163 848 1231 prius
877 1161 992 1217 Deo
1019 1161 1366 1232 conjunctae
1399 1163 1580 1218 fuisse
1609 1168 1668 1219 et
1709 1163 1836 1218 sine
1887 1161 2078 1234 priore

423 1249 532 1304 hoc
563 1250 817 1316 vinculo,
851 1251 996 1305 illud
1032 1252 1316 1322 posterius
1347 1269 1460 1306 non
1491 1253 1808 1318 exsistere;
1849 1252 1999 1322 quod
2024 1251 2075 1306 si

421 1339 544 1395 fieri
575 1340 741 1395 aliter
789 1335 1009 1410 nequit,
1053 1355 1230 1412 quam
1289 1349 1349 1397 ut
1413 1341 1496 1396 illi
1538 1341 1639 1413 qui
1698 1341 1784 1398 sic
1834 1341 1984 1396 inter
2013 1357 2075 1396 se

411 1427 602 1498 juncti
635 1433 796 1494 sunt,
829 1429 1322 1500 quemadmodum
1365 1429 1642 1498 diximus,
1677 1429 1792 1486 Deo
1815 1431 1939 1500 jam
1974 1445 2075 1484 an-

415 1518 509 1570 tea
533 1514 828 1585 conjuncti
851 1515 1100 1582 fuerinl;
1134 1519 1311 1588 atque
1341 1533 1544 1572 rursus
1575 1521 1641 1572 ut
1670 1517 1770 1588 qui
1801 1517 1918 1572 Deo
1939 1531 2074 1571 con-

410 1605 603 1674 juncti
634 1609 791 1673 sunt,
823 1605 1000 1660 iidem
1033 1605 1185 1661 inter
1225 1623 1288 1663 se
1325 1607 1500 1662 etiam
1551 1607 1880 1663 necessario
1928 1623 2074 1662 con—

412 1695 602 1766 juncti
634 1695 774 1766 sint,
805 1695 1068 1766 sequitur
1095 1695 1374 1766 profecto,
1403 1701 1467 1752 ut
1491 1695 1670 1752 simul
1691 1713 1755 1752 ac
1783 1696 2065 1768 quosdam

419 1791 623 1840 mutua
637 1783 977 1854 hujusmodi
997 1785 1427 1841 necessitudine
1439 1785 1682 1857 junctcs
1703 1785 1932 1852 videris,
1948 1801 2074 1840 ccn-
2103 1768 2150 1833 Β

2197 624 2292 696 μὲν
2325 624 2610 698 ἀφεστᾶσιν
2659 620 2886 690 ἐκείνου,
2923 621 3014 676 καὶ
3061 619 3334 691 ἀλλήλων
3385 621 3461 682 ὡς
3515 621 3658 684 εἰκὸς
3705 621 3836 700 ἀφε-

2191 716 2373 767 στᾶσιν
2408 731 2422 744 ’
2457 709 2588 766 ἐπάν
2629 707 2687 764 δὲ
2735 708 2926 782 ἐκείνῳ
2974 708 3297 776 συνέλθῶσι,
3337 709 3428 764 καὶ
3477 707 3754 782 ἀλλήλαις
3785 711 3834 786 ἐξ

2189 801 2433 878 ἀνάγκης
2463 798 2698 854 συνίασιν
2735 817 2748 832 ·
2801 798 2876 860 ὡς
2907 797 2971 854 τὸ
3005 797 3100 872 μὲν
3145 799 3496 854 οὑστινασοῦν
3547 794 3700 878 ἔχειν
3747 800 3838 855 οἶ-

2187 889 2348 952 κείως
2379 888 2470 944 καὶ
2519 891 2895 961 πνευματικῶς
2941 885 3218 958 ἀλλήλοις
3269 889 3570 964 ἡρμόσθαι,
3619 891 3832 964 τεκμή-

2189 999 2307 1053 ριον
2357 976 2416 1032 ὃν
2467 977 2680 1054 ἐναργὶι
2711 979 2808 1032 τοῦ
2849 980 2930 1048 τῷ
2969 979 3087 1048 Θεῷ
3139 977 3402 1052 πρότερον
3451 978 3678 1040 τούτους
3729 981 3838 1054 ἡρ-

2190 1068 2389 1140 μόσθαι
2421 1083 2436 1098 ·
2477 1064 2602 1122 ἄνευ
2653 1061 2712 1120 δὲ
2757 1063 2982 1136 τούτου,
3017 1061 3146 1138 μηδ’
3197 1065 3366 1122 ἰκεῖνο
3414 1064 3722 1142 γενόμενον.
3771 1067 3835 1124 Εἰ

2185 1158 2364 1212 τοίνυν
2403 1155 2504 1212 οὐκ
2533 1149 2673 1210 ἔστιν
2705 1151 2830 1210 οὔτε
2857 1151 2985 1217 τοὺς
3019 1153 3396 1228 ξυνημμένους
3437 1156 3513 1218 ὡς
3542 1153 3676 1234 ἔφην
3726 1154 3837 1212 ἀλ-

2187 1245 2387 1317 λήλοις
2422 1247 2498 1320 μή
2529 1247 2620 1300 καί
2667 1245 2750 1317 τῷ
2789 1249 2908 1314 Θεῷ
2955 1247 3354 1326 προσυνηφθαι,
3388 1243 3512 1300 οὕτε
3559 1247 3688 1308 τοὺς
3735 1247 3834 1301 αὖ·

2183 1339 2264 1408 τῷ
2295 1335 2673 1410 συνημμένους
2721 1335 2798 1408 μὴ
2850 1334 2940 1389 καὶ
2971 1333 3248 1406 ἀλλήλοις
3295 1335 3344 1404 ἐξ
3377 1335 3618 1410 ἀνάγκης
3667 1343 3833 1406 συνῆ-

2185 1427 2334 1502 φθαι,
2367 1425 2490 1479 ὅταν
2525 1423 2618 1498 μέν
2651 1443 2801 1485 τινας
2832 1425 3208 1496 ξυνημμένους
3241 1420 3359 1492 ἴδῃς
3405 1423 3704 1494 ἀλλήλοις,
3737 1426 3830 1479 καὶ

2181 1519 2261 1586 τῷ
2291 1518 2408 1587 Θεῷ
2437 1513 2666 1574 τούτους
2695 1511 3070 1585 ξυνημμένους
3101 1512 3354 1588 λογίζου·
3388 1513 3516 1568 ὅταν
3544 1511 3592 1568 δ’
3621 1513 3688 1568 αὖ
3719 1515 3830 1568 πά-

2185 1601 2272 1658 λιν
2303 1609 2383 1676 τῷ
2412 1608 2528 1676 Θεῷ
2558 1601 2957 1676 ξυνημμὲνους,
2987 1603 3076 1657 καὶ
3127 1601 3408 1674 ἀλλήλοις
3440 1605 3514 1664 ὡς
3547 1603 3690 1663 εἰκὸς
3735 1606 3828 1674 ξυ-

2175 1695 2495 1767 νημμένους
2530 1711 2542 1726 ο
2586 1693 2838 1768 ἑκάτερον
2898 1691 3003 1767 γὰρ
3065 1691 3320 1766 ἑκατέρου
3378 1693 3555 1769 σαφὴς
3610 1691 3830 1748 ἀπόδει-

2183 1784 2280 1854 ξις.

417 1871 578 1929 linuo
607 1881 660 1928 et
683 1876 795 1929 Deo
831 1873 933 1928 hos
958 1873 1196 1942 junctos
1225 1889 1355 1930 esse
1385 1877 1632 1944 statuas,
1667 1883 1790 1930 tum
1823 1890 1952 1930 vero
1975 1875 2114 1929 item
2151 1879 2216 1930 ut
2251 1874 2346 1930 ubi
2381 1873 2612 1945 aliquos
2643 1875 2756 1930 Deo
2782 1873 3017 1944 junctos
3051 1873 3285 1940 videris,
3319 1873 3578 1941 eosdem,
3603 1879 3668 1928 ut
3686 1891 3818 1928 vero

414 1966 874 2018 consentaneum
903 1967 1012 2031 est,
1035 1962 1213 2018 etiam
1241 1963 1396 2019 inter
1420 1979 1482 2020 se
1498 1964 1734 2034 junctos
1757 1979 1883 2020 esse
1910 1966 2112 2019 credas
2137 1983 2151 2031 ;
2179 1969 2269 2018 est
2289 1963 2446 2018 enim
2471 1964 2722 2019 alterum
2751 1962 2987 2018 alterius
3014 1963 3168 2018 haud
3191 1961 3361 2019 fallax
3383 1970 3827 2035 argumentum,

487 2051 706 2108 XLVII.
741 2053 980 2116 Quando
1011 2067 1147 2108 vero
1189 2053 1329 2109 tales
1359 2053 1418 2108 hi
1450 2055 1686 2110 omnino
1728 2053 1834 2108 viri
1879 2055 2066 2120 erant,

417 2146 474 2195 et
505 2141 588 2196 ita
617 2157 787 2212 pares
809 2141 898 2195 illi
929 2140 1164 2210 quidem
1201 2142 1352 2198 inter
1382 2158 1444 2198 se
1465 2148 1640 2214 atque
1664 2140 1938 2213 aequales,
1965 2141 2065 2196 sed

423 2245 557 2284 cum
593 2228 721 2284 aliis
741 2230 1016 2284 omnibus
1045 2229 1240 2286 collati
1270 2229 1485 2302 aquilis
1517 2231 1576 2287 in
1606 2230 1862 2286 nubibus
1914 2228 2064 2284 haud

415 2317 748 2386 absimiles;
781 2319 876 2373 hic
935 2319 1218 2389 inclytum
1281 2319 1448 2374 illum
1493 2319 1796 2389 Basilium,
1843 2318 2068 2373 viribus

415 2407 690 2465 omnibus
718 2407 1160 2463 Caesariensium
1193 2409 1264 2464 ad
1299 2425 1356 2464 se
1402 2409 1772 2481 pertrahebat
1803 2408 2066 2473 ecclesia,

415 2499 632 2570 quippe
683 2497 987 2568 aegerrime
1043 2498 1231 2552 ferens
1291 2499 1412 2553 viro
1457 2515 1586 2555 sese
1639 2513 1856 2564 carere,
1897 2498 2067 2566 cujus

415 2586 733 2658 gloriosum
765 2603 1000 2656 nomen,
1025 2603 1138 2642 non
1171 2603 1272 2658 per
1301 2587 1542 2644 Hellade
1563 2588 1844 2644 duntaxat
1862 2589 2070 2658 Argos-

417 2693 551 2747 que,
583 2675 911 2732 secundum
947 2686 1203 2744 pocelam
1225 2677 1326 2749 (1),
1355 2679 1467 2733 late
1488 2679 1860 2734 decantatum
1891 2681 2066 2744 esset,

2251 2057 2375 2109 MZ'.
2407 2051 2707 2112 Τοιούτους
2755 2048 2812 2105 δέ
2840 2071 2990 2110 τινας
3033 2051 3258 2114 τούτους
3301 2049 3484 2120 ὄντας,
3513 2049 3601 2105 καὶ
3649 2050 3824 2112 οὕτως

2176 2137 2452 2209 ἀλλήλοις
2489 2141 2588 2211 μὶν
2639 2136 3007 2216 ἐξεφαμίλλου
3053 2144 3396 2214 χωροῦντας,
3429 2140 3564 2214 πρὸς
3613 2135 3668 2192 δὲ
3699 2138 3828 2201 τοὺς

2177 2225 2384 2290 ἄλλους
2433 2229 2636 2289 πάντας
2687 2229 2868 2303 ὥσπερ
2917 2231 3066 2290 τινάς
3111 2228 3270 2290 ὄντας
3321 2228 3534 2288 αἰετοὺς
3581 2227 3632 2282 ἐν
3669 2227 3826 2305 νεφέ-

2179 2319 2322 2389 λαις,
2375 2321 2654 2376 Βασίλειον
2709 2321 2803 2394 μὲν
2855 2321 2915 2374 τὸ
2965 2318 3203 2391 κλεινὸν,
3255 2324 3290 2392 ἡ
3341 2326 3450 2376 τῶν
3511 2321 3820 2395 Καισαρέων

2177 2407 2478 2478 Ἐκκλησία
2527 2415 2690 2464 πᾶσιν
2741 2413 2824 2472 οἷς
2876 2411 2994 2483 εἶχε
3047 2411 3182 2485 πρὸς
3227 2412 3421 2478 ἑαυτὴν
3477 2409 3770 2464 ἐπισπᾶται
3805 2431 3818 2442 ·

2177 2497 2348 2553 δεινὸν
2383 2501 2458 2562 ὡς
2508 2497 2747 2572 μάλιστα
2795 2498 3096 2571 ποιουμένη
3153 2497 3340 2575 ἀνδρὸς
3391 2497 3727 2574 ἐστερῆσθαι,
3760 2498 3824 2552 οὗ

2174 2587 2336 2650 κλέος
2377 2587 2525 2662 εὐρὺ,
2575 2587 2638 2642 οὐ
2683 2589 2802 2642 καθ’
2849 2587 3090 2664 Ἑλλάγα
3137 2590 3298 2660 μόνον
3345 2587 3439 2643 καί
3485 2587 3649 2660 μέσον
3699 2591 3826 2662 Ἀρ-

2176 2699 2270 2752 γος
2302 2678 2378 2739 ὡς
2403 2677 2551 2746 ἔπος,
2586 2677 2731 2732 ἀλλὰ
2773 2678 2866 2732 καὶ
2909 2682 3082 2732 πᾶσαν
3129 2676 3194 2747 δή
3229 2699 3334 2733 που
3365 2679 3466 2746 τήν
3517 2678 3604 2755 ὑφ’
3653 2675 3824 2750 ἡλίῳ.

418 2765 522 2821 sed
553 2781 658 2836 per
685 2769 943 2831 cunctas,
976 2781 1118 2834 quas
1148 2766 1235 2822 sol
1272 2767 1471 2834 ambit,
1517 2776 1714 2823 terras.
1741 2766 1840 2823 His
1873 2767 2067 2837 itaque

2179 2770 2334 2822 Ταῦτ’
2379 2769 2482 2841 ἄρα
2525 2766 2615 2822 καὶ
2663 2773 2762 2836 τῆς
2810 2768 3047 2845 ἡσυχίας
3093 2767 3253 2822 αὐτὸν
3309 2767 3689 2828 ἀποσπάσασα,
3735 2768 3829 2820 τὸν

419 2855 490 2908 de
525 2854 722 2910 causis
779 2853 1128 2910 abstractum
1191 2871 1224 2910 a
1271 2856 1466 2926 quiete
1523 2873 1630 2912 sua
1677 2856 2000 2924 hominem,
2035 2873 2070 2910 a

421 2959 534 3018 qua
581 2942 682 2998 ille
737 2959 1038 3014 nunquam
1096 2953 1434 3012 secesserat,
1465 2946 1696 3002 etiamsi
1767 2945 1978 3002 millies
2007 2946 2067 2999 in

424 3031 1082 3103 omnisjgeneristurbas
1100 3033 1507 3106 tumultusque
1530 3035 1851 3100 nucideret,
1871 3049 2068 3089 verum

423 3137 658 3192 semper
687 3121 746 3176 in
779 3121 1066 3177 altissima
1096 3121 1410 3178 solitudine
1431 3123 1791 3191 versabatur,
1813 3125 1870 3178 in
1893 3139 2065 3178 suum

421 3209 676 3266 Ecclesia
721 3209 921 3281 allegit
995 3215 1230 3278 emtum,
1287 3215 1412 3268 tum
1470 3219 1842 3284 posteaquam
1899 3217 2068 3266 sueto

423 3315 582 3356 more
605 3315 707 3370 per
736 3315 940 3356 omnes
963 3315 1264 3356 sacrorum
1296 3301 1626 3358 officiorum
1652 3303 1870 3374 gradus
1894 3301 2063 3355 illum

424 3392 779 3460 provexerat,
837 3389 1174 3462 meritisque
1253 3389 1512 3447 coluerat
1577 3391 1915 3456 honoribus,
1965 3405 2064 3446 aut

417 3481 662 3550 seipsam
715 3481 907 3550 potius
963 3479 1070 3534 viri
1129 3481 1477 3536 claritudine
1527 3482 1944 3538 deccraverat:
1990 3481 2060 3534 ad

421 3569 706 3634 ultimum,
731 3573 796 3624 ut
827 3585 954 3640 quas
986 3569 1044 3624 in
1078 3569 1269 3624 medio
1298 3575 1438 3625 sunt
1457 3569 1690 3626 silentio
1713 3571 2066 3625 transmitta-

418 3674 566 3722 mus,
599 3663 885 3729 pastorem
911 3659 1338 3730 prassidemque
1367 3675 1540 3715 suum
1565 3659 1760 3715 divino
1791 3675 2062 3731 compro-

413 3747 615 3802 batum
647 3747 922 3818 suffragio
954 3747 1288 3804 declarabat
1319 3765 1334 3804 :
1371 3749 1470 3820 qui
1513 3749 1768 3820 profecto
1809 3750 2059 3804 maximo

411 3835 572 3891 orbis
593 3841 878 3891 terrarum
923 3835 1260 3906 pontificatu
1283 3837 1678 3909 dignissimus
1709 3843 1852 3908 erat,
1877 3853 2060 3910 eoque

411 3942 568 3980 nunc
585 3941 841 3994 munere,
868 3925 926 3980 in
951 3925 1184 3998 scriptis
1205 3925 1346 3996 suis,
1369 3927 1712 4000 pietatisque
1736 3929 2057 4000 praeceptis,

408 4032 474 4070 ac
495 4015 982 4082 institutionibus,
1005 4015 1310 4071 verissime
1332 4017 1614 4088 fungitur.
1636 4015 1764 4072 Jam
1783 4017 1880 4072 nbi
1901 4017 2058 4072 Basi-

409 4105 522 4160 lius
554 4103 962 4175 pulcherrime,
1011 4113 1064 4158 et
1106 4107 1706 4178 magnificentissime,
1755 4112 1932 4178 atque
1991 4123 2056 4160 eo

2178 2857 2381 2928 ταύτης
2440 2853 2692 2911 οὐδέποτ’
2751 2857 3110 2934 ἀφεστηκότα,
3171 2857 3266 2910 κᾶν
3331 2857 3586 2930 μυριάκις
3637 2875 3830 2910 παντο-

2182 2943 2375 3008 δαποῖς
2431 2945 2696 3020 περιπέσῃ
2759 2940 3038 3020 θορύϐοις,
3097 2943 3223 3000 ἀλλ’
3281 2944 3408 3000 ὄντα
3459 2947 3595 2999 κατά
3656 2943 3828 3018 μόνας

2178 3036 2308 3100 αἰεὶ,
2343 3033 2696 3111 ἐγκαταλέγει
2735 3037 2805 3108 τῇ
2855 3034 3080 3111 σφετέρᾳ
3129 3033 3326 3110 φατρία
3357 3053 3370 3067 ·
3423 3035 3512 3088 καὶ
3560 3029 3649 3088 ὂιά
3695 3035 3830 3087 πάν-

2175 3146 2284 3179 των
2330 3125 2406 3186 ὡς
2465 3121 2585 3186 ἔθος
2633 3128 2743 3178 τῶν
2793 3125 2954 3197 ἱερῶν
3003 3127 3389 3200 προαγαγοῦσα
3439 3123 3687 3196 βαθμῶν,
3731 3123 3824 3176 καὶ

2173 3217 2454 3287 τιμήσασα
2487 3215 2552 3268 τὰ
2603 3215 2926 3290 γιγνόμενα,
2961 3211 3174 3286 μᾶλλον
3227 3210 3282 3266 δὲ
3331 3213 3526 3282 ἑαυτήν
3573 3209 3664 3266 διὰ
3691 3213 3824 3266 τού-

2171 3324 2292 3370 του,
2323 3303 2505 3372 τέλος,
2539 3301 2624 3356 ἵνα
2655 3301 2722 3357 τά
2769 3301 2820 3356 ἐν
2856 3301 3005 3375 μέσῳ
3049 3305 3226 3375 παρῶ,
3260 3299 3497 3375 ποιμένα
3541 3299 3632 3356 καὶ
3681 3300 3822 3374 πρό-

2173 3387 2326 3465 εδρον
2369 3393 2586 3462 ἑαυτῆς,
2631 3390 2766 3464 μετά
2813 3397 2914 3460 τῆς
2959 3395 3056 3444 τοῦ
3107 3393 3242 3445 Θεοῦ
3287 3384 3662 3464 προϐάλλεται
3711 3389 3824 3463 ψή-

2172 3503 2275 3558 φου
2315 3481 2406 3535 τὸν
2453 3484 2632 3552 πάσης
2679 3487 2778 3549 τῆς
2825 3479 3151 3550 οἰκουηένης
3199 3485 3518 3552 προστατεῖν
3567 3479 3824 3556 ἀξιόχρε-

2171 3593 2268 3640 ων,
2302 3571 2391 3624 καὶ
2438 3574 2530 3625 νῦν
2579 3571 2654 3632 ὼς
2697 3570 2920 3640 ἀληθῶς
2963 3572 3130 3624 τοῦτο
3180 3573 3441 3623 ποιοῦντα
3485 3569 3575 3622 καὶ
3627 3567 3821 3641 λόγοις

2171 3661 2256 3714 καὶ
2291 3661 2480 3714 κανόσι
2511 3659 2602 3714 καὶ
2659 3655 2930 3734 δόγμασιν
2963 3675 2974 3687 ·
3011 3657 3085 3720 ὡς
3137 3654 3180 3710 δ’
3215 3659 3244 3712 ὁ
3291 3657 3387 3730 μὲν
3432 3655 3700 3712 κάλλιστα
3731 3659 3819 3712 καὶ

2172 3749 2749 3824 μεγαλοπρεπέστατα,
2801 3747 2889 3802 καὶ
2943 3748 3018 3808 ὡς
3071 3745 3170 3801 οὒκ
3219 3743 3322 3801 οἶδ’
3354 3746 3406 3801 εἷ’
3445 3767 3528 3807 τις
3577 3749 3683 3800 τῶν
3717 3749 3824 3820 πρὸ

2170 3840 2336 3894 αὐτοῦ
2380 3859 2439 3893 τε
2477 3839 2568 3892 καὶ
2621 3839 2738 3910 μετ’
2787 3838 2953 3892 αὐτοῦ
3005 3839 3105 3902 τῆς
3155 3837 3460 3912 Καισαρέων
3513 3833 3681 3906 ἐπέϐη
3731 3837 3820 3890 καί

2167 3929 2367 3990 πάντας
2401 3927 2661 3998 ἐξέπληξε
2691 3946 2703 3958 ⁸
2741 3925 3040 4000 Δρηγόριος
3073 3923 3130 3980 δὲ
3163 3927 3190 3980 ὀ
3235 3927 3478 4001 χρηστὸς
3524 3926 3692 3999 μόνος
3721 3925 3818 3980 ἐν-

2167 4017 2538 4073 απολέλειπτο
2575 4021 2645 4090 τῇ
2691 4017 2938 4086 ἀσκήσει,
2969 4015 3062 4071 καὶ
3113 4021 3213 4085 τῆς
3259 4014 3562 4092 συντρόφου
3609 4015 3696 4068 καί
3733 4015 3822 4091 φί-

2169 4109 2271 4178 λης
2305 4107 2540 4182 ἡσυχίας
2576 4106 2798 4179 μανικὸς
2850 4103 2922 4159 ἔτ’
2955 4105 3020 4174 ἦν
3073 4101 3434 4173 σπουδαστῆς.
3469 4101 3596 4158 Οὐδ’
3643 4103 3821 4164 οὕτως

410 4207 550 4246 sane
575 4191 768 4257 modo,
801 4207 916 4262 quo
949 4191 1102 4246 haud
1127 4193 1246 4248 scio
1273 4209 1348 4249 an
1380 4195 1529 4249 alius
1553 4194 1886 4266 quisquam,
1911 4193 2054 4264 sive,

2179 4195 2440 4268 ἀλλήλων
2491 4195 2821 4266 ἀπέστησαν,
2855 4191 2981 4248 οὐδὲ
3030 4191 3316 4264 διέστησαν
3369 4191 3486 4248 οὐδ’
3535 4193 3816 4260 ὁπωσοῦν,

412 4285 546 4336 ante
601 4281 820 4352 ipsum,
870 4281 986 4336 sive
1053 4289 1184 4354 post
1239 4284 1430 4354 ipsum
1495 4285 1872 4340 Caesariensis
1931 4283 2055 4355 epi-

409 4387 618 4441 scOpus
650 4371 834 4425 factus
861 4371 990 4440 fuit,
1023 4377 1374 4444 cunctosque
1397 4374 1780 4428 admiratione
1803 4374 1892 4428 sui
1929 4389 2063 4445 per-

412 4459 570 4526 culit,
605 4460 796 4515 bonus
826 4467 1020 4517 autem
1049 4461 1361 4534 Gregorius
1383 4465 1440 4517 in
1473 4463 1745 4532 religiosa
1777 4463 1874 4517 illa
1896 4480 2061 4518 exer-

408 4550 682 4604 citatione
710 4547 869 4604 solus
891 4549 1142 4616 relictus,
1169 4557 1410 4606 assueta
1455 4569 1519 4607 ac
1545 4552 1920 4623 perjucundm
1942 4567 2064 4606 sua

408 4637 624 4710 quietis
655 4653 829 4710 prope
857 4637 1100 4694 insanus
1130 4641 1318 4696 adhuc
1347 4648 1572 4696 amator
1603 4645 1743 4710 erat,
1778 4657 1890 4696 non
1935 4640 2065 4696 ideo

407 4729 490 4784 illi
525 4735 716 4784 tamen
749 4745 782 4783 a
815 4733 1016 4784 mutua
1059 4731 1471 4799 conjunctione
1519 4731 1915 4796 discedebant,
1963 4747 2066 4786 ne-

405 4835 520 4891 que
568 4819 684 4874 ullo
725 4818 894 4890 plane
945 4820 1116 4874 modo
1177 4820 1623 4888 divellebantur,
1653 4821 1820 4892 ,haud
1875 4819 2062 4892 magis

406 4910 639 4980 quidem
680 4913 832 4964 certe
867 4925 1040 4980 quam
1088 4927 1122 4964 a
1170 4913 1481 4982 semetipso
1527 4917 1787 4982 uterque.
1822 4911 2063 4976 Quando

406 4999 562 5055 enim
604 4997 784 5054 semel
833 4997 1230 5056 indissolubili
1278 5006 1452 5072 atque
1501 5001 1786 5072 spirituali
1844 5009 2064 5061 mutum

405 5087 809 5144 consensionis
849 5089 998 5144 nodo
1057 5089 1354 5145 constricti
1401 5093 1591 5157 erant,
1621 5091 1836 5146 animis
1895 5091 2062 5164 ipsis,

408 5187 466 5234 ut
497 5194 602 5249 par
629 5181 772 5244 erat,
807 5193 922 5233 una
953 5183 1158 5247 erant;
1205 5179 1460 5249 itemque
1520 5179 1657 5234 dum
1717 5179 1885 5236 licuit
1933 5199 2062 5238 cor-

2173 4287 2236 4342 οὑ
2289 4286 2504 4361 μᾶλλον
2553 4307 2612 4362 γε
2659 4287 2692 4356 ἢ
2743 4285 2834 4340 καὶ
2878 4289 3025 4364 σφῶν
3071 4285 3246 4340 αὐτῶν
3279 4303 3290 4314 ·
3341 4282 3471 4339 ἀλλ’
3519 4281 3822 4356 ἐπειδήπερ

2176 4377 2312 4448 ἅπαξ
2369 4373 2592 4449 δεσμοῖς
2649 4373 2943 4451 ἀρρήκτοις
3012 4372 3314 4446 συμπνοίας
3372 4369 3631 4443 ἐδέθησαν
3701 4376 3822 4434 τοῖς

2173 4469 2270 4519 τοῦ
2302 4465 2627 4538 πνεόματος,
2659 4467 2871 4533 νοητῶς
2913 4483 2971 4516 τε
3021 4463 3096 4526 ὡς
3145 4461 3287 4524 εἰκὸς
3333 4460 3608 4532 ἀλλήλοις
3660 4461 3824 4530 συνῆ-

2175 4575 2293 4624 σαν,
2343 4554 2432 4607 καὶ
2481 4552 2815 4626 σωματιλῶς
2869 4555 2948 4608 ὅτ’
3001 4554 3062 4608 ἂν
3111 4547 3584 4628 παραϐάλλοντες,
3637 4550 3746 4624 οὐχ
3791 4553 3819 4607 ὁ

2177 4644 2272 4716 μὲν
2309 4639 2546 4714 μᾶλλον,
2578 4641 2658 4696 ὅδ’
2687 4643 2874 4712 ἦττον,
2907 4639 3036 4696 ἀλλ’
3068 4641 3250 4716 ἐξίσης
3295 4638 3464 4714 ἄμφω
3498 4657 3510 4671 ·
3545 4640 3634 4694 καὶ
3685 4640 3819 4712 ὅπερ

2173 4732 2296 4806 περὶ
2331 4732 2673 4806 Ἑρμοτίμου
2716 4735 2813 4786 τοῦ
2861 4730 3236 4806 Κλαζομενίου
3286 4726 3344 4784 δέ
3387 4749 3492 4783 που
3536 4729 3712 4808 φασὶν,
3743 4729 3818 4791 ὡς

2173 4823 2286 4877 ἄπα
2341 4819 2806 4894 ἀπολιμπάνουσα
2858 4819 3016 4876 αὐτὸν
3067 4823 3102 4890 ἡ
3165 4821 3318 4894 ψυχὴ
3373 4815 3538 4874 πάλιν
3594 4817 3816 4891 ἐπανῄει

2177 4913 2390 4981 ζωοῦσα
2445 4911 2534 4964 καὶ
2584 4910 2744 4983 μένοι-
2805 4908 3129 4982 ἐμπνέουσα,
3177 4913 3340 4964 τοῦτο
3387 4907 3652 4962 κάνταῦθά
3695 4927 3818 4970 πως

2173 5002 2304 5074 ὁρᾷν
2337 4997 2480 5055 ἔστιν
2515 5019 2528 5032 ·
2566 4999 2628 5054 οὗ
2661 4997 2878 5072 μᾶλλον
2909 4998 3120 5068 ἀπῆσαν
3151 4995 3440 5067 ἀλλήλων,
3471 4995 3507 5065 ἢ
3539 4993 3818 5066 ἀλλήλοις

2174 5095 2422 5160 συνῆσαν,
2483 5085 2611 5144 ἀλλ’
2665 5089 2880 5144 ἀπεῖναι
2941 5084 3248 5158 δοκοῦντες,
3305 5091 3535 5156 συνῆσαν
3591 5085 3818 5140 ἕκαστοι

2170 5201 2250 5238 τε.

409 5269 666 5340 poribus,
699 5269 1061 5324 conferentes
1089 5269 1162 5324 ad
1194 5269 1344 5324 hanc
1375 5270 1890 5340 necessitudinem,
1925 5289 2040 5328 non
2090 5271 2184 5328 hic
2209 5271 2366 5342 plus,
2427 5269 2522 5326 ille
2583 5270 2802 5338 minus,
2845 5269 2946 5325 sed
2993 5269 3165 5325 ambo
3223 5267 3578 5324 tantundem
3613 5283 3626 5321 :
3661 5267 3820 5322 unde

405 5361 558 5431 quod
595 5361 665 5415 de
695 5359 1047 5416 Hermotimo
1077 5359 1445 5417 Clazomenio
1493 5361 1664 5432 vulgo
1715 5363 2143 5432 circumfertur,
2199 5363 2479 5418 nimirum
2531 5361 2790 5416 animam
2841 5359 3008 5416 illum
3063 5359 3314 5416 subinde
3347 5356 3674 5429 reliquisse,
3707 5358 3816 5412 ite-

407 5465 654 5521 rumque
683 5465 1024 5522 regressam,
1051 5451 1234 5506 vitam
1269 5467 1566 5524 novasque
1599 5453 1968 5524 inspiravisse
1997 5454 2153 5509 vires
2189 5471 2202 5507 :
2237 5453 2381 5508 illud
2443 5451 2536 5506 hic
2595 5452 2734 5508 item
2799 5450 3236 5522 quodammodo
3283 5448 3481 5506 videre
3523 5451 3648 5514 est;
3699 5463 3818 5503 non

407 5537 564 5593 enim
598 5541 782 5610 magis
815 5541 1091 5612 disiuncti
1123 5541 1271 5598 alter
1295 5543 1367 5598 ab
1397 5543 1576 5599 altero
1625 5543 1887 5610 aberant,
1919 5559 2096 5616 quam
2149 5560 2262 5600 una
2321 5545 2635 5615 praesentes
2693 5549 2872 5612 erant,
2925 5539 3189 5596 videlicet
3243 5551 3580 5610 quanquam
3611 5536 3822 5594 abesse

411 5623 757 5696 viderentur,
789 5627 1010 5682 unailli
1043 5632 1240 5686 tamen
1273 5633 1550 5702 perpetuo
1580 5634 1764 5686 erant.

485 5767 564 5844 (1)
589 5766 797 5842 Odyss.
831 5785 909 5832 ιν.
941 5769 1067 5844 726,
1097 5774 1224 5830 816.
