4118 6214
234 314 322 373 265
1206 311 1609 377 LAUDATIO
1654 314 1716 374 S.
1767 313 2138 375 GREGORII
2186 311 2603 374 THEOLOGI.

282 449 406 505 ΜΗ.
465 449 486 465 ”

223 537 392 611 ἐχρῆν,
422 535 508 590 καί
541 557 611 608 με
643 534 789 606 μάλα
824 533 1193 609 βουλόμενον,
1241 539 1438 609 μικροῦ
1497 533 1838 608 παρέδραμεν

217 626 284 694 ἃν,
311 629 463 679 τοῦτο
492 629 580 678 νῦν
622 620 769 679 ἔσται
815 644 906 696 μοι
942 622 1132 698 λόγος,
1167 620 1466 698 ἐπειδήπερ
1500 623 1560 678 ού
1611 623 1842 698 πρόσθεν

212 712 291 766 καὶ
314 714 587 784 θαυμαστή
634 733 717 774 τις
756 711 1008 774 ὑπόθεσις
1061 711 1348 784 ἐγκωμίων
1391 733 1402 744 ·
1453 716 1551 766 τοῦ
1604 715 1698 786 μὲν
1738 713 1842 788 γὰρ

208 804 496 872 θαυμαοτοῦ
555 799 838 875 βασιλείου
892 800 1266 879 μικροψυχίαν
1313 797 1506 872 δήτι-ια
1559 804 1695 878 πρὸς
1747 805 1840 857 τὸν

209 892 393 946 πόοτοῦ
441 889 792 967 καθηγεμόνα
848 889 1139 959 παθόντος,
1189 889 1280 944 καὶ
1325 891 1424 959 τήν
1463 892 1560 963 μὲν
1616 899 1844 947 Καππα-

212 978 360 1035 δοκῶν
399 977 865 1048 ἀπολελοιπότος,
896 980 1032 1055 πρὸς
1071 976 1128 1034 δὲ
1157 981 1248 1034 τὸν
1285 980 1489 1036 Πόντον
1521 980 1842 1056 κεχωρηκό-

211 1091 310 1136 τος,
362 1070 514 1124 κάκεῖ
561 1071 628 1124 τά
669 1067 880 1143 μεγάλα
927 1067 1017 1124 καὶ
1068 1069 1184 1123 θεῖα
1235 1069 1324 1123 καὶ
1372 1070 1550 1142 τούτῳ
1611 1068 1841 1148 φιλοσο-

211 1164 414 1236 σοῦντος
452 1160 806 1232 προσήκοντα
845 1168 862 1190 ⁸
891 1163 992 1228 τῆς
1025 1155 1082 1212 δὶ
1113 1158 1322 1233 Ἀρείου
1356 1157 1562 1229 λύσσης
1590 1158 1643 1220 ἐς
1682 1164 1842 1215 τοῦτο

212 1247 394 1317 ἰούσης,
437 1249 514 1308 ὡς
571 1250 647 1318 μή
704 1248 864 1320 μόνον
906 1252 1080 1302 πᾶσαν
1133 1245 1460 1317 Ἐκκλησίαν
1512 1248 1600 1326 ὑφ’
1646 1248 1840 1316 ἑαυτὴν

210 1335 508 1404 πεποιῆσθαί
565 1357 624 1390 τε
667 1337 758 1390 καί
825 1333 1216 1412 καταδραμεῖν,
1265 1340 1344 1407 τῷ
1405 1335 1614 1410 μεγάλῃ
1667 1333 1842 1406 δήτινι

209 1426 281 1477 καὶ
326 1425 606 1498 θαυμαστῇ
659 1424 758 1478 τοὺ
800 1428 1130 1498 κρατοῦντος
1185 1421 1476 1500 ἐπικουρίᾳ
1534 1427 1844 1500 πανταχόσε

213 1519 386 1588 χωρεῖν
415 1514 604 1569 καὶτὰ
641 1514 857 1589 μεγαλα
896 1513 1174 1584 δύνασθαι,
1201 1514 1347 1570 ἀλλᾶ
1385 1514 1475 1570 καὶ
1523 1523 1622 1584 τῆς
1673 1514 1842 1570 ἀκλο-

209 1606 350 1672 νήτου
379 1624 433 1657 τε
489 1603 580 1657 καὶ
635 1599 857 1677 βεϐαίας
901 1604 990 1658 καὶ
1027 1603 1141 1659 οἷον
1181 1601 1548 1678 ἀδαμαντίνης
1579 1598 1842 1674 ἐπιϐεϐη-

209 1693 332 1746 κέναι
385 1692 670 1765 τολμῆσαι
712 1690 1117 1762 Καππαδοκίας,
1176 1694 1266 1748 καὶ
1332 1692 1534 1764 ταύτην
1617 1695 1840 1767 νομίσαι

208 1787 272 1853 τῷ
293 1785 390 1846 τῆσ
442 1777 694 1843 ἀσεϐείας
753 1782 1210 1857 καταστρέψεσθαι
1263 1782 1448 1858 κράτει
1483 1805 1496 1817 ·

209 1872 282 1925 καὶ
331 1868 414 1926 διὰ
458 1876 558 1927 τοῦ
596 1873 726 1928 τότε
783 1876 1217 1948 προστατοῦντος
1267 1874 1392 1946 περί
1459 1874 1526 1928 τὰ
1557 1875 1674 1927 θεῖα
1725 1893 1838 1928 νεο-

207 1961 370 2035 παγὲς,
397 1962 637 2016 καίοἴον
691 1962 793 2016 ούκ
839 1957 986 2036 ἔχειν
1032 1964 1100 2017 τά
1142 1965 1372 2017 τοιαῦτα
1420 1960 1658 2036 θαρρεῖν,
1689 1959 1839 2015 πολο

210 2049 281 2120 λῷ
308 2046 359 2103 δὲ
388 2047 555 2104 πλέον
587 2051 681 2104 καὶ
722 2051 801 2110 οἷς
832 2053 866 2120 ἡ
903 2050 1118 2126 μεγάλη
1173 2057 1275 2120 τῆς
1326 2048 1653 2120 Ἐκκλησίας
1704 2049 1837 2105 σάλ-

210 2139 314 2213 πιγξ
353 2139 635 2202 Βασίλειος
671 2139 735 2194 ού
767 2146 966 2214 παρῆν,
1015 2140 1065 2194 τί
1113 2141 1382 2215 γίγνεται,
1413 2140 1500 2194 καὶ
1530 2140 1582 2194 τί
1631 2140 1692 2196 τὸ
1745 2139 1843 2212 μέ-

207 2247 373 2300 γιστον
400 2230 692 2302 φάρμακον
722 2227 775 2284 ἐν
808 2227 1006 2290 δεινοῖς
1037 2248 1052 2297 ;

1550 1783 1664 1856 ἅμα
1724 1785 1838 1856 μὲν,
1873 1815 1919 1880 Β

3478 317 3598 376 266

489 451 532 503 Ο
591 443 646 500 δὲ
721 444 960 520 μᾶλιστα
1020 443 1234 500 πάντων
1303 444 1568 518 εἰρῆσθαι,
1606 448 1836 519 πρόσθεν

2025 445 2270 501 XLVIII.
2305 445 2585 500 Caeterum
2635 444 2788 516 quod
2847 445 3099 500 maxime
3163 445 3428 503 omnium
3470 447 3597 519 jam

1953 545 2126 591 antea
2162 535 2383 589 dictum
2430 532 2704 605 oportuit,
2738 549 2943 602 meque
2994 534 3261 606 inprimis
3290 535 3478 591 dicere
3501 554 3600 594 vo-

1951 625 2168 680 lentem
2202 622 2628 695 propemodum
2667 622 2962 692 cifugerat,
2991 623 3045 677 id
3090 623 3197 679 hoc
3235 622 3382 692 loco,
3419 624 3600 698 siqui-

1953 715 2082 768 dem
2108 714 2389 770 hactenus
2422 711 2706 768 omissum
2743 711 2871 778 fuit,
2903 729 2937 768 a
2995 729 3086 768 me
3136 714 3441 781 reddetur;
3475 713 3600 771 lau-

1953 803 2212 872 dumque
2243 799 2468 870 insigne
2499 799 2790 870 quoddam
2814 805 3230 870 argumentum
3264 802 3390 857 erit.
3415 801 3599 858 Nimi-

1953 907 2080 945 rum
2115 890 2328 946 Basilio
2350 888 2538 944 nescio
2553 906 2670 959 qua
2685 889 2962 946 adversus
2997 891 3243 961 priorem
3263 892 3598 964 episcopum

1949 978 2315 1050 (Eusebium)
2381 976 2561 1033 animi
2610 976 2954 1033 infractione
3010 986 3293 1050 correpto,
3352 985 3526 1052 atque
3567 995 3600 1036 e

1949 1067 2190 1139 vestigio
2223 1067 2421 1122 relicta
2446 1065 2811 1136 Cappadocia
2858 1070 3106 1122 Pontum
3149 1083 3353 1123 versus
3403 1085 3466 1124 se
3509 1085 3602 1124 re-

1952 1155 2219 1228 cipiente,
2247 1154 2438 1225 ibique
2468 1153 2682 1209 eximia
2711 1153 2832 1219 illa,
2865 1159 2919 1210 et
2954 1155 3168 1221 divina,
3203 1160 3260 1210 et
3307 1160 3462 1212 tanto
3511 1157 3601 1212 di-

1951 1260 2066 1317 gna
2096 1245 2216 1300 viro
2247 1245 2305 1299 in
2339 1243 2628 1298 sanctiore
2644 1243 3602 1316 philosophiapraastante:interea

1953 1331 2232 1406 pestilens
2263 1332 2381 1387 Arii
2414 1331 2574 1386 furor
2605 1348 2792 1402 usque
2842 1349 2909 1388 eo
2966 1331 3306 1402 invaluerat,
3331 1337 3396 1390 ut
3423 1340 3598 1390 lotam

1954 1443 2068 1481 non
2103 1427 2271 1480 modo
2317 1424 2630 1480 Ecclesiam
2678 1423 2788 1479 sibi
2833 1424 3149 1496 subjiceret
3178 1429 3348 1497 atque
3378 1441 3602 1497 percur-

1951 1513 2597 1585 saret,ingentibusque
2627 1513 2991 1583 imperatoris
3041 1514 3120 1585 (1)
3179 1514 3410 1571 auxiliis
3457 1515 3603 1570 sub-

1952 1603 2118 1659 nixus
2152 1604 2370 1674 passim
2429 1602 2692 1658 volitaret
2739 1602 3053 1675 omniaque
3101 1608 3346 1676 posset;
3398 1620 3600 1661 verum

1950 1693 2127 1749 etiam
2159 1691 3034 1764 Cappadociam,inconcussam
3067 1691 3235 1760 alias,
3267 1709 3334 1749 ac
3374 1693 3598 1749 firmam

1950 1786 2007 1837 et
2028 1781 2449 1853 prepemodum
2483 1779 2938 1847 adamantinam,
2962 1779 3232 1836 invadere
3263 1781 3389 1852 jam
3421 1781 3600 1838 aude-

1950 1878 2068 1942 ret;
2096 1888 2343 1944 eamque
2366 1886 2494 1928 sese
2524 1871 2838 1943 impietatis
2869 1887 2990 1928 sua:
3020 1871 3230 1944 opibus
3261 1888 3602 1930 eversurum

1951 1963 2287 2026 confideret,
2320 1960 2532 2032 partim
2564 1976 2666 2032 per
2713 1960 2992 2016 antistitis
3023 1961 3121 2032 qui
3173 1967 3292 2017 tum
3331 1967 3603 2033 praeerat,

1952 2053 2012 2107 in
2036 2049 2248 2105 divinis
2271 2066 2414 2120 pene
2433 2050 2624 2105 adhuc
2649 2049 2872 2114 tironis,
2898 2050 3292 2117 inscientiam,
3315 2056 3371 2107 et
3399 2052 3498 2122 qui
3530 2054 3601 2108 ad

1953 2140 2242 2211 ejusmodi
2261 2138 2580 2194 certamina
2599 2139 2793 2194 animo
2807 2138 3140 2211 viribusque
3158 2157 3272 2195 non
3293 2140 3432 2196 satis
3449 2157 3603 2197 com-

1954 2235 2168 2302 peteret
2189 2230 2316 2296 ;sed
2338 2227 2521 2283 multo
2545 2227 2675 2300 plus
2692 2231 2883 2283 tamen
2920 2232 3072 2300 quod
3107 2230 3311 2301 ingens
3334 2230 3599 2286 Ecclesia

199 2319 316 2374 tuba
342 2319 583 2376 Basilius
615 2321 862 2376 abesset.
885 2320 1098 2376 Verum
1133 2321 1272 2393 quid
1308 2321 1401 2376 hic
1437 2320 1650 2376 ﬁebat?
1681 2325 1738 2377 et
1765 2321 2056 2391 quodnam
2088 2317 2560 2389 potentissimum
2590 2317 2651 2374 in
2683 2317 2773 2373 his
2793 2318 2956 2374 malis
2981 2319 3304 2374 remedium
3339 2319 3447 2374 fuit
3467 2318 3495 2372 τ

265 2408 382 2462 ΗΘΖ
419 2408 726 2484 Γρηγόριος
771 2413 896 2483 γοῦν
956 2408 1046 2462 καὶ
1099 2407 1428 2487 φιλοσοιρίαν
1462 2411 1549 2464 καὶ
1603 2410 1843 2483 ἡσυχίαν

204 2498 279 2552 καὶ
321 2502 438 2553 νοῦν
487 2497 798 2569 ἀκλόνητον
849 2501 936 2552 καὶ
987 2502 1270 2574 προσοχὴν
1317 2500 1407 2553 καὶ
1443 2498 1675 2571 μελέτην
1708 2519 1837 2573 καρ-

201 2584 303 2648 δίας
356 2587 439 2642 καὶ
499 2585 740 2650 διανοίας
818 2587 1184 2662 ἀπερίσπατον
1253 2587 1432 2662 ὄμμα,
1499 2588 1588 2642 καὶ
1665 2587 1840 2642 πάντα

198 2678 341 2730 ταῦτα
385 2680 478 2730 τοῦ
528 2673 772 2748 μηδενὸς
821 2676 942 2746 ἄξια
990 2677 1193 2750 κρίνας,
1243 2678 1378 2751 πρὸς
1429 2677 1491 2732 τὸ
1538 2681 1607 2750 τῇ
1640 2678 1835 2750 πατρί-

201 2763 246 2818 δι
299 2767 620 2841 συνάρασθαι
679 2765 744 2821 τὰ
816 2768 1126 2842 γιγνόμενα,
1185 2769 1273 2822 καὶ
1336 2765 1715 2842 κινδυνευούσῃ
1773 2769 1841 2823 τά

201 2856 301 2910 θεῖα
339 2861 500 2932 χεῖρα
559 2855 766 2930 ὀρέξαι,
819 2855 1031 2930 μᾶλλον
1083 2854 1139 2911 δὲ
1186 2857 1381 2919 πάσαις
1430 2863 1550 2918 ταῖς
1611 2857 1838 2919 λοιπαῖς

199 2943 548 3014 Ἐκκλησίαις,
600 2944 808 3016 ταύτης
867 2947 971 3022 γὰρ
1041 2947 1102 3000 ἂν
1159 2946 1216 2999 εὖ
1275 2946 1539 3024 ἐχούσης,
1596 2945 1840 3008 κάκείνας

199 3031 402 3108 ἀνάγκη,
436 3035 501 3089 ού
552 3033 780 3108 μέλλων
827 3033 898 3088 ἔτ’
927 3037 990 3103 ἧν
1045 3031 1167 3089 οὐδ’
1197 3031 1645 3108 ἀναϐαλλόμενος
1687 3055 1700 3067 ·
1731 3033 1831 3089 άλ-
1868 3051 1910 3117 C

203 3120 528 3196 λάᾖποδῶν
578 3123 723 3199 εἶχε,
760 3125 852 3180 τὸν
899 3125 1106 3179 Πόντον
1155 3119 1584 3198 καταλαμϐάνει,
1617 3124 1708 3178 καὶ
1756 3129 1834 3196 τῷ

205 3211 403 3285 μεγάλῳ
448 3215 796 3289 συγγεγονὼς
846 3211 1118 3284 Βασιλείῳ
1150 3229 1165 3243 ⁸
1219 3213 1308 3267 καὶ
1357 3212 1547 3278 πείσας
1603 3209 1835 3286 μηδενὸς

199 3305 289 3354 τῶν
315 3302 562 3357 ἁπάντων
613 3304 886 3358 ποιεῖσθαι
933 3301 1130 3376 λόγου,
1180 3301 1301 3357 ἔνθα
1357 3305 1486 3365 Θεὸς
1544 3304 1606 3358 τὸ
1649 3300 1838 3358 κινδυ-

201 3391 488 3463 νευόμενον,
522 3388 826 3447 σπεύδοντα
853 3393 941 3447 καὶ
985 3389 1148 3446 αὐτὸν
1191 3393 1328 3448 κατὰ
1377 3394 1439 3447 τὸ
1497 3386 1624 3454 ἔπος
1682 3390 1837 3466 ὀτρύ-

202 3497 280 3531 νει.

2023 2407 2215 2464 XLIX.
2241 2408 2460 2479 Nempe
2483 2407 2793 2478 Gregorius
2833 2413 2889 2463 et
2930 2408 3360 2480 philosophiam
3411 2426 3600 2478 suam,

1952 2502 2008 2554 et
2039 2499 2320 2570 quietem.
2351 2502 2408 2553 et
2439 2514 2679 2553 vacuam
2740 2497 3271 2570 perturbationibus
3322 2501 3600 2569 mentem,

1952 2592 2011 2642 et
2037 2587 2438 2652 attentionem,
2472 2591 2528 2642 et
2559 2587 3111 2642 commentationem
3145 2586 3431 2655 cordis,et
3457 2604 3601 2643 nus-

1953 2692 2127 2748 quam
2160 2675 2502 2731 distractum
2539 2675 2721 2730 animi
2766 2674 3020 2741 oculum,
3055 2674 3285 2747 aliaque
3333 2675 3602 2747 hujusce-

1952 2764 2111 2821 modi
2145 2763 2363 2833 omnia,
2399 2763 2565 2819 nihili
2588 2780 2700 2835 prae
2725 2779 2791 2820 eo
2825 2763 3093 2820 faciunda
3114 2766 3603 2835 censens,utjus-

1951 2862 2066 2909 tam
2100 2854 2300 2926 patriae
2332 2853 2625 2910 laboranti
2656 2870 2822 2925 opem
2857 2853 3047 2915 ferret.
3081 2855 3249 2926 eique
3275 2855 3334 2911 in
3369 2855 3602 2928 religio-

1952 2943 2044 2998 nis
2077 2943 2308 3014 negotio
2340 2941 2685 3015 periclitanti
2719 2943 2978 2998 dextram
3023 2943 3317 3009 tenderet;
3351 2946 3468 3000 sive
3499 2961 3603 3015 po-

1951 3032 2066 3086 tius
2099 3030 2340 3104 reliquis
2367 3030 2639 3086 Ecclesiis
2681 3031 2976 3098 omnibus,
3008 3030 3127 3086 fore
3164 3031 3320 3086 enim
3365 3033 3602 3090 omnino

1949 3129 2010 3176 ut
2041 3120 2296 3176 Ecclesia
2325 3121 2510 3190 patria
2541 3123 2694 3176 recte
2725 3135 2851 3176 sese
2899 3119 3167 3187 habente,
3201 3124 3256 3175 et
3303 3119 3417 3176 ille
3463 3121 3601 3178 item

1947 3219 2099 3264 recte
2137 3208 2424 3263 habiturae
2484 3211 2718 3264 essent:
2754 3209 2996 3264 minime
3044 3208 3221 3278 igitur
3262 3207 3359 3265 ille
3409 3225 3602 3265 moras

1943 3299 2195 3371 amplius
2228 3304 2477 3367 nectere,
2510 3305 2613 3354 aut
2643 3315 2762 3355 rem
2807 3299 3252 3371 procrastinare,
3277 3301 3378 3355 sed
3411 3301 3603 3373 potius

1945 3393 2225 3460 quantum
2254 3389 2498 3457 pedibus
2522 3388 2736 3444 valeret
2761 3388 3009 3444 Pontum
3034 3405 3234 3445 versus
3256 3404 3586 3462 properare,

1947 3477 2044 3532 ubi
2075 3493 2208 3533 cum
2241 3492 2453 3548 magno
2486 3476 2700 3532 Basilio
2723 3479 3461 3550 congressus,insuperque
3491 3479 3599 3535 ba-

201 3568 366 3625 benda
393 3576 606 3627 cetera
627 3571 824 3626 omnia
854 3572 1090 3641 docens,
1133 3573 1365 3644 quando
1394 3571 1547 3628 Deus
1579 3573 1704 3644 ipse
1733 3569 1889 3627 velut
1920 3568 1978 3624 in
2030 3567 2369 3622 discrimine
2409 3570 2757 3634 versaretur,
2791 3565 2986 3638 ipsum
3027 3567 3155 3637 jam
3212 3584 3314 3639 per
3360 3585 3421 3624 se
3462 3569 3581 3625 fes-

200 3657 456 3716 tinantem
493 3660 854 3732 impellebat,
890 3667 956 3717 ut
985 3663 1142 3734 apud
1175 3667 1400 3734 poetam
1436 3671 1520 3718 est
1549 3662 1644 3732 (2).

257 3749 330 3805 N'.
371 3749 649 3824 Γίγνονται
718 3747 893 3804 τοίνυν
953 3748 1118 3828 ἄμφω
1178 3752 1276 3819 τῆς
1335 3751 1544 3824 μάχης,
1579 3747 1844 3822 καὶπρὸς

200 3836 274 3900 τὸν
304 3839 613 3911 θαυμαστὸν
654 3843 845 3893 τοῦτον
898 3839 1066 3894 ἆθλον
1115 3839 1386 3913 λαμπρῶς
1429 3837 1789 3894 διανίστανται
1825 3856 1838 3870 ⁸

202 3930 610 4002 παραγενόμενοι
658 3928 761 4003 γὰρ
808 3927 1038 3997 ἐκεῖθεν,
1087 3931 1177 3984 καί
1233 3931 1301 3985 τὰ
1366 3930 1500 4004 πρὸς
1555 3931 1647 3984 τὸν
1714 3950 1831 3984 ποι-

207 4019 320 4086 μένα
366 4017 553 4078 καλῶς
616 4015 906 4087 διαθέντες,
965 4022 1046 4089 τῷ
1101 4039 1158 4073 τε
1205 4023 1308 4072 πᾶν
1365 4019 1393 4072 ὁ
1442 4023 1590 4072 τιοῦν
1641 4017 1700 4072 ἐκ
1751 4019 1843 4090 μὲ-

205 4125 288 4159 σου
339 4107 670 4176 ποιήσασθαι
727 4107 816 4161 καὶ
869 4107 948 4178 τῷ
1018 4108 1283 4186 συνῆφθαι
1341 4108 1610 4180 κατάκρας
1657 4109 1746 4161 καὶ
1785 4104 1840 4161 ἓν

206 4194 266 4257 ὡς
309 4193 472 4250 εἰπεῖν
527 4199 879 4272 γεγενῆσθαι,
908 4194 1075 4249 ἔπειθ’
1125 4195 1268 4250 οὕτω
1309 4197 1570 4273 γενναίως
1619 4197 1708 4252 καί
1755 4217 1842 4250 νε-

205 4288 378 4346 ανικῶς
408 4284 502 4339 καὶ
562 4289 661 4339 τοῦ
702 4285 1013 4357 Πνεύματος
1061 4284 1313 4356 ἐπαξίως,
1350 4287 1464 4358 μεθ’
1495 4285 1557 4340 οὗ
1615 4287 1703 4340 καί
1755 4283 1840 4340 διὸ

2027 3746 2084 3800 L.
2118 3746 2242 3800 Mox
2273 3745 2468 3816 itaque
2491 3762 2742 3816 pugnam
2777 3745 2943 3802 ambo
2967 3746 3192 3816 ineunt,
3223 3751 3280 3802 et
3298 3747 3370 3802 ad
3394 3747 3601 3803 miran-

1953 3837 2092 3891 dum
2133 3835 2242 3890 hoc
2288 3840 2583 3892 certamen
2623 3852 2901 3908 generoso
2949 3837 3171 3909 impetu
3218 3845 3598 3912 consurgunt.

1952 3924 2176 3996 Quippe
2205 3925 2524 3980 Caesaream
2557 3940 2587 3979 e
2619 3925 2796 3980 Ponto
2821 3925 3057 3991 reversi,
3079 3943 3252 3997 reque
3278 3929 3438 3984 omni
3469 3944 3600 3984 cum

1950 4013 2215 4070 Ecclesi
2247 4013 2405 4069 illius
2423 4014 2693 4085 pontifice
2715 4013 2953 4085 pulchre
2975 4016 3602 4088 composita,nimirum

1953 4104 2102 4174 quod
2136 4107 2194 4158 et
2219 4101 2600 4158 dissidiorum
2634 4103 2810 4158 fibras
2842 4120 3045 4160 omnes
3086 4105 3382 4173 tollerent,
3403 4112 3460 4162 et
3517 4105 3606 4162 in-

1950 4194 2038 4246 ter
2066 4208 2128 4247 se
2151 4191 2484 4248 arctissima
2517 4191 2907 4248 familiaritate
2955 4193 3270 4264 conjuncti,
3305 4210 3602 4266 unumque

1952 4299 2096 4353 pene
2129 4281 2403 4353 quiddam
2435 4281 2546 4352 ipsi
2577 4287 2793 4344 essent,
2818 4282 2898 4338 ita
2929 4283 3201 4356 deinceps
3231 4290 3465 4342 strenue
3488 4287 3604 4342 for-

209 4375 614 4446 παρετάττοντο,
675 4369 1004 4443 ξυνέϐαλλον
1053 4379 1171 4438 τοῖς
1235 4372 1480 4451 ἐχθροῖς,
1541 4374 1628 4428 καὶ
1704 4375 1838 4448 πρὸς

1954 4370 2197 4442 titerque
2227 4376 2285 4426 et
2317 4375 2382 4424 ut
2402 4371 2619 4442 Spiritu
2653 4376 2875 4439 sancto,
2910 4373 3164 4442 quicum,
3205 4378 3262 4429 et
3306 4391 3407 4446 pro
3465 4391 3582 4446 quo

205 4467 439 4518 τοσοῦτον
518 4461 830 4537 ἐτρέψαντο,
909 4462 984 4523 ὠς
1069 4463 1316 4537 θαύματα
1405 4464 1498 4537 μὲν
1587 4463 1832 4532 ἑαυτοὺς,

204 4547 417 4615 ἐκείνους
451 4550 500 4608 δ’
533 4551 770 4628 αἰσχύνη
822 4547 1164 4626 περιϐαλεῖν,
1214 4553 1303 4607 καὶ
1356 4553 1436 4615 οἷς
1475 4554 1558 4608 ὃτι
1591 4555 1839 4624 νικηθέν-

203 4658 276 4703 τες
316 4635 576 4714 ἔγνωσαν,
632 4638 1110 4713 μεταμελομένους
1155 4641 1246 4695 καὶ
1296 4641 1362 4696 τὰ
1414 4640 1630 4717 μεγάλα
1676 4663 1840 4715 νεμε-

206 4732 388 4791 σῶντας
446 4731 625 4809 σφίσιν
680 4729 864 4792 αὐτοῖς
900 4749 916 4765 ⁸
949 4728 1121 4789 οὕτως
1153 4731 1262 4806 οὐχ
1303 4732 1686 4807 αἱρετιζύντων
1739 4732 1842 4806 μό-

205 4838 284 4872 νον
311 4817 456 4874 ἀλλὰ
507 4820 599 4874 καὶ
654 4816 921 4892 βασιλέως
970 4818 1027 4874 εὖ
1082 4818 1230 4892 μάλα
1267 4821 1689 4896 περιγεγόνασι·
1739 4842 1835 4893 με·

207 4905 340 4978 γάλα
366 4908 460 4980 μὲν
495 4909 772 4984 φυσῶντός
802 4927 860 4962 τε
899 4908 987 4962 καὶ
1038 4904 1349 4980 σοϐοῦντος,
1382 4909 1471 4964 καὶ
1518 4912 1639 4972 ταῖς
1689 4912 1836 4965 ἄπει-

211 4991 318 5058 λαὶς
373 4991 757 5072 ἐκφοϐοῦντος,
820 4993 989 5068 μηδὲν
1050 4993 1107 5051 δὶ
1164 4995 1311 5060 ὅλως
1368 4995 1521 5060 ὄντος
1571 4997 1706 5072 πρὸς
1745 4999 1840 5062 τὰς

209 5083 398 5138 τούτων
455 5083 702 5160 βροντὰς,
762 5081 856 5138 κᾶν
898 5087 1152 5159 μυριάκις
1201 5083 1493 5162 διαρραγῇ,
1522 5089 1676 5142 πάντ’
1734 5087 1841 5144 ἅνω

210 5172 290 5226 καὶ
325 5173 467 5228 κάτω
503 5179 680 5228 κυκῶν
711 5173 800 5228 καὶ
845 5173 921 5235 είς
966 5174 1029 5228 τὸ
1075 5173 1209 5250 ὕψος
1242 5174 1426 5230 λαλῶν
1478 5174 1710 5248 ἀδικίαν,
1751 5178 1841 5232 καὶ

210 5257 522 5340 διαστρέφων
552 5263 650 5330 τήν
685 5267 812 5336 γῆν,
859 5261 1083 5324 ἀτόποις
1130 5250 1514 5342 καιδοφωνίαις
1563 5272 1652 5319 καί
1705 5263 1838 5339 δόγ-

215 5369 354 5424 μασι,
400 5351 495 5406 τὸν
538 5351 886 5426 παρασχόντα
925 5351 1022 5419 τήν
1071 5352 1246 5407 κτίσιν
1313 5353 1388 5416 εἷς
1446 5353 1619 5409 κτίσιν
1675 5354 1839 5409 κατά-

273 5493 350 5564 (1)
381 5491 660 5552 Valentis.

277 5617 354 5690 (2)
381 5615 544 5674 Iliad.
577 5617 667 5675 iX.
697 5619 828 5676 293.

521 5718 775 5778 Ρλτλοι.
819 5720 934 5780 Gn.
981 5718 1202 5781 CXLV.

1951 4459 2010 4515 in
2035 4460 2158 4516 acie
2188 4461 2445 4528 stabant,
2467 4460 2708 4530 dignum
2739 4460 2978 4517 omnino
3001 4467 3145 4532 erat,
3168 4478 3297 4518 cum
3337 4463 3601 4519 hostibus

1953 4565 2190 4604 manum
2227 4549 2630 4615 conserebant,
2655 4548 2938 4620 eosquein
2957 4554 3185 4606 tantum
3218 4550 3605 4622 fugabant.ut

1949 4639 2209 4694 maxime
2257 4647 2480 4693 nostros
2529 4637 2855 4703 admiratio,
2888 4639 3211 4710 ignominia
3247 4641 3603 4696 adversarios

1953 4727 2209 4798 undique
2241 4727 2517 4797 cingeret,
2550 4743 2694 4798 quos
2725 4725 2878 4798 quod
2915 4744 3016 4782 sua
3062 4727 3240 4783 etiam
3278 4728 3599 4784 confessio-

1954 4831 2026 4870 ne
2048 4819 2351 4889 superatos
2379 4831 2503 4872 sese
2554 4817 2674 4885 jam
2724 4821 3103 4886 agnoscerent
3159 4819 3376 4872 suimet
3425 4817 3602 4872 vehe-

1954 4911 2179 4962 menter
2209 4905 2443 4978 pigebat
2473 4905 2865 4977 pudebatque,
2891 4920 3074 4976 usque
3099 4906 3242 4962 adeo
3274 4923 3386 4962 non
3411 4907 3608 4963 factio-

1953 5011 2084 5051 nem
2120 4996 2291 5051 modo
2325 4999 2525 5062 totam,
2549 4995 2648 5050 sed
2681 4995 2997 5064 ipsummet
3023 4994 3161 5051 item
3194 4997 3603 5067 imperatorem

1953 5088 2137 5140 nostri
2171 5084 2535 5141 debellarant
2567 5085 2702 5156 :qui
2748 5100 3096 5156 magnopere
3129 5086 3356 5155 quidem
3393 5085 3605 5141 buccas

1955 5175 2216 5241 inﬂabat,
2249 5175 2642 5232 etineolenter
2698 5191 2758 5230 se
2803 5173 3107 5244 inferebat,
3130 5182 3188 5232 et
3243 5175 3422 5232 minis
3478 5177 3604 5232 suis

1957 5265 2075 5321 late
2100 5271 2348 5322 terrores
2388 5265 2595 5332 ciebat,
2628 5281 2730 5320 nec
2754 5263 2940 5320 hilum
2972 5270 3167 5322 tamen
3199 5267 3476 5322 adversus
3526 5267 3610 5336 ip.

1955 5371 2156 5413 eorum
2181 5356 2440 5413 tonitrua
2477 5353 2836 5426 proficiebat,
2861 5354 3098 5412 tametsi
3143 5353 3356 5411 millies
3397 5370 3606 5428 prope-
