4118 6214
464 422 585 486 267
1765 418 2156 483 THEODULI
2202 421 2558 488 MONACHI
3543 459 3550 468 ι
3757 429 3886 489 268

466 561 710 616 modum
741 559 1021 629 creparet,
1040 555 1178 612 dum
1208 571 1444 610 sursum
1468 556 1738 612 deorsum
1758 555 1950 612 omnia
1973 554 2101 610 mis-

2220 577 2354 630 γων,
2385 560 2473 612 καὶ
2500 561 2632 632 μετὰ
2662 564 2772 615 τῶν
2803 555 3037 628 δούλων,
3069 563 3190 622 πῶς
3231 557 3372 614 εἴπω
3405 579 3421 630 ;
3452 559 3548 613 τὸν
3600 561 3886 631 Δεσπότην

468 651 652 718 cebat,
675 653 731 704 et
769 647 877 702 «in
908 644 1202 701 excelsum
1231 643 1592 716 iniquitatem
1615 643 2044 717 loquebatur“,
2069 665 2098 693 ι)
2209 647 2400 709 τιθείς.

465 739 782 808 orbemque
801 739 1088 791 terrarum
1102 733 1543 788 absurdissimis
1563 749 1764 790 vocum
1785 733 2140 790 novitatibus
2155 733 2426 811 placitisq
2435 754 2500 794 ue
2517 740 2640 796 suis
2653 740 3035 811 pervertebat,
3054 739 3332 798 nimirum
3353 739 3672 796 creationis
3685 757 3890 796 rerum

467 830 777 883 Auctorem
813 827 868 881 in
897 841 1092 880 rerum
1126 829 1449 879 creatarum
1473 823 1732 880 ordinem
1763 825 2072 888 deducens,
2103 828 2158 878 et
2185 840 2314 881 cum
2347 829 2550 899 servis,
2576 831 2735 886 nefas
2765 829 2953 886 dictu!
2979 829 3295 886 Dominum
3318 831 3518 902 ipsum
3549 829 3899 889 collocatis.

539 917 625 971 Li.
657 916 937 972 Caeterum
979 919 1044 970 ut
1095 930 1219 969 meo
1281 913 1424 968 mihi
1469 913 1750 969 arbitratu
1789 913 2107 969 orationem

2291 917 2414 973 NA'.
2452 917 2586 972 Δύτε
2610 914 2668 972 δέ
2693 923 2888 990 μοιτῷ
2911 916 3063 993 λόγῳ
3085 917 3122 992 ᾔ
3157 917 3435 992 βούλομαι
3457 919 3896 994 χρήσασθαι,καῖ

468 1007 685 1077 ﬁngere
715 1021 854 1076 pace
875 1011 1079 1070 vestra,
1109 1003 1724 1074 auditores,integrum
1756 1003 1834 1058 sit
1863 1019 2056 1074 quasso
2090 1020 2104 1060 :

2220 1001 2586 1082 φιλοσοφῆσαι
2641 1007 2864 1080 μικρὸν,
2911 1005 3002 1060 καὶ
3073 1005 3198 1060 ὅσον
3267 1003 3608 1081 ἐνδεδεῖχθαι
3670 1007 3900 1063 κάντεῦ-

467 1095 748 1167 liceatque
782 1093 1050 1150 nonnihil
1091 1091 1394 1150 altioribus
1423 1091 1801 1164 philosophiae
1822 1091 2109 1148 sermoni-

2220 1091 2301 1145 θεν
2349 1093 2412 1146 τὸ
2457 1095 2596 1168 πρὸς
2649 1095 2846 1170 ἀρετὴν
2887 1098 2986 1149 τοῦ
3032 1092 3228 1170 ἀνδρὸς
3281 1096 3474 1171 περίον
3509 1117 3526 1132 ο
3575 1103 3745 1172 τριῶν
3781 1097 3892 1174 γεὶρ

467 1183 876 1256 usindulgere,
911 1183 1234 1254 primisque
1265 1181 1420 1236 velut
1441 1180 1613 1236 lineis
1663 1181 1949 1238 maximas
1987 1181 2106 1236 Viri

2220 1178 2410 1247 ὄντων,
2445 1181 2519 1244 ὥς
2558 1203 2689 1260 φησι
2743 1183 2995 1252 Πλάτων,
3027 1185 3117 1238 καὶ
3165 1183 3404 1255 τάληθὲς
3450 1191 3746 1261 μαρτυφεῖ,
3777 1190 3896 1241 τῶν

467 1273 812 1330 adumbrare
855 1272 1120 1327 virtutes.
1154 1269 1454 1342 Siquidem
1495 1269 1672 1338 enim,
1698 1275 1762 1326 ut
1809 1269 1966 1325 Plato
2007 1271 2107 1326 do-

2220 1274 2314 1338 τῆς
2356 1273 2542 1349 ψυχῆς
2594 1269 2774 1343 δήπου
2835 1277 3034 1348 μερῶν,
3089 1271 3346 1348 λογικοῦ,
3399 1275 3636 1348 θυμικοῦ
3681 1294 3760 1348 τε,
3795 1275 3892 1330 καῖ⁵

465 1366 553 1420 cet
581 1363 682 1434 (1),
715 1365 890 1431 atque
932 1375 1024 1415 res
1062 1359 1189 1431 ipsa
1236 1359 1561 1428 conﬁrmat,
1597 1363 1711 1414 tres
1753 1359 1960 1414 animae
1999 1359 2109 1414 hu-

2220 1355 2636 1432 ἐπιθυμητικοῦ,
2681 1354 2788 1413 ἔδει
2843 1361 2936 1432 μὲν
2985 1360 3076 1414 καὶ
3120 1365 3272 1434 τρεῖς
3325 1361 3400 1423 ὡς
3447 1361 3594 1424 είκὸς
3625 1363 3754 1416 εἶναι
3787 1364 3892 1423 τὰς

465 1467 646 1508 meum
670 1453 864 1522 partes
895 1453 1061 1506 sunt:
1090 1465 1204 1504 una
1235 1463 1360 1519 quis
1395 1447 1608 1503 mentis
1632 1451 1690 1503 et
1711 1447 1953 1504 rationis
1977 1465 2104 1520 par-

2220 1449 2578 1522 γενικωτάτας
2633 1453 2742 1503 τῶν
2815 1448 3020 1522 ἀρετῶν
3075 1449 3150 1510 ὡς
3227 1451 3326 1520 τὴν
3413 1452 3595 1526 ἀρχὴν
3679 1451 3890 1507 ἐκεῖθεν

462 1540 644 1612 ticeps
676 1547 790 1608 est;
815 1537 1016 1606 altera,
1035 1537 1096 1592 in
1120 1554 1236 1610 qua
1263 1536 1486 1592 irarum
1518 1537 1928 1594 exsistitardor
1949 1555 2108 1610 ;pos-

2220 1535 2474 1612 ἐχούσας.
2523 1542 2615 1592 νῦν
2675 1535 2733 1592 δὲ
2789 1539 2879 1592 καί
2939 1535 3290 1608 δικαιοσύνην
3365 1539 3556 1600 αύταῖς
3651 1559 3894 1616 προστι-

459 1635 644 1686 trema
675 1645 801 1700 qua:
831 1627 1197 1698 voluptatum
1227 1625 1518 1682 illecebris
1553 1626 1901 1684 concitatur.
1921 1627 1997 1682 Ea
2021 1641 2105 1690 re,

2220 1625 2394 1680 θὲασιν
2425 1643 2438 1658 ⁸
2473 1623 2676 1688 εἰδότες
2717 1627 2911 1702 ἀρετήν
2945 1627 3041 1702 μὲν
3088 1631 3185 1682 τοῦ
3227 1626 3572 1702 λογιστικοῦ,
3605 1629 3670 1684 τὸ
3723 1650 3894 1707 φρο-

461 1723 526 1775 ut
555 1735 657 1790 par
685 1721 794 1784 est,
827 1721 942 1772 tres
973 1715 1115 1771 item
1147 1730 1405 1770 summas
1439 1732 1504 1770 ac
1535 1714 1822 1772 latissime
1841 1720 2104 1787 patente

2220 1721 2374 1782 νεῖν,
2404 1715 2594 1770 κακίαν
2655 1713 2713 1770 δὲ
2765 1715 3150 1794 ἀφροσύνην
3191 1733 3208 1750 ⁶
3265 1721 3363 1772 τοῦ
3421 1715 3470 1771 δ’
3529 1717 3596 1772 αὖ
3646 1719 3892 1790 θυμικοῦ

460 1823 585 1864 esse
606 1807 866 1880 oportuit
894 1805 1156 1872 virtutes,
1191 1803 1404 1876 quippe
1437 1803 1693 1860 indidem
1733 1804 1969 1860 omnino
2001 1805 2108 1862 ini-

2220 1825 2271 1858 τε
2303 1805 2393 1860 καὶ
2442 1804 2866 1878 ἐπιθυμητικοῦ,
2897 1809 2994 1860 τοῦ
3046 1806 3161 1878 μὲν,
3197 1806 3641 1885 σωφροσύνην
3691 1809 3782 1862 καὶ
3821 1810 3892 1863 τὸ

460 1899 604 1954 tium
636 1896 1051 1963 ducentes,sed
1084 1893 1301 1966 quibus
1331 1895 1701 1964 postmodum
1723 1895 1900 1951 etiam
1925 1895 2107 1966 justi-

2220 1893 2350 1968 πρὸς
2379 1893 2474 1958 τὰς
2503 1891 2705 1964 ἡδονὰς
2739 1893 3057 1970 ἐγκρατὲς
3083 1913 3096 1927 ·
3127 1899 3222 1949 τοῦ
3249 1891 3308 1949 δὲ
3332 1895 3592 1966 θυμικοῦ,
3611 1896 3682 1950 ἀν
3701 1894 3890 1971 δρίαν

461 1985 604 2043 tiam
635 1987 896 2056 adjecere
928 2001 943 2040 :
977 1985 1142 2057 gnari
1177 1981 1399 2039 scilicet
1425 1983 1600 2052 partis
1635 1983 1859 2040 ratione
1891 1986 2106 2041 utentis

2220 2004 2272 2038 τε
2303 1983 2392 2037 καὶ
2430 1982 2786 2058 πράότητα
2817 2000 2832 2014 ·
2882 1983 3076 2038 κακίαν
3119 1981 3178 2038 δὲ
3221 1983 3585 2062 ἀμφωτὲρων,
3635 1989 3732 2040 τοῦ
3783 1987 3891 2059 μὲν

459 2076 753 2148 propriam
784 2075 1054 2130 virtutem
1091 2073 1442 2144 prudentiam
1485 2089 1632 2138 esse,
1673 2073 2108 2145 imprudentiam

2220 2070 2475 2126 δειλίαν
2507 2071 2596 2126 καὶ
2631 2071 3082 2148 ὀργιλότητα,
3113 2075 3210 2127 τοῦ
3239 2093 3300 2149 γε
3325 2075 3434 2146 μὴν
3455 2071 3888 2146 ἐπιθυμητικοῦ,

459 2168 662 2222 vitium
681 2169 768 2220 :at
797 2163 1028 2219 illarum
1063 2179 1266 2218 rursus
1289 2178 1412 2232 quis
1447 2161 1528 2218 ira
1556 2165 1656 2218 aut
1687 2163 2108 2234 cupiditatibus

2220 2163 2314 2229 τὴν
2337 2161 2546 2215 κάκιστ’
2575 2159 2967 2233 ἀπολουμένην
3008 2159 3383 2216 ἀκολασίαν
3419 2181 3432 2195 ·
3479 2161 3620 2231 ὅλης
3671 2160 3728 2218 δὲ
3781 2170 3892 2232 τῆς

459 2255 858 2320 effervescunt,
911 2251 1251 2323 posterioris
1327 2250 1560 2321 quidem
1616 2251 1788 2322 hujus
1834 2252 2106 2310 virtutem

2220 2253 2426 2326 ψυχῆς,
2457 2249 2672 2324 ἀρετὴν,
2707 2247 3175 2320 δικαιοσύνην,
3228 2249 3318 2304 καὶ
3363 2252 3582 2324 προσέτ’
3615 2250 3892 2306 ἐλευθε-

457 2345 891 2416 temperantiam,
925 2346 982 2397 et
1013 2342 1069 2396 in
1111 2339 1512 2412 voluptatibus
1571 2341 2014 2404 continentiam;
2052 2352 2109 2399 at

2220 2339 2500 2412 ριὸτητά
2531 2339 2698 2394 τεκαὶ
2727 2339 3266 2414 μεγαλοψυχίαν,
3293 2341 3484 2394 κακίαν
3506 2337 3585 2412 δε,
3612 2337 3888 2396 ἀδικίαν

459 2433 619 2489 illius
645 2429 1348 2503 fortitudinem,animique
1375 2429 1850 2484 mansuetudinem
1872 2431 2109 2502 perinde

2220 2427 2308 2482 καὶ
2341 2425 2951 2502 ἄνελευθεριότητα
2979 2428 3069 2482 καὶ
3104 2428 3696 2507 μικροψυχίαν,ὡς
3729 2431 3890 2505 ἀνάγ-

459 2539 524 2578 ac
563 2523 704 2578 vitia
761 2519 1092 2592 utriusque,
1135 2534 1345 2590 nempe
1397 2517 1722 2584 irascentis,
1757 2519 2108 2576 timiditatem

2220 2537 2320 2588 κην
2353 2517 2587 2573 ἐντεῦθεν
2619 2519 2752 2573 εἶναι
2772 2523 2940 2590 τριῶν
2977 2521 3150 2574 ὅντων
3187 2518 3427 2591 ἐκείνων,
3459 2520 3715 2596 τέτταρας
3745 2521 3888 2576 ταύ-

459 2617 632 2683 atque
661 2609 1034 2676 iracundiam,
1068 2613 1133 2662 ut
1162 2608 1624 2679 concupiscentia
1657 2609 2109 2679 perditissimam

2220 2627 2313 2667 τας
2373 2609 2429 2662 ὃν
2488 2602 2619 2683 ἔφην
2681 2608 2954 2684 γίγνεσθαι
3017 2607 3245 2684 τρόπον,
3300 2609 3392 2664 καὶ
3472 2614 3540 2684 τῇ
3617 2615 3884 2688 φρονήσει

459 2702 619 2757 illam
653 2699 958 2756 libidinem
1009 2699 1506 2768 intemperantiam,
1549 2700 1643 2753 sed
1713 2699 1921 2754 animm
1977 2715 2109 2754 vero

2220 2699 2311 2751 κάὶ
2371 2695 2556 2771 ἀνδρίᾳ
2613 2699 2704 2751 καὶ
2766 2698 3120 2774 σωφροσύνῃ,
3185 2699 3276 2754 καὶ
3349 2702 3449 2769 τήν
3529 2697 3884 2772 δικαιοσύνην

459 2792 634 2849 totius
673 2791 966 2859 virtutem,
983 2789 1282 2860 justitiam,
1306 2793 1362 2843 et
1402 2793 1677 2860 presteres
1727 2789 2109 2846 liberalitatem

2220 2793 2524 2861 προσεῖναι.
2561 2787 2655 2840 Ὢν
2709 2785 2880 2860 μείζω
2927 2787 3096 2860 τάξιν,
3148 2787 3408 2864 φρόνησις
3457 2785 3598 2863 ἔχει,
3629 2789 3708 2852 ὼς
3757 2791 3887 2863 ῥίζα

457 2887 630 2951 atque
648 2879 1186 2948 magnanimitatem,
1212 2877 1702 2948 quemadmodum
1747 2878 1902 2946 vitia,
1937 2879 2109 2950 injus-

2223 2877 2429 2934 τούτων
2457 2878 2547 2932 καὶ
2579 2877 2732 2952 πηγὴ
2783 2875 2874 2930 καὶ
2923 2875 3088 2944 αἰτία,
3137 2877 3228 2932 καὶ
3272 2877 3412 2950 μόνη
3455 2875 3722 2952 δυναμένη
3757 2881 3886 2934 ταύ-

458 2969 668 3037 titiam,
697 2967 1164 3034 ittiberalitatem,
1207 2967 1577 3037 abjectamque
1623 2967 2020 3038 humilitatem,
2053 2975 2109 3025 ut

2223 2989 2316 3030 τας
2364 2965 2548 3028 καλῶς
2599 2963 2975 3040 δημαγωγεῖν,
3036 2965 3125 3020 καὶ
3177 2963 3402 3022 διοικεῖν
3459 2967 3549 3022 καὶ
3607 2967 3884 3043 ξυνέχειν,

459 3060 594 3116 hinc
625 3059 768 3114 adeo
797 3058 1030 3114 tametsi
1059 3061 1175 3112 tres
1195 3057 1476 3111 duntaxat
1499 3057 1706 3112 animae
1727 3063 1920 3129 partes
1943 3065 2108 3130 sunt,

2223 3058 2314 3114 καὶ
2368 3059 2444 3131 μή
2485 3061 2787 3142 ξυγχωρεῖν
2827 3051 2927 3127 ἔξω
2976 3061 3072 3111 τοῦ
3111 3061 3446 3132 τεταγμένου
3476 3063 3702 3132 χωρεῖν,
3733 3057 3884 3114 ἀλλὰ

477 3157 588 3218 sto,
648 3165 824 3220 quem
891 3147 1164 3216 diximus,
1197 3146 1389 3213 modo,
1441 3151 1691 3217 quatuor
1747 3165 1980 3204 necesse
2037 3153 2109 3206 sit

2224 3156 2324 3217 τῆς
2372 3147 2579 3223 φύσεως
2629 3140 2847 3221 ἔχεσθαι
2895 3165 2910 3178 ·
2961 3145 3020 3200 ού
3067 3145 3169 3220 γὰρ
3223 3145 3448 3222 ἀπόχρη
3523 3147 3687 3220 μόνον
3749 3147 3884 3202 ταύ-

465 3240 745 3296 exsistere
775 3237 1038 3305 virtutes,
1073 3239 1130 3292 et
1169 3236 1239 3292 ad
1283 3234 1652 3306 prudentiam
1709 3253 1774 3292 ac
1821 3239 2109 3296 fortitudi-

2223 3259 2318 3300 τας
2377 3233 2594 3304 εἰδέναι,
2632 3233 2780 3290 ἀλλᾶ
2810 3234 2900 3290 καὶ
2941 3238 3036 3289 τοῦ
3085 3233 3234 3298 ὅπως
3285 3232 3368 3291 δεῖ
3411 3235 3648 3309 μετιέναι
3697 3257 3882 3312 προσ-

457 3345 590 3386 nem
622 3345 689 3384 ac
742 3325 1181 3398 temperantiam
1219 3325 1491 3381 accedere
1519 3324 1760 3380 omnino
1793 3326 2110 3397 justitiam.
2226 3325 2325 3385 δεῖ.

463 3419 578 3476 Has
609 3418 759 3476 inter
796 3418 1038 3474 virtutes
1067 3415 1328 3474 ordinem
1361 3415 1672 3486 prudentia
1703 3417 1884 3486 ducit,
1919 3423 2114 3492 utpote
2155 3423 2320 3478 radix
2369 3421 2810 3484 caeterarum,et
2853 3417 3005 3483 fons,
3039 3420 3095 3472 et
3135 3433 3334 3486 causa,
3369 3423 3426 3474 et
3465 3435 3594 3491 quae
3625 3419 3750 3475 sola
3805 3419 3882 3474 il-

461 3511 545 3566 las
579 3512 730 3565 recte
752 3523 974 3582 regere,
1009 3523 1075 3562 ac
1105 3505 1446 3579 gubernare,
1480 3521 1546 3562 ac
1589 3505 1886 3564 continere
1915 3509 1976 3565 in
2007 3511 2198 3568 ofﬁcio
2231 3515 2440 3584 potest,
2470 3514 2645 3582 atque
2675 3508 2960 3578 impedire
3005 3507 3178 3564 etiam
3211 3513 3276 3564 ut
3315 3525 3388 3564 ne
3429 3508 3724 3581 legitimos
3777 3526 3878 3566 ex-

460 3605 552 3657 tra
585 3601 732 3656 ﬁnes
760 3601 1096 3670 evagentur,
1132 3595 1233 3653 sed
1267 3599 1536 3653 naturam
1569 3613 1813 3668 quaeque
1842 3615 2006 3656 suam
2049 3618 2142 3658 ser
2169 3609 2336 3670 vent;
2373 3617 2490 3658 non
2529 3600 2687 3656 enim
2747 3599 2888 3656 satis
2948 3603 3036 3655 est
3071 3599 3177 3655 has
3217 3599 3407 3656 solum
3467 3600 3735 3672 cognitas
3777 3603 3880 3656 ha-

457 3692 592 3748 bere
613 3691 877 3758 virtutes,
911 3689 1014 3746 sed
1047 3690 1286 3760 insuper
1313 3688 1488 3744 etiam
1521 3703 1632 3758 quo
1665 3687 1792 3744 illas
1843 3691 2112 3764 persequi
2165 3709 2231 3749 ac
2287 3707 2590 3763 capessere
2649 3692 2820 3746 modo
2879 3706 3082 3761 queas,
3133 3695 3338 3746 notum
3369 3690 3584 3747 habere
3622 3695 3872 3764 oportet.

533 3781 792 3844 LIl.Qum
808 3779 1034 3836 cumita
1047 3781 1378 3851 comparata
1406 3776 1546 3842 sint,
1569 3793 1817 3848 quanam
1831 3778 2110 3836 harumce

457 3873 739 3928 virtutum
755 3875 953 3926 noster
966 3870 1218 3926 maxime
1233 3869 1553 3939 praetiterit,
1571 3869 1628 3923 id
1657 3869 2108 3942 haudquaquam

459 3965 794 4036 promptum
819 3960 990 4016 fuerit
1012 3959 1226 4029 dicere,
1243 3959 1402 4029 paria
1429 3957 1584 4014 enim
1617 3957 1714 4013 ille
1744 3959 1964 4030 ubique
1995 3977 2112 4017 me-

459 4060 617 4108 retur
663 4053 900 4123 puncta,
959 4048 1174 4120 quippe
1231 4063 1346 4104 non
1403 4062 1574 4103 secus
1631 4052 1874 4106 cunctas
1935 4066 2108 4121 quam

459 4157 637 4198 unam
669 4140 1024 4212 quampiam,
1058 4153 1164 4192 nec
1197 4153 1368 4192 unam
1403 4135 1572 4192 aliter
1596 4152 1662 4192 ae
1682 4143 1950 4206 cunctas,
1982 4155 2112 4195 sec-

459 4231 565 4288 tari
624 4233 806 4286 visus.
837 4230 1024 4300 Atque
1067 4225 1378 4300 prudentia
1430 4225 1667 4297 quidem
1725 4243 1910 4298 usque
1967 4229 2110 4285 adeo

459 4317 895 4392 ipsifamiliaris
913 4321 1056 4387 erat,
1075 4321 1262 4372 utnon
1294 4331 1540 4372 suorum
1563 4315 1752 4372 solum
1769 4316 2105 4388 equalium,

461 4409 563 4466 sed
593 4409 860 4464 omnium
893 4407 1033 4462 item
1070 4405 1171 4477 qui
1217 4413 1385 4460 antea
1417 4405 1664 4470 fuerant,
1697 4405 1864 4462 facile
1895 4407 2112 4478 primas

2291 3782 2414 3838 NB'.
2450 3779 2609 3837 Οὕτω
2641 3777 2697 3834 δὲ
2724 3779 2932 3834 τούτων
2971 3775 3344 3852 διακειμένων,
3379 3777 3479 3833 οὒκ
3507 3777 3666 3833 αὐτὸν
3699 3778 3871 3835 εἰπεῖν

2221 3870 2284 3926 ἃν
2339 3865 2493 3945 ἔχοις
2541 3871 2660 3924 καθ’
2709 3867 2896 3938 ἥντινα
2943 3869 3148 3923 τούτων
3205 3869 3437 3942 ἐκράτει,
3469 3867 3598 3923 ἀλλ’
3645 3869 3872 3924 ἑκαστα-

2218 3961 2326 4018 χοῦ
2369 3963 2468 4030 τήν
2519 3959 2641 4030 ἴσην
2686 3957 2903 4034 ἐφέρετο
2955 3961 3160 4032 ψῆφον,
3221 3961 3294 4020 ὼς
3346 3959 3473 4031 μίαν
3527 3957 3622 4018 τὰς
3671 3959 3870 4028 πάσας,

2219 4049 2254 4118 ἢ
2303 4051 2400 4118 τήν
2458 4049 2582 4122 μίαν
2630 4049 2703 4110 ὡς
2763 4049 2935 4108 πάσας
2988 4045 3162 4102 δοκῶν
3227 4049 3466 4119 μετιέναι
3499 4064 3515 4080 ⁸
3554 4049 3872 4124 φρονήσεως

2225 4143 2318 4214 μὲν
2377 4137 2466 4194 οὖν
2515 4137 2659 4193 οὕτω
2705 4137 2882 4210 τούτῳ
2927 4144 3219 4214 προσῆκεν,
3271 4138 3345 4200 ὡς
3398 4137 3474 4212 μή
3529 4135 3688 4212 μόνον
3760 4143 3872 4194 τῶν

2219 4231 2337 4284 καθ’
2401 4228 2585 4296 αὐτὸν,
2653 4226 2799 4282 ἀλλά
2855 4227 2944 4281 καὶ
3001 4231 3108 4281 τῶν
3165 4227 3269 4302 πρὸ
3317 4225 3482 4282 αὐτοῦ
3539 4227 3753 4283 πάντων
3803 4230 3874 4284 τὰ

2219 4314 2478 4394 πρεσϐεῖα
2527 4311 2736 4384 λαϐεῖν,
2786 4314 2876 4371 καί
2921 4315 3057 4370 κατά
3103 4315 3300 4378 παντὸς
3346 4318 3423 4388 (2)
3462 4313 3691 4390 ἅρασθαι
3737 4317 3872 4392 κράο

2221 4430 2314 4472 τος
2373 4409 2460 4462 καὶ
2515 4406 2822 4480 θαυμαστὸν
2877 4403 3030 4482 ἅμφρ
3087 4405 3350 4482 γενέσθαι,
3393 4405 3482 4460 καὶ
3541 4407 3628 4468 οἷς
3673 4411 3869 4462 τοῦτον

461 4513 614 4554 unus
643 4498 836 4564 ferret,
859 4501 916 4551 et
944 4496 1014 4551 de
1043 4495 1201 4550 omni
1231 4492 1574 4550 saeculorum
1597 4497 1883 4552 vetustate
1903 4496 2109 4552 trium-

2225 4497 2508 4574 ὑπερέσχε,
2567 4495 2659 4551 καὶ
2719 4497 2802 4558 οἷς
2861 4516 2922 4572 γε
2973 4499 3254 4565 τοσοῦτον,
3285 4493 3411 4548 ὅσον
3467 4495 3570 4550 οὐκ
3611 4494 3674 4550 ἂν
3705 4495 3872 4571 ἄγνο-

2227 4591 2254 4601 -
2549 4591 2576 4601 ..
2796 4585 2812 4601 ς
2952 4583 2968 4601 ι
3060 4582 3106 4601 ,.
3173 4585 3201 4601 τ-
3403 4583 3418 4601 ι
3531 4583 3545 4601 ν
3629 4585 3643 4601 ι
3755 4585 3768 4601 .
3817 4587 3834 4601 ε

461 4587 686 4660 pharet,
735 4593 1008 4657 essetque
1062 4583 1328 4640 bifariam
1380 4583 1666 4656 praecipue
1721 4585 2104 4657 admirabilis,

462 4682 590 4734 tum
622 4677 778 4749 quod
805 4691 988 4731 aevum
1011 4675 1203 4746 ipsum
1223 4677 1545 4745 superarat,
1567 4678 1688 4730 tum
1719 4676 1870 4745 quod
1895 4675 1954 4730 in
1975 4679 2104 4732 tan-

459 4775 587 4828 tum
619 4771 947 4842 superarat,
979 4769 1265 4838 quantum
1291 4764 1512 4820 nescire
1544 4781 1714 4821 nemo
1744 4767 1942 4836 possit.
1979 4768 2101 4823 Pri-

461 4877 624 4917 mum
655 4859 810 4914 enim
834 4857 986 4912 exiis
1016 4872 1139 4926 quae
1169 4855 1294 4926 ipse
1315 4854 1386 4910 de
1405 4853 1598 4924 seipso
1630 4853 1935 4910 hominum
1977 4873 2104 4914 om-

459 4951 628 5008 nium
659 4946 1047 5021 pulcherrime
1075 4945 1278 5002 statuit
1297 4961 1364 5002 ac
1393 4943 1921 5015 perfecit,nostram
1953 4945 2104 5002 hanc

457 5039 806 5098 sentcntiam
837 5035 1127 5093 luculente
1158 5033 1494 5090 conﬁrmat:
1519 5033 1679 5090 nullo
1712 5033 1980 5091 videlicet
2005 5035 2104 5092 ille

453 5147 618 5188 vanas
637 5127 856 5202 gloria,
891 5131 948 5182 et
975 5123 1242 5196 potentia
1273 5127 1328 5180 et
1350 5123 1638 5194 superbiai
1670 5123 1864 5180 studio
1923 5125 2102 5182 duce-

453 5223 648 5278 batur.
680 5224 804 5276 Non
836 5216 1082 5272 inﬁdum
1105 5213 1272 5270 illum
1301 5217 1360 5268 et
1389 5213 1651 5284 fugacem
1703 5210 1928 5269 colebat
1969 5214 2102 5272 Plu-

455 5317 605 5377 tum,
639 5309 802 5366 illum
839 5305 1124 5363 scelerum
1185 5303 1414 5370 ducem,
1449 5301 1854 5374 bonarumque
1911 5319 2104 5360 rerum

459 5399 724 5456 omnium
753 5409 1094 5464 eversorem,
1111 5397 1178 5450 ut
1207 5392 1290 5450 sic
1311 5407 1445 5450 cum
1468 5391 1718 5464 quodam
1751 5391 1952 5463 loquar
1973 5409 2106 5466 poc-

531 5548 578 5584 “
607 5545 764 5606 Psal.
793 5561 985 5614 Lxxm,
1015 5545 1070 5603 8.

535 5693 614 5764 (1)
645 5695 717 5764 De
747 5691 1094 5764 Repupt._lx.

537 5757 612 5834 (2)
641 5763 801 5820 Addo
818 5757 916 5817 τοῦ
945 5761 1166 5829 αἰῶνος,
1193 5765 1294 5817 aut
1321 5762 1420 5814 τοῦ
1451 5759 1657 5836 χρόνου
1683 5765 1748 5818 ut
1777 5776 1941 5818 num.
1973 5757 2164 5818 XLVI.

2217 4591 2344 4658 ἧσαι
2395 4607 2408 4620 ⁸
2469 4591 2687 4660 πρῶτον
2757 4585 2849 4658 μὲν
2907 4583 3011 4661 γὰρ
3056 4582 3106 4654 ἐξ
3165 4585 3237 4638 ὧν
3295 4583 3420 4658 περὶ
3487 4583 3651 4639 αύτοὸ
3707 4585 3872 4649 αὐτὸς

2212 4677 2462 4734 κάλλιστ’
2519 4675 2819 4749 ἀνθρώπων
2881 4671 3020 4749 ἔγνω
3087 4673 3174 4727 καὶ
3247 4672 3640 4746 κατεπράξατο,
3693 4671 3868 4744 δῆλον

2215 4769 2244 4823 δ
2301 4766 2446 4842 λέγω
2495 4769 2644 4822 ποιεῖ
2675 4784 2689 4797 ·
2751 4765 2814 4819 ού
2871 4769 3030 4832 κενῆς
3086 4759 3249 4834 δόξης
3299 4763 3390 4817 καὶ
3433 4761 3743 4826 δυναστείας
3775 4767 3868 4822 καὶ

2211 4859 2382 4936 τύφου
2440 4857 2734 4932 γενόμενος
2792 4853 3045 4928 ἐραστὴς,
3087 4849 3206 4907 οὐδ’
3259 4853 3636 4926 ἀσπασάμενος
3688 4853 3870 4909 πλού-

2211 4948 2302 5002 τὸν
2358 4947 2447 5000 τὸν
2501 4947 2722 5000 ἄπιστον
2781 4943 2868 4998 καὶ
2925 4939 3217 5017 δραπέτην,
3275 4939 3364 4996 καὶ
3435 4940 3712 5018 ἀρχηγὸν’
3753 4947 3866 4999 τῶν

2211 5039 2415 5104 κακῶν,
2465 5033 2556 5088 καὶ
2614 5033 2786 5087 πάντα
2832 5029 3177 5104 χαλὲπτοντα
3229 5029 3365 5084 κατά
3426 5049 3544 5084 τινα
3600 5033 3865 5105 ποιητὴν,

2215 5121 2332 5179 οὐδ’
2381 5121 2570 5178 ἄλλων
2611 5143 2672 5198 γε
2729 5117 2944 5182 οὐδενὸς
3011 5117 3130 5174 οὐδ’
3197 5120 3431 5174 ὁντινοῦν
3488 5120 3866 5194 ποιησάμενος

2216 5209 2402 5288 λόγον,
2453 5211 2550 5266 ὅτα
2600 5209 2727 5272 τοὺς
2771 5209 3208 5284 προστετηκότας
3263 5206 3486 5282 ἀπάγειν
3537 5203 3653 5262 οἶδε
3703 5214 3861 5266 Θεοῦ.

2213 5299 2360 5356 ἀλλά
2407 5300 2469 5356 τὸ
2523 5299 2663 5374 μέγα
2705 5297 2794 5353 καὶ
2853 5315 3262 5372 περιμάχητον,
3291 5295 3382 5350 καὶ
3427 5295 3590 5368 μόνον
3619 5295 3693 5358 ὡς
3721 5295 3862 5368 ἀλη-

2213 5391 2320 5453 θῶς
2378 5389 2654 5445 θεσπέσιον
2707 5393 2904 5464 χρῆμα
2964 5387 3063 5456 τὴν
3131 5385 3327 5463 ἀρετὴν
3407 5381 3483 5446 ὥς
3557 5385 3658 5461 πέρ
3742 5383 3864 5442 τίνα
