4118 6214
289 405 379 465 $9

1231 395 1622 458 LAUDATIO
1665 399 1729 456 S.
1778 392 2145 457 GREGORH
2191 391 2613 454 THEOLOGI.

3512 402 3631 462 270

283 535 485 603 ξύνοικον
531 528 784 603 ἐλόμενος
829 525 1025 600 ἐαυτῷ,
1073 526 1164 583 καὶ
1215 526 1416 596 ταύτης
1463 527 1555 582 τὸν
1616 525 1720 582 ὑπὸ
1769 532 1873 602 γῆν

2013 543 2045 582 a
2074 527 2175 598 (2).
2209 525 2334 581 Non
2359 523 2507 581 alius
2538 524 2620 581 rei
2650 525 2849 596 ullius,
2873 527 2944 582 de
2966 527 3038 584 iis
3059 544 3188 601 quae
3214 529 3328 586 sibi
3349 530 3638 590 afﬂixosia

277 641 324 675 τε
371 618 448 674 καὶ
500 618 621 690 ὑπὲρ
671 619 774 692 γῆν
825 616 1030 691 χρυσὸν
1083 615 1182 670 οὐκ
1230 615 1473 685 ἀντάξιον
1506 615 1713 688 κρίνας,
1743 614 1880 669 κατὰ

277 711 352 764 τὸν
399 706 671 768 Πλάτωνος
727 705 913 781 λόγον,
974 704 1220 779 ῥᾳστώνῃ
1275 702 1465 778 πολλῇ
1521 701 1696 778 διῆγε,
1747 707 1881 758 Θεοῦ

275 796 517 868 ξυνουσίαν
549 795 620 857 εἰς
651 797 789 851 ἅπαν
818 796 1366 870 πραγματευόμενος.

1990 617 2104 672 Deo
2137 615 2455 682 abducunt,
2474 613 2654 670 ullam
2677 616 2901 686 penitus
2930 617 3210 673 rationem
3241 618 3514 681 habebat.
3527 623 3638 680 Sed

1993 721 2116 760 rem
2147 704 2410 760 omnium
2444 703 2777 776 maximam,
2809 706 3161 777 summisque
3191 707 3430 779 viribus,
3455 716 3512 768 et
3541 729 3638 768 so-

1998 794 2113 849 lam
2147 793 2395 865 perfecto
2425 792 2704 863 divinam,
2745 794 3125 864 virtutem,in
3192 798 3640 858 contubernium

275 905 422 945 suum
450 887 790 954 adsciscens,
812 886 1012 958 illique
1025 901 1240 942 omnem
1270 887 1398 942 auri
1418 887 1528 941 vim
1558 901 1676 957 quae
1696 885 1792 940 sub
1820 888 1989 951 terra,
2015 887 2114 941 aut
2139 898 2301 954 super
2328 887 2536 938 terram
2573 888 2652 938 est
2691 886 2916 939 minime
2933 887 3356 956 comparandam
3375 888 3577 946 ducens
3620 909 3641 948 :

275 996 328 1035 ex
355 977 625 1034 sententia
654 977 914 1033 Platonis
953 977 1050 1048 (De
1082 977 1316 1047 legibus,
1349 975 1501 1031 libro
1535 975 1739 1048 quinto
1763 974 1834 1030 ab
1865 973 2076 1042 initio).
2116 974 2262 1028 bene
2318 988 2459 1028 sane
2497 972 2783 1045 beateque
2829 975 3058 1046 agebat,
3091 979 3148 1030 et
3183 975 3241 1032 in
3293 977 3639 1040 familiarem

275 1069 357 1125 Dei
379 1067 853 1124 consuetudinem
886 1081 1059 1124 omne
1086 1066 1352 1122 studium
1385 1080 1738 1136 omnemque
1759 1079 1994 1136 operam
2028 1062 2384 1118 conferebat.

332 1161 434 1211 NI”.
467 1156 667 1212 Ἐπειτ’
696 1152 750 1210 ἐν
789 1154 1001 1230 λόγοις,
1044 1155 1132 1218 τίς
1181 1155 1274 1228 μὲν
1321 1154 1496 1216 οὕτως
1542 1151 1719 1208 ὦπται
1773 1155 1882 1208 τῶν

274 1246 458 1300 πάντων
486 1245 711 1320 γόνιμος
743 1245 834 1299 καὶ
865 1241 1060 1314 δεινὸς,
1093 1243 1185 1298 καὶ
1216 1245 1337 1313 ὀξὺς
1366 1244 1455 1298 καὶ
1487 1243 1770 1319 ἀγχίνους,
1796 1241 1884 1296 καὶ

275 1339 337 1405 τῷ
386 1330 498 1403 ἡδεῖ
549 1334 611 1387 τὸ
669 1332 924 1389 ποικίλον
986 1332 1384 1407 συμμεμιχὼς,
1441 1333 1532 1388 καὶ
1578 1331 1750 1406 ταύτῃ
1795 1329 1886 1386 τόν

275 1426 505 1497 ἂκροατὴν
560 1421 808 1494 έξιστάςς
863 1422 944 1485 τίς
1003 1421 1060 1478 δὲ
1117 1422 1255 1496 πρὸς
1323 1422 1496 1484 πάσας
1560 1421 1768 1496 βουλάς
1827 1442 1886 1476 τε

274 1513 344 1566 καὶ
388 1511 591 1585 πράξεις
649 1511 824 1575 οὕτως
876 1512 1205 1584 ἓτοιμότατα
1260 1511 1352 1565 καὶ
1399 1509 1672 1566 κάλλιστα
1719 1504 1884 1584 ἔχων,

276 1602 333 1662 ὡς
383 1603 509 1674 μήτε
561 1600 657 1664 τὰς
705 1599 910 1675 βουλὰς
961 1599 1062 1671 ἔξω
1109 1605 1208 1656 τοῦ
1275 1598 1638 1676 λογιζομένου
1693 1620 1752 1656 τε
1797 1599 1887 1653 καὶ

2066 1151 2439 1209 LIII.Deinde
2487 1152 2546 1209 in
2567 1152 2934 1210 orationibus
2965 1153 3344 1213 conficiendis
3366 1160 3500 1231 quis
3531 1177 3642 1218 un-

1992 1257 2167 1313 quam
2196 1241 2525 1298 mortalium
2559 1243 2698 1298 adeo
2723 1242 3026 1312 fecundus,
3049 1247 3106 1298 et
3135 1260 3285 1315 acer,
3327 1255 3382 1303 et
3411 1254 3644 1321 acutus,

1993 1335 2050 1386 et
2077 1329 2332 1397 subtilis,
2368 1329 2559 1385 adhuc
2610 1331 2925 1403 apparuit?
2965 1331 3094 1402 quis
3146 1335 3492 1394 suavitatem
3549 1357 3647 1396 va-

1993 1420 2197 1475 rietate
2225 1436 2388 1490 asque
2418 1419 2658 1489 condiit,
2695 1437 2880 1492 eaque
2932 1422 3154 1480 ratione
3179 1425 3504 1483 auditorem
3553 1428 3647 1486 in-

1994 1511 2294 1579 stuporem
2328 1508 2622 1564 traduxit?
2643 1510 2775 1580 quis
2795 1510 2866 1565 ad
2889 1512 3085 1569 omnia
3106 1530 3231 1584 qua:
3253 1515 3314 1570 in
3345 1516 3649 1575 consulta-

1993 1597 2212 1652 tionem
2243 1597 2652 1669 actionemque
2678 1600 2936 1669 veniunt,
2972 1616 3154 1674 usque
3197 1603 3337 1661 adeo
3377 1612 3649 1680 prompte

276 1687 475 1763 δοκίμου
512 1692 599 1745 καὶ
652 1689 932 1766 ἀσφαλοῦς
984 1689 1326 1758 καθεστάναι,
1391 1691 1532 1764 μήτε
1594 1689 1688 1751 τὰς
1745 1689 1890 1764 πρά-

2011 1691 2174 1757 atque
2232 1686 2472 1758 pulchre
2524 1687 2845 1745 instructus
2898 1707 3134 1763 semper
3190 1693 3321 1762 fuit,
3363 1704 3424 1751 ut
3460 1679 3650 1771 neque

274 1783 359 1850 ξεις
407 1777 566 1834 ἐνδεῖν
610 1783 722 1835 τῶν
776 1778 1012 1854 βουλῶν,
1065 1778 1212 1835 ἀλλὰ
1258 1776 1632 1849 καταλλήλως
1689 1777 1890 1834 παντά-

274 1889 408 1924 πασιν
458 1866 642 1944 ἔχειν·
677 1869 792 1924 ἐπεὶ
848 1871 936 1924 καὶ
995 1869 1059 1925 τὸ
1115 1869 1339 1945 γεγονὸς
1392 1869 1445 1923 ἐν
1479 1869 1770 1942 Σασίμοις,
1799 1866 1891 1922 καὶ

273 1959 324 2013 τὸ
374 1959 459 2030 μὲν
517 1957 609 2014 οῦν
668 1959 766 2028 τὴν
821 1957 1165 2035 χειροτονίαν
1226 1959 1301 2020 ὡς
1382 1958 1547 2033 ῥᾷστα
1617 1955 1890 2034 δεδέχθαι,

277 2049 384 2119 μήτ’
434 2046 771 2116 ἄντιστάντα,
835 2050 965 2120 μήθ’
1046 2047 1194 2109 ὅλως
1279 2049 1462 2103 ὁτιοῦν
1547 2048 1891 2118 ἀντειπόντα,

273 2133 397 2191 αἰδοῖ
451 2139 681 2212 μεγίστῃ
754 2142 850 2193 τοῦ
923 2132 1386 2212 προϐαλλυμένου
1447 2138 1536 2192 καὶ
1613 2135 1892 2225 χρίοντοςζ

273 2226 438 2282 αὐτίκα
494 2225 550 2283 δὲ
602 2232 777 2283 ταῦτα
825 2226 1145 2284 καταλιπεῖν
1195 2229 1284 2282 καὶ
1343 2230 1557 2302 χαίρειν
1599 2225 1772 2297 ἐᾶσαι,
1803 2227 1892 2280 και

276 2313 388 2387 μηδ’
464 2317 712 2386 ἡντινοῦν
787 2316 1122 2392 ἐπιστροφὴν
1197 2317 1545 2384 πεποιῆσθαι,
1606 2319 1721 2377 πῶς
1796 2314 1896 2368 οὐκ

272 2404 323 2458 ἂν
366 2401 546 2480 ἀνδρὸς
601 2406 680 2466 ὡς
739 2405 947 2480 ἐγῷμαι
1008 2404 1208 2460 συνέσει
1275 2407 1558 2479 θαυμαστῇ
1611 2403 1896 2479 κεχρημέ-

270 2515 347 2548 νου
398 2495 479 2549 καὶ
522 2495 588 2549 τὰ
647 2493 862 2570 μεγάλα
899 2501 1029 2550 πᾶσι
1078 2495 1168 2550 καὶ
1221 2492 1509 2550 δοκοῦντος
1567 2496 1656 2548 καὶ
1715 2493 1891 2562 ὄντος,

276 2583 339 2654 μή
395 2583 734 2657 βουλομένου
793 2581 871 2652 δὲ,
930 2587 1067 2657 μήτε
1119 2585 1210 2639 τὸν
1268 2583 1546 2658 σύμπνουν
1603 2589 1703 2652 τῆς
1759 2584 1896 2656 πρὸς

272 2674 412 2726 τοῦτο
457 2673 814 2746 καινοτομίας
859 2675 937 2747 (ι)
1002 2673 1175 2728 αἰτίαν
1233 2679 1346 2735 τοῖς
1399 2672 1594 2734 ἄλλοις
1652 2670 1893 2746 ὑπέχειν,

273 2763 388 2832 μήθ’
440 2762 596 2817 αὑτὸν
652 2764 997 2835 νεμεσᾶσθαι,
1058 2762 1106 2816 εἷ’
1160 2767 1331 2817 πᾶσαν
1387 2764 1486 2831 τήν
1566 2759 1892 2834 οἰκουμένην

268 2848 318 2904 εὖ
358 2858 525 2906 ποιεῖν
571 2849 745 2927 ἔχων,
791 2846 972 2906 ἔπειτα
1021 2856 1270 2926 πνιγηρῷ
1326 2852 1417 2905 καὶ
1475 2849 1758 2925 αὐχμηρῷ
1805 2850 1892 2903 καὶ

268 2937 544 3016 θορυϐώδει
604 2941 698 2996 καὶ
757 2939 951 3019 φαύλῳ
979 2945 1096 3003 τοῖς
1127 2939 1281 3002 ὅλοις
1321 2939 1516 3015 χωρίῳ
1555 2938 1644 2994 καὶ
1685 2936 1897 2998 οὐδενὸς

2005 1776 2250 1833 consilia
2287 1777 2358 1832 ab
2391 1791 2456 1832 eo
2486 1779 2642 1848 quod
2685 1779 2982 1836 subducta
3024 1783 3236 1838 rationi
3276 1788 3561 1856 convenit,
3594 1792 3652 1845 et

2005 1866 2253 1938 probum
2285 1882 2350 1921 ac
2381 1870 2574 1922 tutum
2599 1871 2706 1928 est.
2739 1868 3093 1927 dissiderent
3149 1887 3342 1946 neque
3387 1876 3650 1936 actiones

2003 1955 2130 2011 suis
2158 1955 2430 2011 cederent
2459 1955 2744 2023 consiliis,
2772 1958 2870 2014 sed
2901 1963 3106 2016 mutuo
3157 1961 3269 2018 sibi
3301 1979 3402 2035 per
3453 1967 3654 2025 omnia

2005 2045 2398 2100 convenirent.
2469 2045 2770 2118 Siquidem
2831 2050 2982 2119 quod
3039 2051 3279 2109 Sasimis
3337 2055 3653 2130 accidebat,

2006 2133 2283 2189 nimirum
2324 2139 2389 2190 ut
2425 2150 2560 2192 cum
2619 2153 2734 2192 non
2789 2142 3020 2210 gravate
3085 2142 3462 2212 pontificatus
3494 2146 3660 2204 initia

2006 2224 2382 2295 suscepisset,
2414 2225 2558 2281 nihil
2593 2241 2945 2298 repugnans.
2977 2234 3079 2284 aut
3113 2232 3382 2290 omninos
3423 2244 3655 2292 contra-

2006 2311 2225 2382 dicens,
2259 2312 2332 2367 ob
2363 2329 2658 2370 summam
2692 2315 2953 2372 videlicet
2987 2318 3398 2391 inangurantis
3432 2339 3656 2396 ungen-

2009 2400 2201 2472 tisque
2231 2403 2637 2470 reverentiam,
2664 2419 2798 2460 mox
2827 2409 3020 2462 tamen
3069 2415 3271 2466 eadem
3304 2410 3658 2484 relinqueret

2007 2495 2066 2547 et
2093 2489 2284 2546 valere
2314 2491 2553 2560 sineret,
2582 2491 2848 2565 nihilque
2873 2495 2942 2551 de
2972 2495 3048 2552 iis
3086 2495 3398 2568 laboraret,
3424 2517 3539 2574 quo
3598 2503 3657 2558 id

2008 2581 2243 2636 tandem
2305 2581 2474 2636 modo
2521 2598 2636 2638 non
2691 2582 2817 2650 viri,
2873 2592 2935 2640 ut
3011 2585 3278 2658 arbitror,
3331 2591 3658 2648 incredibili

2009 2670 2318 2742 prudentia
2374 2671 2600 2742 praditi
2651 2673 2842 2744 fuerit,
2874 2680 2931 2730 et
2986 2677 3085 2747 qui
3135 2679 3374 2735 maximi
3416 2681 3657 2752 quidem

2009 2759 2283 2816 omnibus
2315 2760 2482 2831 pretii
2515 2777 2648 2816 cum
2697 2761 3006 2834 videretur,
3037 2769 3160 2821 tum
3212 2784 3414 2825 revera
3477 2775 3656 2842 esset,

2009 2850 2107 2904 sed
2134 2849 2229 2920 qui
2260 2848 2434 2904 nollet
2465 2854 2658 2906 tamen
2691 2855 2792 2906 aut
2821 2852 3078 2910 sodalem
3111 2871 3284 2912 suum
3316 2857 3649 2932 (Basiliam)

2008 2940 2202 2995 nescio
2234 2939 2400 3008 cujus
2423 2956 2582 2994 nova:
2615 2955 2680 2996 ea
2710 2941 2768 2996 in
2802 2959 2863 2998 re
2885 2943 3201 3002 molitionis
3240 2945 3472 3018 culpam
3504 2950 3654 3020 apud

267 3030 483 3099 καθάπαξ
542 3029 703 3101 ἀξίῳ,
781 3029 955 3106 φέρων
1023 3027 1363 3084 κατέκλεισεν
1449 3029 1657 3097 ἑαυτὸν,
1713 3025 1895 3101 ὥσπερ

2011 3027 2155 3084 alios
2184 3028 2490 3097 sustinere,
2524 3035 2625 3085 aut
2653 3031 3036 3103 semetipsum
3068 3034 3223 3091 haud
3261 3035 3476 3108 injuria
3526 3038 3656 3094 ideo

269 3118 550 3191 βασκαίνων
597 3119 932 3194 ἀνθρώποις,
982 3117 1028 3174 εἰ
1069 3123 1176 3174 τῶν
1219 3119 1386 3173 αὐτοῦ
1427 3118 1669 3194 χαρίτων
1733 3117 1894 3190 μετά·

267 3226 452 3284 σχοιεν.

2011 3117 2375 3190 reprehendi,
2409 3118 2458 3174 si
2499 3119 2599 3190 qui
2630 3119 3072 3192 praeclarissime
3104 3125 3174 3179 de
3219 3125 3486 3182 universo
3519 3127 3658 3185 orbe

2008 3216 2286 3263 terrarum
2318 3207 2526 3264 mereri
2546 3212 2784 3280 poterat.
2800 3209 2896 3267 ille
2916 3211 3258 3270 conclusum
3273 3216 3654 3290 semetipsum

264 3303 484 3367 teneret,
509 3300 570 3357 in
592 3299 814 3372 angulo
857 3301 998 3356 adeo
1039 3305 1307 3366 aestuoso,
1338 3304 1396 3355 et
1441 3299 1727 3370 squalido,
1760 3301 1817 3354 et
1861 3296 2222 3362 turbulento,
2255 3301 2330 3383 et.
2369 3297 2630 3369 undique
2671 3301 3196 3373 contemptissimo,
3230 3307 3288 3360 et
3328 3305 3428 3376 qui
3487 3307 3653 3367 nullo

266 3405 484 3460 prorsus
513 3407 763 3448 numero
791 3395 965 3457 esset,
1001 3390 1172 3463 quasi
1204 3393 1254 3446 si
1286 3391 1571 3446 bonorum
1602 3406 1844 3445 suorum
1876 3404 2048 3444 usum
2081 3387 2416 3444 hominibus
2437 3389 2734 3445 invideret.

325 3482 442 3538 NA'.
484 3480 595 3536 Καὶ
659 3480 767 3552 μὴν
823 3479 886 3534 τὸ
937 3479 1006 3533 τὰ
1061 3479 1155 3552 μὲν
1197 3479 1470 3554 προσόντα
1508 3478 1780 3548 συναύξειν
1815 3477 1892 3532 εἰ·

267 3564 395 3621 δέναι
448 3574 557 3624 τῶν
611 3569 830 3644 ἀγαθῶν
874 3568 965 3624 καὶ
1017 3568 1192 3642 μείζω
1240 3569 1330 3623 καὶ
1379 3566 1558 3623 πλείω
1598 3573 1800 3638 ποιεῖν,
1830 3567 1896 3621 τὰ

264 3653 304 3709 δ’
330 3656 385 3711 ού
441 3658 722 3733 προσόντα
783 3659 903 3730 μὲν,
934 3660 1023 3713 οἷα
1080 3656 1128 3711 δ’
1166 3655 1228 3712 ἃν
1284 3656 1671 3734 προσγενέσθαι
1726 3676 1896 3733 προσ-

264 3756 528 3818 επινοῆσαι
585 3750 678 3804 καὶ
736 3750 1108 3824 προσεξευρεῖν
1169 3771 1227 3804 τε
1294 3751 1382 3805 καὶ
1448 3752 1896 3826 κατεργάσασθαι,

262 3842 369 3910 περί
425 3837 470 3894 δ’
502 3839 572 3894 αὖ
632 3843 740 3894 τῶν
799 3838 1051 3894 ἐναντίων
1111 3841 1198 3894 καὶ
1259 3839 1455 3916 ἐτέρων
1481 3845 1600 3902 τοῖς
1638 3838 1900 3901 ἐναντίοις

263 3931 575 4001 κεχρῆσθαι,
607 3927 716 3982 τίνι
749 3926 965 4001 μᾶλλον
995 3929 1030 3998 ἢ
1077 3929 1254 4001 τούτῳ
1305 3931 1694 4003 κατώρθωται;
1729 3929 1794 3984 Εἰ
1842 3925 1899 3982 δὲ

263 4016 339 4070 καὶ
393 4018 454 4072 τὸ
518 4019 618 4090 μὶν
676 4019 743 4072 τὰ
798 4019 1003 4092 ἀρχαῖα
1075 4021 1343 4094 κατάκρας
1421 4015 1640 4086 εἰδέναι,
1700 4021 1898 4095 γνῶσιν

265 4102 313 4159 δὲ
363 4108 575 4162 τούτων
617 4101 816 4180 ἂκριϐῆ
877 4107 1222 4182 πεπορίσθαι,
1254 4108 1342 4162 καὶ
1407 4105 1575 4181 μηδὲν
1605 4109 1679 4169 ὡς
1735 4106 1902 4162 εἰπεῖν

265 4200 359 4248 τῶν
408 4201 527 4258 τοῖς
575 4195 833 4258 παλαιοῖς
887 4193 1186 4270 εἰρημένων
1227 4198 1316 4252 καὶ
1357 4196 1747 4273 πεπραγμένων
1797 4193 1898 4269 ἔξω

263 4290 350 4352 τῆς
405 4285 575 4340 αὐτοῦ
634 4282 893 4353 διανοίας,
923 4285 1042 4362 τόγ’
1101 4284 1177 4347 εἰς
1234 4284 1393 4340 αὐτὸν
1448 4288 1585 4355 ἧκον
1641 4285 1899 4355 ἐθελῆσαι

265 4372 602 4444 καταλιπεῖν,
651 4372 870 4429 πολλοῦ
926 4394 1072 4435 τινος
1140 4370 1307 4445 ἄξιον,
1360 4375 1468 4430 τίνι
1522 4379 1632 4431 τῶν
1691 4374 1903 4431 πάντων

263 4461 394 4519 οὕτω
472 4463 774 4539 περίεστιν,
853 4463 929 4526 ὡς
998 4459 1133 4517 ἕνεκ’
1209 4463 1372 4519 αὐτοῦ
1454 4459 1904 4538 παραϐεϐλῆσθαι

260 4551 426 4625 τούτῳ
469 4553 562 4607 καὶ
616 4552 860 4626 unciis;
894 4549 1034 4607 ὥστε
1080 4552 1169 4608 καὶ
1218 4551 1269 4623 ἐξ
1309 4552 1383 4607 ὦν
1434 4549 1681 4627 ὑπερεῖδε
1718 4553 1809 4608 καὶ
1853 4553 1905 4624 ἐξ

258 4642 324 4695 ὧν
370 4640 642 4715 εὑκληρίᾳ
689 4641 899 4720 φύσεως
957 4637 1085 4716 ἔσχε
1111 4663 1122 4676 ·
1164 4642 1252 4696 καὶ
1307 4643 1391 4704 οἷς
1422 4642 1678 4698 ἁπάντων
1713 4643 1788 4706 ὡς
1825 4642 1907 4698 εἰ-

262 4735 371 4786 πεῖν
431 4733 632 4807 γέγονε
703 4729 950 4806 πλήρης,
1011 4729 1317 4805 εὐδοκιμεῖν
1393 4733 1656 4807 ὑπάρχειν
1736 4732 1905 4804 αὐτῷ,

261 4823 341 4876 καὶ
401 4825 617 4900 φρονῶν
674 4819 730 4875 εὗ
789 4821 940 4889 ἥκειν
984 4821 1116 4896 ὑπέρ
1148 4819 1240 4884 οὓς
1269 4820 1328 4877 ἄν
1361 4843 1445 4884 τις
1492 4823 1580 4877 καὶ
1630 4822 1786 4901 φαίη,
1818 4821 1906 4878 καί

267 4910 424 4984 μόνον
488 4907 691 4965 εἰδέναι
748 4910 967 4987 φάσκειν
1021 4911 1136 4965 τάτ’
1184 4909 1308 4967 ὄντα
1361 4911 1477 4968 τάτ’
1535 4911 1764 4985 ἐσόμενα
1799 4913 1906 4987 πρό

332 5133 560 5205 (1)Τῆς
589 5131 753 5206 πρός
782 5134 980 5206 τοῦτο
1008 5128 1906 5206 καινοτομίαςᾟιαοθιαᾱὴυο,

262 5213 406 5276 quod
465 5205 730 5277 primum
790 5205 1108 5277 placuerat,
1132 5205 1350 5269 τοῦτον,
1378 5215 1436 5277 et
1501 5205 1561 5260 in
1600 5206 1906 5277 versione,

259 5275 405 5332 nova:
425 5275 563 5348 erga
593 5275 802 5348 ipsum’
837 5275 1145 5347 affectionis
1194 5276 1757 5349 machinationisque.
1793 5277 1905 5332 Sed

262 5350 386 5420 tum
436 5349 775 5420 conjectura
859 5355 1001 5420 erat.
1053 5363 1208 5403 nunc
1239 5419 1249 5420 ί
1285 5353 1636 5420 praeeuntem
1695 5365 1908 5420 sequor

261 5415 736 5494 Gregoriumsic
781 5415 1133 5494 Βασίλειον
1164 5420 1204 5473 f.
1228 5415 1337 5494 2.75
1373 5419 1519 5494 :_i§ai
1549 5419 1650 5494 γὰρ
1696 5415 1906 5490 ὁμολο-

260 5485 411 5563 γήσῶ
440 5492 507 5565 τὸ
538 5490 731 5565 πάθος,
765 5485 898 5565 ⁸οὐδὲ
945 5485 1132 5550 ἄλλως
1165 5493 1282 5565 τοῖς
1327 5485 1573 5565 πολλοῖς
1613 5485 1908 5565 ἆγνόουμε-

259 5560 371 5632 νον,
415 5563 524 5632 τήν
580 5560 722 5636 περὶν
754 5562 904 5633 ἡμᾶς
958 5560 1314 5632 καινοτομίαν
1358 5561 1445 5616 καὶ
1499 5560 1746 5617 ἂπιστίαν
1778 5560 1907 5631 πῆς

262 5630 384 5687 οὐδὶ
415 5635 444 5688 ὁ
477 5633 677 5702 χρόνος
734 5634 833 5702 τὴν
893 5631 1074 5702 λύπην
1126 5630 1422 5689 ἀνάλωσεν.
1454 5636 1694 5692 Constat
1749 5636 1906 5691 enim

262 5652 384 5687 00οε
415 5652 444 5688 ο
477 5652 677 5708 χρονος
734 5652 833 5702 την
895 5652 1074 5703 Λυπην
1126 5652 1422 5689 αναΛωσεν.
1454 5652 1694 5692 υοοειαι
1749 5652 1906 5691 enim

261 5705 410 5762 inter
439 5722 669 5776 omnes,
701 5722 834 5764 cum
861 5721 1010 5779 agre
1049 5704 1451 5764 Sasimenssm
1481 5705 1650 5764 illum
1690 5707 1908 5780 episco-

2076 3477 2218 3533 LIV.
2249 3475 2378 3534 Jam
2439 3494 2608 3549 porro
2665 3480 2798 3552 quis
2856 3497 3114 3553 unquam
3177 3484 3404 3543 felicius
3454 3497 3649 3548 nostro

2006 3568 2340 3637 rectiusque
2397 3572 2586 3635 norat,
2636 3570 2754 3625 sive
2812 3572 3117 3641 praesentia
3189 3590 3401 3647 augere
3475 3579 3653 3650 bona,

2008 3657 2411 3729 amplioraque
2440 3658 2640 3713 eadem
2673 3663 2850 3730 atque
2880 3661 3202 3732 copiosiora
3239 3665 3489 3735 efﬁcere,
3518 3669 3641 3726 sive

2009 3747 2295 3813 absentia,
2354 3747 2453 3803 sed
2512 3748 2818 3817 parabilia,
2869 3751 3154 3822 sagaciter
3200 3757 3544 3828 excogitare,
3596 3763 3656 3814 et

2009 3836 2362 3903 adinvenire,
2395 3839 2956 3909 etcomparare,sive
2979 3840 3038 3896 in
3071 3844 3450 3902 contrariiset
3477 3846 3653 3904 alius-

2010 3926 2168 3981 modi
2200 3925 2372 3981 rebus
2410 3925 2612 3982 dextre
2656 3927 2737 3982 uti
2770 3930 3115 3985 contrariis?
3137 3931 3360 3989 Rursus
3399 3937 3449 3990 si
3508 3938 3657 3992 anti-

2012 4031 2127 4086 qua
2158 4015 2357 4070 omnia
2386 4017 2631 4086 perfecte
2683 4021 2897 4080 tenere.
2924 4035 3238 4093 rerumque
3259 4024 3390 4093 ejus
3429 4027 3656 4098 generis

2012 4105 2356 4174 exquisitam
2389 4113 2766 4161 consecutum
2797 4123 2924 4164 esse
2955 4111 3281 4179 scientiam,
3314 4117 3485 4186 atque
3516 4115 3660 4172 adeo

2016 4193 2162 4248 nihil
2194 4195 2616 4266 propemodum
2645 4211 2839 4253 eorum
2874 4214 3000 4270 quas
3031 4199 3274 4272 pulchre
3300 4204 3373 4259 ab
3400 4205 3661 4277 antiquis

2017 4283 2176 4339 dicta
2232 4283 2498 4354 factaque
2547 4288 2702 4352 sunt,
2755 4293 3039 4358 quantum
3088 4291 3145 4346 in
3195 4291 3324 4362 ipso
3363 4297 3472 4363 est,
3501 4299 3661 4350 extra

2013 4371 2404 4444 cognitionem
2437 4389 2600 4430 suam
2633 4374 2961 4448 relinquere
2982 4378 3147 4448 velle,
3179 4379 3237 4436 id
3289 4398 3498 4455 magno
3543 4384 3662 4439 uti-

2015 4478 2127 4534 que
2147 4461 2350 4518 haberi
2375 4463 2432 4518 in
2466 4463 2650 4533 pretio
2682 4464 2857 4521 solet:
2880 4467 3065 4537 eccui,
3089 4486 3304 4538 quaeso,
3328 4473 3660 4528 mortalium

2015 4552 2282 4608 omnium
2338 4557 2502 4608 tanta
2563 4570 2764 4611 earum
2808 4571 3000 4614 rerum
3063 4558 3250 4615 adfuit
3280 4562 3468 4632 copia,
3501 4567 3566 4618 ut
3592 4578 3658 4618 eo

2017 4643 2254 4700 nomine
2271 4643 2357 4699 vel
2390 4643 2509 4700 ulla
2540 4660 2608 4700 ex
2639 4650 2800 4717 parte
2831 4663 2962 4704 cum
2996 4657 3193 4706 nostro
3224 4653 3658 4723 componendus

2016 4733 2131 4790 sit?
2169 4733 2242 4789 Ut
2273 4751 2341 4790 ex
2361 4734 2432 4790 iis
2455 4736 2594 4792 adeo
2616 4739 2738 4792 tam
2788 4753 2921 4808 qua)
2960 4740 3453 4810 pretermittebat,
3485 4757 3660 4813 quam

2019 4839 2146 4893 quae
2200 4823 2422 4894 ingenii
2474 4823 2745 4882 felicitate
2785 4827 3026 4897 adeptus
3080 4829 3336 4892 tenebat,
3394 4835 3451 4886 et
3502 4830 3658 4901 quod

2017 4913 2188 4970 bonis
2213 4913 2389 4970 rebus
2419 4913 2721 4986 omnibus,
2753 4920 2818 4973 ut
2850 4932 2964 4974 uno
2996 4933 3119 4974 rem
3150 4920 3324 4976 verbo
3369 4918 3660 4991 exprima-

2018 5140 2220 5210 patum
2254 5137 2561 5213 admisisse
2591 5140 2956 5213 Gregorium,
2988 5146 3115 5199 tum
3160 5160 3191 5200 e
3223 5143 3476 5213 vestigio,
3498 5143 3659 5200 nullo

2019 5225 2190 5285 opere
2221 5210 2522 5285 pontificio
2547 5210 2732 5280 edito,
2749 5217 2923 5285 atque
2953 5215 3257 5271 oii‘ensiore
3293 5210 3659 5272 in‘Basilium

2019 5282 2212 5358 animo
2246 5281 2380 5358 inde
2411 5298 2542 5358 sese
2566 5281 2942 5358 proripuisse.
2975 5286 3035 5341 Id
3095 5287 3251 5358 quod
3289 5292 3347 5342 et
3391 5287 3662 5344 Theodu-

2015 5351 2110 5431 l_u_s
2143 5353 2468 5431 nosterhoc
2497 5351 2622 5431 loco
2643 5351 2844 5431 et‘cap.
2878 5357 2948 5431 8_0
2965 5351 3377 5430 nonnullisque
3423 5375 3664 5431 sequen-

2018 5425 2178 5501 tibus
2199 5424 2396 5501 tradit,
2427 5434 2482 5501 et
2507 5426 2630 5496 ipse
2685 5424 2997 5501 Gregorius
3039 5431 3192 5485 dicto
3241 5424 3368 5501 jim
3441 5424 3568 5488 loco
3611 5442 3665 5489 et

2018 5495 2358 5574 Apologetico
2389 5495 2460 5551 ad
2488 5495 2722 5574 patrem,
2746 5495 2854 5574 sed
2879 5515 3012 5555 vero
3045 5495 3336 5574 imprimis
3363 5503 3534 5573 epist.
3565 5503 3656 5574 3i,

2019 5567 2090 5621 ad
2125 5567 2426 5640 Basilium,
2449 5571 2794 5640 eticarmine
2825 5573 2902 5627 De
2920 5574 3038 5626 vita
3067 5567 3188 5640 sua,
3222 5573 3323 5629 ubi
3371 5567 3476 5630 n'ec
3543 5567 3655 5632 sto:

2019 5637 2312 5719 macbq_et
2341 5639 2809 5719 asperioribusin
2841 5642 3121 5701 Basilium
3143 5637 3334 5703 verbis
3357 5649 3661 5719 temperat.

2090 5710 2170 5782 (2)
2202 5709 2436 5784 Phocyl.
2473 5712 2539 5784 V,
2569 5713 2660 5770 40.
