4118 6214
481 419 598 482 271
1789 413 2180 478 THEODULI
2225 413 2578 478 MONAGHI
3759 425 3882 486 272

483 555 1147 623 mus,cumulatissimus
1167 559 1308 624 erat,
1325 572 1428 612 sua
1449 555 1687 611 omnino
1709 552 1934 609 homini
1965 552 2092 608 laus

2231 553 2280 606 τ’
2309 551 2494 608 ἐόντα·
2529 550 2756 626 ἒσόμενα
2804 551 2862 609 δὲ
2917 555 3035 611 κάτ’
3064 555 3224 612 αὐτὸν
3284 561 3478 614 τοῦτον
3541 559 3707 635 λέγω,
3741 585 3880 634 προ-

481 646 764 719 Βοηωειυο
823 645 1034 702 mentis
1082 647 1280 714 decus,
1313 661 1491 718 supra
1515 657 1898 716 quoscunque
1929 643 2090 698 nomi

2231 643 2457 716 φητικὸν
2503 643 2688 697 ἑαυτὸν
2735 645 2822 697 καῖ
2881 643 3154 716 βλέποντα
3191 647 3260 700 τὰ
3307 641 3610 720 ἔμπρὸσθεν
3663 671 3882 726 προσει-

477 751 622 792 nare
649 737 962 807 quisquam
989 735 1194 810 possit,
1225 740 1471 802 constet,
1503 737 1561 790 et
1607 731 1769 789 solus
1817 733 1955 788 item
2013 731 2115 792 sit,
2229 731 2418 786 πάντα.

477 843 508 875 ι
531 825 630 897 qui
649 843 778 898 qua?
807 831 966 896 sunt,
995 843 1120 898 quas
1153 827 1347 882 futura
1369 833 1527 896 sunt,
1553 839 1798 896 quaeque
1817 823 1956 879 olim
1981 823 2208 878 fuerant
2235 823 2336 894 (1),
2369 844 2398 874 ››
2429 823 2734 880 enuntiare
2777 828 3052 898 potuerit,
3087 828 3284 884 futura
3323 835 3515 888 autem
3561 833 3686 905 ipso
3737 833 3880 890 mihi

475 920 770 986 precante
791 916 1062 988 Gregorio
1084 917 1257 984 addo,
1289 917 1385 987 qui
1439 937 1467 966 «
1494 913 1898 986 propheticum
1932 933 1960 962 ››
2001 927 2126 968 sese
2165 910 2401 982 alicubi,
2435 937 2463 964 »
2501 929 2812 986 rerumque
2858 917 3188 976 futurarum
3241 922 3568 991 providum,
3601 923 3876 996 appellat,

547 1004 661 1063 LV.
703 1005 1218 1064 Verumenimvero
1267 1011 1331 1062 ut
1376 1007 1518 1063 adeo
1569 1019 1710 1062 sane
1762 1003 1995 1076 copiose
2045 1002 2116 1058 de

471 1097 783 1168 prudentia
813 1100 1019 1162 nostri,
1051 1115 1232 1169 eoque
1277 1100 1570 1169 spectante
1616 1095 1909 1150 luculenta
1967 1109 2116 1164 pm-

472 1187 706 1254 stantia,
739 1188 858 1245 sive
885 1189 1315 1262 exsuperantia,
1338 1205 1436 1244 seu
1477 1203 1589 1259 quo
1619 1185 1731 1242 alio
1788 1185 1978 1241 dicam
2019 1199 2116 1239 no-

469 1277 630 1334 mine
651 1279 867 1346 nescio,
890 1280 1174 1336 disserere
1219 1277 1646 1350 potuimus'ita
1711 1275 1988 1331 imemine
2046 1274 2115 1330 de

469 1367 812 1424 fortitudine
859 1383 1169 1439 rerumque
1217 1367 1480 1424 omnium
1531 1365 1812 1435 patentia,
1857 1369 1960 1421 aut
2007 1363 2103 1418 his

477 1456 1042 1530 inferiora,autpene
1090 1457 1373 1512 duntaxat
1415 1455 1574 1527 paria
1606 1455 1817 1524 ,dicere
1867 1453 2114 1509 habmus

467 1563 668 1604 verum
702 1553 788 1605 tot
817 1549 1056 1605 omnino
1083 1565 1148 1604 ac
1181 1551 1338 1603 tanta
1375 1547 1468 1602 hic
1499 1547 1674 1602 etiam
1719 1544 1972 1617 reperire
2000 1549 2108 1612 est,

466 1641 534 1693 ut
562 1636 973 1694 difﬁcillimum
993 1639 1070 1693 sit
1089 1637 1312 1692 idoneis
1345 1653 1466 1692 rem
1489 1651 1720 1706 aquare
1733 1633 1941 1690 verbis.
1961 1633 2106 1688 Nam

468 1725 570 1797 qui
619 1725 946 1782 incredibili
998 1726 1250 1797 quadam
1300 1724 1792 1797 magnanimitate,
1823 1727 1938 1779 toto
1977 1722 2106 1778 vitae

465 1829 584 1870 sum
614 1815 800 1886 spatio
833 1820 1112 1884 uteretur,
1139 1815 1237 1886 qui
1267 1815 1530 1870 animum
1566 1829 1738 1868 suum
1769 1827 2004 1868 omnem
2029 1811 2108 1868 ita

465 1907 828 1960 constantem
865 1921 931 1960 ac
961 1920 1333 1978 generosum,
1349 1903 1774 1974 mundanisque
1791 1903 1966 1958 rebus
1982 1917 2107 1956 om-

467 1991 642 2049 nibus
673 1994 910 2050 omnino
968 1993 1326 2064 superiorem
1386 1995 1771 2063 compararet,
1803 1994 1868 2045 ut
1919 2006 2109 2060 neque

457 2081 741 2152 jucundis
772 2099 996 2152 suoque
1019 2082 1306 2138 lenocinio
1329 2086 1623 2151 utcunque
1647 2079 2103 2144 blandientibus.

462 2187 668 2243 reapse
699 2177 895 2226 tamen
924 2170 1092 2227 nauci
1125 2169 1293 2242 plane
1325 2170 1658 2240 nulliusque
1689 2168 2102 2240 pretii,rebus,

461 2260 752 2332 abjectrus
781 2276 908 2316 sese
930 2261 1323 2328 submitteret,
1354 2261 1734 2330 servilemque
1771 2256 1830 2312 in
1866 2258 2102 2313 modum

461 2350 708 2418 cederet,
736 2366 920 2422 neque
941 2365 1142 2406 rursus
1173 2349 1245 2405 ob
1277 2349 1467 2405 illatas
1505 2349 1863 2404 extrinsecus
1893 2363 2103 2402 terum-

461 2455 590 2510 nas,
614 2448 667 2496 et
717 2440 945 2510 objecta
995 2439 1363 2510 discrimina,
1397 2445 1454 2495 et
1500 2437 1790 2511 quidquid
1839 2453 2102 2510 unquam

461 2529 668 2584 incidit
697 2530 1027 2601 adversum,
1051 2530 1247 2586 animo
1278 2529 1722 2586 conturbaretur
1751 2545 1816 2584 ac
1847 2527 2104 2583 concide-

459 2623 569 2688 ret,
601 2623 777 2690 atque
795 2619 1138 2692 egritudine
1167 2619 1421 2690 quadam
1452 2619 1865 2689 corriperetur:
1899 2621 2102 2672 contra

459 2724 598 2766 vero
628 2708 749 2764 haec
783 2708 915 2765 talia
949 2725 1052 2779 pro
1101 2708 1256 2780 lydio
1285 2710 1413 2764 vitaa
1455 2708 1666 2780 lapide,
1695 2725 1762 2764 ac
1801 2706 2102 2780 periclita-

458 2799 642 2866 tione,
675 2803 732 2854 et
761 2797 978 2854 efﬁcaci
1021 2799 1092 2854 ad
1135 2799 1484 2854 severiorem
1535 2797 1970 2870 philosophiam
2009 2813 2100 2854 ca-

459 2889 804 2958 pessendam
836 2887 1256 2954 cohortatione,
1289 2887 1526 2942 duceret
1559 2903 1572 2942 :
1615 2890 1744 2942 tum
1787 2891 1852 2941 ut
1897 2885 2100 2942 laudes

459 2980 516 3030 et
543 2975 796 3030 honores
831 2991 944 3030 non
981 2976 1149 3030 modo
1183 2991 1299 3030 non
1331 2979 1784 3040 consectaretur,
1809 2976 1906 3030 sed
1949 2975 2097 3032 ultro

455 3065 630 3120 etiam
662 3063 1200 3136 oblatos,tanquam
1232 3081 1398 3120 veras
1431 3064 1611 3120 animi
1645 3069 1832 3137 pestes
1857 3079 2097 3136 respue-

453 3157 541 3208 ret
571 3169 637 3210 ac
659 3153 896 3222 odisset,
917 3170 1122 3210 rursus
1147 3169 1349 3209 eorum
1380 3154 1474 3224 qui
1505 3154 1698 3224 ipsum
1731 3153 2098 3226 despicerent

456 3259 522 3298 ac
552 3247 1012 3312 contemnerent,
1043 3247 1144 3298 aut
1174 3242 1501 3298 maledictis
1552 3243 1844 3298 incessere
1900 3244 2096 3300 stude-

457 3337 608 3400 rent,
657 3331 880 3388 nullam
937 3332 1178 3388 haberet
1250 3332 1588 3388 rationem:
1639 3331 2090 3403 haudquaquam

449 3421 602 3492 ideo,
620 3428 682 3477 ut
705 3421 897 3478 dicere
920 3421 1236 3494 quisquam
1267 3421 1514 3478 fortasse
1536 3420 1740 3492 possit,
1757 3421 1914 3492 quod
1935 3421 2087 3492 illos,

449 3525 554 3567 cen
587 3511 726 3566 vitia
756 3511 1022 3582 qudam
1081 3511 1292 3582 capita,
1345 3508 1512 3566 nihili
1561 3509 1808 3566 invicem
1861 3511 2086 3578 faceret,

447 3617 682 3670 suaeque
713 3601 952 3656 serviret
973 3599 1284 3671 superbiae,
1307 3599 1408 3654 sed
1440 3599 1682 3655 omnino
1707 3599 1862 3669 quod
1897 3599 2082 3656 illius-

447 3691 606 3744 modi
657 3689 1161 3760 perturbationum
1240 3704 1444 3760 expers
1523 3691 1696 3756 esset,
1759 3693 1815 3744 et
1877 3688 2084 3744 fortem

443 3780 851 3852 excelsumque
886 3779 1104 3850 ubique
1127 3779 1390 3834 animum
1423 3779 1710 3834 constanti
1739 3794 1940 3834 earum
1991 3796 2086 3835 re-

445 3885 596 3937 rum,
628 3885 692 3926 ex
715 3870 932 3941 quibus
970 3870 1177 3924 animaa
1209 3869 1509 3941 passiones
1557 3869 1904 3934 conﬂantur,
1939 3885 2086 3925 con-

439 3961 702 4016 tentione
741 3959 1053 4015 retineret:
1089 3959 1183 4014 hic
1231 3960 1356 4030 ipse
1415 3957 1667 4030 profecto
1724 3963 1922 4014 noster
1973 3967 2080 4026 est,

448 4064 700 4120 eumque
729 4049 872 4104 adeo
920 4048 1012 4103 his
1043 4049 1101 4104 in
1152 4048 1326 4104 rebus
1383 4046 1817 4103 meritissimam
1877 4064 2084 4104 omnes

439 4139 705 4194 omnium
750 4153 1028 4192 concessu
1087 4137 1476 4208 reportavisse
1525 4135 1781 4206 palmam
1837 4137 2077 4193 scimus.

441 4229 518 4283 De
551 4227 765 4298 quibus
787 4231 960 4282 testes
991 4226 1163 4281 nobis
1187 4231 1359 4282 erunt
1388 4225 1694 4292 Maximus,
1721 4231 1780 4281 et
1799 4225 1945 4282 alter
1985 4226 2083 4283 ille

438 4319 538 4388 qui
571 4321 796 4388 arrepto
827 4318 976 4372 ferro
999 4315 1318 4386 pessimum
1353 4315 1547 4371 animo
1578 4314 1769 4371 scelus
1800 4315 2078 4387 agitabat.

431 4407 541 4464 Sed
577 4407 669 4461 hic
689 4411 886 4462 tamen
911 4409 1112 4475 postea
1166 4407 1236 4461 ad
1271 4405 1609 4478 Gregorium
1649 4405 1810 4472 adiit,
1843 4409 2082 4477 totoque

2296 1007 2422 1059 NE’.
2453 1003 2532 1060 Οὐ
2557 1003 2735 1058 τοίνυν
2770 1008 3082 1080 φρονήσεως
3137 1009 3230 1080 μὲν
3281 1013 3402 1084 περὶ
3454 1011 3544 1066 καὶ
3593 1015 3691 1082 τῆς
3739 1013 3874 1088 ἀγα-

2225 1095 2322 1164 θῆς
2377 1095 2502 1170 περὶ
2549 1101 2714 1151 ταῦτα
2767 1097 3080 1168 πλεονεξίας
3127 1099 3163 1168 ἢ
3205 1103 3542 1176 περιουσίας,
3573 1106 3608 1174 ἢ
3641 1103 3740 1160 οὐκ
3769 1103 3874 1161 οἷδ’

2223 1183 2307 1238 ὅτι
2339 1185 2424 1238 καὶ
2457 1189 2564 1259 φῶ,
2595 1188 2808 1241 τοσαῦτ’
2838 1189 3006 1242 εἰπεῖν
3051 1183 3288 1264 ἔσχομεν
3317 1212 3328 1223 ·
3367 1190 3580 1258 ἀνδρίας
3641 1191 3700 1248 δὲ
3747 1195 3869 1270 πέρι

2221 1273 2312 1328 καὶ
2359 1280 2458 1342 τῆς
2515 1275 2566 1328 ἐν
2621 1277 2784 1330 ἅπασι
2842 1278 3146 1353 καρτερίας,
3205 1279 3242 1348 ἢ
3299 1281 3506 1336 τούτων
3565 1282 3797 1353 ἐλάττω,
3831 1287 3868 1356 ἢ

2221 1359 2628 1417 καῖ’ἰσαπα’
2831 1365 3005 1419 ό·’
3103 1367 3327 1400 “·“·’
3439 1374 3462 1384 ”
3637 1371 3654 1392 ‘

2575 1383 2642 1437 ρα
2695 1384 2826 1438 μικρ
2861 1385 2888 1418 ν
2979 1365 3126 1421 αλλα
3172 1388 3261 1422 και
3309 1389 3536 1425 ιοσαυτα
3565 1392 3656 1426 και
3703 1373 3870 1442 τηλι-

2219 1455 2389 1504 καῦτα
2435 1451 2680 1508 κάνταῦθ’
2721 1449 2862 1508 ἔστιν
2921 1454 3118 1530 εὑρεῖν,
3148 1457 3222 1518 ὡς
3283 1460 3361 1530 μὴ
3411 1455 3459 1512 δ’
3502 1459 3671 1514 εἰπεῖν
3719 1456 3869 1536 ἔχειν

2219 1537 2566 1612 ἀρκούντως·
2645 1543 2673 1595 6
2746 1543 2850 1618 γὰρ
2933 1545 3218 1618 θαυμαστῇ
3307 1545 3699 1623 μεγαλοψυχίᾳ
3777 1547 3868 1605 διὰ

2223 1627 2348 1702 βίου
2393 1629 2596 1690 παντὸς
2643 1633 2988 1704 κεχρημένος
3025 1633 3115 1687 καὶ
3153 1635 3252 1703 τὴν
3281 1637 3468 1709 ψυχήν
3498 1636 3673 1700 οὕτως
3705 1637 3864 1694 ἀκλι-

2137 1751 2183 1818 Β
2219 1724 2285 1786 νῆ
2344 1719 2432 1773 καὶ
2490 1719 2757 1796 γενναίαν,
2791 1723 2878 1776 καὶ
2939 1727 3110 1778 πᾶσαν
3173 1725 3518 1800 ὑπερημένην
3578 1732 3686 1782 τῶν
3731 1728 3864 1802 τῇδε

2221 1809 2522 1864 παντάπασι
2583 1812 3024 1884 παρασκευακὼς,
3071 1813 3144 1876 ὡς
3207 1817 3344 1885 μήτε
3389 1821 3506 1877 τοῖς
3563 1814 3722 1886 ἡδέσι
3771 1819 3862 1874 καὶ

2219 1897 2378 1972 χάριν
2449 1899 2546 1971 μέν
2615 1895 2760 1974 ἔχειν
2821 1898 3093 1974 δοκοῦσιν,
3161 1901 3315 1958 οὐδὲν
3375 1902 3432 1959 δὲ
3489 1904 3610 1961 οὖσί
3663 1908 3860 1980 τῳόντι

2216 1988 2450 2062 ἀγεννῶς
2535 1988 2779 2065 ὑφιέναι·
2841 1992 2932 2044 καὶ
3011 1989 3180 2047 ε’ίκειν
3259 1993 3439 2064 ὥσπερ
3509 1993 3850 2072 ἀνδράποδον

2219 2078 2358 2148 μήτε
2409 2078 2543 2153 πρὸς
2599 2078 2694 2140 τὰς
2752 2073 2942 2150 ἔξωθεν
2993 2079 3256 2158 ἐπιφορὰς
3297 2083 3388 2138 καὶ
3445 2086 3576 2146 τοὺς
3647 2085 3858 2162 ἐπαγο-

2218 2165 2410 2236 μένους
2460 2165 2775 2229 κινδύνους·
2831 2169 2922 2222 καῖ
2971 2169 3038 2224 τὰ
3093 2171 3468 2243 ξυμπίπτοντα
3507 2179 3614 2230 τῶν
3667 2173 3856 2232 δεινῶν

2215 2251 2562 2329 θορυϐεῖσθαι
2618 2259 2703 2312 καὶ
2761 2261 3116 2314 καταπίπτειν
3173 2261 3263 2315 καὶ
3313 2260 3595 2341 δυσχερῶς
3653 2264 3862 2321 διακεῖ-

2213 2345 2354 2412 σθαι,
2404 2343 2552 2399 ἀλλᾶ
2611 2345 2841 2418 βάσανον
2901 2352 3067 2403 ταῦτα
3127 2348 3246 2423 βίου
3303 2349 3394 2404 καὶ
3453 2357 3642 2425 πεῖραν
3699 2355 3858 2428 νομί-

2215 2439 2342 2503 ζειν,
2381 2433 2473 2488 καὶ
2520 2435 2656 2508 πρὸς
2705 2433 3029 2514 φιλοσοφίαν
3087 2437 3452 2512 παράκλησιν,
3484 2441 3572 2496 καὶ
3628 2445 3702 2515 μὴ
3761 2443 3860 2518 μό-

2212 2543 2301 2578 νον
2353 2523 2600 2586 ἐπαίνους
2653 2545 2712 2580 τε
2749 2527 2840 2579 καὶ
2877 2527 3042 2599 τιμὰς
3075 2525 3276 2583 ἐθέλειν
3309 2525 3548 2600 διώκειν,
3579 2529 3727 2587 ἆλλὰ
3765 2534 3858 2588 καὶ

2211 2609 2495 2685 διδομένας
2575 2613 3001 2690 ἀποστρέφεσθαι
3079 2618 3168 2672 καὶ
3249 2623 3447 2690 μισεῖν,
3515 2621 3591 2683 ὡς
3679 2625 3855 2698 κῆρας

2210 2702 2454 2776 ἀτεχνῶς
2504 2701 2664 2765 οὔσας
2714 2707 2899 2780 ψυχῆς
2926 2725 2938 2738 ο
2987 2705 3096 2760 τῶν
3135 2703 3182 2760 δ’
3223 2707 3614 2783 ὑπερορώντων
3659 2732 3720 2766 κε
3765 2715 3856 2768 καὶ

2209 2791 2722 2870 καταφρονούντων
2781 2793 2816 2862 ἢ
2869 2793 2960 2848 καὶ
3019 2792 3192 2870 λέγειν
3253 2795 3412 2852 αὐτὸν
3471 2803 3654 2862 κακῶς
3725 2801 3854 2876 βου-

2209 2879 2483 2954 λομένων,
2538 2879 2742 2954 μηδένα
2798 2881 2963 2958 λόγον
3023 2887 3315 2954 ποιεῖσθαι,
3347 2887 3458 2962 οὐχ
3509 2889 3583 2952 ὡς
3611 2890 3674 2944 ἂν
3709 2889 3852 2946 ε’ίποι

2207 2989 2291 3030 τις
2347 2969 2573 3032 τούτους
2629 2971 2702 3034 ὡς
2767 2969 2998 3044 μηδενὸς
3053 2973 3236 3044 ἀξίους
3323 2977 3702 3054 ὑπερφρονῶν,
3759 2981 3850 3035 καὶ

2204 3059 2358 3138 τύφῳ
2415 3058 2710 3130 δουλεύων,
2765 3059 2892 3116 ἀλλ’
2948 3062 3161 3133 ἀπαθὴς
3221 3066 3552 3122 παντάπασιν
3611 3065 3709 3140 ὢν,
3757 3073 3852 3125 καὶ

2204 3155 2488 3228 πανταχυῦ
2543 3151 2606 3205 τὸ
2663 3151 2915 3228 φρόνημα
2985 3154 3174 3222 σώζων
3245 3155 3511 3231 ὑπεροψίᾳ
3583 3161 3852 3234 πραγμά-

2201 3261 2308 3293 των
2362 3239 2410 3312 ἐξ
2461 3241 2532 3293 ὧν
2587 3243 2654 3294 τὰ
2697 3247 2796 3310 τῆς
2845 3245 3030 3315 ψυχῆς
3089 3242 3400 3300 συνίσταται
3449 3248 3634 3318 πάθη·
3687 3249 3847 3312 οὗτός

2201 3329 2314 3383 ἐστι
2356 3329 2444 3383 καὶ
2491 3333 2679 3384 τοῦτον
2733 3331 2958 3393 ἅπαντες
2992 3329 3172 3404 ’ίσμεν,
3203 3334 3300 3388 κάν
3351 3336 3569 3398 τούτοις
3623 3338 3688 3393 τὸ
3719 3359 3845 3416 συγ-

2198 3418 2520 3491 κεχωρηκὸς
2573 3417 2860 3492 ᾑρηκότα·
2915 3419 3006 3473 καὶ
3083 3427 3416 3497 μαρτυροῦσι
3475 3427 3726 3498 Μάξιμός
3787 3447 3846 3482 τε

2195 3505 2284 3560 καὶ
2343 3507 2370 3560 ὁ
2427 3509 2543 3562 κατ’
2575 3507 2740 3562 αὐτοῦ
2783 3509 2847 3562 τὸ
2905 3507 3056 3586 ξίφος
3115 3505 3298 3566 λαϐὼν
3353 3514 3443 3568 καὶ
3499 3515 3566 3568 τὰ
3613 3513 3844 3572 κάκιστα

2199 3593 2609 3668 μεμελετηκὼς,
2641 3597 2670 3650 6
2723 3598 2838 3668 μὲν,
2871 3591 3038 3653 ἔπειτ’
3085 3601 3240 3672 αύτῷ
3285 3603 3526 3677 προσιὼν
3577 3606 3664 3659 καὶ
3721 3626 3844 3662 στε-

2193 3683 2374 3754 νάξας,
2427 3685 2518 3739 καὶ
2591 3687 2652 3740 τὸ
2729 3683 2911 3759 δρᾶμα
2991 3688 3256 3744 παντάσον
3333 3689 3558 3760 ἐξειπών
3631 3715 3692 3748 τε
3747 3697 3838 3750 καὶ

2193 3770 2424 3844 δεηθεὶς,
2481 3775 2570 3828 καὶ
2645 3774 2841 3828 τούτου
2896 3775 3084 3854 τυχὼν
3125 3777 3302 3839 οὕτως
3347 3777 3485 3834 ’ίλεω
3543 3781 3632 3836 καὶ
3689 3803 3840 3861 χρη-

2191 3867 2339 3934 στοῦ,
2393 3863 2466 3926 ὡς
2523 3865 2614 3918 καὶ
2669 3867 2768 3934 τήν
2825 3871 2924 3935 τῆς
2995 3865 3228 3930 πίστεως
3291 3869 3485 3942 ἀμέλει
3545 3869 3838 3945 διόρθωσιν

2191 3952 2602 4029 ἆντεισενεγκεῖν
2690 3955 2928 4010 ἐντεῦθεν
3039 3959 3346 4021 πεπεῖσθαι,
3426 3960 3516 4014 καὶ
3617 3962 3837 4026 τούτοις

2191 4043 2520 4118 ἀμείψασθαι
2563 4044 2662 4112 τήν
2713 4045 3102 4120 συγχώρησιν·
3149 4047 3398 4121 Μάξιμον
3457 4046 3514 4103 δὲ
3575 4051 3838 4126 μεγίστης

2187 4131 2606 4188 ἀπολελαυκότα
2659 4135 2786 4206 παρ’
2843 4133 3007 4188 αὐτοῦ
3075 4141 3177 4206 τῆς
3257 4137 3465 4201 εὐνοίας
3539 4140 3632 4195 καὶ
3709 4144 3833 4218 περὶ

2185 4220 2447 4277 πλείστου
2475 4227 2639 4278 τοῦτο
2669 4222 2961 4297 γενόμενον
2987 4243 3000 4256 ·
3051 4229 3129 4280 ῶν
3191 4222 3236 4280 δ’
3265 4225 3438 4282 εἵνεκα
3487 4227 3681 4292 πάντες
3711 4229 3838 4287 ’ἶσα-

2187 4331 2309 4368 σιν·
2369 4311 2535 4368 ἔπειτ’
2591 4313 2738 4368 οὕτω
2794 4314 3045 4369 κάκιστον
3103 4315 3228 4390 περὶ
3287 4317 3449 4372 αὐτὸν
3505 4317 3836 4399 ἇναφανέντα

2185 4401 2276 4455 καὶ
2323 4403 2629 4456 παντάπασι
2692 4403 2904 4476 μιαρὸν,
2936 4403 3012 4466 ὡς
3065 4403 3156 4458 καὶ
3211 4409 3320 4460 τῶν
3379 4405 3625 4481 ἐσχάτων
3671 4410 3832 4464 ὑπεύ-

434 4496 706 4552 facinoris
771 4499 1038 4551 contextu
1118 4511 1232 4550 non
1317 4494 1442 4551 sine
1496 4494 1775 4566 gravibus
1807 4493 2074 4566 suspiriis

2203 4496 2337 4545 luvov
2391 4491 2548 4561 εἶναι,
2573 4491 2639 4546 οὐ
2675 4489 2838 4564 μόνον
2885 4490 2986 4546 οὐκ
3025 4491 3276 4566 ἂπῄτησε
3323 4491 3501 4566 δίκην,
3535 4493 3652 4550 οὐδ’
3685 4499 3834 4571 ἠμύσ

433 4585 716 4656 exposito,
767 4585 994 4640 veniam
1051 4583 1297 4655 supplex
1347 4583 1532 4656 petiit,
1593 4587 1649 4639 et
1695 4584 1876 4654 ipsum
1925 4582 2069 4640 adeo

433 4675 633 4731 mitem
661 4690 725 4730 ac
761 4673 1080 4743 benignum
1117 4673 1342 4742 habuit,
1367 4681 1426 4729 ut
1475 4673 1744 4745 protinus
1803 4688 1868 4729 ea
1909 4689 1968 4728 re
2001 4673 2072 4728 ad

431 4763 566 4819 ﬁdei
589 4779 706 4818 sua:
719 4763 1182 4819 emendationem
1199 4763 1458 4818 vicissim
1487 4763 1868 4832 reddendam,
1891 4777 2072 4832 eoque

429 4852 1054 4924 munereimpetratam
1069 4851 1302 4908 sceleris
1323 4851 1414 4907 sui
1433 4853 1660 4908 veniam
1683 4851 2072 4922 pensandam,

428 4943 718 5000 adductus
751 4943 940 4997 fuerit.
965 4941 1014 4996 Α
1055 4941 1304 4996 Maximo
1363 4946 1580 5009 autem,
1613 4942 1712 5013 qui
1745 4940 2072 5010 ﬂagrantis-

425 5032 576 5088 sima
637 5031 818 5088 nostri
879 5047 1022 5086 usus
1061 5035 1186 5086 erat
1237 5031 1442 5102 gratia,
1504 5031 1876 5102 primumque
1914 5029 2068 5099 apud

422 5123 620 5194 ipsum
641 5123 838 5178 locum
871 5125 1153 5191 tenuerat,
1189 5137 1292 5176 nec
1323 5119 1523 5191 ignota
1563 5118 1834 5190 cuiquam
1884 5135 2064 5176 causa

422 5221 538 5282 est;
571 5211 942 5284 postmodum
976 5227 1104 5266 vero
1136 5211 1277 5266 adeo
1301 5209 1576 5266 immanis
1600 5209 1860 5282 Gregorii
1884 5209 2068 5267 hostis

420 5303 621 5368 evasit,
653 5302 913 5374 adeoque
954 5305 1100 5356 tetra
1127 5301 1188 5355 in
1221 5317 1283 5356 se
1303 5301 1546 5356 admisit
1579 5299 1857 5366 facinora,
1891 5305 1955 5355 ut
1987 5299 2066 5356 rei

2177 4601 2324 4650 νατο,
2358 4579 2504 4636 ἆλλὰ
2559 4581 2649 4636 καὶ
2707 4582 3044 4656 συγγνώμης
3099 4584 3340 4656 ήξίωαε·
3371 4585 3435 4638 τὸ
3495 4585 3615 4658 μὲν,
3661 4587 3832 4644 αὐτοῦ

2177 4671 2439 4744 νομίζων.
2483 4671 2584 4732 Τὰς
2635 4669 2678 4724 δ’
2728 4666 3030 4734 ἐπιϐουλάς
3069 4692 3128 4726 τε
3179 4675 3268 4727 καὶ
3315 4676 3645 4750 κακουργίας
3693 4675 3834 4732 ἐκεί-

2175 4780 2272 4814 νου
2300 4759 2390 4814 καὶ
2437 4765 2537 4828 τῆς
2593 4757 2794 4814 ἐκείνου
2824 4761 3193 4836 προαιρέσεως
3245 4762 3334 4816 καὶ
3386 4761 3656 4832 σπουδῆς,
3688 4786 3831 4820 τοσ-

2177 4853 2342 4904 οῦτον
2398 4849 2465 4917 ἧν
2519 4847 2668 4921 αύτῷ
2719 4849 2783 4903 τὸ
2834 4855 2936 4918 τῆς
2994 4850 3220 4925 γνώμης
3279 4851 3514 4926 ἀξίωμα,
3547 4854 3638 4908 καὶ
3680 4856 3830 4910 οὕτω

2187 4939 2524 5012 σεμνότητος
2571 4935 2967 5010 ἐπαινουμένης
3015 4939 3106 4992 καὶ
3157 4939 3620 5016 μεγαλοτρεπείας
3681 4943 3833 5001 πολὺ

2171 5029 2234 5084 τὸ
2283 5026 2489 5103 ἥμερον
2536 5027 2626 5080 καὶ
2674 5027 3035 5104 προσαγωγὸν
3079 5031 3416 5102 κεκτημένης
3443 5031 3826 5091 ἀντεποιεῖτο⁸

2173 5118 2262 5173 καὶ
2309 5115 2524 5192 γέγονεν
2573 5113 2757 5191 ὥσπερ
2801 5137 2884 5178 τις
2927 5117 3166 5191 γνώμων
3211 5123 3330 5182 τοῖς
3371 5121 3486 5193 μετ’
3515 5121 3678 5178 αὐτὸν
3729 5124 3826 5180 καὶ

2171 5205 2348 5262 κανὼν
2405 5199 2636 5277 ἀκριϐὴς
2701 5209 2797 5260 τοῦ
2881 5209 3000 5270 πῶς
3081 5203 3164 5262 δεῖ
3245 5209 3381 5284 πρὸς
3451 5211 3667 5267 πάντων

2170 5293 2396 5366 πάντας]
2429 5297 2509 5365 τῷ
2535 5299 2634 5363 τῆς
2665 5295 2852 5368 ψυχῆς
2887 5294 3195 5369 ὁρμωμένῳ
3227 5299 3550 5372 κεχρῆσθαι,

421 5390 690 5462 capitalis
713 5391 919 5446 merito
943 5389 1256 5445 damnatus
1288 5389 1483 5458 fuerit,
1519 5405 1634 5446 non
1673 5389 1844 5444 modo
1899 5389 2162 5444 debitum
2197 5402 2308 5441 non
2353 5385 2545 5456 exegit
2591 5383 2965 5456 supplicium,
3011 5390 3112 5442 aut
3167 5386 3328 5444 ultus
3359 5387 3662 5446 inimicum
3711 5397 3825 5452 est.

418 5480 518 5536 sed
551 5485 608 5536 et
637 5479 804 5536 venia
847 5479 1142 5536 hominem
1177 5479 1546 5552 dignabatur,
1573 5495 1744 5536 suum
1793 5477 2078 5536 nimirum
2122 5478 2232 5534 hoc
2279 5491 2408 5531 esse
2451 5479 2610 5530 ratus
2648 5475 2930 5544 ofﬁcium,
2964 5475 3214 5534 insidias
3272 5483 3466 5535 autem
3502 5483 3561 5536 et
3603 5481 3828 5555 ﬂagitia

417 5568 556 5625 llius
599 5585 742 5638 esse,
793 5570 1052 5643 illusque
1125 5571 1336 5644 agendi
1401 5570 1646 5628 rationis
1687 5587 1752 5628 ac
1795 5569 2071 5628 instituti.
2115 5567 2305 5624 Tanta
2373 5567 2574 5623 nostro
2629 5565 2813 5624 animi
2870 5568 3206 5640 prastantia
3251 5569 3629 5644 dignitasque
3679 5579 3828 5645 erat,

493 5751 570 5824 (1)
593 5753 750 5808 Iliad.
783 5755 832 5822 1,
859 5756 950 5809 7o.
