4118 6214
328 328 439 391 273

1334 325 1732 390 LAUDATIO
1775 324 1840 386 S.
1887 325 2255 388 GREGORII
2297 328 2713 390 THEOLOGI.

3607 330 3726 388 274

324 461 589 532 adeoque
617 461 881 518 studiose
916 460 1213 518 honestam
1245 476 1310 514 ac
1341 458 1690 515 laudabilem
1742 459 2102 530 gravitatem,
2132 458 2431 530 multaque
2473 459 2926 516 mansuetudine
2984 475 3050 516 ac
3100 459 3374 516 comitate
3428 463 3726 531 tempera-

318 555 444 607 tam
477 551 1021 622 magnanimitatem
1052 549 1406 618 sectabatur,
1434 553 1491 605 et
1521 549 1764 620 posteris
1801 550 2040 608 omnino
2070 549 2195 605 suis
2242 550 2429 605 instar
2458 549 2766 621 gnomonis
2806 554 3134 622 exactaque
3164 549 3416 607 amussis
3446 549 3576 620 fuit,
3608 567 3724 622 quo

310 646 494 713 pacto
513 639 818 698 concitatis
839 640 1048 696 animis
1081 639 1339 695 motibus
1373 642 1532 708 recte
1561 643 1730 708 atque
1759 638 1960 695 ordine
1981 639 2052 695 ad
2076 638 2274 695 omina
2299 638 2580 694 utendum
2611 638 2708 694 sit.

615 729 714 784 Καὶ
781 728 876 801 μὲν
940 727 1033 783 καὶ
1117 725 1456 803 συφροσύνην
1539 729 1637 794 τὴν
1703 726 1959 782 πλείστου

2149 729 2288 783 LVI.
2350 728 2524 783 Porro
2582 735 2636 783 et
2685 729 3153 798 temperantiam,
3213 729 3485 785 virtutem
3545 727 3720 801 longe

310 816 492 887 ἀξίαν,
523 818 614 873 καὶ
662 817 794 890 μετὰ
843 821 953 872 τῶν
999 814 1246 892 ἀγγέλων
1301 815 1539 888 μάλιστα
1584 814 1712 878 τοὺς
1762 814 1968 889 ἀνθρώ-

311 927 459 968 πους
538 909 794 973 τιθεῖσαν,
879 907 1162 975 ἠσπάσατο
1226 905 1321 978 μὲν
1379 903 1432 960 ἒν
1486 903 1682 967 παιδὸς
1740 906 1814 966 ὡς
1871 903 1969 960 οὐκ

309 995 649 1058 07.8’11124'
701 995 843 1051 οὕτω
903 993 950 1050 δ’
1008 995 1084 1060 εἰς
1140 993 1301 1070 ἄκρον
1359 996 1530 1063 αὐτὴν
1590 996 1964 1070 κατωρθώκει,

310 1087 397 1150 ὡς
429 1088 510 1159 μὴ
543 1086 624 1142 ὅτι
668 1091 774 1141 τῶν
823 1085 1043 1140 ἀτόπων
1088 1092 1188 1154 τῆς
1232 1086 1430 1160 σαρκὸς
1487 1086 1774 1160 ὑπερσχεῖν
1803 1105 1967 1153 κινη-

320 1175 517 1246 μάτων
580 1176 670 1230 καὶ
735 1175 915 1246 πάσης
982 1173 1316 1244 ἡδυπαθείας
1380 1173 1638 1250 κρείττων
1699 1173 1962 1248 γενέσθαι,

311 1263 471 1319 ἀλλὰ
532 1263 622 1319 καὶ
695 1267 1035 1320 παντάπασιν
1111 1265 1470 1337 νενεκρῶσθαι
1535 1268 1613 1334 τῷ
1681 1262 1809 1336 βίῳ,
1875 1263 1961 1315 καὶ

310 1359 515 1410 τοῦτον
557 1352 728 1426 αὐτῷ,
779 1355 870 1408 καὶ
922 1359 1019 1428 ζῇν
1069 1351 1253 1413 ἀΰλως
1295 1351 1346 1405 ἐν
1397 1351 1573 1423 ὗλικῷ
1621 1352 1835 1423 σώματι
1882 1349 1962 1404 εἰ-

310 1444 546 1506 κότως’
607 1443 670 1497 τὸ
725 1445 828 1518 γάρ
885 1443 1021 1515 πρὸς
1094 1444 1193 1510 τήν
1251 1448 1349 1510 τῆς
1424 1441 1618 1514 σαρκὸς
1671 1439 1960 1496 κολακείαν

311 1533 579 1607 ἀπεχθῶς
611 1535 686 1593 ὡς
736 1531 975 1604 μάλιστα
1027 1529 1328 1586 διακεῖσθαι
1377 1530 1598 1604 γνησίος
1644 1531 1784 1585 ἐστιν
1817 1525 1962 1604 ἔχειν

311 1623 456 1695 πρὸς
510 1623 610 1689 τήν
668 1628 766 1690 τῆς
826 1625 1014 1695 ψυχῆς
1071 1618 1372 1693 θεραπείαν,
1424 1619 1516 1673 καὶ
1579 1619 1642 1674 τὸ
1685 1623 1791 1673 τῶν
1850 1620 1958 1674 εἱσ-

311 1733 456 1765 απαν
520 1710 787 1782 μενόντων
839 1710 1076 1779 καθάπαξ
1149 1710 1561 1777 ἀντιποιεῖσθαι,
1607 1709 1960 1787 ὖπερφρονεῖν

309 1801 426 1854 ἐστι
461 1803 674 1861 πάντως
705 1803 812 1855 τῶν
842 1799 1018 1854 οὐκέτ’
1049 1798 1340 1872 ἐσομένων.

2077 817 2715 890 praestantissimam,et
2735 834 2861 889 qua
2887 834 3002 873 una
3025 818 3271 875 maxime
3303 817 3361 874 in
3393 818 3718 875 caelestium

2077 906 2419 979 angelorum
2454 907 2701 964 concilio
2744 906 3011 963 homines
3060 907 3327 974 collocat,
3362 906 3448 962 sic
3479 924 3513 963 a
3545 923 3722 978 puero

2078 1002 2297 1065 noster,
2315 997 2815 1067 quemadmodum
2831 995 2924 1050 vix
2942 995 3094 1051 alius
3116 996 3284 1051 nobis
3306 996 3509 1052 saltem
3529 1005 3720 1063 notus,

2081 1085 2382 1157 amplexus
2422 1091 2750 1156 erat:quam
2782 1084 2862 1140 ita
2893 1083 3158 1140 absoluto
3187 1101 3362 1156 opore
3385 1085 3722 1157 perfecit,ut

2081 1191 2196 1230 non
2231 1175 2609 1230 obscenarum
2636 1174 2802 1230 modo
2816 1173 3072 1244 corporis
3104 1176 3723 1242 commotionum,om-

2076 1263 2286 1335 nisque
2316 1263 2653 1336 voluptariae
2685 1261 3007 1316 affectionis
3031 1266 3214 1318 Victor
3263 1264 3585 1330 exsisteret,
3618 1265 3718 1319 sed

2076 1354 2310 1426 penitus
2332 1353 2471 1409 item
2485 1353 2612 1408 vitea
2635 1352 2738 1407 cad
2749 1367 2864 1405 ucae
2887 1355 3155 1408 mortuus
3173 1356 3342 1414 esset.
3361 1357 3428 1407 ut
3447 1353 3565 1408 vita
3583 1350 3718 1423 ipsi,

2072 1451 2125 1498 et
2154 1459 2288 1499 cum
2322 1442 2617 1498 materiato
2650 1456 2888 1511 corpore
2909 1457 3025 1496 non
3057 1440 3225 1496 aliter
3254 1441 3427 1497 vitam
3459 1442 3718 1514 degeret,

2073 1548 2249 1603 quam
2275 1533 2325 1588 si
2357 1532 2612 1588 materiaa
2650 1547 2856 1603 expers
2873 1531 3102 1598 fuisset,
3126 1547 3266 1586 sane
3289 1531 3515 1597 merito,
3533 1547 3722 1602 quan-

2072 1621 2146 1676 do
2177 1621 2396 1676 abistis
2423 1619 3473 1693 cupiditatumlenociniisabhorrere,
3517 1620 3576 1675 id
3608 1625 3717 1687 est,

2073 1711 2404 1767 rectissime
2457 1716 2861 1783 comparatum
2923 1725 3052 1766 esse
3112 1709 3186 1765 ad
3270 1709 3711 1782 suscipiendam

2072 1800 2280 1855 animm
2311 1801 2694 1870 curationem,
2726 1805 2783 1855 et
2803 1816 2870 1856 ea
2900 1816 3106 1856 rursus
3136 1815 3264 1871 quae
3287 1806 3567 1856 aeternum
3589 1815 3717 1870 per-

307 1897 578 1955 manent,
594 1892 747 1947 bona
763 1891 875 1944 {ine
889 1889 1322 1961 complecti,est
1337 1887 1875 1960 negligereomnino
1896 1887 2178 1959 quidquid
2202 1889 2359 1943 brevi
2383 1894 2512 1960 post
2533 1893 2796 1960 tempore
2827 1905 2942 1945 non
2966 1887 3221 1960 amplius
3234 1888 3584 1944 duraturum
3608 1895 3717 1946 est.

383 1981 502 2035 ΝΖ.
566 1981 663 2034 Διὰ
719 1983 885 2034 ταῦτα
932 1980 1111 2048 πάσης
1163 1978 1256 2050 μὲν
1304 1978 1498 2051 ἀπεῖχε
1544 1983 1776 2055 τρυφῆς,
1836 1975 1957 2048 ἐμί-

2142 1978 2310 2033 LVII.
2381 1978 2720 2036 Delicatiore
2778 1978 2978 2049 itaque
3050 1978 3209 2034 victu
3243 1978 3301 2032 in
3361 1978 3705 2034 universum

309 2091 392 2125 σει
442 2068 500 2125 δὲ
557 2068 810 2139 ἀσωτίαν,
869 2066 1182 2144 ἐγκράτειαν
1245 2063 1304 2121 δὲ
1361 2063 1744 2139 περιπλείονος
1797 2067 1962 2139 ἦγεν·

311 2160 624 2234 ἐπιθυμιῶν
684 2157 762 2227 δὲ,
828 2162 937 2212 τῶν
1009 2158 1102 2230 μὲν
1167 2157 1268 2211 οὐκ
1332 2155 1734 2228 ἐπαινουμένων
1798 2155 1964 2208 καθά-

310 2251 418 2320 παξ
466 2248 689 2322 ἡλόγει.
745 2246 925 2320 μόνων
974 2245 1032 2301 δὲ
1077 2251 1182 2300 τῶν
1236 2249 1334 2299 τοῦ
1379 2243 1688 2317 πνεύματος
1739 2242 1963 2318 εἵχετο·

311 2339 511 2416 γαστρὶ
551 2336 608 2394 δί
653 2341 912 2392 τοσοῦτον
963 2333 1166 2406 ἐδίδου,
1216 2334 1340 2390 ὅσον
1385 2335 1532 2389 τοῦτ’
1576 2333 1708 2388 αὐτὸ
1757 2338 1964 2408 περιεῖ-

309 2450 441 2485 ναιο
501 2429 565 2483 ού
619 2427 724 2504 γὰρ
778 2430 876 2481 τοῦ
930 2426 1213 2502 τρέφεσθαι
1271 2426 1436 2499 χάριν
1487 2421 1783 2492 ἐσπούδαζε
1841 2427 1965 2496 ζῇν,

315 2520 392 2580 ὡς
428 2518 519 2572 καὶ
551 2514 723 2578 ἀδεῶς
765 2513 911 2591 ἔχειν
942 2519 1181 2590 τρυφᾷν·
1223 2512 1369 2568 ἀλλὰ
1410 2516 1507 2568 τοῦ
1546 2514 1622 2585 μὴ
1669 2512 1775 2585 πρὸ
1825 2510 1964 2588 ὧραι

312 2607 622 2674 ἀπαντῆσαι
678 2606 778 2674 τήν
845 2601 1104 2672 τελευτὴν
1178 2601 1268 2656 καὶ
1358 2602 1705 2674 ζημιωθῆναι
1763 2599 1961 2674 στεφά-

309 2717 468 2768 νους,
509 2694 602 2756 οὕς
652 2693 712 2748 ἔκ
761 2698 869 2750 τῶν
919 2695 1100 2747 πόνων
1153 2690 1355 2763 περιὼν
1402 2688 1832 2763 ἔμελλενέξειν,
1876 2711 1962 2763 μι-

308 2787 442 2861 κρόν
501 2806 555 2839 τι
611 2787 712 2853 τῆς
762 2784 944 2860 ἀρχῆς
987 2782 1322 2856 συνεχώρει’
1376 2781 1520 2834 σιτία
1572 2777 1630 2834 δὲ
1682 2781 1772 2834 καὶ
1821 2781 1961 2834 ποτὰ

308 2876 406 2931 καὶ
439 2875 670 2949 κρότους
709 2874 799 2928 καὶ
839 2870 1040 2942 ἡδονὰς
1079 2871 1168 2927 καὶ
1215 2873 1308 2926 τὸν
1353 2871 1557 2942 πατέρα
1601 2877 1702 2939 τῆς
1752 2865 1961 2944 ὕϐρεως

308 2965 504 3038 κόρον,
555 2963 645 3018 καὶ
682 2964 780 3032 τήν
834 2958 1228 3037 ἀνδραποδώδη
1277 2960 1367 3015 καὶ
1416 2961 1787 3014 κατάπτυστον
1833 2979 1961 3013 ταυ-

308 3053 433 3125 τηνὶ
493 3051 786 3132 φλυαρίαν,
840 3048 953 3106 οὐδ’
1002 3048 1223 3106 ἀκούειν
1273 3049 1420 3110 ὅλως
1469 3049 1660 3123 ᾑρεῖτο
1694 3067 1707 3079 ·
1757 3049 1810 3103 τί
1857 3048 1958 3122 γὰρ

301 3145 394 3200 καὶ
444 3147 564 3204 τοῖς
605 3140 882 3202 τοιούτοις
922 3139 1091 3212 αὐτῷ,
1151 3139 1323 3195 πάλαι
1383 3135 1471 3192 διὰ
1520 3137 1642 3214 βίου
1691 3139 1781 3192 καὶ
1830 3139 1957 3192 θεω-

312 3233 432 3307 ρίας
490 3231 568 3292 εἷς
616 3231 750 3304 ὕψος
807 3230 1032 3303 ἠρμένῳ
1088 3227 1177 3283 καὶ
1230 3228 1364 3300 μετὰ
1408 3231 1507 3282 τοῦ
1557 3231 1690 3282 Θεοῦ
1749 3226 1958 3282 συνόντι

303 3328 428 3384 τοῖς
479 3320 815 3394 λογισμοῖς;
867 3319 992 3374 οὔτε
1038 3319 1140 3394 γὰρ
1191 3319 1330 3395 φωτί
1386 3318 1578 3380 σκότος
1608 3316 1778 3371 συνίοι
1829 3319 1950 3372 ποτ’
1983 3354 2026 3422 C

310 3413 336 3422 υ
476 3410 490 3422 .
595 3408 731 3422 -.η
929 3405 954 3422 ν
1039 3408 1051 3422 .
1129 3411 1140 3422 .
1171 3406 1184 3422 ο
1299 3409 1322 3422 ,ι
1469 3411 1495 3421 ..
1554 3409 1578 3422 ,ι
1733 3409 1743 3422 .
1843 3409 1867 3422 ,ι

306 3413 390 3481 ἄν,
433 3410 498 3464 οὐ
551 3408 766 3482 μᾶλλόν
813 3429 872 3483 γε
918 3405 954 3477 ἤ
997 3408 1062 3462 τὸ
1117 3406 1381 3482 ψύχεσθαι
1428 3411 1510 3479 τῷ
1552 3409 1950 3482 θερμαίνεσθαι,

307 3501 425 3555 οὗθ’
483 3498 598 3571 ὅτῳ
653 3502 754 3553 τοῦ
812 3499 1078 3552 σεσῶσθαι
1139 3495 1374 3570 μάλιστα
1455 3494 1632 3570 μέλει,
1706 3498 1796 3551 καὶ
1852 3501 1959 3551 τῶν

307 3588 602 3661 Ὀλύμπου
630 3591 838 3662 τυχεῖν,
886 3583 1086 3641 δύναιτ’
1116 3585 1176 3640 ἃν
1220 3585 1381 3648 οὗτος
1419 3585 1660 3640 τουτοισὶ
1709 3585 1960 3660 προσηλ-

311 3679 485 3733 ῶσθαι
543 3676 633 3731 καὶ
692 3677 839 3738 ὅλως
895 3680 1180 3750 προσχεῖν,
1248 3673 1356 3731 ἄνω
1419 3674 1635 3748 βλέπων
1693 3675 1820 3746 αἰεὶ,
1869 3677 1958 3730 καὶ

311 3769 630 3849 φιλοσοφῶν
686 3767 752 3822 τὰ
808 3765 1142 3843 γιγνόμεναο
1202 3770 1450 3828 τοιοῦτος
1509 3767 1600 3820 καὶ
1651 3767 1808 3828 οὗτος
1855 3769 1954 3836 ἦν’

308 3861 509 3920 πάσαις
562 3859 656 3930 μὲν
723 3862 841 3916 ταῖς
894 3859 993 3912 τοῦ
1068 3855 1324 3928 σώματος
1394 3852 1618 3924 ἡδοναῖς
1692 3853 1956 3931 ἐῤῥῶσθαι

309 3950 620 4003 παντάπασι
682 3946 911 4023 φράσας,
969 3946 1059 3998 καὶ
1115 3945 1213 4012 τήν
1268 3945 1525 4014 τοιαύτην
1569 3947 1822 4019 γοητείαν
1882 3947 1956 4008 ὡς

309 4039 437 4113 ἄγος
497 4035 998 4114 ἀποστρεφόμενος,
1058 4035 1246 4110 ἁγνεία
1296 4031 1356 4088 δὲ
1403 4035 1491 4088 καὶ
1545 4035 1686 4109 μόνῃ
1733 4037 1821 4090 καὶ
1870 4033 1959 4111 ἐγ-

307 4127 528 4204 κρατείᾳ
558 4126 646 4180 καὶ
681 4123 932 4195 λιτότητῖ
968 4122 1088 4199 βίου
1142 4129 1342 4193 συζῶν,
1391 4124 1478 4177 καὶ
1509 4125 1570 4177 τὸ
1614 4131 1714 4193 τῆς
1767 4129 1954 4202 ψυχῆς

306 4218 463 4291 εμμα
493 4221 657 4270 πᾶσιν
689 4216 777 4275 οἷς
809 4213 1005 4284 ἔξεστιν
1040 4214 1390 4287 ἀποσμήχῶν
1433 4214 1490 4266 τέ
1536 4214 1625 4268 καὶ
1658 4215 1954 4288 καθαίρων,

305 4307 391 4362 καὶ
452 4304 695 4373 καθάπαξ
756 4301 1043 4376 εἱλικρινὲς
1131 4301 1250 4356 ὅσαι
1311 4303 1449 4377 ὧραι
1513 4305 1954 4376 παρασκευάζων,

305 4396 419 4469 έφῷ
449 4400 561 4451 τῶν
610 4415 668 4448 τε
698 4393 836 4448 κατὰ
883 4397 1011 4446 νοῦν
1063 4393 1379 4464 κινημάτων
1413 4391 1470 4447 εὖ
1506 4391 1651 4465 μάλα
1700 4390 1951 4468 δέχεσθαι

305 4487 398 4547 τὰς
443 4483 776 4556 ἐλλάμψεις,
809 4482 899 4537 καὶ
944 4486 1041 4536 τοῦ
1091 4481 1376 4556 ξυγγενοῦς
1424 4479 1718 4536 ἀπολαύειν
1751 4485 1950 4560 φωτὸς,

307 4578 367 4632 οὗ
395 4580 516 4636 τοῖς
543 4575 717 4635 οὕτως
769 4572 957 4646 ἔχουσι
1009 4573 1139 4634 Θεὸς
1191 4573 1451 4648 χορηγὸς,
1502 4577 1582 4646 τῷ
1623 4595 1681 4628 τε
1733 4577 1953 4650 καθαρῷ

305 4668 558 4738 καθαρῶς
607 4663 837 4735 ξυνιέναι
886 4683 942 4716 τε
989 4661 1077 4715 καὶ
1130 4661 1499 4736 ξυγγένεσθαιο
1550 4667 1657 4717 τῶν
1705 4664 1807 4740 γὰρ
1841 4664 1956 4720 ἀθε-

2075 2068 2425 2135 abstinebat,
2449 2084 2798 2140 omnemque
2829 2067 3120 2123 luxuriem
3154 2083 3421 2140 perosus,
3453 2067 3713 2123 maximo

2074 2165 2271 2214 contra
2302 2159 2360 2212 in
2390 2157 2572 2228 pretio
2639 2158 3061 2213 continentiam
3104 2157 3356 2214 habebat
3399 2175 3412 2226 ;
3446 2161 3618 2229 atque
3647 2161 3714 2213 ut

2073 2245 2383 2302 illaudatas
2411 2246 2760 2316 cupiditates
2792 2245 3137 2318 simpliciter
3163 2245 3600 2316 aspernabatur,
3628 2246 3712 2302 ita

2074 2335 2216 2390 solis
2249 2335 2515 2391 addictus
2546 2339 2669 2392 erat
2727 2334 3152 2406 spiritualibus.
3216 2335 3416 2391 Ventri
3484 2340 3711 2390 tantum

2073 2424 2252 2478 dabat
2270 2431 2552 2494 quantum
2588 2425 2815 2478 luendae
2843 2423 3034 2478 solum
3066 2425 3193 2478 vitm
3254 2429 3547 2495 utcunque
3588 2424 3714 2480 suf-

2073 2512 2270 2568 ficeret
2322 2529 2334 2566 :
2392 2513 2605 2584 quippe
2670 2528 2784 2568 non
2846 2517 2910 2567 ut
2965 2512 3309 2569 lautiuscule
3356 2521 3714 2583 pascerelur,

2072 2605 2258 2660 vivere
2287 2604 2806 2674 studebat,hocest
2836 2609 2900 2659 ut
2931 2605 3152 2661 deliciis
3183 2605 3425 2661 liberius
3453 2606 3714 2677 perfrue-

2072 2704 2251 2762 retur,
2282 2710 2483 2750 verum
2519 2710 2589 2750 ne
2627 2697 2762 2751 ante
2803 2711 2971 2750 suam
3016 2695 3171 2750 diem
3223 2703 3435 2751 metam
3482 2693 3716 2752 vivendi

2072 2789 2398 2851 assecutus,
2434 2799 2680 2840 coronas
2710 2785 3028 2851 amitteret,
3060 2801 3204 2855 quas
3235 2787 3305 2841 de
3335 2786 3457 2841 suis
3506 2785 3715 2842 labori-

2072 2873 2200 2940 bus,
2235 2874 2311 2929 sit
2341 2873 2563 2928 diutius
2594 2873 2710 2928 vita
2750 2873 3172 2945 suppeditaret,
3208 2873 3519 2929 habiturus
3548 2877 3710 2942 erat;

2070 2961 2336 3019 nonnihil
2367 2961 2531 3018 initio
2563 2961 2670 3018 sibi
2694 2961 3050 3034 indulgebat.
3085 2965 3158 3017 At
3195 2962 3418 3035 epulas,
3451 2968 3508 3018 et
3553 2964 3712 3033 vina,

2069 3061 2125 3113 et
2155 3057 2408 3114 ludicros
2433 3056 2828 3114 conviviorum
2851 3055 3152 3127 strepitus,
3179 3063 3233 3111 et
3271 3055 3624 3127 voluptates,
3656 3064 3712 3114 et

2070 3148 2398 3220 petulantias
2423 3150 2719 3220 parentem
2761 3146 3108 3214 satietatem,
3150 3149 3207 3202 et
3256 3145 3494 3202 serviles
3533 3150 3710 3218 atque

2069 3236 2444 3292 detestabiles
2473 3236 2644 3292 basce
2675 3250 2965 3306 nugas,ne
2997 3235 3287 3290 nominari
3341 3235 3572 3306 quidem
3622 3236 3711 3290 fe-

2069 3327 2277 3382 rebat:
2321 3326 2460 3396 quid
2493 3324 2644 3380 enim
2687 3340 2821 3380 cum
2865 3323 3205 3394 hujusmodi
3243 3323 3417 3379 rebus
3466 3323 3574 3389 illi,
3607 3324 3708 3396 qui

2067 3421 2196 3472 tum
2254 3417 2380 3471 vitai
2436 3413 2764 3478 sanctitate,
2814 3420 2932 3468 tum
3019 3413 3271 3468 assiduis
3346 3418 3709 3470 commenta-

2067 3504 2350 3571 tionibus,
2412 3502 2632 3557 dudum
2695 3500 2948 3556 sublime
2995 3504 3224 3555 evectus
3272 3504 3414 3568 erat,
3455 3500 3709 3558 intimis-

2067 3609 2182 3665 que
2230 3591 2687 3663 cogitationibus
2744 3605 2890 3644 cum.
2939 3588 3055 3644 Deo
3113 3604 3220 3644 suo
3283 3589 3534 3660 agebat?
3593 3591 3708 3644 sci-

2067 3683 2201 3738 licet
2234 3697 2418 3752 neque
2452 3679 2564 3734 luci
2610 3695 2866 3749 unquam
2912 3676 3072 3749 iungi
3115 3683 3387 3748 poterunt
3433 3677 3704 3745 tenebrm,

2070 3771 2251 3828 nihilo
2295 3769 2564 3840 equidem
2618 3769 2804 3840 magis
2848 3783 3020 3839 quam
3072 3766 3272 3838 frigori
3319 3783 3454 3823 cum
3521 3767 3708 3823 calore

2066 3861 2361 3928 convenit,
2397 3875 2585 3930 neque
2633 3859 2722 3912 cui
2780 3857 2943 3914 salus
3010 3873 3119 3912 sua
3159 3857 3402 3928 vitatque
3457 3855 3706 3912 caelestis

2067 3950 2296 4022 adeptio
2323 3965 2574 4004 summa;
2605 3963 2759 4004 cura:
2789 3952 2898 4012 est,
2931 3946 3282 4017 ejuscemodi
3316 3945 3548 4002 at'ﬂixus
3580 3961 3710 4002 esse

2067 4045 2258 4113 potest
2288 4040 2485 4104 rebus,
2505 4040 2605 4092 aut
2625 4036 2887 4092 animum
2911 4037 2980 4090 ad
3000 4035 3129 4092 illas
3150 4035 3386 4091 omnino
3407 4036 3474 4090 ad
3486 4035 3707 4103 hibero,

2064 4131 2277 4204 quippe
2295 4130 2394 4202 qui
2426 4143 2638 4199 supera
2668 4131 2726 4182 et
2755 4126 3009 4182 cmlestia
3029 4125 3088 4180 in
3119 4127 3278 4182 omni
3301 4126 3416 4181 vita
3435 4125 3710 4197 suspicit,

2063 4226 2123 4276 et
2151 4218 2512 4276 convenienti
2547 4219 2717 4274 modo
2767 4215 3146 4288 philosophias
3179 4215 3362 4271 sacris
3413 4219 3709 4286 operatur.

2063 4309 2220 4365 Talis
2245 4324 2438 4363 revera
2467 4307 2562 4362 hic
2594 4312 2791 4362 noster
2819 4313 2963 4373 erat,
2998 4309 3194 4376 utpote
3252 4305 3353 4376 qui
3408 4320 3711 4376 corporeus

2062 4400 2386 4471 voluptates
2414 4413 2620 4452 omnes
2653 4413 2742 4452 res
2781 4413 2920 4451 suas
2942 4395 3054 4451 sibi
3089 4394 3259 4466 plane
3289 4395 3710 4464 haberejusse-

2065 4495 2176 4556 rat,
2219 4493 2276 4544 et
2307 4486 2628 4542 illiusmodi
2661 4486 3098 4542 incantamenta
3121 4484 3277 4540 velut
3323 4483 3711 4540 fadissimum

2062 4579 2358 4651 quoddam
2393 4575 2690 4649 piaculum
2725 4575 3121 4644 aversabatur,
3153 4591 3288 4630 cum
3343 4574 3468 4629 sola
3515 4577 3710 4628 autem

2073 4669 2343 4726 castitate
2371 4672 2428 4724 et
2459 4666 2820 4723 continentia
2858 4666 3164 4738 victusque
3209 4663 3537 4736 frugalitate
3577 4678 3714 4718 con-

310 4730 481 4828 μίτων
539 4730 706 4828 ἔφησε
765 4749 1012 4816 Βλάτων,
1071 4730 1556 4821 ταῦτῖνᾶλλήλοις
1619 4730 1952 4824 ξυμϐαίνειν,

2071 4757 2442 4830 junctissime
2498 4757 2742 4823 vivebat,
2805 4755 3097 4827 animique
3170 4753 3404 4811 oculum
3493 4750 3710 4824 quibus

303 4845 393 4899 καὶ
452 4849 556 4911 τῆς
615 4845 713 4897 τοῦ
769 4841 1008 4915 καθαροῦ
1067 4837 1356 4915 συναφείας
1411 4841 1510 4910 τήν
1588 4843 1663 4914 μή
1723 4843 1952 4916 καθαρὸν

304 4933 582 5004 ἀξιοῦσθαι
593 4973 606 4986 .

2066 4851 2290 4920 poterat
2315 4845 2547 4902 eluebat
2576 4846 3002 4917 purgabatque,
3036 4848 3094 4899 et
3123 4858 3316 4899 acrem
3356 4844 3713 4910 acutumque

2065 4937 2225 4993 omni
2271 4940 2533 5008 tempore
2601 4933 2929 5006 prestabat,
2987 4949 3104 5006 quo
3145 4935 3202 4988 et
3253 4928 3710 4988 illuminationes

2065 5026 2389 5084 motionum
2422 5024 2635 5082 mentis
2667 5023 2992 5082 rectissime
3019 5021 3326 5094 exciperet,
3359 5024 3416 5075 et
3466 5021 3710 5090 cognato

303 5117 548 5184 lumine,
574 5116 732 5187 quod
765 5113 960 5187 largiri
992 5115 1064 5170 iis
1107 5118 1260 5172 Deus
1291 5115 1456 5177 solet.
1491 5116 1591 5188 qui
1626 5117 1697 5172 ad
1735 5116 1891 5173 hunc
1930 5117 2202 5175 instructi
2265 5118 2500 5172 modum
2559 5120 2716 5186 sunt,
2747 5116 3060 5183 frueretur,
3100 5119 3157 5169 et
3203 5127 3339 5169 cum
3397 5108 3710 5182 purissimo

305 5209 547 5265 numine
605 5221 745 5278 pure
792 5212 1110 5278 sancteque
1161 5207 1360 5276 coiret,
1421 5206 1748 5280 intimaque
1805 5209 2151 5282 jungeretur
2233 5207 2655 5266 consuetudine
2722 5225 2742 5262 :

2799 5206 2972 5261 Nefas
3056 5205 3210 5260 enim
3280 5204 3388 5270 est,
3471 5199 3712 5256 docente

305 5299 565 5366 Platone,
597 5297 674 5368 (1)
704 5295 826 5352 haec
853 5294 1014 5352 aliter
1053 5296 1206 5352 inter
1235 5313 1297 5352 se
1335 5297 1664 5366 convenire,
1696 5302 1753 5354 et
1786 5300 1914 5370 puri
1945 5299 2365 5371 conjunctione
2397 5298 2496 5370 qui
2527 5299 2796 5370 impurus
2816 5301 2906 5352 est
2936 5296 3177 5367 dignum
3207 5292 3350 5348 ﬁeri.

377 5395 508 5444 NH‘.
541 5387 616 5441 Τὰ
645 5385 739 5458 μὶν
788 5383 853 5454 δὴ
904 5390 1002 5454 τῆς
1055 5387 1408 5464 σωφροσύνης
1455 5385 1587 5466 ἄχρι
1628 5392 1724 5443 τοῦ
1774 5387 1955 5463 δεῦρο,

312 5478 398 5531 καὶ
439 5472 596 5531 οὐδὲν
630 5471 713 5530 δεῖ
758 5475 1144 5550 προστιθέναι·
1180 5478 1342 5551 ἡμεῖς
1391 5473 1530 5532 δέτι
1572 5477 1659 5532 καὶ
1708 5477 1958 5554 περὶτῆς

381 5663 465 5737 (1)
497 5661 566 5721 ln
595 5661 880 5734 Ρνιοάοπσ,
913 5662 964 5735 ι,
993 5661 1087 5724 e7.

2143 5391 2526 5462 LVIII.Atquc
2539 5389 2660 5444 haee
2673 5389 2904 5460 quidem
2921 5389 3200 5444 hactenus
3221 5382 3709 5454 detemperantia.

2069 5481 2186 5538 Nec
2238 5481 2404 5538 video
2448 5496 2560 5552 quo
2617 5480 2841 5550 adjecto
2900 5477 3044 5534 mihi
3101 5473 3356 5548 amplius
3409 5487 3556 5544 opus
3613 5471 3710 5528 sit.
