4118 6214
344 355 462 420 275

1619 355 2014 424 THEODULI
2060 360 2415 424 MONACHI

3624 359 3744 421 276

342 491 511 548 Nunc
541 491 742 564 igitur,
774 500 836 548 ut
865 492 1114 548 facultas
1145 493 1306 564 feret,
1341 493 1627 552 nonnulla
1664 496 1736 550 de
1765 494 1982 550 summi

2123 498 2194 548 οὗ
2227 493 2471 570 μεγάλου
2522 491 2894 565 δικαιοσύνης,
2941 493 3016 556 ὡς
3065 491 3126 548 ἅν
3175 493 3350 548 οἷοίτε
3381 489 3553 566 ὦμεν,
3597 490 3747 564 ἐροῦ-

342 582 452 638 viri
460 581 694 654 justitia
708 583 1584 655 alferumus,eaqueornationem
1597 591 1986 650 nostram,non

343 669 505 728 illam
529 672 810 738 oratione,
833 673 1194 728 ornabimus.
1221 673 1494 746 Bipartito
1517 679 1709 731 autem
1731 674 1852 730 hac
1875 675 1989 730 dis-

345 761 564 816 tributa
593 760 778 816 virtus
809 764 919 830 est,
953 760 1132 818 altera
1153 779 1287 835 erga
1315 762 1524 832 Deum,
1553 779 1690 836 erga
1721 763 1986 820 homines

347 849 566 916 altera;
607 850 893 920 posterior
922 851 1154 924 proprie
1166 851 1397 922 justitia
1418 853 1702 908 vocitatur
1735 878 1748 920 ;
1781 869 1899 924 quae
1914 855 1985 909 ad

349 942 526 994 Deum
542 939 832 994 referuntu
843 955 887 1004 r,
905 955 972 995 ea
986 941 1056 995 ad
1069 940 1406 1013 religionem
1423 943 1987 1014 sanctimoniamque

349 1028 667 1100 pertinent;
693 1030 846 1100 quod
881 1029 930 1085 si
961 1046 1030 1085 ex
1061 1033 1189 1086 utra
1205 1031 1482 1088 harumce
1502 1031 1780 1088 virtutum
1807 1034 1988 1105 majo-

351 1133 471 1174 rem
513 1117 962 1174 nosterlaudem
990 1119 1196 1175 merito
1236 1137 1339 1176 suo
1388 1121 1609 1177 auferat
1653 1138 1898 1192 quaeras,
1929 1123 1988 1178 in

347 1209 558 1262 neutra
583 1207 774 1278 seipse
805 1207 1134 1264 inferiorem
1169 1208 1332 1264 illum
1367 1210 1653 1281 reperies;
1691 1213 1817 1283 pari
1833 1213 1987 1267 enim

349 1311 416 1352 ac
429 1295 605 1352 simili
619 1296 928 1368 utrobique
958 1297 1280 1368 ingreditur
1291 1299 1668 1370 gradu,tanto
1681 1305 1910 1372 utramq
1922 1318 1992 1358 ue

349 1384 690 1456 complexus
707 1385 902 1441 studio
931 1390 1150 1457 quanto
1167 1404 1336 1444 nemo
1361 1388 1624 1445 omnium
1647 1395 1713 1445 ut
1742 1392 1994 1447 arbitror

351 1473 710 1531 alterutram.
733 1473 958 1546 Quippe
979 1484 1031 1531 et
1062 1475 1141 1530 ita
1173 1476 1440 1548 religiose
1464 1477 1677 1534 divinis
1708 1479 1993 1551 obtempe-

351 1565 518 1620 rabat
563 1564 858 1620 mandatis
887 1565 1056 1636 quasi
1113 1566 1162 1620 si
1221 1567 1322 1622 uni
1373 1566 1484 1638 ipsi
1541 1567 1666 1640 lege
1740 1571 1992 1639 quadam

354 1655 612 1726 primum
654 1653 875 1709 sancita
917 1654 1182 1724 fuissent,
1213 1655 1470 1726 primum
1501 1657 1768 1714 videlicet
1793 1659 1991 1715 eadem

355 1749 479 1799 tum
513 1741 904 1810 observaturo,
937 1747 1060 1798 tum
1091 1744 1308 1800 caeteris
1339 1745 1662 1816 prodituro.
1684 1747 1755 1802 Et
1787 1763 1993 1802 rursus

2102 603 2218 657 μεν,
2266 583 2328 640 οὒ
2377 585 2577 651 ταύτην
2623 589 2702 656 τῷ
2753 583 2925 660 λόγῳ,
2974 588 3168 640 τοῦτον
3201 581 3246 638 δ’
3279 583 3338 638 ἐκ
3363 583 3570 652 ταύτης
3615 601 3746 636 κοσ-

2101 675 2402 746 μήσοντες·
2435 673 2643 742 Ταύτης
2689 675 2874 728 τοίνυν
2925 673 3000 735 είς
3057 671 3152 728 δύο
3203 671 3616 747 διαιρουμένης,
3667 670 3742 733 εἷς

2095 783 2155 817 τε
2185 763 2315 818 Θεὸν
2343 763 2435 817 καὶ
2466 761 2802 835 ἀνθρώπους,
2843 763 2906 817 τὸ
2958 761 3054 834 μὲν
3103 760 3354 816 καλεῖται
3387 757 3704 827 δικαιοσύνη
3731 779 3744 791 ·

2097 851 2196 905 ὅσα
2227 848 2273 905 δ’
2319 851 2396 912 εἷς
2441 851 2572 906 Θεὸν
2623 851 2894 927 ἀναφέρει,
2935 851 3082 905 ταῦτ’
3135 849 3210 911 εἷς
3243 849 3504 919 ὁσιότητα
3555 847 3726 925 φέρει¹

2097 939 2148 994 ἐν
2197 939 2434 1013 ὁποτέρᾳ
2487 935 2553 1008 δὴ
2603 939 2810 994 τούτων
2863 938 3028 1010 μιίζω
3075 939 3296 1018 φέρεται
3343 940 3526 1014 ψῆφον
3577 938 3752 1007 ζητή-

2099 1051 2216 1098 σας,
2259 1030 2348 1083 καὶ
2395 1033 2588 1084 τοῦτον
2636 1027 2688 1083 ἒν
2738 1025 2853 1083 οὐδ’
2902 1027 3139 1100 ὁποτέρᾳ
3185 1028 3504 1100 ἡττώμενον
3547 1023 3748 1100 εὕροις,

2096 1117 2245 1175 ἀλλὰ
2275 1115 2346 1173 δι’
2387 1117 2514 1174 εἰσου
2555 1118 2645 1172 καὶ
2683 1117 2881 1190 ὁμοίου
2929 1121 3139 1192 χωρεῖ·
3185 1119 3444 1171 τοσοῦτον
3491 1113 3748 1186 ἑκατέρου

2101 1209 2266 1284 λόγον
2306 1207 2695 1280 πεποιημένος,
2741 1208 2864 1260 ὅσον
2913 1203 3091 1267 οὐδεὶς
3123 1205 3278 1278 οἶμαι
3325 1205 3558 1280 θατέρου
3583 1221 3596 1235 ’
3631 1209 3744 1259 τῶν

2097 1317 2155 1352 τε
2183 1296 2283 1370 γὰρ
2335 1294 2491 1350 θείων
2542 1294 2926 1369 ἐπιταγμάτων
2977 1295 3123 1348 οὕτω
3167 1293 3334 1371 φύλαξ
3385 1295 3454 1363 ἦν
3485 1289 3743 1368 ἀκριϐής,

2099 1385 2173 1446 ὡς
2203 1382 2260 1438 ἂν
2292 1383 2368 1446 εἷς
2419 1388 2609 1440 τοῦτον
2657 1383 2816 1439 αἰδτὸν
2856 1385 2958 1454 τήν
3007 1383 3184 1458 ἀρχὴν
3239 1384 3747 1456 νομοθετηθέντων,

2100 1475 2173 1536 ὡς
2193 1479 2409 1548 πρῶτον
2453 1473 2611 1528 αὐτόν
2655 1494 2713 1529 τε
2759 1476 2926 1528 ταῦτα
2967 1471 3292 1551 φυλάξοντα,
3330 1472 3420 1527 καὶ
3469 1471 3598 1533 τοὺς
3645 1470 3750 1525 ἄλ-

2101 1561 2236 1626 λους
2293 1560 2622 1633 διδάξονταο
2683 1561 2992 1638 ἀνθρώποις
3049 1582 3108 1617 τε
3164 1560 3338 1622 οὕτως
3395 1561 3625 1634 ἐχρῆτο,
3676 1561 3752 1620 ὡς

2104 1651 2164 1707 ἄν
2223 1673 2306 1714 τις
2364 1653 2699 1726 νομοθετῶν,
2757 1649 2819 1707 οὓ
2876 1650 3069 1725 νόμοις
3129 1655 3468 1726 συνηγορῶν,
3531 1649 3748 1723 μᾶλλον

2103 1739 2160 1797 δὲ
2223 1744 2298 1804 ὡς
2360 1747 2579 1816 πρῶτος
2647 1741 2826 1796 θεόθεν
2891 1741 3214 1815 ἀνθρώποις
3281 1740 3577 1817 πεμφθεὶς,
3641 1739 3756 1817 ὲφῷ

355 1852 424 1893 eo
455 1850 588 1890 cum
636 1833 972 1892 hominibus
1019 1832 1192 1890 modo
1231 1835 1454 1904 agebat,
1486 1836 1644 1891 velut
1690 1837 1789 1906 qui
1838 1837 1995 1908 leges

2123 1831 2201 1898 τήν
2262 1830 2536 1905 περίγειον
2593 1829 2749 1899 λῆξιν
2817 1836 3091 1901 κοσμῆσαι
3147 1828 3239 1884 καὶ
3297 1837 3633 1898 καταστῆσαι
3685 1831 3756 1882 τὰ

2518 1919 2603 1936 !\\
2630 1921 2644 1936 I
2771 1921 2784 1936 Ι
2994 1923 3022 1934 ιιι
3186 1916 3210 1936 θ
3243 1925 3265 1936 υ
3369 1918 3383 1936 ε
3582 1917 3596 1936 ε
3687 1923 3714 1933 -

357 1926 503 2000 ipsis
567 1926 738 1981 ferret
802 1923 1010 1994 potius,
1055 1938 1230 1994 quam
1276 1922 1415 1979 latis
1475 1922 1698 1994 legibus
1746 1927 1996 1997 patroci-

360 2013 527 2073 nium
557 2013 1112 2080 commodaret,sive
1142 2013 1334 2068 verius
1354 2011 1505 2068 velut
1535 2013 1636 2084 qui
1663 2015 1884 2084 primus
1907 2015 1996 2069 di-

361 2105 582 2160 vinitus
613 2102 958 2158 mortalibus
991 2101 1208 2156 missus
1247 2102 1471 2168 fuisset,
1503 2119 1616 2174 quo
1664 2103 1811 2160 hanc
1873 2121 2002 2175 quas

365 2194 426 2250 in
481 2192 646 2248 terris
694 2191 928 2262 degitur
983 2189 1158 2245 vitam
1211 2195 1364 2245 recte
1434 2191 1753 2262 ordinaret,
1799 2209 2004 2264 resque

367 2281 631 2339 turbatas
661 2283 1075 2350 componeret:
1110 2279 1211 2334 sed
1243 2279 1504 2334 nondum
1539 2282 1612 2336 de
1643 2281 1732 2337 his
1753 2282 2004 2353 agimus,

370 2370 652 2429 nimirum
675 2368 838 2442 prius
869 2369 940 2424 de
969 2366 1204 2437 divinis,
1237 2371 1356 2423 tum
1389 2373 1589 2440 postea
1603 2371 1902 2428 decaeteris
1926 2387 2010 2428 re—

373 2462 488 2517 bus
515 2456 1508 2530 cujusquemodi,nobisdicendum.
1529 2460 1880 2531 Ecquidnam
1897 2461 2010 2532 igi-

371 2553 468 2606 tur
488 2557 594 2616 est,
626 2547 778 2618 quod
809 2545 926 2602 Deo
957 2546 1296 2618 praecipuos
1332 2546 1501 2604 nobis
1531 2547 1794 2616 debetur,
1828 2553 1884 2605 et
1912 2567 2012 2605 cu-

369 2640 473 2711 jus
501 2638 612 2710 ipsi
641 2637 928 2693 debitores
986 2649 1189 2691 omnes
1247 2637 1501 2692 sumus?
1531 2637 1800 2709 pietatem
1861 2641 2012 2695 haud

377 2727 580 2793 dubie;
620 2725 828 2781 deinde
864 2739 1146 2793 amorem,
1179 2727 1237 2780 et
1267 2739 1462 2781 veram
1510 2727 1699 2798 ipsius
1737 2730 2017 2801 cognitio-

2106 1941 2405 1997 πραγματα
2439 1940 2452 1953 ·
2507 1919 2654 1976 ἀλλά
2710 1921 2878 1993 μήπω
2927 1923 3091 1975 τοῦτο
3121 1939 3133 1952 ·
3183 1916 3265 1974 δεῖ
3322 1918 3425 1994 γὰρ
3475 1917 3600 1992 περὶ
3645 1923 3756 1973 τῶν

2109 2009 2266 2066 θείων
2315 2017 2556 2088 πρῶτον,
2607 2009 2834 2065 κᾶπειτα
2891 2011 3014 2084 περὶ
3067 2013 3177 2065 τῶν
3236 2009 3448 2064 λοιπῶν
3505 2010 3754 2071 ἁπάντων

2112 2097 2419 2170 διεξελθεῖν.
2467 2099 2524 2156 Τί
2573 2099 2753 2155 τοίνυν
2807 2098 3081 2176 ὀφείλεται
3133 2097 3371 2171 μάλιστα
3413 2099 3542 2171 παρ’
3595 2099 3758 2170 ἡμῶν

2111 2193 2192 2260 τῷ
2221 2193 2359 2262 Θεῷ,
2405 2188 2494 2243 καὶ
2543 2193 2640 2243 τοῦ
2687 2187 3018 2261 καθέσταμεν
3069 2188 3329 2264 ὑπόχρεῳ
3379 2186 3616 2257 πάντες;
3665 2187 3760 2240 εύ-

2115 2273 2323 2333 σέϐειαν
2373 2278 2463 2332 καὶ
2513 2277 2792 2356 φιλοθεῖαν
2825 2277 3039 2339 πάντως
3081 2273 3224 2351 ἒρεῖς
3265 2276 3357 2332 καὶ
3405 2279 3468 2332 τὸ
3511 2275 3758 2350 γνησίως

2113 2373 2303 2424 τοῦτον
2363 2365 2560 2422 εἰδέναι
2626 2387 2684 2422 τε
2749 2368 2839 2423 καὶ
2903 2371 3066 2440 τιμᾷν
3133 2367 3225 2421 καὶ
3291 2363 3600 2443 φοϐεῖσθαι,
3669 2365 3764 2419 καὶ

2118 2457 2256 2530 πρὸς
2309 2455 2402 2527 μὶν
2449 2452 2650 2509 ἐκεῖνον
2697 2454 2950 2510 ἑκάστοτε
2996 2455 3188 2509 τείνειν
3215 2473 3230 2485 ·
3277 2455 3477 2524 ἣκιστα
3523 2451 3581 2508 δὲ
3624 2453 3763 2508 πάν-

2121 2565 2228 2601 των
2284 2549 2404 2608 τοῖς
2459 2547 2693 2618 παροῦσι
2750 2544 3065 2622 προσέχειν,
3113 2544 3203 2598 καὶ
3267 2543 3489 2618 προσέτι
3545 2539 3762 2611 δεῆσαν,

2123 2640 2210 2692 καὶ
2250 2634 2475 2710 μυρίους
2521 2635 2581 2689 ἂν
2633 2635 2763 2711 ὑπὲρ
2820 2635 3019 2690 τούτου
3066 2636 3347 2703 θανάτους,
3397 2632 3547 2708 ε’ίπερ
3597 2634 3766 2688 οἷον-ε’

2124 2725 2176 2782 ἒν
2207 2722 2559 2800 ἀνασχέσθαι.

372 2833 532 2887 nem,
565 2829 884 2885 verumque
917 2814 1192 2871 honorem
1234 2832 1300 2871 ac
1327 2816 1600 2873 timorem
1633 2817 1777 2872 mihi
1829 2819 2008 2886 dices,
2038 2827 2161 2875 tum
2215 2823 2278 2874 ut
2326 2817 2450 2873 dies
2505 2821 2826 2888 noctesque
2873 2815 3066 2872 animo
3124 2816 3196 2871 ad
3235 2815 3404 2870 illum
3445 2814 3770 2872 contenda-

371 2921 525 2975 mus,
567 2906 780 2979 pretia
809 2905 1049 2961 omnino
1080 2905 1476 2978 neglectisque
1507 2909 1892 2978 praesentibus
1915 2909 2167 2977 ;adhec,
2187 2909 2236 2964 i
2260 2907 2495 2979 quando
2527 2921 2764 2962 necesse
2794 2905 2986 2974 fuerit,
3007 2913 3072 2962 ut
3099 2903 3199 2961 Dei
3229 2921 3429 2973 causa,
3447 2904 3496 2961 si
3519 2921 3628 2976 quo
3643 2904 3768 2959 fieri

371 3003 541 3072 pacto
572 2995 874 3069 possit,vel
897 2995 1054 3052 mille
1074 2994 1321 3052 libenter
1349 2997 1746 3068 perpetiamur
1765 3003 2004 3054 mortes.

437 3090 585 3145 LIX.
618 3087 758 3152 Quis
797 3091 996 3144 nostro
1041 3091 1234 3143 autem
1291 3087 1560 3143 Numinis
1616 3089 2009 3145 reverentior?
2039 3093 2081 3158 ο

369 3179 498 3250 quis
527 3177 772 3234 Domino
803 3176 1071 3248 religioso
1103 3179 1352 3248 quodam
1384 3193 1518 3233 cum
1561 3178 1770 3234 timore
1819 3179 2006 3250 magis

369 3267 649 3333 serviens,
681 3270 782 3322 aut
811 3265 1050 3320 clariore
1079 3281 1182 3336 per
1229 3266 1350 3321 haec
1379 3267 1578 3322 omnia
1608 3267 1831 3340 fulgora
1859 3269 2010 3324 emi—

372 3357 555 3415 cans?
584 3356 684 3428 qui
707 3372 828 3412 suae
858 3353 1092 3426 quidem
1124 3369 1262 3428 erga
1289 3359 1470 3410 Deum
1522 3357 1750 3426 pietatis
1783 3357 2011 3413 semina

373 3463 407 3503 a
465 3449 673 3514 matre,
725 3445 940 3500 femina
969 3445 1190 3512 cptima
1246 3449 1304 3498 et
1349 3444 1743 3515 sanctissima,
1776 3463 2012 3518 accepe-

373 3540 492 3604 rat;
537 3535 624 3592 sic
680 3549 810 3589 vere
862 3534 933 3588 ad
993 3533 1374 3588 centesimam
1431 3534 1651 3606 frugem
1721 3537 2014 3606 produxit,

375 3633 440 3683 ut
469 3624 844 3698 postmodum
891 3621 992 3678 Dei
1031 3622 1216 3692 ipsius
1249 3622 1616 3679 admirabilis
1671 3625 2018 3682 administer

375 3717 725 3786 adjutorque
792 3711 984 3781 fuerit,
1027 3715 1204 3784 atque
1261 3716 1386 3767 tum
1445 3713 1654 3781 verbis,
1705 3718 1832 3770 tum
1874 3731 2019 3788 ope-

376 3805 540 3863 ribus
595 3803 676 3860 ita
752 3801 1057 3873 magniﬁce
1133 3817 1200 3857 ac
1259 3801 1530 3871 praeclare
1577 3819 1744 3871 opem
1803 3805 2018 3872 tulerit,

377 3900 444 3953 ut
471 3894 561 3951 bis
589 3893 806 3949 eisdem
837 3891 1020 3947 armis
1043 3895 1196 3946 recte
1225 3891 1505 3947 adversus
1535 3891 1668 3948 illos
1700 3895 1782 3948 uti
1835 3899 2022 3965 poste-

377 3987 521 4041 ritas
568 3985 742 4054 queat
781 4000 796 4048 ;
859 3981 956 4052 qui
999 3980 1060 4036 in
1119 3979 1420 4035 divinitate
1476 3997 1706 4038 omnem
1752 3984 2020 4039 essentia:

379 4074 665 4131 rationem
687 4085 1078 4143 supergressa,
1097 4071 1290 4126 nescio
1313 4085 1460 4141 quas
1476 4069 1739 4142 dispares
1756 4073 1868 4128 sibi
1881 4091 2024 4146 par-

378 4164 614 4222 titiones
643 4162 893 4233 tingunt,
935 4165 992 4216 et
1030 4159 1352 4230 simplicem
1373 4159 1536 4215 illam
1561 4177 1629 4216 ac
1659 4161 2021 4219 individuam

381 4253 520 4310 vitio
551 4249 1132 4321 dividunt,illiusque
1163 4249 1602 4308 coessentialem
1623 4256 1877 4308 evertere
1907 4269 2028 4308 mo-

382 4341 921 4405 liunturnaturam,
958 4338 1180 4394 scilicet
1234 4347 1294 4394 ut
1354 4343 1501 4394 Deus
1559 4342 1757 4396 eadem
1811 4342 2027 4412 pariter

385 4435 559 4504 atque
606 4445 699 4486 res
744 4429 1010 4501 quaedam
1083 4433 1272 4485 creata
1366 4445 1494 4485 esse
1570 4430 1851 4500 videatur,
1926 4439 2029 4488 aut

387 4521 596 4578 borum
654 4519 850 4589 potius
879 4525 1174 4584 neutrum,
1207 4519 1440 4589 quando
1487 4531 1794 4591 utrumque
1851 4521 2028 4577 simul

387 4625 518 4666 esss
585 4605 807 4679 nequit.
867 4605 1055 4662 Simili
1108 4623 1275 4678 porro
1345 4607 1449 4663 Dei
1497 4609 1702 4665 timore
1759 4611 1860 4682 qui
1919 4625 2032 4682 prae

390 4699 546 4756 ditus
603 4698 776 4754 fuerit
817 4695 1114 4752 hominem
1166 4698 1288 4752 scio
1347 4697 1892 4770 neminem,verum
1925 4701 2034 4756 hoc

391 4805 576 4846 unum
631 4787 872 4860 pulchre
934 4787 1072 4856 scio,
1117 4789 1427 4858 sciuntque
1481 4789 1618 4844 item
1677 4790 1772 4844 alii
1835 4807 2039 4848 omnes

392 4881 475 4936 ita
504 4877 756 4935 tristitia:
779 4875 1172 4949 lacrymisque
1205 4883 1482 4949 perpetuo
1523 4880 1864 4950 Gregorium
1917 4897 2040 4938 sese

395 4969 729 5036 tradidisse,
763 4973 827 5022 ut
849 4968 1105 5024 assiduis
1129 4967 1395 5039 precibus
1445 4986 1477 5023 a
1521 4969 1638 5024 Deo
1671 4971 2044 5026 contenderet

397 5063 463 5115 ut
493 5063 550 5114 et
579 5058 700 5130 ipse
733 5063 789 5113 et
819 5057 1010 5114 caeteri
1054 5056 1196 5113 salvi
1230 5058 1454 5121 ﬁerent,
1486 5058 1576 5112 sin
1619 5058 1835 5126 minus,
1870 5059 2040 5114 altem

397 5159 480 5214 ut,
514 5147 955 5220 exemploPauli
973 5147 1245 5214 “ﬁcaateri
1275 5163 1503 5217 omnes,
1527 5163 1641 5203 uno
1665 5149 1791 5218 ipso
1813 5149 2044 5205 excluso

399 5241 787 5294 servarentur.
851 5236 944 5292 Sic
1000 5237 1142 5291 adeo
1203 5235 1300 5291 ille
1359 5251 1473 5290 non
1543 5237 1713 5291 modo
1763 5237 1936 5307 juxta
1975 5253 2043 5292 ac

399 5327 802 5398 semetipsum,
828 5325 930 5381 sed
960 5329 1015 5382 et
1056 5341 1234 5397 supra
1263 5325 1666 5396 semetipsum,
1710 5327 2045 5397 proximum

400 5431 574 5473 suum
640 5417 916 5486 ducebat,
971 5414 1255 5488 illumque
1316 5415 1476 5472 omni
1535 5415 1708 5472 modo
1753 5431 2050 5488 praepone-

400 5505 518 5562 bat.
549 5509 720 5563 Recte
750 5505 850 5562 ille
878 5505 1140 5578 quidem,
1162 5521 1229 5562 ac
1258 5503 1523 5562 divinum
1557 5509 1905 5578 preceptum
1942 5505 2049 5562 im-

481 5681 526 5720 “
554 5680 720 5740 Rom.
753 5697 834 5752 xx,
863 5684 918 5738 3.

2193 3089 2318 3144 ΝΘ’.
2353 3086 2442 3148 Τίς
2475 3087 2566 3140 ούν
2621 3081 2998 3161 εὐσεϐέστερος
3045 3085 3264 3154 τούτου,
3315 3086 3402 3139 καὶ
3445 3082 3658 3156 μᾶλλον
3713 3083 3768 3138 έν

2117 3171 2273 3253 φόϐῳ
2302 3179 2382 3248 τῷ
2415 3175 2597 3250 Κυρίῳ
2627 3172 2926 3245 δουλεύων,
2959 3173 3053 3228 καὶ
3085 3172 3386 3230 διαπάντων
3413 3173 3626 3228 τούτων
3650 3169 3770 3227 δια-

2119 3264 2396 3342 φερόντως
2447 3262 2789 3337 ἐκλάμπων;
2819 3263 2879 3326 ’ὸς
2935 3266 3221 3336 σπέρματα
3264 3257 3572 3326 θεοσεϐείας
3620 3263 3772 3338 παρὰ

2117 3363 2217 3426 τῆς
2274 3356 2430 3412 πάντ’
2478 3355 2704 3431 ἀρίστης
2751 3356 2964 3430 μητρὸς
3005 3352 3218 3425 ἐδέξατο
3268 3355 3384 3428 μὲν,
3432 3352 3576 3408 οὕτω
3608 3349 3653 3407 δ’
3689 3352 3768 3414 εἷς

2121 3445 2306 3500 ἑκατὸν
2361 3449 2528 3500 ταῦτα
2582 3446 2914 3522 προήγαγεν,
2985 3445 3061 3504 ὡς
3125 3443 3216 3498 καὶ
3275 3445 3572 3519 σύμμαχος
3631 3447 3768 3497 Θεοῦ

2122 3539 2496 3608 τομεταταῦτα
2589 3535 2896 3607 θαυμαστὸς
2985 3535 3322 3609 γεγενῆσθαι,
3415 3532 3508 3589 καὶ
3591 3531 3767 3593 οὕτως

2127 3625 2274 3696 αὐτῷ
2319 3623 2509 3699 λόγοις
2567 3622 2655 3678 καὶ
2703 3617 2882 3698 ἔργοις
2926 3623 2994 3678 τὰ
3044 3623 3258 3699 μεγάλα
3303 3623 3649 3697 συνάρασθαι,
3694 3621 3772 3684 ὡς

2125 3711 2378 3774 καὶτοὺς
2422 3711 2872 3787 ἐπιγιγνομένους
2916 3717 3034 3774 τοῖς
3076 3711 3264 3774 αὐτοῖς
3311 3711 3526 3771 τούτοις
3573 3709 3772 3771 ὅπλοις

2129 3800 2275 3876 ἔχειν
2307 3803 2634 3875 κεχρῆσθαι,
2674 3801 2809 3855 κατὰ
2845 3801 2939 3862 τὰς
2980 3807 3080 3871 τῆς
3133 3801 3456 3876 ὑπερουσίου
3506 3801 3772 3869 θεότητος

2130 3889 2344 3947 ἀνίσους
2400 3891 2578 3963 τομὰς
2643 3889 3027 3957 ἐπινοούντων,
3095 3891 3184 3945 καὶ
3254 3888 3606 3966 διαιρούντων
3672 3891 3774 3956 τήν

2130 3979 2453 4052 ἀδιαίρετον,
2509 3979 2598 4035 καὶ
2655 3981 2996 4052 περιτρέπειν
3073 3979 3371 4036 ἐθελόντων
3449 3980 3657 4048 ταύτης
3713 3981 3778 4035 τὸ

2133 4069 2450 4143 ὁμοούσιον,
2493 4070 2567 4130 ὡς
2616 4070 2715 4138 τήν
2761 4069 2930 4136 αὐτὴν
2982 4069 3072 4124 καὶ
3115 4071 3243 4124 Θεὸν
3289 4069 3380 4124 καὶ
3429 4071 3634 4142 κτίσμα
3681 4066 3778 4123 δο-

2131 4165 2268 4226 κεῖν,
2326 4159 2416 4212 καὶ
2479 4155 2776 4230 μηδέτερον
2831 4158 3040 4212 τούτων
3101 4157 3216 4214 ἐπεὶ
3295 4157 3437 4230 μηδέ
3493 4159 3782 4234 συναμφό-

2131 4267 2308 4322 τερον.
2343 4241 2522 4301 Φόϐον
2571 4244 2629 4300 δὲ
2677 4249 2841 4316 θεῖον,
2893 4247 2992 4302 οὐκ
3039 4245 3170 4301 οἴδα
3212 4247 3307 4319 μὲν
3357 4247 3506 4309 ὅστις
3552 4247 3645 4302 καὶ
3683 4245 3782 4302 ἂλ-

2133 4339 2232 4397 λος
2293 4337 2486 4409 ὅμοιον
2544 4332 2704 4412 ἔσχεο
2767 4335 2914 4406 πλὴν
2971 4333 3026 4391 ἓν
3078 4337 3228 4392 τοῦτ’
3277 4334 3394 4391 οῖδα
3441 4335 3531 4391 καί
3583 4339 3784 4398 πάντες

2137 4425 2474 4495 ἐπίστανται,
2525 4426 2600 4488 ὡς
2641 4426 2782 4482 οὕτω
2821 4427 3031 4482 πενθῶν
3083 4425 3172 4481 καὶ
3222 4423 3466 4500 δακρύων
3517 4426 3595 4488 εἷς
3645 4427 3784 4481 ἅπαν

2143 4517 2233 4585 ἦν,
2265 4517 2340 4577 ὡς
2368 4515 2458 4570 καὶ
2488 4515 2718 4571 πλεῖστα
2757 4513 2964 4570 δεῖσθαι
3003 4519 3161 4584 Θεοῦ,
3201 4515 3288 4570 καὶ
3329 4515 3488 4571 αὐτὸν
3535 4515 3650 4586 μὲν,
3691 4515 3782 4569 καὶ

2140 4605 2267 4666 τοὺς
2309 4603 2522 4666 ἄλλους
2563 4607 2857 4659 σεσῶσθαι·
2891 4605 2936 4660 εὶ
2977 4601 3034 4659 δὲ
3079 4605 3154 4678 μὴ
3201 4607 3386 4672 τοῦτο,
3435 4604 3640 4668 πάντας
3686 4607 3784 4677 μὲν

2144 4694 2278 4749 κατά
2318 4693 2536 4749 Παύλον
2565 4693 2694 4756 τοὺς
2750 4693 2975 4764 ἄλλους,
3026 4694 3211 4749 ἑαυτὸν
3243 4691 3298 4748 δὲ
3333 4695 3448 4768 μή·
3505 4693 3648 4749 οὕτω
3691 4695 3788 4748 τὸν

2145 4783 2382 4852 πλησίον
2419 4781 2481 4836 ού
2521 4783 2638 4837 καθ’
2675 4782 2835 4837 αὐτὸν
2879 4781 3063 4854 μόνον,
3116 4781 3260 4838 ἀλλὰ
3301 4782 3393 4836 καὶ
3444 4781 3574 4856 ὑπὲρ
3625 4781 3788 4837 αὐτὸν

2149 4872 2410 4942 ἐποιεῖτο,
2440 4871 2530 4926 καὶ
2557 4877 2673 4933 τοῖς
2710 4869 2868 4933 ὅλοις
2915 4871 3233 4944 προυτίθει·
3283 4871 3467 4932 καλῶς
3511 4891 3572 4944 γε
3615 4876 3791 4926 ποιῶν

2147 4963 2238 5017 καὶ
2267 4963 2366 5032 τήν
2400 4960 2622 5032 ἐντολὴν
2656 4961 2828 5015 ποιῶν
2871 4962 3012 5033 ὁμοῦ
3059 4979 3117 5014 τε
3163 4963 3249 5015 καὶ
3304 4955 3665 5036 ὑπερϐαίνων,
3698 4961 3792 5015 καὶ

2153 5050 2294 5126 δρῶν
2351 5055 2516 5125 ἄμφω
2573 5053 2708 5123 μετὰ
2758 5053 2854 5104 τοῦ
2903 5049 3064 5104 αὐτοῦ
3117 5050 3443 5123 πνεύματος.
3477 5053 3534 5105 Ὀ
3565 5047 3624 5104 δὲ
3653 5051 3794 5124 πρὸς

2153 5143 2470 5218 ἀνθρώπους
2499 5143 2658 5194 τοῦτο
2689 5143 2884 5206 ποιῶν,
2931 5139 3022 5194 καί
3068 5139 3271 5210 ταύτην
3309 5138 3454 5213 ἔχων
3499 5139 3600 5208 τὴν
3649 5141 3800 5212 γνὼ-

2158 5233 2289 5304 μήν,
2319 5230 2466 5292 τίνας
2511 5228 2610 5284 οὐκ
2657 5229 2716 5283 ἂν
2763 5229 2894 5302 ὑπὲρ
2949 5230 3187 5303 Χριστοῦ
3236 5226 3517 5289 κινδύνους
3565 5225 3796 5298 ὑπέστη,

2157 5319 2225 5377 δι’
2264 5321 2321 5376 ’ὸν
2379 5317 2653 5380 κάκείνοις
2701 5319 2878 5380 οὕτως
2935 5317 3179 5396 ἐχρῆτο;
3237 5317 3326 5372 καὶ
3391 5318 3498 5391 μὴν
3555 5317 3799 5388 κάκεῖνο,

2156 5413 2342 5486 ψυχῆς
2381 5407 2516 5484 ἄγαν
2557 5409 2808 5464 συντόνου
2841 5406 2930 5464 καὶ
2970 5407 3108 5482 πρὸς
3149 5407 3276 5462 Θεὸν
3317 5405 3426 5462 αἰεὶ
3473 5405 3798 5482 τεταμένης,

2155 5502 2220 5558 τὸ
2277 5504 2468 5556 τοῦτον
2517 5499 2612 5574 μὲν
2667 5496 2962 5562 διαπαντὸς
3012 5496 3264 5570 ἐνώπιον,
3315 5497 3479 5554 αὐτοῦ
3525 5498 3661 5554 κατά
3705 5499 3800 5554 τὸν
