3986 6228
440 431 560 494 2'19
1714 431 2110 494 THEODULI
2153 435 2516 496 MONACHI
3699 431 3806 493 280

438 566 678 624 haberet
695 565 910 640 (1).Vir
939 563 1218 620 nimirum
1249 567 1455 634 suapte
1475 566 1684 619 natura
1713 581 1746 619 a
1774 564 1929 620 vitiis
1951 581 2074 622 om-

2200 567 2404 640 ὶμέσως
2450 568 2610 641 ὁρᾷν·
2643 563 2760 622 ὅθεν
2805 564 3149 641 θαρῥοῦντως
3193 563 3478 640 ἐπέρχεταί
3533 584 3623 636 μοι
3665 564 3807 637 βοᾷν,

439 655 617 714 nibus
649 655 910 720 alienior,
925 659 983 710 et
1015 663 1311 726 propterea
1340 655 1488 710 hanc
1528 654 1974 727 philosophandi
1997 674 2084 712 ra-

2200 653 2276 711 ὅτι
2323 657 2411 710 καὶ
2465 655 2632 711 πλέον
2681 660 2791 711 τῶν
2836 653 3024 710 ἄλλων
3071 657 3230 719 οὗτος
3275 655 3508 729 ἐκράτει,
3541 653 3576 721 ἢ
3605 653 3812 707 τῶνᾶλ-

437 747 654 802 tionem
701 749 956 800 secutus.
989 744 1262 816 Ejusdem
1313 745 1608 800 modestia
1661 753 1944 816 respectu,
1977 763 2083 802 nec

2200 744 2366 820 γέλων
2410 747 2650 815 ήττᾶτο’
2699 747 2773 800 ὧν
2823 741 3046 801 ἔλαττον
3099 741 3244 820 ἔχων
3293 741 3382 799 διὰ
3423 743 3486 798 τὸ
3536 746 3704 814 σῶμα,
3735 739 3812 796 διὰ

439 834 740 905 miracula,
773 835 914 889 dum
945 833 1134 889 adhuc
1165 833 1318 888 inter
1347 833 1504 890 vivos
1545 839 1687 902 erat,
1711 836 1959 906 ipsemet
1983 837 2084 908 pel

2200 835 2406 889 πάντων
2455 835 2670 895 τούτοις
2715 833 2953 904 ἐξισοῦτο
3003 839 3112 890 τῶν
3151 832 3339 890 ἄλλων
3363 852 3373 865 ·
3415 829 3626 904 μᾶλλον
3658 830 3709 885 δὲ
3733 831 3812 884 καὶ

435 929 610 992 trare,
641 941 747 980 nec
795 927 972 980 vitam
1017 941 1184 980 suam
1235 923 1417 996 signis
1461 929 1516 980 et
1567 926 1810 982 ostentis
1847 927 2086 998 insuper

2200 923 2376 996 παρίει
2409 924 2654 998 [παρῄει]
2695 925 2831 996 μετᾶ
2859 925 2959 991 τῆς
2991 923 3130 993 ὕλης
3161 921 3422 977 τάκείνων
3457 919 3677 982 δεικνύς,

434 1013 728 1069 illustrare
785 1013 986 1080 voluit,
1017 1013 1110 1068 cui
1165 1013 1276 1069 hoc
1323 1031 1438 1086 prie
1496 1015 1608 1070 alio
1665 1015 1868 1086 quovis
1925 1017 1984 1071 in
2033 1013 2270 1087 proclivi
2323 1014 2552 1080 fuisset,
2585 1013 2700 1069 nisi
2751 1013 2980 1070 modica
3033 1013 3132 1070 ille
3179 1015 3458 1068 duntaxat
3507 1010 3815 1083 expetisset,

435 1109 492 1160 et
542 1105 828 1174 ejusmodi
888 1103 1202 1174 respuisset
1255 1103 1530 1176 gloriam,
1577 1105 1801 1160 scilicet
1861 1120 2172 1176 supernam
2247 1102 2408 1157 illam
2477 1103 2890 1159 beatitudinem
2972 1102 3158 1158 solam
3235 1102 3555 1174 quarebat,
3615 1109 3664 1156 et
3716 1099 3816 1156 Deo

435 1193 738 1264 conjungi,
771 1191 1051 1264 illumque
1098 1193 1170 1247 de
1217 1193 1478 1263 proximo
1529 1194 1814 1260 contueri,
1846 1195 2000 1248 unde
2041 1193 2285 1248 fidenter
2331 1191 2656 1248 exclamare
2699 1192 2878 1258 subit,
2913 1192 3100 1263 magis
3141 1197 3408 1247 nostrum
3455 1189 3568 1244 alio
3601 1189 3810 1254 vicisse,

435 1298 610 1352 quam
641 1282 857 1337 victum
890 1281 961 1336 ab
993 1282 1216 1354 angelis
1247 1281 1444 1348 fuisse,
1479 1283 1754 1339 nimirum
1783 1289 1848 1339 ut
1882 1283 1958 1339 ob
1989 1297 2322 1352 corpoream
2359 1281 2570 1336 molem
2605 1281 2720 1336 illis
2751 1281 3011 1347 inferior,
3041 1281 3124 1336 ita
3168 1285 3368 1337 caetera
3417 1279 3614 1336 omnia
3643 1295 3738 1350 par
3765 1285 3814 1333 et

435 1370 675 1441 aqualis
705 1375 848 1438 erat,
879 1371 1002 1425 sive
1031 1371 1222 1426 verius
1253 1379 1307 1426 et
1337 1371 1445 1427 hos
1474 1372 1679 1428 vicisse
1712 1387 1960 1442 quorum
1989 1387 2162 1442 opera
2193 1370 2574 1440 quantumvis
2607 1369 2845 1424 materie
2874 1369 3266 1424 circumdatus
3301 1367 3634 1439 praestabat.

509 1459 674 1516 LXII.
706 1461 945 1524 Quando
995 1459 1192 1532 itaque
1237 1460 1372 1516 talis
1418 1461 1656 1518 omnino
1689 1462 1811 1533 ipse
1839 1477 1991 1528 esse,
2022 1465 2080 1516 et

2259 1459 2384 1514 ΞΒ’.
2417 1460 2541 1512 Ὅτε
2598 1454 2848 1520 τοιοῦτος
2907 1459 3003 1530 μὲν
3069 1455 3229 1518 αὐτὸς
3285 1453 3615 1510 ἐσπούδακεν
3671 1455 3818 1522 εἶναι,

434 1547 592 1602 hunc
631 1547 689 1602 in
733 1549 965 1604 modum
997 1547 1236 1604 ultimas
1282 1549 1569 1621 cujusque
1615 1549 1845 1606 virtutis
1885 1555 2078 1605 metas

2200 1547 2276 1600 ιαὶ
2327 1547 2469 1602 οὕτω
2519 1548 2698 1617 πάσης
2757 1545 2953 1621 ἀρετῆς
3000 1545 3080 1600 ἐπ’
3129 1545 3338 1621 ἔσχατα
3385 1547 3535 1614 ἥκειν
3587 1544 3660 1608 ὡς
3699 1546 3820 1598 πάν-

435 1637 762 1708 contingere
794 1637 1081 1707 studebat,
1115 1643 1180 1693 ut
1217 1637 1304 1694 sui
1337 1648 1570 1710 stupore
1601 1645 1840 1694 cunctos
1865 1637 2074 1710 percel-

2200 1656 2278 1696 ιας
2336 1634 2602 1706 ἐκπλῆξαι
2663 1635 2754 1690 καὶ
2811 1639 3124 1710 κατασχεῖν,
3155 1633 3244 1690 καὶ
3309 1637 3488 1690 πεῖσαι
3549 1631 3721 1704 τούτῳ
3759 1633 3820 1686 τὰ

433 1723 578 1780 leret
605 1741 671 1780 ac
695 1727 997 1796 detineret,
1023 1743 1208 1798 eoque
1235 1728 1564 1794 adduceret,
1599 1735 1658 1784 ut
1711 1729 1982 1783 maximis
2015 1727 2076 1782 in

2200 1725 2446 1780 πλείστου
2497 1724 2656 1799 φασὶν
2707 1721 2826 1794 ἄξια
2873 1725 3137 1800 χρῆσθαι,
3165 1725 3257 1779 καὶ
3315 1723 3480 1796 μόνον
3521 1722 3701 1795 ἀξιοῦν
3727 1725 3820 1808 τῶς

433 1816 606 1870 rebus
643 1817 770 1887 ipso
817 1818 962 1872 duce
1018 1821 1076 1872 et
1122 1821 1357 1873 auctore
1405 1821 1730 1884 uterentur,
1779 1833 2080 1889 unumque

2200 1814 2488 1888 μεγίστων,
2531 1815 2624 1868 τὸν
2671 1813 2881 1870 οἴκοθεν
2929 1814 3018 1868 καὶ
3085 1815 3212 1889 παρ’
3265 1813 3458 1868 ἑαυτοῦ
3520 1815 3682 1867 τοῦτο
3739 1815 3817 1865 και

435 1905 742 1977 praecipuis
789 1906 1170 1978 dignarentur
1207 1906 1548 1974 honoribus,
1581 1909 1680 1978 qui
1727 1911 1933 1979 suopte
1973 1909 2066 1961 in—

2200 1907 2438 1958 ῖοκοῦντα
2465 1905 2556 1958 καὶ
2587 1900 2715 1958 ὅντα
2737 1948 2751 1975 ,
2785 1907 3032 1966 τοιοῦτος
3065 1901 3122 1958 δὲ
3149 1903 3240 1958 καὶ
3267 1907 3385 1964 τοῖς
3434 1899 3633 1963 ἄλλοις
3679 1899 3821 1974 μελε-

435 1996 604 2064 genio
637 1999 692 2050 et
723 2011 825 2067 per
855 2012 918 2051 se
969 1995 1296 2064 hujusmodi
1359 2013 1496 2051 sane
1553 2001 1611 2052 et
1665 1996 1972 2053 haberetur
2028 2001 2084 2051 et

2200 1990 2362 2054 δωνὸς
2419 1995 2695 2066 σωτηρίας
2753 1995 3006 2064 κατέστη.
3041 1992 3141 2048 Καὶ
3207 1991 3352 2046 οὕτω
3411 1990 3712 2064 θαυμαστός
3751 2010 3820 2052 τις

435 2087 621 2143 esset;
653 2083 790 2138 talis
821 2083 974 2138 idem
1007 2084 1182 2139 etiam
1215 2084 1344 2140 aliis
1379 2087 1717 2156 procurator
1747 2085 1954 2140 salutis
1981 2101 2084 2140 ex-

2200 2083 2400 2136 τοῦτων
2447 2083 2582 2158 πρὸς
2631 2082 2904 2158 σωτηρίαν
2959 2081 3220 2152 ἂλείπτης
3269 2083 3359 2136 καὶ
3427 2080 3813 2154 συναγωνιστὴς

435 2171 604 2226 stitit.
641 2171 708 2226 Et
741 2171 823 2226 ita
853 2171 1214 2227 admirabilis
1244 2172 1413 2243 plane
1466 2173 1538 2228 ad
1587 2173 1834 2228 salutem
1879 2189 2084 2243 capes-

2200 2172 2282 2225 νιαὶ
2341 2169 2718 2240 συπουδαστής
2777 2172 2866 2226 καὶ
2917 2169 3254 2244 συλλήπτωρ
3287 2172 3361 2232 ὡς
3409 2171 3500 2224 καὶ
3527 2171 3630 2238 τὴν
3663 2169 3818 2222 αὐτῶν

442 2260 682 2316 sendam
739 2259 1045 2331 impulsor,
1074 2269 1128 2316 et
1180 2262 1466 2332 particeps
1523 2263 1734 2333 operis,
1765 2267 1822 2318 et
1873 2263 2082 2328 socius,

2200 2257 2546 2334 εὐδοκίμησιν
2579 2267 2679 2330 τῆς
2735 2259 2935 2322 οἰκείας
2987 2259 3200 2333 μαλλον
3245 2261 3514 2336 αἱρεῖσθαι
3563 2258 3652 2313 καὶ
3695 2254 3817 2326 ἡδίω

441 2349 790 2420 adjutorque
809 2354 952 2420 erat,
979 2354 1042 2405 ut
1061 2351 1325 2422 ipsorum
1357 2350 1597 2423 gloriam
1629 2367 1743 2407 sua:
1775 2357 2088 2424 antepone-

440 2441 544 2501 ret,
571 2453 820 2510 eamque
840 2455 973 2494 cum
999 2438 1178 2494 Paulo
1201 2438 1246 2472 ¹⁷
1267 2440 1676 2508 jucundiorem
1707 2441 1957 2511 doceret,
1982 2457 2088 2496 nec

439 2525 622 2582 ullum
649 2526 822 2582 ﬁnem
847 2527 1060 2583 faceret
1074 2528 1206 2584 illos
1231 2527 1582 2584 admonendi
1604 2529 1670 2596 ⁸⁸,
1687 2529 1981 2598 hortandi,
1997 2531 2089 2586 ἀο-

437 2615 628 2682 cendi,
647 2619 822 2686 atque
849 2616 1020 2672 etiam
1043 2616 1348 2686 suadendi,
1375 2623 1440 2673 ut
1459 2619 1599 2675 vitia
1621 2636 1739 2674 non
1773 2619 1958 2684 flocci,
1977 2620 2088 2674 vir-

437 2704 580 2758 tutis
605 2709 800 2760 autem
833 2705 1026 2761 officia
1057 2711 1210 2762 recte
1233 2713 1534 2778 perspecta
1553 2709 1790 2776 habere,
1813 2709 1869 2762 id
1905 2725 2084 2764 unum

439 2792 676 2847 maximi
705 2795 978 2860 facerent,
998 2795 1214 2866 quippe
1243 2797 1344 2867 qui
1377 2798 1568 2852 omnis
1611 2798 1734 2868 ipse
1767 2798 2085 2853 honestatis

439 2885 612 2952 typus
657 2889 830 2950 esset,
864 2889 920 2938 et
967 2883 1167 2939 omnia
1225 2885 1460 2942 omnino
1491 2887 1766 2942 omnibus
1807 2887 1992 2946 fieret.
2027 2893 2089 2942 ut

441 2985 642 3026 omnes
653 2969 881 3026 Christo
895 2975 1027 3043 jure
1047 2973 1380 3043 adoptionis
1402 2979 1690 3032 assereret
1707 2977 1796 3028 ⁸⁸⁸.
1813 2977 1918 3040 Qui
1937 2985 2090 3032 utra-

441 3073 555 3129 que
591 3058 771 3130 igitur
807 3061 922 3116 ista
957 3062 1174 3117 virtute
1213 3063 1282 3118 ad
1313 3063 1466 3120 hunc
1488 3066 1726 3122 modum
1761 3067 2086 3122 instructus

441 3151 586 3215 erat,
605 3148 655 3202 is
683 3165 982 3205 summum
1007 3150 1252 3220 justitiaa
1283 3154 1603 3209 terminum
1627 3155 1933 3210 verissime
1965 3157 2088 3210 fixit

2191 2351 2391 2419 ταύτην
2427 2351 2564 2404 κατᾶ
2615 2349 2828 2406 Παῦλον
2877 2349 3138 2421 νομίζων,
3173 2351 3251 2423 μή
3300 2348 3570 2404 παύεσθαι
3617 2345 3817 2406 τούτους

2191 2441 2479 2508 νουθετῶν,
2558 2445 2856 2514 παραινῶν,
2933 2436 3226 2510 διδάσκων,
3299 2439 3390 2494 καὶ
3487 2438 3672 2510 μέντοι
3743 2435 3818 2488 καὶ

2193 2530 2416 2602 πείθων,
2461 2531 2650 2584 κακίαν
2701 2531 2797 2602 μὶν
2845 2531 2965 2606 περὶ
3015 2527 3256 2596 οὐδενὸς,
3285 2527 3346 2583 τὸ
3399 2526 3446 2583 δ’
3475 2523 3508 2582 ἅ
3551 2526 3632 2583 δεῖ
3679 2525 3820 2600 πράτ-

2191 2641 2301 2676 τειν
2349 2617 2545 2674 εἰδέναι
2593 2617 2715 2693 περί
2765 2621 2964 2680 παντὸς
2997 2617 3158 2691 μόνον
3205 2619 3495 2686 ποιεῖσθαι,
3529 2617 3692 2677 τύπος
3731 2635 3814 2668 και

2197 2709 2296 2764 λοῦ
2341 2710 2540 2770 παντὸς
2582 2709 2742 2772 αὐτὸς
2790 2705 2887 2775 ὢν,
2929 2707 3018 2761 καὶ
3065 2705 3210 2768 ὅλως
3263 2709 3438 2762 πάντα
3481 2713 3612 2762 πᾶσι
3659 2703 3822 2780 γιγνό-

2199 2820 2360 2872 μενος
2419 2797 2529 2876 έφῷ
2603 2798 2808 2859 πάντας
2879 2796 3192 2866 εἰσποιῆσαι
3251 2801 3497 2868 Χριστῷ.
3559 2797 3620 2852 Ὁ
3669 2793 3818 2848 τοίνυν

2197 2887 2338 2943 οὕτω
2369 2888 2486 2942 κατ’
2515 2885 2682 2960 ὀίμφω
2713 2884 2997 2956 διατεθεὶς,
3028 2893 3118 2940 τον
3159 2893 3262 2954 τῆς
3307 2883 3658 2954 δικαιοσύνης
3709 2882 3817 2954 ὅρον

2197 2979 2272 3038 ὼς
2317 2977 2538 3045 ἀληθῶς
2589 2971 2802 3048 βεϐαιοῖ
2847 2977 3022 3048 ἑαυτῷ
3067 2997 3126 3029 τε
3175 2974 3262 3029 καὶ
3303 2981 3420 3035 τοῖς
3451 2971 3647 3036 ἄλλοις
3676 2991 3820 3027 τοκαο

2194 3065 2378 3134 ταξίαν
2437 3065 2513 3124 ὡς
2563 3064 2706 3124 εἰκὸς
2763 3061 3068 3135 διανείμας,
3119 3064 3212 3118 καὶ
3269 3063 3413 3116 οὕτω
3469 3060 3720 3117 κάλλιπ’
3747 3059 3820 3113 ἀν-

2199 3155 2432 3226 θρώπων
2479 3156 2576 3206 τοῦ
2621 3154 2741 3208 κατ’
2771 3149 2928 3207 αῦτὸν
2977 3151 3250 3208 ταλάντου
3291 3151 3606 3228 φροντίσας,
3637 3151 3707 3210 ὡς
3755 3147 3818 3218 μὴ

441 3253 509 3293 ac
557 3237 820 3304 ﬁrmavit,
855 3239 992 3294 dum
1045 3239 1182 3308 sibi,
1213 3243 1353 3296 dum
1386 3243 1536 3312 aliis,
1559 3245 1712 3314 quod
1748 3245 1951 3300 merita
1981 3262 2080 3301 cu-

2200 3242 2322 3299 δέκα
2377 3241 2589 3310 πόλεις,
2619 3243 2681 3296 τὸ
2735 3245 2832 3295 τοῦ
2889 3243 3036 3296 θείου
3089 3246 3373 3316 χρησμοῦ,
3409 3239 3554 3312 μηδὶ
3595 3237 3824 3313 μυριάκις

437 3327 652 3397 jusque
679 3327 1003 3398 exigebant,
1035 3337 1097 3383 ut
1128 3345 1360 3402 equum
1392 3337 1504 3398 est,
1534 3333 1850 3400 distribuit,
1879 3339 1935 3390 et
1973 3353 2084 3407 op-

2200 3329 2437 3397 τοσάσδε,
2497 3329 2642 3386 ἀλλὰ
2705 3331 2804 3400 τὴν
2874 3333 2984 3385 τῶν
3041 3331 3284 3402 οὐρανῶν
3341 3327 3622 3406 βασιλείαν
3677 3324 3824 3381 ἆθλον

444 3415 585 3470 time
625 3415 768 3470 adeo
813 3417 1076 3472 omnium
1125 3419 1330 3474 talenti
1381 3422 1471 3476 sui
1523 3422 1808 3478 rationem
1861 3423 2080 3494 habuit,

2194 3417 2384 3479 λαϐεῖν
2413 3419 2718 3494 ἀξιόχρεως
2749 3421 2906 3474 εἶναι.

445 3509 512 3560 ut
539 3505 920 3577 dignissimus
947 3511 1126 3574 esset,
1158 3525 1272 3564 non
1305 3511 1404 3581 qui
1435 3511 1632 3566 decem
1665 3513 1854 3578 urbes,
1889 3517 1956 3568 ut
1984 3515 2247 3572 divinum
2285 3511 2454 3568 habet
2483 3509 2778 3566 oraculum
2811 3511 2876 3570 η,
2909 3515 3012 3565 aut
3057 3513 3292 3566 centum
3345 3509 3582 3564 urbium
3633 3505 3818 3568 millia,

443 3611 642 3651 verum
677 3611 916 3668 regnum
946 3598 1142 3669 ipsum
1174 3599 1473 3668 cmlorum,
1509 3604 1812 3672 praemium
1845 3605 2148 3673 acciperet.

519 3683 710 3740 LXIII.
745 3689 934 3756 Atque
963 3685 1056 3741 hic
1085 3687 1355 3757 equidem
1407 3689 1561 3744 hunc
1609 3691 1680 3746 de
1715 3691 2085 3764 generalibus

445 3771 756 3828 virtutibus
785 3772 976 3828 locum
1007 3775 1372 3844 concludere,
1403 3793 1588 3848 neque
1617 3780 1689 3836 de
1719 3783 2082 3852 sequentium

446 3864 503 3918 et
549 3861 884 3932 posterioris
939 3864 1094 3920 velut
1139 3866 1364 3922 ordinis
1417 3867 1530 3922 ulla
1578 3869 1772 3940 aliqua
1811 3879 2088 3942 pmterea

447 3965 616 4022 agere
647 3952 1103 4009 constitueram:
1132 3954 1346 4026 quippe
1367 3957 1856 4027 quemadmodum
1895 3961 1954 4016 in
1985 3975 2088 4033 ges

445 4039 687 4095 naribus
715 4041 842 4095 suis
865 4043 1086 4110 species
1107 4045 1494 4112 continentur,
1529 4047 1586 4100 in
1618 4049 1920 4117 speciebus
1949 4053 2084 4110 item

449 4127 786 4197 individua;
809 4131 889 4186 ita
921 4133 1305 4201 pertractatis,
1329 4139 1614 4205 quantum
1647 4136 1706 4191 in
1741 4139 1908 4194 nobis
1938 4149 2086 4210 erat,

450 4217 848 4286 superioribus
869 4218 985 4274 illis
1007 4221 1341 4288 virtutibus,
1365 4224 1568 4280 eadem
1591 4241 1765 4294 Opera
1797 4227 1902 4284 has
1933 4230 2087 4300 ipsas

451 4308 868 4377 propemodum
901 4312 1160 4364 oratione
1181 4321 1378 4367 nostra
1397 4314 1902 4382 comprehendisse
1923 4320 2088 4375 nobis

449 4393 810 4460 videbamur,
843 4400 1340 4456 verumenimvero
1369 4416 1442 4456 ne
1472 4401 1624 4458 idem
1669 4405 1840 4461 nobis
1889 4407 1998 4462 hac
2029 4409 2086 4462 in

453 4499 634 4538 caua
679 4499 790 4540 usu
837 4485 1223 4559 veniat,quod
1277 4489 1348 4544 iis
1389 4491 1620 4556 accidit,
1652 4493 1750 4563 qui
1784 4495 1854 4550 de
1887 4505 2090 4552 natura

455 4567 716 4625 humana
747 4571 935 4626 multa
955 4573 1248 4628 subtiliter
1269 4575 1586 4646 disputant,
1605 4578 1764 4634 nulla
1787 4579 2090 4636 hominum

455 4657 720 4732 ipsorum
772 4662 986 4718 viritim
1035 4663 1234 4720 habita
1263 4665 1507 4730 ratione,
1541 4673 1640 4722 aut
1669 4669 1718 4724 si
1751 4671 1848 4741 qui
1881 4689 2093 4743 corpus

456 4747 668 4804 eximia
699 4751 891 4820 specie
921 4753 1332 4809 commendare
1351 4754 1578 4822 institit,
1605 4759 2091 4828 pretiosissimum

454 4837 600 4894 illud
629 4839 864 4908 quidem
899 4857 966 4896 ac
1005 4843 1482 4900 venustissimum
1534 4849 1868 4904 summatim
1905 4853 2094 4915 faciat,

456 4925 820 4998 singulorum
871 4935 1064 4987 autem
1119 4935 1516 4988 membrorum
1577 4935 2095 5006 pulchritudinem,

457 5019 631 5088 atque
661 5019 1006 5074 concinnam
1057 5021 1208 5076 inter
1244 5037 1304 5078 se
1339 5023 1812 5094 compositionem
1846 5026 2094 5082 omittat.

461 5105 677 5162 Idcirco
707 5111 764 5162 et
793 5109 949 5164 hunc
971 5109 1162 5182 ipsum
1193 5111 1463 5182 laborem,
1495 5129 1596 5179 pro
1625 5114 1847 5168 viribus
1887 5131 2098 5186 aggre-

459 5193 609 5264 diar,
639 5194 814 5252 solito
870 5199 1230 5256 sanctissimi
1277 5200 1382 5255 viri
1440 5201 1732 5270 adjutorio
1788 5203 2096 5260 subnixus.

533 5403 581 5440 ¹⁷
609 5404 860 5479 Philipp.
892 5424 968 5465 iv.
1001 5425 1040 5479 ι,
1075 5407 1098 5464 1
1130 5423 1142 5474 ;
1175 5409 1196 5464 Ι
1225 5407 1422 5466 Thess.
1457 5427 1496 5480 ι,
1531 5409 1611 5478 19,
1643 5411 1736 5466 20.
1815 5409 1857 5446 ¹⁸
1887 5411 2010 5468 Act.
2042 5429 2140 5474 xx.
2171 5411 2260 5469 3i.

533 5591 612 5665 (1)
645 5599 772 5650 Post
819 5593 1060 5652 haberet
1103 5605 1306 5654 cxtera
1353 5596 1449 5654 hoc
1495 5598 1858 5656 continuando
1897 5599 2105 5656 modo:

463 5660 676 5744 verum
725 5665 854 5722 ideo
902 5669 1056 5739 quod
1107 5669 1450 5744 eximiarum
1481 5687 1676 5727 rerum
1705 5673 1972 5744 omnium
2005 5687 2107 5744 per

468 5737 733 5790 naturam
758 5737 962 5806 expers
989 5747 1156 5808 esset,
1188 5741 1261 5796 ad
1293 5741 1402 5796 hoc
1433 5757 1561 5798 sese
1589 5743 1882 5800 modestiae
1917 5737 2106 5800 humi-

2267 3695 2392 3746 ΞΓ.
2427 3685 2775 3761 Ἐϐουλόμην
2837 3689 2930 3762 μὲν
2987 3687 3080 3742 οῦν
3135 3688 3360 3744 ἐνταῦθα
3413 3692 3511 3742 τοῦ
3559 3686 3680 3760 περὶ
3733 3686 3824 3736 τῶν

2195 3783 2418 3854 γενικῶν
2469 3778 2674 3852 ἀρετῶν
2725 3775 2897 3849 λόγου
2959 3780 3281 3847 πεπαῦσθαι,
3332 3777 3422 3830 καὶ
3489 3775 3827 3850 μηδηστινοσ-

2195 3873 2283 3924 οῦν
2329 3867 2405 3922 ἔτ’
2452 3865 2634 3937 ἄλλης
2679 3872 2790 3922 τῶν
2835 3865 3023 3946 ἐφεξῆς
3071 3887 3129 3921 τε
3173 3867 3262 3922 καὶ
3315 3867 3430 3938 μετ’
3459 3865 3666 3926 ὲκείνας
3705 3881 3827 3934 μνη·-

2199 3959 2389 4026 σθῆναι
2415 3975 2428 3990 ·
2465 3953 2660 4034 σχεδὸν
2691 3955 2795 4030 γὰρ
2845 3954 3027 4030 ὥσπερ
3073 3961 3190 4018 τοῖς
3239 3955 3412 4032 γένεσι
3445 3955 3540 4026 μὲν
3587 3953 3654 4008 τὰ
3699 3947 3824 4016 ε’ίδη,

2197 4045 2582 4124 ἒμπεριέχεται
2633 4041 2688 4099 δὲ
2743 4051 2860 4108 τοῖς
2921 4043 3088 4100 ε’ίδεσι
3147 4047 3212 4100 τὰ
3241 4045 3361 4100 καθ’
3393 4040 3639 4111 ἕκαστον,
3673 4039 3826 4096 οὕτως

2199 4136 2296 4189 ὅσα
2343 4131 2540 4204 ἔξεστιν
2593 4131 2812 4187 ἐκείνων
2865 4131 3206 4204 μνησθέντες,
3251 4131 3342 4186 καὶ
3409 4131 3610 4192 ταύτας
3667 4125 3826 4196 δήπου

2199 4217 2730 4296 συμπαρελάῦομενο
2791 4219 2920 4276 ἀλλ’
2971 4220 3062 4276 *ίνα
3123 4223 3198 4292 μὴ
3264 4219 3454 4275 ταυτὸν
3515 4219 3674 4274 πάθω
3727 4217 3830 4272 τοῖς

2197 4313 2322 4386 περὶ
2387 4313 2596 4387 φύσεως
2675 4311 2770 4383 μὲν
2853 4313 2951 4378 τῆς
3038 4311 3378 4384 ἀνθρωπείας
3459 4307 3829 4387 φιλοσοφοῦσι,

2199 4401 2361 4476 λόγον
2407 4398 2452 4454 δ’
2501 4399 2694 4454 οὐδένα
2747 4401 2977 4455 τουτωνὶ
3021 4399 3398 4472 ποιουμένοις,
3442 4400 3476 4468 ἢ
3533 4403 3628 4452 καί
3677 4392 3722 4450 ε⁴ί
3759 4409 3833 4450 τις

2199 4493 2357 4559 σῶμα
2415 4485 2656 4548 κάλλους
2713 4485 2770 4541 εὖ
2829 4487 2962 4561 ἔχον
3023 4485 3260 4542 ἐπαινεῖν
3319 4485 3631 4560 ᾑρημένος,
3682 4478 3834 4536 ἔπειθ’
3941 4499 3943 4509 ι

2129 4603 2170 4666 D
2203 4577 2278 4636 ὡς
2338 4577 2432 4648 μὲν
2493 4575 2708 4630 πολλοῦ
2754 4596 2904 4637 τινος
2961 4571 3109 4644 ἄξιον
3157 4575 3335 4648 λέγοι,
3373 4574 3440 4629 τὰ
3485 4571 3544 4628 δὲ
3595 4571 3712 4628 καθ’
3753 4564 3836 4622 ’ἕνα

2202 4669 2269 4740 [f.
2298 4665 2377 4736 ἓν]
2427 4669 2539 4718 τῶν
2593 4669 2793 4738 μερῶν,
2823 4665 2912 4719 καὶ
2953 4665 3103 4728 ὅπως
3149 4659 3266 4738 ἔχει
3315 4665 3450 4738 πρὸς
3491 4659 3718 4732 ἄλληλα
3743 4677 3838 4748 πα·
3939 4731 3941 4748 Ι

2201 4753 2449 4829 ραλίποι,
2481 4753 2587 4829 ἐγὼ
2647 4751 2703 4808 δὶ
2753 4757 2843 4808 καὶ
2892 4758 3082 4810 τοῦτον
3137 4754 3285 4816 ὅπως
3321 4753 3380 4810 ἃν
3413 4752 3530 4832 ἔχω
3558 4753 3654 4808 τὸν
3687 4747 3836 4804 ἆθλον
3939 4769 3941 4791 ι

2201 4843 2376 4912 εἲσίω,
2409 4851 2509 4912 τῆς
2559 4847 2653 4898 τοῦ
2709 4843 2954 4918 μεγάλου
3001 4843 3256 4918 βοηθείας
3304 4845 3381 4904 ὡς
3431 4841 3547 4904 ἔθος
3597 4857 3842 4913 συναιροο-

2205 4932 2390 5006 μένης.
2465 4933 2895 5008 Ταπεινροσῦνην
2981 4933 3162 4988 τοίνυν
3260 4935 3362 5000 τήν
3445 4936 3550 4986 τῶν
3637 4930 3840 5004 ἀγαθῶν

2197 5022 2410 5077 πάντων
2469 5021 2668 5090 αἰτίαν,
2717 5023 2808 5076 καὶ
2881 5025 2948 5091 ἧς
3019 5023 3138 5078 ἄνευ
3217 5020 3508 5092 οὐδητιοῦν
3553 5025 3666 5076 τῶν
3723 5019 3845 5090 ἀρε-

2199 5115 2306 5167 τῶν
2363 5111 2584 5182 συσταίη
2637 5114 2760 5167 ποτ’
2815 5110 2900 5182 ἃν,
2951 5112 3050 5167 οὐκ
3091 5109 3195 5166 οἶδ’
3239 5109 3285 5166 ε“ί
3333 5132 3418 5173 τις
3473 5114 3582 5166 τῶν
3645 5109 3845 5162 πάντων

2201 5203 2236 5273 ἢ
2265 5203 2462 5258 τούτου
2491 5202 2658 5259 πλέον
2693 5202 3015 5276 ἐθαύμασεν,
3047 5204 3082 5273 ἢ
3135 5202 3352 5278 μᾶλλον
3399 5203 3614 5278 ἠράσθη
3663 5221 3724 5255 τε
3767 5195 3846 5254 καὶ
3935 5219 3937 5278 ε

2343 5413 2414 5450 ιδ’
2445 5414 2466 5470 Ι
2495 5417 2604 5472 Cor
2655 5433 2731 5485 ix,
2761 5416 2850 5472 22.
2929 5415 2976 5451 ιε’
3003 5416 3138 5473 Luc.
3170 5431 3290 5486 xix,
3321 5415 3408 5471 17.

2217 5599 2506 5672 litatisque
2535 5605 2798 5661 studium
2831 5605 3212 5676 adjunxisset.
3245 5607 3373 5666 Haec
3401 5607 3542 5661 enim
3577 5601 3724 5658 mihi
3755 5597 3852 5654 loci

2216 5677 2510 5742 sententia,
2541 5685 2754 5733 retento
2781 5675 2978 5746 καλοῦ,
3006 5693 3122 5736 esse
3159 5677 3394 5734 videtur.
