4118 6214
288 409 394 469 281

1290 403 1691 467 LAUDATIO
1738 406 1802 467 S.
1850 401 2227 467 GREGOBII
2270 398 2691 462 THEOLOGI.

3575 399 3694 458 282

281 535 580 613 προσέσχεν
617 555 630 571 ·
683 538 744 597 ’ὸς
775 535 949 598 οὕτως
993 535 1113 591 ἀντὶ
1143 535 1360 591 πάντων
1403 556 1463 591 τε
1511 537 1602 590 καὶ
1646 543 1752 612 πρὸ
1802 537 1934 592 πάν-

2053 536 2336 608 Principio
2368 535 2549 606 igitur
2578 534 2971 590 humilitatem
3003 533 3209 600 animi,
3234 533 3522 591 bonorum
3557 551 3689 591 om-

275 649 388 683 των
427 628 493 683 τὸ
541 630 660 683 κατ’
709 626 878 696 αὐτὴν
929 625 1195 697 ἐποιεῖτο,
1243 627 1331 681 καὶ
1377 631 1475 682 τοῦ
1523 627 1721 688 παντὸς
1768 627 1941 701 τιμώ-

274 738 444 791 μενος
491 719 583 771 καὶ
632 717 926 792 χρώμενος
956 717 1047 785 ἦν,
1080 717 1155 777 ὡς
1191 717 1266 789 μὴ
1322 715 1481 788 μόνον
1510 724 1617 791 γῆν
1663 715 1756 771 καὶ
1805 737 1940 772 σπο-

269 805 368 861 δὸν
404 807 596 861 ἑαυτὸν
647 804 737 860 καί
781 806 851 860 τὰ
896 809 1128 860 τοιαῦτα
1177 804 1388 875 καλεῖν,
1420 805 1513 860 καὶ
1562 806 1767 868 πάντας
1818 806 1939 862 ἑαυ-

270 900 374 950 τοῦ
407 896 754 970 προῦχοντας
806 892 976 969 ἔχειν,
1011 895 1086 947 ὧν
1137 899 1268 948 πᾶσι
1299 895 1518 955 πάντως
1573 900 1691 957 τοῖς
1740 893 1938 956 ἄλλοις

270 985 442 1047 αὐτὸς
489 987 802 1060 ὑπερεῖχεν,
833 983 981 1040 ἀλλὰ
1030 984 1122 1038 καὶ
1149 989 1270 1046 τοῖς
1319 981 1508 1059 ἔργαις
1555 984 1685 1046 τοὺς
1734 980 1938 1059 λόγους

279 1073 436 1145 μάλα
466 1077 790 1129 πιστοῦσθαι
825 1093 840 1107 ο
891 1074 955 1128 τὸ
985 1073 1087 1149 γὰρ
1135 1079 1236 1141 τῆς
1282 1071 1504 1144 μάλιστ’
1551 1073 1938 1147 ἀπολουμένης

278 1163 657 1242 ὑπερηφανίας
719 1167 981 1218 τοσοῦτον
1038 1163 1291 1237 ἀπέχειν,
1350 1163 1475 1217 δσον
1539 1162 1630 1216 καὶ
1687 1169 1788 1232 τῆς
1862 1162 1938 1224 εἰς

277 1254 410 1308 Θεὸν
449 1251 830 1328 βλασφημίας,
867 1252 1134 1328 μεγίστης
1167 1247 1385 1320 δηλαδὴ
1437 1253 1939 1328 ταπεινοφροσύνης

279 1339 426 1395 ἐστὶν
457 1341 791 1417 ἐπειλῆφθαι
823 1362 836 1375 ·
890 1342 965 1402 ὡς
999 1341 1142 1414 μήτε
1188 1344 1296 1394 τῶν
1342 1339 1654 1416 ἐλαχίστων
1705 1338 1938 1414 μηδενὸς

273 1430 598 1503 τοπαράπαν
647 1435 1004 1506 καταφρονεῖν
1051 1430 1262 1499 ἀξιοῦν,
1311 1431 1402 1484 καὶ
1464 1431 1682 1486 πάντων
1733 1428 1938 1486 ἐθέλειν

281 1514 531 1598 ἔσχατον
562 1523 626 1593 [ﬂ
660 1517 912 1592 ἔσχατος]
942 1519 1049 1572 εἶνα
1076 1516 1168 1572 ’ίνα
1197 1519 1419 1592 γένηται
1448 1539 1687 1594 πρωτος.

2049 627 2218 682 nium
2249 641 2504 692 causam,
2537 641 2654 696 qua
2699 623 2824 680 sine
2855 623 3018 680 nulla
3069 640 3332 696 unquam
3370 625 3692 681 consistere

2049 715 2232 772 virtus
2262 719 2468 786 potest,
2503 713 2656 770 haud
2707 714 2827 770 scio
2865 730 2937 769 an
2991 713 3304 785 quisquam
3355 714 3693 771 mortalium

2050 805 2312 860 omnium
2345 805 2476 876 plus
2507 820 2684 875 quam
2719 807 2913 858 noster
2943 807 3046 858 aut
3075 802 3434 874 suspexerit,
3465 806 3691 860 autad-

2051 892 2824 964 amaverilcolueritque,qui
2845 892 3101 947 itaillam
3124 898 3180 948 et
3201 892 3388 949 instar
3404 893 3694 960 omnium,

2051 992 2106 1041 et
2134 988 2269 1040 ante
2297 982 2491 1039 omnia
2523 981 2870 1050 mstimabat,
2892 982 3150 1051 adeoque
3173 998 3400 1038 summo
3424 982 3481 1036 in
3512 983 3694 1052 pretio

2051 1073 2260 1128 habuit
2307 1078 2362 1127 et
2412 1071 2740 1142 usurpavit,
2791 1079 2851 1125 ut
2900 1087 3014 1127 non
3066 1071 3238 1126 modo
3289 1091 3315 1122 ‹
3365 1076 3580 1126 terram
3637 1075 3697 1127 et

2051 1164 2306 1218 cinerem
2335 1160 2425 1230 ‘9‘,
2460 1183 2488 1210 ››
2520 1160 2749 1232 aliaque
2779 1160 2836 1215 id
2867 1175 3052 1231 genus
3084 1159 3471 1230 semetipsum
3501 1160 3696 1232 appel-

2053 1252 2218 1320 laret,
2241 1268 2562 1322 omnesque
2584 1250 2850 1307 homines
2872 1249 2984 1305 sibi
3009 1254 3392 1321 praeponeret,
3417 1253 3474 1305 et
3493 1250 3543 1306 si
3565 1249 3695 1307 illos

2053 1342 2277 1397 ceteris
2309 1341 2479 1398 rebus
2510 1340 2788 1396 omnibus
2821 1340 2994 1411 longo
3039 1338 3343 1395 intervallo
3372 1345 3694 1411 superaret,

2051 1431 2152 1486 sed
2183 1435 2242 1487 et
2270 1429 2422 1486 dicta
2447 1447 2555 1486 sua
2583 1429 2857 1500 operibus
2887 1428 3032 1498 ipsis
3065 1427 3344 1484 ﬁrmaret.
3359 1428 3503 1485 Nam
3537 1431 3692 1499 quod

2052 1540 2167 1578 non
2193 1521 2392 1578 minus
2412 1539 2445 1576 a
2467 1519 2960 1593 pestilentissimae
2979 1520 3263 1589 superbire
3289 1519 3436 1580 labe,
3460 1535 3638 1590 quam
3661 1536 3694 1576 a

273 1611 459 1667 divini
516 1611 772 1667 nominis
831 1610 1262 1678 maledictione,
1322 1611 1595 1676 abesset;
1653 1611 1711 1667 id
1773 1613 1975 1685 utique
2032 1629 2315 1669 summam
2383 1611 2561 1668 animi
2615 1610 3008 1667 humilitatem
3059 1626 3256 1666 revera
3309 1614 3694 1667 consecutum

274 1702 460 1757 fuisse
490 1701 765 1769 declarat,
799 1705 866 1756 ut
894 1702 1083 1772 neqbe
1113 1699 1302 1756 ullum
1341 1700 1578 1756 omnino
1609 1702 1680 1758 de
1710 1702 1970 1758 minimis
2019 1703 2339 1775 depiscatui
2370 1703 2621 1769 duceret,
2656 1706 2712 1757 et
2741 1701 2866 1772 ipse
2919 1700 3182 1756 omnium
3219 1704 3540 1772 postremus
3572 1715 3700 1757 esse

274 1795 537 1862 cuperet,
567 1795 634 1847 ut
663 1807 860 1848 coram
895 1793 1007 1846 Deo
1043 1791 1265 1860 primus
1295 1791 1460 1848 ﬁeret
1489 1791 1556 1847 ³ο.

343 1883 471 1935 EA’.
525 1877 681 1933 Οὕτω
730 1875 778 1932 δ’
829 1876 975 1953 ἔχων
1023 1879 1114 1932 καὶ
1168 1879 1280 1952 ἅμα
1331 1879 1422 1933 τὸν
1468 1880 1619 1935 ταῦτ’
1677 1879 1936 1955 εἰρηκότα

2119 1883 2311 1938 LXIV.
2340 1883 2467 1938 Jam
2501 1882 2599 1952 qui
2645 1881 2725 1936 ita
2763 1881 3056 1937 animatus
3105 1883 3278 1948 esset,
3311 1883 3368 1937 et
3411 1880 3589 1936 simul
3619 1863 3702 1951 (2)

275 1969 558 2037 Δεσπότην
589 1965 771 2035 εἰδὼς,
803 1968 903 2034 τήν
935 1965 1020 2022 ὅτι
1067 1967 1242 2041 πρᾷός
1274 1966 1388 2022 ἐστι
1437 1967 1528 2023 καὶ
1577 1968 1839 2034 ταπεινὸς
1866 1973 1936 2043 τῇ

270 2057 476 2131 καρδίᾳ
533 2057 884 2126 συναίσθησίν
934 2077 994 2112 τε
1050 2057 1140 2111 καὶ
1200 2062 1424 2130 γνῶσιν,
1465 2058 1776 2115 ἀνάπαυλαν
1825 2062 1936 2133 ψυ-

273 2151 400 2223 χῶν
449 2145 799 2220 ὁριζόμενον,
846 2143 938 2198 καὶ
994 2146 1218 2221 προσέτι
1260 2150 1454 2201 τοῦτον
1514 2146 1673 2202 αὐτὸν
1735 2145 1936 2204 δούλου

275 2237 504 2313 μορφὴν
553 2233 844 2308 εἰληφότα,
895 2231 989 2288 ’ίνα
1043 2236 1144 2304 τήν
1204 2234 1514 2309 ἐλευθερίαν
1574 2237 1743 2298 αὑτὸς
1799 2237 1935 2292 ἀπο-

274 2319 463 2391 λάὸω,
524 2323 612 2378 καὶ
674 2323 810 2395 πρὸς
871 2323 972 2389 τήν
1032 2323 1298 2397 προτέραν
1356 2323 1614 2395 ἒπανήκω
1676 2324 1950 2399 μακαριόέ

273 2432 420 2480 τητα
455 2430 468 2443 ·
523 2411 801 2465 τοσούτων
852 2409 1035 2465 τοίνυν
1086 2410 1165 2471 εἷς
1215 2411 1718 2489 ταπεινοφροσύνην
1766 2433 1938 2487 παρα-

270 2499 612 2566 καλούντων,
645 2505 764 2562 πῶς
810 2499 910 2554 οὐκ
966 2498 1097 2554 αὐτὸ
1141 2504 1308 2554 τοῦτο
1354 2501 1443 2555 καὶ
1494 2501 1655 2563 αὐτὸς
1702 2500 1934 2574 ἔμελλεν

270 2593 436 2657 εἶναι,
487 2590 577 2644 καὶ
625 2596 790 2644 πᾶσιν
837 2589 889 2643 ἐν
942 2585 1201 2666 συντριϐῇ
1251 2589 1476 2665 καρδίας
1527 2592 1616 2646 καὶ
1669 2593 1936 2665 πνεύματι

270 2682 660 2742 ταπεινώσεως
693 2681 956 2754 χρῆσθαι,
988 2680 1242 2735 καὶκατὰ
1271 2682 1372 2748 τὴν
1407 2684 1505 2734 τοῦ
1537 2685 1671 2736 Θεοῦ
1709 2679 1932 2756 καρδίαν

274 2771 354 2830 ὡς
391 2769 563 2823 εἰπεῖν
613 2767 1038 2838 πολιτεύεσθαις
1072 2769 1212 2824 Ἀνθ’
1261 2769 1336 2822 ὧν
1379 2769 1541 2831 αὐτός
1591 2791 1648 2824 τε
1695 2775 1791 2826 τοῦ
1835 2773 1934 2842 τῆς

274 2857 785 2937 ταπεινοφροσύνης
817 2858 891 2920 ὡς
925 2858 1027 2912 οὐκ
1056 2854 1164 2912 οἶδ’
1193 2855 1245 2912 εἷ’
1269 2878 1353 2920 τις
1385 2854 1580 2928 ἐπέϐη,
1610 2861 1697 2914 καὶ
1734 2859 1934 2930 ταύτην

274 2935 610 3020 ἐκόσμησεν,
646 2946 720 3007 ὡς
775 2943 864 3000 διὰ
890 2949 1084 3000 τοῦτον
1137 2945 1352 3019 μᾶλλον
1409 2947 1601 3016 αὐτὴν,
1633 2947 1668 3016 ἢ
1720 2945 1788 3001 δι’
1835 2935 1934 3003 ἀύ-

277 3039 381 3106 τήν
406 3041 607 3092 τοῦτον
639 3037 1005 3109 θαυμάζεσθαι
1039 3055 1052 3067 ’
1101 3035 1192 3090 καὶ
1223 3036 1298 3098 ὡς
1329 3035 1512 3106 ἀληθῆ
1561 3034 1728 3112 λέγω,
1761 3035 1931 3107 δῆλον

277 3124 482 3180 ἐκεῖθιν
494 3168 505 3180 .

349 3396 484 3451 ΞΕ“.
540 3396 603 3451 Εἰ
665 3395 771 3469 γὰρ
827 3392 887 3448 τὸ
947 3390 1122 3465 μόνην
1175 3392 1672 3471 ταπεινοφροσύνην
1731 3393 1938 3465 ἀσκεῖν,

277 3484 541 3558 ἑτέρωθεν
578 3481 635 3538 δὲ
689 3479 1007 3554 μηδαμόθεν
1060 3475 1206 3556 ἔχειν
1240 3479 1771 3555 ἐγκαλλωπίζεσθαι,
1805 3483 1940 3557 πρὸς

277 3568 509 3628 ἔπαινον
557 3569 728 3651 φέρει,
781 3572 907 3625 ὅταν
939 3591 1023 3631 τις
1074 3571 1149 3632 ὼς
1201 3569 1358 3632 οὗτος
1409 3568 1763 3639 παντοδαπὴν
1814 3570 1942 3648 ἀγα-

283 3664 392 3716 θῶν
443 3657 588 3736 ἔχων
636 3661 830 3739 φορὰν,
885 3662 1204 3730 θαυμαστῆς
1265 3679 1411 3720 τινος
1465 3657 1802 3731 ἐκπλήξεως,
1850 3661 1941 3715 καὶ

282 3751 531 3805 παιάνων
561 3752 709 3823 παρά
756 3754 886 3804 πᾶσι
936 3750 1258 3826 τυγχάνων,
1289 3745 1476 3804 ἔπειτα
1527 3745 1706 3819 δήπου
1753 3770 1941 3804 ταπει-

281 3845 570 3915 νοφρονεῖν
626 3837 806 3908 οἷήται
839 3836 974 3906 δεῖν,
1024 3837 1116 3892 καὶ
1163 3838 1368 3908 ταύτης
1415 3838 1550 3912 ὑπὲρ
1593 3837 1721 3900 τοὺς
1773 3837 1940 3911 μηδὲν

279 3951 338 3986 τι
367 3933 623 3984 τοιοῦτον
656 3929 871 3988 ἑαυτοῖς
921 3924 1236 3982 συνειδότασ
1279 3927 1647 3997 ἀντιποιῆται,
1681 3928 1788 4006 οὐχ
1828 3929 1945 3984 ἰαυ-

280 4020 376 4074 τὸν
441 4016 686 4090 μᾶλλον,
754 4015 789 4084 ἢ
847 4015 1050 4086 ταύτην
1107 4015 1351 4088 σεμνύνει
1427 4021 1516 4070 καί
1575 4016 1943 4094 περιφανεστέ-

285 4129 382 4185 ραν
415 4108 507 4162 καὶ
541 4105 760 4162 καλλίω
803 4110 920 4166 τοῖς
953 4103 1108 4166 ὅλοις
1155 4110 1324 4162 ποιεῖ.
1355 4109 1464 4170 Τῆς
1493 4103 1538 4159 δ’
1584 4104 1649 4160 αὖ
1692 4107 1827 4179 πρὸς
1855 4108 1947 4162 τὸν

284 4198 532 4266 πλησίον
586 4196 802 4271 ἀγάπης
859 4196 949 4249 καὶ
1015 4198 1112 4248 τοῦ
1173 4198 1333 4248 πᾶσιν
1413 4194 1576 4249 αὐτὸν
1654 4193 1946 4274 σπλὰγχνα

285 4291 678 4364 χρηστότητος
735 4286 824 4340 καί
901 4285 1033 4339 εἶναι
1111 4285 1201 4339 καὶ
1281 4283 1578 4360 γίγνεσθαι,
1645 4288 1946 4360 τεκμήριον

284 4376 512 4451 ἐναργές
547 4395 560 4408 ο
621 4375 859 4448 μάλιστα
920 4375 1016 4448 μὲν
1073 4375 1136 4429 τὸ
1193 4378 1290 4428 τοῦ
1349 4378 1484 4429 Θεοῦ
1548 4375 1787 4447 καθάπαξ
1867 4375 1947 4446 ἐξ·

286 4468 457 4546 ἧφθαι
491 4465 586 4519 καὶ
617 4468 810 4519 τοῦτον
865 4464 918 4534 ἐξ
949 4462 1088 4533 ὅλης
1138 4461 1316 4532 δήπου
1348 4466 1539 4541 ψυχῆς
1580 4463 1671 4517 καὶ
1703 4461 1947 4527 διανοίας

290 4555 475 4630 φιλεῖν
510 4572 523 4584 ·
574 4553 707 4607 αὐτό
737 4573 794 4606 τε
839 4554 940 4626 γάρ
971 4556 1138 4607 τοῦτο
1188 4552 1280 4606 καὶ
1319 4553 1382 4606 τὸ
1427 4555 1526 4606 τοῦ
1574 4551 1812 4622 πλησίον
1864 4555 1950 4606 ἀν-

2051 1973 2363 2028 Dominum
2389 1987 2563 2026 suum
2585 1986 2711 2026 esse
2743 1971 2938 2037 sciret,
2961 1992 2989 2018 «
3016 1969 3117 2041 qui
3149 1969 3349 2026 mitem
3376 1985 3504 2025 sese
3525 1973 3581 2025 et
3601 1970 3696 2026 hu-

2052 2061 2251 2117 milem
2283 2061 2456 2117 corde
2481 2083 2508 2110 »
2539 2059 2970 2130 appellavisset,
2997 2058 3300 2132 morbique
3333 2059 3599 2114 notitiam
3631 2076 3697 2115 ac

2049 2149 2469 2206 conscientiam
2486 2172 2514 2200 «
2532 2149 2850 2205 animarum
2867 2147 3115 2218 requiem
3129 2169 3157 2199 ››
3173 2165 3302 2204 esse
3315 2147 3697 2215 statuisset",

2049 2239 2148 2309 qui
2171 2243 2448 2310 praeterea
2467 2240 2615 2294 servi
2639 2240 2885 2294 formam
2907 2238 3287 2309 assumpisset
3309 2238 3376 2304 ³³,
3404 2241 3464 2292 ut
3493 2253 3596 2308 ego
3620 2237 3699 2292 li-

2048 2329 2335 2385 bertatem
2369 2343 2787 2400 recuperarem,
2813 2335 2986 2398 atque
3015 2327 3085 2381 ad
3111 2326 3416 2398 pristinam
3447 2328 3694 2383 redirem

2049 2416 2471 2472 beatitudinem
2509 2433 2522 2470 :
2556 2416 2656 2487 qui
2689 2420 2806 2470 tam
2841 2414 3023 2470 multa
3053 2432 3120 2470 ac
3147 2431 3388 2486 magna,
3427 2415 3695 2486 inquam,

2047 2506 2426 2562 demissionis
2454 2505 2635 2561 animi
2682 2504 3062 2560 invitamenta
3110 2505 3368 2574 haberet,
3402 2503 3604 2574 quidni
3638 2507 3696 2558 et

2049 2595 2174 2665 ipse
2201 2611 2334 2650 vere
2364 2593 2609 2650 humilis
2638 2594 2927 2661 evaderet,
2947 2599 3156 2649 etcum
3179 2594 3455 2648 omnibus
3479 2595 3537 2648 in
3563 2609 3695 2649 con-

2045 2683 2282 2738 tritione
2312 2685 2506 2739 cordis
2534 2691 2591 2738 et
2621 2683 2833 2754 spiritu
2865 2682 3238 2739 demissionis
3269 2686 3483 2752 ageret,
3515 2687 3572 2737 et
3601 2698 3696 2738 se-

2056 2773 2313 2828 cundum
2342 2788 2441 2827 cor
2471 2771 2592 2832 Dei,
2627 2777 2692 2827 ut
2722 2771 2830 2826 hoc
2861 2772 3034 2826 verbo
3065 2772 3386 2836 utamur”,
3415 2772 3542 2825 vitea
3573 2787 3692 2825 sum

2049 2860 2310 2916 rationes
2331 2875 2536 2916 omnes
2553 2858 2921 2915 institueret?
2941 2861 3062 2924 Qua
3083 2861 3152 2916 de
3175 2875 3352 2915 causa
3369 2858 3452 2913 sic
3468 2858 3566 2912 ille
3589 2857 3692 2912 hu-

2048 2949 2316 3006 militatis
2337 2947 2646 3004 insistebat
2666 2947 3020 3020 vestigiis,ut
3039 2949 3293 3004 nesciam
3321 2965 3394 3004 an
3419 2947 3690 3003 habuerit

2048 3053 2243 3109 parem
2278 3037 2595 3093 neminem.
2631 3037 2723 3092 Sic
2753 3037 2904 3092 hanc
2945 3037 3081 3093 item
3113 3037 3386 3092 virtutem
3417 3038 3682 3104 ornabat,

2047 3130 2110 3180 ut
2140 3125 2273 3198 plus
2321 3126 2452 3198 ipsa
2480 3126 2683 3198 gloriae
2732 3130 2906 3198 atque
2945 3125 3351 3182 admirationis
3399 3143 3432 3181 a
3466 3131 3684 3191 nostro,

2049 3232 2226 3286 quam
2258 3219 2459 3271 noster
2487 3215 2559 3271 ab
2589 3214 2711 3282 illa,
2743 3220 3218 3286 consequeretur,
3251 3215 3402 3286 quod
3435 3231 3564 3270 vere
3596 3229 3688 3269 me

2049 3305 2360 3370 afﬁrmare,
2392 3304 2529 3360 hinc
2558 3305 2926 3377 perspicuum
2959 3305 3086 3360 erit.

2115 3395 2508 3466 LXV.Quippe
2520 3395 2703 3450 sisola
2716 3395 2949 3451 demissi
2966 3402 3136 3466 atque
3151 3395 3388 3452 humilis
3402 3395 3575 3450 animi
3590 3395 3696 3450 vir-

2052 3489 2150 3540 tus
2163 3484 2423 3540 studiose
2438 3484 2951 3555 culta,quanquam
2970 3485 3129 3540 nulla
3142 3485 3376 3540 aliunde
3389 3485 3696 3540 accedente

2051 3573 2247 3644 gloriai
2301 3575 2564 3642 materie,
2618 3575 2846 3631 laudem
2895 3574 3107 3630 affert:
3160 3577 3394 3646 quando
3447 3575 3580 3646 quis
3623 3577 3696 3630 ad

2055 3663 2386 3732 exemplum
2421 3664 2602 3719 nostri
2626 3665 2980 3734 optimarum
3005 3681 3195 3720 rerum
3218 3665 3482 3721 omnium
3513 3665 3697 3735 copiis

2054 3753 2495 3821 circumﬂuens,
2546 3758 2602 3809 et
2631 3753 2960 3809 incredibili
2993 3756 3246 3824 quadam
3289 3755 3694 3818 admiratione,

2055 3858 2120 3895 ac
2153 3842 2363 3896 divinis
2399 3859 2544 3913 pene
2574 3842 2847 3898 laudibus
2887 3843 3107 3914 ubique
3138 3845 3402 3910 affectus,
3437 3843 3699 3899 modeste

2058 3940 2246 3986 tamen
2280 3937 2336 3986 et
2379 3932 2666 3987 submisse
2697 3933 2769 3987 de
2813 3949 2869 3986 se
2901 3932 3010 3988 sibi
3061 3933 3521 3988 existimandum
3571 3937 3701 3987 sta-

2057 4021 2187 4086 tuit,
2217 4024 2273 4075 et
2304 4019 2538 4076 virtutis
2586 4021 2746 4077 illius
2775 4021 2933 4077 haud
2984 4021 3156 4093 paulo
3198 4023 3517 4078 studiosior
3547 4021 3699 4088 aliis,

2058 4108 2278 4165 nullius
2310 4111 2668 4180 ejuscemodi
2718 4112 3065 4181 praestantis:
3112 4111 3224 4167 sibi
3257 4111 3530 4179 consciis,
3563 4119 3651 4167 est
3683 4129 3700 4169 :

2059 4197 2156 4253 ille
2187 4200 2442 4268 profecto
2472 4214 2586 4254 non
2625 4215 2686 4254 se
2736 4201 2939 4270 magis,
2973 4216 3147 4271 quam
3196 4200 3474 4256 virtutem
3507 4200 3696 4271 ipsam

2061 4288 2350 4358 honestat,
2375 4289 2649 4360 omnique
2679 4292 2901 4344 ratione
2931 4290 3236 4346 clariorem
3259 4305 3387 4346 eam
3414 4290 3703 4362 pulchrio-

2061 4393 2296 4450 remque
2329 4378 2537 4432 reddit.
2570 4379 2747 4434 Porro
2780 4385 2842 4434 ut
2871 4378 3168 4450 sigillatim
3220 4395 3702 4450 unumquemque

2061 4467 2351 4533 dilexerit,
2398 4472 2580 4538 utque
2628 4469 2852 4524 viscera
2900 4469 3022 4540 ipsa
3069 4469 3373 4525 charitatis
3427 4469 3702 4542 benigni-

2060 4558 2332 4626 tatisque,
2367 4562 2490 4612 tum
2533 4565 2737 4628 suopte
2773 4563 2972 4614 uoster
3015 4557 3269 4630 ingenio,
3303 4565 3424 4614 tum
3458 4559 3701 4614 institu-

287 4643 650 4710 τιποιεῖσθαι,
682 4641 950 4711 ἀλλήλων
1010 4653 1070 4695 τε
1111 4641 1408 4717 ἐξανάγκης
1454 4638 1666 4716 ἔχεται,
1706 4644 1795 4697 καί
1828 4664 1939 4704 πως

2057 4645 2232 4711 tione,
2264 4661 2398 4715 erga
2446 4662 2649 4703 omnes
2699 4648 2894 4710 fuerit.
2939 4647 3329 4704 certissimum
3377 4663 3698 4719 argumen—

288 4734 549 4805 ἑκάτερον
601 4730 840 4805 ἑκατέρῳ
897 4730 1232 4804 συμπράττει
1268 4750 1280 4763 ’
1343 4731 1434 4786 καὶ
1494 4728 1618 4786 οὔτε
1674 4731 1802 4785 Θεὸν
1867 4730 1940 4792 ὡς

288 4817 425 4898 ἔφην
457 4815 534 4874 ἔνι
567 4816 747 4894 φιλεῖν
783 4819 859 4890 μὴ
891 4823 971 4890 τῷ
1000 4815 1240 4886 πλησίον
1275 4818 1350 4878 ὡς
1381 4817 1523 4880 εἷ’κὸς
1571 4818 1939 4896 κεχρημένον,

290 4907 405 4965 οὔτ’
463 4906 530 4962 αὗ
576 4905 775 4963 τούτου
825 4905 1131 4984 φροντίζειν
1179 4906 1252 4968 ὡς
1303 4904 1387 4960 δεῖ
1427 4904 1520 4960 τὸν
1568 4906 1943 4982 ἐῤῥᾳστωνευ-

290 4997 469 5071 μένως
502 4996 639 5068 πρὸς
690 4995 892 5050 ἐκεῖνον
925 4993 1126 5069 ἔχοντα
1160 5011 1173 5026 ’
1227 4993 1374 5049 ἀλλὰ
1421 4993 1502 5050 δεῖ
1547 4991 1714 5070 λόγον
1755 4996 1941 5052 ὲκατὲ-

287 5108 386 5162 ρου
448 5086 544 5140 τὸν
603 5084 918 5159 γιγνόμενον
975 5083 1175 5159 ἴσχειν,
1233 5082 1323 5138 καὶ
1383 5083 1566 5159 ὥσπερ
1619 5083 1790 5139 ἐκεῖνο
1849 5086 1939 5140 καὶ

283 5182 449 5232 τοῦτο
487 5171 810 5243 σπουδάζειν
845 5193 857 5205 ·
912 5173 957 5228 εί
992 5171 1048 5228 δὲ
1083 5174 1161 5246 μὴ
1208 5177 1390 5244 τοῦτο,
1421 5177 1540 5235 πῶς
1587 5173 1780 5244 ἐκεῖνο,
1820 5196 1939 5229 συν-

354 5340 428 5377 ¹⁹⁹
457 5340 600 5397 Gen.
643 5355 800 5405 xvm,
844 5337 938 5392 27.

277 5429 406 5480 xm,
438 5413 524 5467 14.
605 5409 654 5446 ²⁴
681 5409 849 5467 Deut.
881 5423 962 5478 v1,
991 5408 1028 5463 5
1053 5426 1068 5476 ;
1097 5410 1237 5466 Luc.
1269 5426 1325 5471 ι,
1357 5411 1450 5478 27,
1482 5413 1592 5465 etc.

354 5573 435 5646 (2)
464 5573 672 5639 Scribe,
691 5576 749 5630 et
768 5571 946 5646 simul
969 5569 1259 5646 eumdem,
1281 5569 1382 5641 qui
1405 5569 1527 5646 haec
1546 5568 1676 5642 ipsa
1698 5567 1940 5646 dixisset

279 5641 625 5710 Dominum,
658 5647 826 5702 illum
853 5644 1038 5700 animi
1069 5657 1312 5714 sensum
1358 5641 1764 5713 notitiamque,
1794 5643 1938 5714 quod

280 5717 401 5788 ipse
423 5717 581 5773 mitis
621 5723 677 5774 et
722 5716 884 5774 corde
914 5713 1148 5771 humilis
1196 5713 1290 5783 sit,
1322 5714 1570 5784 requiem
1615 5715 1937 5770 animarum

1036 5337 1084 5372 ²⁰
1113 5338 1317 5394 Matth.
1371 5354 1487 5405 XIX,
1522 5337 1629 5405 30;
1678 5353 1774 5405 xx,
1830 5339 1916 5406 16,
1971 5344 2080 5396 etc.

2052 4738 2172 4789 tum
2204 4739 2331 4789 est:
2365 4735 2614 4792 maxime
2643 4737 2880 4808 quidem
2905 4738 3056 4808 quod
3089 4753 3162 4792 ex
3201 4735 3319 4792 Deo
3341 4740 3501 4792 totus
3532 4740 3701 4806 aptus

2053 4831 2226 4889 esset,
2260 4839 2514 4895 eumque
2542 4841 2612 4880 ex
2644 4833 2760 4881 tota
2788 4828 2984 4883 anima
3014 4843 3080 4881 ac
3113 4830 3307 4881 mente
3336 4825 3604 4897 diligeret
3629 4825 3696 4879 ²⁴.

2052 4911 2270 4984 Nempe
2305 4914 2396 4968 hic
2445 4915 2567 4985 ipse
2606 4915 2708 4971 Dei
2757 4933 2941 4985 amor,
2973 4920 3030 4971 et
3077 4931 3365 4987 propensa
3412 4931 3545 4986 erga
3593 4915 3700 4971 ho-

2054 5002 2245 5057 mines
2294 5003 2472 5059 animi
2522 5007 2809 5074 voluntas,
2847 5006 3193 5061 necessitate
3241 5006 3493 5077 quadam
3548 5004 3702 5060 inter

2052 5108 2115 5147 se
2145 5092 2458 5159 cohaerent,
2490 5099 2547 5149 et
2595 5099 2797 5150 mutua
2829 5096 2942 5152 fere
2989 5095 3238 5150 invicem
3282 5096 3499 5151 auxilia
3547 5111 3697 5167 pres-

2049 5185 2210 5236 stant
2234 5198 2249 5247 ;
2272 5186 2399 5236 tum
2427 5198 2614 5255 neque
2633 5184 2810 5240 Deum
2836 5186 2916 5241 ita
2938 5189 3000 5239 ut
3015 5185 3440 5251 diximus,vere
3457 5183 3696 5256 diligere

2186 5340 2231 5375 ²¹
2262 5343 2466 5398 Matth.
2517 5359 2596 5410 xx,
2628 5344 2718 5397 29.
2823 5342 2871 5377 ³⁸
2901 5343 3112 5415 Philip.
3161 5361 3222 5410 ιι,
3257 5345 3311 5397 7.
3415 5343 3462 5379 ³³
3494 5344 3514 5398 Ι
3551 5346 3686 5417 Reg.

2049 5590 2181 5650 esse,
2241 5580 2498 5633 statuere
2551 5579 2923 5650 perspectum
2983 5576 3240 5645 haberet,
3300 5581 3474 5650 atque
3530 5579 3684 5637 hunc

2046 5648 2242 5719 ipsum
2276 5648 2729 5721 prterea'serui
2757 5650 3118 5722 assumpsit,”
3140 5648 3406 5730 formam,
3436 5655 3548 5710 etc.
