3986 6228
403 327 520 388 283

1691 332 1898 394 ΤΗΕο
1910 335 2096 396 DULI
2141 332 2494 394 MONAGHI

3679 335 3790 395 284

405 465 618 532 potest,
667 463 768 535 qui
817 463 1070 520 debitam
1121 464 1380 536 proximo
1429 483 1535 522 suo
1583 467 2042 525 benevolentiam

2170 463 2292 520 ιδεῖν
2325 467 2424 522 οὐκ
2453 465 2568 541 ἔχω
2599 486 2611 498 ”
2646 471 2707 525 Ὁ
2735 467 2840 544 γὰρ
2871 467 2963 524 τὸν
2991 464 3250 546 ἀδελφόν,
3281 468 3466 546 φησὶν,
3499 469 3556 524 ὃν
3599 469 3790 544 ἑώρακε

408 569 523 610 non
557 553 770 622 reddit,
810 567 994 624 neque
1043 553 1222 626 hujus
1268 571 1474 612 rursus
1505 573 1608 630 pro
1658 573 1726 614 eo
1771 575 1836 614 ac
1881 559 2051 614 debet

408 657 608 698 curam
657 641 890 710 habere,
922 643 1022 714 qui
1067 641 1224 700 circa
1267 644 1452 701 Deum
1503 645 1890 720 negligentior
1935 652 2045 702 est.

409 731 507 787 Est
537 731 688 786 enim
733 733 898 802 justa
945 733 1188 789 omnino
1239 751 1304 790 ac
1353 738 1704 794 conveniens
1745 737 2049 810 utriusque

408 821 678 878 habenda
707 822 872 890 ratio,
900 828 956 878 et
1007 827 1073 878 ut
1103 824 1198 880 ille
1227 825 1329 881 Dei
1378 843 1562 894 amor,
1598 829 1674 884 ita
1725 827 1844 884 hac
1875 830 2048 884 etiam

406 911 654 981 proximi
685 929 824 968 cura
847 929 1080 970 summo
1110 915 1302 970 studio
1330 915 1767 988 complectenda
1795 923 2048 990 est,qum

407 1001 454 1056 si
507 1001 832 1074 negligitur,
885 1018 1000 1073 quo
1057 1019 1196 1060 sane
1243 1010 1410 1076 pacto
1460 1007 1618 1079 prior
1673 1007 1770 1064 ille
1815 1008 2050 1064 retineri

405 1095 599 1160 queat,
623 1092 818 1146 xidere
848 1107 962 1147 non
988 1109 1224 1164 possum
1253 1111 1266 1148 :
1291 1094 1435 1150 Nam
1461 1095 1561 1168 qui
1587 1097 1822 1154 fratrem
1847 1113 2043 1166 suum,

2163 557 2240 628 μή
2299 556 2498 630 φιλῶν,
2557 557 2618 612 ’ὸν
2679 556 2786 632 οὐχ
2841 557 3048 628 ἑώρακε
3105 559 3257 630 Θεὸν,
3315 561 3433 622 πῶς
3489 557 3783 632 ἀγαπήσεις

2157 647 2380 700 Ἔπειτα
2425 648 2461 714 ἡ
2521 647 2804 718 θαυμαστή
2853 647 2945 700 καί
3003 645 3212 710 ἄτοπος
3269 647 3400 721 ὑπὲρ
3457 655 3556 716 τῆς
3613 653 3784 716 κοινῆς

2159 735 2432 808 σωτηρίας
2481 736 2556 796 ὡς
2613 729 2750 814 ἔφην
2806 735 3004 791 τούτου
3061 735 3272 804 σπουδή
3331 735 3422 791 καὶ
3479 739 3540 792 τὸ
3599 734 3786 792 διδόναι

2155 829 2288 878 πᾶσι
2341 821 2554 894 μᾶλλον
2606 823 2836 878 ἐνταῦθα
2881 825 2941 880 τὸ
2991 828 3440 902 συγκεχωρηκὸς,
3485 827 3518 894 ἢ
3579 827 3742 898 ἑαυτῷ
3772 845 3784 858 ·

2157 917 2227 983 ἧς
2282 912 2396 968 οὐδ’
2453 914 2513 968 ἂν
2574 917 2655 978 εἷς
2716 918 2870 988 οἶμαι
2929 919 3038 970 τῶν
3095 917 3312 971 πάντων
3367 915 3598 972 κάλλιον
3655 915 3788 990 εὕροι

2823 1003 2898 1032 ἓὲν
2928 1003 3010 1032 2-*
3052 1007 3088 1032 ,νῖ

2158 1005 2521 1082 γνησιότητος
2553 1003 2754 1082 δεῖγμα
2783 1003 2898 1060 οὐδ’
2928 1003 3010 1082 ἐφ’
3049 1007 3094 1078 ᾦ
3142 1003 3356 1080 μᾶλλον
3386 1007 3446 1060 ἄν
3475 1027 3559 1068 τις
3608 1005 3787 1076 ἡσθείη

2157 1094 2509 1175 φιλούμενος.

403 1179 592 1251 inquit
621 1179 689 1248 ³⁵,
723 1195 896 1252 quem
943 1181 1106 1250 vidit,
1157 1199 1268 1238 non
1317 1183 1530 1256 diligit,
1585 1187 1763 1242 Deum
1815 1201 1990 1258 quem
2042 1201 2158 1242 non
2207 1185 2376 1250 vidit,
2415 1185 2700 1254 quomodo
2751 1184 2996 1254 diliget?
3025 1186 3182 1242 Idem
3227 1186 3438 1242 deinde
3487 1185 3792 1242 confirmat

401 1268 718 1324 miriﬁcum
776 1269 958 1327 nostri
1019 1277 1078 1327 et
1130 1289 1163 1327 ιι
1219 1274 1440 1330 ratione
1494 1273 1776 1343 alienum,
1833 1279 2166 1333 communis
2221 1274 2528 1330 hominum
2587 1275 2818 1346 salutis,
2849 1276 3004 1347 quod
3063 1277 3518 1333 memoravimus
3573 1275 3790 1332 deside-

401 1375 574 1416 num.

479 1449 674 1506 LXVI.
709 1449 778 1504 Et
823 1452 974 1522 quod
1024 1451 1084 1508 in
1137 1467 1204 1509 ea
1252 1453 1631 1525 adipiscenda
1675 1455 1805 1512 aliis
1851 1455 2043 1528 potius

407 1539 682 1597 omnibus
713 1557 888 1612 quam
921 1543 1030 1598 sibi
1057 1544 1307 1616 priorem
1335 1544 1528 1601 locum
1563 1545 1880 1618 dabat,quo
1911 1562 2046 1618 pro-

410 1631 557 1687 fecto
604 1647 772 1687 nemo
821 1631 1102 1698 omnium,
1137 1637 1202 1688 ut
1251 1633 1522 1701 arbitror,
1573 1635 1896 1707 speciosius
1939 1635 2050 1691 ali-

412 1719 566 1790 quod
600 1735 894 1791 germana
925 1721 1225 1777 charitatis
1257 1723 1542 1794 specimen
1567 1723 1824 1796 proferre
1853 1729 2048 1797 queat,

411 1815 466 1862 et
523 1824 636 1878 quo
692 1809 883 1881 magis
939 1808 998 1864 in
1071 1809 1206 1866 sinu
1280 1813 1533 1882 gaudeat
1607 1813 1706 1884 qui
1765 1813 2046 1885 diligitur.

415 1896 638 1966 Quippe
691 1896 741 1951 si
797 1897 934 1952 boni
995 1897 1186 1953 omnis
1259 1915 1492 1955 summa
1557 1905 1786 1956 aeternas
1842 1899 2052 1956 salutis

414 1986 644 2056 adeptio
691 1989 797 2054 est,
853 1995 913 2042 ut
959 1987 1081 2042 sine
1137 1987 1258 2044 ulla
1307 1990 1700 2046 controversia
1748 2006 1886 2046 sane
1941 1993 2049 2058 est,

415 2079 574 2134 salus
619 2081 812 2134 autem
862 2077 1029 2135 aliter
1089 2095 1263 2152 quam
1320 2080 1435 2138 Deo
1487 2082 1753 2154 adjutore
1803 2081 2050 2138 obtineri

414 2167 640 2240 nequit,
699 2168 1071 2238 quantumvis
1137 2184 1338 2225 omnes
1411 2170 1615 2226 sedulo
1685 2185 2054 2228 exerceamus

415 2257 686 2324 virtutes,
717 2257 1094 2329 quantumvis
1125 2259 1372 2315 ﬂumina
1403 2259 1528 2331 ipsa
1560 2261 1839 2316 sudorum
1871 2261 2054 2332 lacry-

417 2361 763 2418 marumque
793 2347 1238 2418 profundamus,
1271 2347 1372 2420 qui
1405 2349 1586 2405 Deum
1629 2349 1898 2422 precibu
1930 2351 2054 2406 suis

413 2435 545 2494 aliis
577 2437 765 2510 magis
795 2453 974 2508 quam
1007 2437 1118 2493 sibi
1170 2437 1538 2509 propitiabat,
1573 2455 1689 2512 quo
1739 2443 1906 2511 pacto
1937 2457 2052 2496 non

414 2541 644 2583 omnem
675 2526 772 2582 ille
819 2525 1232 2582 benevolentiae
1277 2529 1571 2599 egreditur
1603 2529 1866 2596 modum,
1897 2533 1954 2586 et
1981 2530 2054 2586 ob

413 2615 566 2673 hanc
615 2632 784 2672 suam
835 2617 1297 2672 obsecrationem
1349 2617 1408 2672 in
1465 2619 1716 2674 maxima
1755 2619 2052 2676 hominem

411 2703 797 2762 admiratione
821 2705 1055 2776 habere,
1079 2707 1278 2781 illique
1297 2707 1692 2782 congratulari
1727 2707 2004 2764 debemus
2027 2707 2056 2762 ?

415 2794 591 2850 Porro
641 2795 690 2850 si
745 2795 908 2852 hisce
955 2796 1220 2869 adjicias,
1273 2799 1426 2870 quod
1484 2813 1550 2854 eo
1599 2813 1732 2868 erga
1784 2797 2054 2852 inimicos

2223 1453 2372 1528 Ξς.
2409 1451 2470 1509 Εἴ
2497 1454 2604 1530 γὰρ
2643 1454 2841 1518 παντὸς
2889 1455 2984 1528 μὲν
3016 1455 3226 1530 ἃγαθοῦ
3273 1453 3570 1532 κεφάλαιον
3599 1455 3662 1508 τὸ
3707 1473 3790 1508 σε-

2157 1545 2358 1598 σῶσθαι
2391 1560 2406 1576 ⁸
2437 1546 2556 1604 πῶς
2581 1543 2684 1617 γὰρ
2733 1539 2836 1610 οὕ;
2883 1547 3044 1598 τοῦτο
3096 1541 3152 1598 δὲ
3183 1543 3282 1599 οὐκ
3323 1543 3386 1598 ἂν
3427 1541 3618 1605 ἄλλως
3665 1561 3792 1618 παρ-

2156 1633 2264 1706 είη,
2302 1635 2378 1708 μὴ
2429 1631 2820 1708 συναιρομένου
2865 1635 3023 1702 Θεοῦ,
3055 1631 3150 1686 κᾶν
3191 1637 3362 1687 πᾶσαν
3411 1633 3559 1706 ὦμεν
3605 1631 3794 1704 ἀρετὴν

2159 1721 2486 1793 ἠσκηκότες,
2547 1718 2642 1776 κᾶν
2719 1718 3006 1793 ποταμοὺς
3083 1717 3332 1794 ἱδρώτων
3397 1718 3486 1774 καί
3554 1716 3790 1792 δακρύων

2161 1813 2464 1888 ἐκχέωμεν,
2498 1811 2526 1866 ὁ
2571 1815 2762 1865 τοῦτον
2795 1814 2913 1872 τοῖς
2963 1807 3159 1872 ἄλλοις
3193 1809 3408 1885 μᾶλλον
3449 1811 3484 1880 ἢ
3525 1808 3702 1880 ἑαυτῷ
3731 1806 3794 1863 δι’

2161 1904 2234 1957 ὧν
2296 1899 2466 1956 δεῖται
2522 1901 2690 1962 τιθεὶς
2755 1897 2984 1972 εὐμενῆ,
3027 1903 3146 1962 πῶς
3199 1899 3259 1955 οὐ
3318 1899 3516 1961 πάντας
3570 1897 3796 1975 τρόπους

2161 1991 2373 2054 εὐνοίας
2419 1991 2603 2046 οὑτοσί
2657 1987 3007 2063 παρελαύνει.
3065 1989 3161 2044 Καὶ
3215 1985 3298 2044 δεῖ
3343 1993 3536 2045 τοῦτον
3597 1990 3796 2060 θαυμα-

2165 2089 2271 2152 ζειν
2329 2101 2388 2135 τε
2441 2080 2532 2134 καὶ
2587 2077 2896 2156 ξυγχαίρειν
2955 2077 3186 2149 ταυτησῖ
3241 2085 3342 2148 τῆς
3395 2075 3796 2154 προκλήσεως’

2164 2171 2210 2226 εί
2259 2167 2316 2226 δὲ
2363 2169 2452 2224 καὶ
2497 2169 2564 2224 τὰ
2599 2169 2722 2244 περὶ
2773 2167 2902 2230 τοὺς
2949 2165 3186 2242 ἐχθροὺς
3224 2165 3386 2224 αὐτὸν
3434 2165 3636 2223 οὑτωσὶ
3687 2163 3796 2220 δια·

2163 2261 2367 2315 κεῖσθαι
2417 2254 2732 2334 προσδείης,
2783 2257 2858 2318 ὡς
2915 2257 3004 2312 καὶ
3063 2263 3164 2326 τῆς
3209 2258 3378 2312 αὐτοῦ
3431 2255 3679 2332 κεφαλῆς
3727 2255 3797 2314 ὡς

2163 2353 2330 2424 εἶπεῖν
2373 2345 2530 2402 οὐδὲν
2573 2345 2767 2408 αὐτοὺς
2811 2341 3033 2401 ἔλαττον
3087 2345 3256 2421 ἄγειν,
3287 2344 3434 2401 ἀλλὰ
3477 2345 3572 2400 καί
3625 2345 3794 2424 φιλεῖν

2163 2440 2252 2494 καὶ
2303 2435 2560 2514 στὲργειν,
2623 2435 2713 2490 καὶ
2769 2434 2985 2497 τούτοις
3039 2436 3106 2490 τὰ
3167 2433 3370 2511 βελτίω
3429 2435 3796 2510 συνεύχεσθαι,

2163 2529 2254 2584 καὶ
2285 2525 2430 2588 ὅλως
2485 2525 2561 2586 εἷς
2609 2522 3022 2601 εὐεργετοῦντας
3069 2523 3274 2579 τιθέναι
3301 2541 3316 2556 ⁶
3369 2527 3529 2580 τοῦτο
3575 2525 3673 2597 μὲν
3719 2524 3796 2582 οἷς

2165 2617 2310 2690 αὐτῷ
2371 2615 2630 2690 μεγίστης
2687 2611 3014 2693 φιλοσοφίας
3082 2613 3219 2685 ὅλην
3297 2618 3588 2689 παρεῖχον,
3645 2616 3796 2666 τοῦτο

2165 2705 2222 2762 δὲ
2253 2709 2336 2768 οἷς
2357 2703 2734 2778 εὐμενέστερον
2765 2705 2916 2776 αὐτῷ
2963 2703 3054 2758 καὶ
3088 2703 3304 2777 μᾶλλον
3339 2699 3510 2758 ’ίλεων
3553 2703 3624 2756 τὸ
3655 2707 3798 2757 Θεῖον

2165 2794 2382 2850 ἐποίουν
2417 2813 2430 2826 ·
2483 2793 2566 2848 ὅτι
2615 2812 2714 2868 περ
2763 2794 2836 2847 ὧν
2885 2787 3110 2870 ἔδρασαν
3159 2791 3469 2870 ὀφείλοντες
3519 2789 3704 2862 δίκην,
3751 2791 3798 2844 oi

417 2899 556 2940 suos
588 2885 784 2940 animo
823 2893 1000 2952 esset,
1033 2895 1096 2942 ut
1151 2887 1286 2944 illos
1331 2903 1446 2943 non
1479 2887 1650 2943 modo
1694 2903 1810 2942 non
1855 2886 2054 2941 minus

2170 2885 2244 2956 δὲ,
2295 2885 2560 2954 τοσαύτης
2619 2885 2919 2960 ἐτύγχανον
2979 2885 3107 2958 παρ’
3153 2883 3320 2939 αὐτοῦ
3374 2890 3474 2952 τῆς
3532 2883 3748 2944 εὐνοίας
3783 2899 3796 2914 ⁸

417 2973 624 3029 choros
647 2990 822 3046 quam
845 2991 1020 3030 suum
1041 2977 1168 3048 ipse
1185 2981 1354 3048 caput
1373 2975 1852 3048 vitamque,quod
1869 2977 2052 3044 aiunt,

2170 2979 2259 3034 ἐὰν
2289 2976 2469 3032 τοίνυν
2501 2977 2592 3032 καὶ
2635 2981 2800 3030 τοῦτο
2849 2977 3113 3050 προσθῇς,
3147 2973 3284 3030 ἔστω
3328 2976 3416 3030 καὶ
3473 2979 3643 3030 τοῦτο
3691 2974 3804 3048 τρί-

414 3061 678 3130 haberet,
737 3063 834 3119 sed
914 3046 1176 3136 diligeret
1247 3046 1384 3120 item
1443 3046 1794 3136 amat-etque,
1851 3069 1908 3120 et
1969 3065 2054 3120 eis

2170 3088 2280 3136 τον,
2312 3063 2462 3121 οὐδὲν
2493 3088 2554 3142 γε
2599 3046 2924 3140 ἀτιμότερον
2970 3046 3182 3120 ἐκείνων
3217 3063 3292 3128 ὥς
3317 3085 3378 3140 γε
3425 3064 3530 3140 ἐγὼ
3577 3046 3806 3138 νομίζω,

421 3157 480 3212 fa
495 3159 623 3212 usta
643 3157 844 3212 omnia
865 3161 1115 3228 optaret,
1135 3158 1260 3214 imo
1289 3159 1350 3214 in
1367 3159 1514 3214 bene
1530 3159 1602 3214 de
1623 3175 1686 3214 se
1715 3158 2044 3216 meritorum

2181 3155 2326 3212 ἀλλὰ
2355 3156 2442 3210 καὶ
2477 3153 2624 3229 μάλα
2655 3150 2968 3227 ξυμϐαῖνον.

417 3263 655 3305 numero
695 3247 866 3320 plane
913 3251 1233 3322 reponeret,
1279 3249 1504 3306 scilicet
1549 3249 1760 3321 partim
1807 3249 1936 3306 ideo
1986 3251 2138 3321 quod
2189 3249 2427 3306 maximi
2461 3265 2528 3306 ac
2579 3247 2912 3304 difﬁcillimi
2961 3247 3018 3302 in
3071 3247 3400 3303 Christiana
3447 3245 3814 3318 philosophia

417 3339 608 3409 operis
638 3339 944 3396 materiem
975 3340 1084 3411 ipsi
1115 3339 1523 3412 prmbuissent.
1557 3339 1762 3410 partim
1810 3341 1962 3413 quod
1995 3356 2063 3396 ea
2093 3356 2154 3396 re
2199 3337 2386 3411 magis
2413 3337 2498 3394 illi
2547 3337 2864 3410 propitium
2897 3353 2963 3393 ac
3009 3337 3327 3409 benignum
3379 3335 3568 3393 Deum
3597 3334 3812 3392 effecis-

421 3433 572 3498 sent,
631 3429 1100 3502 quandoquidem
1159 3431 1260 3503 qui
1316 3429 1599 3486 scelerum
1669 3447 1910 3488 suorum
1969 3430 2443 3502 flagitiorumque
2515 3426 2873 3502 gravissimis
2925 3431 3262 3484 tenerentur
3317 3425 3523 3499 pmnis,
3598 3431 3816 3483 tantum

421 3517 578 3573 illius
632 3521 828 3574 tamen
877 3519 1324 3590 experiebantur
1377 3518 1679 3575 lenitatem
1729 3535 1795 3574 ac
1853 3517 2335 3586 benevolentiam,
2375 3517 2528 3590 quod
2583 3517 2779 3589 ipsum
2826 3517 2873 3572 si
2933 3515 3334 3588 superioribus
3385 3513 3669 3588 exemplis
3723 3514 3816 3570 ad-

415 3608 652 3680 junges,
685 3609 920 3664 tertium
953 3609 1250 3666 charitatis
1294 3609 1704 3666 documentum
1753 3610 1879 3678 erit,
1915 3608 2098 3666 nihilo
2129 3607 2272 3664 illud
2325 3607 2568 3674 caeteris,
2601 3623 2727 3662 mea
2775 3606 3087 3675 sententia,
3137 3605 3398 3673 inferius,
3429 3603 3550 3662 imo
3595 3621 3818 3678 germa-

423 3715 564 3756 num
593 3701 846 3772 undique
876 3705 933 3757 et
963 3700 1351 3756 simillimum.

491 3789 707 3847 LXVII.
741 3791 852 3846 Sed
884 3797 938 3846 et
968 3789 1408 3847 beneficentiam
1443 3791 1715 3848 adversvs
1757 3807 2058 3863 pauperes,

420 3879 594 3950 cujus
607 3877 1053 3936 velutcolumna
1066 3881 1276 3936 cmlum
1292 3879 1596 3938 altitudine
1609 3897 1864 3951 eaqueus,
1879 3881 2062 3938 nostri

427 3989 452 4020 α
485 3969 552 4024 de
583 3969 852 4025 amandis
882 3970 1237 4041 pauperibus
1263 3991 1292 4018 »
1317 3973 1506 4025 exstat
1535 3969 2063 4042 oratio,eademque

425 4059 724 4116 charitatis
757 4073 894 4130 erga
921 4058 1271 4132 indigentes,
1305 4061 1560 4116 maxime
1595 4059 1794 4116 morbo
1825 4077 2060 4132 oppres-

425 4163 543 4216 sos,
592 4147 856 4220 quaedam
905 4149 1074 4220 quasi
1119 4147 1476 4221 legislatoria
1525 4147 1769 4212 sanctio,
1811 4148 1870 4204 id
1925 4149 2064 4204 satis

423 4238 780 4308 comprobat,
834 4237 987 4308 quod
1027 4237 1172 4294 nihil
1223 4239 1458 4293 omnino
1505 4253 1785 4309 unquam,
1833 4237 2063 4295 nullum

423 4325 550 4382 auri
583 4326 920 4399 argentique
968 4327 1316 4400 scriptulum
1351 4330 1440 4386 illI
1485 4331 1677 4402 fuerit,
1711 4329 1878 4386 nulla:
1917 4330 2058 4384 item

425 4431 661 4488 prorsua
693 4431 782 4472 res
814 4416 1330 4490 possessionesque
1362 4418 1506 4487 alias,
1541 4435 1742 4478 verum
1776 4417 2059 4491 quidquid

423 4507 769 4574 obvenisset,
789 4505 846 4562 id
881 4506 1092 4580 partim
1116 4507 1270 4565 ultro
1303 4509 1363 4565 in
1397 4509 1725 4566 fortunulas
1747 4525 1884 4565 suas
1907 4507 2064 4562 invo-
2093 4491 2140 4556 Β

423 4595 682 4651 lantibus
730 4595 990 4665 cesserit,
1043 4595 1256 4667 partim
1317 4598 1374 4654 in
1435 4615 1656 4670 egenos
1723 4595 2062 4668 profuderit,

424 4684 668 4757 receptis
692 4684 804 4740 sibi
839 4685 1010 4740 modo
1057 4685 1434 4758 retentisque,
1467 4687 1636 4744 nirtis
1685 4687 2061 4760 quibusdam,

423 4775 586 4848 queis
617 4775 942 4846 regebatur,
967 4773 1359 4836 centunculis.
1383 4779 1441 4832 et
1465 4777 1558 4833 his
1581 4793 1719 4834 sane
1739 4775 2061 4846 vilissimis,

421 4865 671 4936 vitisque
703 4863 979 4936 religiosa
1007 4863 1274 4937 apprime
1325 4865 1803 4938 congruentibus,
1843 4881 2063 4936 paucu-

419 4953 608 5026 lisque
637 4952 860 5025 aliquot
907 4951 1096 5010 libris.
1129 4954 1251 5010 Huc
1304 4956 1588 5012 accedunt
1632 4959 1688 5011 et
1727 4955 1977 5026 jejunis,
2009 4959 2066 5010 et

418 5043 951 5114 humicuhationes,
983 5047 1039 5100 et
1087 5049 1382 5100 nocturnae
1415 5045 1692 5118 pertinaci
1745 5049 1892 5100 statu
1931 5059 2062 5116 per-

2239 3787 2361 3842 ΞΖ’.
2404 3787 2512 3855 Τὴν
2572 3784 2628 3842 δὲ
2684 3787 2823 3860 πρὸς
2878 3785 3006 3847 τοὺς
3063 3785 3299 3856 πένητας
3345 3783 3618 3854 εὐποιίαν,
3668 3787 3733 3854 ἧς
3789 3783 3813 3836 ὁ

2169 3879 2296 3952 περὶ
2321 3875 2708 3952 φιλοπτωχίας
2741 3876 2906 3952 λόγος
2933 3877 3326 3951 οὐρανομήκης
3375 3870 3571 3944 ἔστηκε
3617 3871 3817 3945 στήλη,

2169 3969 2256 4022 καὶ
2292 3965 2408 4022 οἶόν
2451 3987 2535 4028 τις
2584 3967 2880 4038 νομοθεσία
2918 3969 3014 4020 τοῦ
3061 3965 3196 4038 πρὸς
3239 3966 3370 4026 τοὺς
3419 3963 3622 4026 ἐνδεεῖς
3663 3961 3818 4036 εὐμε-

2170 4061 2313 4119 νοῦς,
2375 4055 2464 4110 καὶ
2525 4053 2762 4128 μάλιστα
2817 4055 2946 4118 τοὺς
3003 4055 3146 4128 νόσῳ
3201 4055 3589 4127 πιεζομένους.
3650 4051 3712 4108 τό
3767 4073 3820 4106 τε

2176 4143 2342 4220 μηδὲν
2395 4148 2618 4200 πώποτε
2671 4145 2802 4218 μήτ’
2845 4143 3078 4222 ἄργυρον
3137 4147 3278 4218 μήτε
3324 4145 3519 4222 χρισὸν
3583 4141 3818 4222 ἐσχηκέ-

2171 4257 2281 4306 ναι,
2345 4237 2475 4308 μήτ’
2551 4231 2730 4304 ἄλλην
2805 4235 3053 4304 ἡντινοῦν
3132 4233 3448 4308 τοπαράπαν
3517 4233 3820 4304 κτήσασθαι

2172 4331 2380 4394 κτῆσιν,
2426 4322 2572 4378 ἀλλὰ
2621 4327 2730 4378 τῶν
2792 4324 2888 4396 μὲν
2949 4322 3204 4392 ἐκστῆναι
3261 4327 3376 4384 τοῖς
3429 4322 3819 4396 βουλομένοις.

2169 4413 2236 4468 τὰ
2267 4411 2323 4468 δὲ
2369 4411 2623 4487 προέσθαι
2665 4417 2782 4472 τοῖς
2815 4411 3006 4483 πένησι
3042 4431 3054 4444 ·
3107 4409 3253 4481 πλὴν
3289 4413 3364 4466 ὧν
3411 4405 3820 4486 περιεϐέϐλητο

2171 4503 2434 4578 τριχίνων
2487 4501 2713 4576 ῥακίων,
2755 4503 2846 4556 καὶ
2893 4501 3100 4557 τούτων
3153 4501 3411 4570 εὐτελῶν,
3461 4499 3554 4555 καὶ
3605 4498 3822 4579 φιλοσο-

2174 4593 2269 4670 φίᾳ
2298 4591 2640 4666 πρεπόντων,
2671 4591 2760 4646 καὶ
2815 4586 3051 4666 βιϐλίων
3099 4588 3330 4667 ὀλίγων,
3361 4585 3438 4645 ἔτι
3477 4609 3536 4644 τε
3569 4587 3824 4662 νηστείας

2173 4683 2264 4740 καὶ
2309 4683 2634 4758 χαμευνίας,
2681 4681 2772 4737 καὶ
2831 4681 3041 4745 στάσεις
3087 4680 3422 4756 παννύχους,
3473 4682 3566 4733 καί
3633 4679 3824 4734 συντό-

2172 4793 2298 4834 νους
2377 4769 2612 4844 δεήσεις,
2685 4772 2772 4826 καὶ
2850 4771 3184 4848 στεναγμοὺς
3261 4769 3352 4825 καὶ
3427 4765 3664 4845 δάκρυα,
3737 4765 3824 4822 καὶ

2173 4862 2432 4940 ἱδρῶτας,
2463 4865 2552 4920 καὶ
2601 4863 2746 4927 ὅλως
2779 4865 2866 4927 οἷς
2901 4865 2928 4919 ὁ
2980 4863 3116 4920 κατὰ
3147 4861 3275 4918 Θεὸν
3315 4861 3826 4940 χαρακτηρίζεσθαι

2173 4953 2404 5032 πέφυκεν
2453 4953 2735 5028 ἅνθρωπος
2767 4972 2781 4986 ·
2830 4953 2903 5008 ὧν
2937 4953 3096 5014 οὗτος
3140 4949 3488 5028 παράδειγμα
3525 4949 3623 5006 καὶ
3657 4949 3827 5009 τύπος

2171 5049 2286 5104 τοῖς
2317 5039 2512 5103 ἄλλοις
2541 5043 2632 5111 ἦν.

416 5133 805 5206 vigilationes,
865 5137 921 5188 et
971 5133 1220 5189 assiduae
1276 5136 1663 5205 ardentesque
1713 5149 1934 5206 preces,
1991 5141 2045 5190 et
2101 5133 2347 5206 genitus,
2420 5141 2474 5190 et
2545 5134 2835 5206 lacrymaa,
2895 5139 2951 5189 et
3025 5133 3288 5198 sudores,
3345 5135 3403 5188 et
3469 5131 3828 5187 summatim

415 5221 702 5295 quidquid
733 5221 984 5294 religiosi
1015 5225 1316 5296 sanctique
1345 5223 1601 5280 hominis
1631 5223 2028 5281 characterem
2057 5223 2193 5281 facit
2222 5241 2287 5280 ac
2319 5223 2585 5290 absolvit,
2619 5226 2787 5294 cujus
2819 5227 3016 5279 noster
3046 5221 3176 5278 aliis
3207 5219 3498 5292 exemplar
3529 5237 3604 5276 ac
3657 5225 3833 5292 typus

416 5315 587 5386 plane
617 5315 764 5368 erat.

489 5401 729 5460 LXVIII.
781 5401 900 5474 Ego
949 5418 1084 5460 vero
1133 5403 1249 5474 his,
1291 5409 1358 5462 ut
1404 5422 1528 5478 quae
1575 5421 1780 5462 omnes
1831 5403 2056 5478 pridem

418 5491 886 5565 compertissima
933 5491 1172 5560 habent,
1224 5495 1518 5568 sepositis,
1570 5495 1643 5552 ad
1690 5509 1971 5568 magnum
2001 5499 2060 5552 et

490 5673 542 5712 ³⁵
577 5673 800 5737 Noun.
831 5687 912 5749 ιν,
935 5675 1031 5736 20.

2241 5405 2374 5458 ΞΗ’.
2409 5405 2586 5458 Ταῦτα
2619 5403 2716 5475 μὶν
2765 5401 2857 5457 οὗν
2907 5401 2982 5466 ὡς
3031 5395 3238 5472 ἔκδηλα
3265 5403 3384 5464 τοϊς
3435 5400 3614 5456 ἅπασι
3663 5420 3836 5476 παρα-

2167 5489 2338 5552 λίπω.
2395 5493 2543 5569 Ἐγὼ
2590 5489 2639 5547 δ’
2681 5491 2770 5548 ἐπὶ
2815 5491 2880 5548 τὸ
2940 5491 3081 5568 μέγα
3127 5490 3216 5548 καὶ
3261 5489 3452 5566 σεμνὸν
3508 5495 3626 5560 τῆς
3685 5510 3834 5566 παρ-
