4118 6214
295 302 386 364 385
1261 295 1667 359 LAUDATIO
1712 295 1776 357 S.
1824 293 2198 357 GREGORII
2239 291 2657 356 THEOLOGI.

3540 274 3656 338 386

291 430 433 490 θινέας
488 425 703 483 στάδιον
753 424 1092 502 βαδιοῦμαι·
1157 427 1247 481 καὶ
1288 423 1446 497 δείξω
1485 425 1755 482 κάνταῦθα
1800 427 1895 482 τὸν

2008 426 2337 484 venerabile
2377 429 2666 498 perpetuis
2696 419 3042 496 virginitatis
3088 416 3340 474 stadium
3387 426 3656 502 propero,

285 519 499 589 ἀθλητήν
540 515 854 596 στεφανίτην
891 535 903 547 ·
946 518 1013 584 ἢν
1067 512 1362 590 ἐπειδήπερ
1412 515 1556 592 ὲώρα
1605 516 1685 590 μή
1738 517 1896 590 μένον

278 611 441 662 πασῶν
478 607 706 679 ἀρετῶν,
745 603 892 660 ἀλλά
941 605 1030 658 καὶ
1081 607 1296 677 θεσμῶν
1355 603 1744 679 ὑπερκειμένην
1791 609 1898 661 τῶν

273 696 438 764 θείων,
494 695 582 750 καί
625 700 743 755 τοῖς
793 692 1052 769 ἀγγέλοις
1112 692 1163 767 ἐξ
1220 692 1526 768 ἐναμίλλου
1586 700 1900 770 χωροῦσαν,

279 785 411 839 οὓτω
461 783 662 854 ταύτης
728 782 877 839 ἑάλω
941 784 1033 838 καὶ
1098 781 1243 838 οὕτω
1307 784 1546 856 καθάπαξ
1613 781 1899 854 ἐκτήσατο,

273 875 388 929 ὥσθ’
423 872 546 928 ὅσον
601 872 658 928 ἐν
699 878 829 927 πᾶσι
868 878 988 934 τοῖς
1026 871 1193 928 αὐτοῦ
1228 871 1357 934 τοὺς
1407 871 1615 935 ἄλλους
1667 871 1900 949 ἐκράτει,

271 967 506 1017 τοσοῦτον
547 963 787 1016 ἱντεῦθεν
841 963 965 1035 [am
1016 963 1141 1019 add.
1194 961 1380 1016 ἑαυτὸν
1403 964 1452 1036 ⁸2]
1503 961 1740 1038 ὑπερῆρε
1785 963 1900 1017 σώ-

274 1071 424 1123 ματος
472 1053 566 1122 μὲν
617 1050 710 1105 καὶ
759 1054 945 1126 ψυχῆς
995 1049 1232 1127 ἁγνείαν,
1289 1051 1407 1123 μεθ’
1459 1049 1762 1128 ὑπερφυοῦς
1807 1050 1900 1127 ἐγ-

270 1140 494 1214 κρατείας
557 1141 692 1213 ὑπὲρ
761 1141 964 1202 πάντας
1023 1139 1266 1210 ἀσκήσας
1298 1158 1312 1173 ⁶
1353 1138 1404 1213 ἐξ
1465 1140 1538 1194 ὧν
1593 1138 1652 1195 δὶ
1699 1143 1734 1210 ἡ
1783 1146 1901 1205 τοῖς

275 1229 467 1304 μέλεσιν
505 1231 672 1301 ἡμῶν
727 1227 1013 1284 ἐνοικοῦσα
1072 1226 1341 1299 δήπουθεν
1396 1230 1636 1304 ἁμαρτία
1681 1229 1900 1286 τοῦνδό-

274 1339 412 1391 σιμον
458 1316 688 1394 ἔχουσα,
738 1319 1175 1392 κατεξανίσταται
1233 1325 1336 1387 τῆς
1402 1321 1612 1394 ψυχῆς,
1659 1319 1751 1374 καὶ
1803 1321 1895 1375 τὸν

271 1409 494 1485 ἡγεμόνα
550 1409 680 1462 νοῦν
733 1407 917 1482 ὥσπερ
946 1405 1312 1482 αἰχμάλωτον
1356 1428 1474 1463 τινα
1523 1405 1719 1463 δοῦλον
1771 1409 1897 1464 ὑπο·

272 1504 410 1572 χεῖρα
445 1493 695 1551 λαϐοῦσα
741 1495 826 1573 ἐφ’
855 1495 889 1550 ἆ
923 1497 999 1568 μὴ
1055 1493 1138 1550 δεῖ
1190 1500 1474 1567 κατασπᾷ*
1522 1497 1611 1552 καὶ
1661 1502 1787 1552 νοῦν
1819 1499 1895 1562 ὡς

272 1585 415 1640 εἰπεῖν
461 1585 624 1640 ἄνουν
674 1583 981 1662 ἐργάζεται,
1031 1589 1202 1640 ταῦτα
1230 1584 1318 1640 καὶ
1362 1587 1590 1659 μνήμης
1635 1586 1893 1643 ἀπώσατο

271 1683 353 1744 τῆς
383 1673 559 1732 αὐτοῦ.

2012 518 2188 576 etiam
2221 517 2280 574 in
2310 533 2376 574 eo
2407 515 2687 573 athletam
2719 521 2978 570 nostrum
3023 524 3234 566 corona
3282 501 3656 562 meritissima

2011 607 2292 664 donatum
2323 610 2690 674 ostensurus,
2731 603 2830 675 qui
2868 617 3001 658 cum
3033 600 3184 655 hanc
3220 596 3493 651 virtutem
3539 606 3654 648 non

2012 699 2182 753 modo
2211 712 2389 768 supra
2420 693 2677 766 reliquas
2713 693 2954 747 virtutes
2986 703 3210 752 omnes,
3249 681 3447 740 verum
3479 680 3658 737 etiam

2012 803 2194 859 supra
2227 785 2324 841 Dei
2365 783 2556 856 ipsius
2582 783 2748 854 jussa
2777 796 2842 836 ac
2885 781 3168 849 praecepta
3210 772 3458 846 positam
3507 784 3660 837 esse,

2009 877 2181 946 atque
2223 891 2388 945 isquo
2442 888 2578 928 cum
2629 869 2852 942 angelis
2902 873 3086 923 marte
3133 868 3353 920 certare
3401 860 3658 915 animad-

2009 968 2300 1032 verteret;
2341 965 2421 1019 ita
2477 961 2750 1034 protinus
2807 959 2998 1030 specie
3057 955 3216 1012 illius
3273 958 3474 1023 captus
3529 953 3651 1014 est;

2010 1054 2210 1125 itaque
2241 1069 2406 1110 suam
2441 1051 2592 1108 hanc
2617 1050 2858 1106 omnino
2881 1048 3037 1111 fecit,
3068 1050 3132 1100 ut
3161 1045 3444 1116 quantum
3464 1038 3655 1094 omni-

2008 1144 2120 1200 bus
2152 1144 2211 1198 in
2261 1143 2454 1211 rebus,
2503 1140 2628 1197 suis
2675 1139 2801 1212 ipse
2847 1136 3124 1192 laudibus
3173 1131 3320 1188 alios
3364 1127 3656 1195 vincebat,

2005 1237 2234 1289 tantum
2281 1231 2419 1286 hinc
2469 1228 2556 1285 vel
2607 1227 2992 1298 semetipsum
3041 1220 3352 1294 superarit,
3402 1218 3656 1290 perfecta

2003 1321 2288 1377 nimirum
2321 1319 2586 1392 corporis
2609 1317 2829 1389 pariter
2859 1315 3182 1384 animasque
3213 1309 3500 1371 castitate,
3520 1322 3652 1361 cum

2007 1410 2204 1466 divina
2243 1410 2496 1481 quadam
2527 1406 2906 1472 continentia,
2949 1407 3153 1476 prater
3203 1403 3439 1455 ceteros
3472 1393 3652 1451 excel-

2005 1499 2135 1558 lens
2163 1518 2178 1569 ;
2210 1501 2406 1558 adhaac
2436 1515 2524 1568 ea,
2558 1499 2712 1556 unde
2754 1495 3093 1552 inhabitans
3137 1491 3196 1546 in
3244 1485 3524 1546 membris
3553 1500 3651 1540 no-

2007 1593 2148 1649 stris
2179 1597 2480 1664 peccatum
2511 1590 2578 1658 “,
2617 1585 2788 1660 quasi
2811 1583 3056 1641 classico
3087 1581 3342 1654 quodam
3373 1576 3656 1634 exstimu-

2003 1679 2212 1746 latum,
2245 1680 2523 1736 adversus
2553 1677 2813 1733 animam
2846 1671 3125 1738 rebellat;
3156 1675 3214 1726 et
3237 1667 3554 1740 principem
3587 1677 3655 1717 ac

272 1766 698 1823 moderatricem
789 1768 1070 1834 mentem,
1145 1769 1425 1838 tanquam
1506 1773 1736 1839 captum
1809 1767 1964 1826 bello
2035 1770 2394 1842 mancipium
2458 1768 2570 1825 sibi
2645 1764 2986 1836 subjiciens,
3045 1761 3114 1816 ad
3174 1755 3390 1813 nefaria
3439 1751 3655 1826 qumvis

269 1857 522 1924 detrudit,
580 1862 960 1928 mentemque
1011 1860 1303 1913 amentem
1360 1860 1424 1911 ut
1467 1856 1546 1913 ita
1594 1856 1787 1914 dicam
1836 1859 2013 1917 efﬁcit
2053 1876 2068 1915 :
2120 1859 2262 1930 haec,
2313 1860 2579 1930 inquam,
2635 1857 2811 1912 etiam
2863 1871 2899 1909 a
2941 1849 3218 1908 memoria
3264 1863 3373 1904 sua
3419 1842 3653 1915 penitus

269 1947 482 2019 repulit.

324 2038 447 2092 ΞΘ¹.
478 2033 624 2094 Οὐδὲ
665 2034 768 2110 γάρ
813 2033 956 2091 ἐστιν
1002 2035 1104 2090 οὐκ
1151 2032 1295 2090 ἔστιν
1346 2033 1507 2090 οὐδὲν
1660 2033 1774 2091 οὐδ’
1813 2036 1897 2111 ἄν]

2080 2039 2274 2096 LXIX.
2309 2039 2460 2096 Fieri
2500 2039 2657 2095 enim
2700 2053 2814 2092 non
2858 2038 3062 2108 potest,
3106 2047 3222 2087 non
3263 2029 3453 2100 potest
3491 2039 3650 2092 vero,

266 2123 428 2192 ἐπειδή
486 2127 561 2198 μὴ
612 2126 808 2200 γὲγονε
853 2125 1067 2201 γένοιτο
1138 2123 1269 2189 τοὺς
1321 2123 1618 2198 ἑλομένους
1669 2131 1896 2206 τρυφᾷν,

269 2214 342 2268 καὶ
370 2212 670 2287 πλησμονῇ
700 2213 792 2267 καὶ
831 2214 982 2288 κόρῳ
1032 2210 1401 2284 δουλεύοντα;
1453 2220 1723 2289 σαρκικῶν
1772 2217 1900 2271 ποθ’

270 2300 452 2370 ἡδονῶν
510 2307 806 2378 περιεῖναι,
874 2303 967 2356 καί
1048 2303 1126 2374 μὴ
1181 2301 1403 2357 πάθεσιν
1461 2303 1714 2378 αἰσχροῖς
1768 2305 1899 2360 ὑποο

267 2393 489 2446 κεῖσθαι·
523 2391 586 2445 οὐ
643 2389 859 2465 μᾶλλόν
910 2412 972 2468 γε
1000 2390 1036 2460 ἢ
1066 2392 1158 2446 τὸν
1197 2390 1272 2454 εἰς
1303 2395 1410 2466 πῦρ
1458 2390 1782 2465 ἐμπεσόντα,
1817 2395 1895 2466 μὴ

265 2483 340 2535 καὶ
392 2488 490 2550 τῆς
545 2481 753 2536 τούτου
811 2481 1022 2559 φλογὸς
1091 2484 1495 2558 πεπειρᾶσθαι·
1548 2483 1592 2538 εἰ
1643 2483 1750 2557 γὰρ
1806 2485 1895 2539 καὶ

266 2570 450 2624 τούτων
509 2568 658 2627 ἔστιν
711 2569 767 2626 οἵ
817 2573 881 2626 τὸ
931 2569 1110 2627 δοκεῖν
1165 2575 1552 2647 σωφρονοῦσιν,
1612 2570 1742 2627 ἀλλ’
1797 2574 1901 2647 ἄρα

265 2667 366 2721 τοῖς
411 2659 738 2736 λογισμοῖς,
790 2659 870 2724 εἷς
915 2662 1350 2736 πεπορνευκότας
1389 2660 1631 2730 τελοῦσι,
1680 2663 1768 2716 καὶ
1813 2663 1901 2716 δό-

266 2748 341 2818 ξαν
382 2752 674 2824 παρθενίας
724 2756 842 2814 τοῖς
897 2748 1098 2812 ἄλλοις
1157 2748 1422 2822 διδόντες,
1470 2748 1764 2806 ἀκολασίαν
1817 2754 1900 2815 οἷς

265 2832 382 2913 ἔφην
417 2842 682 2894 νοσοῦσιο
717 2837 799 2894 δεῖ
845 2837 903 2894 δὲ
952 2839 1043 2894 καὶ
1090 2844 1236 2895 πᾶσα
1281 2840 1512 2915 ἀνάγκη,
1551 2841 1642 2895 τὸν
1692 2842 1888 2916 παρθε-

264 2925 414 2982 νεύειν
445 2928 523 2990 ὡς
554 2927 784 2999 ἀληθῶς
821 2929 1126 3003 ᾑρημένον,
1181 2928 1324 2985 οὕτω
1353 2933 1452 2998 τήν
1499 2931 1684 3005 ψυχήν
1713 2929 1892 3000 ἀπαθῆ

264 3019 580 3072 παντάπασιν
633 3016 837 3096 ἴσχειν,
878 3019 953 3080 ὡς
999 3017 1140 3092 μηδέ
1177 3018 1350 3090 ψιλήν
1387 3038 1510 3074 τινα
1552 3023 1683 3094 γοῦν
1721 3039 1892 3092 προσ-

264 3099 418 3174 ϐολήν
468 3107 514 3161 εἰ
559 3108 678 3162 οἶόν
715 3127 773 3162 τε
817 3107 1099 3182 λογισμῶν
1146 3106 1363 3163 ἀτόπων
1418 3105 1706 3183 δέχεσθαιο
1750 3107 1893 3164 οὕτω

265 3193 352 3269 γάρ
396 3196 453 3250 ἄν
516 3195 602 3266 εἴη
664 3194 1040 3270 ἐξολοκλήρου
1097 3199 1246 3252 τοῦθ’
1301 3196 1435 3272 ὅπερ
1481 3197 1689 3272 αἱρεται
1737 3201 1894 3274 ψυχῇ

261 3285 558 3359 καθαρεύων
591 3285 684 3340 καὶ
716 3286 954 3359 σώματι.

2007 2127 2274 2201 inquam,
2298 2145 2406 2186 nec
2435 2129 2724 2202 siquidem
2748 2124 2908 2181 nullo
2932 2123 3124 2180 adhuc
3147 2126 3404 2189 tempore
3434 2117 3648 2172 factum

2009 2218 2141 2288 fuit,
2170 2218 2229 2274 in
2263 2223 2560 2291 posterum
2595 2231 2856 2288 unquam
2889 2213 3007 2280 flet,
3039 2215 3102 2268 ut
3130 2209 3226 2281 qui
3259 2205 3494 2263 delicias
3523 2203 3649 2259 vita:

2007 2312 2436 2377 consectantur,
2468 2307 2772 2377 ventrique
2811 2301 3173 2361 saburrando
3226 2294 3644 2354 exsaturando-

2007 2412 2121 2469 que
2153 2397 2432 2464 serviunt,
2463 2396 2643 2452 iidem
2672 2393 2923 2451 domitas
2952 2391 3206 2446 habeant
3234 2382 3647 2457 corporislibi-

2006 2487 2194 2555 dines,
2227 2487 2589 2557 impurisque
2617 2486 2821 2540 vacent
2861 2477 3422 2554 perturbationibus,
3463 2471 3644 2528 nihilo

2005 2574 2270 2646 equidem
2319 2575 2531 2646 magis,
2579 2589 2757 2645 quam
2808 2576 2872 2627 ut
2920 2570 3183 2624 ardorem
3231 2566 3480 2621 ﬂamma:
3529 2576 3640 2616 non

2007 2663 2308 2737 percipiat,
2342 2663 2442 2734 qui
2484 2663 2543 2718 in
2581 2663 2774 2734 ignem
2817 2659 3044 2716 incidit.
3084 2655 3204 2712 Etsi
3249 2654 3404 2710 enim
3448 2659 3501 2706 et
3547 2649 3648 2704 ho-

2006 2771 2136 2810 rum
2168 2753 2435 2810 nonnulli
2460 2761 2620 2810 caste
2648 2751 3131 2819 continenterque
3167 2744 3532 2801 extrinsecus
3561 2737 3646 2794 vi-

2006 2860 2134 2900 vere
2165 2844 2490 2912 videantur,
2543 2839 2770 2898 intimis
2805 2846 3003 2896 tamen
3043 2833 3224 2892 animi
3268 2830 3538 2888 sensibus
3582 2843 3651 2882 ex

2005 2951 2208 2991 eorum
2242 2949 2487 2991 numero
2519 2937 2680 2999 sunt,
2712 2931 2812 3004 qui
2844 2928 3138 2987 obscmnis
3169 2941 3298 2982 sese
3321 2922 3654 2994 polluerunt

2004 3023 2372 3095 libidinibus,
2407 3030 2460 3078 et
2489 3023 2590 3095 qui
2620 3021 2758 3080 licet
2787 3019 2917 3077 aliis
2966 3018 3140 3074 rebus
3186 3013 3419 3070 illibatae
3468 3010 3648 3080 virgi-

2009 3113 2209 3170 nitatis
2231 3113 2563 3186 Opinionem
2589 3113 2659 3168 de
2681 3127 2745 3168 se
2766 3108 3080 3182 praebeant,
3110 3105 3214 3161 illa
3235 3107 3452 3168 tamen,
3477 3113 3650 3170 quam

2005 3202 2262 3258 diximus
2291 3207 2474 3274 parte,
2508 3199 2948 3259 incontinentiae
2982 3196 3184 3252 morbo
3201 3194 3534 3265 jactantur;
3567 3192 3654 3242 at-

2005 3293 2106 3363 qui
2139 3292 2240 3363 qui
2274 3292 2378 3348 hoc
2409 3296 2622 3348 sancta
2656 3289 2944 3363 pudicitia;
2977 3285 3155 3342 decus
3187 3286 3408 3340 sartum
3433 3282 3649 3334 tectum

260 3377 388 3430 tueri
420 3375 747 3443 constituit,
798 3376 956 3432 hunc
999 3381 1242 3449 oportet,
1287 3377 1404 3434 imo
1452 3377 1624 3450 plane
1673 3395 1910 3436 necesse
1957 3385 2067 3446 est,
2115 3397 2300 3453 usque
2347 3382 2492 3437 adeo
2541 3396 2750 3449 puram
2800 3383 3206 3449 integramque
3253 3372 3325 3428 ab
3383 3369 3655 3439 hujusce-

261 3466 400 3520 modi
459 3465 842 3538 passionibus
904 3466 1162 3522 animam
1223 3467 1456 3536 habere,
1517 3472 1581 3524 ut
1634 3484 1740 3524 nec
1795 3469 2174 3538 levissimam,
2230 3470 2277 3526 si
2327 3469 2452 3528 ﬁeri
2505 3474 2700 3541 queat,
2758 3467 3189 3539 turpicularum
3237 3458 3651 3532 cogitationum

259 3554 718 3628 impressionem,
753 3558 824 3612 ad
858 3557 1044 3628 ipsam
1075 3557 1337 3612 accidere
1366 3558 1556 3614 sinat:
1589 3557 1699 3614 hoc
1737 3559 1894 3614 enim
1925 3565 2115 3632 pacto,
2150 3565 2409 3632 quantus
2438 3568 2692 3632 quantus
2737 3563 2851 3627 est,
2889 3557 2948 3612 id
2998 3555 3155 3628 quod
3200 3551 3426 3624 quaerit,
3460 3548 3654 3604 anima

259 3659 316 3699 ac
341 3660 586 3717 corpore
618 3645 872 3700 mundus
902 3645 1034 3701 erit.

317 3736 390 3788 0'.
440 3730 650 3788 Τούτου
707 3732 889 3788 τοίνυν
939 3731 1034 3786 ’ἕνα
1081 3731 1174 3787 καὶ
1222 3730 1378 3795 αὗθις
1425 3729 1753 3790 ἐπαναλάϐω
1800 3735 1892 3791 τὸν

2081 3737 2240 3795 LXX.
2274 3739 2517 3794 Tantam
2549 3737 2728 3811 igitur
2770 3736 2881 3792 hac
2909 3735 2966 3791 in
3000 3750 3060 3791 re
3100 3730 3407 3805 Gregorius
3451 3740 3651 3782 curam

262 3819 416 3898 λόγον
467 3821 650 3885 οὕτως
701 3821 937 3896 ἐμέλησε
988 3821 1304 3898 Γρηγορίῳ,
1356 3823 1432 3888 ὡς
1458 3826 1547 3878 καὶ
1579 3825 1669 3880 τὸν
1702 3827 1901 3900 παρθε-

257 3910 356 3973 νίας
410 3911 705 3984 ἐπώνυμον
764 3912 853 3966 καὶ
904 3911 1159 3986 μέγιστον
1221 3918 1335 3967 κατ’
1393 3911 1550 3967 αὐτὸν
1603 3913 1897 3990 Θεολόγον,

261 3999 413 4072 μηδὲν
462 3998 619 4076 ἔχειν
677 3999 842 4056 πλέον
893 4000 1085 4058 ἐᾶσαι·
1137 4001 1269 4058 ἀλλ’
1321 3999 1499 4077 ὥσπερ
1533 4003 1586 4058 ἐν
1647 4009 1726 4076 τῷ
1774 4005 1898 4078 περῖ

259 4094 378 4144 Θεοῦ
443 4090 652 4165 λέγειν,
740 4088 884 4144 οὕτω
969 4092 1250 4146 κάντεῦθεν
1334 4091 1642 4165 προσόμοις
1710 4093 1899 4167 ἐκείνῳ

258 4179 511 4253 γενέσθαι,
571 4181 660 4234 καὶ
719 4181 942 4255 προσέτι
994 4179 1278 4258 θεοφιλὴς,
1329 4183 1405 4242 ὡς
1452 4179 1739 4258 ἔκατέρους
1786 4183 1899 4238 ἀλ-

259 4265 443 4336 λήλοις
486 4266 668 4323 διΐσου
711 4269 801 4322 καὶ
851 4268 1053 4341 ὁμοίου
1102 4274 1342 4345 χωρεῖν·
1396 4272 1487 4324 καὶ
1540 4268 1630 4326 διὰ
1680 4272 1898 4328 πάντων

259 4353 616 4430 περιϐοήτους
647 4358 842 4412 ἅπασιν
872 4359 1004 4413 εἶναι
1028 4399 1043 4414 .
1087 4363 1156 4415 "A
1200 4361 1295 4431 μὲν
1338 4358 1428 4413 οὗν
1469 4361 1592 4435 περὶ
1633 4365 1740 4416 τῶν
1773 4362 1900 4437 ἀρε-

256 4451 352 4500 τῶν
383 4445 560 4524 ἐχρῆν
599 4445 850 4516 διελθεῖν,
891 4448 976 4502 καὶ
1009 4451 1204 4503 τοῦτον
1237 4447 1549 4524 ἐπασταχοῦ
1580 4448 1900 4526 προῦχοντα

260 4532 439 4607 δεῖξαι,
492 4536 592 4591 οὐκ
638 4533 831 4599 ἐνδεῶς
882 4537 1125 4612 εἰρῆσθαι
1179 4557 1272 4610 μοι
1329 4535 1495 4608 δοκῶ,
1538 4538 1668 4594 ὥσθ’
1714 4540 1744 4594 8
1774 4544 1896 4616 περὶ

261 4627 674 4703 Ἀριστοφάνους
759 4625 924 4704 ἔφησε
1007 4625 1260 4698 Πλάτων,
1325 4632 1474 4684 τοῦτ’
1558 4631 1755 4705 ἒμοιγε
1809 4633 1897 4685 νῦν

261 4710 588 4791 δικαιότερόν
648 4714 758 4770 ἐστι
818 4717 978 4791 φάναι
1011 4734 1026 4748 ο
1086 4717 1162 4778 ὡς
1196 4715 1298 4790 ἄρα
1354 4721 1540 4772 πασῶν
1588 4719 1793 4792 ἀρετῶν
1844 4721 1900 4774 αἱ

259 4803 478 4874 Χάριτες
545 4803 765 4878 τέμενός
823 4826 878 4860 τι
941 4804 1196 4881 λαμπρὸν
1261 4804 1394 4882 ὅπερ
1463 4806 1590 4886 οὐχὶ
1661 4812 1900 4863 πεσεῖται

263 4897 535 4962 ζητοῦσαι,
569 4895 754 4970 ψυχὴν
802 4894 958 4965 εὗρον
1000 4896 1100 4965 τήν
1138 4891 1296 4950 τοῦδε
1325 4912 1340 4928 ·
1399 4893 1647 4969 ἐπάνειμι
1698 4893 1754 4952 δὲ
1802 4897 1899 4952 αὗ-

265 4983 341 5044 θις
369 4980 456 5038 ἒπὶ
486 4982 552 5038 τὰ
583 4983 809 5058 πρόσθεν
837 5004 850 5017 ο
895 4981 1081 5052 ἐπειδὴ
1133 4981 1222 5039 διὰ
1257 4985 1508 5061 βραχέων
1549 4986 1624 5041 ὧν
1673 4982 1902 5043 ἐϐουλό-

270 5093 370 5142 μην
401 5071 703 5146 ἐμνήσθην.

2009 3843 2356 3898 operamque
2387 3827 2637 3899 ponebat
2665 3826 2880 3896 (denuo
2913 3823 3070 3879 enim
3099 3823 3168 3876 ad
3203 3819 3538 3877 institutum
3558 3830 3652 3869 re-

2010 3920 2204 3971 vertor
2234 3917 2610 3987 sermonem),
2645 3923 2706 3972 ut
2735 3914 2979 3970 dubiam
3003 3911 3173 3983 plane
3192 3908 3443 3982 palmam
3465 3905 3548 3960 illi
3574 3904 3655 3958 fa-

2010 4011 2183 4074 ceret,
2217 4005 2317 4078 qui
2349 4024 2381 4062 a
2410 4005 2741 4078 virginitate
2770 4017 3086 4074 cognomen
3111 3998 3353 4065 invenit,
3388 4009 3656 4066 unusque

2010 4095 2276 4152 omnium
2316 4095 2608 4152 maximus
2652 4099 2851 4150 nostro
2900 4089 3234 4162 Theologus
3267 4087 3503 4143 habitus
3545 4083 3659 4138 fuit

2009 4185 2242 4256 (Joanni
2297 4183 2705 4251 evangelista),
2780 4181 2900 4236 imo
2956 4195 3089 4234 vero
3157 4175 3652 4250 quemadmodum

2010 4273 2332 4344 pandendis
2363 4271 2682 4328 divinitatis
2701 4268 3018 4343 mysteriis,
3041 4266 3124 4323 ita
3143 4266 3253 4322 hac
3273 4265 3444 4321 etiam
3469 4265 3653 4332 parte,

2012 4367 2270 4438 proxime
2323 4367 2396 4420 ad
2443 4363 2612 4421 illum
2659 4364 2975 4429 accederet,
3019 4375 3204 4432 neque
3253 4357 3448 4413 minus
3495 4353 3654 4426 apud

2010 4456 2192 4512 Deum
2224 4455 2514 4527 gratiosus
2543 4458 2722 4522 esset,
2753 4456 2818 4508 ut
2847 4449 2990 4508 adeo
3021 4464 3183 4521 aquo
3214 4448 3365 4503 inter
3395 4461 3457 4500 se
3477 4444 3652 4499 ambo

2010 4544 2299 4616 similique
2329 4545 2500 4615 plane
2530 4543 2804 4601 incedant
2822 4541 3004 4613 gradu
3028 4556 3044 4608 ;
3078 4547 3130 4596 et
3148 4539 3219 4596 ab
3242 4536 3516 4593 omnibus
3537 4549 3657 4588 ma-

2011 4635 2198 4690 ximos
2230 4647 2654 4705 usquequaque
2682 4631 2965 4688 clamores
2986 4629 3339 4700 plaususque
3365 4624 3652 4680 auferant.

2009 4723 2139 4780 Jam
2168 4723 2382 4794 itaque,
2406 4739 2535 4794 qua
2553 4723 2624 4777 de
2646 4720 2962 4778 virtutibus
2981 4716 3321 4774 summatim
3344 4715 3660 4775 disserere,

2012 4827 2427 4883 summamque
2457 4811 2638 4869 nostri
2677 4811 2736 4866 in
2767 4809 3043 4866 omnibus
3066 4807 3521 4863 commonstrare
3551 4800 3657 4856 ha-

2011 4903 2217 4960 bebam
2269 4900 2685 4973 praestantiam,
2739 4899 2897 4956 haud
2950 4896 3160 4969 impari
3209 4893 3442 4967 penitus
3489 4890 3658 4946 mode

2010 4991 2297 5047 hactenus
2327 4989 2589 5060 exposita
2617 5005 2743 5045 esse
2777 5003 2929 5055 reor,
2962 4987 3046 5043 ita
3079 4990 3141 5041 ut
3169 4984 3321 5056 quod
3353 4983 3425 5038 de
3443 4981 3664 5036 Aristo-

1930 5063 1978 5126 Ῑ)
2011 5080 2201 5152 phane
2231 5079 2370 5135 olim
2402 5077 2568 5136 Plato
2590 5077 3040 5150 pronuntiabat,
3073 5073 3215 5130 illud
3242 5087 3396 5128 nunc
3422 5068 3664 5126 meliore

261 5153 381 5224 lure
419 5165 488 5220 ad
538 5164 697 5221 hunc
743 5169 1012 5222 nostrum
1063 5167 1364 5222 transferri
1397 5182 1554 5224 ame
1603 5167 1808 5240 possit,
1854 5169 2075 5227 scilicet
2123 5170 2279 5240 quod
2329 5168 2538 5226 Gratis:
2591 5167 3141 5241 splendidissimum
3190 5161 3481 5236 quoddam
3530 5173 3660 5214 om-

269 5252 415 5310 nium
471 5255 775 5325 virtutum,
844 5271 949 5312 nec
1007 5273 1270 5330 unquam
1329 5256 1746 5315 inserviturum
1806 5259 2005 5316 fanum
2065 5259 2490 5332 perquirentes,
2561 5258 2818 5316 animam
2885 5255 3145 5332 Gregorii
3192 5249 3507 5324 repererint
3553 5247 3653 5319 (l).

336 5435 380 5472 "
407 5436 570 5496 Rom.
601 5452 705 5507 vn,
739 5436 827 5506 l7,
856 5437 949 5494 23.

339 5613 408 5688 (1)
428 5615 672 5677 Thomas
699 5619 895 5676 noster
924 5617 984 5677 in
1015 5617 1151 5678 Vita
1177 5617 1605 5694 Aristophanis.
