3986 6228
464 375 582 437 287

1761 385 2158 448 THEODULI
2205 386 2556 449 MONACHI

3737 389 3848 448 288

461 511 672 571 Paucis
719 515 917 588 igitur,
977 532 1105 588 quae
1157 519 1488 592 cupiebam,
1537 521 1694 577 hunc
1749 522 1808 577 in
1861 523 2103 578 modum
2153 523 2470 594 explicatis,
2501 523 2571 579 ad
2626 521 2983 595 superiorem
3033 519 3164 576 vitae
3222 521 3611 577 narrationem
3654 521 3846 594 pedem

457 622 614 662 nunc
645 607 848 665 refero.

531 695 718 752 LXXI.
745 697 855 764 His
885 715 1053 771 porro
1083 700 1139 755 in
1173 700 1347 758 rebus
1388 703 1634 759 versanti
1675 705 1840 760 beato
1879 703 2094 776 Grego-

2278 703 2402 760 OA'.
2451 703 2539 758 Ἐν
2589 701 2768 756 τοίνυν
2827 700 3102 761 τοιούτοις
3159 697 3272 753 ὄντι
3327 703 3408 770 τῷ
3461 700 3709 774 μακαρίῳ
3759 702 3844 756 καὶ

461 785 567 852 rio,
630 786 972 858 pietatisque
1029 789 1262 846 scholas
1309 791 1368 846 in
1427 797 1608 848 Ponto
1673 792 2102 850 studiosissime

461 875 654 929 adhuc
684 877 950 944 sectanti,
979 877 1188 934 litteras
1224 897 1257 936 a
1297 885 1458 952 patre
1489 883 1811 938 redduntur
1859 883 2000 937 adeo
2027 883 2099 936 il-

459 961 576 1018 lius
631 969 908 1036 urgentes
951 967 1285 1035 adventum,
1345 975 1409 1025 ut
1456 969 1598 1025 nihil
1653 970 1891 1026 omnino
1939 971 2099 1026 aliud

459 1055 918 1124 przevertendum
985 1057 1300 1114 videretur.
1359 1059 1582 1131 Quippe
1647 1059 1894 1116 Caesarie
1955 1059 2096 1124 filio,

459 1141 664 1213 procul
697 1145 880 1213 patria
919 1146 1223 1214 exstincto,
1273 1146 1432 1204 nullo
1487 1163 1680 1202 rerum
1735 1165 1971 1204 suarum
2007 1166 2100 1204 re-

461 1231 592 1286 licto
615 1231 866 1303 haerede,
897 1251 1012 1290 non
1045 1252 1244 1304 uxore,
1269 1253 1382 1292 non
1415 1237 1614 1293 liheris
1641 1257 1656 1306 ;
1685 1255 1821 1294 nam
1844 1239 2096 1295 caelibem

460 1337 692 1392 semper
719 1322 892 1377 vitam
917 1329 1108 1394 egerat
1134 1343 1148 1392 ;
1183 1325 1459 1396 omnique
1479 1325 1628 1394 ideo,
1664 1325 1986 1382 secundum
2011 1327 2096 1382 le-

461 1427 580 1482 ges,
615 1412 686 1466 ad
719 1417 984 1482 parentes
1025 1413 1290 1470 devoluta
1323 1413 1692 1483 haereditate;
1724 1416 1820 1472 hic
1863 1417 2099 1488 quando

464 1507 628 1572 pater
655 1499 802 1572 ipse,
841 1518 972 1558 cum
1019 1505 1184 1558 astate
1225 1519 1290 1558 ac
1339 1503 1672 1560 valetudine
1719 1507 1926 1574 fessus,
1971 1511 2098 1562 tum

461 1589 775 1646 domestico
809 1593 914 1646 hoc
944 1591 1182 1648 vulnere
1210 1593 1405 1649 animo
1431 1594 1734 1666 languens.
1767 1597 1940 1651 rebus
1959 1600 2101 1652 trac-

461 1678 658 1733 tandis
689 1679 875 1749 impar
903 1690 1088 1736 esset:
1122 1696 1226 1736 nec
1267 1683 1494 1737 obviam
1527 1684 1969 1740 imminentibus
2007 1686 2100 1740 in—

459 1767 629 1834 vidis,
663 1769 804 1823 etin
849 1768 1038 1826 aliena
1080 1776 1360 1842 tanquam
1402 1789 1511 1828 sua
1559 1773 1962 1830 invadentibus
1991 1775 2097 1842 ire,

461 1871 824 1928 manumque
871 1875 1175 1915 conserere
1207 1861 1458 1930 valeret;
1505 1879 1684 1918 caua
1731 1869 1925 1920 autem
1977 1863 2098 1919 haec

460 1949 604 2013 erat,
637 1947 788 2017 quod
842 1947 1146 2016 Caesarius,
1192 1950 1291 2020 qui
1343 1950 1470 2006 ﬁsci
1515 1951 1796 2022 principis
1845 1957 2100 2024 quaestor

461 2033 684 2102 fuisset,
716 2051 894 2106 eaque
924 2052 986 2091 re
1015 2035 1266 2104 aliquam
1303 2038 1548 2110 publica
1580 2040 1840 2111 pecunias
1873 2046 2094 2112 partem

463 2138 660 2179 secum
719 2123 1044 2186 habuisset.
1105 2125 1227 2198 lege
1275 2129 1723 2198 repetundarum
1783 2133 2095 2186 teneretur.

460 2211 800 2283 Gregorium
843 2213 1039 2285 itaque
1079 2215 1288 2284 ﬁlium,
1339 2217 1438 2288 qui
1485 2233 1576 2273 res
1629 2220 1914 2289 ejusmodi
1967 2220 2098 2289 put-

457 2300 598 2356 chre
613 2307 782 2357 norat
796 2301 1086 2371 expedire,
1109 2319 1138 2358 e
1157 2303 1334 2359 Ponto
1361 2305 1432 2360 ad
1465 2321 1528 2360 se
1557 2321 1823 2362 revocare
1861 2323 2100 2362 necesse

461 2389 679 2444 habuit.
705 2389 916 2460 Atille,
939 2392 1030 2447 cui
1053 2393 1198 2464 patri
1231 2409 1346 2449 non
1378 2393 1770 2466 obtemperare
1797 2413 2097 2450 summum

459 2477 631 2534 facile
660 2481 822 2536 nefas
861 2480 1201 2548 habebatur,
1231 2487 1288 2537 et
1325 2483 1424 2554 qui
1475 2483 1669 2554 ipsum
1719 2485 1856 2540 item
1899 2486 2096 2540 Iesum

465 2583 658 2624 meum
683 2570 808 2624 suis
833 2571 1168 2640 parentibus
1191 2573 1343 2628 dicto
1365 2573 1728 2629 obedientem
1754 2574 1934 2630 fuisse
1957 2576 2100 2630 scie-

463 2658 582 2725 bat,
641 2659 919 2715 continuo
974 2661 1192 2730 aderat,
1253 2661 1408 2718 haud
1471 2679 1577 2718 sua
1633 2663 1866 2733 quidem
1929 2665 2098 2734 plane

458 2751 686 2818 ponte,
717 2753 773 2802 et
804 2751 1014 2820 partim
1045 2749 1142 2806 ille
1186 2753 1380 2808 tamen
1430 2768 1538 2808 sua
1576 2768 1810 2824 quoque
1849 2759 2092 2825 sponte:

460 2835 638 2892 invite
685 2837 987 2908 nimirum,
1041 2841 1194 2910 quod
1238 2841 1519 2912 religiosa
1558 2841 1772 2913 quietis
1813 2857 1946 2912 suae,
1981 2859 2096 2898 non

458 2923 654 2980 litium
686 2943 752 2983 ac
782 2927 1180 2984 molestiarum
1214 2945 1418 2986 amans
1448 2936 1622 3000 esset,
1653 2935 1710 2986 et
1737 2947 1844 2988 sua
1863 2949 2096 2988 rursum

2207 794 2314 846 τῶν
2344 795 2440 845 τοῦ
2475 789 2682 846 Πόντου
2715 789 3146 868 φροντιστηρίων
3185 785 3258 844 ἔτ’
3281 787 3536 867 ἐχομένῳ
3557 791 3843 866 γράμματα

2205 881 2350 954 παρὰ
2415 884 2512 935 τοῦ
2579 879 2784 956 πατρὸς
2869 877 3194 958 ἀφικνεῖται,
3281 877 3424 932 οὕτω
3506 880 3608 947 τήν
3677 879 3839 955 ἄφιξιν

2208 967 2604 1025 ἐπισπεύδοντα
2634 972 2711 1032 ὡς
2755 966 2923 1042 μηδὲν
2962 965 3037 1024 ἔτ’
3075 966 3219 1023 ἄλλο
3257 973 3366 1023 τῶν
3415 968 3626 1022 πάντων
3675 965 3842 1022 δοκεῖν

2205 1057 2650 1132 προύργιαίτερον
2717 1059 2903 1112 εἶναι’
2962 1061 3063 1112 τοῦ
3119 1055 3222 1131 γάρ
3303 1053 3495 1118 παιδὸς
3561 1055 3840 1128 Καισαρίου

2206 1147 2289 1202 ἐπ’
2321 1147 2648 1216 ἀλλοδαπῆς
2697 1147 2790 1202 τὸν
2839 1147 2958 1220 βίος
3003 1143 3398 1214 ἀπολιπόντος,
3446 1145 3534 1199 καὶ
3586 1142 3838 1218 μηδοντι-

2205 1241 2330 1292 νοῦν
2357 1241 2452 1292 τοῦ
2497 1235 2720 1311 πλήρου
2771 1232 3034 1310 διάδοχον
3085 1231 3329 1308 ἔχοντος,
3377 1231 3438 1288 οὐ
3485 1239 3735 1310 γυναῖκα,
3783 1235 3840 1288 οὐ

2205 1325 2384 1391 τέκνα,
2443 1323 2566 1380 οὐδὲ
2621 1325 2722 1400 γάρ
2777 1323 3030 1398 ὡμίλησε
3091 1325 3273 1397 γάμῳ,
3324 1321 3470 1378 ἀλλὰ
3516 1330 3618 1392 τῆς
3669 1323 3842 1384 οὐσίας

2205 1411 2418 1484 ἀπάσης
2449 1414 2540 1470 ἐπὶ
2578 1413 2706 1476 τοὺς
2757 1413 3146 1490 γεγεννηκότας
3195 1413 3332 1468 κατὰ
3377 1414 3468 1468 τὸν
3517 1413 3683 1486 νόμον
3739 1411 3841 1466 ἰού-

2207 1524 2328 1572 σης,
2371 1501 2670 1576 ἐπειδήπερ
2727 1503 2755 1556 ό
2813 1504 2996 1574 πατὴρ
3053 1501 3142 1556 καὶ
3195 1503 3384 1576 γήρως
3443 1499 3626 1556 ε’ίνεκα
3682 1500 3838 1576 λέγω,

2205 1594 2296 1647 καὶ
2353 1591 2534 1663 νόσου,
2591 1591 2681 1646 καὶ
2737 1597 2839 1660 τῆς
2893 1589 3280 1664 κατασχούσης
3357 1589 3520 1644 αὐτὸν
3571 1585 3640 1643 δι’
3695 1589 3838 1646 αὐτὸν

2207 1683 2464 1754 ἀθαμίας,
2503 1681 2610 1756 οὐχ
2659 1681 2778 1742 οἷός
2843 1701 2902 1734 τε
2967 1681 3032 1748 ἦν
3102 1678 3381 1754 πράγμασι
3456 1681 3696 1757 χρῆσθαι
3757 1679 3837 1735 καὶ

2205 1772 2342 1844 πρὸς
2393 1772 2522 1832 τοὺς
2591 1769 2965 1842 ἐπικειμένους
3031 1773 3139 1822 τῶν
3198 1770 3532 1845 φθονοῦντων
3589 1770 3682 1823 καὶ
3735 1773 3840 1832 τοῖς

2203 1858 2522 1933 ἀλλοτρίοις
2581 1859 2656 1920 ὡς
2715 1857 2938 1921 οἰκείοις
2995 1857 3389 1928 ἐπιπητώντων
3455 1857 3701 1934 ἀντέχειν
3757 1859 3838 1912 καὶ

2205 1947 2605 2024 διαμάχεσθαι·
2640 1947 2784 2004 αἰτία
2809 1945 2866 2002 δὲ
2895 1949 2961 2017 ἦν
2991 1947 3054 2002 τὸ
3086 1949 3176 2002 τὸν
3211 1947 3508 2021 Καισάρων
3551 1951 3662 2002 τῶν
3697 1949 3839 2020 βασι-

2205 2039 2370 2096 λείων
2456 2042 2740 2114 θησαυρῶν
2827 2039 3147 2116 γεγενῆσθαι
3233 2036 3434 2107 ταμίαν
3469 2081 3484 2107 ,
3567 2037 3837 2093 κάντεῦθεν

2213 2127 2498 2200 δημοσίων
2537 2127 2680 2183 ἔστιν
2739 2129 2812 2182 ὧν
2873 2127 3171 2202 εὐπορῆσαι
3233 2127 3536 2201 χρημάτων
3593 2128 3685 2182 καὶ
3740 2124 3836 2180 δεῖν

2207 2222 2374 2273 ταῦτα
2419 2213 2770 2288 καταϐαλεῖν,
2821 2215 2898 2280 εἰς
2953 2215 3189 2290 ἀνάγκην
3219 2215 3446 2285 κατέστη
3498 2215 3588 2270 τὸν
3637 2217 3840 2292 Γρηγό-

2211 2328 2324 2382 ριον
2395 2307 2592 2362 ἐκεῖθεν
2659 2307 2796 2382 πρὸς
2863 2305 3048 2360 ἑαυτὸν
3131 2303 3606 2378 μεταπέμψασθαι,
3681 2302 3837 2359 δεινὸν

2209 2393 2334 2452 ὄντα
2385 2396 2452 2452 τά
2503 2401 2724 2450 τοιαῦτα
2775 2393 3083 2470 περαίνειν·
3144 2394 3236 2448 καὶ
3285 2394 3345 2456 ’ὀς
3392 2393 3454 2448 τό
3491 2415 3550 2450 τε
3605 2396 3686 2468 μὴ
3733 2395 3838 2448 πεί·

2208 2489 2388 2541 θεσθαι
2443 2485 2605 2558 πατρὶ
2663 2488 2772 2540 τῶν
2822 2483 3186 2538 ἀτοπωτάτων
3273 2484 3522 2556 νομίσας,
3589 2484 3684 2538 καὶ
3739 2486 3838 2556 ἅμα

2205 2577 2296 2630 τὸν
2327 2575 2457 2647 ἐμὸν
2507 2577 2720 2644 Ἰησοῦν
2770 2573 3209 2646 ὑποτασσόμενον
3251 2579 3369 2634 τοῖς
3401 2577 3640 2646 γονεῦσιν
3695 2571 3836 2633 εἰδὼς

2207 2666 2398 2719 αὐτίκα
2428 2671 2605 2738 παρῆν
2633 2685 2646 2698 ·
2692 2661 2812 2718 οὕτι
2855 2663 3079 2738 ἓκώνγε,
3117 2661 3209 2716 καὶ
3257 2663 3395 2716 ἑκὼν
3428 2661 3480 2716 ἐν
3529 2665 3606 2733 τῷ
3651 2661 3831 2736 μέρει·

2204 2755 2268 2807 τὸ
2323 2754 2440 2826 μὲν,
2493 2755 2576 2814 οῖς
2629 2753 2928 2828 ἡσυχάζειν
2983 2752 3214 2826 ᾑρεῖτοο
3274 2751 3364 2806 καὶ
3425 2753 3501 2823 μὴ
3559 2752 3838 2825 πράγματα

2207 2841 2410 2918 ἴσχειν,
2441 2839 2557 2897 τόδ’
2587 2843 2676 2904 οἷς
2723 2840 2955 2916 ἔμελλεν
3007 2841 3140 2914 ὑπὲρ
3181 2847 3280 2908 τῆς
3319 2845 3417 2896 τοῦ
3459 2842 3720 2916 συγγόνω
3749 2845 3840 2914 ψυ-

2208 2939 2317 3006 χῆς
2369 2936 2658 3008 φροντιεῖν,
2701 2930 2792 2986 καὶ
2849 2931 2941 2984 τὸν
3001 2929 3204 3002 πατέρα
3241 2935 3483 3006 κουφιεῖν
3533 2937 3636 2999 τῆς
3683 2929 3840 2991 ἀνίας,

461 3019 686 3083 sponte,
720 3017 870 3086 quod
905 3018 1288 3075 fraternarum
1330 3021 1588 3075 manium
1638 3035 1872 3077 causam
1921 3027 2326 3094 suscepturus,
2374 3029 2720 3094 patremque
2771 3037 2985 3092 angore
3035 3025 3208 3091 atque
3249 3019 3592 3092 egritudine
3639 3037 3741 3077 sua
3776 3021 3844 3075 le-

465 3111 704 3162 vaturus
733 3114 912 3164 esset.

547 3197 756 3252 LXXII.
798 3201 932 3264 Quae
963 3200 1162 3256 omnia
1191 3205 1256 3256 ut
1285 3206 1439 3258 recte
1477 3206 1652 3274 atque
1699 3203 1902 3259 ordine
1944 3219 2110 3258 com—

477 3293 770 3360 posuerat,
819 3289 899 3344 ita
929 3293 996 3344 ut
1031 3289 1551 3361 quadruplatorum
1585 3313 1614 3340 «
1647 3295 1874 3348 montes
1907 3308 2110 3347 omnes

475 3378 784 3446 collesque,
847 3379 1170 3435 secundum
1247 3379 1458 3435 Isaiam
1508 3379 1575 3447 ³⁷,
1623 3381 2104 3451 deprimerentur,

471 3474 528 3525 et
558 3467 932 3524 anfractuosa
963 3477 1117 3524 recta
1157 3486 1222 3524 ac
1267 3469 1442 3541 plana
1491 3471 1713 3538 ﬁerent,
1757 3493 1786 3520 »
1817 3471 2014 3528 adhaec
2045 3477 2108 3526 ut

467 3547 702 3614 fl'atrem
735 3574 1109 3629 sororemque
1143 3559 1517 3630 Gargonium,
1548 3561 1836 3630 ejusmodi
1870 3561 2098 3616 concio-

465 3648 640 3704 nihus
672 3647 1014 3702 funebribus
1041 3647 1330 3713 laudaret,
1353 3666 1479 3720 quae
1500 3655 1795 3720 stuporem
1825 3651 2099 3705 omnibus

2289 3201 2410 3258 OB'.
2447 3199 2546 3254 Καὶ
2587 3197 2770 3254 τοίνυν
2809 3197 2956 3254 οὕοω
2997 3199 3092 3272 μὲν
3129 3199 3300 3254 πάντα
3349 3203 3515 3253 ταῦτα
3543 3197 3728 3262 καλῶς
3769 3197 3848 3252 καὶ

2219 3289 2294 3350 ὡς
2325 3289 2497 3364 ἐχρῆν
2527 3286 2748 3358 διαθεὶς,
2789 3289 2864 3349 ὡς
2905 3293 3010 3342 πᾶν
3055 3287 3182 3362 ὄρος
3223 3307 3314 3342 και
3363 3288 3554 3362 βουνὸν
3603 3307 3848 3364 συκοφαν-

2216 3379 2364 3432 τικὸν
2432 3378 2568 3432 κατά
2630 3377 2720 3431 τὸν
2788 3375 3012 3431 Ἡσαΐαν
3093 3379 3510 3446 ταπεινωθῆναι,
3577 3377 3672 3432 καὶ
3724 3377 3848 3452 γενέ-

2216 3465 2431 3522 σθαιτά
2473 3466 2670 3520 σκολιὲ
2713 3465 2788 3527 εἷς
2839 3465 2992 3520 εὐθέα
3025 3483 3038 3498 ·
3087 3464 3282 3540 λόγοις
3322 3463 3368 3519 δ’
3411 3463 3718 3544 ἐπιταφίοις
3763 3465 3845 3519 τὸν

2209 3553 2444 3632 ἀδελφὸν
2501 3556 2816 3630 προσειπὼν
2891 3555 2982 3609 καὶ
3039 3556 3138 3623 τὴν
3217 3551 3460 3632 ἀδελφὴν
3537 3555 3842 3629 Γοργονίαν,

2210 3645 2414 3706 πάντας
2472 3645 2548 3708 εἰς
2603 3638 2863 3718 ἔκπληξιν
2921 3644 3010 3698 καὶ
3069 3646 3250 3717 θαῦμα
3303 3647 3563 3716 κινοῦσιν,
3609 3645 3638 3698 ὁ
3675 3641 3845 3698 δὲκαὶ

467 3737 1032 3808 admirationemque
1061 3737 1236 3798 cient.
1270 3739 1418 3808 patri
1451 3738 1646 3794 itidem
1695 3738 1960 3796 bifariam
2001 3755 2097 3794 au-

2211 3741 2290 3808 τῷ
2337 3735 2500 3810 πατρὶ
2557 3733 2730 3808 διπλῇ
2793 3736 2987 3810 βοηθεῖ
3018 3754 3032 3766 ·
3077 3739 3157 3807 τῷ
3209 3755 3268 3789 τε
3321 3739 3427 3789 τῶν
3489 3734 3578 3788 ἐπὶ
3637 3735 3843 3793 τούτοις

464 3827 602 3882 xilio
633 3827 766 3892 fuit,
797 3835 917 3881 tum
949 3827 1102 3898 quod
1126 3827 1407 3900 quidquid
1439 3829 1574 3882 hinc
1605 3829 1869 3884 mmroris
1899 3845 2100 3884 conce-

469 3921 634 3987 perat
665 3918 1041 3988 abstergeret,
1069 3921 1194 3972 tum
1227 3919 1378 3989 quod
1411 3935 1589 3974 novas
1619 3917 1780 3974 illius
1827 3919 2105 3974 adversus

465 4007 1022 4063 consubstantialem
1047 4007 1146 4063 Dei
1176 4007 1484 4063 essentiam
1503 4007 1963 4064 machinationes
1984 4025 2104 4064 cor-

467 4096 695 4166 rigeret.
721 4097 944 4151 Interea
961 4097 1115 4151 enim
1139 4097 1280 4151 dum
1311 4099 1368 4152 in
1397 4097 1514 4152 otio
1547 4113 1650 4153 suo
1687 4097 1845 4153 filiu
1878 4098 2100 4168 agebat,

465 4189 688 4256 patrem
721 4187 910 4241 solum
943 4185 1353 4256 interceptum,
1386 4187 1484 4258 qui
1507 4187 1620 4242 Arii
1647 4185 1858 4242 imbuti
1880 4187 2102 4256 Opinio-

469 4273 643 4329 nibus
672 4281 858 4341 erant,
890 4281 944 4328 et
986 4273 1252 4329 infucatis
1297 4275 1645 4345 quibusdam
1699 4291 1765 4330 ac
1815 4275 2104 4346 perversis

467 4363 810 4418 ratiunculis
857 4362 1344 4431 circumventum,
1403 4367 1670 4434 statuque
1701 4365 1912 4420 mentis
1960 4381 2104 4435 quo-

469 4454 781 4510 dammodo
802 4453 1113 4520 dimotum,
1137 4453 1194 4507 in
1214 4453 1364 4508 hanc
1385 4454 1647 4508 fraudem
1671 4454 1981 4525 impellunt
2003 4471 2015 4508 :
2041 4459 2106 4510 ut

469 4549 672 4599 contra
703 4543 1143 4600 coessentialem
1176 4543 1276 4598 Dei
1307 4547 1572 4598 naturam
1605 4559 1774 4598 suum
1807 4543 1952 4614 ipsis
1987 4543 2104 4599 cal-

469 4632 668 4688 culum
727 4633 984 4700 adderet,
1033 4631 1356 4702 litterisque
1405 4633 1774 4703 prasscriptis,
1825 4633 2106 4688 damnata

465 4723 655 4792 priore
687 4721 999 4790 sententia,
1040 4737 1174 4776 cum
1207 4719 1324 4775 illis
1365 4721 1595 4786 faceret,
1629 4721 1729 4792 qui
1763 4721 2106 4777 imilitudi-

471 4831 602 4870 nem
633 4813 892 4884 aliquam
925 4815 985 4868 in
1015 4813 1325 4869 Divinitate
1355 4811 1630 4878 sciscunt,
1663 4819 1834 4883 atque
1861 4813 1970 4869 hoc
1999 4829 2108 4884 pa-

469 4907 560 4958 cto
603 4907 730 4956 tum
790 4919 824 4956 a
875 4903 1244 4958 coessentiali
1281 4903 1581 4968 Trinitate,
1635 4903 2103 4974 quandoquidem

473 4993 638 5048 novis
685 4991 850 5048 hisce
880 4991 1114 5062 placitis
1163 4991 1286 5046 suis
1325 4991 1515 5062 ipsam
1567 4991 1919 5060 diremptum
1967 4991 2106 5056 ibat,

2214 3823 2546 3900 δυσχερειῶν
2583 3823 2914 3894 ἀπαλλάξαι,
2947 3823 3038 3878 καὶ
3075 3829 3154 3895 τῷ
3190 3825 3290 3892 τὴν
3331 3825 3466 3878 κατά
3505 3827 3604 3878 τοῦ
3659 3825 3842 3896 ὁμοου·

2213 3915 2330 3968 σίου
2361 3915 2719 3986 καινοτομίαν
2751 3911 3146 3986 διορθώσασθαι
3174 3933 3186 3946 ·
3219 3911 3420 3968 τούτου
3460 3914 3561 3988 γὰρ
3625 3911 3842 3972 ἀπόντος

2211 4003 2262 4059 ἐν
2311 4003 2543 4080 ἡσυχίᾳ,
2597 4004 2763 4076 μόνον
2813 4003 2865 4056 οἳ
2912 4003 2979 4056 τὰ
3025 4003 3240 4076 Ἀρείου
3291 4006 3612 4080 φρονοῦντες
3659 4000 3842 4056 ἐκεῖνον

2209 4093 2598 4170 ἀπειληφότες,
2639 4091 2730 4146 καὶ
2771 4091 2960 4166 λόγοις
3005 4087 3298 4162 κιϐδήλοις
3337 4092 3428 4146 καὶ
3480 4089 3845 4166 διεστραμμέ-

2214 4203 2330 4244 νοις
2386 4182 2547 4237 αὐτὸν
2611 4179 2954 4250 ὑπελθόντες,
3011 4183 3102 4236 καὶ
3161 4183 3275 4236 οἷον
3322 4181 3681 4251 ἐκστήσαντες
3737 4181 3846 4236 ἑαυ-

2209 4276 2306 4326 τοῦ
2355 4271 2599 4327 πείθουσι
2661 4271 2807 4350 σφίσι
2865 4271 3004 4326 κατὰ
3067 4275 3162 4324 τοῦ
3221 4272 3519 4343 ὁμοουσίου
3581 4271 3846 4326 συνθέσθαι

2209 4363 2296 4416 καὶ
2333 4359 2422 4416 διά
2449 4359 2810 4436 γραμμάτων,
2851 4362 2914 4416 τὸ
2971 4361 3082 4432 μὲν,
3123 4359 3399 4418 ἀπειπεῖν.
3429 4365 3553 4422 Τοῖς
3598 4357 3656 4414 δὲ
3693 4359 3850 4430 ξυνει-

2211 4457 2329 4506 πεῖν
2361 4451 2423 4506 τὸ
2463 4450 2784 4522 ὁμοιούσιον
2834 4447 3219 4524 δογμάτίζουσι
3249 4469 3264 4484 ·
3299 4449 3391 4504 καὶ
3433 4447 3721 4520 διαστῆσαι
3763 4451 3846 4520 μὲν

2213 4541 2397 4595 ἑαυτὸν
2458 4543 2558 4606 τῆς
2611 4539 2909 4612 ὁμοουσίου
2967 4535 3228 4614 Τριάδος,
3277 4536 3465 4610 ἐπειδή
3515 4539 3606 4594 καὶ
3659 4537 3846 4606 ταύτην

2213 4632 2374 4692 αὐτὸς
2415 4627 2714 4702 διέστησεν,
2763 4631 2846 4692 οἷς
2895 4629 3162 4694 συνέθετο,
3215 4627 3500 4694 διαστῆσαι
3531 4627 3589 4684 δὲ
3615 4626 3848 4688 καὶτοὺς

2213 4718 2420 4780 ἄλλους
2477 4721 2669 4774 ἑαυτοῦ
2727 4739 2788 4775 τε
2845 4718 2936 4774 καὶ
2987 4725 3090 4788 τῆς
3134 4718 3299 4774 αὐτοῦ
3356 4717 3684 4781 κοινωνίας·
3729 4719 3848 4776 τοὺς

2214 4833 2272 4868 τε
2298 4813 2390 4867 τὸν
2435 4808 2720 4884 μοναδικὸν
2765 4809 2883 4886 βίον
2921 4809 3214 4872 ἀσκοῦντας
3255 4809 3344 4865 καὶ
3387 4811 3524 4882 πρὸς
3569 4812 3704 4866 Θεὸν
3751 4807 3847 4864 αἰεί

2219 4901 2540 4978 βλέποντας,
2581 4900 2670 4955 καὶ
2707 4901 2856 4963 ὅσοις
2903 4895 3095 4974 ἔμελεν
3139 4895 3429 4968 εὐσεϐείας,
3472 4900 3562 4954 καὶ
3603 4905 3702 4954 τοῦ
3745 4897 3850 4953 κατ’

2217 4991 2383 5060 αὐτὴν
2439 4989 2762 5068 γιγνομένου
2797 5009 2810 5024 ’
2867 4988 3012 5046 οὕτω
3053 4987 3098 5044 δ’
3147 4983 3350 5066 ἔχοντα
3393 4993 3589 5045 κοῦτον
3633 4990 3662 5044 ὁ
3697 4987 3848 5064 μέγας

475 5082 844 5154 semetipsum
892 5087 1207 5154 separaret,
1253 5089 1372 5136 tum
1407 5097 1440 5136 a
1469 5097 1530 5136 se
1567 5095 1790 5150 suaque
1839 5095 2100 5136 commu-

2217 5080 2414 5154 εὑρὼν,
2447 5078 2609 5156 ἀλγεῖ
2641 5080 2734 5154 μὲν
2777 5079 2851 5141 ὡς
2901 5077 3044 5142 εἷκος
3088 5077 3178 5134 καὶ
3227 5077 3364 5153 πρὸς
3411 5079 3511 5148 τὴν
3547 5073 3849 5151 μεταϐολὴν

471 5174 644 5230 nione
695 5177 930 5229 caeteros
978 5174 1330 5244 sejungeret,
1390 5175 1448 5226 et
1493 5169 1623 5226 illos
1665 5169 1954 5240 videlicet,
2005 5169 2104 5241 qui

465 5265 784 5321 solitariam
816 5263 1066 5336 amplexi
1107 5263 1310 5332 vitam,
1363 5264 1542 5318 Deum
1575 5261 1704 5318 sine
1751 5261 1872 5316 ulla
1905 5261 2102 5317 inter-

464 5354 747 5410 missione
776 5357 1150 5422 contuentur,
1183 5359 1241 5408 et
1269 5355 1554 5424 quotquot
1583 5350 1798 5422 alioqui
1848 5351 2101 5424 pietatis,

462 5447 518 5498 et
546 5444 989 5514 congruentium
1043 5441 1242 5514 pietati
1285 5441 1632 5506 officiorum,
1665 5457 1806 5496 cura
1849 5445 2104 5511 tangun-

2213 5167 2577 5249 δυσχεραίνει,
2633 5169 2724 5224 καὶ
2779 5169 3096 5244 συνάχθεται
3139 5167 3285 5240 αὐτῷ
3333 5171 3430 5224 τοῦ
3471 5167 3646 5242 ταύτῃ
3677 5169 3852 5242 προῇ-

2213 5262 2364 5333 χθαι,
2399 5259 2473 5319 ὡς
2509 5261 2584 5332 μὴ
2622 5259 2788 5331 μόνον
2819 5260 2918 5326 τήν
2959 5257 3010 5312 ἐν
3055 5259 3248 5314 ἅπασιν
3289 5257 3457 5313 αὐτοῦ
3505 5263 3624 5322 τοῖς
3671 5254 3854 5314 καλοῖς

2214 5349 2482 5424 εὐγένειαν
2527 5349 2618 5405 καὶ
2675 5350 2814 5423 πρὸς
2867 5348 3064 5424 ἀρετὴν
3115 5345 3431 5424 εὐκληρίαν,
3475 5345 3625 5404 ἀλλά
3676 5345 3853 5414 καὶῆν

2213 5439 2406 5500 πάντες
2437 5439 2562 5512 περὶ
2599 5437 2762 5494 αὐτοῦ
2791 5435 2948 5508 δόξαν
2977 5439 3128 5512 εἶχον
3163 5431 3457 5510 ἀμϐλῦναι.

463 5533 580 5586 tur.
613 5531 730 5588 Hoc
757 5531 918 5586 illum
953 5531 1132 5603 igitur
1171 5532 1259 5586 vir
1297 5531 1588 5586 maximus
1641 5529 1911 5586 aﬂ‘ectum
1963 5529 2135 5585 modo
2175 5545 2441 5600 cernens,
2481 5547 2584 5601 pro
2632 5545 2698 5586 eo
2748 5545 2885 5586 sane
2927 5545 2995 5585 ac
3041 5529 3240 5586 debuit
3287 5527 3629 5600 gravissime
3673 5527 3856 5583 animo
3931 5547 3933 5606 ἰ

537 5717 584 5756 ³⁷
615 5719 706 5776 Isa
732 5735 824 5792 ιι,
855 5720 908 5776 ι.
