3986 6228
199 389 278 447 289
1114 381 1510 443 LAUDATIO
1556 382 1621 441 S.
1665 379 2037 441 GBEGORII
2080 376 2495 462 THEOLOGI.

3389 380 3508 442 290

186 519 604 585 commovebatur,
636 522 690 573 et
711 515 858 572 hanc
891 515 1192 573 sententiae
1245 515 1763 570 commutationem
1815 514 2160 585 permoleste
2207 513 2448 581 ferebat,
2483 517 2540 568 et
2584 512 2768 569 vicem
2818 511 2977 568 illius
3002 513 3170 583 juxta
3215 530 3350 570 cum
3380 517 3503 585 ipso

187 607 481 673 dolebat;eo
510 607 782 662 nimirum
815 605 1006 676 ipsum
1039 604 1146 660 hac
1195 604 1253 658 in
1307 620 1367 658 re
1417 609 1749 675 provectum
1813 606 2009 670 fuisse,
2044 612 2103 658 ut
2154 620 2267 658 non
2320 604 2492 658 modo
2550 603 2820 658 eximiam
2867 603 2926 658 in
2985 603 3277 674 praeclaris
3331 606 3511 680 rebus

191 697 388 752 omnibus
438 701 648 752 naturae
703 711 824 750 suae
874 694 1262 761 nobilitatem,
1295 699 1352 749 et
1402 693 1599 749 felices
1650 693 1708 747 in
1767 696 1976 749 virtute
2031 709 2396 765 progressus,
2431 708 2631 749 verum
2678 694 2849 748 etiam
2905 692 3192 764 egregiam
3234 695 3504 751 omnium

193 789 234 842 de
255 790 356 857 ipso
381 785 855 842 existimationem
887 786 1219 840 retunderet
1248 799 1316 840 ac
1345 783 1705 839 obscuraret.

231 877 320 930 ΟΓ.
349 875 502 947 Ὁρῶν
531 871 586 926 δὲ
613 871 778 926 αὐτὸν
823 877 943 933 τοῖς
977 877 1075 940 τῆς
1129 868 1494 942 μεταμελείας
1542 867 1750 944 βαλλό-

1941 873 2182 928 LXXIII.
2219 871 2325 926 Ubi
2360 871 2709 944 poenitentiae
2743 877 2933 927 autem
2978 873 3230 929 stimulis
3280 880 3504 946 patrem

195 981 299 1028 arma
347 961 568 1035 κέντροις
601 960 702 1014 καὶ
771 959 902 1015 ὅλον
959 959 1221 1035 γεγονότα
1276 965 1376 1027 τῆς
1432 957 1611 1029 λόπης
1669 958 1756 1012 καὶ

193 1048 348 1123 προσέτι
375 1052 466 1117 την
509 1049 718 1118 ἀπάτην
761 1048 988 1121 νομίσας
1040 1048 1128 1126 ὑφ’
1176 1045 1486 1116 ἁπλότητος
1533 1054 1758 1124 γεγενῆ-

193 1138 287 1202 σθαι,
313 1135 476 1205 ἐπειδὴ
508 1138 568 1191 τὸ
595 1137 884 1210 γενόμενον
915 1137 1016 1190 οὐκ
1055 1137 1115 1190 ἂν
1167 1136 1288 1190 ποτ’
1337 1134 1421 1205 εἷή
1472 1137 1547 1208 μὴ
1597 1156 1759 1212 γεγο-

192 1227 267 1295 νὸς,
299 1223 633 1300 ἀναλαμϐάνει
674 1249 734 1282 τε
775 1231 966 1282 τοῦτον
1013 1225 1169 1287 εὐθὺς
1217 1224 1561 1304 σπλάγχνοις
1606 1246 1759 1301 χρη-

191 1320 402 1387 στότητος,
455 1317 538 1373 καὶ
616 1319 1038 1390 παραμυθεῖται,
1081 1317 1170 1371 καὶ
1227 1323 1326 1385 τῆς
1389 1317 1482 1389 μὲν
1549 1316 1761 1386 πλάνης

191 1409 346 1485 ἀπάγει,
382 1412 507 1485 πρὸς
551 1407 607 1464 δὲ
664 1410 763 1476 τήν
829 1407 1088 1478 ἀλήθειαν
1146 1404 1422 1481 ἐπανάγει,
1479 1408 1565 1460 καὶ
1613 1405 1761 1480 μᾶλ-

191 1502 301 1568 lavi}
327 1501 533 1573 πρόσθεν
565 1497 758 1554 δίδωσι
783 1501 853 1571 τῇ
893 1495 1078 1572 Τριάδι
1115 1515 1126 1529 ·
1180 1498 1508 1566 νουθετήσας
1561 1498 1757 1559 ἱκανῶς

191 1590 248 1642 ui
273 1585 450 1660 διδάξας
495 1587 644 1649 ὅπως
690 1585 772 1641 δεῖ
823 1585 1027 1655 ταύτης
1061 1584 1297 1660 γνησίως
1341 1583 1754 1652 ἀντιποιεῖσθαι,

187 1681 244 1732 καὶ
270 1685 361 1739 τοῖς
388 1684 670 1753 πατρικοῖς
701 1675 849 1752 ὅροις
901 1675 1179 1748 ἐμμένειν,
1210 1675 1297 1728 καὶ
1353 1670 1522 1745 μηδὲν
1572 1693 1756 1746 περαι-

185 1767 281 1840 τέρω
304 1767 528 1842 προάγειν
560 1785 572 1796 ·
609 1765 704 1826 οὓς
752 1767 841 1819 καὶ
891 1765 1094 1826 πάντας
1147 1765 1242 1835 μὲν
1296 1761 1425 1823 τοὺς
1462 1769 1564 1830 τῆς
1611 1759 1760 1816 εὗσε-

187 1850 290 1916 εείας
324 1857 630 1932 τροφίμους,
687 1853 885 1926 πολλῷ
926 1851 982 1908 δὲ
1029 1852 1195 1908 πλέον
1224 1851 1351 1913 τοὺς
1379 1854 1486 1906 τῶν
1520 1850 1757 1922 Ἐκκλη-

187 1950 277 1997 enim
341 1950 782 2017 προσαιτοῦντας,
863 1941 953 1997 καὶ
1029 1941 1337 2015 ποιμαίνειν
1416 1939 1755 2014 ἠξιωμένους

184 2031 428 2088 ἐπίστασθαι
455 2036 589 2109 χρὴ,
621 2034 712 2088 καὶ
744 2031 871 2092 τοὺς
915 2029 1120 2093 ἄλλους
1165 2029 1434 2086 διδάσκειν
1483 2027 1756 2101 δύνασθαι,

185 2123 270 2174 ὅσον
292 2123 459 2178 ἐκεῖνοι
505 2124 600 2196 μὲν
667 2123 798 2197 ὑπὲρ
857 2125 1000 2199 σφῶν
1061 2119 1257 2190 αὐτῶν,
1315 2121 1464 2176 οὗτοι
1515 2117 1592 2189 δὲ,
1625 2119 1758 2194 ὑπέρ

1875 963 2138 1031 fodicari,
2191 963 2554 1033 tristitiaeque
2612 979 2673 1017 se
2724 967 2905 1018 totum
2957 964 3090 1019 dare
3130 965 3505 1038 intelligebat,

1871 1057 2030 1108 ratus
2061 1051 2233 1107 simul
2270 1067 2429 1106 mera
2458 1051 2642 1106 animi
2674 1051 3040 1122 simplicitate
3067 1052 3124 1107 in
3165 1053 3313 1110 hanc
3369 1057 3512 1112 inci-

1870 1143 2027 1197 disse
2071 1141 2352 1208 fraudem,
2403 1141 2639 1211 quando
2688 1141 2843 1212 quod
2883 1143 3061 1196 semel
3113 1143 3323 1198 factum
3363 1149 3506 1212 erat,

1873 1231 2148 1286 infectum
2173 1229 2296 1284 fieri
2328 1229 2627 1300 nequibat,
2650 1229 2969 1284 visceribus
2991 1229 3287 1287 charitatis
3311 1233 3505 1304 ipsum

1871 1335 1901 1375 e
1932 1320 2169 1389 vestigio
2201 1319 2462 1390 suscipit,
2495 1324 2551 1374 et
2581 1319 2933 1386 consolatur,
2957 1326 3013 1374 et
3042 1319 3114 1374 ab
3136 1336 3325 1376 errore
3355 1338 3512 1378 aver-

1870 1426 1999 1466 sum
2039 1410 2105 1464 ad
2139 1408 2440 1464 veritatem
2494 1409 2738 1474 reducit,
2776 1409 3079 1479 magisque
3123 1410 3295 1465 etiam
3330 1427 3506 1482 quam

1869 1503 2043 1554 antea
2072 1498 2457 1553 sanctissimae
2487 1497 2748 1553 Trinitati
2774 1498 2969 1564 tradit,
3006 1498 3169 1567 plene
3201 1499 3392 1570 ipsum
3424 1502 3507 1556 vi-

1869 1587 2072 1644 delicet
2104 1587 2509 1658 cumulateque
2541 1587 3087 1656 commonefaciens,
3109 1593 3166 1643 et
3189 1588 3508 1655 instruens,

1868 1695 1980 1747 quo
2012 1676 2246 1732 omnino
2278 1684 2442 1746 pacto
2462 1675 2783 1747 genuinum
2809 1676 2866 1730 in
2891 1677 3127 1732 modum
3159 1678 3507 1749 amplecten-

1869 1768 1941 1822 da
1971 1765 2225 1821 Trinitas
2248 1765 2858 1836 sit;manendumque
2906 1765 3060 1820 intra
3110 1766 3344 1822 Patrum
3395 1770 3509 1824 ter-

1870 1856 2058 1912 minos
2084 1871 2232 1920 esse,
2265 1870 2368 1910 nec
2389 1853 2476 1910 vel
2508 1855 2798 1910 tantulum
2822 1854 3067 1910 ulterius
3091 1858 3289 1926 pedem
3324 1859 3510 1928 profe-

1870 1944 2136 2000 rendum.
2170 1945 2325 2008 Quos
2356 1944 2621 2014 cognitos
2656 1943 2862 1998 habere
2903 1944 3069 2012 ﬁnes,
3101 1961 3304 2001 omnes
3348 1947 3510 2018 equi-

1867 2035 1997 2090 dem
2029 2033 2262 2104 pietatis
2293 2033 2565 2088 alumnos
2600 2037 2844 2104 oportet,
2877 2034 2978 2088 sed
3014 2035 3258 2090 maxime
3289 2040 3507 2104 tamen,

1869 2123 1963 2194 qui
2001 2122 2292 2177 antistites
2335 2121 2741 2191 Ecclesiarum,
2775 2138 2842 2177 ac
2874 2131 3135 2194 pastores
3166 2141 3272 2180 suo
3306 2127 3509 2182 merito

181 2228 220 2263 τι
255 2213 440 2280 ἑαυτῶν,
475 2214 561 2266 καὶ
625 2213 700 2267 ὧν
741 2233 801 2285 γε
853 2207 1200 2283 προΐστανται
1251 2210 1465 2271 πάντως
1506 2209 1755 2286 ὑφέξουσι

400 2300 469 2314 ....
553 2302 566 2314 .
685 2302 711 2314 η
882 2305 908 2314 -
1024 2298 1042 2314 ,λ
1094 2301 1106 2314 ,
1339 2299 1349 2314 ,
1470 2300 1492 2314 τ
1702 2301 1715 2314 .

1877 2213 2170 2267 constituti
2197 2215 2354 2282 sunt,
2385 2217 2443 2266 et
2463 2213 2696 2267 eosdem
2721 2211 2894 2268 etiam
2927 2211 3069 2268 alios
3092 2230 3259 2284 posse
3280 2215 3504 2283 docere,

183 2299 340 2374 λόγον’
368 2300 480 2356 οὒδέ
508 2302 613 2376 γάρ
661 2302 794 2355 εἶναι
843 2305 950 2354 τῶν
995 2298 1242 2367 εἰκότων,
1297 2299 1394 2352 οὐκ
1443 2300 1601 2367 εἶναι,
1657 2301 1756 2368 τήν

182 2387 322 2463 ἕχρὴ
364 2397 569 2467 φρονεῖν
621 2395 712 2445 καί
760 2392 1014 2462 πράττειν
1047 2390 1176 2450 τοὺς
1231 2387 1440 2450 ἄλλους
1486 2386 1756 2442 διδάσκειν

180 2476 322 2551 ἔχοντα
343 2481 498 2552 τάξιν,
525 2480 604 2541 εἷς
643 2479 1115 2554 μαθητευομένους
1145 2476 1348 2534 τελεῖν.

1870 2303 2058 2357 caeteri
2093 2301 2246 2357 enim
2280 2317 2382 2372 pro
2413 2317 2472 2356 se
2505 2301 2756 2372 quisque
2806 2303 3105 2370 duntaxat,
3139 2303 3196 2357 hi
3229 2308 3422 2358 autem
3455 2311 3510 2360 et

1871 2406 1971 2461 pro
2002 2389 2350 2460 semetipsis,
2373 2395 2430 2445 et
2455 2407 2557 2460 pro
2587 2390 2659 2445 iis
2690 2392 2907 2461 quibus
2938 2402 3194 2462 praesunt
3225 2394 3508 2450 rationem

1870 2482 2108 2536 omnino
2162 2481 2441 2536 reddituri
2509 2486 2700 2538 erunt.
2763 2483 2988 2555 Quippe
3060 2485 3512 2556 haudquaquam

178 2569 335 2624 rationi
383 2581 833 2628 consentaneum
891 2587 1042 2636 esse,
1076 2587 1190 2626 non
1242 2585 1367 2625 esse
1424 2569 1700 2640 profecto,
1737 2577 1795 2624 ut
1853 2569 1972 2640 qui,
2003 2587 2129 2642 quae
2187 2571 2400 2627 sentire
2449 2580 2624 2642 atque
2676 2587 2846 2644 agere
2875 2574 3199 2641 conveniat,
3229 2573 3372 2630 alios
3403 2576 3510 2630 do-

179 2673 272 2714 cere
293 2661 494 2731 debeat,
525 2678 732 2719 eorum
765 2663 890 2732 ipse
918 2662 1223 2731 imperitus
1253 2661 1351 2721 sit,
1383 2665 1440 2715 et
1471 2675 1807 2731 quanquam
1831 2661 2084 2717 doctoris
2104 2660 2296 2717 locum
2326 2665 2538 2730 teneat,
2572 2662 2721 2718 inter
2740 2662 3057 2735 discipulos
3087 2664 3278 2720 adhuc
3304 2680 3508 2738 reapse

178 2749 412 2806 consistat.

227 2840 322 2898 οΔ’.
374 2842 468 2894 Τοῦ
523 2838 622 2913 μέν
685 2837 775 2892 οὖν
827 2838 1052 2910 πατρὸς,
1130 2835 1302 2896 οὕτως
1380 2835 1764 2910 ἐπικαιρότατα

1949 2839 2185 2895 LXXIV.
2238 2840 2462 2896 Patrem
2511 2841 2710 2914 itaque
2766 2860 2906 2899 sane
2953 2860 3132 2916 quam
3183 2852 3511 2918 opportune

178 2925 388 2997 προῦστη,
441 2931 525 2984 καὶ
589 2929 652 2983 ’ὸν
705 2934 807 2996 τῆς
866 2926 941 2988 εἰς
1001 2930 1114 3003 φῶς
1171 2933 1530 3001 προαγνωγῆς
1597 2925 1772 2981 αἶ’τιον

178 3011 271 3089 ἔσχε
320 3022 490 3074 τοῦτον
541 3016 743 3090 ἀμέλει
802 3021 898 3071 τοῦ
974 3015 1236 3083 ἀληθινοῦ
1312 3016 1495 3093 φωτὸς
1577 3017 1770 3089 μικρὸν

181 3103 585 3177 ἀποπλανηθέντα,
649 3109 784 3183 πρὸς
860 3109 1006 3162 τοῦτ’
1084 3105 1237 3168 αὖθις
1327 3105 1394 3160 αὖ
1491 3105 1772 3182 ἐπανῆγεν,

180 3195 462 3268 εὐγνώμονος
517 3194 719 3258 παιδὸς
772 3191 929 3271 ἔργον
999 3201 1192 3267 ποιῶν,
1259 3197 1348 3251 καὶ
1420 3198 1493 3250 ὧν
1581 3195 1775 3274 εἴληφε

178 3286 271 3357 πιρ’
313 3285 526 3355 ἐκείνου,
586 3286 766 3342 πλείω
821 3286 909 3340 καὶ
967 3285 1136 3358 μείζω
1220 3283 1422 3354 διδοὺς,
1491 3285 1641 3360 εἰπερ
1711 3286 1774 3340 τὸ

177 3372 486 3446 πλανηθεῖσαν
545 3378 736 3452 ψυχὴν
796 3375 1114 3451 ἐπιστρέψαι
1167 3377 1256 3430 καὶ
1335 3380 1526 3442 σῶσαι,
1589 3381 1772 3447 μεῖζον

178 3462 273 3518 ὅτου
318 3488 393 3529 τις
445 3469 502 3522 ἂν
554 3467 701 3521 εἴποι
761 3467 960 3527 παντός
994 3486 1007 3500 ·
1069 3465 1197 3527 τοὺς
1259 3463 1304 3519 δ’
1353 3463 1417 3519 αὖ
1459 3463 1775 3527 διαστάντας

179 3555 242 3606 καὶ
280 3556 430 3624 ζῆλον
482 3560 632 3612 θεῖον
681 3555 1072 3630 ἀνηρῃμὲνους,
1124 3553 1268 3610 οὕτω
1322 3553 1548 3626 δυνάμει
1603 3553 1776 3628 λόγου

178 3645 241 3695 καί
287 3645 576 3718 πνεύματος
637 3645 937 3720 ἐπανήγαγε
992 3643 1082 3698 καὶ
1138 3643 1315 3716 τούτῳ
1382 3640 1644 3712 διήλλαξε
1685 3643 1774 3697 καὶ

178 3731 380 3804 συνέδησε
405 3742 500 3791 τοῦ
550 3735 776 3802 λοιποῦ,
809 3734 898 3788 καὶ
947 3734 1022 3796 εἷς
1065 3731 1118 3788 ἓν
1151 3732 1316 3812 ἄμφω
1364 3733 1430 3787 τὰ
1463 3739 1599 3807 μέρη
1653 3753 1774 3786 συν-

177 3823 297 3894 ῆψεν,
347 3825 416 3886 ὡς
469 3826 562 3880 καὶ
613 3823 694 3896 τῷ
747 3824 847 3891 τῆς
905 3823 1149 3884 ἑνώσεως
1209 3823 1421 3896 μεγέθει
1466 3821 1554 3876 καὶ
1593 3822 1775 3894 τάχει,

176 3914 248 3978 τὴν
276 3909 532 3969 διάστασιν
583 3913 921 3968 ἀπιστεῖσθαι
956 3931 968 3944 °
1005 3914 1087 3974 οἷς
1131 3911 1236 3986 γὰρ
1284 3911 1446 3972 αὐτὸς
1491 3915 1589 3966 τοῦ
1646 3931 1780 3965 παι-

177 3997 244 4061 δὸς
270 4002 480 4066 ἑκούσας
507 4002 706 4058 αὐτίκα
748 4001 894 4075 μάλα
937 4001 1183 4056 συνέθετο
1231 4001 1317 4054 καὶ
1364 3999 1463 4054 οὐκ
1510 3999 1778 4066 ἀντεῖπεν,

177 4088 384 4146 ἀλλάκαὶ
421 4098 527 4148 τῶν
590 4090 984 4167 πεπραγμένων
1044 4089 1189 4145 οὕτω
1234 4089 1506 4163 κατέγνω,
1557 4089 1630 4148 ὡς
1688 4087 1778 4142 καὶ

177 4175 355 4252 δάκρυσι
393 4181 674 4244 πλείστοις
721 4179 1056 4253 ἓξιλεοῦσθαι
1113 4180 1175 4234 τὸ
1243 4179 1415 4247 θεῖον,
1465 4180 1545 4239 οἷς
1591 4177 1774 4248 ἐξέστη
1809 4203 1853 4267 D

174 4269 247 4338 τῆς
280 4272 324 4341 ἒξ
381 4273 562 4347 ἀρχῆς
618 4270 943 4336 ὑποθέσεως,
995 4268 1046 4322 ἐν
1095 4267 1309 4329 τούτοις
1369 4262 1604 4341 ἔγνωσαν
1649 4266 1772 4322 ἀτε-

175 4363 308 4431 χνῶς,
354 4364 423 4425 ὡς
479 4364 546 4417 οὐ
603 4365 922 4436 κακουργῶν
979 4357 1102 4414 οὐδὲ
1149 4358 1610 4432 πονηρευόμενος,
1647 4355 1775 4412 ἀλλ’

170 4453 472 4529 ἁκεραιότητι
520 4458 751 4533 γνώμης
803 4453 1035 4510 κάλλιον
1097 4452 1244 4529 ἔχειν
1296 4452 1464 4508 έκεῖνο
1520 4452 1772 4524 νομίσας,

169 4545 418 4607 προσέθετο
448 4565 462 4578 ·
497 4547 573 4608 ὡς
597 4549 672 4618 μὴ
705 4551 805 4613 τῆς
835 4545 1064 4619 γνώμης
1109 4541 1254 4598 ἀλλὰ
1290 4549 1391 4611 τῆς
1439 4541 1772 4610 ἁπλότητος,

168 4632 370 4690 καὶτῶν
418 4635 784 4707 ἡπατηκότων
846 4633 982 4688 εἶναι
1034 4633 1096 4686 τὸ
1157 4628 1430 4705 ἔγκλημα.
1489 4633 1655 4684 Τοῦτο
1712 4628 1775 4683 τὸ

169 4716 291 4795 ἔργον
351 4723 447 4780 οῦκ
504 4723 825 4797 ἀτιμότερον
883 4722 1065 4795 οἶμαι,
1107 4720 1231 4774 οὕτε
1283 4725 1382 4788 τῆς
1461 4719 1773 4791 θαυμαστῆς

169 4811 391 4887 ἡσυχίας,
422 4811 547 4870 οὔτε
592 4817 701 4868 τῶν
758 4810 985 4868 πολλῶν
1017 4807 1266 4885 ἱδρώτων
1312 4807 1403 4862 καὶ
1451 4807 1654 4876 πόνων,
1684 4805 1774 4861 καὶ

168 4906 246 4967 τῆς
277 4903 513 4980 μεγάλης
545 4903 599 4958 ἄν
630 4900 874 4972 εὓτελείᾳ
904 4898 1226 4978 φιλοσοσίας
1257 4917 1269 4929 ’
1304 4895 1518 4971 μάλλον
1566 4895 1622 4951 δὲ
1669 4897 1774 4951 οὖ-

170 4986 237 5044 3‘s:
276 4991 484 5048 ἐκείνων
545 4992 621 5053 εἷς
680 4990 1004 5072 φιλοτιμίαν
1058 4992 1344 5055 τοσοῦυον,
1375 4987 1499 5041 ὅσον
1540 4986 1602 5040 τὸ
1647 4985 1772 5047 τοὺς

170 5076 241 5133 διὰ
288 5085 406 5138 Θεὸν
476 5083 858 5152 στασιάζοντας
925 5081 1017 5135 καὶ
1093 5081 1257 5154 ἱερῶς
1332 5074 1774 5153 διαφερομένους,

169 5168 391 5241 ὁμονοίας
447 5169 662 5248 ἔχεσθαι
705 5176 910 5236 πεῖσαι,
960 5171 1049 5225 καὶ
1125 5170 1346 5245 εἰρήνην
1423 5164 1773 5236 έσπάσασθαι,

169 5258 411 5316 κάντεῦθεν
439 5265 571 5318 Θεοῦ
600 5257 770 5316 παῖδα
798 5257 1119 5327 κεκλῆσθαι.

1879 2929 1986 2984 hoc
2021 2935 2183 2999 pacto
2206 2930 2330 2985 suis
2360 2929 2619 2986 consiliis
2647 2932 3026 3002 gubernabat,
3049 2939 3108 2990 et
3135 2950 3304 3004 quem
3337 2936 3429 2991 sui
3454 2936 3514 2993 in

1880 3018 2066 3074 lucem
2099 3023 2256 3074 ortus
2285 3024 2579 3074 auctorem
2614 3020 2879 3086 habebat,
2913 3021 3079 3078 illum
3123 3024 3320 3094 utique
3366 3042 3518 3082 non-

1880 3104 2024 3160 nihil
2057 3123 2090 3160 a
2119 3105 2392 3160 veraluce
2413 3106 3019 3175 deerrantem,rursus
3051 3110 3120 3164 ad
3155 3109 3306 3166 hanc
3328 3112 3513 3182 ipsam

1881 3195 2132 3259 reduxit,
2168 3195 2302 3250 boni
2331 3195 2676 3266 candidique
2709 3195 2811 3251 ﬁlii
2843 3197 3078 3254 functus
3109 3199 3321 3266 officio,
3355 3218 3520 3272 qure-

1881 3302 1994 3356 que
2025 3303 2056 3339 a
2088 3289 2248 3357 patre
2277 3290 2579 3356 acceperat
2611 3286 2909 3354 beneficia,
2946 3287 3210 3358 pluribus
3239 3305 3304 3346 ac
3338 3293 3518 3361 majo-

1881 3373 2040 3428 ribus
2069 3374 2370 3428 exeolvens
2394 3389 2408 3439 ;
2433 3388 2684 3443 namque
2704 3373 2957 3429 animam
2982 3375 3038 3429 in
3070 3392 3262 3433 errore
3293 3393 3519 3436 versan-

1880 3447 1995 3518 tem
2028 3463 2084 3517 in
2125 3462 2279 3517 viam
2329 3477 2594 3517 revocare
2633 3479 2700 3517 ac
2747 3478 2971 3519 servare
3003 3466 3132 3533 (Jac.
3184 3484 3236 3524 ν.
3276 3469 3427 3537 ult.),
3459 3468 3519 3522 id

1880 3553 2035 3608 haud
2063 3551 2233 3622 paulo
2251 3552 2442 3621 majus
2463 3551 2576 3606 alto
2599 3552 2823 3622 quovis,
2839 3554 3244 3626 cujuscunque
3266 3557 3520 3612 nominis

1882 3642 2176 3712 modique,
2211 3641 2486 3695 beneficio
2518 3645 2626 3696 est.
2661 3641 2809 3696 Tum
2842 3641 2968 3698 illos
2996 3643 3169 3699 etiam
3203 3646 3301 3715 qui
3341 3663 3374 3699 a
3405 3661 3515 3717 pa-

1883 3735 2042 3787 rente
2073 3745 2200 3784 sese
2223 3727 3021 3803 abalienaverant,zelumque
3041 3732 3296 3788 divinum
3319 3733 3412 3788 ind
3424 3750 3517 3788 ue-

1882 3826 2034 3888 rant,
2067 3819 2146 3874 ita
2176 3817 2461 3873 sermonis
2502 3819 2860 3892 spiritusque
2891 3821 2983 3876 sui
3015 3822 3270 3878 efﬁcacia
3319 3838 3518 3879 rursus

1880 3908 1941 3964 in
1972 3907 2340 3964 concordiam
2381 3922 2513 3963 cum
2563 3907 2665 3964 illo
2715 3910 2965 3979 reduxit,
2996 3926 3063 3966 ac
3102 3911 3522 3979 reconciliavit,

1883 4007 1935 4053 et
1966 3999 2024 4052 in
2059 4005 2348 4068 posterum
2379 3998 2702 4068 conjunxit,
2735 4005 2794 4054 et
2837 4005 3143 4072 utramque
3185 4007 3405 4072 partem
3440 4005 3522 4060 ita

1883 4086 2254 4152 coadunavit,
2294 4093 2354 4140 ut
2385 4088 2818 4157 conjunctionis
2866 4089 3025 4146 illius
3073 4094 3433 4164 magnitudo,
3467 4103 3521 4150 et

1885 4176 2174 4241 celeritas,
2224 4175 2626 4232 incredibilem
2687 4194 2832 4249 pene
2902 4181 3261 4251 superiorem
3313 4182 3524 4240 faceret

1883 4264 2345 4323 distractionem.
2377 4264 2599 4337 Quippe
2631 4267 2910 4337 quoniam
2943 4273 3008 4324 ut
3037 4271 3388 4326 sententiam
3421 4273 3526 4327 filii

1883 4359 2044 4426 pater
2074 4352 2339 4410 audierat
2368 4353 2654 4425 extemplo
2681 4353 2807 4411 sine
2858 4355 2976 4412 ulla
3022 4359 3406 4428 refragatione
3438 4360 3522 4416 illi

1884 4445 2197 4505 accederet,
2231 4443 2348 4498 imo
2391 4443 2566 4498 etiam
2601 4460 2726 4515 puts
2757 4445 2974 4516 egisset
3003 4449 3088 4502 sie
3119 4449 3243 4519 ipse
3272 4451 3521 4506 damna-

1885 4537 1989 4600 ret,
2024 4539 2090 4587 ut
2120 4531 2432 4588 uberrimis
2461 4533 2738 4604 Iacrymis
2768 4533 2947 4606 hujus
2969 4551 3087 4592 suae
3114 4555 3141 4591 ιι
3164 4539 3409 4610 pristino
3431 4540 3521 4595 in-

1884 4625 2086 4676 stituto
2117 4620 2455 4676 defectionis
2485 4621 2711 4677 veniam
2743 4640 2778 4678 a
2816 4623 2932 4680 Deo
2979 4631 3312 4697 exposceret
3340 4644 3354 4694 ;
3386 4627 3523 4684 inde

1885 4708 2056 4782 plane
2103 4709 2531 4782 intelligebpnt,
2593 4711 2832 4769 minime
2891 4713 3056 4770 illum
3107 4715 3239 4771 dolo
3273 4716 3426 4772 malo
3457 4734 3524 4774 ac

1883 4799 2226 4855 veteratoris
2246 4800 2498 4870 quadam
2522 4801 2932 4872 pravitate,sed
2956 4804 3207 4876 ingenua
3227 4806 3405 4861 animi
3433 4808 3523 4862 in-

1884 4889 2149 4960 tegritate
2179 4905 2297 4960 qua
2327 4890 2568 4946 rectiora
2598 4890 2697 4946 illa
2726 4908 2851 4947 esse
2882 4892 2993 4948 sibi
3014 4899 3398 4965 persuaserat,
3432 4911 3524 4950 ea-

1886 4979 2019 5035 dem
2049 4979 2378 5050 amplexum
2414 4977 2608 5035 fuisse.
2644 4982 2726 5035 Ita
2777 4986 2842 5036 ut
2886 4983 3096 5037 erroris
3146 4983 3300 5039 illius
3331 4984 3522 5055 culpa,

1886 5085 2002 5124 non
2016 5074 2133 5124 tam
2147 5068 2538 5139 animo,quam
2555 5068 2794 5124 incautae
2811 5070 3526 5142 simplicitati,astutisque

1887 5158 2312 5230 deceptoribus,
2346 5157 2688 5228 imputanda
2710 5160 3114 5226 veniret.Quod
3150 5161 3326 5217 nostri
3357 5179 3521 5232 opus,

1887 5266 2014 5306 meo
2037 5246 2280 5320 judicio,
2313 5247 2768 5319 haudquaquam
2802 5251 3043 5306 minoris
3073 5252 3526 5308 existimandum

167 5354 258 5421 est,
286 5370 448 5423 quam
481 5357 578 5409 aut
606 5351 953 5409 admirabile
983 5349 1128 5405 illud
1161 5348 1368 5413 otium,
1398 5350 1498 5402 aut
1535 5343 1698 5401 multi
1732 5345 1904 5414 jugcs
1945 5339 2169 5395 labores
2199 5338 2574 5408 sudoresque,
2609 5354 2673 5393 ac
2706 5338 2876 5409 plane
2907 5341 3155 5398 cmlestis
3186 5343 3244 5397 in
3295 5359 3528 5401 summa

167 5439 462 5513 frugalitate
513 5444 649 5509 vita,
683 5442 803 5499 sive
859 5441 1080 5513 potius,
1133 5438 1278 5494 nihil
1337 5436 1569 5492 illarum
1627 5439 1747 5490 tam
1797 5445 1926 5489 esse
1982 5427 2306 5502 gloriosum
2365 5445 2429 5484 ac
2482 5427 2894 5498 honoriﬁcum,
2952 5448 3124 5502 quam
3200 5434 3298 5490 Dei
3347 5451 3526 5492 causa

167 5528 500 5601 dissidentes,
531 5536 844 5604 sancteque
892 5531 1046 5587 inter
1093 5543 1220 5586 sese
1269 5527 1791 5593 controversantes,
1819 5521 1892 5577 ad
1948 5527 2160 5576 mutuae
2219 5517 2538 5575 concordia:
2596 5521 2880 5590 studium,
2914 5523 3192 5596 pacisque
3247 5542 3528 5602 amorem,

168 5618 442 5690 adducere,
473 5637 650 5694 eaque
678 5637 741 5678 re
769 5619 874 5676 ﬁlii
904 5619 1005 5676 Dei
1037 5617 1484 5692 appellationem
1515 5612 1564 5649 ³⁸
1594 5611 1927 5686 promereri.

230 5708 268 5746 ³³
293 5713 486 5769 Matth.
518 5730 569 5782 ν,
599 5713 653 5770 9.
