4118 6214
488 394 599 455 291

1792 392 1894 451 ΤΗ
1904 390 2196 452 EODULI
2240 384 2590 449 MONACHI

3769 385 3898 449 992

561 525 774 582 LXXV.
833 524 979 590 Quid
1036 528 1164 580 tum
1217 540 1349 581 vero
1392 525 1592 596 postea
1621 523 1888 579 accidit?
1915 524 2110 595 Nempt

2317 520 2442 577 ΟΕ¹.
2475 518 2536 572 Τί
2583 517 2646 572 τὸ
2689 516 2929 572 ἐνυεῦθεν
2962 535 2976 585 ;
3009 516 3160 592 Χρίει
3194 518 3296 592 μὶν
3335 519 3426 574 καὶ
3456 517 3636 577 ἄκοντ’
3667 523 3827 579 αὐτὸν
3866 524 3900 578 ὁ

489 617 828 687 Gregorium
864 613 1299 685 quantumlibet
1345 614 1687 669 renitentem
1721 630 1885 668 sacro
1933 628 2127 668 sacer-

486 705 626 760 dotii
659 711 951 774 unguento
1001 708 1164 773 pater
1210 702 1400 774 ungit,
1432 718 1496 756 ac
1541 701 1861 774 presbyteri
1910 701 2128 756 honore

485 802 654 865 auget
683 791 1009 863 Christique
1055 793 1382 847 sacrificum
1434 791 1768 862 inaugurat,
1800 790 1902 866 qui
1950 789 2126 845 etiam

481 883 825 954 priusquam
858 881 1240 953 inungeretur
1255 898 1322 936 ex
1352 880 1460 936 hoc
1483 882 1684 936 ordine
1713 885 1838 936 erat
1864 905 1880 947 ;
1913 879 2122 936 immo-

483 972 637 1027 labat
661 970 757 1025 ille
779 985 936 1037 vero,
967 988 1082 1026 non
1116 977 1346 1042 Agnum
1384 970 1480 1026 Dei
1512 975 1746 1042 peccata
1776 970 1979 1025 mundi
2017 968 2126 1025 tol-

483 1061 822 1127 lentemi”,
892 1061 991 1115 sed
1060 1061 1176 1116 Deo
1242 1060 1494 1116 hostiam
1576 1058 1773 1131 gratiae
1853 1074 1918 1114 ac
2002 1057 2125 1113 lau-

483 1154 574 1208 dis
630 1150 723 1218 3°;
784 1152 886 1205 sed
945 1154 1004 1205 et
1059 1151 1438 1222 semetipsum
1515 1148 1812 1221 perpetuis
1897 1147 2124 1204 laribus

482 1240 937 1311 sudoribusque,
971 1242 1212 1310 actaque
1252 1239 1310 1292 in
1357 1236 1731 1293 meditatione
1771 1239 1970 1291 mortis
2007 1235 2124 1291 vita

481 1331 665 1398 omni,
699 1351 727 1378 ‹‹
762 1328 1013 1384 hostiam
1047 1328 1353 1394 viventem,
1378 1332 1665 1391 sanctam,
1696 1333 1989 1396 acceptam
2011 1324 2116 1392 3',»

479 1429 531 1477 et
559 1419 837 1489 antejam
868 1418 1138 1484 votivam,
1171 1433 1349 1489 quam
1381 1417 1590 1472 editam
1617 1415 1676 1470 in
1700 1415 1886 1471 lucem
1908 1415 2116 1482 fuerat,

479 1507 857 1574 sacrificabat,
891 1521 1065 1576 quam
1091 1521 1197 1577 ego
1229 1521 1404 1560 unam
1437 1503 1586 1559 haud
1638 1502 1893 1558 dubitem
1929 1503 2118 1573 magis

479 1599 596 1655 Deo
627 1599 862 1654 charam
913 1597 1217 1669 magispue
1266 1596 1572 1666 pretiosam
1603 1595 1852 1660 Christo,
1885 1592 1987 1664 qui
2019 1609 2115 1648 no-

480 1694 600 1741 stra
665 1701 840 1740 causa
887 1683 1225 1739 immolatus
1283 1689 1389 1752 est,
1447 1683 1754 1738 afﬁrmare.
1800 1683 2116 1752 Postquam

2237 611 2440 682 πατὴρ,
2472 605 2771 680 ἱερωσύνης
2796 610 2874 677 τῷ
2905 606 3192 680 χρίσματι,
3235 610 3327 662 καὶ
3356 615 3456 678 τῆς
3503 613 3601 664 τοῦ
3649 608 3899 687 πρεσςυ-

2233 700 2391 772 τέρου
2436 703 2606 770 τιμῆς
2652 696 2839 766 ἀξιοῖ·
2891 695 2977 750 καὶ
3029 693 3262 751 δείκντσι
3307 696 3472 768 θύτην
3505 705 3759 774 Χριστοῦ,
3788 703 3899 756 τὸν

2236 789 2311 850 εἷς
2341 786 2568 846 τούτους
2592 783 2850 840 τελοῦντα
2879 785 2966 840 καὶ
3000 787 3106 859 πρὸ
3135 792 3235 854 τῆς
3273 787 3532 860 χρίσεως,
3563 790 3656 844 καὶ
3687 789 3900 845 θύοντα

2240 879 2359 951 μέν,
2399 877 2462 932 οὐ
2485 881 2579 931 τὸν
2611 876 2804 947 ’Δμνὸν
2834 879 2931 929 τοῦ
2961 879 3094 930 Θεοῦ
3143 876 3234 930 τὸν
3286 875 3507 952 αἶ’ροντα
3554 881 3654 947 τήν
3712 879 3901 955 ἁμαρ-

2231 967 2346 1022 τίαν
2395 970 2493 1021 τοῦ
2547 966 2782 1037 κόσμου.
2853 961 2999 1020 ἂλλᾶ
3053 969 3131 1036 τῷ
3187 969 3304 1036 Θεῷ
3362 967 3548 1022 θυσίαν
3608 968 3895 1039 αἰνέσεως,

2233 1057 2426 1113 θύοντα
2473 1053 2529 1110 δὲ
2577 1055 2669 1109 καὶ
2719 1055 2903 1108 ἑαυτὸν
2961 1051 3158 1129 ἱδρῶσι
3211 1051 3478 1124 διηνεκέσι
3521 1058 3611 1112 καὶ
3673 1057 3893 1127 πόνοις,

2229 1146 2322 1200 καὶ
2367 1150 2447 1216 τῷ
2500 1142 2731 1216 μελέτην
2782 1142 3014 1196 θανάτου
3063 1143 3153 1197 τὸν
3206 1142 3322 1216 βίον
3359 1145 3656 1214 ποιεῖσθαι,
3697 1147 3896 1200 θυσίαν

2233 1238 2432 1304 ζῶσαν,
2506 1233 2681 1309 ἁγίαν,
2757 1230 3060 1305 εὐάρεστον,
3127 1232 3537 1306 καθιερωμένην
3611 1235 3700 1288 καὶ
3775 1235 3893 1307 πρὸ

2231 1319 2486 1392 γενέσεως
2517 1337 2530 1352 ·
2591 1321 2654 1388 ἣν
2699 1315 2766 1386 δὴ
2815 1318 2904 1372 καὶ
2957 1317 3126 1389 μόνην
3165 1311 3328 1394 ἔγωγ’
3359 1318 3421 1374 ’ἀν
3463 1323 3628 1396 φαίην
3661 1319 3891 1392 μαλλον

2230 1407 2458 1484 θεοφιλῆ
2520 1407 2608 1462 καὶ
2667 1407 2792 1482 περὶ
2849 1404 3101 1468 πλείονος
3156 1410 3453 1483 γινομένην
3497 1414 3578 1480 τῷ
3624 1407 3692 1464 δι’
3733 1412 3894 1480 ἡμᾶς

2226 1498 2432 1553 τυθέντι
2489 1500 2704 1572 Χριστῷ
2735 1513 2750 1529 ⁸
2799 1496 2828 1552 ὁ
2876 1496 2971 1566 μὲν
3031 1494 3122 1550 οὖν
3171 1495 3314 1552 οὕτω
3351 1497 3443 1552 τὸν
3471 1495 3641 1552 παῖδα
3670 1495 3888 1574 προϐε-

2228 1583 2524 1660 ϐλημένος,
2558 1583 2735 1646 πολὺς
2765 1585 2832 1653 ἦν
2861 1585 2990 1658 παρ’
3031 1583 3204 1657 ἑαυτῷ
3247 1590 3439 1641 τοῦτον
3476 1586 3728 1662 κατέχειν
3776 1587 3893 1642 ἐθέ-

2229 1673 2363 1744 λων,
2394 1675 2485 1729 καὶ
2517 1675 2619 1728 οὐκ
2675 1671 2776 1728 ἐῶν
2840 1673 3072 1748 ἑτέρωσέ
3121 1693 3199 1748 πῃ
3261 1681 3464 1749 χωρεῖν
3499 1694 3511 1706 ·
3538 1675 3613 1730 ’ἶν’
3635 1675 3718 1746 εἴη
3751 1678 3888 1752 περὶ

479 1776 588 1830 hoc
633 1774 801 1829 modo
849 1773 908 1828 in
958 1771 1268 1843 collegium
1319 1772 1684 1828 sacerdotum
1727 1773 1890 1842 pater
1927 1769 2110 1824 filium

2225 1765 2378 1818 πάντ’
2406 1761 2555 1835 αὐτῷ
2583 1765 2678 1816 τοῦ
2729 1760 2928 1816 λοιποῦ
2976 1762 3101 1840 χεὶρ
3151 1760 3318 1836 δεξιὰ,
3347 1765 3490 1838 ὁμοῦ
3524 1766 3641 1838 μὲν,
3676 1762 3891 1820 συνδιέ-

475 1864 885 1935 cooptavisset,
915 1863 968 1918 id
1007 1863 1176 1918 unice
1205 1863 1430 1934 agebat,
1463 1867 1528 1917 ut
1557 1861 1721 1916 illum
1755 1875 1952 1916 secum
1986 1875 2110 1931 per-

2224 1875 2342 1908 πων
2373 1854 2464 1908 καὶ
2495 1845 3132 1925 συναντιλαμῦανόμενος
3161 1857 3260 1907 τοῦ
3299 1854 3564 1928 ποιμνίου
3611 1855 3697 1909 καὶ
3742 1876 3887 1933 exe-

2227 1939 2315 1970 ὶὶ-.
2375 1939 2545 1970 ΣΞΊἹ--
2596 1941 2759 1970 ...ξ-ιζ-
2815 1943 2878 1970 ..ἶ
2943 1939 3241 1970 ἀιυἸ--Ῑ..
3286 1941 3376 1970 ...Α
3427 1940 3502 1970 Α-.
3531 1943 3620 1970 --.Α
3672 1940 3854 1970 ἓ---ἕ’--.

475 1959 650 2026 petuo
680 1953 985 2023 retineret,
1018 1967 1122 2007 nec
1152 1968 1405 2022 usquam
1455 1950 1567 2007 alio
1596 1950 1681 2006 illi
1721 1949 1972 2006 abeundi
2009 1964 2110 2020 po-

2225 1939 2316 1996 δὸν
2371 1939 2545 2003 ἄλλος
2592 1941 2759 2002 αὐτός
2815 1943 2883 2014 τῇ
2943 1939 3241 2012 Ἐκκλησία
3286 1941 3376 1996 καὶ
3425 1940 3502 1997 ὢν
3531 1943 3622 1998 καὶ
3670 1940 3882 2012 δοκῶν,

475 2025 742 2100 testatem
804 2041 1095 2098 faciebat:
1156 2057 1270 2112 quo
1327 2041 1603 2113 deinceps
1643 2040 1755 2112 ipsi
1797 2040 1869 2094 ad
1919 2038 2110 2095 omnia

2225 2034 2368 2103 ὁμοῦ
2426 2027 2618 2085 δὲκαὶ
2680 2029 2950 2103 βακτηρία
3019 2029 3110 2084 καὶ
3182 2025 3406 2104 ἔρεισμα
3490 2034 3701 2106 γήρως,
3780 2033 3883 2087 καὶ

475 2135 686 2189 dextra:
745 2147 958 2187 manus
1012 2130 1138 2185 loco
1187 2137 1359 2197 esset,
1407 2145 1472 2185 eo
1531 2130 1684 2200 quod
1763 2127 1938 2184 simul
1997 2144 2110 2182 una

2223 2120 2391 2176 πάντα
2418 2120 2597 2191 τούτῳ
2627 2120 2974 2194 γιγνόμενος.

476 2241 610 2280 cum
657 2224 781 2293 ipso
839 2221 1140 2278 commissi
1199 2221 1391 2292 gregis
1447 2220 1929 2292 gubernationem
1995 2224 2170 2288 atque
2226 2211 2467 2269 tutelam
2523 2211 2857 2277 sustineret,
2918 2216 2977 2266 et
3038 2211 3159 2267 fere
3215 2211 3360 2268 alter
3417 2213 3539 2283 iqse
3595 2212 3874 2270 Ecclesia

463 2320 520 2370 et
549 2319 702 2370 esset
730 2318 790 2368 et
819 2311 1152 2380 haberetur,
1185 2310 1363 2366 simul
1403 2312 1540 2366 item
1575 2310 1755 2382 scipio
1778 2326 1841 2365 ac
1872 2308 2123 2364 fulcrum
2153 2302 2490 2362 senectutis.
2514 2316 2749 2371 unoque
2779 2301 2951 2356 verbo
2973 2301 3173 2356 omnia
3203 2301 3315 2373 ipsi
3345 2307 3514 2358 esset.

537 2403 782 2460 LXXVI.
851 2404 1070 2474 Quippe
1128 2403 1318 2458 soluto
1357 2403 1478 2474 jam
1517 2419 1618 2473 per
1669 2402 1901 2472 longam
1961 2399 2103 2454 adeo

2285 2390 2425 2464 0;".
2457 2395 2567 2444 Τοῦ
2593 2389 2694 2464 γὰρ
2727 2385 2792 2458 δὴ
2827 2393 3056 2464 φυσικοῦ
3084 2384 3244 2444 τόνου
3273 2394 3353 2462 τῷ
3383 2393 3547 2462 μήκει
3585 2394 3682 2446 τοῦ
3731 2390 3865 2464 βίου

2212 2479 2637 2553 παραλυθέντος,
2685 2476 3137 2548 ἐνενηκοντούτης
3201 2480 3302 2555 γὰρ
3358 2480 3446 2549 ἦν,
3507 2477 3619 2535 οὐθ’
3677 2481 3864 2552 ἑαυτῷ

2212 2568 2335 2624 οὔτε
2385 2575 2500 2630 τοῖς
2558 2567 2756 2629 ἄλλοις
2816 2569 2936 2629 οίός
2981 2571 3028 2622 τ’
3083 2569 3148 2637 ἦν
3193 2570 3261 2622 τὰ
3307 2568 3490 2624 εἰκότα
3528 2571 3861 2644 κεχρῆσθαι,

2211 2658 2357 2714 ἀλλὰ
2392 2659 2482 2712 καὶ
2532 2657 2794 2726 πλείστης
2845 2659 2980 2726 ὅσης
3034 2656 3346 2734 ἐπικουρίας
3404 2657 3596 2729 ἔξωθεν
3646 2657 3861 2715 δεῖσθαι

2208 2749 2299 2803 καὶ
2349 2746 2716 2820 παραμυθίας,
2749 2745 2838 2800 καὶ
2893 2747 3008 2800 οἷόν
3056 2767 3205 2810 τινος
3259 2744 3621 2823 ὑπανέχοντος
3661 2752 3860 2805 τοῦτον

2207 2835 2415 2898 καίπως
2472 2834 2874 2907 ἀνακτωμένου.
2931 2831 3048 2889 ”Οδ’
3117 2835 3300 2909 ἓτερον
3363 2837 3458 2908 μὲν
3534 2837 3610 2900 ὡς
3685 2836 3858 2912 λόγος

2206 2921 2410 2994 ἐδίδου,
2469 2924 2655 2997 ἕτερον
2716 2921 2763 2976 δ’
2821 2922 3027 2979 ἀνένευε
3067 2941 3081 2953 ·
3139 2925 3203 2979 τὸ
3263 2926 3358 2996 μὲν
3414 2925 3518 3002 γὰρ
3565 2926 3858 3001 ἀνέχεσθαι

2206 3010 2506 3091 φροντίδων
2550 3013 2902 3089 ἀφελκουσῶν
2949 3019 3050 3081 τῆς
3101 3013 3152 3068 ἐν
3203 3012 3503 3092 φιλοσοφίᾳ
3546 3015 3856 3089 ῥᾳστώνης,

449 3117 604 3173 enim
664 3116 808 3172 nihil
870 3117 1192 3188 molestius,
1253 3122 1354 3174 aut
1427 3117 1624 3173 minus
1698 3116 1808 3171 sibi
1881 3131 2093 3172 conve-

2222 3102 2376 3156 iezvév
2406 3123 2465 3158 τε
2511 3103 2698 3178 ἡγεῖτο
2747 3101 2836 3156 καὶ
2880 3109 3076 3172 ἥκιστα
3118 3103 3256 3178 πρὸς
3283 3104 3450 3158 αὐτοῦ
3483 3123 3495 3137 ·
3529 3105 3592 3160 τὸ
3623 3102 3678 3159 δὲ
3711 3127 3855 3178 συμ-

449 3206 619 3260 niens
665 3205 913 3260 ducebat
963 3222 1140 3277 quam
1202 3207 1358 3262 curis
1415 3222 1482 3261 ac
1543 3204 1813 3276 negotiis,
1851 3221 1883 3258 a
1925 3205 2095 3260 beata

2222 3197 2350 3246 πνεῖν
2411 3191 2501 3246 καὶ
2555 3190 2927 3264 συμπράττειν
2982 3195 3220 3261 τοκεῦσι,
3269 3192 3360 3248 καὶ
3413 3190 3544 3266 μηδ’
3603 3194 3851 3250 ὁντινοῦν

448 3295 828 3367 ρὶιίιοεοριιὶω
884 3273 1002 3351 sua;
1077 3296 1271 3368 quiete
1333 3311 1462 3351 sese
1519 3273 1919 3361 abrtracluris,
1978 3295 2087 3351 im-

2222 3278 2336 3350 ’περ
2377 3277 2556 3332 αὐτῶν
2615 3274 2866 3330 κίνδυνον
2925 3279 3303 3352 παραιτεῖσθαι
3353 3280 3517 3352 μέρος
3574 3273 3849 3343 εὐσεϐείας

451 3364 800 3457 ριίοιιείξεὶο
839 3401 868 3440 e
912 3364 1202 3440 contrario
1251 3401 1382 3441 cum
1430 3383 1724 3440 voluntate
1778 3389 2085 3456 parentum

2222 3364 2298 3420 ιύκ
2327 3364 2620 3440 ἐλάχιστον
2651 3366 2789 3420 εἶναι
2838 3365 3075 3438 νομίζων
3113 3365 3202 3420 καὶ
3247 3367 3362 3438 ἅμα
3407 3368 3545 3443 πρὸς
3589 3368 3716 3424 Θεὸν
3751 3372 3850 3423 θε-

445 3474 800 3540 consentire,
850 3473 1080 3545 illisque
1124 3473 1337 3530 auxilio
1384 3489 1532 3541 esse,
1567 3490 1672 3530 nec
1719 3473 1839 3530 ulla
1885 3490 2086 3531 eorum

2222 3454 2442 3525 ιαπείαν,
2496 3455 2553 3515 ὃς
2597 3453 2808 3510 κελεύει
2864 3455 3096 3528 πατράσι
3153 3455 3333 3528 νέμειν
3387 3459 3580 3529 τιμὴν,
3611 3459 3726 3518 οἷος
3773 3459 3847 3527 ἦν

449 3565 508 3619 in
537 3563 782 3634 gratiam
815 3579 1083 3618 recusare
1100 3563 1464 3631 discrimina,
1496 3579 1608 3619 non
1633 3562 1938 3618 minimam
1973 3564 2084 3633 pie-

2222 3545 2348 3597 πάντ’
2397 3541 2559 3598 εἴκειν
2605 3542 2883 3598 κελεύοντι
2935 3547 3014 3614 τῷ
3062 3545 3224 3618 πατρὶ
3272 3544 3360 3599 καὶ
3415 3542 3635 3623 δεύτερα
3664 3547 3849 3603 τᾶλλα

442 3655 580 3708 tatis
639 3657 884 3721 partem,
931 3658 1106 3723 atque
1152 3653 1253 3708 Dei
1311 3653 1511 3722 etiam,
1543 3652 1641 3722 qui
1686 3660 1952 3722 parentes
1987 3652 2082 3707 ho-

444 3745 733 3798 norandos
763 3745 1034 3798 sanxerat
1062 3741 1129 3810 3',
1152 3742 1374 3798 cultum
1409 3758 1537 3799 esse
1569 3746 1748 3812 ratus,
1781 3743 1850 3797 ad
1882 3743 2080 3798 omnia
2129 3747 2275 3816 patri
2318 3745 2560 3815 jubendi
2612 3745 3002 3814 concedenda,
3034 3749 3358 3819 ceteraque
3415 3749 3848 3819 posthabenda,

363 3884 377 3893 ,
443 3839 749 3904 promptus
777 3840 917 3888 erat.

515 3922 788 3979 LXXVII.
824 3925 1108 3979 Caeterum
1151 3924 1354 3995 paucis
1408 3927 1539 3995 post
1569 3924 1776 3979 diebus
1807 3924 1996 3979 denuo
2027 3925 2085 3979 in

2266 3930 2384 3981 OZ‘.
2416 3923 2557 3985 Τέως
2606 3945 2668 3998 γε
2703 3925 2808 3996 μὴν
2859 3925 3052 3998 μικρὸν
3085 3924 3288 3979 ἐνταῦθ’
3319 3925 3586 4003 ἐπισχὼν,
3619 3929 3851 4004 ἀναχω-

443 4017 688 4067 Pontum
712 4012 1132 4084 regreditur,ad
1151 4011 1494 4068 familiarem
1516 4012 1623 4068 sibi
1639 4013 2084 4084 adamatamque

2222 4019 2278 4068 ιεῖ
2313 4016 2404 4085 μὲν
2457 4012 2532 4076 εἷς
2581 4013 2808 4081 Πόντον,
2840 4013 2930 4068 καὶ
2974 4015 3074 4084 τήν
3122 4017 3326 4086 συνήθη
3372 4017 3460 4070 καὶ
3501 4017 3667 4095 φίλην
3695 4020 3850 4093 αὐτῷ

442 4101 724 4173 quietem,
759 4077 1047 4156 h'actenue
1081 4101 1386 4166 duntaxat,
1437 4111 1498 4157 ut
1544 4102 1798 4172 seipsum
1850 4077 2083 4173 penitus

2222 4103 2450 4176 ισυχίαν,
2492 4101 2615 4156 ὅσον
2662 4123 2720 4156 τε
2769 4102 2956 4156 ἑαυτὸν
3004 4101 3388 4176 ἐπισκέψασθαι
3437 4107 3526 4159 καί
3574 4109 3701 4168 τοὺς
3739 4107 3846 4163 ἅλ-

440 4196 749 4260 excutsret,
795 4196 852 4246 et
909 4191 1052 4246 alios
1109 4207 1210 4246 sue
1268 4190 1532 4262 exemplo
1588 4192 1835 4258 doceret,
1880 4208 1992 4248 non
2052 4209 2083 4248 e

2222 4213 2323 4254 ,ouc
2377 4188 2680 4259 παιδεῦσαι,
2719 4192 2795 4263 μὴ
2844 4197 2962 4253 τοῖς
3014 4191 3288 4268 μεγίστοις
3332 4193 3484 4257 εὐθὺς
3523 4198 3796 4271 ἒγχειρεῖν
3825 4218 3843 4234 ο

438 4279 676 4350 vestigio
711 4297 802 4335 res
827 4281 1107 4335 maximas
1136 4296 1200 4335 ac
1231 4279 1602 4335 santissimas
1637 4286 1851 4336 temere
1901 4286 2078 4336 attre-

2222 4300 2422 4334 πανεισι
2457 4276 2513 4333 δὲ
2535 4279 2688 4340 αὐθις
2720 4278 2802 4334 ὅτι
2834 4279 3050 4355 τάχιστ’
3096 4282 3284 4342 αὐτοῖς
3331 4283 3469 4338 κατᾶ
3512 4286 3612 4352 τήν
3650 4286 3847 4362 κυρίαν

433 4371 679 4425 ctandas
710 4385 857 4436 esse,
896 4385 1027 4425 mox
1056 4369 1190 4424 dein
1242 4369 1351 4424 sub
1403 4369 1789 4440 praestitutum
1824 4369 1975 4426 diem
2007 4372 2076 4426 ad

456 2493 633 2549 vitam
670 2492 916 2548 naturali
944 2492 1203 2563 corporis
1223 2491 1438 2564 vigore,
1481 2507 1611 2546 cum
1645 2507 1830 2546 annos
1874 2489 2103 2545 circiter

453 2585 762 2654 nonrginta
797 2591 966 2638 natus
1000 2587 1176 2648 esset,
1223 2581 1382 2637 haud
1431 2580 1686 2652 amplius
1737 2585 1840 2635 aut
1894 2582 2104 2634 semet-

452 2673 599 2744 ipso,
633 2679 736 2728 aut
767 2673 899 2727 aliis
949 2678 1103 2727 recte
1144 2671 1227 2726 uti
1257 2676 1514 2743 lpoterat,
1548 2686 1749 2726 verum
1783 2669 2100 2740 plurimum

455 2761 658 2816 alienaa
711 2762 838 2833 epis
884 2776 951 2816 ac
1012 2760 1202 2815 solatii
1268 2761 1644 2830 fomentique,
1699 2767 1751 2814 et
1807 2758 2098 2830 quispiam

458 2851 553 2920 qui
588 2851 774 2918 ipsum
808 2850 963 2905 velut
992 2855 1351 2905 sustentaret
1375 2849 1784 2918 refoveretque,
1810 2848 1921 2919 ipsi
1953 2863 2098 2918 opus

458 2943 599 2994 erat.
675 2939 776 2994 Hic
826 2944 1039 3006 noster,
1106 2938 1429 2994 secundum
1487 2942 1653 2993 vetus
1702 2937 1937 2992 verbum
1995 2938 2096 3007 (1),

457 3029 638 3084 altero
682 3045 977 3096 concesso,
1012 3029 1260 3084 alterum
1312 3028 1519 3083 abnuit
1551 3047 1564 3095 ;
1598 3026 2094 3099 quemadmodum

2195 3634 2459 3708 νομίζειν.

2186 4375 2294 4425 τῶν
2353 4372 2598 4443 ἡμερῶν,
2647 4370 2736 4423 καὶ
2790 4365 3012 4423 δίδωσιν
3065 4370 3252 4424 ἑαυτὸν
3298 4375 3378 4443 τῷ
3422 4393 3479 4428 τε
3537 4375 3701 4450 πατρὶ
3747 4379 3844 4431 καὶ

435 4475 574 4514 suos
607 4473 849 4531 propere
879 4459 1124 4514 recurrit
1157 4458 1436 4529 patrique,
1472 4463 1530 4513 et
1576 4459 1705 4513 urbi
1739 4459 1959 4529 patriae,
1991 4463 2076 4514 to-

2222 4463 2252 4533 ῇ
2283 4458 2442 4515 πόλει
2479 4479 2491 4491 ⁸
2524 4457 2593 4532 τῇ
2645 4459 2766 4531 μὲν,
2797 4459 3080 4536 φάρμακον
3131 4460 3406 4535 σωτηρίας
3437 4459 3528 4518 διὰ
3571 4468 3680 4518 τῶν
3742 4467 3843 4522 λά-

359 4581 368 4590 ο
434 4553 555 4604 tum
589 4564 716 4604 sese
750 4549 946 4615 tradit,
969 4547 1165 4619 patriae
1190 4547 1555 4603 salutiferum
1579 4549 1874 4619 quoddam
1898 4565 2080 4606 reme-

2224 4571 2296 4603 ων
2333 4569 2345 4583 ·
2400 4552 2481 4620 τῷ
2539 4546 2615 4618 δὲ,
2663 4549 2851 4622 γήρως
2909 4549 3279 4623 παραμυθίαν,
3326 4550 3418 4605 καὶ
3475 4555 3581 4606 τῶν
3639 4552 3845 4611 ἰκεῖθεν

433 4638 598 4692 dium
647 4654 756 4694 sua
807 4635 1131 4693 eruditione
1179 4636 1567 4708 facundiaque
1609 4637 1889 4703 futurum,
1922 4639 2074 4708 patri

2222 4640 2394 4710 εινών,
2427 4639 2734 4712 θαυμαστόν
2763 4659 2885 4694 τινα
2921 4640 3009 4694 καὶ
3063 4638 3315 4714 μέγιστον
3362 4643 3664 4720 κουφισμόν
3695 4665 3710 4680 ο
3745 4666 3842 4719 καὶ

2235 4731 2245 4745 Ι
2481 4729 2495 4745 9
2679 4725 2728 4745 NI
3039 4731 3052 4745 ι
3252 4731 3267 4745 ι
3364 4730 3378 4745 ο
3504 4734 3518 4745 ι
3703 4735 3715 4745 ι
3815 4737 3830 4745 ι

431 4731 676 4783 senectae
725 4726 995 4784 solatium
1050 4729 1424 4797 ortarumque
1481 4726 1614 4781 inde
1658 4725 2110 4795 aerumnarum,‘

2222 4731 2377 4804 όγοις
2438 4725 2815 4803 αὐτοσχεδίοις
2871 4731 3154 4802 κοσμήσας
3208 4731 3308 4798 τήν
3364 4730 3581 4806 ἑορτήν,
3626 4735 3717 4788 καὶ
3769 4737 3842 4792 τὰ

427 4832 727 4873 summum
779 4815 1214 4887 maximumque
1270 4814 1746 4886 allevamentum,
1793 4818 2070 4873 continuo

2222 4818 2366 4874 ἱκότα
2407 4815 2798 4894 πανηγυρίσας,
2850 4818 3204 4893 ἀπολογεῖται
3267 4820 3361 4892 μὲν
3413 4821 3545 4897 ὑπὲρ
3591 4830 3692 4893 τῆς
3731 4847 3842 4902 φο-

427 4912 618 4962 autem
652 4905 847 4961 subita
903 4906 1117 4961 festum
1166 4905 1426 4961 oratione
1470 4921 1710 4974 ornans,
1738 4922 1805 4961 ac
1845 4907 2071 4962 decenti

2222 4915 2301 4977 ἧς,
2355 4907 2446 4962 καὶ
2504 4907 2580 4970 ὡς
2647 4905 2876 4983 εὐλόγου
2945 4907 3035 4962 καὶ
3097 4908 3389 4985 θεοφιλοῦς
3449 4912 3833 4984 μνημονεύει·

425 4995 839 5053 concelebrans
888 4995 1242 5060 laudatione,
1276 4995 1424 5067 fugae
1456 5011 1573 5050 suae
1615 5011 1854 5051 causam
1882 4996 2022 5052 dicit
2054 5015 2068 5054 :

2222 4997 2416 5052 είκνυσι
2451 4994 2508 5052 δὲ
2554 4997 2642 5051 καὶ
2684 4997 2782 5066 τήν
2824 4996 2900 5058 εἰς
2943 4995 3140 5060 αὐτοὺς
3179 5001 3276 5052 τοῦ
3333 5001 3536 5074 πατρὸς
3591 5001 3838 5078 μεγαλα..

425 5100 672 5157 eamque
693 5088 758 5141 ut
788 5083 1146 5157 probabilem
1180 5083 1412 5157 Deoque
1451 5089 1677 5157 gratam
1716 5101 2070 5143 commemo-

2225 5085 2407 5161 υχίαν,
2439 5086 2752 5159 θαυμαστήν
2784 5106 2905 5140 τινα
2933 5085 3022 5141 καὶ
3052 5084 3312 5143 πλείστου
3343 5088 3511 5158 ἀξίαν.

425 5181 536 5242 rat,
589 5181 715 5232 tum
770 5181 828 5232 et
882 5174 1062 5249 patris
1132 5173 1221 5231 sui
1277 5174 1340 5232 in
1419 5175 1570 5232 cives
1647 5174 1983 5232 credibilem
2053 5179 2420 5249 maximoque
2476 5177 2810 5235 habendam
2866 5178 2928 5233 in
3011 5178 3196 5250 pretio
3281 5181 3834 5252 magnanimitatem

427 5267 812 5325 commendat.

495 5495 541 5533 ”
569 5497 738 5556 Joan.
773 5514 812 5564 I,
851 5497 942 5553 29.
1020 5496 1068 5533 ⁸ο
1097 5497 1268 5554 Hebr.
1301 5513 1428 5565 xm,
1462 5498 1550 5555 15.
1626 5498 1672 5534 εί
1701 5497 1869 5556 Rom.
1897 5513 2000 5567 ιιι,
2027 5499 2078 5556 1.

2230 5497 2404 5557 Exod.
2434 5515 2528 5570 xx,
2561 5501 2629 5558 12
2653 5518 2670 5573 ;
2696 5499 2907 5572 Ephes.
2933 5517 3012 5573 vr,
3033 5503 3089 5560 2.

491 5694 573 5767 (ι)
597 5693 760 5751 Iliad.
793 5695 944 5764 vm,
975 5697 1100 5753 250.
