4118 6214
315 353 423 413 293

1322 349 1720 414 LAUDATIO
1766 354 1832 414 S.
1881 353 2252 416 GREGORII
2300 355 2716 418 THEOLOGI.

3600 353 3716 417 294

379 485 511 538 OH'.
567 479 854 538 Βασιλείου
903 477 960 535 δὲ
1005 483 1104 534 τοῦ
1159 478 1297 534 πάνυ
1344 487 1446 550 τῆς
1493 487 1601 536 τῶν
1653 486 1995 560 Καισαρέων

2151 487 2431 545 LXXVIII.
2491 491 2700 559 Magno
2776 493 2970 546 autem
3057 489 3270 546 Basilio
3341 489 3719 546 Caesariensis

315 570 645 642 Ἐκκλησίας
694 568 1126 642 ἐπειλημμένου,
1159 563 1444 642 συμϐαίνει
1494 571 1584 625 καὶ
1614 575 1822 627 τουτονὶ
1874 574 1963 628 τὸν

312 661 509 736 μέγαν,
549 662 819 736 πάρεργον
867 659 942 719 ὡς
989 657 1051 713 ἃν
1100 657 1242 714 εἷ’ποι
1289 679 1372 722 τις
1421 665 1522 728 τῆς
1574 659 1778 716 ἐκείνου
1827 662 1964 737 γενέ-

307 754 433 806 σθαι
471 751 658 827 χειρός
699 771 758 804 τε
785 751 876 804 καὶ
925 749 1178 824 γνώμης,
1211 748 1302 803 καὶ
1355 744 1771 823 προϐεϐλῆσθαι
1806 753 1966 806 Σασί-

310 864 439 914 μων
472 843 665 917 τρόπῳ
709 837 910 912 τοιῷδε
939 861 951 872 ο
991 843 1092 904 τῆς
1139 840 1241 915 γὰρ
1295 837 1682 901 Καππαδοκίας
1731 841 1968 910 ἀπάσης,

314 936 450 1004 μιᾶς
515 931 611 1003 μὲν
669 928 836 998 οὕσης
892 927 1187 1003 ήγενομίας
1242 929 1565 1002 τοπρόσθεν,
1615 928 1702 983 καὶ
1755 930 1844 1004 ὑφ’
1893 929 1971 984 ἒνὶ

316 1019 567 1093 μάλιστα
613 1018 1020 1094 γνωριζομένης
1047 1038 1106 1072 τε
1148 1019 1235 1071 καὶ
1288 1017 1685 1090 καθισταμένης
1729 1019 1971 1091 ποιμένι,

318 1110 397 1172 εἷς
433 1109 533 1165 δύο
567 1107 623 1163 δὲ
653 1109 854 1181 τῳτότε
885 1107 946 1162 οὐ
981 1107 1144 1180 μόνον
1196 1107 1498 1181 ἡγεμονίας
1527 1108 1696 1164 ἀλλαὶ
1739 1109 1828 1162 καὶ
1865 1131 1975 1182 μη-

315 1200 622 1274 τροπόλεις
681 1197 1063 1272 διαιρεθείσης,
1115 1200 1213 1268 τήν
1268 1219 1325 1253 τε
1384 1200 1708 1272 Καισάρειαν
1764 1199 1852 1253 καὶ
1909 1199 1975 1252 τὰ

321 1291 523 1357 Τύανα,
557 1290 798 1365 γίγνεταί
849 1311 900 1343 τι
937 1291 1210 1360 τοιοῦτον,
1255 1288 1286 1341 ’ὁ
1336 1287 1423 1342 καὶ
1478 1287 1646 1362 μηδὲν
1695 1289 1838 1362 ὑγιὲς
1885 1288 1976 1342 καὶ

323 1381 404 1439 αὖ,
454 1380 705 1456 θεοφιλὲς
762 1372 932 1451 ἔξεστι
987 1383 1300 1452 προσειπεῖν
1337 1397 1350 1411 ’
1406 1379 1468 1432 τὸ
1530 1379 1647 1450 μὲν,
1698 1380 1788 1440 οἷς
1839 1379 1972 1433 θαυ-

325 1472 542 1544 μασθοῦ
571 1469 843 1544 τετύχηκε
881 1468 1072 1529 τέλους
1101 1489 1114 1501 ο
1163 1469 1225 1523 τὸ
1267 1466 1343 1536 δὲ,
1375 1468 1450 1530 ὡς
1501 1465 1602 1538 ἔξω
1651 1473 1747 1523 τοῦ
1793 1489 1978 1545 γιγνο-

327 1562 496 1632 μένου
526 1581 616 1614 και
651 1557 948 1632 βουλευθέν
978 1558 1077 1625 τήν
1107 1557 1286 1632 ἀρχὴν
1317 1559 1407 1612 καὶ
1438 1558 1704 1633 πραχθέν.

323 1653 573 1724 quidam
624 1658 777 1706 certe
831 1653 1092 1718 eatenus,
1122 1649 1277 1720 quod
1327 1655 1596 1705 eventum
1649 1651 1954 1706 sortiretur
2005 1647 2348 1721 praeclarum

2074 577 2344 633 Ecclesiae
2401 579 2804 649 pontiﬁcatum
2863 578 3092 651 adepto,
3151 579 3387 652 contigit
3451 579 3718 650 equidem

2079 672 2136 721 et
2167 683 2375 739 magno
2405 672 2606 724 nostro
2658 668 2954 738 Gregorio,
2997 673 3062 723 ut
3121 669 3511 740 perfunctoria
3563 684 3722 737 quaa-

2078 758 2209 812 dam
2224 773 2432 812 manus
2452 757 2780 827 mentisque
2791 755 3209 827 Basiliiopella,
3225 757 3722 827 quemadmodum

2081 845 2241 900 haud
2269 846 2516 902 absurde
2545 847 2781 912 dixeris,
2806 846 2990 911 ﬁeret,
3011 846 3492 918 Sasimorumque
3516 848 3723 917 praesul

2081 935 2422 1006 hujusmodi
2453 937 2703 1006 quadam
2723 934 2944 990 ratione
2965 941 3281 1003 crearetur;
3301 939 3422 990 tota
3444 935 3724 990 nimirum

2081 1023 2462 1095 Cappadocia,
2478 1039 2606 1095 quae
2623 1040 2739 1079 una
2753 1023 2946 1079 adhuc
2967 1023 3342 1094 provincialis
3363 1025 3724 1095 praefectura,

2083 1116 2398 1183 eademque
2421 1114 2531 1168 sub
2557 1131 2672 1169 uno
2703 1114 2843 1168 item
2869 1113 3239 1183 potissimum
3273 1114 3530 1170 antistite
3553 1129 3730 1170 censa

2087 1219 2151 1257 ac
2191 1203 2510 1258 constituta
2557 1203 2763 1270 fuerat,
2787 1204 2849 1256 in
2888 1203 3036 1258 duas
3079 1208 3205 1258 tum
3244 1203 3494 1272 primum
3519 1204 3728 1274 praste-

2087 1297 2286 1348 cturas
2316 1293 2550 1362 pariter,
2581 1293 2848 1361 duasque
2889 1293 3240 1363 metropoles
3281 1291 3730 1362 ecclesiasticas,

2092 1379 2400 1437 Caesariam
2429 1389 2483 1436 et
2505 1381 2717 1452 Tyana,
2751 1381 3043 1446 distracta,
3077 1379 3235 1435 illius
3267 1382 3422 1436 modi
3454 1381 3732 1450 quiddam

2085 1487 2154 1526 ea
2177 1470 2233 1523 in
2267 1485 2326 1524 re
2359 1468 2531 1524 fiebat
2560 1469 2712 1539 quod
2747 1473 2804 1525 et
2827 1485 3064 1540 prorsus
3083 1468 3503 1537 inconsultum,
3527 1474 3584 1524 et
3606 1486 3732 1524 rur-

2087 1575 2188 1613 sus
2217 1558 2333 1613 Deo
2364 1561 2690 1628 acceptum,
2711 1557 2864 1612 baud
2889 1557 3181 1614 immerito
3203 1556 3608 1630 appellaveris,
3627 1558 3734 1613 hoc

2401 1663 2416 1702 :
2467 1647 2830 1702 malesanum
2891 1652 3088 1702 autem
3158 1647 3307 1715 ideo,
3358 1647 3510 1718 quod
3591 1664 3737 1717 prae-

322 1748 414 1797 ter
450 1740 543 1807 ius
572 1744 629 1794 et
658 1739 747 1794 fas
776 1743 904 1793 tum
937 1742 1281 1808 conceptum
1321 1738 1517 1792 animo
1547 1739 1618 1792 ab
1650 1738 1817 1792 initio
1851 1747 1974 1792 tum
2007 1752 2173 1808 Opere
2205 1736 2327 1806 ipso
2359 1740 2660 1806 peractum
2691 1741 2865 1792 esset.

396 1829 523 1884 08'.
564 1831 652 1898 Τῷ
705 1826 799 1898 μὲν
847 1825 952 1901 γὰρ
994 1829 1206 1879 Τυανων
1262 1822 1538 1899 προέδρῳ,
1585 1823 1792 1880 δίκαιον
1841 1827 1980 1880 εἶναι

2160 1824 2399 1880 LXXIX.
2455 1825 2747 1896 Tyanensi
2804 1826 3084 1882 nimirum
3161 1826 3418 1897 pontifici
3496 1826 3573 1897 (1)
3643 1827 3739 1896 ju-

327 1915 507 1970 ἐδόκει
542 1913 634 1969 καὶ
665 1912 834 1988 λόγον
884 1911 1038 1987 ἔχον,
1069 1913 1158 1967 καὶ
1209 1913 1275 1966 τὰ
1317 1913 1662 1986 πνευματικᾶ
1704 1918 1821 1975 τοῖς
1871 1911 1980 1984 δη-

335 2004 556 2078 μοσίοις
615 2000 1061 2077 συνδιαιρεῖσθαι,
1133 2002 1414 2057 κάντεῦθεν
1491 2000 1636 2058 ἔστιν
1692 2005 1767 2058 ὧν
1843 2003 1984 2057 ἀντι-

332 2095 614 2149 ποιεῖσθαι
667 2091 892 2166 χωρίων
937 2091 1014 2154 ὡς
1061 2091 1209 2162 αὐτῷ
1236 2112 1296 2166 γε
1346 2093 1514 2167 ταύτῃ
1568 2091 1929 2172 διαφερόντων
1965 2112 1979 2126 ο

336 2182 616 2254 Βασιλείῳ
666 2180 724 2236 δὲ
773 2181 953 2236 οὐκέτι
984 2199 996 2213 ⁶
1051 2179 1182 2236 ἀλλ’
1226 2180 1356 2236 εἶναι
1411 2182 1504 2255 μὲν
1559 2184 1678 2238 καθ’
1733 2181 1867 2237 αὐτὰ
1919 2183 1986 2236 τὰ

335 2272 512 2330 Τύανα
569 2273 948 2346 συγχωρῆσαι,
1003 2270 1188 2344 ἑτέρου
1246 2268 1302 2324 δὲ
1372 2269 1606 2344 μηδενὸς
1667 2273 1983 2346 τοπαράπαν

335 2360 744 2434 προσάπτεσται
780 2377 792 2389 ⁸
827 2359 902 2418 ὡς
933 2358 1150 2411 πάντων
1199 2358 1306 2411 τῶν
1339 2356 1526 2412 ἄλλων
1557 2363 1626 2433 τῇ
1679 2360 1983 2434 Καισαρέων

336 2447 646 2517 Ἐκκλησία
675 2447 813 2501 κατᾶ
839 2445 964 2507 τοὺς
998 2443 1196 2500 ἄνωθεν
1228 2447 1430 2519 νόμους
1462 2449 1847 2522 ἀνακειμένων,
1879 2450 1986 2503 αὐ-

334 2541 434 2592 τὸν
468 2536 526 2591 δέ
552 2539 652 2606 τήν
682 2541 790 2591 τῶν
821 2533 1196 2591 Καππαδοκῶν
1228 2538 1432 2591 ἅπασαν
1470 2539 1657 2612 χώραν
1707 2537 1990 2599 πλείστοις

337 2631 496 2688 ὅσοις
529 2627 851 2686 ἐπισκόποις
901 2621 1182 2680 διαλαϐεῖν
1217 2646 1230 2658 °
1275 2626 1365 2681 καὶ
1408 2625 1540 2700 μηδ’
1587 2630 1840 2696 ἡντινοῦν
1889 2628 1994 2682 αὐ-

337 2722 460 2777 τοῖς
493 2715 656 2770 πόλιν
689 2714 724 2783 ἢ
757 2716 952 2786 κώμην
982 2713 1097 2768 οἵαν
1151 2713 1432 2790 ἰεραρχίαν
1483 2712 1758 2789 δεδέχθαι,
1788 2717 1991 2786 ταύτης

345 2803 455 2876 ἔξω
513 2803 879 2860 καταλιπεῖν’
937 2803 1049 2882 έφῷ
1109 2802 1346 2876 μάλιστα
1408 2805 1501 2877 μὶν
1558 2806 1736 2860 πλείω
1791 2826 1849 2860 τε
1903 2804 1993 2860 καὶ

343 2892 573 2950 καλλίω
604 2895 706 2962 τήν
735 2897 843 2946 τῶν
872 2895 1067 2966 ψυχῶν
1100 2891 1414 2965 ἐπιμέλειαν
1453 2892 1688 2948 ἐντεῦθεν
1730 2895 1996 2971 γενέσθαι,

349 2982 542 3039 ἔπειτα
602 2981 692 3037 διὰ
741 2986 840 3036 τοῦ
895 2986 1002 3035 τῶν
1063 2981 1372 3038 ἐπισκόπων
1425 2979 1648 3038 ἕκαστον
1704 2986 1770 3039 τὰ
1825 2983 2000 3039 οἰκεῖα

349 3072 677 3140 κεκτῆσθαι,
708 3072 797 3124 καὶ
852 3069 1058 3124 τούτων
1104 3071 1373 3143 κατάκρας
1417 3071 1856 3127 ἀντιποιεῖσθαι·
1902 3074 2002 3142 τήν

351 3183 417 3218 τε
466 3163 649 3216 στάσιν
701 3158 750 3229 ἐξ
799 3159 1042 3235 ἀνάγκης
1090 3159 1370 3230 λελύσθαι,
1419 3164 1520 3233 τήν
1577 3183 1636 3218 τε
1693 3162 1999 3237 Καισαρέων

352 3251 511 3322 πλήν
543 3273 605 3325 γε
648 3253 882 3320 Τυάνων,
912 3251 979 3306 τὰ
1025 3253 1200 3321 αὐτῆσ
1239 3250 1303 3306 αὖ
1350 3253 1691 3326 κεκομίσθαι,
1724 3255 1800 3326 μὴ
1853 3251 2006 3308 δυνα-

357 3342 530 3415 μένου
559 3345 656 3396 τοῦ
684 3341 927 3396 Τυανέων
956 3341 1090 3414 πρὸς
1120 3341 1419 3405 τοσούτους
1447 3343 1738 3418 ἀνταίρειν.

2093 1919 2246 1970 stum
2303 1919 2478 1985 atque
2524 1931 2758 1986 aequum
2807 1931 2932 1971 esse
2979 1915 3302 1983 videbatur,
3333 1920 3401 1970 ut
3447 1932 3560 1970 una
3603 1932 3738 1972 cum

2094 2004 2364 2061 civilibus
2386 2003 2748 2076 publicisque
2768 2005 3092 2077 spiritualia
3113 2005 3542 2075 dividerentur;
3563 2014 3736 2078 atque

2097 2099 2160 2148 ut
2189 2093 2314 2150 loca
2341 2094 2632 2164 quaedam,
2664 2098 2948 2164 tanquam
2991 2093 3099 2150 bac
3147 2095 3374 2150 ratione
3427 2095 3641 2162 debita,
3673 2095 3733 2151 in

2098 2199 2263 2238 suam
2285 2183 2580 2240 ditiomem
2614 2187 3070 2254 potestatemque
3099 2183 3234 2238 inde
3266 2193 3560 2250 assereret,
3583 2185 3739 2256 quod

2099 2271 2312 2327 Basilio
2361 2272 2817 2342 haudquaquam
2869 2272 3243 2343 probabatur,
3297 2272 3392 2344 qui
3451 2273 3740 2344 Tyanensi

2099 2362 2335 2431 quidem
2376 2361 2641 2416 Ecclesia;
2682 2361 2923 2416 liberam
2955 2377 3242 2432 suamque
3265 2361 3739 2432 jurisdictionem

2102 2449 2496 2521 permittebat,
2512 2451 2686 2504 modo
2709 2465 2780 2504 ne
2797 2450 2954 2505 aliud
2980 2454 3256 2521 praeterea
3287 2451 3605 2521 quidquam
3628 2449 3742 2506 sibi

2105 2539 2676 2610 usurparet,quando
2692 2538 2916 2608 reliqua
2941 2540 3134 2593 omnia
3167 2539 3409 2610 antiquo
3440 2539 3571 2609 jure
3603 2554 3746 2609 pon-

2103 2629 2285 2684 tificio
2314 2628 2650 2685 Caesariensi
2672 2628 2941 2684 Ecclesiae
2978 2627 3257 2683 attributa
3283 2633 3516 2684 essent:
3543 2645 3612 2683 ea
3637 2629 3748 2700 igi-

2105 2726 2198 2774 tur
2227 2735 2286 2774 re
2314 2717 2742 2790 Cappadociam
2773 2732 3000 2772 omnem
3032 2715 3304 2788 plurimis
3341 2716 3439 2772 ille
3465 2733 3750 2788 occupare

2106 2809 2393 2879 episcopis
2416 2807 2763 2878 nullumque
2783 2805 3063 2877 oppidum
3085 2810 3186 2860 aut
3199 2822 3414 2877 pagum
3430 2805 3752 2876 pontificali

2108 2897 2474 2968 suscipiendo
2518 2895 2763 2967 imperio
2813 2896 3112 2962 idoneum,
3153 2911 3220 2951 eo
3276 2911 3520 2952 vacuum
3573 2896 3750 2951 relin-

2112 3003 2329 3059 quere;
2362 2987 2471 3042 hoc
2502 2984 2874 3057 potissimum
2916 2984 3181 3048 consilio,
3217 2989 3278 3040 ut
3324 2984 3576 3056 amplior
3615 2985 3752 3040 inde

2112 3074 2546 3144 accuratiorque
2585 3073 2915 3128 animarum
2947 3071 3244 3128 exsisteret
3272 3072 3516 3140 curatio,
3540 3073 3754 3128 deinde

2113 3165 2310 3229 etiam,
2330 3168 2394 3218 ut
2423 3161 2713 3234 episcopis
2741 3177 2880 3217 suas
2909 3160 3162 3234 singulis
3194 3161 3546 3229 tenentibus,
3567 3178 3632 3218 ac
3649 3179 3756 3234 pro

2115 3253 2264 3309 virili
2295 3256 2454 3324 parte
2485 3252 2766 3307 acerrime
2807 3251 3133 3312 tuentibus,
3165 3253 3354 3316 sedes,
3379 3255 3437 3307 et
3484 3251 3756 3308 seditioni

2118 3341 2441 3398 necessario
2473 3339 2606 3395 ﬁnis
2635 3340 3053 3410 imponeretur,
3084 3345 3141 3396 et
3170 3356 3277 3395 sua
3324 3341 3558 3407 iterum,
3591 3357 3759 3398 exce-

353 3433 478 3505 ptis
536 3433 770 3506 Tyanis,
804 3432 1172 3489 Caesariensis
1228 3441 1594 3505 recuperaret
1647 3435 1922 3504 Ecclesia,
1957 3433 2166 3506 impari
2230 3431 2498 3487 videlicet
2561 3430 2829 3501 pluribus
2885 3430 3081 3486 futuro
3137 3429 3535 3500 Tyanensium
3594 3432 3756 3487 alti-

350 3523 519 3580 stite.

435 3613 517 3668 II'.
549 3614 722 3666 Ταῦτα
757 3609 805 3666 δ’
852 3609 1082 3666 ἐπαίνων
1111 3612 1275 3681 ἀξίως
1325 3610 1628 3682 διανοηθείς
1675 3633 1731 3668 τε
1771 3612 1860 3667 καὶ
1907 3633 2003 3667 καο

352 3699 658 3773 ταπράξας,
718 3700 808 3754 καὶ
860 3706 1066 3762 πάντας
1123 3698 1398 3772 ἐκπλήξας
1458 3703 1541 3764 οἷς
1609 3698 1795 3771 δεξιῶς
1873 3699 2005 3776 ἄγαν

357 3789 563 3863 ἐξεῦρε,
596 3791 694 3857 τήν
736 3789 830 3863 μέν
878 3789 977 3844 οὐκ
1007 3786 1252 3863 εὐλόγως
1305 3787 1662 3863 διαιρεθεῖσαν
1694 3791 1899 3865 χώραν,
1933 3790 2008 3854 εἷς

353 3880 416 3934 ἓν
450 3878 605 3942 αὖθις
634 3877 880 3953 εὐλόγως
913 3883 1228 3953 συναγαγεῖν
1257 3879 1348 3933 καὶ
1394 3880 1643 3953 συνάψαι,
1681 3884 1808 3940 τοὺς
1839 3879 1898 3934 δὲ
1938 3901 2007 3954 τῃ

355 3968 505 4041 πρὸς
548 3967 710 4022 αὐτὸν
762 3967 1023 4042 βασκανίᾳ
1071 3969 1218 4022 τοῦτ’
1277 3969 1666 4044 εἰργασμένους
1733 3970 2008 4047 αἰσχῦναι,

362 4059 485 4112 καθ’
533 4058 588 4112 ’ὲν
645 4063 807 4112 τοῦτο
862 4059 1028 4131 μόνον
1075 4058 1178 4112 οὐκ
1224 4052 1372 4130 ἔδοξε
1417 4058 1625 4126 καλῶς,
1684 4057 1798 4113 οὐδ’
1848 4059 2010 4131 ἀξίως

366 4150 569 4202 ἑαυτοῦ
621 4142 1035 4221 βεϐουλεῦσθαι,
1066 4151 1146 4218 τῷ
1175 4147 1262 4200 καὶ
1316 4149 1408 4202 τὸν
1455 4148 1754 4222 Γρηγόριον
1779 4146 1870 4202 ἕνα
1916 4153 2013 4204 τοῦ

366 4241 628 4296 τοιούτου
696 4240 1002 4312 καταλόγου
1074 4239 1165 4294 καὶ
1236 4239 1462 4308 ταυτησὶ
1517 4247 1618 4308 τῆς
1690 4246 1863 4316 φορᾶς
1927 4262 2015 4296 πε·

363 4333 652 4399 ποιῆσθαι,
703 4331 793 4384 καί
841 4331 938 4400 τήν
994 4327 1240 4404 μεγάλην
1291 4334 1388 4384 τοῦ
1449 4328 1619 4404 λόγου
1679 4332 1865 4408 φωνὴν
1925 4331 2017 4384 καὶ

365 4421 544 4475 πάντα
575 4422 950 4497 περιηχοῦσαν
981 4421 1047 4473 τὰ
1086 4418 1309 4493 πέρατα,
1343 4419 1605 4492 Σασίμοις
1637 4419 1812 4496 φέρων
1861 4419 2016 4496 ἐγκα-

644 4477 654 4492 .
725 4477 784 4497 ηκ,
1158 4477 1167 4493 ι
1297 4477 1308 4485 -
1481 4477 1492 4492 ι
1591 4477 1601 4481 -
1649 4477 1712 4496 ..
1899 4477 1910 4496 .

363 4515 657 4578 ταστῆσαι,
696 4506 1099 4581 παραρλήσιον,
1149 4507 1331 4582 ὥσπερ
1362 4509 1440 4576 ἂν,
1490 4509 1534 4562 εἰ
1583 4509 1674 4562 καὶ
1720 4509 1810 4563 τὸν
1855 4507 2016 4579 ἥλιον
2049 4477 2094 4542 D

364 4601 599 4673 ἠξίωσεν
657 4599 904 4654 ὁστισοῦν
960 4597 1012 4653 ἐν
1069 4597 1260 4673 φαύλῳ
1332 4605 1432 4667 τῆς
1487 4601 1586 4670 γῆς
1666 4597 1813 4675 μέρει
1887 4620 2015 4674 συγ-

365 4690 600 4748 κλείειν.

447 4957 575 5014 ΠΔ’.
601 4954 788 5011 Καίτοι
812 4955 935 5011 εἰτὸ
950 4956 1076 5018 τοὺς
1098 4954 1288 5020 ἁπλῶς
1309 4953 1672 5031 έταίρους,κᾶν
1701 4957 1777 5029 μὴ
1805 4955 2016 5012 πολλου

372 5069 523 5109 τινος
555 5045 745 5110 ἄλλως
789 5043 930 5116 ἄξιοι
978 5045 1219 5121 τύχωσιέ
1251 5045 1422 5113 ὄντες,
1452 5051 1561 5101 τῶν
1613 5047 1837 5102 εἰκότων
1881 5045 2018 5101 ἄπο-

376 5142 581 5212 στερεῖν
617 5133 716 5191 οὐκ
759 5133 1060 5197 ἐπαινετὸν,
1092 5138 1210 5196 πῶς
1254 5133 1354 5190 ούκ
1401 5135 1460 5189 ἂν
1513 5134 1596 5202 εἴη
1643 5139 1752 5189 τῶν
1802 5135 2018 5190 ἀτόπων

375 5227 470 5282 καὶ
498 5226 680 5296 πάσης
727 5225 1122 5299 ἀγνωμοσύνης
1177 5225 1389 5297 μεστὸν,
1440 5225 1566 5280 ὅταν
1612 5245 1693 5286 τις
1744 5226 1880 5300 μετὰ
1925 5227 2021 5280 τοῦ

375 5316 515 5371 πάνυ
571 5335 655 5369 τοι
709 5315 936 5387 μανικὸς
995 5312 1224 5390 ἐραστής
1280 5335 1338 5370 τε
1393 5315 1484 5370 καὶ
1535 5311 1814 5390 ἐρώμενος
1863 5315 2024 5388 εἶναι,

377 5406 665 5482 βέλτιστος
696 5403 785 5460 διὰ
831 5407 1052 5462 πάντων
1101 5404 1190 5460 καὶ
1219 5405 1571 5482 πολλαχόθεν
1618 5403 1763 5481 ἔχων
1817 5408 2027 5480 θαυμά-

377 5498 583 5569 ζεσθαι,
623 5492 808 5552 ἔπειτα
858 5496 936 5569 μή
984 5500 1084 5567 τῆς
1133 5496 1468 5573 γιγνομένης
1518 5496 1667 5571 παρὰ
1709 5501 1827 5560 τοῖς
1876 5497 2027 5552 ταῦτ’

450 5688 526 5758 (ι)
555 5684 846 5744 Antbimo.

2187 3611 2384 3668 LXXX.
2419 3610 2696 3667 Caeterum
2747 3617 2810 3666 ut
2851 3609 3223 3666 laudabiliter
3270 3609 3382 3665 ista
3420 3612 3764 3681 excogitavit

2117 3702 2330 3772 pariter
2358 3719 2423 3756 ac
2454 3701 2714 3774 perfecit,
2744 3701 3123 3770 omniumque
3154 3702 3268 3756 sibi
3315 3700 3759 3757 admirationem

2118 3792 2335 3863 peperit
2367 3790 2632 3857 Basilius,
2656 3806 2722 3846 eo
2753 3792 2904 3861 quod
2937 3790 3320 3847 solertissime
3345 3792 3501 3845 viam
3533 3805 3762 3862 repere-

2120 3885 2230 3948 rat,
2267 3879 2596 3936 inconsulto
2645 3879 2887 3935 oonsilio
2937 3879 3184 3936 divisam
3234 3879 3614 3952 provinciam,
3663 3897 3758 3935 sa-

2122 3968 2350 4041 pienter
2378 3985 2582 4024 rursus
2615 3969 2672 4023 in
2706 3985 2888 4024 unum
2921 3969 3289 4024 conducendi
3330 3968 3760 4038 conjungendi-

2123 4060 2611 4130 que,justumque
2640 4059 2893 4130 illis,qui
2926 4059 3046 4116 hac
3076 4076 3235 4114 mera
3260 4062 3540 4115 adversus
3571 4061 3759 4130 ipsum

2125 4147 2532 4204 malevolentia
2559 4165 2626 4204 ac
2658 4149 2873 4202 invidia
2910 4148 3193 4204 stimulati
3243 4154 3557 4220 patrarant,
3599 4151 3766 4204 incu-

2125 4240 2308 4294 tiendi
2360 4240 2664 4311 pudorem.
2698 4239 2781 4294 Ita
2828 4239 2886 4294 in
2939 4239 3044 4294 hoc
3093 4255 3206 4295 uno
3249 4241 3548 4309 duntaxat,
3581 4255 3766 4310 neque

2126 4330 2370 4394 bonum,
2397 4343 2582 4398 neque
2609 4343 2668 4383 se
2699 4327 2964 4399 dignum,
3004 4328 3208 4384 iniisse
3237 4329 3398 4384 vlsus
3443 4333 3532 4384 est
3581 4328 3768 4384 consi-

2129 4416 2295 4486 Iium,
2325 4416 2478 4488 quod
2509 4416 2858 4484 pontificalis
2889 4417 3063 4486 hujus
3093 4417 3338 4489 catalogi
3361 4433 3425 4473 ac
3460 4426 3770 4488 proventus

2127 4523 2310 4562 unum
2341 4507 2516 4561 etiam
2546 4505 2884 4578 Gregorium
2915 4506 3198 4572 feceisset,
3231 4514 3285 4562 et
3307 4523 3576 4575 magnam
3608 4505 3767 4561 illam

2127 4595 2308 4652 divini
2339 4596 2496 4652 verbi
2528 4611 2750 4664 vocem,
2775 4611 3092 4668 omnesque
3135 4599 3419 4651 terrarum
3450 4597 3768 4666 pervaden-

2128 4689 2248 4741 tem
2283 4683 2452 4741 ﬁnes.
2495 4685 2740 4741 Sasimis
2769 4684 3166 4756 imposuisset,
3199 4684 3352 4740 haud
3385 4682 3658 4740 dissimili
3689 4701 3774 4740 ra-

2126 4776 2304 4840 tione,
2323 4779 2500 4846 atque
2524 4775 2569 4830 si
2592 4774 2770 4832 solem
2793 4775 3088 4847 quispiam
3107 4774 3345 4846 ignobili
3377 4773 3574 4845 aliquo
3604 4778 3773 4829 terras

2127 4865 2253 4922 loco
2282 4865 2623 4920 conclusum
2656 4865 2868 4921 abdere
2896 4865 3060 4920 velit.

2205 4955 2454 5010 LXXXI.
2488 4958 2614 5011 Jam
2660 4954 2710 5010 si
2761 4955 2982 5011 amicos
3031 4970 3437 5026 quoscunque,
3469 4953 3572 5026 qui
3603 4957 3773 5011 caste-

2131 5045 2299 5116 roqui
2321 5043 2476 5100 haud
2503 5061 2716 5117 magno
2739 5045 3058 5100 admodum
3081 5059 3322 5099 numero
3345 5044 3586 5114 locoque
3610 5049 3772 5113 sunt,

2131 5135 2205 5191 iis
2234 5152 2360 5207 quae
2394 5150 2550 5206 aequa
2581 5139 2637 5190 et
2665 5133 3066 5190 convenientia
3091 5138 3228 5188 sunt
3276 5133 3560 5193 fraudare,
3595 5133 3776 5188 haud-

2136 5241 2432 5298 quaquam
2465 5224 2770 5280 bonestum
2797 5239 2862 5277 ac
2883 5221 3172 5278 laudabile
3194 5222 3465 5289 habetur;
3483 5223 3776 5292 quomodo

2136 5331 2252 5369 non
2284 5314 2570 5370 absonum
2603 5311 2864 5384 plane,et
2884 5311 3192 5382 iniquitate
3213 5311 3620 5382 plenissimum
3642 5311 3775 5367 fue-

2137 5404 2230 5476 rit,
2262 5404 2496 5475 quando
2528 5403 2624 5475 qui
2657 5417 2804 5474 pene
2832 5403 3042 5458 insano
3074 5400 3323 5470 alicujus
3373 5415 3570 5457 amore
3597 5401 3778 5473 depe-

2137 5497 2230 5566 rit,
2266 5511 2370 5552 neo
2403 5495 2597 5553 minus
2635 5493 2883 5550 invicem
2905 5491 3089 5548 eidem
3123 5491 3455 5548 redamatur
3477 5510 3492 5564 ;
3517 5490 3617 5563 qui
3639 5507 3780 5565 pra-
