4118 6214
409 305 528 364 295

1717 301 2112 364 THEODULI
2159 304 2512 369 MONACHI

3692 318 3821 378 296

395 443 561 495 terea
590 439 762 510 longe
781 437 1057 494 omnibus
1076 437 1133 492 in
1167 435 1343 491 rebus
1373 435 1911 506 prastantissimus,
1931 453 2045 492 om-

2170 438 2313 507 αὐτῷ
2372 437 2654 511 ξυνειδόσι,
2711 446 2884 514 τιμῆς
2937 440 3218 517 ἀπολαύῃ.
3273 445 3337 498 Ὃ
3395 443 3461 514 δὴ
3536 450 3627 502 καὶ
3685 453 3817 505 τότε

400 531 580 602 nique
613 530 824 584 artium
861 528 1262 596 virtutumque
1289 542 1498 596 genere
1528 527 1891 582 admirabilis
1920 533 2048 596 est;

402 619 498 674 hic
546 619 701 690 apud
744 617 844 672 bos
892 615 1074 686 ipsos,
1107 615 1208 684 qui
1255 614 1507 670 istarum
1557 631 1750 670 rerum
1782 616 2047 671 omnium

403 709 621 765 conscii
657 715 946 776 testesque
974 705 1089 776 ipsi
1121 709 1283 768 sunt,
1305 704 1410 774 jus
1439 720 1612 759 suum
1655 703 2050 776 honoremque

403 797 688 860 debitum,
717 811 833 850 non
856 791 1272 862 consequitur?
1292 793 1452 858 Quod
1478 799 1604 847 tum
1634 793 1905 861 Gregorio
1937 809 2047 848 usu

400 887 637 942 veniens
670 885 1038 940 vehementer
1087 883 1357 938 homines
1407 883 1799 954 perturbavit;
1833 884 2049 954 quippe

401 975 498 1047 qui
524 990 760 1030 summa
791 973 956 1028 illum
990 989 1233 1043 quaeque
1264 971 1524 1026 aBasilio
1555 976 2047 1042 accepturum,et,

397 1081 525 1135 quae
558 1069 682 1118 tum
715 1062 993 1118 Basiliam
1046 1062 1203 1128 dare,
1237 1068 1361 1115 tum
1415 1061 1757 1132 Gregorium
1791 1063 2051 1131 accipere

395 1169 502 1225 par
545 1158 687 1218 erat,
718 1154 1128 1222 speraverant;
1165 1166 1345 1220 parva
1375 1166 1507 1203 vero
1561 1150 1847 1220 quaepiam
1897 1151 2048 1204 dun-

392 1246 576 1309 taxat,
617 1247 674 1296 et
718 1257 841 1312 quae
891 1240 1030 1296 adeo
1097 1239 1251 1294 infra
1300 1238 1730 1293 sanctissimam
1785 1239 2048 1311 ipsorum

397 1333 918 1400 necessitudinem,
934 1332 1298 1400 aiiorumque
1317 1330 1806 1400 exspectationem
1829 1336 2046 1398 essent,

399 1423 595 1494 reipsa
617 1420 964 1489 cennebant,
998 1424 1061 1474 ut
1089 1420 1433 1490 priusquam
1485 1418 1710 1484 ﬁerent,
1735 1435 1906 1473 nemo
1957 1421 2047 1474 fu-

398 1516 532 1567 tura
559 1509 923 1574 credidisset,
958 1515 1011 1562 et
1060 1510 1208 1562 facta
1250 1507 1442 1563 denuo
1474 1507 1613 1562 item
1662 1506 2048 1573 incredibilia,

400 1601 681 1671 caecisque
730 1598 1079 1669 ambagibus
1127 1595 1405 1663 involuta,
1452 1595 1812 1663 viderentur,
1847 1613 2052 1668 ,usque

399 1694 541 1749 adeo
574 1695 780 1761 preter
819 1705 1047 1744 omnem
1081 1687 1388 1742 hominum
1421 1702 1586 1758 spem
1620 1691 1748 1742 tum
1774 1687 2050 1758 :Basilius

400 1784 560 1839 visus
610 1786 718 1848 est,
747 1797 934 1851 neque
984 1779 1282 1849 Gregorio,
1315 1782 1380 1832 ut
1429 1778 1645 1850 insigni
1698 1777 1869 1849 plane
1906 1779 2048 1846 viro,
2079 1806 2126 1870 Β

400 1872 657 1942 aliosque
686 1886 890 1925 omnes
921 1884 1322 1939 supergresso,
1355 1867 1566 1937 dignos
1612 1867 1888 1923 habuisse
1937 1867 2046 1924 ho-

397 1976 609 2018 nores:
643 1974 828 2030 neque
863 1963 922 2013 ut
951 1961 1157 2012 cetera
1195 1956 1308 2028 ipsi
1348 1956 1552 2011 viliora
1603 1961 1800 2012 essent
1829 1958 2044 2025 omnia,

398 2050 666 2106 amicitiai
689 2048 896 2104 saltem
913 2049 1048 2119 jura
1067 2062 1205 2117 erga
1226 2045 1482 2100 sodalem
1515 2062 1689 2100 suum
1713 2046 2048 2112 observare,

398 2141 498 2194 sed
532 2142 725 2210 ipsum
758 2155 871 2192 non
923 2153 1088 2192 secus
1137 2153 1204 2190 ac
1251 2141 1490 2190 ceteros
1540 2135 1648 2189 hoc
1708 2136 1764 2189 in
1814 2136 2046 2206 negotio

399 2229 635 2297 habere,
669 2229 940 2292 voluisse,
970 2243 1080 2297 quo
1113 2227 1238 2295 ipso
1274 2241 1388 2280 non
1440 2224 1784 2295 Gregorium
1840 2226 2045 2296 magis,

399 2335 572 2391 quam
607 2317 704 2373 illo
736 2317 1136 2387 semetipsum,
1167 2314 1602 2370 dehonestabat.
1639 2313 1763 2368 Nisi
1796 2315 1904 2368 hoc
1932 2314 2051 2369 {or-

408 2417 562 2465 tasse
590 2409 763 2464 modo
785 2406 1063 2462 Basilium
1097 2405 1388 2475 quispiam
1424 2403 1728 2458 defensum
1753 2407 1865 2469 eat,
1890 2404 2044 2471 quod

407 2514 595 2569 neque
645 2497 863 2553 sodalis
909 2495 997 2550 sui
1030 2494 1443 2565 despicatione,
1499 2509 1684 2563 neque
1728 2492 2046 2564 singularis

403 2593 578 2658 atque
607 2591 823 2642 mutuae
855 2601 972 2640 suis
999 2582 1704 2652 familiaritatis,datinque
1732 2583 1956 2636 dudum
1990 2587 2048 2636 et

395 2685 638 2746 acceptis
679 2675 834 2740 fidei,
858 2673 1168 2740 oblivione,
1200 2687 1387 2742 neque
1438 2687 1640 2725 rursus
1679 2669 2046 2742 ignoratione

391 2765 508 2820 veri
542 2764 862 2836 pretii,quo
904 2762 1117 2833 dignus
1147 2760 1384 2815 omnine
1419 2760 1732 2831 Gregorius
1761 2763 1933 2829 esset,
1972 2760 2043 2814 ad

394 2853 546 2908 hanc
597 2854 672 2907 de
715 2853 842 2923 ipso
894 2851 1192 2906 ferendam
1242 2849 1592 2904 sententiam
1645 2848 1902 2916 veniret;
1937 2851 2040 2903 sed

397 2943 550 3014 quod
587 2941 880 2996 hominem
911 2940 1066 3008 apud
1097 2953 1160 2993 se
1192 2944 1470 3009 perpetuo
1501 2936 1769 3004 retinere,
1801 2939 2044 3008 ejusque

395 3031 707 3102 presentia
738 3046 804 3085 ac
835 3027 1258 3084 consuetudine
1288 3025 1488 3082 oculos
1529 3027 1912 3094 animumque
1947 3043 2043 3096 pa-

395 3135 557 3176 scere
589 3125 842 3190 cuperet,
875 3133 1062 3188 neque
1093 3115 1490 3172 suavissimam
1525 3117 1696 3169 modo
1730 3114 1842 3168 sibi
1881 3113 2042 3168 illius

2157 528 2283 600 περὶ
2340 530 2432 583 τὸν
2491 531 2793 604 Γρηγόριον
2852 527 3121 599 δήπουθεν
3181 534 3398 605 γενονὸς
3465 535 3668 596 πάντας
3726 537 3806 610 ἐξ·

2160 615 2362 686 επληξε
2393 637 2406 648 ο
2448 617 2665 690 μεγάλα
2713 620 2810 689 μὲν
2841 619 3128 691 οἰομένους
3161 621 3220 674 ἂν
3275 622 3425 694 αύτῴ
3468 643 3616 697 παρα
3648 632 3812 680 Βασιο

2159 702 2310 760 λείου
2366 707 2633 781 γενέσθαι,
2685 709 2774 760 καὶ
2833 706 2932 762 ὅσα
2982 713 3172 763 τοῦτον
3229 711 3502 780 κάκεῖνον,
3546 715 3640 767 τὸν
3707 722 3808 788 μὲν

2159 790 2365 863 δοῦναι,
2395 795 2490 848 τὸο
2523 793 2570 848 δ’
2602 795 2745 858 εἰκὸς
2772 794 3051 874 εἰληφέναι
3085 817 3098 829 ·
3141 797 3307 872 μικρά
3347 796 3404 852 δὲ
3449 799 3682 867 ἰδόντας,
3715 803 3811 856 καὶ

2159 881 2332 942 οὕτως
2360 889 2461 952 τῆς
2489 904 2548 937 τε
2577 883 2715 955 πρδς
2748 881 3036 953 ἀλλήλους
3066 887 3244 940 αὐτῶν
3277 889 3596 960 θαυμαστῆς
3640 888 3810 963 ἕξεως

2156 971 2248 1024 καὶ
2304 979 2404 1040 τῆς
2461 977 2566 1026 τῶν
2625 971 2815 1027 ἄλλων
2873 971 3205 1047 προσδοκίας
3275 980 3612 1032 παντάπασιν
3671 980 3817 1035 ἀπο⁸

2161 1056 2370 1130 δέοντα,
2421 1061 2494 1122 ὡς
2551 1064 2678 1136 πρίν
2741 1063 2836 1134 μὲν
2891 1065 3158 1136 γενέσθαι,
3203 1066 3279 1137 μή
3341 1069 3681 1123 πιστεύεσθαι
3741 1070 3811 1123 ἂν

2157 1152 2492 1223 γεγενῆσθαι,
2533 1152 2800 1226 γενόμενα
2853 1148 2908 1206 δὲ
2966 1153 3132 1206 πάλιν
3191 1152 3256 1207 αὖ
3314 1155 3652 1212 ἀπιστεῖσθαι
3711 1159 3812 1212 καὶ

2159 1238 2236 1299 εἰς
2268 1237 2469 1312 ἄπορον
2516 1240 2732 1294 πίπτειν
2770 1259 2782 1271 ·
2835 1240 3007 1302 οὕτως
3044 1241 3138 1295 ἀπ’
3188 1240 3412 1306 ἐλπίδος
3462 1246 3668 1315 ἀπάσης
3705 1253 3813 1300 Βα-

2162 1327 2368 1388 σίλειος
2403 1329 2625 1382 ὦπται·
2679 1325 2802 1382 οὔτε
2829 1333 3019 1384 τοῦτον
3064 1331 3138 1393 ὼς
3190 1333 3500 1405 θαυμαστόν
3551 1355 3669 1389 τινα
3711 1336 3812 1391 καὶ

2160 1415 2293 1489 ὑπὲρ
2340 1419 2541 1480 πάντας
2588 1413 2716 1471 ὅντα
2763 1419 2890 1481 τοὺς
2936 1416 3146 1480 ἄλλους
3192 1421 3262 1475 τά
3306 1421 3487 1477 εἰκότα
3536 1427 3811 1496 τιμήσας,

2159 1498 2272 1554 οὔτ’
2303 1500 2350 1555 εἰ
2384 1503 2459 1573 μή
2490 1523 2542 1556 τι
2585 1499 2788 1577 ἓτερον,
2818 1504 2946 1565 τοὺς
2993 1508 3120 1577 γοῦν
3159 1506 3394 1579 ἑταιρίας
3442 1508 3644 1580 νόμους
3677 1513 3811 1582 περί

2158 1593 2317 1648 αὐτὸν
2351 1593 2611 1664 ἐθελήσας
2657 1594 2910 1671 φυλάξαι,
2937 1595 3084 1651 ἀλλά
3131 1597 3268 1654 κατά
3294 1601 3421 1661 τοὺς
3473 1598 3678 1663 ἄλλους
3708 1604 3808 1656 καὶ

2155 1683 2335 1756 τούτῳ
2394 1685 2747 1758 χρήσασθαι·
2807 1687 2872 1740 ού
2933 1684 3148 1758 μᾶλλον
3202 1692 3396 1744 τοῦτον
3451 1688 3708 1757 ἐντεῦθεν,
3763 1694 3809 1762 ἢ

2157 1774 2341 1828 ἑαυτὸν
2392 1773 2658 1846 ἀτιμάσας
2713 1773 2913 1830 ἐκεῖθεν
2951 1794 2965 1807 ·
3019 1775 3170 1846 πλὴν
3220 1776 3271 1831 εἷ’
3323 1799 3407 1840 τις
3451 1779 3582 1852 ὑπὲρ
3630 1781 3809 1836 αὐτοῦ

2155 1865 2302 1916 τοῦτ’
2332 1859 2449 1940 ἔχει
2501 1860 2703 1937 λέγειν,
2753 1864 2829 1926 ὡς
2878 1863 2978 1919 οὐκ
3027 1864 3376 1942 ὑπερφρονῶν
3421 1868 3513 1922 τὸν
3564 1869 3808 1942 ἑταῖρον,

2156 1947 2283 2005 οὐδὲ
2331 1958 2432 2018 τῆς
2482 1953 2787 2026 ὑπερφυοῦς
2836 1954 2974 2027 πρὸς
3023 1953 3310 2025 ἀλλήλους
3361 1958 3659 2030 συμπνοίας
3708 1960 3807 2012 καὶ

2154 2044 2262 2094 τῶν
2291 2038 2342 2109 ἐξ
2393 2041 2573 2114 ἀρχῆς
2624 2041 2940 2117 ὁμολογιῶν
2971 2042 3120 2111 ἥκων
3167 2043 3244 2105 εἷς
3297 2044 3470 2115 λήθην
3507 2066 3521 2080 ο
3570 2044 3686 2102 οὐδ’
3731 2045 3807 2100 αὗ

2156 2128 2290 2182 ὅσου
2319 2131 2463 2190 τινὸς
2502 2130 2569 2198 ἦν
2610 2128 2811 2191 ἐκεῖνος
2850 2130 3150 2205 ἀξιόχρεως
3196 2133 3433 2207 ἀγνοῶν,
3465 2134 3554 2190 ἐπὶ
3594 2135 3806 2207 ταύτην

2155 2211 2322 2271 ἔπειθ’
2361 2217 2483 2286 ἥκει
2526 2220 2628 2288 την
2676 2223 2880 2296 ψῆφον,
2912 2219 3041 2274 ἀλλ’
3089 2220 3191 2295 ἀρα
3238 2225 3364 2296 παρ’
3413 2223 3561 2296 αὐτῷ
3603 2230 3802 2281 τοῦτον

2155 2304 2300 2380 ἔχειν
2355 2305 2555 2362 ἐθέλων
2614 2308 2742 2377 αἰεὶ,
2790 2310 2881 2363 καὶ
2940 2310 3068 2382 ὁρᾷν
3123 2312 3214 2364 καὶ
3270 2311 3519 2382 ξυνεῖναι,
3570 2314 3659 2368 καὶ
3717 2317 3799 2388 μή

2161 2397 2323 2468 μόνον
2355 2403 2456 2465 τῆς
2487 2395 2719 2465 ἡδίστης
2765 2397 2930 2452 αὐτοῦ
3081 2402 3266 2475 φωνῆς
3295 2421 3354 2455 τε
3401 2403 3487 2456 καὶ
3540 2404 3809 2478 γλώττης

2156 2485 2394 2548 ἀκούειν,
2456 2485 2602 2540 ἀλλά
2657 2487 2745 2540 καὶ
2807 2484 2987 2560 λόγων
3045 2488 3341 2544 ἀπολαύειν
3412 2490 3652 2562 ἐκείνων,
3712 2496 3804 2554 οἷς

2157 2575 2536 2654 ἐφιλοτιμεῖτο
2590 2581 2876 2647 τοσοῦτον,
2935 2579 3010 2640 ὡς
3066 2577 3220 2634 οὕπω
3269 2587 3389 2642 τοῖς
3443 2583 3634 2639 ἑαυτοῦ
3684 2589 3801 2638 τῶν

2155 2666 2370 2720 πάντων
2403 2663 2602 2728 οὗδεῖς,
2636 2666 2750 2720 ἐπεὶ
2800 2664 2959 2722 τοῦδε
2986 2674 3174 2746 τυχεῖν
3226 2671 3328 2725 οὐκ
3365 2669 3553 2734 ἄλλως
3602 2673 3721 2734 οἶος
3750 2676 3804 2729 τ’

2154 2756 2244 2824 ἦν,
2274 2760 2620 2826 καινοτομεῖν
2662 2752 2750 2809 διά
2788 2775 2844 2809 τε
2881 2757 2972 2810 τὸν
3004 2758 3172 2812 πόθον
3212 2755 3349 2831 ᾤετο
3390 2757 3520 2829 δεῖν,
3552 2764 3641 2815 καί
3683 2765 3803 2836 ἅμα

2151 2845 2251 2912 τὴν
2279 2848 2376 2898 τοῦ
2424 2844 2731 2920 Γρηγορίου
2765 2843 3178 2924 μεγαλοψυχίαν
3221 2847 3310 2902 καὶ
3336 2851 3398 2917 ἣν
3446 2853 3584 2919 πρὸς
3633 2853 3800 2906 αὐτὸν

2154 2933 2296 3007 εἶχει
2343 2931 2481 2987 αἰδῶ
2527 2938 2711 3008 σαφῶς
2761 2931 3114 3007 ἐπιστάμενος
3146 2955 3158 2968 °
3207 2937 3280 2990 ὧν
3327 2943 3583 2994 τοσοῦτον
3644 2941 3797 3011 αὐτῷ

2162 3027 2384 3096 περιῆν,
2427 3021 2557 3075 ὥσθ’
2600 3023 2733 3097 ὅπερ
2782 3021 2985 3077 ἐκεῖνον
3037 3023 3205 3098 ἐχρῆν
3253 3028 3388 3102 πρὸς
3433 3029 3596 3083 αὐτὸν
3652 3027 3808 3085 ἐνδε-

2153 3107 2388 3184 δεῖχθαι,
2420 3112 2495 3173 ὡς
2521 3109 2624 3185 ἄρα
2652 3111 2774 3184 περί
2801 3110 3054 3173 πλείονος
3086 3112 3246 3168 αὐτὸν
3287 3116 3496 3171 πάντων
3529 3124 3792 3187 ποιεῖται,

392 3225 586 3265 vocem
619 3226 684 3263 ac
718 3210 978 3278 linguam
1006 3206 1246 3262 auribus
1277 3220 1576 3272 usurpare,
1614 3204 1715 3257 sed
1765 3203 2042 3258 orationi-

2155 3205 2231 3271 τῷ
2281 3201 2357 3273 μή
2406 3201 2789 3274 συντεταχέναι
2835 3207 2953 3263 τοῖς
3002 3200 3219 3274 ἄλλοις,
3250 3207 3396 3259 τοῦτ’
3445 3206 3603 3261 αὐτὸν
3653 3209 3794 3282 πρὸς

394 3299 508 3354 bus
553 3298 686 3352 item
737 3297 882 3368 ipsis
927 3294 1064 3362 frui,
1095 3296 1164 3349 de
1210 3293 1424 3365 quibus
1471 3297 1766 3360 tantOpere
1813 3291 2044 3362 gloriari

397 3387 604 3443 solitus
635 3390 778 3454 erat,
813 3389 1024 3455 quanto
1059 3399 1227 3438 nemo
1260 3381 1525 3437 omnium
1567 3381 1634 3435 ad
1690 3379 1854 3434 illum
1888 3381 2043 3435 diem

395 3475 466 3530 de
523 3475 650 3531 suis
704 3473 886 3544 ipsius
946 3472 1041 3542 (1).
1105 3471 1220 3526 Hoc
1277 3485 1409 3524 vero
1466 3485 1600 3524 cum
1659 3468 1768 3523 alia
1827 3469 2048 3524 ratione

397 3564 556 3620 nulla
586 3563 864 3633 consequi
919 3565 1137 3632 posset,
1171 3563 1227 3615 et
1280 3558 1734 3630 ﬂagrantissimo
1785 3558 2047 3630 Gregorii

395 3653 678 3708 desiderio
701 3653 1007 3719 adductus,
1032 3666 1206 3705 novas
1236 3649 1366 3703 illas
1397 3648 1508 3702 sibi
1542 3647 1915 3718 usurpandae
1935 3651 2048 3702 sta-

391 3745 505 3797 tuit
555 3740 1036 3805 machinationes,
1087 3743 1144 3793 et
1209 3736 1385 3793 simul
1444 3737 1598 3808 quod
1653 3735 1836 3790 animi
1887 3735 2047 3791 illius

390 3830 874 3902 magnitudinem,
907 3833 1082 3900 atque
1112 3843 1250 3899 erga
1282 3843 1343 3882 se
1375 3826 1822 3890 observantiam,
1844 3825 2046 3881 claris-

2157 3290 2360 3344 ἐκεῖνον
2395 3290 2528 3361 μετά
2578 3288 2796 3344 πολλοῦ
2853 3294 2950 3344 τοῦ
3005 3293 3292 3366 περιόντος
3347 3295 3619 3370 εἰργάσθαι
3657 3317 3669 3329 ·
3727 3296 3803 3352 δι’

2159 3380 2232 3432 ὧν
2265 3379 2370 3452 γὰρ
2402 3380 2539 3449 πρὸς
2567 3380 2666 3446 τὴν
2696 3379 3042 3456 χειροτονίαν
3071 3383 3274 3452 ταύτην
3305 3383 3666 3458 καλούμενος.
3697 3389 3806 3442 οὐκ

2157 3467 2404 3521 ἀντεῖπεν
2436 3486 2449 3499 '
2511 3463 2625 3521 οὐδ’
2682 3464 3031 3539 ἀπεπήδησεν
3063 3486 3076 3499 ³
3131 3469 3262 3544 ὅπερ
3323 3471 3524 3534 ἐκεῖνος
3583 3476 3805 3536 πάντως

2159 3553 2348 3610 ἔπαθεν
2397 3555 2479 3622 ἂν,
2531 3554 2575 3608 εἰ
2632 3555 2942 3611 τούναντίον
2979 3559 3115 3630 πρὸς
3171 3557 3368 3614 ἐκεῖνον
3426 3565 3574 3616 ταῦτ’
3635 3563 3806 3626 αὐτὸς

2159 3647 2281 3718 εἶχε
2339 3647 2539 3703 ποιεῖν,
2601 3640 2795 3713 ἔδειξεν
2854 3645 2983 3699 ὅσου
3048 3646 3192 3708 τινὸς
3250 3647 3495 3702 τάκείνου
3549 3656 3805 3721 τιμᾶται,

2158 3734 2248 3788 καὶ
2303 3733 2378 3796 ὡς
2429 3734 2527 3800 τὴν
2586 3732 2778 3788 ἑαυτοῦ
2844 3730 3000 3807 δόξαν
3074 3736 3365 3810 παραπολὺ
3421 3745 3523 3808 τῆς
3593 3739 3805 3795 ἐκείνου

2157 3822 2390 3896 νομίζει.

391 3922 545 3977 sime
576 3923 938 3990 perspectam
987 3917 1246 3973 haberet.
1281 3915 1503 3981 Quibus
1555 3920 1752 3971 noster
1813 3915 2128 3971 virtutibus
2169 3919 2396 3970 tantum
2457 3915 2786 3983 praestabat,
2820 3919 2883 3970 ut
2925 3917 3077 3986 quod
3124 3933 3260 3989 erga
3298 3918 3468 3974 illum
3499 3919 3802 3979 declarare

389 4010 647 4068 Basilius
695 4009 979 4063 debuerat
1015 4006 1294 4074 officium,
1328 4011 1556 4061 tantum
1618 4022 1681 4061 se
1737 4005 2018 4060 nimirum
2077 4021 2254 4076 supra
2313 4003 2456 4058 alios
2515 4020 2719 4059 omnes
2777 4004 3053 4077 Gregorio
3111 4008 3368 4074 deferre;
3401 4013 3465 4064 ut
3511 4025 3800 4067 novorum

388 4100 638 4156 istorum
698 4097 1021 4152 antistitum
1081 4096 1137 4150 in
1199 4111 1442 4150 numero
1492 4094 1658 4149 illum
1720 4111 1832 4149 non
1891 4098 2214 4165 reponeret,
2246 4094 2304 4149 id
2365 4091 2578 4148 Basilio
2638 4095 2913 4164 majorem
2975 4096 3232 4167 profecto
3288 4098 3347 4152 in
3389 4100 3630 4156 modum
3669 4101 3806 4172 ipse

399 4193 730 4260 praestaret,
761 4202 827 4241 eo
888 4185 1148 4239 videlicet
1205 4183 1355 4256 ipso,
1387 4185 1538 4254 quod
1600 4183 1669 4236 ad
1732 4184 2066 4254 praedictam
2126 4181 2636 4253 inaugurationem
2689 4188 2947 4249 vocatus,
2999 4183 3144 4239 nihil
3204 4187 3638 4256 contradiceret,
3689 4205 3803 4246 nec

389 4277 710 4346 aufugeret,
771 4272 1265 4344 quemadmodum
1321 4274 1448 4326 sine
1506 4270 1683 4326 dubio
1736 4270 1992 4326 facturus
2051 4271 2240 4325 fuerat
2295 4268 2570 4335 Basilius,
2603 4270 2656 4324 si
2711 4276 2911 4326 contra
2965 4271 3094 4341 ejus
3158 4275 3311 4328 modi
3369 4275 3673 4345 quidpiam
3733 4278 3801 4333 in

382 4364 552 4419 illum
587 4362 913 4417 faciendum
953 4360 1254 4416 habuisset
1282 4359 1634 4430 Gregorius,
1666 4359 1816 4414 satis
1846 4359 1993 4415 ostis
2024 4357 2295 4424 ostendit,
2327 4361 2386 4412 et
2416 4358 2620 4428 quanti
2651 4359 3053 4416 auctoritatem
3086 4361 3244 4418 illius
3277 4361 3507 4423 taceret,
3541 4373 3598 4420 et
3638 4367 3802 4436 quod

393 4452 552 4509 illius
583 4451 827 4522 gloriam
859 4467 978 4506 suaa
1009 4451 1179 4519 longe
1211 4449 1540 4504 anteferret.

457 4542 736 4598 LXXXII.
772 4543 913 4596 Cave
961 4556 1092 4596 vero
1137 4541 1320 4606 dicas,
1351 4538 1497 4603 Quid
1541 4538 1722 4608 igitur
1753 4536 2045 4608 extemplo

2232 4536 2353 4591 DB'.
2388 4535 2491 4591 Καὶ
2542 4535 2692 4596 ὅπως
2745 4537 2821 4608 μὴ
2879 4535 3036 4611 εἴπῃς
3069 4555 3082 4569 ⁸
3126 4539 3186 4594 Τί
3247 4538 3339 4594 οὖν
3387 4539 3542 4602 εὐθὺς
3591 4539 3798 4596 ἐκεῖθεν

391 4631 523 4686 inde
563 4645 691 4686 sese
748 4629 1025 4684 subduxit
1079 4626 1438 4699 Gregorius?
1463 4627 1573 4682 Deo
1635 4625 1914 4682 nimirum
1967 4626 2036 4682 ad

394 4719 504 4774 hoc
562 4718 776 4789 pariter
840 4733 906 4773 ac
966 4716 1112 4772 illud
1164 4715 1520 4787 impellente,
1579 4720 1704 4770 tum
1784 4715 2040 4786 primum

388 4807 586 4874 cessit,
617 4812 741 4862 tum
792 4815 988 4876 postea
1031 4821 1233 4862 rursus
1291 4805 1534 4875 aufugit,
1591 4804 1690 4874 qui
1743 4819 2039 4858 summam

383 4898 522 4953 item
556 4895 817 4967 Gregorii
841 4895 1026 4951 nostri
1056 4894 1240 4950 animi
1269 4893 1727 4948 moderationem
1754 4897 2043 4948 monstra-

379 4988 498 5055 bat,
523 4992 580 5043 et
617 4986 792 5042 simul
827 5001 1017 5056 neque
1052 4983 1251 5041 orbem
1275 4988 1561 5040 terrarum
1607 4982 1706 5037 tali
1747 4981 1933 5038 orbari
1963 4981 2042 5036 si-

380 5076 555 5132 nebat
589 5076 746 5142 viro;
777 5078 1013 5146 qualem
1047 5091 1175 5146 ego,
1200 5087 1409 5144 nempe
1440 5071 1685 5142 pulchra
1713 5070 1914 5127 omnia
1944 5087 2042 5141 pa-

380 5165 526 5221 riter
569 5171 971 5236 pervagatum,
1008 5165 1300 5220 neminem
1340 5161 1460 5216 ullo
1493 5176 1750 5233 unquam
1785 5169 2044 5231 tempore

383 5255 578 5311 videre
606 5255 868 5315 memini,
891 5269 1081 5326 neque
1122 5254 1344 5325 ipsum,
1365 5251 1670 5324 ipsiusque
1705 5250 2042 5321 exquisitis-

379 5343 559 5400 simas
605 5343 833 5399 dicendi
877 5351 1056 5412 artes,
1088 5343 1147 5398 in
1201 5341 1450 5398 obscuro
1492 5356 1560 5396 ac
1605 5337 1890 5394 vilissimo
1921 5337 2044 5393 loco

2150 4620 2392 4698 ἀπέδρα;
2445 4620 2545 4678 τοῖ’)
2575 4623 2681 4698 γὰρ
2729 4628 2864 4678 Θεοῦ
2894 4626 2982 4680 καὶ
3031 4631 3192 4682 τοῦτο
3239 4627 3452 4683 κάκεῖνο
3490 4633 3797 4698 κινοῦντος,

2153 4713 2252 4782 εἶξὲ
2297 4733 2355 4767 τε
2410 4713 2510 4780 τήν
2561 4713 2762 4787 ἀρχὴν,
2809 4715 2898 4768 καὶ
2949 4716 3016 4769 αὗ
3064 4714 3229 4771 πάλιν
3287 4714 3492 4791 ἀπέδρα
3523 4738 3538 4752 ·
3587 4720 3686 4787 τήν
3733 4741 3799 4774 τε

2148 4800 2440 4855 ἒπιείκειαν
2489 4801 2684 4856 τούτου
2730 4798 3053 4873 δεικνύντος,
3094 4804 3182 4859 καὶ
3223 4806 3334 4879 ἅμα
3384 4806 3486 4860 οὐκ
3528 4807 3802 4880 ἀνεχομέ-

2147 4913 2265 4962 νου,
2301 4895 2376 4965 μή
2429 4913 2487 4948 τε
2515 4894 2615 4962 τὴν
2665 4892 2988 4968 οἰκουμένην
3019 4893 3210 4970 ἀνδρὸς
3263 4897 3578 4971 ἐστερῆσθαι
3615 4898 3803 4952 τοιού-

2146 5003 2265 5051 του,
2327 4983 2439 5036 οἷον
2516 4980 2622 5057 ἐγὼ
2694 4980 2885 5038 οὐδένα
2959 4983 3050 5040 διὰ
3115 4985 3329 5042 πάντων
3386 4985 3561 5048 οὕτως
3634 4985 3794 5042 ἰόντα

2150 5069 2437 5125 οὐπώποτε
2468 5067 2634 5138 εἶδον,
2663 5073 2791 5144 μήτ’
2823 5073 2986 5128 αὐτὸν
3023 5074 3113 5128 καὶ
3141 5076 3268 5137 τοὺς
3297 5074 3459 5131 αὐτοῦ
3500 5073 3702 5151 λόγους
3735 5075 3792 5131 ἐν

2151 5157 2366 5237 φαύλῳ,
2398 5159 2487 5214 καὶ
2532 5157 2750 5224 οὕδενὸς
2790 5161 2924 5236 ἀξίῳ
2963 5161 3405 5238 συγκλεισθέντας
3444 5166 3660 5240 χωρίῳ,
3691 5165 3799 5220 λα-

2149 5249 2260 5301 θεῖν
2321 5246 2410 5302 καὶ
2480 5249 2592 5303 οἷον
2665 5245 3054 5324 ἀποϐεσθῆναι,
3106 5252 3344 5326 καθάπερ
3418 5252 3538 5308 τινὰ
3623 5250 3796 5329 μέγαν

2149 5335 2379 5412 πυρσὸν,
2410 5337 2512 5410 τῇς
2539 5341 2923 5414 προσηκούσης
2951 5341 3092 5412 ὕλης
3121 5339 3221 5396 οὐκ
3245 5339 3433 5412 οὔσης.

384 5432 620 5492 clausas
676 5433 894 5503 latere;
951 5437 1008 5489 et
1056 5431 1477 5504 propemodum
1528 5427 1844 5500 exstingui,
1911 5428 2098 5484 instar
2159 5428 2302 5486 facis
2372 5429 2680 5500 cujusdam
2736 5433 3012 5504 ingentis,
3070 5433 3276 5493 idoneo
3333 5432 3630 5492 destituta
3697 5433 3782 5490 ali

385 5527 601 5581 mento.

451 5704 534 5776 (1)
567 5703 803 5777 Gregor.
843 5709 1103 5780 Epitaph.
1135 5707 1317 5765 Basil.
1350 5707 1477 5767 init.

2194 5701 2272 5777 (2)
2302 5707 2386 5764 An
2419 5702 2568 5779 αὑτῷ
2596 5722 2666 5767 ex
2693 5707 2864 5782 Greg.
2896 5709 3156 5784 Epitaph.
3185 5711 3318 5771 Bas.
3351 5710 3486 5768 fine.
