4118 6214
285 336 392 398 297

1288 333 1687 400 LAUDATIO
1730 341 1794 400 S.
1843 339 2213 403 GREGORII
2259 343 2678 408 THEOLOGI.

3566 365 3684 428 298

342 467 470 524 IIP'.
503 466 661 522 Ταῦτ’
690 468 793 540 ἂρα
835 464 949 538 θείᾳ
993 467 1162 557 ψηιρῳ
1209 469 1548 540 πειθομενος,
1597 470 1774 546 ἀπῆρε
1827 475 1909 557 μὲι

2111 475 2398 532 LXXXIII.
2433 479 2821 543 Quamobrem
2851 484 3055 541 divina:
3094 489 3410 550 obsecutus
3441 505 3684 557 senten-

273 557 470 612 αὐτίκα
521 555 812 629 Σασίμων·
861 557 994 630 πρὸς
1051 553 1108 610 δέ
1153 577 1205 610 τι
1249 556 1459 635 χωρίον
1508 559 1742 634 ἡσυχίας
1790 563 1928 618 πάνυ

266 667 349 700 τοι
386 643 582 721 γέμον,
637 651 861 719 μετῆρε.
893 643 1118 699 Κᾶἱπειτ⁹
1149 643 1308 700 αὐτὸν
1351 645 1469 722 εἶχε
1501 647 1666 704 πάλιν
1700 655 1926 720 Ναζιαν-

263 735 383 805 ζὸς,
419 735 474 789 ἐν
533 735 727 790 ἅπαντι
773 738 854 806 τῷ
900 733 1093 809 χρείας
1146 735 1420 808 ἱσταμένῳ
1465 737 1532 792 τὰ
1582 739 1805 812 μέγιστα
1851 745 1929 812 τῷ

258 822 436 897 πατρῖ
489 823 882 898 συναιρόμενον
915 841 928 852 ·
991 823 1082 877 καὶ
1140 825 1408 895 τοσαύτην
1471 825 1785 905 εἰσφέροντα
1829 830 1929 898 τήν

259 911 517 983 σπουδήν
565 913 698 987 ὑπὲρ
741 916 841 966 τοῦ
892 913 1022 984 μήτ’
1072 911 1272 968 ἐκεῖνον
1307 911 1395 969 ἒπί
1449 912 1644 988 μηδενὶ
1689 919 1928 993 τοπαρά-

261 1024 372 1059 παν
431 1005 511 1078 μή
560 1000 604 1057 δ’
657 1003 967 1057 ὁπωπιοῦν
1017 999 1368 1076 δυσχερᾶναι,
1418 1005 1546 1074 μήτ’
1597 1005 1757 1059 αὐτὸν
1817 1011 1922 1061 τῶν

261 1091 366 1148 ὅσα
407 1091 532 1162 ἐξῆν
567 1091 685 1154 ἑνὸς
730 1090 964 1164 μηδενὸς
1005 1091 1362 1168 ἀποσχέσθαι,
1397 1091 1542 1148 ἀλλᾶ
1583 1095 1671 1148 καὶ
1711 1101 1812 1149 πᾶν
1851 1097 1926 1159 ὡς

265 1181 448 1237 εἰπεῖν
497 1181 786 1257 θεραπείας
829 1177 971 1242 εἶδος
1018 1182 1154 1256 πρὸς
1201 1183 1361 1236 αὐτὸν
1413 1179 1768 1258 ἐνδεδεῖχθαι,
1811 1180 1922 1240 ἔστι

263 1269 324 1327 δὲ
355 1273 428 1341 ἢν
463 1273 557 1326 καὶ
591 1269 690 1326 οὐκ
720 1269 880 1326 οὖσαν
905 1272 1303 1346 προσεξευρεῖν,
1342 1271 1431 1326 καὶ
1465 1272 1610 1334 ὅλως
1649 1275 1924 1353 πανταχό-

259 1363 351 1416 Θεν
388 1359 540 1433 αὐτῷ
568 1357 838 1430 ξυντελεῖν
873 1361 941 1416 τὰ
979 1359 1300 1436 γιγνόμενα,
1333 1361 1464 1430 ὅσην
1507 1362 1568 1416 ἂν
1613 1361 1659 1416 εἰ
1689 1361 1924 1428 καὶτοῖς

259 1447 737 1526 φρικωδεστάτοις
790 1454 898 1503 τῶν
957 1447 1136 1519 ὅρκων
1184 1449 1371 1504 ἑαυτὸν
1418 1449 1697 1524 περιέσχε,
1755 1451 1923 1506 ταῦτά

258 1561 320 1594 τε
351 1539 505 1612 ὁμοῦ
537 1536 713 1592 πάντα
753 1537 843 1590 καὶ
873 1533 1050 1607 ἡδέως
1080 1536 1170 1592 καὶ
1223 1537 1357 1610 μετὰ
1405 1539 1600 1600 παντὸς
1640 1539 1922 1612 ,εἰσενηνο-

259 1611 418 1703 κέναι
449 1631 552 1682 τοῦ
607 1626 896 1702 βούλεσθαι
932 1645 944 1658 ⁸
1004 1626 1092 1680 καὶ
1128 1631 1360 1681 τοσοῦτο
1407 1611 1657 1699 μᾶλλονξ
1677 1629 1750 1691 ὡς
1789 1627 1920 1701 μηδ’

260 1718 533 1796 εἰσφέρειν
568 1716 722 1778 ὅλως
764 1713 968 1784 δοκεῖν,
1001 1715 1148 1772 ἀλλὰ
1179 1718 1329 1772 ταῦτ’
1373 1718 1523 1790 αὐτῷ
1563 1719 1688 1792 παρ’
1722 1718 1917 1795 ἐτέρων

261 1807 654 1885 εἰσφέρεσθαι·
704 1807 795 1861 καὶ
840 1809 1054 1910 μᾶλλον
1102 1806 1265 1910 αὐτὸς
1315 1808 1424 1910 ὑπὸ
1468 1812 1565 1862 τοῦ
1592 1809 1828 1910 ,πατρὸς
1862 1809 1918 1910 si}
1951 1845 1996 1910 Β

259 1900 502 1974 πάσχειν
550 1896 817 1969 νομίζειν,
850 1895 884 1965 ἢ
935 1898 1026 1952 τὸν
1061 1897 1264 1972 πατέρα
1291 1901 1454 1969 τιμᾷν
1491 1917 1503 1928 ’
1558 1897 1728 1960 οὕτως
1771 1899 1919 1971 αὐτῷ

257 1991 350 2044 καὶ
386 1988 528 2064 πέρα
555 1991 654 2043 τοῖ’)
695 1987 925 2056 εἰκότος,
957 1987 1021 2042 τὸ
1069 1987 1212 2050 εἰκὸς
1243 1985 1524 2059 ἀπεδίδου,
1556 1991 1643 2044 καὶ
1695 1991 1794 2060 τήν
1826 2013 1912 2066 γι-

260 2079 542 2154 γνομένην
597 2071 907 2152 ὑπερέϐαινε
957 2077 1127 2147 τάξιν,
1174 2077 1225 2132 ἐν
1267 2081 1348 2149 τῷ
1393 2085 1576 2152 τηρεῖν
1621 2078 1689 2134 τὰ
1733 2079 1916 2156 γιγνό-

263 2188 402 2240 μενα
451 2165 744 2242 βούλεσθαι
782 2188 794 2200 ’
845 2164 1172 2242 ἐφιλονείκει
1219 2167 1322 2240 γὰρ
1383 2165 1566 2241 ὥσπερ
1621 2167 1805 2223 ἑαυτόν
1855 2189 1914 2224 τε

259 2251 633 2332 ὑπερϐάλλειν
693 2256 742 2310 ἐν
798 2255 1032 2324 τούτοις,
1093 2255 1182 2310 καὶ
1239 2263 1483 2330 κρεῖττον
1524 2259 1602 2330 (3)
1661 2257 1913 2313 ἑκάστοτε

255 2344 619 2401 δείκνυσθαι·
671 2345 764 2400 τόν
821 2366 879 2400 τε
917 2343 1122 2420 πατέρα
1169 2344 1588 2419 παρασκευάζειν
1637 2350 1716 2418 τῷ
1758 2365 1911 2422 περι-

253 2434 372 2489 ὄντι
421 2438 532 2489 τῶν
581 2435 798 2508 ξιγαθῶν
845 2434 890 2506 ᾦ
945 2434 1022 2496 εἱς
1082 2432 1242 2488 αὐτὸν
1302 2433 1556 2506 ἐνεποίει,
1617 2436 1691 2507 μὴ
1747 2435 1908 2507 μόνον

247 2526 446 2599 γήρως
479 2524 566 2578 καὶ
618 2523 815 2594 νόσων,
859 2523 950 2577 καὶ
993 2527 1101 2578 τῶν
1153 2523 1392 2578 ἐντεῦθεν
1442 2521 1746 2602 δυσχεριῶν
1793 2524 1910 2579 οἷόν

245 2635 381 2668 τινα
432 2613 610 2684 λήθην
669 2607 994 2684 λαμϐάνειν,
1042 2609 1190 2668 ἀλλὰ
1245 2613 1331 2666 καὶ
1395 2609 1699 2668 λυσιτελεῖν
1758 2614 1908 2686 αὐτῷ

246 2707 429 2758 ταῦτα
459 2699 552 2756 διὰ
580 2705 746 2757 ταῦτα
777 2701 1038 2773 νομίζειν.

2033 565 2148 632 tiae,
2173 582 2201 620 ο
2234 567 2474 638 vestigio
2503 567 2729 626 Sasima
2762 573 3060 646 relinquit,
3082 579 3394 654 locumque
3425 585 3680 660 aliquem

2033 654 2249 725 quietis
2288 661 2346 710 et
2387 659 2830 728 tranquillitatis
2871 665 3181 730 pleniorem
3218 673 3377 741 petit.
3411 654 3680 738 Subinde

2031 759 2165 800 vero
2195 746 2384 800 denuo
2415 745 2580 802 illum
2613 747 2936 808 Nazianzus
2967 760 3171 825 tenuit,
3209 764 3535 822 maximum
3581 787 3682 841 pa-

2031 833 2102 886 tri
2145 833 2611 906 quandocunque
2627 854 2768 893 usus
2799 851 2953 896 esset
2985 845 3397 918 adjutorem,et
3426 859 3524 924 qui
3551 833 3672 913 tan-

2031 925 2150 976 tam
2185 922 2278 977 hic
2301 923 2468 994 plane
2495 926 2798 984 adhiberet
2843 937 3292 1004 contentionem,
3327 922 3459 1010 quo
3481 961 3673 1016 neque

2031 1009 2127 1066 ille
2152 1011 2270 1066 ulla
2291 1014 2528 1070 omnino
2560 1033 2628 1070 ex
2659 1034 2736 1083 re,
2772 1021 3056 1092 modoque
3092 1025 3228 1087 ullo,
3260 1029 3515 1101 aliquam
3567 1053 3672 1090 ac-

2030 1103 2238 1169 ciperet
2269 1103 2666 1176 offensionem,
2701 1125 2892 1181 neque
2926 1113 3050 1182 ipse
3097 1117 3443 1190 quidquam,
3473 1129 3663 1195 quoad

2029 1192 2153 1259 ejus
2184 1192 2372 1247 facere
2406 1202 2620 1264 posset,
2654 1200 2966 1267 omitteret,
2999 1205 3098 1258 sed
3132 1192 3672 1285 quascunque—peni-

2033 1290 2122 1334 tus
2160 1282 2537 1339 observantiae
2569 1286 2879 1358 cultusque
2939 1299 3076 1348 sunt
3134 1297 3345 1364 ofﬁcia,
3369 1317 3432 1356 ea
3477 1309 3672 1362 omnia

2030 1384 2100 1423 ne
2135 1367 2373 1440 longum
2401 1372 2628 1442 faciam,
2666 1377 2811 1445 patri
2854 1379 3155 1449 tribueret,
3188 1397 3358 1456 atque
3413 1389 3672 1462 aliquam

2028 1457 2250 1525 itidem,
2284 1466 2453 1516 antea
2484 1463 2767 1533 ignotam,
2800 1467 3063 1540 obsequii
3084 1471 3257 1529 iniret
3279 1457 3674 1545 rationem,ad

2028 1563 2314 1604 summam
2341 1551 2591 1622 denique
2621 1554 2779 1607 omni
2811 1572 2877 1610 ex
2900 1564 3060 1628 parte
3092 1561 3344 1619 debitam
3377 1567 3462 1621 illi
3496 1571 3676 1640 pieta-

2027 1638 2142 1692 tem
2173 1637 2488 1704 exhiberet,
2522 1649 2740 1710 quanta
2771 1659 3034 1715 unquam
3090 1651 3323 1708 etiamsi
3371 1637 3673 1730 conceptis

2026 1725 2218 1780 verbis
2243 1725 2580 1800 ultimisque
2635 1735 3132 1793 exsecrationibus
3171 1756 3298 1796 sese
3329 1745 3668 1804 obstrinxis-

2027 1818 2135 1881 set,
2179 1815 2263 1870 uti
2321 1817 2606 1886 poluisset
2641 1823 3022 1879 contentione.
3079 1830 3272 1899 Atque
3327 1833 3508 1890 simul
3549 1837 3671 1895 haec

2029 1903 2299 1960 universa
2356 1907 2722 1979 maximaque
2785 1913 2924 1967 item
2985 1920 3110 1972 tum
3178 1919 3496 1994 voluptate,
3549 1938 3670 1984 tum

2025 1992 2183 2048 omni
2218 1993 2398 2049 animi
2429 1997 2627 2052 studio
2659 1999 2716 2052 in
2738 2005 2961 2070 patrem
2983 1992 3488 2086 conferret,idque
3507 2019 3670 2075 tanto

2024 2099 2162 2139 sane
2193 2085 2517 2142 studiosius
2547 2089 2910 2162 enixiusque,
2936 2100 3000 2151 ut
3022 2113 3134 2154 non
3167 2099 3287 2169 ipse
3339 2085 3662 2178 quidquam

2025 2171 2126 2228 ulli
2159 2173 2410 2231 tribuere
2439 2175 2750 2248 videretur,
2781 2183 2883 2237 sed
2917 2185 3027 2256 ipsi
3062 2189 3256 2258 potius
3277 2171 3398 2250 hzac
3435 2171 3519 2249 ab-
3537 2197 3670 2254 aliis

2022 2261 2223 2330 tribui,
2261 2263 2568 2336 magisque
2600 2267 2720 2336 ipse
2751 2271 3012 2342 accipere
3033 2291 3067 2330 a
3097 2286 3335 2346 parente
3360 2281 3661 2355 beneficia,

2023 2366 2196 2422 quam
2229 2351 2354 2408 suis
2376 2353 2541 2410 illum
2569 2355 2852 2414 honorare
2881 2362 3255 2422 existimaret.
3285 2368 3368 2425 Ita
3401 2371 3500 2428 ille
3531 2351 3672 2445 qui-

2020 2439 2146 2495 dem
2181 2445 2334 2496 certe
2359 2442 2675 2514 plusquam
2695 2447 2822 2518 ipsa
2852 2449 3026 2505 ofﬁcii
3059 2455 3205 2510 ratio
3247 2461 3520 2527 postulat,
3546 2439 3664 2522 sua

2021 2529 2170 2599 patri
2202 2529 2392 2586 ofﬁcia
2427 2534 2730 2601 reddebat,
2746 2537 3658 2616 debitumqueegrediebaturmo-

2019 2617 2181 2683 dum,
2233 2619 2376 2674 dum
2435 2621 2695 2679 debitum
2752 2642 2982 2684 servare
3013 2632 3247 2688 modum
3279 2639 3561 2709 studeret,
3595 2659 3657 2698 se

2018 2707 2170 2762 enim
2196 2706 2390 2778 ipsum
2415 2709 2474 2765 in
2507 2710 2600 2767 bis
2646 2713 2801 2769 velut
2857 2733 3152 2790 superare,
3188 2723 3514 2799 meliusque
3547 2706 3661 2786 ali-

247 2796 412 2868 quod
435 2795 560 2850 uis
581 2795 875 2865 specimen
935 2793 1252 2850 identidem
1310 2795 1467 2862 dare,
1507 2793 2087 2887 enitebatur,_idque
2123 2796 2290 2868 plane
2343 2799 2591 2870 efficere,
2626 2809 2690 2858 ut
2745 2822 2954 2877 parens
3002 2827 3241 2868 suorum
3297 2793 3436 2887 erga
3493 2819 3660 2880 illum

243 2887 671 2943 beneﬁciorum
733 2884 1152 2956 magnitudine,
1214 2901 1329 2942 non
1363 2885 1556 2942 solum
1610 2886 1758 2941 senii
1805 2885 1894 2941 sui
1943 2903 2221 2960 aegraque
2279 2890 2654 2956 valetudinis.
2717 2901 2776 2950 et
2831 2899 3328 2968 proﬁciscentium
3361 2907 3497 2964 inde
3538 2927 3664 2968 ma-

243 2977 468 3046 lorum,
497 2976 932 3048 quodammodo
964 2975 1420 3042 oblivisceretur,
1452 2992 1654 3032 verum
1686 2975 1862 3032 etiam
1893 2992 1961 3035 ex
1995 2994 2105 3034 usu
2136 2979 2339 3034 eadem
2371 2997 2502 3047 suo,
2536 2999 2635 3052 per
2671 2985 2819 3042 hanc
2879 2987 2982 3044 filii
3043 2992 3342 3065 pietatem,
3372 3013 3501 3054 esse
3555 3001 3667 3058 du-

247 3069 435 3124 deret.

324 3157 452 3214 IIA'.
486 3155 562 3210 Ού
589 3154 765 3210 τοίνυν
817 3153 1097 3231 περιόντος
1129 3155 1223 3228 μὲν
1270 3155 1434 3211 αὐτοῦ
1475 3155 1564 3210 καὶ
1608 3157 1699 3212 τὸν
1740 3155 1901 3226 ἥλιον

2091 3157 2601 3221 LXXXIV.Verum
2618 3168 2773 3224 enim
2805 3186 2938 3226 vero
2967 3189 3081 3228 non
3121 3180 3457 3248 superstitis
3499 3183 3659 3240 dun-

250 3244 584 3322 βλέποντος,
622 3248 882 3300 τοσοῦτον
923 3245 1081 3306 οὗτος
1119 3245 1387 3316 πεποίητο
1429 3245 1615 3321 λόγον,
1645 3246 1907 3320 ἀπογενο-

249 3337 420 3410 μένου
482 3331 540 3390 δὲ
594 3334 684 3389 καὶ
747 3334 940 3407 μηκέτ’
1001 3333 1077 3396 εἰς
1136 3335 1266 3398 τοὺς
1322 3337 1441 3390 καθ’
1497 3338 1645 3409 ἡμᾶς
1699 3340 1904 3406 ζῶντας

243 3423 564 3495 τελοῦντος,
597 3422 815 3478 ἐλάσσω
849 3442 861 3456 ·
906 3421 1051 3479 ἁλλὰ
1085 3424 1174 3480 καὶ
1212 3430 1329 3488 τοῖς
1369 3425 1652 3499 πράγμασι
1688 3427 1906 3488 τούτοις

248 3514 428 3577 οὕτως
470 3513 779 3589 ἐχρήσατο,
807 3514 882 3575 ὡς
917 3512 1294 3584 ἀκολουθῆσαι
1333 3517 1664 3570 παντάπασιν
1707 3517 1904 3588 ἑαυτῷ,

243 3604 342 3659 καὶ
375 3605 455 3676 μή
489 3607 608 3664 τοῖς
654 3599 930 3676 δευτέροις
968 3609 1326 3679 καταισχῦναι
1366 3605 1432 3659 τὰ
1471 3605 1696 3679 πρόσθεν
1731 3623 1742 3634 ·
1778 3603 1902 3660 ἄλλ’

239 3691 336 3747 ’ἕνα
381 3697 492 3747 τῶν
536 3691 716 3747 αὐτῶν
775 3692 866 3746 καὶ
925 3691 1077 3753 αὖθις
1139 3695 1386 3766 μνησθῶ,
1437 3693 1560 3749 ὅσον
1621 3695 1904 3766 περιόντος

246 3781 421 3836 αὐτοῦ
448 3781 539 3836 καὶ
570 3782 661 3837 τὸν
711 3779 872 3850 ἥλιον
918 3780 1216 3856 βλέποντος
1266 3782 1536 3854 πεποίητο
1584 3783 1772 3859 λόγον,
1804 3805 1906 3840 το-

245 3875 448 3926 σοῦτον
479 3868 887 3946 ἀπογενομένου
932 3891 989 3925 τε
1019 3871 1108 3926 καὶ
1164 3871 1355 3944 μηκέτ’
1388 3872 1463 3934 εἰς
1509 3871 1636 3934 τοὺς
1679 3875 1800 3928 καθ’
1832 3875 1899 3942 ἠ-

251 3965 361 4034 μᾶς
395 3963 602 4030 ζῶντας
632 3958 920 4022 τελοῦντος
953 3981 968 3994 ·
1011 3960 1100 4016 καί
1129 3981 1214 4016 τοι
1253 3961 1305 4016 τί
1341 3960 1484 4038 λέγω
1511 3981 1524 4030 ;
1569 3961 1771 4034 πολλῷ
1799 3963 1902 4038 γὰρ

250 4055 447 4125 μεῖζον
478 4049 688 4105 ἐνταῦθ⁹
735 4043 901 4104 ἔτεκ’
953 4051 1102 4122 ὁρᾷν,
1137 4049 1287 4124 εἴπερ
1338 4049 1504 4106 ἐκεῖνο
1558 4052 1654 4124 μὲν
1701 4055 1766 4121 ἦν
1818 4051 1901 4106 ἐπ’

242 4139 420 4196 αὐτοῦ
466 4137 564 4194 τοῦ
616 4140 812 4212 βιῶναι
847 4158 860 4170 ’
916 4138 1128 4212 μᾶλλον
1161 4137 1206 4194 δ’
1255 4140 1306 4194 ἐν
1358 4145 1524 4217 μυχῷ
1567 4143 1779 4216 γήρως,
1809 4143 1899 4198 καὶ

247 4232 393 4306 πρὸς
427 4228 622 4293 αὐτοὺς
657 4225 768 4300 ἤδη
813 4229 940 4292 τοὺς
973 4227 1264 4306 ἐπιλόγους
1306 4235 1403 4286 τοῦ
1437 4231 1580 4306 βίου,
1613 4232 1675 4287 τὸ
1726 4229 1774 4286 δ’
1823 4233 1898 4295 εἰς

245 4319 582 4396 ἀνθρώπους
627 4319 826 4380 πάντας
875 4326 1222 4394 παραμενεῖ·
1279 4344 1306 4372 ‹‹
1347 4319 1400 4383 ἔς
1440 4327 1486 4375 τ’
1539 4319 1598 4376 ἃν
1651 4319 1796 4397 ὕδωρ
1842 4344 1901 4378 τε

244 4409 355 4484 νάῃ
389 4409 479 4464 καὶ
514 4405 702 4482 δένδρα
749 4411 930 4483 μακρά
956 4409 1168 4484 τεθήλῃ
1204 4430 1216 4442 ·
1253 4434 1282 4461 ››
1333 4409 1457 4465 ἄνευ
1495 4412 1596 4486 γὰρ
1644 4419 1742 4480 τῆς
1777 4412 1899 4487 περὶ

245 4503 354 4570 τήν
395 4497 654 4568 τελευτήν
685 4501 788 4570 (3')
825 4496 1126 4573 άντίρῥοπά
1155 4519 1212 4554 τε
1249 4499 1474 4570 ταύτης,
1511 4501 1600 4555 καὶ
1643 4501 1760 4572 μετ’
1794 4501 1896 4556 αύ-

245 4591 352 4658 τήν
405 4588 676 4662 ἀξιόχρεω
724 4587 1020 4663 γίγνεσθαι,
1055 4587 1304 4664 μέγιστόν
1353 4609 1410 4644 τε
1459 4587 1548 4644 καί
1597 4590 1895 4645 κάλλιστον

243 4679 526 4754 ἐντάφιον,
561 4673 845 4732 ἐπιδίδωσι
875 4677 1059 4751 τούτῳ
1094 4678 1222 4742 τοὺς
1255 4679 1448 4754 λόγους
1487 4701 1499 4712 ·
1532 4680 1621 4735 καὶ
1657 4682 1757 4750 τήν
1787 4687 1892 4736 τῶν

245 4766 438 4842 λόγων
468 4763 670 4836 ἡδονήν
699 4785 756 4820 τε
785 4767 874 4821 καὶ
906 4766 1068 4842 χάριν
1098 4787 1112 4798 ·
1147 4769 1413 4839 συστήσας
1458 4769 1548 4824 καὶ
1577 4775 1694 4834 τοῖς
1723 4769 1895 4846 ἐπιγι-

244 4856 542 4931 γνομένοις
583 4855 742 4909 αὐτὸν
788 4875 846 4909 τε
892 4857 982 4910 καὶ
1031 4857 1093 4925 ἣν
1143 4853 1274 4934 ἔσχε
1317 4858 1440 4932 περὶ
1485 4863 1654 4912 πᾶσαν
1703 4859 1898 4934 ἀρετήν

246 4944 550 5020 εὐκληρίαν
583 4964 596 4978 ο
643 4945 1179 5019 παραμυθησάμενος
1229 4945 1307 5014 δὲ,
1351 4947 1426 5009 ὡς
1474 4948 1640 5019 εἰκὸς,
1688 4951 1786 5019 τήν
1843 4971 1902 5005 τε

249 5033 466 5109 μητέρα
493 5032 620 5094 τοὺς
671 5053 729 5088 τε
773 5031 1010 5096 οἰκείους
1055 5035 1143 5090 καὶ
1175 5041 1346 5091 πᾶσαν
1394 5039 1686 5108 Ναζιανζόν
1724 5060 1736 5072 ·
1782 5059 1891 5094 κοι-

244 5124 337 5178 νὸν
391 5125 493 5196 γαρ
545 5123 611 5192 ἦν
669 5121 888 5192 πένθος,
942 5125 1029 5179 καὶ
1087 5130 1248 5180 πᾶσιν
1309 5125 1503 5190 ἁπλῶς
1562 5129 1648 5183 καὶ
1707 5129 1900 5184 καθὲνα

243 5214 483 5284 ἑκάστῳ,
530 5211 620 5267 καὶ
667 5213 793 5287 περί
851 5234 908 5267 τε
957 5217 1140 5288 ψυχῆς
1174 5216 1291 5288 [καὶ
1350 5221 1446 5270 νοῦ
1482 5217 1571 5271 καὶ
1633 5216 1754 5292 βίου
1808 5217 1898 5274 καὶ

243 5302 458 5372 κόσμοό
487 5302 578 5355 καὶ
610 5305 720 5356 τῶν
765 5301 896 5376 ὑπερ
929 5304 1133 5375 κόσμον
1167 5325 1179 5336 ο
1224 5305 1313 5360 καὶ
1343 5304 1396 5361 τί
1430 5307 1524 5378 μὶν
1565 5307 1630 5360 τὰ
1658 5309 1900 5382 παρόντα

242 5411 301 5445 τε
330 5388 422 5444 καὶ
473 5389 572 5444 οὐκ
622 5387 790 5444 ὅντα’
841 5391 893 5445 τί
927 5389 982 5446 δὲ
1026 5392 1092 5446 τὰ
1144 5391 1438 5466 μέλλοντα,
1471 5397 1558 5450 καὶ
1612 5392 1783 5459 ὅντως
1836 5417 1899 5473 γε

321 5592 950 5682 (Ξι.¹ί.ρξ;ίτξονοέ¹ῑα¹ο
979 5591 1300 5682 Κρξίξτωνκ
1354 5663 1365 5682 ,

323 5663 435 5738 (3⁸)
461 5663 613 5722 Ᾱᾶᾱ.
641 5665 949 5738 θεραπείας,
982 5663 1083 5720 aut
1109 5663 1452 5738 ὶπιμελείας.

569 5766 834 5828 Pareat.
880 5766 991 5830 Gn.
1035 5765 1258 5831 CXLV.

2020 3253 2179 3306 taxat
2206 3251 2397 3308 adhuc
2427 3257 2634 3325 patris,
2668 3259 2922 3332 solisque
2947 3269 3278 3325 contuentis
3303 3270 3664 3340 lucem,tan-

2019 3343 2138 3394 tam
2165 3347 2356 3396 noster
2385 3343 2640 3401 habebat
2684 3351 2970 3408 rationem
2999 3371 3012 3420 ;
3047 3360 3260 3413 mortui
3307 3368 3524 3432 autem,
3558 3382 3662 3422 nec

2017 3427 2270 3500 amplius
2319 3430 2378 3488 in
2441 3441 2638 3489 nostro
2690 3437 2798 3492 hoc
2835 3442 2972 3496 orbe
3009 3445 3336 3504 viventibus
3386 3427 3660 3510 adnume-

2018 3517 2205 3583 randi,
2239 3519 2538 3578 minorem.
2584 3525 2799 3583 Verum
2868 3530 2945 3584 ita
3002 3531 3094 3588 his
3125 3535 3297 3594 etiam
3355 3539 3415 3595 in
3480 3543 3656 3600 rebus

2016 3622 2144 3660 sese
2174 3609 2433 3679 gerebat,
2462 3621 2524 3668 ut
2554 3629 2720 3670 suam
2761 3625 3094 3677 constanter
3113 3633 3456 3696 sequeretur
3492 3632 3661 3688 indo-

2014 3693 2124 3749 lem
2146 3714 2159 3763 ;
2185 3713 2371 3767 neque
2392 3704 2809 3770 posterioribus
2831 3693 3236 3770 dehonestaret
3266 3716 3480 3787 priora,
3506 3720 3651 3788 imo,

2015 3787 2074 3838 ut
2098 3800 2223 3840 mea
2260 3787 2452 3843 denuo
2483 3801 2736 3860 repetam
2769 3797 2964 3865 verba,
2997 3809 3278 3870 quantum
3311 3787 3648 3877 superstitis

2009 3872 2201 3928 adhuc
2235 3877 2438 3945 patris,
2472 3880 2728 3952 solisque
2758 3889 3086 3944 contuentis
3123 3892 3336 3962 lucem,
3361 3872 3649 3956 rationem

2015 3961 2306 4033 habuerit,
2337 3972 2554 4024 tantam
2598 3973 2806 4028 mortui
2837 3975 2999 4045 item,
3035 3995 3140 4036 nec
3174 3984 3426 4054 amplius
3457 3987 3516 4042 in
3550 4005 3655 4045 no-

2011 4055 2130 4106 stro
2180 4053 2286 4108 hoc
2334 4057 2473 4112 orbe
2511 4060 2838 4120 viventibus
2895 4053 3343 4140 adnumerandi,
3376 4075 3654 4134 rationem

2010 4139 2237 4197 habuit.
2271 4147 2637 4218 Quamquam
2687 4153 2826 4223 quid
2876 4162 2965 4212 est
3003 4175 3115 4227 quo
3152 4161 3280 4218 dico
3302 4139 3335 4218 ‘IV
3367 4164 3654 4224 Nimirum

2010 4233 2106 4292 hic
2136 4239 2318 4294 multo
2349 4242 2524 4298 etiam
2557 4247 2752 4318 majus
2783 4249 3054 4319 quiddam
3085 4257 3278 4313 videre
3301 4260 3456 4326 licet,
3473 4262 3656 4331 siqui-

2008 4327 2141 4383 dem
2172 4327 2320 4384 illud
2350 4331 2409 4386 in
2432 4337 2550 4389 vita
2580 4336 2748 4406 ipsa;
2783 4340 2902 4396 sive
2937 4345 3126 4412 potius
3157 4346 3214 4400 in
3249 4347 3452 4406 ultimo
3484 4327 3656 4409 sene-

2011 4417 2182 4472 ctutis
2231 4435 2482 4492 recessu,
2515 4441 2694 4496 prope
2731 4426 2918 4498 ipsam
2962 4434 3089 4488 vitae
3129 4436 3479 4509 clausulam,
3530 4442 3654 4497 fue-

2011 4513 2123 4573 rat,
2152 4508 2260 4564 hoc
2291 4519 2482 4568 autem
2515 4516 2586 4570 ad
2617 4533 2823 4576 omnes
2846 4537 3192 4584 mansurum
3227 4528 3494 4588 homines
3517 4539 3608 4588 est
3641 4551 3654 4588 :

2010 4617 2038 4645 ‹‹
2070 4595 2220 4652 Dum
2255 4599 2384 4656 fluit
2417 4605 2573 4659 unda
2605 4608 2784 4664 maris
2818 4627 2832 4664 :
2866 4611 3006 4668 dum
3033 4616 3269 4672 frondes
3299 4621 3546 4688 parturit
3568 4640 3660 4677 ar-

2010 4685 2235 4757 θυεμ).
2268 4709 2298 4738 ››
2325 4689 2735 4765 Quippesuper
2775 4699 2968 4756 officia
3013 4704 3159 4772 patri
3209 4685 3410 4764 morbo
3459 4711 3658 4766 morti-

2010 4773 2128 4830 fero
2157 4777 2359 4834 affecto
2391 4785 2674 4851 praestita,
2689 4787 2850 4853 paria
2881 4789 3256 4864 illis,suoque
3294 4795 3428 4865 jure
3471 4800 3658 4866 proxi-

2012 4880 2106 4919 mo
2139 4864 2404 4924 habenda
2426 4869 2573 4939 loco,
2593 4877 2918 4934 maximum
2937 4883 3106 4952 atque
3127 4885 3652 4954 exquisitissimum

2009 4955 2336 5026 exsequiale
2369 4975 2604 5031 munus,
2639 4965 2940 5023 funebrem
2961 4969 3654 5046 laudationem,gratissi-

2012 5059 2254 5116 mosque
2285 5046 2447 5104 illius
2476 5068 2542 5106 ac
2589 5055 2970 5112 suavissimos
3025 5063 3251 5128 odores,
3277 5065 3508 5133 adjecit,
3536 5081 3653 5137 qua

2009 5136 2066 5186 et
2096 5139 2398 5204 paternam
2435 5144 2754 5208 posteritati
2781 5149 3141 5215 memoriam,
3165 5151 3506 5224 felicemque
3541 5157 3658 5209 vir-

2007 5225 2198 5278 tutum
2233 5227 2496 5284 omnium
2519 5231 2742 5287 cultum
2775 5239 3246 5306 commendabat,
3275 5249 3328 5294 et
3377 5247 3654 5313 quemad.

2011 5312 2250 5368 modum
2271 5331 2370 5386 per
2392 5322 2534 5383 erat,
2566 5324 2812 5378 matrem
2846 5339 3099 5397 suosque
3131 5330 3654 5398 necessarios,om-

2011 5415 2262 5472 nemque
2289 5403 2660 5476 Nazianzum,
2678 5411 3088 5470 consolabatur
3107 5457 3121 5482 ,
3145 5420 3479 5476 communis
3500 5423 3654 5480 enim

2079 5606 2168 5701 (4)L
2223 5608 2536 5701 ,ῌθτοάοιη
2596 5615 2713 5672 Vita
2772 5618 3004 5688 Homeri,
3061 5639 3115 5677 ιι
3166 5641 3181 5692 ς
3246 5625 3408 5698 Diog.
3444 5629 3654 5701 Laert.,

2012 5675 2286 5736 Cleobuc'o.

3267 5801 3342 5862 10
