  <div class='ocr_page' id='page_1' title='image "/cluster/home/n/w/nwhite01/storage/ocr_20150623/145/hvd.32044054086921/155.png"; bbox 0 0 4118 6214; ppageno 0'>
   <div class='ocr_carea' id='block_1_1' title="bbox 380 366 500 432">
    <p class='ocr_par' dir='ltr' id='par_1_1' title="bbox 380 366 500 432">
     <span class='ocr_line' id='line_1_1' title="bbox 380 366 500 432; baseline 0 0"><span class='ocrx_word' id='word_1_1' title='bbox 380 366 500 432; x_wconf 75' lang='grc'><strong>299</strong></span> 
     </span>
    </p>
   </div>
   <div class='ocr_carea' id='block_1_2' title="bbox 1689 357 2492 430">
    <p class='ocr_par' dir='ltr' id='par_1_2' title="bbox 1689 357 2492 430">
     <span class='ocr_line' id='line_1_2' title="bbox 1689 357 2492 430; baseline -0.006 -5"><span class='ocrx_word' id='word_1_2' title='bbox 1689 357 2088 430; x_wconf 79' lang='lat' dir='ltr'><strong>THEODULI</strong></span> <span class='ocrx_word' id='word_1_3' title='bbox 2129 360 2492 426; x_wconf 80' lang='lat' dir='ltr'><strong>MONACHI</strong></span> 
     </span>
    </p>
   </div>
   <div class='ocr_carea' id='block_1_3' title="bbox 3681 361 3811 428">
    <p class='ocr_par' dir='ltr' id='par_1_3' title="bbox 3681 361 3811 428">
     <span class='ocr_line' id='line_1_3' title="bbox 3681 361 3811 428; baseline -0.015 0"><span class='ocrx_word' id='word_1_4' title='bbox 3681 361 3811 428; x_wconf 83' lang='lat'><strong>300</strong></span> 
     </span>
    </p>
   </div>
   <div class='ocr_carea' id='block_1_4' title="bbox 385 494 2058 581">
    <p class='ocr_par' dir='ltr' id='par_1_4' title="bbox 385 497 2058 581">
     <span class='ocr_line' id='line_1_4' title="bbox 385 497 2058 581; baseline -0.004 -18"><span class='ocrx_word' id='word_1_5' title='bbox 385 503 678 563; x_wconf 86' lang='lat' dir='ltr'><strong>universis</strong></span> <span class='ocrx_word' id='word_1_6' title='bbox 708 503 924 578; x_wconf 85' lang='lat' dir='ltr'><strong>pariter</strong></span> <span class='ocrx_word' id='word_1_7' title='bbox 954 499 1174 558; x_wconf 84' lang='lat' dir='ltr'><strong>civibus</strong></span> <span class='ocrx_word' id='word_1_8' title='bbox 1194 497 1564 574; x_wconf 70' lang='lat' dir='ltr'><strong>singulisque</strong></span> <span class='ocrx_word' id='word_1_9' title='bbox 1595 499 1795 581; x_wconf 81' lang='lat' dir='ltr'><strong>luctus</strong></span> <span class='ocrx_word' id='word_1_10' title='bbox 1820 503 1940 556; x_wconf 89' lang='lat' dir='ltr'><strong>erat</strong></span> <span class='ocrx_word' id='word_1_11' title='bbox 1967 503 2028 556; x_wconf 87' lang='lat' dir='ltr'><strong>et</strong></span> <span class='ocrx_word' id='word_1_12' title='bbox 2057 562 2058 565; x_wconf 30' lang='grc' dir='ltr'><strong>η</strong></span> 
     </span>
    </p>
   </div>
   <div class='ocr_carea' id='block_1_5' title="bbox 2172 494 3810 581">
    <p class='ocr_par' dir='ltr' id='par_1_5' title="bbox 2172 494 3810 575">
     <span class='ocr_line' id='line_1_5' title="bbox 2172 494 3810 575; baseline 0.004 -24"><span class='ocrx_word' id='word_1_13' title='bbox 2172 516 2265 552; x_wconf 87' lang='grc' dir='ltr'><strong>ντα</strong></span> <span class='ocrx_word' id='word_1_14' title='bbox 2315 494 2584 553; x_wconf 81' lang='grc' dir='ltr'>κάλλιστα</span> <span class='ocrx_word' id='word_1_15' title='bbox 2633 497 2846 551; x_wconf 86' lang='grc' dir='ltr'>πάντων</span> <span class='ocrx_word' id='word_1_16' title='bbox 2903 497 3306 574; x_wconf 73' lang='grc' dir='ltr'><strong>φιλοσοφήσας,</strong></span> <span class='ocrx_word' id='word_1_17' title='bbox 3336 499 3433 554; x_wconf 80' lang='grc' dir='ltr'><strong>καὶ</strong></span> <span class='ocrx_word' id='word_1_18' title='bbox 3481 506 3674 564; x_wconf 81' lang='grc' dir='ltr'>πείσας</span> <span class='ocrx_word' id='word_1_19' title='bbox 3723 503 3810 575; x_wconf 82' lang='grc' dir='ltr'><strong>μή</strong></span> 
     </span>
    </p>
   </div>
   <div class='ocr_carea' id='block_1_6' title="bbox 388 589 2034 670">
    <p class='ocr_par' dir='ltr' id='par_1_6' title="bbox 388 589 2034 670">
     <span class='ocr_line' id='line_1_6' title="bbox 388 589 2034 670; baseline -0.004 -17"><span class='ocrx_word' id='word_1_20' title='bbox 388 597 672 670; x_wconf 67' lang='lat' dir='ltr'><strong>praeterea</strong></span> <span class='ocrx_word' id='word_1_21' title='bbox 699 592 771 649; x_wconf 86' lang='lat' dir='ltr'><strong>de</strong></span> <span class='ocrx_word' id='word_1_22' title='bbox 789 589 1005 660; x_wconf 87' lang='lat' dir='ltr'><strong>anima,</strong></span> <span class='ocrx_word' id='word_1_23' title='bbox 1039 606 1106 646; x_wconf 89' lang='lat' dir='ltr'><strong>ao</strong></span> <span class='ocrx_word' id='word_1_24' title='bbox 1131 591 1345 658; x_wconf 90' lang='lat' dir='ltr'><strong>mente,</strong></span> <span class='ocrx_word' id='word_1_25' title='bbox 1377 606 1443 646; x_wconf 88' lang='lat' dir='ltr'><strong>ac</strong></span> <span class='ocrx_word' id='word_1_26' title='bbox 1490 589 1633 660; x_wconf 87' lang='lat' dir='ltr'><strong>vita,</strong></span> <span class='ocrx_word' id='word_1_27' title='bbox 1663 605 1730 646; x_wconf 91' lang='lat' dir='ltr'><strong>ac</strong></span> <span class='ocrx_word' id='word_1_28' title='bbox 1785 589 2034 654; x_wconf 87' lang='lat' dir='ltr'><strong>mundo,</strong></span> 
     </span>
    </p>
   </div>
   <div class='ocr_carea' id='block_1_7' title="bbox 393 678 2038 755">
    <p class='ocr_par' dir='ltr' id='par_1_7' title="bbox 393 678 2038 755">
     <span class='ocr_line' id='line_1_7' title="bbox 393 678 2038 755; baseline -0.005 -13"><span class='ocrx_word' id='word_1_29' title='bbox 393 683 690 755; x_wconf 86' lang='lat' dir='ltr'><strong>rebusque</strong></span> <span class='ocrx_word' id='word_1_30' title='bbox 719 697 902 753; x_wconf 86' lang='lat' dir='ltr'><strong>supra</strong></span> <span class='ocrx_word' id='word_1_31' title='bbox 913 679 1258 749; x_wconf 88' lang='lat' dir='ltr'><strong>mundanis,</strong></span> <span class='ocrx_word' id='word_1_32' title='bbox 1273 678 1594 751; x_wconf 91' lang='lat' dir='ltr'><strong>quantique</strong></span> <span class='ocrx_word' id='word_1_33' title='bbox 1618 678 1760 736; x_wconf 91' lang='lat' dir='ltr'><strong>item</strong></span> <span class='ocrx_word' id='word_1_34' title='bbox 1781 691 2038 750; x_wconf 67' lang='lat' dir='ltr'><strong>prasen-</strong></span> 
     </span>
    </p>
   </div>
   <div class='ocr_carea' id='block_1_8' title="bbox 387 765 2038 844">
    <p class='ocr_par' dir='ltr' id='par_1_8' title="bbox 387 765 2038 844">
     <span class='ocr_line' id='line_1_8' title="bbox 387 765 2038 844; baseline -0.005 -14"><span class='ocrx_word' id='word_1_35' title='bbox 387 773 495 840; x_wconf 87' lang='lat' dir='ltr'><strong>tia,</strong></span> <span class='ocrx_word' id='word_1_36' title='bbox 527 787 655 844; x_wconf 70' lang='lat' dir='ltr'><strong>quas</strong></span> <span class='ocrx_word' id='word_1_37' title='bbox 687 767 834 825; x_wconf 82' lang='lat' dir='ltr'><strong>nihil</strong></span> <span class='ocrx_word' id='word_1_38' title='bbox 864 767 1183 824; x_wconf 80' lang='lat' dir='ltr'><strong>admodum</strong></span> <span class='ocrx_word' id='word_1_39' title='bbox 1217 771 1372 832; x_wconf 87' lang='lat' dir='ltr'><strong>sunt,</strong></span> <span class='ocrx_word' id='word_1_40' title='bbox 1404 771 1461 824; x_wconf 90' lang='lat' dir='ltr'><strong>et</strong></span> <span class='ocrx_word' id='word_1_41' title='bbox 1481 767 1684 839; x_wconf 87' lang='lat' dir='ltr'><strong>quanti</strong></span> <span class='ocrx_word' id='word_1_42' title='bbox 1717 781 1924 823; x_wconf 90' lang='lat' dir='ltr'><strong>rursus</strong></span> <span class='ocrx_word' id='word_1_43' title='bbox 1946 765 2038 822; x_wconf 84' lang='lat' dir='ltr'><strong>fo-</strong></span> 
     </span>
    </p>
   </div>
   <div class='ocr_carea' id='block_1_9' title="bbox 390 855 2040 932">
    <p class='ocr_par' dir='ltr' id='par_1_9' title="bbox 390 855 2040 932">
     <span class='ocr_line' id='line_1_9' title="bbox 390 855 2040 932; baseline -0.005 -14"><span class='ocrx_word' id='word_1_44' title='bbox 390 869 546 930; x_wconf 86' lang='lat' dir='ltr'><strong>tura,</strong></span> <span class='ocrx_word' id='word_1_45' title='bbox 581 875 711 932; x_wconf 67' lang='lat' dir='ltr'><strong>qua:</strong></span> <span class='ocrx_word' id='word_1_46' title='bbox 741 873 940 915; x_wconf 88' lang='lat' dir='ltr'><strong>revera</strong></span> <span class='ocrx_word' id='word_1_47' title='bbox 987 861 1149 925; x_wconf 88' lang='lat' dir='ltr'><strong>sunt,</strong></span> <span class='ocrx_word' id='word_1_48' title='bbox 1180 856 1367 914; x_wconf 82' lang='lat' dir='ltr'><strong>facere</strong></span> <span class='ocrx_word' id='word_1_49' title='bbox 1415 857 1742 922; x_wconf 87' lang='lat' dir='ltr'><strong>conveniat,</strong></span> <span class='ocrx_word' id='word_1_50' title='bbox 1773 855 2040 913; x_wconf 91' lang='lat' dir='ltr'><strong>omnium</strong></span> 
     </span>
    </p>
   </div>
   <div class='ocr_carea' id='block_1_10' title="bbox 392 947 2042 1027">
    <p class='ocr_par' dir='ltr' id='par_1_10' title="bbox 392 947 2042 1027">
     <span class='ocr_line' id='line_1_10' title="bbox 392 947 2042 1027; baseline -0.005 -17"><span class='ocrx_word' id='word_1_51' title='bbox 392 951 736 1027; x_wconf 86' lang='lat' dir='ltr'><strong>gravissime</strong></span> <span class='ocrx_word' id='word_1_52' title='bbox 766 949 1090 1006; x_wconf 89' lang='lat' dir='ltr'><strong>disserebat</strong></span> <span class='ocrx_word' id='word_1_53' title='bbox 1121 966 1135 1006; x_wconf 91' lang='lat'><strong>:</strong></span> <span class='ocrx_word' id='word_1_54' title='bbox 1171 948 1370 1006; x_wconf 77' lang='lat' dir='ltr'><strong>adhrec</strong></span> <span class='ocrx_word' id='word_1_55' title='bbox 1413 951 1616 1005; x_wconf 84' lang='lat' dir='ltr'><strong>auctor</strong></span> <span class='ocrx_word' id='word_1_56' title='bbox 1644 947 1763 1004; x_wconf 90' lang='lat' dir='ltr'><strong>illis</strong></span> <span class='ocrx_word' id='word_1_57' title='bbox 1791 952 1934 1012; x_wconf 90' lang='lat' dir='ltr'><strong>erat,</strong></span> <span class='ocrx_word' id='word_1_58' title='bbox 1967 961 2042 1003; x_wconf 90' lang='lat' dir='ltr'><strong>ne</strong></span> 
     </span>
    </p>
   </div>
   <div class='ocr_carea' id='block_1_11' title="bbox 393 1035 2044 1098">
    <p class='ocr_par' dir='ltr' id='par_1_11' title="bbox 393 1035 2044 1098">
     <span class='ocr_line' id='line_1_11' title="bbox 393 1035 2044 1098; baseline -0.004 0"><span class='ocrx_word' id='word_1_59' title='bbox 393 1041 548 1098; x_wconf 89' lang='lat' dir='ltr'><strong>beati</strong></span> <span class='ocrx_word' id='word_1_60' title='bbox 578 1039 684 1097; x_wconf 88' lang='lat' dir='ltr'><strong>viri</strong></span> <span class='ocrx_word' id='word_1_61' title='bbox 715 1039 789 1097; x_wconf 89' lang='lat' dir='ltr'><strong>de</strong></span> <span class='ocrx_word' id='word_1_62' title='bbox 827 1039 936 1096; x_wconf 85' lang='lat' dir='ltr'><strong>hac</strong></span> <span class='ocrx_word' id='word_1_63' title='bbox 965 1038 1083 1094; x_wconf 82' lang='lat' dir='ltr'><strong>vita</strong></span> <span class='ocrx_word' id='word_1_64' title='bbox 1110 1037 1442 1095; x_wconf 88' lang='lat' dir='ltr'><strong>discessum</strong></span> <span class='ocrx_word' id='word_1_65' title='bbox 1485 1037 1702 1094; x_wconf 84' lang='lat' dir='ltr'><strong>ferrent</strong></span> <span class='ocrx_word' id='word_1_66' title='bbox 1746 1035 2044 1093; x_wconf 84' lang='lat' dir='ltr'><strong>dolentius</strong></span> 
     </span>
    </p>
   </div>
   <div class='ocr_carea' id='block_1_12' title="bbox 397 1127 2046 1205">
    <p class='ocr_par' dir='ltr' id='par_1_12' title="bbox 397 1127 2046 1205">
     <span class='ocr_line' id='line_1_12' title="bbox 397 1127 2046 1205; baseline -0.003 -18"><span class='ocrx_word' id='word_1_67' title='bbox 397 1131 874 1205; x_wconf 86' lang='lat' dir='ltr'><strong>plangerentque,</strong></span> <span class='ocrx_word' id='word_1_68' title='bbox 908 1143 1111 1185; x_wconf 89' lang='lat' dir='ltr'><strong>verum</strong></span> <span class='ocrx_word' id='word_1_69' title='bbox 1145 1128 1471 1184; x_wconf 89' lang='lat' dir='ltr'><strong>discessum</strong></span> <span class='ocrx_word' id='word_1_70' title='bbox 1507 1127 1672 1184; x_wconf 90' lang='lat' dir='ltr'><strong>illum</strong></span> <span class='ocrx_word' id='word_1_71' title='bbox 1717 1127 1789 1183; x_wconf 91' lang='lat' dir='ltr'><strong>ad</strong></span> <span class='ocrx_word' id='word_1_72' title='bbox 1838 1128 2046 1194; x_wconf 89' lang='lat' dir='ltr'><strong>Deum,</strong></span> 
     </span>
    </p>
   </div>
   <div class='ocr_carea' id='block_1_13' title="bbox 393 1217 2046 1290">
    <p class='ocr_par' dir='ltr' id='par_1_13' title="bbox 393 1217 2046 1290">
     <span class='ocr_line' id='line_1_13' title="bbox 393 1217 2046 1290; baseline -0.004 -11"><span class='ocrx_word' id='word_1_73' title='bbox 393 1221 517 1279; x_wconf 89' lang='lat' dir='ltr'><strong>sive</strong></span> <span class='ocrx_word' id='word_1_74' title='bbox 536 1236 864 1288; x_wconf 87' lang='lat' dir='ltr'><strong>accessum,</strong></span> <span class='ocrx_word' id='word_1_75' title='bbox 897 1219 1015 1276; x_wconf 86' lang='lat' dir='ltr'><strong>sive</strong></span> <span class='ocrx_word' id='word_1_76' title='bbox 1045 1218 1320 1284; x_wconf 85' lang='lat' dir='ltr'><strong>reditum,</strong></span> <span class='ocrx_word' id='word_1_77' title='bbox 1353 1233 1453 1273; x_wconf 89' lang='lat' dir='ltr'><strong>seu</strong></span> <span class='ocrx_word' id='word_1_78' title='bbox 1501 1217 1896 1290; x_wconf 86' lang='lat' dir='ltr'><strong>quodcunque</strong></span> <span class='ocrx_word' id='word_1_79' title='bbox 1923 1217 2046 1272; x_wconf 87' lang='lat' dir='ltr'><strong>cui-</strong></span> 
     </span>
    </p>
   </div>
   <div class='ocr_carea' id='block_1_14' title="bbox 397 1306 2050 1386">
    <p class='ocr_par' dir='ltr' id='par_1_14' title="bbox 397 1306 2050 1386">
     <span class='ocr_line' id='line_1_14' title="bbox 397 1306 2050 1386; baseline -0.003 -18"><span class='ocrx_word' id='word_1_80' title='bbox 397 1327 576 1386; x_wconf 87' lang='lat' dir='ltr'><strong>quam</strong></span> <span class='ocrx_word' id='word_1_81' title='bbox 606 1308 888 1384; x_wconf 79' lang='lat' dir='ltr'><strong>placuerit</strong></span> <span class='ocrx_word' id='word_1_82' title='bbox 904 1307 1278 1377; x_wconf 88' lang='lat' dir='ltr'><strong>vocabulum,</strong></span> <span class='ocrx_word' id='word_1_83' title='bbox 1309 1323 1440 1363; x_wconf 89' lang='lat' dir='ltr'><strong>esse</strong></span> <span class='ocrx_word' id='word_1_84' title='bbox 1469 1306 1792 1374; x_wconf 82' lang='lat' dir='ltr'><strong>credentes,</strong></span> <span class='ocrx_word' id='word_1_85' title='bbox 1825 1306 2050 1363; x_wconf 65' lang='lat' dir='ltr'><strong>latenti</strong></span> 
     </span>
    </p>
   </div>
   <div class='ocr_carea' id='block_1_15' title="bbox 391 1395 2046 1478">
    <p class='ocr_par' dir='ltr' id='par_1_15' title="bbox 391 1395 2046 1478">
     <span class='ocr_line' id='line_1_15' title="bbox 391 1395 2046 1478; baseline -0.003 -20"><span class='ocrx_word' id='word_1_86' title='bbox 391 1401 587 1478; x_wconf 83' lang='lat' dir='ltr'><strong>potius</strong></span> <span class='ocrx_word' id='word_1_87' title='bbox 616 1399 814 1457; x_wconf 88' lang='lat' dir='ltr'><strong>animo</strong></span> <span class='ocrx_word' id='word_1_88' title='bbox 839 1401 1053 1466; x_wconf 87' lang='lat' dir='ltr'><strong>essent,</strong></span> <span class='ocrx_word' id='word_1_89' title='bbox 1075 1395 1304 1468; x_wconf 87' lang='lat' dir='ltr'><strong>illique,</strong></span> <span class='ocrx_word' id='word_1_90' title='bbox 1329 1401 1394 1452; x_wconf 91' lang='lat' dir='ltr'><strong>ut</strong></span> <span class='ocrx_word' id='word_1_91' title='bbox 1423 1397 1518 1466; x_wconf 89' lang='lat' dir='ltr'><strong>qui</strong></span> <span class='ocrx_word' id='word_1_92' title='bbox 1574 1412 1730 1452; x_wconf 89' lang='lat' dir='ltr'><strong>unus</strong></span> <span class='ocrx_word' id='word_1_93' title='bbox 1775 1396 2046 1453; x_wconf 90' lang='lat' dir='ltr'><strong>omnium</strong></span> 
     </span>
    </p>
   </div>
   <div class='ocr_carea' id='block_1_16' title="bbox 387 1485 2049 1562">
    <p class='ocr_par' dir='ltr' id='par_1_16' title="bbox 387 1485 2049 1562">
     <span class='ocr_line' id='line_1_16' title="bbox 387 1485 2049 1562; baseline -0.004 -16"><span class='ocrx_word' id='word_1_94' title='bbox 387 1491 562 1562; x_wconf 84' lang='lat' dir='ltr'><strong>longe</strong></span> <span class='ocrx_word' id='word_1_95' title='bbox 591 1487 706 1544; x_wconf 91' lang='lat' dir='ltr'><strong>Deo</strong></span> <span class='ocrx_word' id='word_1_96' title='bbox 756 1485 1155 1547; x_wconf 85' lang='lat' dir='ltr'><strong>cbarissimus.</strong></span> <span class='ocrx_word' id='word_1_97' title='bbox 1180 1487 1424 1558; x_wconf 84' lang='lat' dir='ltr'><strong>ejusque</strong></span> <span class='ocrx_word' id='word_1_98' title='bbox 1463 1485 1686 1541; x_wconf 88' lang='lat' dir='ltr'><strong>ordinis</strong></span> <span class='ocrx_word' id='word_1_99' title='bbox 1740 1485 2049 1541; x_wconf 87' lang='lat' dir='ltr'><strong>hominum</strong></span> 
     </span>
    </p>
   </div>
   <div class='ocr_carea' id='block_1_17' title="bbox 398 1575 2052 1650">
    <p class='ocr_par' dir='ltr' id='par_1_17' title="bbox 398 1575 2052 1650">
     <span class='ocr_line' id='line_1_17' title="bbox 398 1575 2052 1650; baseline -0.005 -14"><span class='ocrx_word' id='word_1_100' title='bbox 398 1579 566 1636; x_wconf 81' lang='lat' dir='ltr'><strong>facile</strong></span> <span class='ocrx_word' id='word_1_101' title='bbox 620 1577 889 1650; x_wconf 81' lang='lat' dir='ltr'><strong>princeps</strong></span> <span class='ocrx_word' id='word_1_102' title='bbox 951 1579 1127 1645; x_wconf 87' lang='lat' dir='ltr'><strong>esset,</strong></span> <span class='ocrx_word' id='word_1_103' title='bbox 1183 1589 1416 1630; x_wconf 86' lang='lat' dir='ltr'><strong>summo</strong></span> <span class='ocrx_word' id='word_1_104' title='bbox 1501 1575 2052 1644; x_wconf 80' lang='lat' dir='ltr'><strong>congratularentur</strong></span> 
     </span>
    </p>
   </div>
   <div class='ocr_carea' id='block_1_18' title="bbox 397 1662 2055 1742">
    <p class='ocr_par' dir='ltr' id='par_1_18' title="bbox 397 1662 2055 1742">
     <span class='ocr_line' id='line_1_18' title="bbox 397 1662 2055 1742; baseline -0.005 -15"><span class='ocrx_word' id='word_1_105' title='bbox 397 1683 590 1742; x_wconf 89' lang='lat' dir='ltr'><strong>opere.</strong></span> <span class='ocrx_word' id='word_1_106' title='bbox 622 1667 822 1738; x_wconf 88' lang='lat' dir='ltr'><strong>Neque</strong></span> <span class='ocrx_word' id='word_1_107' title='bbox 850 1681 984 1722; x_wconf 89' lang='lat' dir='ltr'><strong>vero</strong></span> <span class='ocrx_word' id='word_1_108' title='bbox 1017 1664 1109 1721; x_wconf 89' lang='lat' dir='ltr'><strong>hic</strong></span> <span class='ocrx_word' id='word_1_109' title='bbox 1154 1665 1420 1736; x_wconf 87' lang='lat' dir='ltr'><strong>protinus</strong></span> <span class='ocrx_word' id='word_1_110' title='bbox 1472 1662 1545 1720; x_wconf 89' lang='lat' dir='ltr'><strong>ab</strong></span> <span class='ocrx_word' id='word_1_111' title='bbox 1595 1663 1790 1721; x_wconf 78' lang='lat' dir='ltr'><strong>ofﬁcio</strong></span> <span class='ocrx_word' id='word_1_112' title='bbox 1839 1679 2055 1720; x_wconf 91' lang='lat' dir='ltr'><strong>conso-</strong></span> 
     </span>
    </p>
   </div>
   <div class='ocr_carea' id='block_1_19' title="bbox 401 1751 2054 1824">
    <p class='ocr_par' dir='ltr' id='par_1_19' title="bbox 401 1751 2054 1824">
     <span class='ocr_line' id='line_1_19' title="bbox 401 1751 2054 1824; baseline -0.004 -10"><span class='ocrx_word' id='word_1_113' title='bbox 401 1756 563 1814; x_wconf 90' lang='lat' dir='ltr'><strong>landi</strong></span> <span class='ocrx_word' id='word_1_114' title='bbox 595 1753 994 1813; x_wconf 87' lang='lat' dir='ltr'><strong>desistendum</strong></span> <span class='ocrx_word' id='word_1_115' title='bbox 1017 1753 1364 1824; x_wconf 88' lang='lat' dir='ltr'><strong>sibi,neque</strong></span> <span class='ocrx_word' id='word_1_116' title='bbox 1397 1768 1572 1809; x_wconf 89' lang='lat' dir='ltr'><strong>unam</strong></span> <span class='ocrx_word' id='word_1_117' title='bbox 1604 1751 1778 1810; x_wconf 85' lang='lat' dir='ltr'><strong>istam</strong></span> <span class='ocrx_word' id='word_1_118' title='bbox 1808 1752 1900 1810; x_wconf 92' lang='lat' dir='ltr'><strong>sui</strong></span> <span class='ocrx_word' id='word_1_119' title='bbox 1925 1769 2054 1808; x_wconf 88' lang='lat' dir='ltr'><strong>mu-</strong></span> 
     </span>
    </p>
   </div>
   <div class='ocr_carea' id='block_1_20' title="bbox 2143 582 3813 666">
    <p class='ocr_par' dir='ltr' id='par_1_20' title="bbox 2143 582 3813 666">
     <span class='ocr_line' id='line_1_20' title="bbox 2143 582 3813 666; baseline 0.004 -26"><span class='ocrx_word' id='word_1_120' title='bbox 2143 586 2280 660; x_wconf 87' lang='grc' dir='ltr'>πρὸς</span> <span class='ocrx_word' id='word_1_121' title='bbox 2336 587 2435 654; x_wconf 79' lang='grc' dir='ltr'>τὴν</span> <span class='ocrx_word' id='word_1_122' title='bbox 2467 582 2698 660; x_wconf 64' lang='grc' dir='ltr'>ξένθένδε</span> <span class='ocrx_word' id='word_1_123' title='bbox 2763 589 2861 640; x_wconf 76' lang='grc' dir='ltr'><strong>τοῦ</strong></span> <span class='ocrx_word' id='word_1_124' title='bbox 2927 583 3122 661; x_wconf 83' lang='grc' dir='ltr'>ἀνδρὸς</span> <span class='ocrx_word' id='word_1_125' title='bbox 3188 585 3455 664; x_wconf 80' lang='grc' dir='ltr'><strong>ἐκδημίαν</strong></span> <span class='ocrx_word' id='word_1_126' title='bbox 3519 587 3813 666; x_wconf 78' lang='grc' dir='ltr'><strong>δυσχερῶς</strong></span> 
     </span>
    </p>
   </div>
   <div class='ocr_carea' id='block_1_21' title="bbox 2145 669 3810 753">
    <p class='ocr_par' dir='ltr' id='par_1_21' title="bbox 2145 669 3810 753">
     <span class='ocr_line' id='line_1_21' title="bbox 2145 669 3810 753; baseline 0.002 -22"><span class='ocrx_word' id='word_1_127' title='bbox 2145 669 2294 752; x_wconf 77' lang='grc' dir='ltr'>ἔχειν</span> <span class='ocrx_word' id='word_1_128' title='bbox 2340 675 2428 729; x_wconf 76' lang='grc' dir='ltr'><strong>καὶ</strong></span> <span class='ocrx_word' id='word_1_129' title='bbox 2481 675 2796 746; x_wconf 86' lang='grc' dir='ltr'>κόπτεσθαι,</span> <span class='ocrx_word' id='word_1_130' title='bbox 2839 674 2988 731; x_wconf 81' lang='grc' dir='ltr'>άλλᾶ</span> <span class='ocrx_word' id='word_1_131' title='bbox 3033 676 3170 752; x_wconf 82' lang='grc' dir='ltr'>πρὸς</span> <span class='ocrx_word' id='word_1_132' title='bbox 3213 677 3307 734; x_wconf 86' lang='grc' dir='ltr'><strong>τὸν</strong></span> <span class='ocrx_word' id='word_1_133' title='bbox 3361 680 3490 735; x_wconf 82' lang='grc' dir='ltr'>θεὸν</span> <span class='ocrx_word' id='word_1_134' title='bbox 3533 677 3810 753; x_wconf 77' lang='grc' dir='ltr'><strong>ἐκδημίαν</strong></span> 
     </span>
    </p>
   </div>
   <div class='ocr_carea' id='block_1_22' title="bbox 2147 761 3810 844">
    <p class='ocr_par' dir='ltr' id='par_1_22' title="bbox 2147 761 3810 844">
     <span class='ocr_line' id='line_1_22' title="bbox 2147 761 3810 844; baseline 0.002 -24"><span class='ocrx_word' id='word_1_135' title='bbox 2147 764 2244 820; x_wconf 69' lang='grc' dir='ltr'>εἴτ’</span> <span class='ocrx_word' id='word_1_136' title='bbox 2292 761 2579 838; x_wconf 81' lang='grc' dir='ltr'>ένδημίαν,</span> <span class='ocrx_word' id='word_1_137' title='bbox 2611 765 2711 820; x_wconf 67' lang='grc' dir='ltr'>εἴτ’</span> <span class='ocrx_word' id='word_1_138' title='bbox 2760 762 3042 835; x_wconf 64' lang='grc' dir='ltr'>ἐπάνοδον,</span> <span class='ocrx_word' id='word_1_139' title='bbox 3086 765 3182 822; x_wconf 74' lang='grc' dir='ltr'>εἴθ’</span> <span class='ocrx_word' id='word_1_140' title='bbox 3231 765 3263 822; x_wconf 78' lang='grc' dir='ltr'>ὅ</span> <span class='ocrx_word' id='word_1_141' title='bbox 3307 788 3360 822; x_wconf 87' lang='grc' dir='ltr'><strong>τι</strong></span> <span class='ocrx_word' id='word_1_142' title='bbox 3404 768 3489 830; x_wconf 73' lang='grc' dir='ltr'><strong>τῖς</strong></span> <span class='ocrx_word' id='word_1_143' title='bbox 3543 767 3810 844; x_wconf 77' lang='grc' dir='ltr'>βούλεται</span> 
     </span>
    </p>
   </div>
   <div class='ocr_carea' id='block_1_23' title="bbox 2147 851 3811 936">
    <p class='ocr_par' dir='ltr' id='par_1_23' title="bbox 2147 851 3811 936">
     <span class='ocr_line' id='line_1_23' title="bbox 2147 851 3811 936; baseline 0.001 -26"><span class='ocrx_word' id='word_1_144' title='bbox 2147 853 2348 925; x_wconf 78' lang='grc' dir='ltr'>ταύτην</span> <span class='ocrx_word' id='word_1_145' title='bbox 2388 851 2737 928; x_wconf 86' lang='grc' dir='ltr'>νομίσαντας,</span> <span class='ocrx_word' id='word_1_146' title='bbox 2784 852 3000 933; x_wconf 77' lang='grc' dir='ltr'>χαίρειν</span> <span class='ocrx_word' id='word_1_147' title='bbox 3045 875 3106 911; x_wconf 87' lang='grc' dir='ltr'><strong>τε</strong></span> <span class='ocrx_word' id='word_1_148' title='bbox 3151 855 3242 910; x_wconf 84' lang='grc' dir='ltr'><strong>καὶ</strong></span> <span class='ocrx_word' id='word_1_149' title='bbox 3288 854 3471 930; x_wconf 81' lang='grc' dir='ltr'>τούτῳ</span> <span class='ocrx_word' id='word_1_150' title='bbox 3520 854 3811 936; x_wconf 81' lang='grc' dir='ltr'>διαφερόν-</span> 
     </span>
    </p>
   </div>
   <div class='ocr_carea' id='block_1_24' title="bbox 2149 941 3814 1025">
    <p class='ocr_par' dir='ltr' id='par_1_24' title="bbox 2149 941 3814 1025">
     <span class='ocr_line' id='line_1_24' title="bbox 2149 941 3814 1025; baseline -0.004 -25"><span class='ocrx_word' id='word_1_151' title='bbox 2149 963 2259 1005; x_wconf 85' lang='grc' dir='ltr'><strong>τως</strong></span> <span class='ocrx_word' id='word_1_152' title='bbox 2311 941 2648 1019; x_wconf 80' lang='grc' dir='ltr'><strong>συγχαίρειν,</strong></span> <span class='ocrx_word' id='word_1_153' title='bbox 2699 943 2776 1008; x_wconf 85' lang='grc' dir='ltr'>ὠς</span> <span class='ocrx_word' id='word_1_154' title='bbox 2825 943 2957 1020; x_wconf 76' lang='grc' dir='ltr'>ὑπὲρ</span> <span class='ocrx_word' id='word_1_155' title='bbox 3012 945 3212 1007; x_wconf 76' lang='grc' dir='ltr'>πάντας</span> <span class='ocrx_word' id='word_1_156' title='bbox 3271 944 3521 1025; x_wconf 79' lang='grc' dir='ltr'><strong>θεοφιλεῖ</strong></span> <span class='ocrx_word' id='word_1_157' title='bbox 3561 947 3654 1002; x_wconf 83' lang='grc' dir='ltr'><strong>καὶ</strong></span> <span class='ocrx_word' id='word_1_158' title='bbox 3705 955 3814 1018; x_wconf 78' lang='grc' dir='ltr'>τῆς</span> 
     </span>
    </p>
   </div>
   <div class='ocr_carea' id='block_1_25' title="bbox 2151 1031 3814 1112">
    <p class='ocr_par' dir='ltr' id='par_1_25' title="bbox 2151 1031 3814 1112">
     <span class='ocr_line' id='line_1_25' title="bbox 2151 1031 3814 1112; baseline 0.003 -24"><span class='ocrx_word' id='word_1_159' title='bbox 2151 1036 2260 1088; x_wconf 80' lang='grc' dir='ltr'><strong>τῶν</strong></span> <span class='ocrx_word' id='word_1_160' title='bbox 2287 1031 2552 1088; x_wconf 74' lang='grc' dir='ltr'>τοιούτων</span> <span class='ocrx_word' id='word_1_161' title='bbox 2603 1033 2830 1112; x_wconf 82' lang='grc' dir='ltr'>φατρίας</span> <span class='ocrx_word' id='word_1_162' title='bbox 2862 1035 3148 1110; x_wconf 75' lang='grc' dir='ltr'>φερομένῳ</span> <span class='ocrx_word' id='word_1_163' title='bbox 3193 1039 3472 1110; x_wconf 81' lang='grc' dir='ltr'>ταπρῶτα.</span> <span class='ocrx_word' id='word_1_164' title='bbox 3504 1037 3619 1092; x_wconf 81' lang='grc' dir='ltr'>Οὐκ</span> <span class='ocrx_word' id='word_1_165' title='bbox 3665 1035 3814 1111; x_wconf 80' lang='grc' dir='ltr'>ᾤετο</span> 
     </span>
    </p>
   </div>
   <div class='ocr_carea' id='block_1_26' title="bbox 2155 1121 3819 1204">
    <p class='ocr_par' dir='ltr' id='par_1_26' title="bbox 2155 1121 3819 1204">
     <span class='ocr_line' id='line_1_26' title="bbox 2155 1121 3819 1204; baseline 0.001 -25"><span class='ocrx_word' id='word_1_166' title='bbox 2155 1121 2264 1180; x_wconf 81' lang='grc' dir='ltr'>δεῖν</span> <span class='ocrx_word' id='word_1_167' title='bbox 2315 1121 2540 1178; x_wconf 79' lang='grc' dir='ltr'>ἐνταῦθα</span> <span class='ocrx_word' id='word_1_168' title='bbox 2588 1125 2687 1188; x_wconf 80' lang='grc' dir='ltr'><strong>τῆς</strong></span> <span class='ocrx_word' id='word_1_169' title='bbox 2727 1123 3071 1200; x_wconf 80' lang='grc' dir='ltr'>παραμυθίας</span> <span class='ocrx_word' id='word_1_170' title='bbox 3117 1125 3350 1196; x_wconf 72' lang='grc' dir='ltr'>ἑστάναι,</span> <span class='ocrx_word' id='word_1_171' title='bbox 3385 1122 3502 1180; x_wconf 78' lang='grc' dir='ltr'>οὐδ’</span> <span class='ocrx_word' id='word_1_172' title='bbox 3551 1126 3819 1204; x_wconf 78' lang='grc' dir='ltr'>ἀποχρῆν</span> 
     </span>
    </p>
   </div>
   <div class='ocr_carea' id='block_1_27' title="bbox 2156 1210 3818 1293">
    <p class='ocr_par' dir='ltr' id='par_1_27' title="bbox 2156 1210 3818 1293">
     <span class='ocr_line' id='line_1_27' title="bbox 2156 1210 3818 1293; baseline 0.001 -24"><span class='ocrx_word' id='word_1_173' title='bbox 2156 1217 2348 1270; x_wconf 79' lang='grc' dir='ltr'>τοῦτον</span> <span class='ocrx_word' id='word_1_174' title='bbox 2381 1212 2542 1287; x_wconf 86' lang='grc' dir='ltr'>μόνον</span> <span class='ocrx_word' id='word_1_175' title='bbox 2573 1215 2671 1283; x_wconf 75' lang='grc' dir='ltr'>τὴν</span> <span class='ocrx_word' id='word_1_176' title='bbox 2706 1210 2920 1293; x_wconf 83' lang='grc' dir='ltr'>ἔφάνον,</span> <span class='ocrx_word' id='word_1_177' title='bbox 2953 1211 3082 1269; x_wconf 83' lang='grc' dir='ltr'>ἀλλ’</span> <span class='ocrx_word' id='word_1_178' title='bbox 3121 1213 3252 1291; x_wconf 74' lang='grc' dir='ltr'>ἄχρι</span> <span class='ocrx_word' id='word_1_179' title='bbox 3287 1216 3484 1278; x_wconf 85' lang='grc' dir='ltr'>παντὸς</span> <span class='ocrx_word' id='word_1_180' title='bbox 3515 1215 3570 1279; x_wconf 81' lang='grc' dir='ltr'>ἐς</span> <span class='ocrx_word' id='word_1_181' title='bbox 3605 1217 3818 1273; x_wconf 86' lang='grc' dir='ltr'>τελευ-</span> 
     </span>
    </p>
   </div>
   <div class='ocr_carea' id='block_1_28' title="bbox 2155 1301 3820 1380">
    <p class='ocr_par' dir='ltr' id='par_1_28' title="bbox 2155 1301 3820 1380">
     <span class='ocr_line' id='line_1_28' title="bbox 2155 1301 3820 1380; baseline 0.002 -22"><span class='ocrx_word' id='word_1_182' title='bbox 2155 1305 2254 1374; x_wconf 84' lang='grc' dir='ltr'>τὴν</span> <span class='ocrx_word' id='word_1_183' title='bbox 2283 1301 2450 1372; x_wconf 73' lang='grc' dir='ltr'>αὐτὴν</span> <span class='ocrx_word' id='word_1_184' title='bbox 2488 1305 2558 1376; x_wconf 81' lang='grc' dir='ltr'><strong>τῇ</strong></span> <span class='ocrx_word' id='word_1_185' title='bbox 2603 1303 2770 1378; x_wconf 86' lang='grc' dir='ltr'>μητρί</span> <span class='ocrx_word' id='word_1_186' title='bbox 2802 1301 3130 1378; x_wconf 84' lang='grc' dir='ltr'>παραμένειν</span> <span class='ocrx_word' id='word_1_187' title='bbox 3172 1307 3236 1379; x_wconf 71' lang='grc' dir='ltr'><strong>[ἰ.</strong></span> <span class='ocrx_word' id='word_1_188' title='bbox 3277 1305 3598 1380; x_wconf 79' lang='grc' dir='ltr'>παραμένει]</span> <span class='ocrx_word' id='word_1_189' title='bbox 3637 1304 3820 1376; x_wconf 84' lang='grc' dir='ltr'>κηδό-</span> 
     </span>
    </p>
   </div>
   <div class='ocr_carea' id='block_1_29' title="bbox 2161 1391 3819 1476">
    <p class='ocr_par' dir='ltr' id='par_1_29' title="bbox 2161 1391 3819 1476">
     <span class='ocr_line' id='line_1_29' title="bbox 2161 1391 3819 1476; baseline 0.001 -29"><span class='ocrx_word' id='word_1_190' title='bbox 2161 1415 2345 1468; x_wconf 89' lang='grc' dir='ltr'>μενος,</span> <span class='ocrx_word' id='word_1_191' title='bbox 2386 1392 2692 1468; x_wconf 77' lang='grc' dir='ltr'>θεραπεύων</span> <span class='ocrx_word' id='word_1_192' title='bbox 2730 1412 2744 1426; x_wconf 78' lang='grc'><strong>⁸</strong></span> <span class='ocrx_word' id='word_1_193' title='bbox 2788 1391 3225 1468; x_wconf 76' lang='grc' dir='ltr'>ἐπιμελούμενος</span> <span class='ocrx_word' id='word_1_194' title='bbox 3271 1395 3338 1450; x_wconf 80' lang='grc' dir='ltr'><strong>τὰ</strong></span> <span class='ocrx_word' id='word_1_195' title='bbox 3391 1395 3592 1476; x_wconf 73' lang='grc' dir='ltr'>εἰκρτα,</span> <span class='ocrx_word' id='word_1_196' title='bbox 3635 1403 3819 1452; x_wconf 82' lang='grc' dir='ltr'>πᾶσαν</span> 
     </span>
    </p>
   </div>
   <div class='ocr_carea' id='block_1_30' title="bbox 2159 1482 3824 1562">
    <p class='ocr_par' dir='ltr' id='par_1_30' title="bbox 2159 1482 3824 1562">
     <span class='ocr_line' id='line_1_30' title="bbox 2159 1482 3824 1562; baseline 0.001 -24"><span class='ocrx_word' id='word_1_197' title='bbox 2159 1483 2236 1545; x_wconf 87' lang='grc' dir='ltr'>ὡς</span> <span class='ocrx_word' id='word_1_198' title='bbox 2277 1482 2444 1536; x_wconf 85' lang='grc' dir='ltr'>εἰπεῖν</span> <span class='ocrx_word' id='word_1_199' title='bbox 2495 1483 2767 1560; x_wconf 81' lang='grc' dir='ltr'>χορηγίαν</span> <span class='ocrx_word' id='word_1_200' title='bbox 2815 1482 3074 1558; x_wconf 83' lang='grc' dir='ltr'>προνοίας</span> <span class='ocrx_word' id='word_1_201' title='bbox 3125 1482 3387 1562; x_wconf 84' lang='grc' dir='ltr'>εἰσφέρων</span> <span class='ocrx_word' id='word_1_202' title='bbox 3423 1505 3436 1518; x_wconf 67' lang='grc'><strong>⁸</strong></span> <span class='ocrx_word' id='word_1_203' title='bbox 3487 1483 3704 1540; x_wconf 77' lang='grc' dir='ltr'>ἐπειδάν</span> <span class='ocrx_word' id='word_1_204' title='bbox 3753 1482 3824 1540; x_wconf 72' lang='grc' dir='ltr'><strong>δὲ</strong></span> 
     </span>
    </p>
   </div>
   <div class='ocr_carea' id='block_1_31' title="bbox 2160 1571 3821 1651">
    <p class='ocr_par' dir='ltr' id='par_1_31' title="bbox 2160 1571 3821 1651">
     <span class='ocr_line' id='line_1_31' title="bbox 2160 1571 3821 1651; baseline 0.002 -25"><span class='ocrx_word' id='word_1_205' title='bbox 2160 1574 2196 1642; x_wconf 79' lang='grc' dir='ltr'><strong>ἡ</strong></span> <span class='ocrx_word' id='word_1_206' title='bbox 2229 1573 2586 1646; x_wconf 77' lang='grc' dir='ltr'>προσήκουσα</span> <span class='ocrx_word' id='word_1_207' title='bbox 2639 1576 2808 1646; x_wconf 87' lang='grc' dir='ltr'>μοῖρα</span> <span class='ocrx_word' id='word_1_208' title='bbox 2837 1571 2933 1626; x_wconf 77' lang='grc' dir='ltr'><strong>τοῦ</strong></span> <span class='ocrx_word' id='word_1_209' title='bbox 2987 1572 3110 1648; x_wconf 86' lang='grc' dir='ltr'>βίου</span> <span class='ocrx_word' id='word_1_210' title='bbox 3158 1573 3412 1651; x_wconf 78' lang='grc' dir='ltr'>ἀπήγαγε</span> <span class='ocrx_word' id='word_1_211' title='bbox 3460 1573 3556 1648; x_wconf 73' lang='grc' dir='ltr'>μὲν</span> <span class='ocrx_word' id='word_1_212' title='bbox 3605 1574 3821 1646; x_wconf 75' lang='grc' dir='ltr'>ταύτην</span> 
     </span>
    </p>
   </div>
   <div class='ocr_carea' id='block_1_32' title="bbox 2163 1655 3826 1741">
    <p class='ocr_par' dir='ltr' id='par_1_32' title="bbox 2163 1655 3826 1741">
     <span class='ocr_line' id='line_1_32' title="bbox 2163 1655 3826 1741; baseline 0.002 -27"><span class='ocrx_word' id='word_1_213' title='bbox 2163 1657 2389 1724; x_wconf 76' lang='grc' dir='ltr'>ἐνθένδε,</span> <span class='ocrx_word' id='word_1_214' title='bbox 2423 1660 2561 1733; x_wconf 89' lang='grc' dir='ltr'>πρὸς</span> <span class='ocrx_word' id='word_1_215' title='bbox 2593 1655 2650 1714; x_wconf 76' lang='grc' dir='ltr'><strong>δὶ</strong></span> <span class='ocrx_word' id='word_1_216' title='bbox 2696 1661 2786 1716; x_wconf 89' lang='grc' dir='ltr'>τὸν</span> <span class='ocrx_word' id='word_1_217' title='bbox 2820 1661 2878 1716; x_wconf 83' lang='grc' dir='ltr'><strong>’ὀν</strong></span> <span class='ocrx_word' id='word_1_218' title='bbox 2909 1659 2960 1734; x_wconf 79' lang='grc' dir='ltr'><strong>ἐξ</strong></span> <span class='ocrx_word' id='word_1_219' title='bbox 3010 1662 3190 1741; x_wconf 77' lang='grc' dir='ltr'>ἀρχῆς</span> <span class='ocrx_word' id='word_1_220' title='bbox 3241 1660 3422 1718; x_wconf 80' lang='grc' dir='ltr'>ἐπόθει</span> <span class='ocrx_word' id='word_1_221' title='bbox 3467 1664 3596 1719; x_wconf 85' lang='grc' dir='ltr'>Θεὸν</span> <span class='ocrx_word' id='word_1_222' title='bbox 3649 1665 3826 1720; x_wconf 83' lang='grc' dir='ltr'>έπαν-</span> 
     </span>
    </p>
   </div>
   <div class='ocr_carea' id='block_1_33' title="bbox 2165 1746 3829 1826">
    <p class='ocr_par' dir='ltr' id='par_1_33' title="bbox 2165 1746 3829 1826">
     <span class='ocr_line' id='line_1_33' title="bbox 2165 1746 3829 1826; baseline 0.001 -22"><span class='ocrx_word' id='word_1_223' title='bbox 2165 1751 2357 1826; x_wconf 74' lang='grc' dir='ltr'>ἤγαγε,</span> <span class='ocrx_word' id='word_1_224' title='bbox 2387 1747 2472 1812; x_wconf 88' lang='grc' dir='ltr'><strong>τίς</strong></span> <span class='ocrx_word' id='word_1_225' title='bbox 2523 1747 2622 1804; x_wconf 83' lang='grc' dir='ltr'>οὐκ</span> <span class='ocrx_word' id='word_1_226' title='bbox 2669 1746 2810 1804; x_wconf 77' lang='grc' dir='ltr'>οἶδεν</span> <span class='ocrx_word' id='word_1_227' title='bbox 2861 1749 2939 1812; x_wconf 84' lang='grc' dir='ltr'>ὡς</span> <span class='ocrx_word' id='word_1_228' title='bbox 2991 1751 3075 1815; x_wconf 82' lang='grc' dir='ltr'><strong>οἷς</strong></span> <span class='ocrx_word' id='word_1_229' title='bbox 3116 1749 3284 1822; x_wconf 78' lang='grc' dir='ltr'>αὐτὴν</span> <span class='ocrx_word' id='word_1_230' title='bbox 3333 1753 3641 1826; x_wconf 76' lang='grc' dir='ltr'>τετιμήκει,</span> <span class='ocrx_word' id='word_1_231' title='bbox 3688 1753 3829 1808; x_wconf 82' lang='grc' dir='ltr'>πάν-</span> 
     </span>
    </p>
   </div>
   <div class='ocr_carea' id='block_1_34' title="bbox 394 1836 2058 1938">
    <p class='ocr_par' dir='ltr' id='par_1_34' title="bbox 394 1843 2056 1916">
     <span class='ocr_line' id='line_1_34' title="bbox 394 1843 2056 1916; baseline -0.004 -12"><span class='ocrx_word' id='word_1_232' title='bbox 394 1846 552 1907; x_wconf 88' lang='lat' dir='ltr'><strong>neris</strong></span> <span class='ocrx_word' id='word_1_233' title='bbox 583 1845 967 1902; x_wconf 82' lang='lat' dir='ltr'><strong>suffecturam</strong></span> <span class='ocrx_word' id='word_1_234' title='bbox 995 1852 1236 1916; x_wconf 88' lang='lat' dir='ltr'><strong>partem,</strong></span> <span class='ocrx_word' id='word_1_235' title='bbox 1255 1847 1735 1916; x_wconf 89' lang='lat' dir='ltr'><strong>ratus,perpetuo</strong></span> <span class='ocrx_word' id='word_1_236' title='bbox 1783 1843 2056 1914; x_wconf 84' lang='lat' dir='ltr'><strong>deinceps</strong></span> 
     </span>
    </p>
   </div>
   <div class='ocr_carea' id='block_1_35' title="bbox 2172 1836 3823 1938">
    <p class='ocr_par' dir='ltr' id='par_1_35' title="bbox 2172 1836 3823 1916">
     <span class='ocr_line' id='line_1_35' title="bbox 2172 1836 3823 1916; baseline 0 -22"><span class='ocrx_word' id='word_1_237' title='bbox 2172 1859 2259 1900; x_wconf 81' lang='grc' dir='ltr'><strong>τας</strong></span> <span class='ocrx_word' id='word_1_238' title='bbox 2290 1837 2612 1910; x_wconf 79' lang='grc' dir='ltr'>ἐξέπληξεν;</span> <span class='ocrx_word' id='word_1_239' title='bbox 2665 1838 2771 1895; x_wconf 76' lang='grc' dir='ltr'>οὐχ</span> <span class='ocrx_word' id='word_1_240' title='bbox 2803 1839 2879 1902; x_wconf 88' lang='grc' dir='ltr'>ὡς</span> <span class='ocrx_word' id='word_1_241' title='bbox 2911 1837 2970 1894; x_wconf 77' lang='grc' dir='ltr'><strong>ἂν</strong></span> <span class='ocrx_word' id='word_1_242' title='bbox 3025 1836 3170 1896; x_wconf 78' lang='grc' dir='ltr'>εἴποι</span> <span class='ocrx_word' id='word_1_243' title='bbox 3199 1861 3284 1903; x_wconf 88' lang='grc' dir='ltr'><strong>τις</strong></span> <span class='ocrx_word' id='word_1_244' title='bbox 3336 1838 3549 1916; x_wconf 83' lang='grc' dir='ltr'>μητέρα</span> <span class='ocrx_word' id='word_1_245' title='bbox 3584 1847 3761 1916; x_wconf 80' lang='grc' dir='ltr'>τιμῶν</span> <span class='ocrx_word' id='word_1_246' title='bbox 3804 1862 3823 1876; x_wconf 83' lang='grc'><strong>·</strong></span> 
     </span>
    </p>
   </div>
   <div class='ocr_carea' id='block_1_36' title="bbox 393 1932 2042 2011">
    <p class='ocr_par' dir='ltr' id='par_1_36' title="bbox 393 1932 2042 2011">
     <span class='ocr_line' id='line_1_36' title="bbox 393 1932 2042 2011; baseline -0.004 -17"><span class='ocrx_word' id='word_1_247' title='bbox 393 1937 550 2011; x_wconf 89' lang='lat' dir='ltr'><strong>apud</strong></span> <span class='ocrx_word' id='word_1_248' title='bbox 575 1941 843 2004; x_wconf 88' lang='lat' dir='ltr'><strong>matrem,</strong></span> <span class='ocrx_word' id='word_1_249' title='bbox 875 1934 1065 2008; x_wconf 86' lang='lat' dir='ltr'><strong>quoad</strong></span> <span class='ocrx_word' id='word_1_250' title='bbox 1097 1933 1228 2006; x_wconf 88' lang='lat' dir='ltr'><strong>ipsa</strong></span> <span class='ocrx_word' id='word_1_251' title='bbox 1255 1932 1492 2002; x_wconf 87' lang='lat' dir='ltr'><strong>viveret,</strong></span> <span class='ocrx_word' id='word_1_252' title='bbox 1526 1932 1840 2001; x_wconf 86' lang='lat' dir='ltr'><strong>remansit;</strong></span> <span class='ocrx_word' id='word_1_253' title='bbox 1878 1948 2042 1988; x_wconf 85' lang='lat' dir='ltr'><strong>com-</strong></span> 
     </span>
    </p>
   </div>
   <div class='ocr_carea' id='block_1_37' title="bbox 398 2020 2054 2095">
    <p class='ocr_par' dir='ltr' id='par_1_37' title="bbox 398 2020 2054 2095">
     <span class='ocr_line' id='line_1_37' title="bbox 398 2020 2054 2095; baseline -0.005 -11"><span class='ocrx_word' id='word_1_254' title='bbox 398 2025 582 2084; x_wconf 86' lang='lat' dir='ltr'><strong>modis</strong></span> <span class='ocrx_word' id='word_1_255' title='bbox 623 2025 782 2082; x_wconf 88' lang='lat' dir='ltr'><strong>illius</strong></span> <span class='ocrx_word' id='word_1_256' title='bbox 853 2023 1131 2090; x_wconf 86' lang='lat' dir='ltr'><strong>serviens,</strong></span> <span class='ocrx_word' id='word_1_257' title='bbox 1164 2021 1517 2093; x_wconf 87' lang='lat' dir='ltr'><strong>obsequium</strong></span> <span class='ocrx_word' id='word_1_258' title='bbox 1558 2020 1902 2095; x_wconf 85' lang='lat' dir='ltr'><strong>cultumque</strong></span> <span class='ocrx_word' id='word_1_259' title='bbox 1943 2020 2054 2076; x_wconf 89' lang='lat' dir='ltr'><strong>tri-</strong></span> 
     </span>
    </p>
   </div>
   <div class='ocr_carea' id='block_1_38' title="bbox 2161 1927 3829 2008">
    <p class='ocr_par' dir='ltr' id='par_1_38' title="bbox 2161 1927 3829 2008">
     <span class='ocr_line' id='line_1_38' title="bbox 2161 1927 3829 2008; baseline 0.002 -24"><span class='ocrx_word' id='word_1_260' title='bbox 2161 1927 2290 1984; x_wconf 84' lang='grc' dir='ltr'>ἆλλ’</span> <span class='ocrx_word' id='word_1_261' title='bbox 2321 1929 2395 1992; x_wconf 83' lang='grc' dir='ltr'>ὡς</span> <span class='ocrx_word' id='word_1_262' title='bbox 2426 1927 2557 2001; x_wconf 82' lang='grc' dir='ltr'>μάλ’</span> <span class='ocrx_word' id='word_1_263' title='bbox 2587 1927 2867 2002; x_wconf 75' lang='grc' dir='ltr'>ἐρωμένην</span> <span class='ocrx_word' id='word_1_264' title='bbox 2899 1929 3058 2003; x_wconf 79' lang='grc' dir='ltr'>Θεοῦ,</span> <span class='ocrx_word' id='word_1_265' title='bbox 3089 1931 3179 1986; x_wconf 81' lang='grc' dir='ltr'><strong>καὶ</strong></span> <span class='ocrx_word' id='word_1_266' title='bbox 3208 1933 3604 2008; x_wconf 84' lang='grc' dir='ltr'>νυμφευθεῖσαν</span> <span class='ocrx_word' id='word_1_267' title='bbox 3637 1931 3829 2004; x_wconf 72' lang='grc' dir='ltr'>τούτῳ</span> 
     </span>
    </p>
   </div>
   <div class='ocr_carea' id='block_1_39' title="bbox 2171 2015 2832 2094">
    <p class='ocr_par' dir='ltr' id='par_1_39' title="bbox 2171 2015 2832 2094">
     <span class='ocr_line' id='line_1_39' title="bbox 2171 2015 2832 2094; baseline 0.006 -22"><span class='ocrx_word' id='word_1_268' title='bbox 2171 2017 2260 2072; x_wconf 79' lang='grc' dir='ltr'><strong>καὶ</strong></span> <span class='ocrx_word' id='word_1_269' title='bbox 2293 2019 2399 2094; x_wconf 86' lang='grc' dir='ltr'>πρὸ</span> <span class='ocrx_word' id='word_1_270' title='bbox 2427 2024 2527 2088; x_wconf 85' lang='grc' dir='ltr'><strong>τῆς</strong></span> <span class='ocrx_word' id='word_1_271' title='bbox 2558 2015 2832 2088; x_wconf 76' lang='grc' dir='ltr'>κλήσεως.</span> 
     </span>
    </p>
   </div>
   <div class='ocr_carea' id='block_1_40' title="bbox 402 2108 3828 2186">
    <p class='ocr_par' dir='ltr' id='par_1_40' title="bbox 402 2108 3828 2186">
     <span class='ocr_line' id='line_1_40' title="bbox 402 2108 3828 2186; baseline -0.001 -12"><span class='ocrx_word' id='word_1_272' title='bbox 402 2117 611 2186; x_wconf 87' lang='lat' dir='ltr'><strong>buens,</strong></span> <span class='ocrx_word' id='word_1_273' title='bbox 644 2113 1198 2184; x_wconf 88' lang='lat' dir='ltr'><strong>convenientemque</strong></span> <span class='ocrx_word' id='word_1_274' title='bbox 1243 2128 1452 2186; x_wconf 83' lang='lat' dir='ltr'><strong>gerens</strong></span> <span class='ocrx_word' id='word_1_275' title='bbox 1499 2127 1722 2178; x_wconf 88' lang='lat' dir='ltr'><strong>curam,</strong></span> <span class='ocrx_word' id='word_1_276' title='bbox 1757 2126 1990 2182; x_wconf 89' lang='lat' dir='ltr'><strong>unoque</strong></span> <span class='ocrx_word' id='word_1_277' title='bbox 2035 2108 2230 2178; x_wconf 89' lang='lat' dir='ltr'><strong>verbo,</strong></span> <span class='ocrx_word' id='word_1_278' title='bbox 2263 2109 2369 2182; x_wconf 70' lang='lat' dir='ltr'><strong>pie</strong></span> <span class='ocrx_word' id='word_1_279' title='bbox 2429 2109 2799 2182; x_wconf 66' lang='lat' dir='ltr'><strong>providaque</strong></span> <span class='ocrx_word' id='word_1_280' title='bbox 2853 2108 3262 2168; x_wconf 83' lang='lat' dir='ltr'><strong>sollicitudinis</strong></span> <span class='ocrx_word' id='word_1_281' title='bbox 3303 2113 3531 2186; x_wconf 88' lang='lat' dir='ltr'><strong>copiam</strong></span> <span class='ocrx_word' id='word_1_282' title='bbox 3583 2129 3828 2171; x_wconf 87' lang='lat' dir='ltr'><strong>omnem</strong></span> 
     </span>
    </p>
   </div>
   <div class='ocr_carea' id='block_1_41' title="bbox 404 2198 3828 2278">
    <p class='ocr_par' dir='ltr' id='par_1_41' title="bbox 404 2198 3828 2278">
     <span class='ocr_line' id='line_1_41' title="bbox 404 2198 3828 2278; baseline -0.001 -16"><span class='ocrx_word' id='word_1_283' title='bbox 404 2214 673 2278; x_wconf 86' lang='lat' dir='ltr'><strong>prompta</strong></span> <span class='ocrx_word' id='word_1_284' title='bbox 699 2203 784 2260; x_wconf 92' lang='lat' dir='ltr'><strong>illi</strong></span> <span class='ocrx_word' id='word_1_285' title='bbox 816 2219 994 2258; x_wconf 89' lang='lat' dir='ltr'><strong>manu</strong></span> <span class='ocrx_word' id='word_1_286' title='bbox 1023 2202 1308 2274; x_wconf 67' lang='lat' dir='ltr'><strong>prabens,</strong></span> <span class='ocrx_word' id='word_1_287' title='bbox 1333 2217 1508 2274; x_wconf 83' lang='lat' dir='ltr'><strong>quam</strong></span> <span class='ocrx_word' id='word_1_288' title='bbox 1542 2199 1640 2256; x_wconf 90' lang='lat' dir='ltr'><strong>ubi</strong></span> <span class='ocrx_word' id='word_1_289' title='bbox 1669 2199 1927 2258; x_wconf 86' lang='lat' dir='ltr'><strong>debitum</strong></span> <span class='ocrx_word' id='word_1_290' title='bbox 1959 2199 2082 2256; x_wconf 67' lang='lat' dir='ltr'><strong>vitae</strong></span> <span class='ocrx_word' id='word_1_291' title='bbox 2115 2198 2302 2255; x_wconf 79' lang='lat' dir='ltr'><strong>fatum</strong></span> <span class='ocrx_word' id='word_1_292' title='bbox 2333 2215 2365 2256; x_wconf 91' lang='lat' dir='ltr'><strong>e</strong></span> <span class='ocrx_word' id='word_1_293' title='bbox 2395 2199 2564 2256; x_wconf 86' lang='lat' dir='ltr'><strong>terris</strong></span> <span class='ocrx_word' id='word_1_294' title='bbox 2595 2199 2967 2266; x_wconf 86' lang='lat' dir='ltr'><strong>subductam,</strong></span> <span class='ocrx_word' id='word_1_295' title='bbox 2989 2199 3064 2256; x_wconf 88' lang='lat' dir='ltr'><strong>ad</strong></span> <span class='ocrx_word' id='word_1_296' title='bbox 3097 2201 3304 2271; x_wconf 87' lang='lat' dir='ltr'><strong>Deum,</strong></span> <span class='ocrx_word' id='word_1_297' title='bbox 3333 2217 3504 2273; x_wconf 89' lang='lat' dir='ltr'><strong>quem</strong></span> <span class='ocrx_word' id='word_1_298' title='bbox 3543 2201 3618 2258; x_wconf 87' lang='lat' dir='ltr'><strong>ab</strong></span> <span class='ocrx_word' id='word_1_299' title='bbox 3648 2203 3828 2260; x_wconf 86' lang='lat' dir='ltr'><strong>incu-</strong></span> 
     </span>
    </p>
   </div>
   <div class='ocr_carea' id='block_1_42' title="bbox 407 2288 3828 2367">
    <p class='ocr_par' dir='ltr' id='par_1_42' title="bbox 407 2288 3828 2367">
     <span class='ocr_line' id='line_1_42' title="bbox 407 2288 3828 2367; baseline 0 -16"><span class='ocrx_word' id='word_1_300' title='bbox 407 2295 642 2352; x_wconf 86' lang='lat' dir='ltr'><strong>nabulis</strong></span> <span class='ocrx_word' id='word_1_301' title='bbox 672 2294 792 2350; x_wconf 84' lang='lat' dir='ltr'><strong>suis</strong></span> <span class='ocrx_word' id='word_1_302' title='bbox 822 2307 1052 2348; x_wconf 90' lang='lat' dir='ltr'><strong>summe</strong></span> <span class='ocrx_word' id='word_1_303' title='bbox 1072 2290 1455 2359; x_wconf 79' lang='lat' dir='ltr'><strong>desideraret,</strong></span> <span class='ocrx_word' id='word_1_304' title='bbox 1485 2291 1739 2357; x_wconf 87' lang='lat' dir='ltr'><strong>reduxit,</strong></span> <span class='ocrx_word' id='word_1_305' title='bbox 1771 2289 1904 2362; x_wconf 90' lang='lat' dir='ltr'><strong>quis</strong></span> <span class='ocrx_word' id='word_1_306' title='bbox 1933 2297 2020 2347; x_wconf 88' lang='lat' dir='ltr'><strong>est</strong></span> <span class='ocrx_word' id='word_1_307' title='bbox 2049 2288 2149 2362; x_wconf 91' lang='lat' dir='ltr'><strong>qui</strong></span> <span class='ocrx_word' id='word_1_308' title='bbox 2173 2289 2416 2357; x_wconf 84' lang='lat' dir='ltr'><strong>nesciat,</strong></span> <span class='ocrx_word' id='word_1_309' title='bbox 2448 2305 2564 2360; x_wconf 89' lang='lat' dir='ltr'><strong>qua</strong></span> <span class='ocrx_word' id='word_1_310' title='bbox 2587 2289 2697 2360; x_wconf 88' lang='lat' dir='ltr'><strong>ipsi</strong></span> <span class='ocrx_word' id='word_1_311' title='bbox 2746 2289 2954 2362; x_wconf 81' lang='lat' dir='ltr'><strong>pietate</strong></span> <span class='ocrx_word' id='word_1_312' title='bbox 3011 2291 3374 2363; x_wconf 89' lang='lat' dir='ltr'><strong>parentabat,</strong></span> <span class='ocrx_word' id='word_1_313' title='bbox 3421 2291 3483 2348; x_wconf 89' lang='lat' dir='ltr'><strong>in</strong></span> <span class='ocrx_word' id='word_1_314' title='bbox 3539 2309 3828 2367; x_wconf 86' lang='lat' dir='ltr'><strong>magnam</strong></span> 
     </span>
    </p>
   </div>
   <div class='ocr_carea' id='block_1_43' title="bbox 403 2379 3832 2456">
    <p class='ocr_par' dir='ltr' id='par_1_43' title="bbox 403 2379 3832 2456">
     <span class='ocr_line' id='line_1_43' title="bbox 403 2379 3832 2456; baseline 0 -13"><span class='ocrx_word' id='word_1_315' title='bbox 403 2401 608 2444; x_wconf 85' lang='lat' dir='ltr'><strong>omnes</strong></span> <span class='ocrx_word' id='word_1_316' title='bbox 639 2383 965 2440; x_wconf 84' lang='lat' dir='ltr'><strong>traduxisse</strong></span> <span class='ocrx_word' id='word_1_317' title='bbox 992 2380 1498 2438; x_wconf 84' lang='lat' dir='ltr'><strong>admirationem?</strong></span> <span class='ocrx_word' id='word_1_318' title='bbox 1538 2381 1664 2438; x_wconf 84' lang='lat' dir='ltr'><strong>Non</strong></span> <span class='ocrx_word' id='word_1_319' title='bbox 1720 2380 1878 2437; x_wconf 89' lang='lat' dir='ltr'><strong>enim</strong></span> <span class='ocrx_word' id='word_1_320' title='bbox 1927 2386 1993 2437; x_wconf 90' lang='lat' dir='ltr'><strong>ut</strong></span> <span class='ocrx_word' id='word_1_321' title='bbox 2049 2380 2224 2438; x_wconf 87' lang='lat' dir='ltr'><strong>matri</strong></span> <span class='ocrx_word' id='word_1_322' title='bbox 2280 2379 2448 2437; x_wconf 92' lang='lat' dir='ltr'><strong>illum</strong></span> <span class='ocrx_word' id='word_1_323' title='bbox 2507 2396 2646 2449; x_wconf 70' lang='lat' dir='ltr'><strong>suae,</strong></span> <span class='ocrx_word' id='word_1_324' title='bbox 2679 2381 2781 2438; x_wconf 89' lang='lat' dir='ltr'><strong>sed</strong></span> <span class='ocrx_word' id='word_1_325' title='bbox 2840 2385 2905 2436; x_wconf 92' lang='lat' dir='ltr'><strong>ut</strong></span> <span class='ocrx_word' id='word_1_326' title='bbox 2957 2379 3125 2438; x_wconf 88' lang='lat' dir='ltr'><strong>unice</strong></span> <span class='ocrx_word' id='word_1_327' title='bbox 3171 2381 3287 2439; x_wconf 91' lang='lat' dir='ltr'><strong>Deo</strong></span> <span class='ocrx_word' id='word_1_328' title='bbox 3347 2381 3594 2445; x_wconf 69' lang='lat' dir='ltr'><strong>dilectae.</strong></span> <span class='ocrx_word' id='word_1_329' title='bbox 3649 2385 3832 2456; x_wconf 85' lang='lat' dir='ltr'><strong>eique</strong></span> 
     </span>
    </p>
   </div>
   <div class='ocr_carea' id='block_1_44' title="bbox 405 2471 2440 2548">
    <p class='ocr_par' dir='ltr' id='par_1_44' title="bbox 405 2471 2440 2548">
     <span class='ocr_line' id='line_1_44' title="bbox 405 2471 2440 2548; baseline -0.003 -13"><span class='ocrx_word' id='word_1_330' title='bbox 405 2477 583 2535; x_wconf 87' lang='lat' dir='ltr'><strong>etiam</strong></span> <span class='ocrx_word' id='word_1_331' title='bbox 613 2474 958 2548; x_wconf 87' lang='lat' dir='ltr'><strong>priusquam</strong></span> <span class='ocrx_word' id='word_1_332' title='bbox 991 2476 1198 2530; x_wconf 88' lang='lat' dir='ltr'><strong>vocata</strong></span> <span class='ocrx_word' id='word_1_333' title='bbox 1227 2471 1436 2530; x_wconf 75' lang='lat' dir='ltr'><strong>fuisset</strong></span> <span class='ocrx_word' id='word_1_334' title='bbox 1474 2472 1800 2544; x_wconf 64' lang='lat' dir='ltr'><strong>desponsus,</strong></span> <span class='ocrx_word' id='word_1_335' title='bbox 1834 2479 2170 2544; x_wconf 86' lang='lat' dir='ltr'><strong>parentasse</strong></span> <span class='ocrx_word' id='word_1_336' title='bbox 2199 2471 2440 2528; x_wconf 81' lang='lat' dir='ltr'><strong>dixeris.</strong></span> 
     </span>
    </p>
   </div>
   <div class='ocr_carea' id='block_1_45' title="bbox 473 2559 2053 2635">
    <p class='ocr_par' dir='ltr' id='par_1_45' title="bbox 473 2559 2053 2635">
     <span class='ocr_line' id='line_1_45' title="bbox 473 2559 2053 2635; baseline -0.006 -11"><span class='ocrx_word' id='word_1_337' title='bbox 473 2562 755 2624; x_wconf 83' lang='lat' dir='ltr'><strong>LXXXV.</strong></span> <span class='ocrx_word' id='word_1_338' title='bbox 777 2561 954 2634; x_wconf 88' lang='lat' dir='ltr'><strong>Atqui</strong></span> <span class='ocrx_word' id='word_1_339' title='bbox 975 2565 1247 2635; x_wconf 85' lang='lat' dir='ltr'><strong>parentes</strong></span> <span class='ocrx_word' id='word_1_340' title='bbox 1277 2576 1416 2618; x_wconf 90' lang='lat' dir='ltr'><strong>suos</strong></span> <span class='ocrx_word' id='word_1_341' title='bbox 1451 2561 1696 2617; x_wconf 84' lang='lat' dir='ltr'><strong>maximi</strong></span> <span class='ocrx_word' id='word_1_342' title='bbox 1719 2561 1932 2630; x_wconf 80' lang='lat' dir='ltr'><strong>facere,</strong></span> <span class='ocrx_word' id='word_1_343' title='bbox 1962 2559 2053 2616; x_wconf 89' lang='lat' dir='ltr'><strong>di-</strong></span> 
     </span>
    </p>
   </div>
   <div class='ocr_carea' id='block_1_46' title="bbox 403 2649 2061 2730">
    <p class='ocr_par' dir='ltr' id='par_1_46' title="bbox 403 2649 2061 2730">
     <span class='ocr_line' id='line_1_46' title="bbox 403 2649 2061 2730; baseline -0.003 -19"><span class='ocrx_word' id='word_1_344' title='bbox 403 2655 649 2730; x_wconf 83' lang='lat' dir='ltr'><strong>gnisque</strong></span> <span class='ocrx_word' id='word_1_345' title='bbox 673 2652 862 2709; x_wconf 89' lang='lat' dir='ltr'><strong>colere</strong></span> <span class='ocrx_word' id='word_1_346' title='bbox 921 2651 1264 2716; x_wconf 88' lang='lat' dir='ltr'><strong>honoribus,</strong></span> <span class='ocrx_word' id='word_1_347' title='bbox 1295 2649 1564 2722; x_wconf 90' lang='lat' dir='ltr'><strong>nihilque</strong></span> <span class='ocrx_word' id='word_1_348' title='bbox 1619 2650 1762 2706; x_wconf 89' lang='lat' dir='ltr'><strong>adeo</strong></span> <span class='ocrx_word' id='word_1_349' title='bbox 1820 2654 2061 2722; x_wconf 65' lang='lat' dir='ltr'><strong>praeter-</strong></span> 
     </span>
    </p>
   </div>
   <div class='ocr_carea' id='block_1_47' title="bbox 409 2737 2058 2812">
    <p class='ocr_par' dir='ltr' id='par_1_47' title="bbox 409 2737 2058 2812">
     <span class='ocr_line' id='line_1_47' title="bbox 409 2737 2058 2812; baseline -0.005 -10"><span class='ocrx_word' id='word_1_350' title='bbox 409 2745 637 2802; x_wconf 88' lang='lat' dir='ltr'><strong>mittere</strong></span> <span class='ocrx_word' id='word_1_351' title='bbox 703 2756 904 2798; x_wconf 87' lang='lat' dir='ltr'><strong>eorum</strong></span> <span class='ocrx_word' id='word_1_352' title='bbox 945 2755 1074 2812; x_wconf 66' lang='lat' dir='ltr'><strong>qua</strong></span> <span class='ocrx_word' id='word_1_353' title='bbox 1105 2737 1252 2812; x_wconf 89' lang='lat' dir='ltr'><strong>ipsis</strong></span> <span class='ocrx_word' id='word_1_354' title='bbox 1281 2743 1558 2811; x_wconf 62' lang='lat' dir='ltr'><strong>praestare</strong></span> <span class='ocrx_word' id='word_1_355' title='bbox 1591 2738 1691 2810; x_wconf 86' lang='lat' dir='ltr'><strong>jus</strong></span> <span class='ocrx_word' id='word_1_356' title='bbox 1729 2754 1796 2796; x_wconf 86' lang='lat' dir='ltr'><strong>ac</strong></span> <span class='ocrx_word' id='word_1_357' title='bbox 1835 2740 1922 2794; x_wconf 75' lang='lat' dir='ltr'><strong>fas</strong></span> <span class='ocrx_word' id='word_1_358' title='bbox 1952 2747 2058 2807; x_wconf 80' lang='lat' dir='ltr'><strong>est,</strong></span> 
     </span>
    </p>
   </div>
   <div class='ocr_carea' id='block_1_48' title="bbox 405 2827 2057 2900">
    <p class='ocr_par' dir='ltr' id='par_1_48' title="bbox 405 2827 2057 2900">
     <span class='ocr_line' id='line_1_48' title="bbox 405 2827 2057 2900; baseline -0.004 -10"><span class='ocrx_word' id='word_1_359' title='bbox 405 2833 544 2890; x_wconf 90' lang='lat' dir='ltr'><strong>illud</strong></span> <span class='ocrx_word' id='word_1_360' title='bbox 577 2847 695 2888; x_wconf 90' lang='lat' dir='ltr'><strong>non</strong></span> <span class='ocrx_word' id='word_1_361' title='bbox 728 2828 995 2886; x_wconf 72' lang='lat' dir='ltr'><strong>maximis</strong></span> <span class='ocrx_word' id='word_1_362' title='bbox 1025 2844 1170 2886; x_wconf 88' lang='lat' dir='ltr'><strong>sane</strong></span> <span class='ocrx_word' id='word_1_363' title='bbox 1199 2827 1356 2884; x_wconf 89' lang='lat' dir='ltr'><strong>laudi</strong></span> <span class='ocrx_word' id='word_1_364' title='bbox 1415 2827 1667 2896; x_wconf 88' lang='lat' dir='ltr'><strong>ducitur,</strong></span> <span class='ocrx_word' id='word_1_365' title='bbox 1699 2827 1914 2900; x_wconf 89' lang='lat' dir='ltr'><strong>quippe</strong></span> <span class='ocrx_word' id='word_1_366' title='bbox 1951 2829 2057 2900; x_wconf 88' lang='lat' dir='ltr'><strong>ju-</strong></span> 
     </span>
    </p>
   </div>
   <div class='ocr_carea' id='block_1_49' title="bbox 408 2917 2060 2995">
    <p class='ocr_par' dir='ltr' id='par_1_49' title="bbox 408 2917 2060 2995">
     <span class='ocr_line' id='line_1_49' title="bbox 408 2917 2060 2995; baseline -0.004 -14"><span class='ocrx_word' id='word_1_367' title='bbox 408 2933 563 2982; x_wconf 83' lang='lat' dir='ltr'><strong>stum</strong></span> <span class='ocrx_word' id='word_1_368' title='bbox 594 2921 765 2995; x_wconf 88' lang='lat' dir='ltr'><strong>plane</strong></span> <span class='ocrx_word' id='word_1_369' title='bbox 795 2919 1196 2990; x_wconf 88' lang='lat' dir='ltr'><strong>debitumque.</strong></span> <span class='ocrx_word' id='word_1_370' title='bbox 1220 2917 1452 2976; x_wconf 89' lang='lat' dir='ltr'><strong>Scilicet</strong></span> <span class='ocrx_word' id='word_1_371' title='bbox 1483 2922 1544 2974; x_wconf 89' lang='lat' dir='ltr'><strong>ut</strong></span> <span class='ocrx_word' id='word_1_372' title='bbox 1572 2917 1904 2992; x_wconf 87' lang='lat' dir='ltr'><strong>neglectum</strong></span> <span class='ocrx_word' id='word_1_373' title='bbox 1951 2917 2060 2975; x_wconf 86' lang='lat' dir='ltr'><strong>hoc</strong></span> 
     </span>
    </p>
   </div>
   <div class='ocr_carea' id='block_1_50' title="bbox 409 3005 2060 3084">
    <p class='ocr_par' dir='ltr' id='par_1_50' title="bbox 409 3005 2060 3084">
     <span class='ocr_line' id='line_1_50' title="bbox 409 3005 2060 3084; baseline -0.004 -16"><span class='ocrx_word' id='word_1_374' title='bbox 409 3011 642 3084; x_wconf 86' lang='lat' dir='ltr'><strong>pietatis</strong></span> <span class='ocrx_word' id='word_1_375' title='bbox 671 3009 930 3067; x_wconf 74' lang='lat' dir='ltr'><strong>officium</strong></span> <span class='ocrx_word' id='word_1_376' title='bbox 961 3005 1366 3080; x_wconf 83' lang='lat' dir='ltr'><strong>gravissimam</strong></span> <span class='ocrx_word' id='word_1_377' title='bbox 1395 3006 1908 3079; x_wconf 88' lang='lat' dir='ltr'><strong>reprehensionem</strong></span> <span class='ocrx_word' id='word_1_378' title='bbox 1950 3007 2060 3063; x_wconf 87' lang='lat' dir='ltr'><strong>ha-</strong></span> 
     </span>
    </p>
   </div>
   <div class='ocr_carea' id='block_1_51' title="bbox 407 3095 2063 3170">
    <p class='ocr_par' dir='ltr' id='par_1_51' title="bbox 407 3095 2063 3170">
     <span class='ocr_line' id='line_1_51' title="bbox 407 3095 2063 3170; baseline -0.004 -12"><span class='ocrx_word' id='word_1_379' title='bbox 407 3101 526 3169; x_wconf 88' lang='lat' dir='ltr'><strong>bel,</strong></span> <span class='ocrx_word' id='word_1_380' title='bbox 557 3106 616 3158; x_wconf 89' lang='lat' dir='ltr'><strong>et</strong></span> <span class='ocrx_word' id='word_1_381' title='bbox 642 3097 824 3156; x_wconf 81' lang='lat' dir='ltr'><strong>divini</strong></span> <span class='ocrx_word' id='word_1_382' title='bbox 855 3097 1033 3154; x_wconf 87' lang='lat' dir='ltr'><strong>etiam</strong></span> <span class='ocrx_word' id='word_1_383' title='bbox 1077 3095 1346 3170; x_wconf 67' lang='lat' dir='ltr'><strong>praecepti</strong></span> <span class='ocrx_word' id='word_1_384' title='bbox 1398 3096 1580 3168; x_wconf 90' lang='lat' dir='ltr'><strong>impia</strong></span> <span class='ocrx_word' id='word_1_385' title='bbox 1623 3096 1924 3168; x_wconf 85' lang='lat' dir='ltr'><strong>abrogatio</strong></span> <span class='ocrx_word' id='word_1_386' title='bbox 1955 3105 2063 3168; x_wconf 84' lang='lat' dir='ltr'><strong>est,</strong></span> 
     </span>
    </p>
   </div>
   <div class='ocr_carea' id='block_1_52' title="bbox 410 3185 2060 3260">
    <p class='ocr_par' dir='ltr' id='par_1_52' title="bbox 410 3185 2060 3260">
     <span class='ocr_line' id='line_1_52' title="bbox 410 3185 2060 3260; baseline -0.004 -11"><span class='ocrx_word' id='word_1_387' title='bbox 410 3193 492 3249; x_wconf 84' lang='lat' dir='ltr'><strong>ita</strong></span> <span class='ocrx_word' id='word_1_388' title='bbox 539 3194 838 3249; x_wconf 88' lang='lat' dir='ltr'><strong>servatum</strong></span> <span class='ocrx_word' id='word_1_389' title='bbox 897 3187 1267 3260; x_wconf 84' lang='lat' dir='ltr'><strong>obitumque.</strong></span> <span class='ocrx_word' id='word_1_390' title='bbox 1329 3185 1552 3243; x_wconf 85' lang='lat' dir='ltr'><strong>nullam</strong></span> <span class='ocrx_word' id='word_1_391' title='bbox 1613 3186 1822 3260; x_wconf 88' lang='lat' dir='ltr'><strong>recipit</strong></span> <span class='ocrx_word' id='word_1_392' title='bbox 1863 3188 2060 3244; x_wconf 86' lang='lat' dir='ltr'><strong>admi-</strong></span> 
     </span>
    </p>
   </div>
   <div class='ocr_carea' id='block_1_53' title="bbox 411 3276 2063 3351">
    <p class='ocr_par' dir='ltr' id='par_1_53' title="bbox 411 3276 2063 3351">
     <span class='ocr_line' id='line_1_53' title="bbox 411 3276 2063 3351; baseline -0.004 -13"><span class='ocrx_word' id='word_1_393' title='bbox 411 3282 721 3348; x_wconf 88' lang='lat' dir='ltr'><strong>rationem,</strong></span> <span class='ocrx_word' id='word_1_394' title='bbox 743 3277 981 3351; x_wconf 89' lang='lat' dir='ltr'><strong>quando</strong></span> <span class='ocrx_word' id='word_1_395' title='bbox 1007 3277 1162 3348; x_wconf 90' lang='lat' dir='ltr'><strong>quod</strong></span> <span class='ocrx_word' id='word_1_396' title='bbox 1194 3291 1434 3348; x_wconf 64' lang='lat' dir='ltr'><strong>equum</strong></span> <span class='ocrx_word' id='word_1_397' title='bbox 1465 3284 1552 3332; x_wconf 89' lang='lat' dir='ltr'><strong>est</strong></span> <span class='ocrx_word' id='word_1_398' title='bbox 1601 3276 1881 3332; x_wconf 83' lang='lat' dir='ltr'><strong>duntaxat</strong></span> <span class='ocrx_word' id='word_1_399' title='bbox 1927 3293 2063 3348; x_wconf 90' lang='lat' dir='ltr'><strong>per-</strong></span> 
     </span>
    </p>
   </div>
   <div class='ocr_carea' id='block_1_54' title="bbox 411 3365 2062 3440">
    <p class='ocr_par' dir='ltr' id='par_1_54' title="bbox 411 3365 2062 3440">
     <span class='ocr_line' id='line_1_54' title="bbox 411 3365 2062 3440; baseline -0.003 -13"><span class='ocrx_word' id='word_1_400' title='bbox 411 3369 676 3437; x_wconf 86' lang='lat' dir='ltr'><strong>solvitur,</strong></span> <span class='ocrx_word' id='word_1_401' title='bbox 710 3366 996 3440; x_wconf 85' lang='lat' dir='ltr'><strong>quidquid</strong></span> <span class='ocrx_word' id='word_1_402' title='bbox 1019 3371 1212 3423; x_wconf 85' lang='lat' dir='ltr'><strong>autem</strong></span> <span class='ocrx_word' id='word_1_403' title='bbox 1247 3381 1478 3437; x_wconf 65' lang='lat' dir='ltr'><strong>equum</strong></span> <span class='ocrx_word' id='word_1_404' title='bbox 1515 3381 1613 3437; x_wconf 89' lang='lat' dir='ltr'><strong>per</strong></span> <span class='ocrx_word' id='word_1_405' title='bbox 1670 3381 1732 3422; x_wconf 88' lang='lat' dir='ltr'><strong>se</strong></span> <span class='ocrx_word' id='word_1_406' title='bbox 1775 3370 1884 3434; x_wconf 86' lang='lat' dir='ltr'><strong>est,</strong></span> <span class='ocrx_word' id='word_1_407' title='bbox 1918 3365 2062 3422; x_wconf 90' lang='lat' dir='ltr'><strong>illud</strong></span> 
     </span>
    </p>
   </div>
   <div class='ocr_carea' id='block_1_55' title="bbox 411 3453 2066 3522">
    <p class='ocr_par' dir='ltr' id='par_1_55' title="bbox 411 3453 2066 3522">
     <span class='ocr_line' id='line_1_55' title="bbox 411 3453 2066 3522; baseline -0.004 -5"><span class='ocrx_word' id='word_1_408' title='bbox 411 3459 588 3518; x_wconf 79' lang='lat' dir='ltr'><strong>ofﬁcii</strong></span> <span class='ocrx_word' id='word_1_409' title='bbox 619 3456 969 3514; x_wconf 86' lang='lat' dir='ltr'><strong>necessitate</strong></span> <span class='ocrx_word' id='word_1_410' title='bbox 1000 3454 1224 3522; x_wconf 87' lang='lat' dir='ltr'><strong>nititur,</strong></span> <span class='ocrx_word' id='word_1_411' title='bbox 1252 3462 1312 3510; x_wconf 88' lang='lat' dir='ltr'><strong>at</strong></span> <span class='ocrx_word' id='word_1_412' title='bbox 1339 3453 1659 3511; x_wconf 87' lang='lat' dir='ltr'><strong>necessitas</strong></span> <span class='ocrx_word' id='word_1_413' title='bbox 1683 3471 1888 3511; x_wconf 89' lang='lat' dir='ltr'><strong>rursus</strong></span> <span class='ocrx_word' id='word_1_414' title='bbox 1905 3455 2066 3512; x_wconf 90' lang='lat' dir='ltr'><strong>nulla</strong></span> 
     </span>
    </p>
   </div>
   <div class='ocr_carea' id='block_1_56' title="bbox 413 3542 2068 3615">
    <p class='ocr_par' dir='ltr' id='par_1_56' title="bbox 413 3542 2068 3615">
     <span class='ocr_line' id='line_1_56' title="bbox 413 3542 2068 3615; baseline -0.003 -9"><span class='ocrx_word' id='word_1_415' title='bbox 413 3552 663 3606; x_wconf 83' lang='lat' dir='ltr'><strong>donatur</strong></span> <span class='ocrx_word' id='word_1_416' title='bbox 693 3561 926 3603; x_wconf 88' lang='lat' dir='ltr'><strong>corona.</strong></span> <span class='ocrx_word' id='word_1_417' title='bbox 950 3543 1194 3610; x_wconf 88' lang='lat' dir='ltr'><strong>Quando</strong></span> <span class='ocrx_word' id='word_1_418' title='bbox 1224 3542 1336 3599; x_wconf 89' lang='lat' dir='ltr'><strong>hoc</strong></span> <span class='ocrx_word' id='word_1_419' title='bbox 1375 3543 1571 3615; x_wconf 89' lang='lat' dir='ltr'><strong>ipsum</strong></span> <span class='ocrx_word' id='word_1_420' title='bbox 1604 3542 1884 3614; x_wconf 78' lang='lat' dir='ltr'><strong>ofﬁcium,</strong></span> <span class='ocrx_word' id='word_1_421' title='bbox 1910 3551 2068 3602; x_wconf 83' lang='lat' dir='ltr'><strong>tanta</strong></span> 
     </span>
    </p>
   </div>
   <div class='ocr_carea' id='block_1_57' title="bbox 417 3631 2068 3706">
    <p class='ocr_par' dir='ltr' id='par_1_57' title="bbox 417 3631 2068 3706">
     <span class='ocr_line' id='line_1_57' title="bbox 417 3631 2068 3706; baseline -0.002 -10"><span class='ocrx_word' id='word_1_422' title='bbox 417 3653 556 3696; x_wconf 88' lang='lat' dir='ltr'><strong>cum</strong></span> <span class='ocrx_word' id='word_1_423' title='bbox 586 3634 926 3695; x_wconf 83' lang='lat' dir='ltr'><strong>excellentia</strong></span> <span class='ocrx_word' id='word_1_424' title='bbox 951 3635 1075 3690; x_wconf 87' lang='lat' dir='ltr'><strong>viro</strong></span> <span class='ocrx_word' id='word_1_425' title='bbox 1110 3631 1437 3704; x_wconf 81' lang='lat' dir='ltr'><strong>justissima</strong></span> <span class='ocrx_word' id='word_1_426' title='bbox 1477 3633 1802 3706; x_wconf 84' lang='lat' dir='ltr'><strong>perfectum</strong></span> <span class='ocrx_word' id='word_1_427' title='bbox 1859 3639 1968 3702; x_wconf 89' lang='lat' dir='ltr'><strong>est,</strong></span> <span class='ocrx_word' id='word_1_428' title='bbox 2003 3640 2068 3692; x_wconf 91' lang='lat' dir='ltr'><strong>ut</strong></span> 
     </span>
    </p>
   </div>
   <div class='ocr_carea' id='block_1_58' title="bbox 412 3721 2063 3794">
    <p class='ocr_par' dir='ltr' id='par_1_58' title="bbox 412 3721 2063 3794">
     <span class='ocr_line' id='line_1_58' title="bbox 412 3721 2063 3794; baseline -0.002 -10"><span class='ocrx_word' id='word_1_429' title='bbox 412 3729 479 3784; x_wconf 87' lang='lat' dir='ltr'><strong>ad</strong></span> <span class='ocrx_word' id='word_1_430' title='bbox 540 3725 770 3784; x_wconf 88' lang='lat' dir='ltr'><strong>nullum</strong></span> <span class='ocrx_word' id='word_1_431' title='bbox 819 3737 1163 3794; x_wconf 85' lang='lat' dir='ltr'><strong>expressum</strong></span> <span class='ocrx_word' id='word_1_432' title='bbox 1204 3721 1518 3792; x_wconf 85' lang='lat' dir='ltr'><strong>exemplar,</strong></span> <span class='ocrx_word' id='word_1_433' title='bbox 1561 3738 1763 3779; x_wconf 90' lang='lat' dir='ltr'><strong>verum</strong></span> <span class='ocrx_word' id='word_1_434' title='bbox 1823 3724 2063 3782; x_wconf 90' lang='lat' dir='ltr'><strong>unicum</strong></span> 
     </span>
    </p>
   </div>
   <div class='ocr_carea' id='block_1_59' title="bbox 411 3811 2067 3886">
    <p class='ocr_par' dir='ltr' id='par_1_59' title="bbox 411 3811 2067 3886">
     <span class='ocr_line' id='line_1_59' title="bbox 411 3811 2067 3886; baseline -0.003 -13"><span class='ocrx_word' id='word_1_435' title='bbox 411 3817 542 3874; x_wconf 87' lang='lat' dir='ltr'><strong>aliis</strong></span> <span class='ocrx_word' id='word_1_436' title='bbox 577 3816 836 3873; x_wconf 87' lang='lat' dir='ltr'><strong>futurum</strong></span> <span class='ocrx_word' id='word_1_437' title='bbox 871 3813 947 3870; x_wconf 88' lang='lat' dir='ltr'><strong>sit</strong></span> <span class='ocrx_word' id='word_1_438' title='bbox 975 3811 1339 3886; x_wconf 89' lang='lat' dir='ltr'><strong>exemplum,</strong></span> <span class='ocrx_word' id='word_1_439' title='bbox 1361 3812 1504 3868; x_wconf 89' lang='lat' dir='ltr'><strong>adeo</strong></span> <span class='ocrx_word' id='word_1_440' title='bbox 1551 3828 1694 3870; x_wconf 89' lang='lat' dir='ltr'><strong>sane</strong></span> <span class='ocrx_word' id='word_1_441' title='bbox 1741 3829 1954 3886; x_wconf 90' lang='lat' dir='ltr'><strong>magno</strong></span> <span class='ocrx_word' id='word_1_442' title='bbox 1995 3813 2067 3868; x_wconf 88' lang='lat' dir='ltr'><strong>il-</strong></span> 
     </span>
    </p>
   </div>
   <div class='ocr_carea' id='block_1_60' title="bbox 407 3901 2066 3977">
    <p class='ocr_par' dir='ltr' id='par_1_60' title="bbox 407 3901 2066 3977">
     <span class='ocr_line' id='line_1_60' title="bbox 407 3901 2066 3977; baseline -0.002 -16"><span class='ocrx_word' id='word_1_443' title='bbox 407 3905 506 3961; x_wconf 86' lang='lat' dir='ltr'><strong>lud</strong></span> <span class='ocrx_word' id='word_1_444' title='bbox 546 3905 603 3961; x_wconf 89' lang='lat' dir='ltr'><strong>in</strong></span> <span class='ocrx_word' id='word_1_445' title='bbox 633 3904 817 3977; x_wconf 87' lang='lat' dir='ltr'><strong>pretio</strong></span> <span class='ocrx_word' id='word_1_446' title='bbox 851 3902 1188 3958; x_wconf 81' lang='lat' dir='ltr'><strong>habendum</strong></span> <span class='ocrx_word' id='word_1_447' title='bbox 1213 3905 1323 3970; x_wconf 90' lang='lat' dir='ltr'><strong>est,</strong></span> <span class='ocrx_word' id='word_1_448' title='bbox 1355 3909 1414 3956; x_wconf 89' lang='lat' dir='ltr'><strong>ut</strong></span> <span class='ocrx_word' id='word_1_449' title='bbox 1445 3901 1496 3956; x_wconf 88' lang='lat' dir='ltr'><strong>si</strong></span> <span class='ocrx_word' id='word_1_450' title='bbox 1529 3901 1597 3958; x_wconf 90' lang='lat' dir='ltr'><strong>ad</strong></span> <span class='ocrx_word' id='word_1_451' title='bbox 1632 3917 1749 3958; x_wconf 88' lang='lat' dir='ltr'><strong>non</strong></span> <span class='ocrx_word' id='word_1_452' title='bbox 1779 3901 2066 3975; x_wconf 84' lang='lat' dir='ltr'><strong>singulari</strong></span> 
     </span>
    </p>
   </div>
   <div class='ocr_carea' id='block_1_61' title="bbox 2241 2555 3828 2638">
    <p class='ocr_par' dir='ltr' id='par_1_61' title="bbox 2241 2555 3828 2638">
     <span class='ocr_line' id='line_1_61' title="bbox 2241 2555 3828 2638; baseline 0.004 -24"><span class='ocrx_word' id='word_1_453' title='bbox 2241 2562 2366 2614; x_wconf 65' lang='grc' dir='ltr'><strong>ΠΕ.</strong></span> <span class='ocrx_word' id='word_1_454' title='bbox 2399 2559 2468 2613; x_wconf 89' lang='grc' dir='ltr'>Τὸ</span> <span class='ocrx_word' id='word_1_455' title='bbox 2517 2558 2610 2632; x_wconf 79' lang='grc' dir='ltr'>μὶν</span> <span class='ocrx_word' id='word_1_456' title='bbox 2650 2555 2717 2626; x_wconf 76' lang='grc' dir='ltr'><strong>δὴ</strong></span> <span class='ocrx_word' id='word_1_457' title='bbox 2757 2557 2885 2624; x_wconf 79' lang='grc' dir='ltr'>τοὺς</span> <span class='ocrx_word' id='word_1_458' title='bbox 2925 2559 3358 2636; x_wconf 84' lang='grc' dir='ltr'>γεννησαμένους</span> <span class='ocrx_word' id='word_1_459' title='bbox 3392 2564 3518 2638; x_wconf 76' lang='grc' dir='ltr'>περὶ</span> <span class='ocrx_word' id='word_1_460' title='bbox 3558 2561 3828 2620; x_wconf 74' lang='grc' dir='ltr'>πλείστου</span> 
     </span>
    </p>
   </div>
   <div class='ocr_carea' id='block_1_62' title="bbox 2167 2645 3826 2724">
    <p class='ocr_par' dir='ltr' id='par_1_62' title="bbox 2167 2645 3826 2724">
     <span class='ocr_line' id='line_1_62' title="bbox 2167 2645 3826 2724; baseline 0.004 -22"><span class='ocrx_word' id='word_1_461' title='bbox 2167 2648 2461 2717; x_wconf 88' lang='grc' dir='ltr'>ποιεῖσθαι,</span> <span class='ocrx_word' id='word_1_462' title='bbox 2488 2645 2578 2702; x_wconf 88' lang='grc' dir='ltr'><strong>καὶ</strong></span> <span class='ocrx_word' id='word_1_463' title='bbox 2609 2652 2772 2720; x_wconf 83' lang='grc' dir='ltr'>τιμᾷν</span> <span class='ocrx_word' id='word_1_464' title='bbox 2801 2647 2868 2702; x_wconf 75' lang='grc' dir='ltr'>τὰ</span> <span class='ocrx_word' id='word_1_465' title='bbox 2904 2649 3224 2724; x_wconf 86' lang='grc' dir='ltr'>γιγνόμενα,</span> <span class='ocrx_word' id='word_1_466' title='bbox 3257 2649 3346 2705; x_wconf 81' lang='grc' dir='ltr'><strong>καὶ</strong></span> <span class='ocrx_word' id='word_1_467' title='bbox 3402 2649 3571 2724; x_wconf 79' lang='grc' dir='ltr'>μηδὲν</span> <span class='ocrx_word' id='word_1_468' title='bbox 3614 2653 3826 2709; x_wconf 73' lang='grc' dir='ltr'>ἀνιέναι</span> 
     </span>
    </p>
   </div>
   <div class='ocr_carea' id='block_1_63' title="bbox 2169 2735 3828 2815">
    <p class='ocr_par' dir='ltr' id='par_1_63' title="bbox 2169 2735 3828 2815">
     <span class='ocr_line' id='line_1_63' title="bbox 2169 2735 3828 2815; baseline 0.004 -23"><span class='ocrx_word' id='word_1_469' title='bbox 2169 2741 2277 2792; x_wconf 77' lang='grc' dir='ltr'><strong>τῶν</strong></span> <span class='ocrx_word' id='word_1_470' title='bbox 2323 2735 2424 2791; x_wconf 75' lang='grc' dir='ltr'><strong>ὅσα</strong></span> <span class='ocrx_word' id='word_1_471' title='bbox 2474 2756 2536 2814; x_wconf 91' lang='grc' dir='ltr'><strong>γε</strong></span> <span class='ocrx_word' id='word_1_472' title='bbox 2596 2736 2672 2798; x_wconf 74' lang='grc' dir='ltr'>εἷς</span> <span class='ocrx_word' id='word_1_473' title='bbox 2721 2736 2915 2798; x_wconf 75' lang='grc' dir='ltr'>αὐτοὺς</span> <span class='ocrx_word' id='word_1_474' title='bbox 2972 2739 3226 2814; x_wconf 87' lang='grc' dir='ltr'>πράττειν</span> <span class='ocrx_word' id='word_1_475' title='bbox 3289 2739 3457 2810; x_wconf 81' lang='grc' dir='ltr'>εἲκὸς,</span> <span class='ocrx_word' id='word_1_476' title='bbox 3510 2743 3828 2815; x_wconf 80' lang='grc' dir='ltr'>θαυμαστὸν</span> 
     </span>
    </p>
   </div>
   <div class='ocr_carea' id='block_1_64' title="bbox 2172 2823 3827 2911">
    <p class='ocr_par' dir='ltr' id='par_1_64' title="bbox 2172 2823 3827 2911">
     <span class='ocr_line' id='line_1_64' title="bbox 2172 2823 3827 2911; baseline 0.004 -31"><span class='ocrx_word' id='word_1_477' title='bbox 2172 2823 2344 2895; x_wconf 75' lang='grc' dir='ltr'>οὐδέν,</span> <span class='ocrx_word' id='word_1_478' title='bbox 2393 2824 2438 2880; x_wconf 78' lang='grc' dir='ltr'><strong>εί</strong></span> <span class='ocrx_word' id='word_1_479' title='bbox 2496 2825 2587 2881; x_wconf 82' lang='grc' dir='ltr'><strong>καὶ</strong></span> <span class='ocrx_word' id='word_1_480' title='bbox 2644 2831 2754 2882; x_wconf 80' lang='grc' dir='ltr'><strong>τῶν</strong></span> <span class='ocrx_word' id='word_1_481' title='bbox 2812 2827 2952 2882; x_wconf 84' lang='grc' dir='ltr'>πάνυ</span> <span class='ocrx_word' id='word_1_482' title='bbox 3004 2825 3228 2883; x_wconf 85' lang='grc' dir='ltr'>δικαίων</span> <span class='ocrx_word' id='word_1_483' title='bbox 3265 2848 3276 2860; x_wconf 94' lang='grc'><strong>·</strong></span> <span class='ocrx_word' id='word_1_484' title='bbox 3329 2829 3608 2907; x_wconf 79' lang='grc' dir='ltr'>ὀφείλεται</span> <span class='ocrx_word' id='word_1_485' title='bbox 3665 2833 3770 2911; x_wconf 85' lang='grc' dir='ltr'><strong>γάρ</strong></span> <span class='ocrx_word' id='word_1_486' title='bbox 3812 2851 3827 2864; x_wconf 95' lang='grc'><strong>·</strong></span> 
     </span>
    </p>
   </div>
   <div class='ocr_carea' id='block_1_65' title="bbox 2172 2915 3829 2995">
    <p class='ocr_par' dir='ltr' id='par_1_65' title="bbox 2172 2915 3829 2995">
     <span class='ocr_line' id='line_1_65' title="bbox 2172 2915 3829 2995; baseline 0.002 -23"><span class='ocrx_word' id='word_1_487' title='bbox 2172 2915 2320 2972; x_wconf 80' lang='grc' dir='ltr'>ἀλλὰ</span> <span class='ocrx_word' id='word_1_488' title='bbox 2352 2916 2428 2988; x_wconf 80' lang='grc' dir='ltr'>μὴ</span> <span class='ocrx_word' id='word_1_489' title='bbox 2470 2917 2763 2992; x_wconf 86' lang='grc' dir='ltr'>γενόμενον</span> <span class='ocrx_word' id='word_1_490' title='bbox 2809 2917 2928 2990; x_wconf 72' lang='grc' dir='ltr'>μὲν,</span> <span class='ocrx_word' id='word_1_491' title='bbox 2963 2917 3219 2993; x_wconf 84' lang='grc' dir='ltr'>μίμψεως</span> <span class='ocrx_word' id='word_1_492' title='bbox 3259 2917 3320 2974; x_wconf 80' lang='grc' dir='ltr'>οὐ</span> <span class='ocrx_word' id='word_1_493' title='bbox 3365 2927 3563 2995; x_wconf 83' lang='grc' dir='ltr'>μικρᾶς</span> <span class='ocrx_word' id='word_1_494' title='bbox 3605 2920 3664 2975; x_wconf 83' lang='grc' dir='ltr'><strong>ἂν</strong></span> <span class='ocrx_word' id='word_1_495' title='bbox 3709 2920 3829 2992; x_wconf 76' lang='grc' dir='ltr'><strong>εἷή,</strong></span> 
     </span>
    </p>
   </div>
   <div class='ocr_carea' id='block_1_66' title="bbox 2173 3003 3835 3083">
    <p class='ocr_par' dir='ltr' id='par_1_66' title="bbox 2173 3003 3835 3083">
     <span class='ocr_line' id='line_1_66' title="bbox 2173 3003 3835 3083; baseline 0.004 -23"><span class='ocrx_word' id='word_1_496' title='bbox 2173 3006 2260 3061; x_wconf 85' lang='grc' dir='ltr'><strong>καὶ</strong></span> <span class='ocrx_word' id='word_1_497' title='bbox 2294 3003 2510 3079; x_wconf 86' lang='grc' dir='ltr'>προσέτ’</span> <span class='ocrx_word' id='word_1_498' title='bbox 2561 3005 2813 3077; x_wconf 74' lang='grc' dir='ltr'>ἀθέτησις</span> <span class='ocrx_word' id='word_1_499' title='bbox 2844 3005 3072 3078; x_wconf 74' lang='grc' dir='ltr'>ἐντολῆς</span> <span class='ocrx_word' id='word_1_500' title='bbox 3107 3026 3119 3040; x_wconf 78' lang='grc'><strong><em>⁸</em></strong></span> <span class='ocrx_word' id='word_1_501' title='bbox 3171 3009 3456 3083; x_wconf 86' lang='grc' dir='ltr'>γενόμενον</span> <span class='ocrx_word' id='word_1_502' title='bbox 3506 3006 3582 3077; x_wconf 75' lang='grc' dir='ltr'>δὲ,</span> <span class='ocrx_word' id='word_1_503' title='bbox 3616 3011 3719 3066; x_wconf 84' lang='grc' dir='ltr'>οὐκ</span> <span class='ocrx_word' id='word_1_504' title='bbox 3748 3005 3835 3066; x_wconf 80' lang='grc' dir='ltr'><strong>ἔτ’</strong></span> 
     </span>
    </p>
   </div>
   <div class='ocr_carea' id='block_1_67' title="bbox 2174 3091 3825 3173">
    <p class='ocr_par' dir='ltr' id='par_1_67' title="bbox 2174 3091 3825 3173">
     <span class='ocr_line' id='line_1_67' title="bbox 2174 3091 3825 3173; baseline 0.004 -25"><span class='ocrx_word' id='word_1_505' title='bbox 2174 3092 2236 3148; x_wconf 74' lang='grc' dir='ltr'>ἂν</span> <span class='ocrx_word' id='word_1_506' title='bbox 2270 3091 2592 3170; x_wconf 81' lang='grc' dir='ltr'>έπιδέχοιτο</span> <span class='ocrx_word' id='word_1_507' title='bbox 2624 3097 2801 3169; x_wconf 77' lang='grc' dir='ltr'>θαῦμα</span> <span class='ocrx_word' id='word_1_508' title='bbox 2835 3115 2848 3127; x_wconf 69' lang='grc'><strong>⁸</strong></span> <span class='ocrx_word' id='word_1_509' title='bbox 2880 3097 2944 3152; x_wconf 87' lang='grc' dir='ltr'>τὸ</span> <span class='ocrx_word' id='word_1_510' title='bbox 2974 3097 3079 3173; x_wconf 78' lang='grc' dir='ltr'><strong>γὰρ</strong></span> <span class='ocrx_word' id='word_1_511' title='bbox 3121 3097 3265 3158; x_wconf 80' lang='grc' dir='ltr'>εἰκός</span> <span class='ocrx_word' id='word_1_512' title='bbox 3297 3096 3436 3154; x_wconf 81' lang='grc' dir='ltr'>ἐστιν</span> <span class='ocrx_word' id='word_1_513' title='bbox 3477 3097 3772 3156; x_wconf 77' lang='grc' dir='ltr'>έκτιννύναι</span> <span class='ocrx_word' id='word_1_514' title='bbox 3812 3123 3825 3136; x_wconf 88' lang='grc'><strong>·</strong></span> 
     </span>
    </p>
   </div>
   <div class='ocr_carea' id='block_1_68' title="bbox 2173 3183 3831 3269">
    <p class='ocr_par' dir='ltr' id='par_1_68' title="bbox 2173 3183 3831 3269">
     <span class='ocr_line' id='line_1_68' title="bbox 2173 3183 3831 3269; baseline 0.004 -28"><span class='ocrx_word' id='word_1_515' title='bbox 2173 3191 2277 3241; x_wconf 81' lang='grc' dir='ltr'><strong>πᾶν</strong></span> <span class='ocrx_word' id='word_1_516' title='bbox 2311 3183 2369 3241; x_wconf 81' lang='grc' dir='ltr'><strong>δὶ</strong></span> <span class='ocrx_word' id='word_1_517' title='bbox 2399 3189 2460 3242; x_wconf 83' lang='grc' dir='ltr'>τὸ</span> <span class='ocrx_word' id='word_1_518' title='bbox 2501 3186 2666 3258; x_wconf 83' lang='grc' dir='ltr'>εἰκὸς,</span> <span class='ocrx_word' id='word_1_519' title='bbox 2699 3185 2940 3263; x_wconf 76' lang='grc' dir='ltr'>ἀνάγκης</span> <span class='ocrx_word' id='word_1_520' title='bbox 2977 3185 3248 3260; x_wconf 76' lang='grc' dir='ltr'>δήπουθεν</span> <span class='ocrx_word' id='word_1_521' title='bbox 3287 3187 3526 3265; x_wconf 76' lang='grc' dir='ltr'>ἤρτηται</span> <span class='ocrx_word' id='word_1_522' title='bbox 3560 3211 3574 3224; x_wconf 75' lang='grc' dir='ltr'><strong>ο</strong></span> <span class='ocrx_word' id='word_1_523' title='bbox 3619 3193 3831 3269; x_wconf 83' lang='grc' dir='ltr'>ἀνάγκη</span> 
     </span>
    </p>
   </div>
   <div class='ocr_carea' id='block_1_69' title="bbox 2175 3273 3832 3354">
    <p class='ocr_par' dir='ltr' id='par_1_69' title="bbox 2175 3273 3832 3354">
     <span class='ocr_line' id='line_1_69' title="bbox 2175 3273 3832 3354; baseline 0.004 -24"><span class='ocrx_word' id='word_1_524' title='bbox 2175 3273 2232 3330; x_wconf 74' lang='grc' dir='ltr'><strong>δέ</strong></span> <span class='ocrx_word' id='word_1_525' title='bbox 2287 3274 2658 3354; x_wconf 80' lang='grc' dir='ltr'>ἀστεφάνωτον</span> <span class='ocrx_word' id='word_1_526' title='bbox 2690 3295 2702 3308; x_wconf 85' lang='lat'><strong><em>°</em></strong></span> <span class='ocrx_word' id='word_1_527' title='bbox 2762 3281 2850 3331; x_wconf 82' lang='grc' dir='ltr'><strong>νῦν</strong></span> <span class='ocrx_word' id='word_1_528' title='bbox 2909 3275 2968 3332; x_wconf 65' lang='grc' dir='ltr'><strong>δὲ</strong></span> <span class='ocrx_word' id='word_1_529' title='bbox 3025 3279 3114 3340; x_wconf 82' lang='grc' dir='ltr'>οἷς</span> <span class='ocrx_word' id='word_1_530' title='bbox 3174 3278 3304 3334; x_wconf 80' lang='grc' dir='ltr'>αὐτὸ</span> <span class='ocrx_word' id='word_1_531' title='bbox 3365 3280 3500 3352; x_wconf 82' lang='grc' dir='ltr'>μετὰ</span> <span class='ocrx_word' id='word_1_532' title='bbox 3556 3281 3832 3352; x_wconf 75' lang='grc' dir='ltr'>τοσαύτης</span> 
     </span>
    </p>
   </div>
   <div class='ocr_carea' id='block_1_70' title="bbox 2176 3361 3832 3442">
    <p class='ocr_par' dir='ltr' id='par_1_70' title="bbox 2176 3361 3832 3442">
     <span class='ocr_line' id='line_1_70' title="bbox 2176 3361 3832 3442; baseline 0.004 -22"><span class='ocrx_word' id='word_1_533' title='bbox 2176 3361 2488 3439; x_wconf 75' lang='grc' dir='ltr'>ὑπερϐολῆς</span> <span class='ocrx_word' id='word_1_534' title='bbox 2537 3366 2892 3441; x_wconf 83' lang='grc' dir='ltr'>κατώρθωται</span> <span class='ocrx_word' id='word_1_535' title='bbox 2942 3371 3023 3440; x_wconf 76' lang='grc' dir='ltr'><strong>τῷ</strong></span> <span class='ocrx_word' id='word_1_536' title='bbox 3064 3364 3279 3440; x_wconf 82' lang='grc' dir='ltr'>δικαίῳ,</span> <span class='ocrx_word' id='word_1_537' title='bbox 3313 3370 3386 3432; x_wconf 89' lang='grc' dir='ltr'>ὡς</span> <span class='ocrx_word' id='word_1_538' title='bbox 3431 3367 3565 3442; x_wconf 78' lang='grc' dir='ltr'>μήδ’</span> <span class='ocrx_word' id='word_1_539' title='bbox 3595 3370 3670 3434; x_wconf 82' lang='grc' dir='ltr'><strong>εἷς</strong></span> <span class='ocrx_word' id='word_1_540' title='bbox 3719 3393 3832 3428; x_wconf 78' lang='grc' dir='ltr'>πα-</span> 
     </span>
    </p>
   </div>
   <div class='ocr_carea' id='block_1_71' title="bbox 2175 3453 3830 3534">
    <p class='ocr_par' dir='ltr' id='par_1_71' title="bbox 2175 3453 3830 3534">
     <span class='ocr_line' id='line_1_71' title="bbox 2175 3453 3830 3534; baseline 0.005 -25"><span class='ocrx_word' id='word_1_541' title='bbox 2175 3453 2444 3532; x_wconf 77' lang='grc' dir='ltr'>ράδειγμα</span> <span class='ocrx_word' id='word_1_542' title='bbox 2473 3457 2650 3534; x_wconf 78' lang='grc' dir='ltr'>φέρειν</span> <span class='ocrx_word' id='word_1_543' title='bbox 2683 3476 2697 3489; x_wconf 88' lang='grc'><strong>·</strong></span> <span class='ocrx_word' id='word_1_544' title='bbox 2750 3455 2880 3512; x_wconf 82' lang='grc' dir='ltr'>ἀλλ’</span> <span class='ocrx_word' id='word_1_545' title='bbox 2910 3457 3046 3512; x_wconf 82' lang='grc' dir='ltr'>αὐτὸ</span> <span class='ocrx_word' id='word_1_546' title='bbox 3093 3461 3255 3513; x_wconf 80' lang='grc' dir='ltr'>τοῦτο</span> <span class='ocrx_word' id='word_1_547' title='bbox 3307 3461 3469 3532; x_wconf 88' lang='grc' dir='ltr'>μόνον</span> <span class='ocrx_word' id='word_1_548' title='bbox 3521 3460 3655 3516; x_wconf 81' lang='grc' dir='ltr'>εἶναι</span> <span class='ocrx_word' id='word_1_549' title='bbox 3704 3467 3830 3525; x_wconf 85' lang='grc' dir='ltr'>τοῖς</span> 
     </span>
    </p>
   </div>
   <div class='ocr_carea' id='block_1_72' title="bbox 2173 3541 3835 3624">
    <p class='ocr_par' dir='ltr' id='par_1_72' title="bbox 2173 3541 3835 3624">
     <span class='ocr_line' id='line_1_72' title="bbox 2173 3541 3835 3624; baseline 0.005 -26"><span class='ocrx_word' id='word_1_550' title='bbox 2173 3541 2369 3606; x_wconf 78' lang='grc' dir='ltr'>ἄλλοις</span> <span class='ocrx_word' id='word_1_551' title='bbox 2420 3541 2788 3620; x_wconf 80' lang='grc' dir='ltr'>παράδειγμα,</span> <span class='ocrx_word' id='word_1_552' title='bbox 2821 3545 2965 3600; x_wconf 73' lang='grc' dir='ltr'>οὕτω</span> <span class='ocrx_word' id='word_1_553' title='bbox 3015 3544 3234 3602; x_wconf 83' lang='grc' dir='ltr'>πολλοῦ</span> <span class='ocrx_word' id='word_1_554' title='bbox 3281 3549 3423 3611; x_wconf 84' lang='grc' dir='ltr'>τινός</span> <span class='ocrx_word' id='word_1_555' title='bbox 3466 3547 3610 3605; x_wconf 69' lang='grc' dir='ltr'>ἑστιν</span> <span class='ocrx_word' id='word_1_556' title='bbox 3655 3549 3835 3624; x_wconf 77' lang='grc' dir='ltr'>ἄξιον,</span> 
     </span>
    </p>
   </div>
   <div class='ocr_carea' id='block_1_73' title="bbox 2175 3630 3833 3718">
    <p class='ocr_par' dir='ltr' id='par_1_73' title="bbox 2175 3630 3833 3718">
     <span class='ocr_line' id='line_1_73' title="bbox 2175 3630 3833 3718; baseline 0.005 -32"><span class='ocrx_word' id='word_1_557' title='bbox 2175 3634 2248 3694; x_wconf 83' lang='grc' dir='ltr'><strong>ὡς</strong></span> <span class='ocrx_word' id='word_1_558' title='bbox 2280 3633 2324 3688; x_wconf 80' lang='grc' dir='ltr'><strong>εἰ</strong></span> <span class='ocrx_word' id='word_1_559' title='bbox 2355 3635 2430 3708; x_wconf 74' lang='grc' dir='ltr'>μή</span> <span class='ocrx_word' id='word_1_560' title='bbox 2484 3630 2691 3710; x_wconf 76' lang='grc' dir='ltr'>σφόδρά</span> <span class='ocrx_word' id='word_1_561' title='bbox 2717 3655 2798 3697; x_wconf 87' lang='grc' dir='ltr'><strong>τις</strong></span> <span class='ocrx_word' id='word_1_562' title='bbox 2851 3633 3122 3706; x_wconf 74' lang='grc' dir='ltr'>ἐπαινοίη,</span> <span class='ocrx_word' id='word_1_563' title='bbox 3153 3633 3265 3692; x_wconf 67' lang='grc' dir='ltr'>οὔτ’</span> <span class='ocrx_word' id='word_1_564' title='bbox 3315 3635 3373 3692; x_wconf 76' lang='grc' dir='ltr'><strong>ἂν</strong></span> <span class='ocrx_word' id='word_1_565' title='bbox 3412 3644 3532 3701; x_wconf 90' lang='grc' dir='ltr'>τοῖς</span> <span class='ocrx_word' id='word_1_566' title='bbox 3562 3640 3833 3718; x_wconf 72' lang='grc' dir='ltr'>πράγμα-</span> 
     </span>
    </p>
   </div>
   <div class='ocr_carea' id='block_1_74' title="bbox 2173 3721 3839 3802">
    <p class='ocr_par' dir='ltr' id='par_1_74' title="bbox 2173 3721 3839 3802">
     <span class='ocr_line' id='line_1_74' title="bbox 2173 3721 3839 3802; baseline 0.005 -25"><span class='ocrx_word' id='word_1_567' title='bbox 2173 3743 2254 3777; x_wconf 91' lang='grc' dir='ltr'><strong>σιν</strong></span> <span class='ocrx_word' id='word_1_568' title='bbox 2286 3724 2462 3799; x_wconf 81' lang='grc' dir='ltr'>ὀρθῶς</span> <span class='ocrx_word' id='word_1_569' title='bbox 2513 3721 2720 3796; x_wconf 82' lang='grc' dir='ltr'>διαιτᾷν</span> <span class='ocrx_word' id='word_1_570' title='bbox 2760 3721 2959 3797; x_wconf 81' lang='grc' dir='ltr'>δόξειεν</span> <span class='ocrx_word' id='word_1_571' title='bbox 3010 3725 3094 3798; x_wconf 84' lang='grc' dir='ltr'><strong>ἃν,</strong></span> <span class='ocrx_word' id='word_1_572' title='bbox 3127 3726 3217 3782; x_wconf 84' lang='grc' dir='ltr'><strong>καὶ</strong></span> <span class='ocrx_word' id='word_1_573' title='bbox 3270 3726 3560 3802; x_wconf 76' lang='grc' dir='ltr'>βασκανίας</span> <span class='ocrx_word' id='word_1_574' title='bbox 3600 3727 3839 3784; x_wconf 84' lang='grc' dir='ltr'>άλισκε-</span> 
     </span>
    </p>
   </div>
   <div class='ocr_carea' id='block_1_75' title="bbox 2175 3813 3832 3892">
    <p class='ocr_par' dir='ltr' id='par_1_75' title="bbox 2175 3813 3832 3892">
     <span class='ocr_line' id='line_1_75' title="bbox 2175 3813 3832 3892; baseline 0.004 -26"><span class='ocrx_word' id='word_1_575' title='bbox 2175 3813 2340 3866; x_wconf 81' lang='grc' dir='ltr'>σθαι’</span> <span class='ocrx_word' id='word_1_576' title='bbox 2402 3818 2629 3889; x_wconf 79' lang='grc' dir='ltr'>πρᾶγμα</span> <span class='ocrx_word' id='word_1_577' title='bbox 2680 3817 2937 3868; x_wconf 79' lang='grc' dir='ltr'>τοσοῦτον</span> <span class='ocrx_word' id='word_1_578' title='bbox 2996 3813 3186 3878; x_wconf 74' lang='grc' dir='ltr'>ἁπλῶς</span> <span class='ocrx_word' id='word_1_579' title='bbox 3249 3813 3505 3888; x_wconf 80' lang='grc' dir='ltr'>ἐπαινῶν,</span> <span class='ocrx_word' id='word_1_580' title='bbox 3563 3818 3651 3872; x_wconf 76' lang='grc' dir='ltr'><strong>καὶ</strong></span> <span class='ocrx_word' id='word_1_581' title='bbox 3747 3820 3832 3892; x_wconf 80' lang='grc' dir='ltr'>μὴ</span> 
     </span>
    </p>
   </div>
   <div class='ocr_carea' id='block_1_76' title="bbox 2174 3901 2792 3976">
    <p class='ocr_par' dir='ltr' id='par_1_76' title="bbox 2174 3901 2792 3976">
     <span class='ocr_line' id='line_1_76' title="bbox 2174 3901 2792 3976; baseline 0.002 -20"><span class='ocrx_word' id='word_1_582' title='bbox 2174 3901 2442 3973; x_wconf 83' lang='grc' dir='ltr'>κατάκρας</span> <span class='ocrx_word' id='word_1_583' title='bbox 2474 3903 2792 3976; x_wconf 81' lang='grc' dir='ltr'>θαυμάζων.</span> 
     </span>
    </p>
   </div>
   <div class='ocr_carea' id='block_1_77' title="bbox 415 3989 3833 4071">
    <p class='ocr_par' dir='ltr' id='par_1_77' title="bbox 415 3989 3833 4071">
     <span class='ocr_line' id='line_1_77' title="bbox 415 3989 3833 4071; baseline 0.002 -21"><span class='ocrx_word' id='word_1_584' title='bbox 415 3993 711 4067; x_wconf 83' lang='lat' dir='ltr'><strong>quispiam</strong></span> <span class='ocrx_word' id='word_1_585' title='bbox 738 3991 913 4049; x_wconf 90' lang='lat' dir='ltr'><strong>laude</strong></span> <span class='ocrx_word' id='word_1_586' title='bbox 939 3990 1174 4060; x_wconf 76' lang='lat' dir='ltr'><strong>afﬁciet,</strong></span> <span class='ocrx_word' id='word_1_587' title='bbox 1205 3989 1304 4047; x_wconf 88' lang='lat' dir='ltr'><strong>ille</strong></span> <span class='ocrx_word' id='word_1_588' title='bbox 1334 4005 1523 4062; x_wconf 88' lang='lat' dir='ltr'><strong>neque</strong></span> <span class='ocrx_word' id='word_1_589' title='bbox 1553 4005 1755 4063; x_wconf 63' lang='lat' dir='ltr'><strong>aequus</strong></span> <span class='ocrx_word' id='word_1_590' title='bbox 1778 4005 1968 4047; x_wconf 89' lang='lat' dir='ltr'><strong>rerum</strong></span> <span class='ocrx_word' id='word_1_591' title='bbox 2003 3991 2218 4048; x_wconf 87' lang='lat' dir='ltr'><strong>arbiter</strong></span> <span class='ocrx_word' id='word_1_592' title='bbox 2245 4008 2373 4048; x_wconf 88' lang='lat' dir='ltr'><strong>esse</strong></span> <span class='ocrx_word' id='word_1_593' title='bbox 2403 3992 2686 4061; x_wconf 85' lang='lat' dir='ltr'><strong>videatur,</strong></span> <span class='ocrx_word' id='word_1_594' title='bbox 2710 4003 2763 4050; x_wconf 88' lang='lat' dir='ltr'><strong>el</strong></span> <span class='ocrx_word' id='word_1_595' title='bbox 2785 3994 3116 4051; x_wconf 57' lang='lat' dir='ltr'><strong>invidentia:</strong></span> <span class='ocrx_word' id='word_1_596' title='bbox 3147 4011 3208 4052; x_wconf 89' lang='lat' dir='ltr'><strong>se</strong></span> <span class='ocrx_word' id='word_1_597' title='bbox 3238 3995 3416 4053; x_wconf 91' lang='lat' dir='ltr'><strong>simul</strong></span> <span class='ocrx_word' id='word_1_598' title='bbox 3443 3996 3656 4071; x_wconf 87' lang='lat' dir='ltr'><strong>alliget.</strong></span> <span class='ocrx_word' id='word_1_599' title='bbox 3685 4001 3833 4056; x_wconf 80' lang='lat' dir='ltr'><strong>Rom</strong></span> 
     </span>
    </p>
   </div>
   <div class='ocr_carea' id='block_1_78' title="bbox 411 4079 2829 4154">
    <p class='ocr_par' dir='ltr' id='par_1_78' title="bbox 411 4079 2829 4154">
     <span class='ocr_line' id='line_1_78' title="bbox 411 4079 2829 4154; baseline 0 -14"><span class='ocrx_word' id='word_1_600' title='bbox 411 4089 638 4140; x_wconf 82' lang='lat' dir='ltr'><strong>tantam</strong></span> <span class='ocrx_word' id='word_1_601' title='bbox 663 4081 931 4140; x_wconf 82' lang='lat' dir='ltr'><strong>videlicet</strong></span> <span class='ocrx_word' id='word_1_602' title='bbox 959 4079 1215 4154; x_wconf 88' lang='lat' dir='ltr'><strong>simplici</strong></span> <span class='ocrx_word' id='word_1_603' title='bbox 1246 4081 1419 4138; x_wconf 90' lang='lat' dir='ltr'><strong>modo</strong></span> <span class='ocrx_word' id='word_1_604' title='bbox 1449 4079 1640 4152; x_wconf 85' lang='lat' dir='ltr'><strong>laude,</strong></span> <span class='ocrx_word' id='word_1_605' title='bbox 1671 4097 1786 4138; x_wconf 90' lang='lat' dir='ltr'><strong>non</strong></span> <span class='ocrx_word' id='word_1_606' title='bbox 1819 4097 2056 4138; x_wconf 88' lang='lat' dir='ltr'><strong>summa</strong></span> <span class='ocrx_word' id='word_1_607' title='bbox 2086 4083 2468 4140; x_wconf 75' lang='lat' dir='ltr'><strong>admiratione</strong></span> <span class='ocrx_word' id='word_1_608' title='bbox 2491 4083 2829 4140; x_wconf 72' lang='lat' dir='ltr'><strong>honestene.</strong></span> 
     </span>
    </p>
   </div>
   <div class='ocr_carea' id='block_1_79' title="bbox 488 4170 2065 4243">
    <p class='ocr_par' dir='ltr' id='par_1_79' title="bbox 488 4170 2065 4243">
     <span class='ocr_line' id='line_1_79' title="bbox 488 4170 2065 4243; baseline -0.001 -13"><span class='ocrx_word' id='word_1_609' title='bbox 488 4171 778 4230; x_wconf 79' lang='lat' dir='ltr'><strong>LXXXVI.</strong></span> <span class='ocrx_word' id='word_1_610' title='bbox 811 4171 976 4226; x_wconf 86' lang='lat' dir='ltr'><strong>Idem</strong></span> <span class='ocrx_word' id='word_1_611' title='bbox 1011 4179 1286 4243; x_wconf 64' lang='lat' dir='ltr'><strong>preterea</strong></span> <span class='ocrx_word' id='word_1_612' title='bbox 1318 4170 1416 4227; x_wconf 92' lang='lat' dir='ltr'><strong>ubi</strong></span> <span class='ocrx_word' id='word_1_613' title='bbox 1475 4171 1903 4228; x_wconf 87' lang='lat' dir='ltr'><strong>Nazianzenam</strong></span> <span class='ocrx_word' id='word_1_614' title='bbox 1960 4173 2065 4228; x_wconf 87' lang='lat' dir='ltr'><strong>Ec-</strong></span> 
     </span>
    </p>
   </div>
   <div class='ocr_carea' id='block_1_80' title="bbox 416 4259 2065 4334">
    <p class='ocr_par' dir='ltr' id='par_1_80' title="bbox 416 4259 2065 4334">
     <span class='ocr_line' id='line_1_80' title="bbox 416 4259 2065 4334; baseline -0.002 -14"><span class='ocrx_word' id='word_1_615' title='bbox 416 4261 658 4320; x_wconf 88' lang='lat' dir='ltr'><strong>clesiam</strong></span> <span class='ocrx_word' id='word_1_616' title='bbox 679 4275 814 4318; x_wconf 88' lang='lat' dir='ltr'><strong>eum</strong></span> <span class='ocrx_word' id='word_1_617' title='bbox 849 4260 955 4318; x_wconf 87' lang='lat' dir='ltr'><strong>hoc</strong></span> <span class='ocrx_word' id='word_1_618' title='bbox 972 4259 1280 4332; x_wconf 86' lang='lat' dir='ltr'><strong>pastorein</strong></span> <span class='ocrx_word' id='word_1_619' title='bbox 1303 4260 1541 4316; x_wconf 90' lang='lat' dir='ltr'><strong>modum</strong></span> <span class='ocrx_word' id='word_1_620' title='bbox 1573 4267 1804 4334; x_wconf 88' lang='lat' dir='ltr'><strong>pastam</strong></span> <span class='ocrx_word' id='word_1_621' title='bbox 1837 4261 2065 4328; x_wconf 90' lang='lat' dir='ltr'><strong>viderit,</strong></span> 
     </span>
    </p>
   </div>
   <div class='ocr_carea' id='block_1_81' title="bbox 416 4347 2066 4425">
    <p class='ocr_par' dir='ltr' id='par_1_81' title="bbox 416 4347 2066 4425">
     <span class='ocr_line' id='line_1_81' title="bbox 416 4347 2066 4425; baseline -0.001 -16"><span class='ocrx_word' id='word_1_622' title='bbox 416 4357 480 4409; x_wconf 90' lang='lat' dir='ltr'><strong>ut</strong></span> <span class='ocrx_word' id='word_1_623' title='bbox 508 4367 688 4424; x_wconf 88' lang='lat' dir='ltr'><strong>supra</strong></span> <span class='ocrx_word' id='word_1_624' title='bbox 717 4349 859 4407; x_wconf 88' lang='lat' dir='ltr'><strong>alias</strong></span> <span class='ocrx_word' id='word_1_625' title='bbox 879 4365 1087 4406; x_wconf 89' lang='lat' dir='ltr'><strong>omnes</strong></span> <span class='ocrx_word' id='word_1_626' title='bbox 1118 4348 1190 4404; x_wconf 91' lang='lat' dir='ltr'><strong>ad</strong></span> <span class='ocrx_word' id='word_1_627' title='bbox 1214 4347 1495 4406; x_wconf 89' lang='lat' dir='ltr'><strong>virtutem</strong></span> <span class='ocrx_word' id='word_1_628' title='bbox 1519 4349 1816 4423; x_wconf 82' lang='lat' dir='ltr'><strong>fidemque</strong></span> <span class='ocrx_word' id='word_1_629' title='bbox 1845 4351 2066 4425; x_wconf 89' lang='lat' dir='ltr'><strong>optime</strong></span> 
     </span>
    </p>
   </div>
   <div class='ocr_carea' id='block_1_82' title="bbox 413 4436 2065 4512">
    <p class='ocr_par' dir='ltr' id='par_1_82' title="bbox 413 4436 2065 4512">
     <span class='ocr_line' id='line_1_82' title="bbox 413 4436 2065 4512; baseline -0.002 -12"><span class='ocrx_word' id='word_1_630' title='bbox 413 4443 752 4512; x_wconf 81' lang='lat' dir='ltr'><strong>comparata</strong></span> <span class='ocrx_word' id='word_1_631' title='bbox 794 4455 862 4496; x_wconf 88' lang='lat' dir='ltr'><strong>ao</strong></span> <span class='ocrx_word' id='word_1_632' title='bbox 919 4436 1285 4496; x_wconf 87' lang='lat' dir='ltr'><strong>consolidata</strong></span> <span class='ocrx_word' id='word_1_633' title='bbox 1343 4443 1522 4508; x_wconf 88' lang='lat' dir='ltr'><strong>esset,</strong></span> <span class='ocrx_word' id='word_1_634' title='bbox 1553 4439 1626 4496; x_wconf 91' lang='lat' dir='ltr'><strong>ab</strong></span> <span class='ocrx_word' id='word_1_635' title='bbox 1683 4456 1868 4512; x_wconf 88' lang='lat' dir='ltr'><strong>eoque</strong></span> <span class='ocrx_word' id='word_1_636' title='bbox 1913 4440 2065 4512; x_wconf 87' lang='lat' dir='ltr'><strong>justi</strong></span> 
     </span>
    </p>
   </div>
   <div class='ocr_carea' id='block_1_83' title="bbox 2250 4171 3836 4251">
    <p class='ocr_par' dir='ltr' id='par_1_83' title="bbox 2250 4171 3836 4251">
     <span class='ocr_line' id='line_1_83' title="bbox 2250 4171 3836 4251; baseline 0.004 -25"><span class='ocrx_word' id='word_1_637' title='bbox 2250 4171 2498 4246; x_wconf 76' lang='grc' dir='ltr'><strong>Πς’.Καὶ</strong></span> <span class='ocrx_word' id='word_1_638' title='bbox 2524 4173 2632 4246; x_wconf 76' lang='grc' dir='ltr'>μὴν</span> <span class='ocrx_word' id='word_1_639' title='bbox 2656 4173 2779 4228; x_wconf 79' lang='grc' dir='ltr'>ὅταν</span> <span class='ocrx_word' id='word_1_640' title='bbox 2804 4175 2940 4249; x_wconf 85' lang='grc' dir='ltr'>πρὸς</span> <span class='ocrx_word' id='word_1_641' title='bbox 2961 4174 3141 4248; x_wconf 73' lang='grc' dir='ltr'>τούτῳ</span> <span class='ocrx_word' id='word_1_642' title='bbox 3165 4176 3252 4230; x_wconf 83' lang='grc' dir='ltr'><strong>καὶ</strong></span> <span class='ocrx_word' id='word_1_643' title='bbox 3271 4178 3370 4246; x_wconf 71' lang='grc' dir='ltr'><strong>τήν</strong></span> <span class='ocrx_word' id='word_1_644' title='bbox 3393 4183 3503 4232; x_wconf 76' lang='grc' dir='ltr'><strong>τῶν</strong></span> <span class='ocrx_word' id='word_1_645' title='bbox 3527 4184 3801 4251; x_wconf 80' lang='grc' dir='ltr'>Ναζιανζη</span> <span class='ocrx_word' id='word_1_646' title='bbox 3817 4215 3836 4225; x_wconf 82' lang='grc'><strong><em>-</em></strong></span> 
     </span>
    </p>
   </div>
   <div class='ocr_carea' id='block_1_84' title="bbox 2176 4259 3840 4342">
    <p class='ocr_par' dir='ltr' id='par_1_84' title="bbox 2176 4259 3840 4342">
     <span class='ocr_line' id='line_1_84' title="bbox 2176 4259 3840 4342; baseline 0.006 -28"><span class='ocrx_word' id='word_1_647' title='bbox 2176 4263 2281 4314; x_wconf 82' lang='grc' dir='ltr'><strong>νῶν</strong></span> <span class='ocrx_word' id='word_1_648' title='bbox 2311 4259 2641 4330; x_wconf 76' lang='grc' dir='ltr'>Ἐκκλησίαν</span> <span class='ocrx_word' id='word_1_649' title='bbox 2691 4263 2862 4328; x_wconf 80' lang='grc' dir='ltr'>οὕτως</span> <span class='ocrx_word' id='word_1_650' title='bbox 2894 4265 2984 4319; x_wconf 81' lang='grc' dir='ltr'>ὑπ’</span> <span class='ocrx_word' id='word_1_651' title='bbox 3032 4267 3200 4320; x_wconf 75' lang='grc' dir='ltr'>αὐτοῦ</span> <span class='ocrx_word' id='word_1_652' title='bbox 3250 4268 3687 4342; x_wconf 84' lang='grc' dir='ltr'>ποιμαινομένην</span> <span class='ocrx_word' id='word_1_653' title='bbox 3736 4289 3840 4324; x_wconf 67' lang='grc' dir='ltr'>και</span> 
     </span>
    </p>
   </div>
   <div class='ocr_carea' id='block_1_85' title="bbox 2172 4349 3839 4431">
    <p class='ocr_par' dir='ltr' id='par_1_85' title="bbox 2172 4349 3839 4431">
     <span class='ocr_line' id='line_1_85' title="bbox 2172 4349 3839 4431; baseline 0.005 -28"><span class='ocrx_word' id='word_1_654' title='bbox 2172 4349 2325 4424; x_wconf 76' lang='grc' dir='ltr'>τίδῃ,</span> <span class='ocrx_word' id='word_1_655' title='bbox 2359 4349 2434 4411; x_wconf 82' lang='grc' dir='ltr'>ὡς</span> <span class='ocrx_word' id='word_1_656' title='bbox 2466 4351 2600 4425; x_wconf 89' lang='grc' dir='ltr'>πρὸς</span> <span class='ocrx_word' id='word_1_657' title='bbox 2653 4351 2846 4425; x_wconf 68' lang='grc' dir='ltr'>ἀρετήν</span> <span class='ocrx_word' id='word_1_658' title='bbox 2875 4373 2934 4406; x_wconf 83' lang='grc' dir='ltr'><strong>τε</strong></span> <span class='ocrx_word' id='word_1_659' title='bbox 2963 4353 3050 4406; x_wconf 72' lang='grc' dir='ltr'><strong>καὶ</strong></span> <span class='ocrx_word' id='word_1_660' title='bbox 3102 4354 3282 4410; x_wconf 80' lang='grc' dir='ltr'>πίστιν</span> <span class='ocrx_word' id='word_1_661' title='bbox 3320 4355 3454 4431; x_wconf 69' lang='grc' dir='ltr'>ὑπὲρ</span> <span class='ocrx_word' id='word_1_662' title='bbox 3507 4359 3677 4419; x_wconf 76' lang='grc' dir='ltr'>πάσας</span> <span class='ocrx_word' id='word_1_663' title='bbox 3729 4359 3839 4421; x_wconf 76' lang='grc' dir='ltr'>τὰς</span> 
     </span>
    </p>
   </div>
   <div class='ocr_carea' id='block_1_86' title="bbox 2176 4437 3836 4516">
    <p class='ocr_par' dir='ltr' id='par_1_86' title="bbox 2176 4437 3836 4516">
     <span class='ocr_line' id='line_1_86' title="bbox 2176 4437 3836 4516; baseline 0.005 -23"><span class='ocrx_word' id='word_1_664' title='bbox 2176 4437 2350 4500; x_wconf 68' lang='grc' dir='ltr'>ἄλλας</span> <span class='ocrx_word' id='word_1_665' title='bbox 2400 4439 2750 4514; x_wconf 74' lang='grc' dir='ltr'>κατηρτίσθαι</span> <span class='ocrx_word' id='word_1_666' title='bbox 2804 4443 2894 4496; x_wconf 72' lang='grc' dir='ltr'><strong>καὶ</strong></span> <span class='ocrx_word' id='word_1_667' title='bbox 2939 4439 3207 4516; x_wconf 77' lang='grc' dir='ltr'>ἡδρᾶσθαι</span> <span class='ocrx_word' id='word_1_668' title='bbox 3238 4445 3327 4498; x_wconf 76' lang='grc' dir='ltr'><strong>καὶ</strong></span> <span class='ocrx_word' id='word_1_669' title='bbox 3379 4446 3550 4502; x_wconf 73' lang='grc' dir='ltr'>καλοῦ</span> <span class='ocrx_word' id='word_1_670' title='bbox 3600 4447 3686 4501; x_wconf 78' lang='grc' dir='ltr'><strong>καὶ</strong></span> <span class='ocrx_word' id='word_1_671' title='bbox 3743 4444 3836 4502; x_wconf 78' lang='grc' dir='ltr'>δι-</span> 
     </span>
    </p>
   </div>
   <div class='ocr_carea' id='block_1_87' title="bbox 419 4523 2058 4629">
    <p class='ocr_par' dir='ltr' id='par_1_87' title="bbox 419 4527 2058 4602">
     <span class='ocr_line' id='line_1_87' title="bbox 419 4527 2058 4602; baseline -0.001 -14"><span class='ocrx_word' id='word_1_672' title='bbox 419 4529 614 4588; x_wconf 90' lang='lat' dir='ltr'><strong>omnis</strong></span> <span class='ocrx_word' id='word_1_673' title='bbox 643 4532 701 4586; x_wconf 90' lang='lat' dir='ltr'><strong>et</strong></span> <span class='ocrx_word' id='word_1_674' title='bbox 728 4527 958 4585; x_wconf 85' lang='lat' dir='ltr'><strong>honesti</strong></span> <span class='ocrx_word' id='word_1_675' title='bbox 1017 4527 1273 4585; x_wconf 81' lang='lat' dir='ltr'><strong>maxima</strong></span> <span class='ocrx_word' id='word_1_676' title='bbox 1323 4528 1632 4602; x_wconf 85' lang='lat' dir='ltr'><strong>accepisset</strong></span> <span class='ocrx_word' id='word_1_677' title='bbox 1663 4529 2058 4598; x_wconf 78' lang='lat' dir='ltr'><strong>incitamenta,</strong></span> 
     </span>
    </p>
   </div>
   <div class='ocr_carea' id='block_1_88' title="bbox 2172 4523 3836 4629">
    <p class='ocr_par' dir='ltr' id='par_1_88' title="bbox 2174 4523 3836 4608">
     <span class='ocr_line' id='line_1_88' title="bbox 2174 4523 3836 4608; baseline 0.005 -28"><span class='ocrx_word' id='word_1_678' title='bbox 2174 4526 2329 4581; x_wconf 78' lang='grc' dir='ltr'>καῖου</span> <span class='ocrx_word' id='word_1_679' title='bbox 2381 4529 2578 4590; x_wconf 70' lang='grc' dir='ltr'>παντὸς</span> <span class='ocrx_word' id='word_1_680' title='bbox 2631 4523 2820 4584; x_wconf 79' lang='grc' dir='ltr'>λαϐεῖν</span> <span class='ocrx_word' id='word_1_681' title='bbox 2872 4529 3110 4586; x_wconf 65' lang='grc' dir='ltr'>ἐντεῦθεν</span> <span class='ocrx_word' id='word_1_682' title='bbox 3165 4530 3378 4605; x_wconf 78' lang='grc' dir='ltr'>μᾶλλον</span> <span class='ocrx_word' id='word_1_683' title='bbox 3438 4531 3836 4608; x_wconf 79' lang='grc' dir='ltr'>τοῦνδόσιμον,</span> 
     </span>
    </p>
   </div>
   <div class='ocr_carea' id='block_1_89' title="bbox 415 4617 2066 4694">
    <p class='ocr_par' dir='ltr' id='par_1_89' title="bbox 415 4617 2066 4694">
     <span class='ocr_line' id='line_1_89' title="bbox 415 4617 2066 4694; baseline -0.002 -16"><span class='ocrx_word' id='word_1_684' title='bbox 415 4637 532 4694; x_wconf 88' lang='lat' dir='ltr'><strong>quo</strong></span> <span class='ocrx_word' id='word_1_685' title='bbox 561 4621 755 4691; x_wconf 86' lang='lat' dir='ltr'><strong>ipsum</strong></span> <span class='ocrx_word' id='word_1_686' title='bbox 787 4621 954 4691; x_wconf 88' lang='lat' dir='ltr'><strong>pacto</strong></span> <span class='ocrx_word' id='word_1_687' title='bbox 985 4634 1100 4675; x_wconf 88' lang='lat' dir='ltr'><strong>non</strong></span> <span class='ocrx_word' id='word_1_688' title='bbox 1134 4617 1485 4690; x_wconf 87' lang='lat' dir='ltr'><strong>impensiore</strong></span> <span class='ocrx_word' id='word_1_689' title='bbox 1501 4619 1694 4676; x_wconf 90' lang='lat' dir='ltr'><strong>studio</strong></span> <span class='ocrx_word' id='word_1_690' title='bbox 1723 4619 2066 4690; x_wconf 89' lang='lat' dir='ltr'><strong>admiretur,</strong></span> 
     </span>
    </p>
   </div>
   <div class='ocr_carea' id='block_1_90' title="bbox 419 4705 2062 4784">
    <p class='ocr_par' dir='ltr' id='par_1_90' title="bbox 419 4705 2062 4784">
     <span class='ocr_line' id='line_1_90' title="bbox 419 4705 2062 4784; baseline -0.001 -18"><span class='ocrx_word' id='word_1_691' title='bbox 419 4711 518 4784; x_wconf 90' lang='lat' dir='ltr'><strong>qui</strong></span> <span class='ocrx_word' id='word_1_692' title='bbox 543 4714 660 4767; x_wconf 88' lang='lat' dir='ltr'><strong>tam</strong></span> <span class='ocrx_word' id='word_1_693' title='bbox 693 4707 900 4766; x_wconf 89' lang='lat' dir='ltr'><strong>multis</strong></span> <span class='ocrx_word' id='word_1_694' title='bbox 948 4705 1433 4780; x_wconf 87' lang='lat' dir='ltr'><strong>admirandisque</strong></span> <span class='ocrx_word' id='word_1_695' title='bbox 1476 4708 1691 4780; x_wconf 90' lang='lat' dir='ltr'><strong>pariter</strong></span> <span class='ocrx_word' id='word_1_696' title='bbox 1759 4709 2062 4776; x_wconf 85' lang='lat' dir='ltr'><strong>enituerat,</strong></span> 
     </span>
    </p>
   </div>
   <div class='ocr_carea' id='block_1_91' title="bbox 417 4796 2068 4873">
    <p class='ocr_par' dir='ltr' id='par_1_91' title="bbox 417 4796 2068 4873">
     <span class='ocr_line' id='line_1_91' title="bbox 417 4796 2068 4873; baseline 0 -17"><span class='ocrx_word' id='word_1_697' title='bbox 417 4799 770 4870; x_wconf 79' lang='lat' dir='ltr'><strong>virtutibus;</strong></span> <span class='ocrx_word' id='word_1_698' title='bbox 801 4798 901 4870; x_wconf 90' lang='lat' dir='ltr'><strong>qui</strong></span> <span class='ocrx_word' id='word_1_699' title='bbox 931 4796 1323 4870; x_wconf 89' lang='lat' dir='ltr'><strong>omnibusque</strong></span> <span class='ocrx_word' id='word_1_700' title='bbox 1351 4797 1412 4854; x_wconf 90' lang='lat' dir='ltr'><strong>in</strong></span> <span class='ocrx_word' id='word_1_701' title='bbox 1442 4799 1618 4856; x_wconf 84' lang='lat' dir='ltr'><strong>rebus</strong></span> <span class='ocrx_word' id='word_1_702' title='bbox 1646 4799 1728 4856; x_wconf 87' lang='lat' dir='ltr'><strong>ita</strong></span> <span class='ocrx_word' id='word_1_703' title='bbox 1757 4799 2068 4873; x_wconf 80' lang='lat' dir='ltr'><strong>magniﬁce</strong></span> 
     </span>
    </p>
   </div>
   <div class='ocr_carea' id='block_1_92' title="bbox 419 4887 2064 4962">
    <p class='ocr_par' dir='ltr' id='par_1_92' title="bbox 419 4887 2064 4962">
     <span class='ocr_line' id='line_1_92' title="bbox 419 4887 2064 4962; baseline -0.002 -15"><span class='ocrx_word' id='word_1_704' title='bbox 419 4888 886 4961; x_wconf 88' lang='lat' dir='ltr'><strong>excellenterque</strong></span> <span class='ocrx_word' id='word_1_705' title='bbox 914 4891 1180 4944; x_wconf 88' lang='lat' dir='ltr'><strong>versatus</strong></span> <span class='ocrx_word' id='word_1_706' title='bbox 1210 4887 1418 4957; x_wconf 77' lang='lat' dir='ltr'><strong>fuerat,</strong></span> <span class='ocrx_word' id='word_1_707' title='bbox 1451 4887 1601 4944; x_wconf 83' lang='lat' dir='ltr'><strong>velut</strong></span> <span class='ocrx_word' id='word_1_708' title='bbox 1626 4889 1686 4944; x_wconf 92' lang='lat' dir='ltr'><strong>in</strong></span> <span class='ocrx_word' id='word_1_709' title='bbox 1727 4905 1787 4945; x_wconf 89' lang='lat' dir='ltr'><strong>re</strong></span> <span class='ocrx_word' id='word_1_710' title='bbox 1817 4889 2064 4962; x_wconf 87' lang='lat' dir='ltr'><strong>quadam</strong></span> 
     </span>
    </p>
   </div>
   <div class='ocr_carea' id='block_1_93' title="bbox 415 4976 2070 5052">
    <p class='ocr_par' dir='ltr' id='par_1_93' title="bbox 415 4976 2070 5052">
     <span class='ocr_line' id='line_1_93' title="bbox 415 4976 2070 5052; baseline -0.001 -16"><span class='ocrx_word' id='word_1_711' title='bbox 415 4997 535 5036; x_wconf 88' lang='lat' dir='ltr'><strong>una</strong></span> <span class='ocrx_word' id='word_1_712' title='bbox 565 4976 916 5052; x_wconf 84' lang='lat' dir='ltr'><strong>sigillatim?</strong></span> <span class='ocrx_word' id='word_1_713' title='bbox 947 4978 1116 5048; x_wconf 84' lang='lat' dir='ltr'><strong>cujus</strong></span> <span class='ocrx_word' id='word_1_714' title='bbox 1148 4977 1275 5034; x_wconf 90' lang='lat' dir='ltr'><strong>ideo</strong></span> <span class='ocrx_word' id='word_1_715' title='bbox 1306 4983 1426 5034; x_wconf 88' lang='lat' dir='ltr'><strong>tam</strong></span> <span class='ocrx_word' id='word_1_716' title='bbox 1457 4977 1670 5036; x_wconf 90' lang='lat' dir='ltr'><strong>eximio</strong></span> <span class='ocrx_word' id='word_1_717' title='bbox 1711 4979 1904 5036; x_wconf 89' lang='lat' dir='ltr'><strong>omnis</strong></span> <span class='ocrx_word' id='word_1_718' title='bbox 1960 4977 2070 5034; x_wconf 87' lang='lat' dir='ltr'><strong>Na-</strong></span> 
     </span>
    </p>
   </div>
   <div class='ocr_carea' id='block_1_94' title="bbox 415 5067 2065 5142">
    <p class='ocr_par' dir='ltr' id='par_1_94' title="bbox 415 5067 2065 5142">
     <span class='ocr_line' id='line_1_94' title="bbox 415 5067 2065 5142; baseline 0 -16"><span class='ocrx_word' id='word_1_719' title='bbox 415 5071 830 5126; x_wconf 83' lang='lat' dir='ltr'><strong>zianzenorum</strong></span> <span class='ocrx_word' id='word_1_720' title='bbox 861 5067 1061 5124; x_wconf 86' lang='lat' dir='ltr'><strong>civitas</strong></span> <span class='ocrx_word' id='word_1_721' title='bbox 1110 5071 1278 5140; x_wconf 88' lang='lat' dir='ltr'><strong>capta</strong></span> <span class='ocrx_word' id='word_1_722' title='bbox 1316 5083 1512 5125; x_wconf 89' lang='lat' dir='ltr'><strong>amore</strong></span> <span class='ocrx_word' id='word_1_723' title='bbox 1555 5073 1698 5138; x_wconf 88' lang='lat' dir='ltr'><strong>erat,</strong></span> <span class='ocrx_word' id='word_1_724' title='bbox 1732 5069 1816 5125; x_wconf 90' lang='lat' dir='ltr'><strong>sic</strong></span> <span class='ocrx_word' id='word_1_725' title='bbox 1875 5071 2065 5142; x_wconf 87' lang='lat' dir='ltr'><strong>ipsum</strong></span> 
     </span>
    </p>
   </div>
   <div class='ocr_carea' id='block_1_95' title="bbox 421 5156 2072 5232">
    <p class='ocr_par' dir='ltr' id='par_1_95' title="bbox 421 5156 2072 5232">
     <span class='ocr_line' id='line_1_95' title="bbox 421 5156 2072 5232; baseline 0 -16"><span class='ocrx_word' id='word_1_726' title='bbox 421 5167 706 5230; x_wconf 82' lang='lat' dir='ltr'><strong>tanquam</strong></span> <span class='ocrx_word' id='word_1_727' title='bbox 735 5156 1092 5214; x_wconf 89' lang='lat' dir='ltr'><strong>conditorem</strong></span> <span class='ocrx_word' id='word_1_728' title='bbox 1144 5173 1321 5214; x_wconf 89' lang='lat' dir='ltr'><strong>suum</strong></span> <span class='ocrx_word' id='word_1_729' title='bbox 1379 5164 1980 5232; x_wconf 73' lang='lat' dir='ltr'><strong>conservatoremque,</strong></span> <span class='ocrx_word' id='word_1_730' title='bbox 2014 5167 2072 5216; x_wconf 87' lang='lat' dir='ltr'><strong>et</strong></span> 
     </span>
    </p>
   </div>
   <div class='ocr_carea' id='block_1_96' title="bbox 427 5245 2071 5320">
    <p class='ocr_par' dir='ltr' id='par_1_96' title="bbox 427 5245 2071 5320">
     <span class='ocr_line' id='line_1_96' title="bbox 427 5245 2071 5320; baseline 0 -16"><span class='ocrx_word' id='word_1_731' title='bbox 427 5247 755 5318; x_wconf 47' lang='lat' dir='ltr'><strong>spiri‘tualis</strong></span> <span class='ocrx_word' id='word_1_732' title='bbox 790 5245 1122 5304; x_wconf 88' lang='lat' dir='ltr'><strong>animarum</strong></span> <span class='ocrx_word' id='word_1_733' title='bbox 1167 5246 1548 5304; x_wconf 86' lang='lat' dir='ltr'><strong>beatitudinis</strong></span> <span class='ocrx_word' id='word_1_734' title='bbox 1583 5252 1875 5306; x_wconf 87' lang='lat' dir='ltr'><strong>auctorem</strong></span> <span class='ocrx_word' id='word_1_735' title='bbox 1937 5265 2071 5320; x_wconf 52' lang='lat' dir='ltr'><strong>prae.</strong></span> 
     </span>
    </p>
   </div>
   <div class='ocr_carea' id='block_1_97' title="bbox 429 5336 2072 5411">
    <p class='ocr_par' dir='ltr' id='par_1_97' title="bbox 429 5336 2072 5411">
     <span class='ocr_line' id='line_1_97' title="bbox 429 5336 2072 5411; baseline 0.002 -19"><span class='ocrx_word' id='word_1_736' title='bbox 429 5338 762 5410; x_wconf 87' lang='lat' dir='ltr'><strong>stitemque,</strong></span> <span class='ocrx_word' id='word_1_737' title='bbox 791 5353 970 5410; x_wconf 88' lang='lat' dir='ltr'><strong>penes</strong></span> <span class='ocrx_word' id='word_1_738' title='bbox 1010 5352 1074 5392; x_wconf 90' lang='lat' dir='ltr'><strong>se</strong></span> <span class='ocrx_word' id='word_1_739' title='bbox 1123 5338 1370 5394; x_wconf 89' lang='lat' dir='ltr'><strong>retinere</strong></span> <span class='ocrx_word' id='word_1_740' title='bbox 1417 5336 1706 5402; x_wconf 88' lang='lat' dir='ltr'><strong>studebat,</strong></span> <span class='ocrx_word' id='word_1_741' title='bbox 1739 5342 1802 5394; x_wconf 89' lang='lat' dir='ltr'><strong>ut</strong></span> <span class='ocrx_word' id='word_1_742' title='bbox 1840 5338 2072 5411; x_wconf 88' lang='lat' dir='ltr'><strong>quidvis</strong></span> 
     </span>
    </p>
   </div>
   <div class='ocr_carea' id='block_1_98' title="bbox 438 5423 2072 5498">
    <p class='ocr_par' dir='ltr' id='par_1_98' title="bbox 438 5423 2072 5498">
     <span class='ocr_line' id='line_1_98' title="bbox 438 5423 2072 5498; baseline 0 -17"><span class='ocrx_word' id='word_1_743' title='bbox 438 5425 654 5498; x_wconf 84' lang='lat' dir='ltr'><strong>perpeti</strong></span> <span class='ocrx_word' id='word_1_744' title='bbox 688 5423 1096 5498; x_wconf 85' lang='lat' dir='ltr'><strong>mallet,quam</strong></span> <span class='ocrx_word' id='word_1_745' title='bbox 1131 5424 1250 5481; x_wconf 89' lang='lat' dir='ltr'><strong>ullo</strong></span> <span class='ocrx_word' id='word_1_746' title='bbox 1281 5425 1479 5498; x_wconf 90' lang='lat' dir='ltr'><strong>ipsum</strong></span> <span class='ocrx_word' id='word_1_747' title='bbox 1512 5425 1686 5482; x_wconf 81' lang='lat' dir='ltr'><strong>modo</strong></span> <span class='ocrx_word' id='word_1_748' title='bbox 1718 5426 1963 5482; x_wconf 88' lang='lat' dir='ltr'><strong>missum</strong></span> <span class='ocrx_word' id='word_1_749' title='bbox 1990 5425 2072 5482; x_wconf 85' lang='lat' dir='ltr'><strong>fa-</strong></span> 
     </span>
    </p>
   </div>
   <div class='ocr_carea' id='block_1_99' title="bbox 431 5511 2072 5586">
    <p class='ocr_par' dir='ltr' id='par_1_99' title="bbox 431 5511 2072 5586">
     <span class='ocr_line' id='line_1_99' title="bbox 431 5511 2072 5586; baseline 0.001 -17"><span class='ocrx_word' id='word_1_750' title='bbox 431 5528 580 5569; x_wconf 88' lang='lat' dir='ltr'><strong>cere.</strong></span> <span class='ocrx_word' id='word_1_751' title='bbox 614 5513 686 5568; x_wconf 79' lang='lat' dir='ltr'><strong>At</strong></span> <span class='ocrx_word' id='word_1_752' title='bbox 713 5511 1046 5586; x_wconf 87' lang='lat' dir='ltr'><strong>Gregorius,</strong></span> <span class='ocrx_word' id='word_1_753' title='bbox 1077 5517 1144 5570; x_wconf 93' lang='lat' dir='ltr'><strong>ut</strong></span> <span class='ocrx_word' id='word_1_754' title='bbox 1172 5518 1510 5586; x_wconf 87' lang='lat' dir='ltr'><strong>perpetuam</strong></span> <span class='ocrx_word' id='word_1_755' title='bbox 1557 5513 1710 5586; x_wconf 87' lang='lat' dir='ltr'><strong>apud</strong></span> <span class='ocrx_word' id='word_1_756' title='bbox 1742 5512 1874 5572; x_wconf 89' lang='lat' dir='ltr'><strong>illos</strong></span> <span class='ocrx_word' id='word_1_757' title='bbox 1905 5530 2072 5571; x_wconf 91' lang='lat' dir='ltr'><strong>man-</strong></span> 
     </span>
    </p>
   </div>
   <div class='ocr_carea' id='block_1_100' title="bbox 425 5600 2070 5676">
    <p class='ocr_par' dir='ltr' id='par_1_100' title="bbox 425 5600 2070 5676">
     <span class='ocr_line' id='line_1_100' title="bbox 425 5600 2070 5676; baseline 0.001 -20"><span class='ocrx_word' id='word_1_758' title='bbox 425 5600 677 5668; x_wconf 88' lang='lat' dir='ltr'><strong>sionem,</strong></span> <span class='ocrx_word' id='word_1_759' title='bbox 708 5601 997 5674; x_wconf 87' lang='lat' dir='ltr'><strong>siquidem</strong></span> <span class='ocrx_word' id='word_1_760' title='bbox 1027 5601 1151 5660; x_wconf 77' lang='lat' dir='ltr'><strong>fieri</strong></span> <span class='ocrx_word' id='word_1_761' title='bbox 1191 5601 1248 5658; x_wconf 91' lang='lat' dir='ltr'><strong>id</strong></span> <span class='ocrx_word' id='word_1_762' title='bbox 1301 5617 1416 5659; x_wconf 88' lang='lat' dir='ltr'><strong>non</strong></span> <span class='ocrx_word' id='word_1_763' title='bbox 1468 5605 1680 5676; x_wconf 81' lang='lat' dir='ltr'><strong>posset,</strong></span> <span class='ocrx_word' id='word_1_764' title='bbox 1741 5603 2070 5661; x_wconf 84' lang='lat' dir='ltr'><strong>abunsbat:</strong></span> 
     </span>
    </p>
   </div>
   <div class='ocr_carea' id='block_1_101' title="bbox 431 5687 2078 5765">
    <p class='ocr_par' dir='ltr' id='par_1_101' title="bbox 431 5687 2078 5765">
     <span class='ocr_line' id='line_1_101' title="bbox 431 5687 2078 5765; baseline 0.005 -22"><span class='ocrx_word' id='word_1_765' title='bbox 431 5687 515 5744; x_wconf 88' lang='lat' dir='ltr'><strong>sic</strong></span> <span class='ocrx_word' id='word_1_766' title='bbox 549 5691 793 5746; x_wconf 86' lang='lat' dir='ltr'><strong>eatenus</strong></span> <span class='ocrx_word' id='word_1_767' title='bbox 826 5690 1093 5762; x_wconf 89' lang='lat' dir='ltr'><strong>precibus</strong></span> <span class='ocrx_word' id='word_1_768' title='bbox 1145 5691 1376 5750; x_wconf 81' lang='lat' dir='ltr'><strong>illorum</strong></span> <span class='ocrx_word' id='word_1_769' title='bbox 1425 5691 1618 5750; x_wconf 88' lang='lat' dir='ltr'><strong>locum</strong></span> <span class='ocrx_word' id='word_1_770' title='bbox 1669 5692 1863 5765; x_wconf 88' lang='lat' dir='ltr'><strong>dabat,</strong></span> <span class='ocrx_word' id='word_1_771' title='bbox 1894 5693 2078 5752; x_wconf 87' lang='lat' dir='ltr'><strong>donec</strong></span> 
     </span>
    </p>
   </div>
   <div class='ocr_carea' id='block_1_102' title="bbox 2179 4616 3841 4698">
    <p class='ocr_par' dir='ltr' id='par_1_102' title="bbox 2179 4616 3841 4698">
     <span class='ocr_line' id='line_1_102' title="bbox 2179 4616 3841 4698; baseline 0.003 -26"><span class='ocrx_word' id='word_1_772' title='bbox 2179 4621 2294 4678; x_wconf 81' lang='grc' dir='ltr'><strong>πῶς</strong></span> <span class='ocrx_word' id='word_1_773' title='bbox 2343 4616 2442 4672; x_wconf 83' lang='grc' dir='ltr'><strong>οὐκ</strong></span> <span class='ocrx_word' id='word_1_774' title='bbox 2492 4617 2552 4672; x_wconf 83' lang='grc' dir='ltr'><strong>ἂν</strong></span> <span class='ocrx_word' id='word_1_775' title='bbox 2600 4618 2757 4674; x_wconf 79' lang='grc' dir='ltr'>αὐτὸν</span> <span class='ocrx_word' id='word_1_776' title='bbox 2815 4617 3141 4697; x_wconf 79' lang='grc' dir='ltr'>ἐκπλαγείη,</span> <span class='ocrx_word' id='word_1_777' title='bbox 3193 4624 3506 4698; x_wconf 85' lang='grc' dir='ltr'>θαυμαστὸν</span> <span class='ocrx_word' id='word_1_778' title='bbox 3553 4623 3604 4678; x_wconf 77' lang='grc' dir='ltr'>ἐν</span> <span class='ocrx_word' id='word_1_779' title='bbox 3651 4631 3841 4697; x_wconf 81' lang='grc' dir='ltr'>ταυτῷ</span> 
     </span>
    </p>
   </div>
   <div class='ocr_carea' id='block_1_103' title="bbox 2179 4703 3840 4789">
    <p class='ocr_par' dir='ltr' id='par_1_103' title="bbox 2179 4703 3840 4789">
     <span class='ocr_line' id='line_1_103' title="bbox 2179 4703 3840 4789; baseline 0.005 -29"><span class='ocrx_word' id='word_1_780' title='bbox 2179 4703 2267 4760; x_wconf 67' lang='grc' dir='ltr'><strong>διὰ</strong></span> <span class='ocrx_word' id='word_1_781' title='bbox 2328 4707 2546 4762; x_wconf 66' lang='grc' dir='ltr'>πάντων</span> <span class='ocrx_word' id='word_1_782' title='bbox 2605 4710 2851 4786; x_wconf 82' lang='grc' dir='ltr'>φανέντα,</span> <span class='ocrx_word' id='word_1_783' title='bbox 2900 4711 2988 4765; x_wconf 76' lang='grc' dir='ltr'>καὶ</span> <span class='ocrx_word' id='word_1_784' title='bbox 3051 4717 3209 4766; x_wconf 78' lang='grc' dir='ltr'>πᾶσιν</span> <span class='ocrx_word' id='word_1_785' title='bbox 3274 4713 3562 4789; x_wconf 74' lang='grc' dir='ltr'>ὑπερφυῶς</span> <span class='ocrx_word' id='word_1_786' title='bbox 3621 4713 3696 4775; x_wconf 80' lang='grc' dir='ltr'>ὡς</span> <span class='ocrx_word' id='word_1_787' title='bbox 3757 4715 3840 4768; x_wconf 77' lang='grc' dir='ltr'><strong>ὲνῖ</strong></span> 
     </span>
    </p>
   </div>
   <div class='ocr_carea' id='block_1_104' title="bbox 2175 4795 3836 4874">
    <p class='ocr_par' dir='ltr' id='par_1_104' title="bbox 2175 4795 3836 4874">
     <span class='ocr_line' id='line_1_104' title="bbox 2175 4795 3836 4874; baseline 0.005 -24"><span class='ocrx_word' id='word_1_788' title='bbox 2175 4795 2236 4870; x_wconf 84' lang='grc' dir='ltr'><strong>γέ</strong></span> <span class='ocrx_word' id='word_1_789' title='bbox 2261 4816 2338 4868; x_wconf 83' lang='grc' dir='ltr'>τῳ</span> <span class='ocrx_word' id='word_1_790' title='bbox 2388 4797 2732 4873; x_wconf 78' lang='grc' dir='ltr'>χρησάμενον</span> <span class='ocrx_word' id='word_1_791' title='bbox 2762 4817 2775 4868; x_wconf 88' lang='lat'><strong>;</strong></span> <span class='ocrx_word' id='word_1_792' title='bbox 2810 4799 2870 4852; x_wconf 72' lang='grc' dir='ltr'><strong>οὗ</strong></span> <span class='ocrx_word' id='word_1_793' title='bbox 2915 4803 3298 4871; x_wconf 79' lang='grc' dir='ltr'>Ναζιανζηνῶν</span> <span class='ocrx_word' id='word_1_794' title='bbox 3352 4801 3444 4874; x_wconf 73' lang='grc' dir='ltr'>μὲν</span> <span class='ocrx_word' id='word_1_795' title='bbox 3491 4803 3629 4862; x_wconf 80' lang='grc' dir='ltr'>ἅπας</span> <span class='ocrx_word' id='word_1_796' title='bbox 3664 4803 3692 4856; x_wconf 85' lang='grc' dir='ltr'>ὁ</span> <span class='ocrx_word' id='word_1_797' title='bbox 3725 4799 3796 4871; x_wconf 77' lang='grc' dir='ltr'>ὂῆ</span> <span class='ocrx_word' id='word_1_798' title='bbox 3825 4835 3836 4844; x_wconf 87' lang='lat'><strong>-</strong></span> 
     </span>
    </p>
   </div>
   <div class='ocr_carea' id='block_1_105' title="bbox 2182 4885 3834 4969">
    <p class='ocr_par' dir='ltr' id='par_1_105' title="bbox 2182 4885 3834 4969">
     <span class='ocr_line' id='line_1_105' title="bbox 2182 4885 3834 4969; baseline 0.004 -28"><span class='ocrx_word' id='word_1_799' title='bbox 2182 4908 2283 4960; x_wconf 85' lang='grc' dir='ltr'><strong>μος</strong></span> <span class='ocrx_word' id='word_1_800' title='bbox 2313 4886 2454 4943; x_wconf 65' lang='grc' dir='ltr'>οὕτω</span> <span class='ocrx_word' id='word_1_801' title='bbox 2487 4885 2836 4969; x_wconf 81' lang='grc' dir='ltr'>διαφερόντος</span> <span class='ocrx_word' id='word_1_802' title='bbox 2874 4889 3122 4962; x_wconf 79' lang='grc' dir='ltr'>ἁλόντες,</span> <span class='ocrx_word' id='word_1_803' title='bbox 3158 4891 3333 4954; x_wconf 78' lang='grc' dir='ltr'>οὕτως</span> <span class='ocrx_word' id='word_1_804' title='bbox 3365 4892 3526 4948; x_wconf 70' lang='grc' dir='ltr'>αὐτὸν</span> <span class='ocrx_word' id='word_1_805' title='bbox 3569 4893 3642 4955; x_wconf 83' lang='grc' dir='ltr'>ὡς</span> <span class='ocrx_word' id='word_1_806' title='bbox 3685 4894 3834 4948; x_wconf 60' lang='grc' dir='ltr'>οἶκε-</span> 
     </span>
    </p>
   </div>
   <div class='ocr_carea' id='block_1_106' title="bbox 2181 4979 3838 5064">
    <p class='ocr_par' dir='ltr' id='par_1_106' title="bbox 2181 4979 3838 5064">
     <span class='ocr_line' id='line_1_106' title="bbox 2181 4979 3838 5064; baseline 0.005 -34"><span class='ocrx_word' id='word_1_807' title='bbox 2181 4979 2310 5048; x_wconf 74' lang='grc' dir='ltr'>στήν</span> <span class='ocrx_word' id='word_1_808' title='bbox 2354 4998 2472 5034; x_wconf 80' lang='grc' dir='ltr'>τινα</span> <span class='ocrx_word' id='word_1_809' title='bbox 2520 4980 2610 5035; x_wconf 84' lang='grc' dir='ltr'><strong>καὶ</strong></span> <span class='ocrx_word' id='word_1_810' title='bbox 2659 4988 2902 5057; x_wconf 82' lang='grc' dir='ltr'>σωτῆρα,</span> <span class='ocrx_word' id='word_1_811' title='bbox 2933 4981 3022 5036; x_wconf 73' lang='grc' dir='ltr'><strong>καὶ</strong></span> <span class='ocrx_word' id='word_1_812' title='bbox 3073 4989 3174 5052; x_wconf 84' lang='grc' dir='ltr'><strong>τῆς</strong></span> <span class='ocrx_word' id='word_1_813' title='bbox 3225 4984 3359 5039; x_wconf 79' lang='grc' dir='ltr'>κατὰ</span> <span class='ocrx_word' id='word_1_814' title='bbox 3410 4987 3596 5064; x_wconf 69' lang='grc' dir='ltr'>ψυχὴν</span> <span class='ocrx_word' id='word_1_815' title='bbox 3647 4983 3838 5040; x_wconf 73' lang='grc' dir='ltr'>εὐδαι-</span> 
     </span>
    </p>
   </div>
   <div class='ocr_carea' id='block_1_107' title="bbox 2184 5066 3834 5150">
    <p class='ocr_par' dir='ltr' id='par_1_107' title="bbox 2184 5066 3834 5150">
     <span class='ocr_line' id='line_1_107' title="bbox 2184 5066 3834 5150; baseline 0.002 -30"><span class='ocrx_word' id='word_1_816' title='bbox 2184 5066 2374 5140; x_wconf 76' lang='grc' dir='ltr'>μονίας</span> <span class='ocrx_word' id='word_1_817' title='bbox 2401 5069 2650 5144; x_wconf 70' lang='grc' dir='ltr'>χορηγὸν</span> <span class='ocrx_word' id='word_1_818' title='bbox 2681 5070 2772 5122; x_wconf 85' lang='grc' dir='ltr'>καὶ</span> <span class='ocrx_word' id='word_1_819' title='bbox 2811 5069 3122 5141; x_wconf 78' lang='grc' dir='ltr'>προστάτην</span> <span class='ocrx_word' id='word_1_820' title='bbox 3157 5071 3282 5142; x_wconf 85' lang='grc' dir='ltr'>παρ’</span> <span class='ocrx_word' id='word_1_821' title='bbox 3321 5071 3532 5132; x_wconf 71' lang='grc' dir='ltr'>ἑαυτοῖς</span> <span class='ocrx_word' id='word_1_822' title='bbox 3569 5071 3834 5150; x_wconf 81' lang='grc' dir='ltr'>κατέχειν</span> 
     </span>
    </p>
   </div>
   <div class='ocr_carea' id='block_1_108' title="bbox 2180 5151 3834 5230">
    <p class='ocr_par' dir='ltr' id='par_1_108' title="bbox 2180 5151 3834 5230">
     <span class='ocr_line' id='line_1_108' title="bbox 2180 5151 3834 5230; baseline 0.004 -20"><span class='ocrx_word' id='word_1_823' title='bbox 2180 5151 2494 5227; x_wconf 63' lang='grc' dir='ltr'>ἐϐούλοντο,</span> <span class='ocrx_word' id='word_1_824' title='bbox 2546 5158 2622 5217; x_wconf 77' lang='grc' dir='ltr'><strong>ὡς</strong></span> <span class='ocrx_word' id='word_1_825' title='bbox 2669 5157 2822 5212; x_wconf 77' lang='grc' dir='ltr'>πάντ’</span> <span class='ocrx_word' id='word_1_826' title='bbox 2883 5157 2942 5212; x_wconf 84' lang='grc' dir='ltr'><strong>ἂν</strong></span> <span class='ocrx_word' id='word_1_827' title='bbox 3003 5157 3224 5214; x_wconf 68' lang='grc' dir='ltr'>ἑλέσθαι</span> <span class='ocrx_word' id='word_1_828' title='bbox 3273 5160 3486 5230; x_wconf 80' lang='grc' dir='ltr'>παθεῖν,</span> <span class='ocrx_word' id='word_1_829' title='bbox 3537 5160 3570 5229; x_wconf 70' lang='grc' dir='ltr'><strong>ἢ</strong></span> <span class='ocrx_word' id='word_1_830' title='bbox 3627 5162 3834 5216; x_wconf 74' lang='grc' dir='ltr'>τούτου</span> 
     </span>
    </p>
   </div>
   <div class='ocr_carea' id='block_1_109' title="bbox 2178 5243 3838 5320">
    <p class='ocr_par' dir='ltr' id='par_1_109' title="bbox 2178 5243 3838 5320">
     <span class='ocr_line' id='line_1_109' title="bbox 2178 5243 3838 5320; baseline 0.003 -22"><span class='ocrx_word' id='word_1_831' title='bbox 2178 5243 2268 5298; x_wconf 70' lang='grc' dir='ltr'><strong>καὶ</strong></span> <span class='ocrx_word' id='word_1_832' title='bbox 2301 5245 2500 5316; x_wconf 67' lang='grc' dir='ltr'>ὁπῃοῦν</span> <span class='ocrx_word' id='word_1_833' title='bbox 2549 5243 2905 5320; x_wconf 82' lang='grc' dir='ltr'>ἀποσχέσθαι.</span> <span class='ocrx_word' id='word_1_834' title='bbox 2937 5249 2992 5298; x_wconf 77' lang='grc' dir='ltr'><strong>Ὀ</strong></span> <span class='ocrx_word' id='word_1_835' title='bbox 3025 5243 3081 5300; x_wconf 85' lang='grc' dir='ltr'><strong>δέ</strong></span> <span class='ocrx_word' id='word_1_836' title='bbox 3130 5249 3189 5302; x_wconf 81' lang='grc' dir='ltr'>τὸ</span> <span class='ocrx_word' id='word_1_837' title='bbox 3225 5247 3324 5320; x_wconf 69' lang='grc' dir='ltr'>μὲν</span> <span class='ocrx_word' id='word_1_838' title='bbox 3356 5247 3430 5308; x_wconf 83' lang='grc' dir='ltr'>εἷς</span> <span class='ocrx_word' id='word_1_839' title='bbox 3482 5248 3618 5303; x_wconf 79' lang='grc' dir='ltr'>ἅπαν</span> <span class='ocrx_word' id='word_1_840' title='bbox 3673 5248 3838 5303; x_wconf 59' lang='lat' dir='ltr'><strong>dare?»</strong></span> 
     </span>
    </p>
   </div>
   <div class='ocr_carea' id='block_1_110' title="bbox 2183 5330 3844 5410">
    <p class='ocr_par' dir='ltr' id='par_1_110' title="bbox 2183 5330 3844 5410">
     <span class='ocr_line' id='line_1_110' title="bbox 2183 5330 3844 5410; baseline 0.004 -22"><span class='ocrx_word' id='word_1_841' title='bbox 2183 5355 2302 5402; x_wconf 79' lang='grc' dir='ltr'>πεν,</span> <span class='ocrx_word' id='word_1_842' title='bbox 2353 5330 2476 5389; x_wconf 72' lang='grc' dir='ltr'>οὐδὲ</span> <span class='ocrx_word' id='word_1_843' title='bbox 2523 5335 2626 5410; x_wconf 81' lang='grc' dir='ltr'>γὰρ</span> <span class='ocrx_word' id='word_1_844' title='bbox 2657 5335 2774 5388; x_wconf 79' lang='grc' dir='ltr'>οἶόν</span> <span class='ocrx_word' id='word_1_845' title='bbox 2805 5355 2864 5390; x_wconf 86' lang='grc' dir='ltr'><strong>τε</strong></span> <span class='ocrx_word' id='word_1_846' title='bbox 2898 5353 2909 5365; x_wconf 88' lang='grc'>·</span> <span class='ocrx_word' id='word_1_847' title='bbox 2963 5331 3282 5390; x_wconf 80' lang='grc' dir='ltr'>ἐπιτοσοῦτο</span> <span class='ocrx_word' id='word_1_848' title='bbox 3315 5333 3371 5390; x_wconf 76' lang='grc' dir='ltr'><strong>δὲ</strong></span> <span class='ocrx_word' id='word_1_849' title='bbox 3419 5339 3488 5410; x_wconf 79' lang='grc' dir='ltr'><strong>τῇ</strong></span> <span class='ocrx_word' id='word_1_850' title='bbox 3531 5340 3679 5406; x_wconf 80' lang='grc' dir='ltr'>σφῶν</span> <span class='ocrx_word' id='word_1_851' title='bbox 3731 5338 3844 5408; x_wconf 78' lang='grc' dir='ltr'>εἶξε</span> 
     </span>
    </p>
   </div>
   <div class='ocr_carea' id='block_1_111' title="bbox 2183 5421 3838 5501">
    <p class='ocr_par' dir='ltr' id='par_1_111' title="bbox 2183 5421 3838 5501">
     <span class='ocr_line' id='line_1_111' title="bbox 2183 5421 3838 5501; baseline 0.001 -23"><span class='ocrx_word' id='word_1_852' title='bbox 2183 5421 2510 5497; x_wconf 74' lang='grc' dir='ltr'>προκλήσει,</span> <span class='ocrx_word' id='word_1_853' title='bbox 2541 5422 2645 5485; x_wconf 79' lang='grc' dir='ltr'>ἓως</span> <span class='ocrx_word' id='word_1_854' title='bbox 2677 5423 2864 5496; x_wconf 63' lang='grc' dir='ltr'>ἑτέρου</span> <span class='ocrx_word' id='word_1_855' title='bbox 2897 5421 2962 5494; x_wconf 81' lang='grc' dir='ltr'>δή</span> <span class='ocrx_word' id='word_1_856' title='bbox 2994 5445 3140 5485; x_wconf 87' lang='grc' dir='ltr'>τινος</span> <span class='ocrx_word' id='word_1_857' title='bbox 3173 5430 3489 5501; x_wconf 77' lang='grc' dir='ltr'>φροντιοῦσι</span> <span class='ocrx_word' id='word_1_858' title='bbox 3519 5425 3792 5498; x_wconf 74' lang='grc' dir='ltr'>ποιμένος</span> <span class='ocrx_word' id='word_1_859' title='bbox 3822 5448 3838 5461; x_wconf 75' lang='grc' dir='ltr'><strong><em>ο</em></strong></span> 
     </span>
    </p>
   </div>
   <div class='ocr_carea' id='block_1_112' title="bbox 2184 5510 3837 5590">
    <p class='ocr_par' dir='ltr' id='par_1_112' title="bbox 2184 5510 3837 5590">
     <span class='ocr_line' id='line_1_112' title="bbox 2184 5510 3837 5590; baseline 0.005 -25"><span class='ocrx_word' id='word_1_860' title='bbox 2184 5511 2250 5565; x_wconf 81' lang='grc' dir='ltr'><strong>οὗ</strong></span> <span class='ocrx_word' id='word_1_861' title='bbox 2299 5511 2604 5586; x_wconf 77' lang='grc' dir='ltr'>γεγονότος,</span> <span class='ocrx_word' id='word_1_862' title='bbox 2652 5513 2814 5576; x_wconf 79' lang='grc' dir='ltr'>αὐτὸς</span> <span class='ocrx_word' id='word_1_863' title='bbox 2871 5513 3072 5568; x_wconf 74' lang='grc' dir='ltr'>ἐκεῖθεν</span> <span class='ocrx_word' id='word_1_864' title='bbox 3123 5513 3355 5589; x_wconf 78' lang='grc' dir='ltr'>ἀπάρας,</span> <span class='ocrx_word' id='word_1_865' title='bbox 3413 5510 3837 5590; x_wconf 76' lang='grc' dir='ltr'>καταλαμϐάνει</span> 
     </span>
    </p>
   </div>
   <div class='ocr_carea' id='block_1_113' title="bbox 2185 5600 3830 5681">
    <p class='ocr_par' dir='ltr' id='par_1_113' title="bbox 2185 5600 3830 5681">
     <span class='ocr_line' id='line_1_113' title="bbox 2185 5600 3830 5681; baseline 0.004 -25"><span class='ocrx_word' id='word_1_866' title='bbox 2185 5600 2505 5658; x_wconf 72' lang='grc' dir='ltr'>Σελεύκειαν</span> <span class='ocrx_word' id='word_1_867' title='bbox 2539 5621 2552 5635; x_wconf 76' lang='grc' dir='ltr'><strong>ο</strong></span> <span class='ocrx_word' id='word_1_868' title='bbox 2586 5601 2676 5658; x_wconf 85' lang='grc' dir='ltr'><strong>καὶ</strong></span> <span class='ocrx_word' id='word_1_869' title='bbox 2708 5603 2910 5681; x_wconf 89' lang='grc' dir='ltr'>χρόνον</span> <span class='ocrx_word' id='word_1_870' title='bbox 2938 5602 3067 5679; x_wconf 77' lang='grc' dir='ltr'>οὐχὶ</span> <span class='ocrx_word' id='word_1_871' title='bbox 3101 5605 3302 5679; x_wconf 84' lang='grc' dir='ltr'>συχνὸν</span> <span class='ocrx_word' id='word_1_872' title='bbox 3333 5603 3581 5662; x_wconf 73' lang='grc' dir='ltr'>ἐνταυθοῖ</span> <span class='ocrx_word' id='word_1_873' title='bbox 3612 5603 3830 5681; x_wconf 83' lang='grc' dir='ltr'>διατρί-</span> 
     </span>
    </p>
   </div>
   <div class='ocr_carea' id='block_1_114' title="bbox 2186 5691 3844 5766">
    <p class='ocr_par' dir='ltr' id='par_1_114' title="bbox 2186 5691 3844 5766">
     <span class='ocr_line' id='line_1_114' title="bbox 2186 5691 3844 5766; baseline 0.005 -22"><span class='ocrx_word' id='word_1_874' title='bbox 2186 5694 2312 5766; x_wconf 77' lang='grc' dir='ltr'>ψας,</span> <span class='ocrx_word' id='word_1_875' title='bbox 2366 5691 2394 5745; x_wconf 83' lang='grc' dir='ltr'>ὁ</span> <span class='ocrx_word' id='word_1_876' title='bbox 2447 5691 2541 5764; x_wconf 74' lang='grc' dir='ltr'>μὲν</span> <span class='ocrx_word' id='word_1_877' title='bbox 2591 5693 2795 5748; x_wconf 86' lang='grc' dir='ltr'>Πόντον</span> <span class='ocrx_word' id='word_1_878' title='bbox 2844 5691 3058 5762; x_wconf 77' lang='grc' dir='ltr'>ἐνενόει,</span> <span class='ocrx_word' id='word_1_879' title='bbox 3089 5694 3178 5748; x_wconf 75' lang='grc' dir='ltr'><strong>καὶ</strong></span> <span class='ocrx_word' id='word_1_880' title='bbox 3225 5693 3324 5763; x_wconf 83' lang='grc' dir='ltr'><strong>τῆν</strong></span> <span class='ocrx_word' id='word_1_881' title='bbox 3370 5696 3640 5766; x_wconf 68' lang='grc' dir='ltr'>Ποντικὴν</span> <span class='ocrx_word' id='word_1_882' title='bbox 3694 5703 3844 5753; x_wconf 84' lang='grc' dir='ltr'>Ξου-</span> 
     </span>
    </p>
   </div>
  </div>
