  <div class='ocr_page' id='page_1' title='image "/cluster/home/n/w/nwhite01/storage/ocr_20150623/145/hvd.32044054086921/156.png"; bbox 0 0 3986 6228; ppageno 0'>
   <div class='ocr_carea' id='block_1_1' title="bbox 211 450 2577 516">
    <p class='ocr_par' dir='ltr' id='par_1_1' title="bbox 211 450 2577 516">
     <span class='ocr_line' id='line_1_1' title="bbox 211 450 2577 516; baseline -0.003 0"><span class='ocrx_word' id='word_1_1' title='bbox 211 454 290 516; x_wconf 62' lang='lat' dir='ltr'><strong>Ill</strong></span> <span class='ocrx_word' id='word_1_2' title='bbox 1199 451 1595 514; x_wconf 78' lang='lat' dir='ltr'><strong>LAUDATIO</strong></span> <span class='ocrx_word' id='word_1_3' title='bbox 1639 452 1702 513; x_wconf 92' lang='lat' dir='ltr'><strong>S.</strong></span> <span class='ocrx_word' id='word_1_4' title='bbox 1750 450 2115 512; x_wconf 79' lang='lat' dir='ltr'><strong>GREGORII</strong></span> <span class='ocrx_word' id='word_1_5' title='bbox 2159 450 2577 512; x_wconf 85' lang='lat' dir='ltr'><strong>THEOLOGI.</strong></span> 
     </span>
    </p>
   </div>
   <div class='ocr_carea' id='block_1_2' title="bbox 3476 453 3592 515">
    <p class='ocr_par' dir='ltr' id='par_1_2' title="bbox 3476 453 3592 515">
     <span class='ocr_line' id='line_1_2' title="bbox 3476 453 3592 515; baseline -0.009 0"><span class='ocrx_word' id='word_1_6' title='bbox 3476 453 3592 515; x_wconf 79' lang='lat'><strong>302</strong></span> 
     </span>
    </p>
   </div>
   <div class='ocr_carea' id='block_1_3' title="bbox 210 581 1812 665">
    <p class='ocr_par' dir='ltr' id='par_1_3' title="bbox 210 581 1812 665">
     <span class='ocr_line' id='line_1_3' title="bbox 210 581 1812 665; baseline -0.004 -22"><span class='ocrx_word' id='word_1_7' title='bbox 210 588 377 665; x_wconf 66' lang='grc' dir='ltr'>ειρίαν,</span> <span class='ocrx_word' id='word_1_8' title='bbox 410 584 508 641; x_wconf 77' lang='grc' dir='ltr'><strong>καὶ</strong></span> <span class='ocrx_word' id='word_1_9' title='bbox 542 585 641 649; x_wconf 82' lang='grc' dir='ltr'><strong>οὒς</strong></span> <span class='ocrx_word' id='word_1_10' title='bbox 673 582 794 660; x_wconf 74' lang='grc' dir='ltr'>ᾔδει</span> <span class='ocrx_word' id='word_1_11' title='bbox 833 591 943 640; x_wconf 78' lang='grc' dir='ltr'><strong>τῶν</strong></span> <span class='ocrx_word' id='word_1_12' title='bbox 989 586 1188 661; x_wconf 88' lang='grc' dir='ltr'>χώρων</span> <span class='ocrx_word' id='word_1_13' title='bbox 1234 581 1384 644; x_wconf 61' lang='grc' dir='ltr'>οἵους</span> <span class='ocrx_word' id='word_1_14' title='bbox 1431 604 1490 639; x_wconf 85' lang='grc' dir='ltr'><strong>τε</strong></span> <span class='ocrx_word' id='word_1_15' title='bbox 1530 582 1687 645; x_wconf 85' lang='grc' dir='ltr'>ὄντας</span> <span class='ocrx_word' id='word_1_16' title='bbox 1730 587 1812 657; x_wconf 73' lang='grc' dir='ltr'><strong>ψυ</strong></span> 
     </span>
    </p>
   </div>
   <div class='ocr_carea' id='block_1_4' title="bbox 1924 581 3594 665">
    <p class='ocr_par' dir='ltr' id='par_1_4' title="bbox 1954 582 3594 657">
     <span class='ocr_line' id='line_1_4' title="bbox 1954 582 3594 657; baseline 0.005 -19"><span class='ocrx_word' id='word_1_17' title='bbox 1954 583 2133 640; x_wconf 90' lang='lat' dir='ltr'><strong>alium</strong></span> <span class='ocrx_word' id='word_1_18' title='bbox 2177 582 2289 638; x_wconf 92' lang='lat' dir='ltr'><strong>sibi</strong></span> <span class='ocrx_word' id='word_1_19' title='bbox 2334 583 2768 655; x_wconf 78' lang='lat' dir='ltr'><strong>prospexissent</strong></span> <span class='ocrx_word' id='word_1_20' title='bbox 2813 588 3122 655; x_wconf 79' lang='lat' dir='ltr'><strong>pastorem.</strong></span> <span class='ocrx_word' id='word_1_21' title='bbox 3173 587 3298 653; x_wconf 87' lang='lat' dir='ltr'><strong>Quo</strong></span> <span class='ocrx_word' id='word_1_22' title='bbox 3347 588 3521 657; x_wconf 87' lang='lat' dir='ltr'><strong>facto,</strong></span> <span class='ocrx_word' id='word_1_23' title='bbox 3562 607 3594 647; x_wconf 91' lang='lat' dir='ltr'>e</span> 
     </span>
    </p>
   </div>
   <div class='ocr_carea' id='block_1_5' title="bbox 204 669 1838 755">
    <p class='ocr_par' dir='ltr' id='par_1_5' title="bbox 204 669 1838 755">
     <span class='ocr_line' id='line_1_5' title="bbox 204 669 1838 755; baseline -0.004 -22"><span class='ocrx_word' id='word_1_24' title='bbox 204 682 283 755; x_wconf 68' lang='grc' dir='ltr'>χὴν</span> <span class='ocrx_word' id='word_1_25' title='bbox 331 677 642 753; x_wconf 72' lang='grc' dir='ltr'>ἒκκαθάραι</span> <span class='ocrx_word' id='word_1_26' title='bbox 703 698 760 732; x_wconf 89' lang='grc' dir='ltr'><strong>τε</strong></span> <span class='ocrx_word' id='word_1_27' title='bbox 821 678 913 731; x_wconf 82' lang='grc' dir='ltr'>καὶ</span> <span class='ocrx_word' id='word_1_28' title='bbox 986 681 1283 750; x_wconf 83' lang='grc' dir='ltr'>πτερῶσαι,</span> <span class='ocrx_word' id='word_1_29' title='bbox 1326 675 1415 729; x_wconf 81' lang='grc' dir='ltr'><strong>καὶ</strong></span> <span class='ocrx_word' id='word_1_30' title='bbox 1487 675 1616 729; x_wconf 80' lang='grc' dir='ltr'>Θεὸν</span> <span class='ocrx_word' id='word_1_31' title='bbox 1670 669 1838 729; x_wconf 78' lang='grc' dir='ltr'>ἔπειτ’</span> 
     </span>
    </p>
   </div>
   <div class='ocr_carea' id='block_1_6' title="bbox 207 761 1836 841">
    <p class='ocr_par' dir='ltr' id='par_1_6' title="bbox 207 761 1836 841">
     <span class='ocr_line' id='line_1_6' title="bbox 207 761 1836 841; baseline -0.004 -17"><span class='ocrx_word' id='word_1_32' title='bbox 207 771 350 838; x_wconf 68' lang='grc' dir='ltr'>τὸτὴν,</span> <span class='ocrx_word' id='word_1_33' title='bbox 386 768 436 822; x_wconf 78' lang='grc' dir='ltr'><strong>εἰ</strong></span> <span class='ocrx_word' id='word_1_34' title='bbox 495 769 577 839; x_wconf 79' lang='grc' dir='ltr'><strong>μή</strong></span> <span class='ocrx_word' id='word_1_35' title='bbox 635 762 774 841; x_wconf 71' lang='grc' dir='ltr'>μέγα</span> <span class='ocrx_word' id='word_1_36' title='bbox 814 767 1007 833; x_wconf 83' lang='grc' dir='ltr'>εἰπεῖν,</span> <span class='ocrx_word' id='word_1_37' title='bbox 1050 766 1363 840; x_wconf 78' lang='grc' dir='ltr'>ἀποφῆναι·</span> <span class='ocrx_word' id='word_1_38' title='bbox 1395 765 1538 819; x_wconf 79' lang='grc' dir='ltr'>τοῦτ’</span> <span class='ocrx_word' id='word_1_39' title='bbox 1592 762 1658 830; x_wconf 75' lang='grc' dir='ltr'>ἦν</span> <span class='ocrx_word' id='word_1_40' title='bbox 1692 761 1836 837; x_wconf 81' lang='grc' dir='ltr'>αύτῳ</span> 
     </span>
    </p>
   </div>
   <div class='ocr_carea' id='block_1_7' title="bbox 209 852 1833 932">
    <p class='ocr_par' dir='ltr' id='par_1_7' title="bbox 209 852 1833 932">
     <span class='ocr_line' id='line_1_7' title="bbox 209 852 1833 932; baseline -0.004 -20"><span class='ocrx_word' id='word_1_41' title='bbox 209 858 363 932; x_wconf 72' lang='grc' dir='ltr'>μελὲτη</span> <span class='ocrx_word' id='word_1_42' title='bbox 417 856 518 913; x_wconf 84' lang='grc' dir='ltr'><strong>καὶ</strong></span> <span class='ocrx_word' id='word_1_43' title='bbox 565 857 632 911; x_wconf 77' lang='grc' dir='ltr'>τὸ</span> <span class='ocrx_word' id='word_1_44' title='bbox 677 855 1031 932; x_wconf 78' lang='grc' dir='ltr'>λογίζεσθαι·</span> <span class='ocrx_word' id='word_1_45' title='bbox 1088 855 1283 928; x_wconf 72' lang='grc' dir='ltr'>ἑτέρως</span> <span class='ocrx_word' id='word_1_46' title='bbox 1332 875 1395 928; x_wconf 87' lang='grc' dir='ltr'>γε</span> <span class='ocrx_word' id='word_1_47' title='bbox 1439 854 1548 925; x_wconf 75' lang='grc' dir='ltr'>μὴν</span> <span class='ocrx_word' id='word_1_48' title='bbox 1582 854 1609 907; x_wconf 87' lang='grc' dir='ltr'>ὁ</span> <span class='ocrx_word' id='word_1_49' title='bbox 1638 852 1833 908; x_wconf 88' lang='grc' dir='ltr'>τούτου</span> 
     </span>
    </p>
   </div>
   <div class='ocr_carea' id='block_1_8' title="bbox 207 941 1835 1017">
    <p class='ocr_par' dir='ltr' id='par_1_8' title="bbox 207 941 1835 1017">
     <span class='ocr_line' id='line_1_8' title="bbox 207 941 1835 1017; baseline -0.005 -14"><span class='ocrx_word' id='word_1_50' title='bbox 207 950 295 1008; x_wconf 69' lang='grc' dir='ltr'><strong>Θεὸς</strong></span> <span class='ocrx_word' id='word_1_51' title='bbox 317 950 386 1002; x_wconf 66' lang='grc' dir='ltr'><strong>τα</strong></span> <span class='ocrx_word' id='word_1_52' title='bbox 416 948 546 1001; x_wconf 81' lang='grc' dir='ltr'>κατ’</span> <span class='ocrx_word' id='word_1_53' title='bbox 581 946 744 1000; x_wconf 69' lang='grc' dir='ltr'>αὐτὸν</span> <span class='ocrx_word' id='word_1_54' title='bbox 772 944 1051 1017; x_wconf 82' lang='grc' dir='ltr'><strong>ᾠκονόμει</strong></span> <span class='ocrx_word' id='word_1_55' title='bbox 1076 961 1090 974; x_wconf 75' lang='grc'><strong>⁸</strong></span> <span class='ocrx_word' id='word_1_56' title='bbox 1125 942 1296 999; x_wconf 70' lang='grc' dir='ltr'>οὐκέτ’</span> <span class='ocrx_word' id='word_1_57' title='bbox 1327 941 1584 997; x_wconf 80' lang='grc' dir='ltr'>ἐπιπλέον</span> <span class='ocrx_word' id='word_1_58' title='bbox 1617 941 1835 1017; x_wconf 76' lang='grc' dir='ltr'>εὐαγγε-</span> 
     </span>
    </p>
   </div>
   <div class='ocr_carea' id='block_1_9' title="bbox 210 1028 1828 1108">
    <p class='ocr_par' dir='ltr' id='par_1_9' title="bbox 210 1028 1828 1108">
     <span class='ocr_line' id='line_1_9' title="bbox 210 1028 1828 1108; baseline -0.005 -16"><span class='ocrx_word' id='word_1_59' title='bbox 210 1039 336 1098; x_wconf 63' lang='lat' dir='ltr'><strong>ius):</strong></span> <span class='ocrx_word' id='word_1_60' title='bbox 363 1036 571 1102; x_wconf 79' lang='grc' dir='ltr'>εἰπεῖν,</span> <span class='ocrx_word' id='word_1_61' title='bbox 607 1060 636 1087; x_wconf 88' lang='grc'><strong>‹‹</strong></span> <span class='ocrx_word' id='word_1_62' title='bbox 671 1034 773 1089; x_wconf 73' lang='grc' dir='ltr'>ὑπὸ</span> <span class='ocrx_word' id='word_1_63' title='bbox 804 1039 885 1106; x_wconf 80' lang='grc' dir='ltr'><strong>τῷ</strong></span> <span class='ocrx_word' id='word_1_64' title='bbox 918 1031 1095 1107; x_wconf 83' lang='grc' dir='ltr'>μοδίῳ</span> <span class='ocrx_word' id='word_1_65' title='bbox 1123 1033 1450 1108; x_wconf 79' lang='grc' dir='ltr'><strong>κρύπτεσθαι</strong></span> <span class='ocrx_word' id='word_1_66' title='bbox 1482 1033 1572 1086; x_wconf 80' lang='grc' dir='ltr'>τὸν</span> <span class='ocrx_word' id='word_1_67' title='bbox 1623 1028 1828 1105; x_wconf 85' lang='grc' dir='ltr'>λύχνον</span> 
     </span>
    </p>
   </div>
   <div class='ocr_carea' id='block_1_10' title="bbox 211 1121 1832 1198">
    <p class='ocr_par' dir='ltr' id='par_1_10' title="bbox 211 1121 1832 1198">
     <span class='ocr_line' id='line_1_10' title="bbox 211 1121 1832 1198; baseline -0.006 -16"><span class='ocrx_word' id='word_1_68' title='bbox 211 1128 379 1195; x_wconf 66' lang='grc' dir='ltr'>ἐθέλων,</span> <span class='ocrx_word' id='word_1_69' title='bbox 413 1125 559 1181; x_wconf 77' lang='grc' dir='ltr'>ἀλλ’</span> <span class='ocrx_word' id='word_1_70' title='bbox 602 1124 693 1180; x_wconf 79' lang='grc' dir='ltr'><strong>ἐπὶ</strong></span> <span class='ocrx_word' id='word_1_71' title='bbox 739 1126 839 1193; x_wconf 75' lang='grc' dir='ltr'>τὴν</span> <span class='ocrx_word' id='word_1_72' title='bbox 892 1122 1122 1198; x_wconf 79' lang='grc' dir='ltr'>λυχνίαν</span> <span class='ocrx_word' id='word_1_73' title='bbox 1182 1124 1469 1191; x_wconf 79' lang='grc' dir='ltr'>τεθεῖσθαι,</span> <span class='ocrx_word' id='word_1_74' title='bbox 1506 1144 1531 1174; x_wconf 65' lang='grc' dir='ltr'><strong>ο</strong></span> <span class='ocrx_word' id='word_1_75' title='bbox 1567 1122 1641 1185; x_wconf 80' lang='grc' dir='ltr'><strong>ὡς</strong></span> <span class='ocrx_word' id='word_1_76' title='bbox 1693 1121 1832 1198; x_wconf 79' lang='grc' dir='ltr'>μέγα</span> 
     </span>
    </p>
   </div>
   <div class='ocr_carea' id='block_1_11' title="bbox 206 1208 1825 1291">
    <p class='ocr_par' dir='ltr' id='par_1_11' title="bbox 206 1208 1825 1291">
     <span class='ocr_line' id='line_1_11' title="bbox 206 1208 1825 1291; baseline -0.004 -20"><span class='ocrx_word' id='word_1_77' title='bbox 206 1217 286 1291; x_wconf 55' lang='grc' dir='ltr'><strong>εὼς</strong></span> <span class='ocrx_word' id='word_1_78' title='bbox 316 1216 459 1269; x_wconf 76' lang='grc' dir='ltr'>εἶναι</span> <span class='ocrx_word' id='word_1_79' title='bbox 511 1218 597 1269; x_wconf 79' lang='grc' dir='ltr'>τῶ</span> <span class='ocrx_word' id='word_1_80' title='bbox 646 1214 862 1287; x_wconf 77' lang='grc' dir='ltr'>κόσμῳ,</span> <span class='ocrx_word' id='word_1_81' title='bbox 893 1214 983 1266; x_wconf 82' lang='grc' dir='ltr'><strong>καὶ</strong></span> <span class='ocrx_word' id='word_1_82' title='bbox 1030 1217 1145 1273; x_wconf 86' lang='grc' dir='ltr'>τοῖς</span> <span class='ocrx_word' id='word_1_83' title='bbox 1192 1212 1276 1266; x_wconf 81' lang='grc' dir='ltr'>ὑπ’</span> <span class='ocrx_word' id='word_1_84' title='bbox 1307 1210 1529 1286; x_wconf 71' lang='grc' dir='ltr'>ούρονὸν</span> <span class='ocrx_word' id='word_1_85' title='bbox 1562 1208 1825 1283; x_wconf 85' lang='grc' dir='ltr'>λαμπτῆ-</span> 
     </span>
    </p>
   </div>
   <div class='ocr_carea' id='block_1_12' title="bbox 194 1310 579 1380">
    <p class='ocr_par' dir='ltr' id='par_1_12' title="bbox 194 1310 579 1380">
     <span class='ocr_line' id='line_1_12' title="bbox 194 1310 579 1380; baseline -0.003 -20"><span class='ocrx_word' id='word_1_86' title='bbox 194 1326 246 1376; x_wconf 80' lang='grc' dir='ltr'><strong>ρα</strong></span> <span class='ocrx_word' id='word_1_87' title='bbox 275 1310 553 1380; x_wconf 73' lang='grc' dir='ltr'>περιφανῆ</span> <span class='ocrx_word' id='word_1_88' title='bbox 566 1347 579 1359; x_wconf 92' lang='grc'><strong>.</strong></span> 
     </span>
    </p>
   </div>
   <div class='ocr_carea' id='block_1_13' title="bbox 1947 670 3594 747">
    <p class='ocr_par' dir='ltr' id='par_1_13' title="bbox 1947 670 3594 747">
     <span class='ocr_line' id='line_1_13' title="bbox 1947 670 3594 747; baseline 0.005 -19"><span class='ocrx_word' id='word_1_89' title='bbox 1947 672 2136 744; x_wconf 89' lang='lat' dir='ltr'><strong>patria</strong></span> <span class='ocrx_word' id='word_1_90' title='bbox 2167 670 2452 728; x_wconf 84' lang='lat' dir='ltr'><strong>excedens</strong></span> <span class='ocrx_word' id='word_1_91' title='bbox 2484 671 2803 728; x_wconf 79' lang='lat' dir='ltr'><strong>Seleuciam</strong></span> <span class='ocrx_word' id='word_1_92' title='bbox 2834 673 2975 730; x_wconf 89' lang='lat' dir='ltr'><strong>adit.</strong></span> <span class='ocrx_word' id='word_1_93' title='bbox 3011 674 3119 730; x_wconf 88' lang='lat' dir='ltr'><strong>Ubi</strong></span> <span class='ocrx_word' id='word_1_94' title='bbox 3157 682 3286 747; x_wconf 88' lang='lat' dir='ltr'><strong>post</strong></span> <span class='ocrx_word' id='word_1_95' title='bbox 3316 695 3430 735; x_wconf 90' lang='lat' dir='ltr'><strong>non</strong></span> <span class='ocrx_word' id='word_1_96' title='bbox 3464 679 3594 737; x_wconf 89' lang='lat' dir='ltr'><strong>lon-</strong></span> 
     </span>
    </p>
   </div>
   <div class='ocr_carea' id='block_1_14' title="bbox 1947 761 3593 838">
    <p class='ocr_par' dir='ltr' id='par_1_14' title="bbox 1947 761 3593 838">
     <span class='ocr_line' id='line_1_14' title="bbox 1947 761 3593 838; baseline 0.007 -22"><span class='ocrx_word' id='word_1_97' title='bbox 1947 777 2075 834; x_wconf 79' lang='lat' dir='ltr'><strong>gain</strong></span> <span class='ocrx_word' id='word_1_98' title='bbox 2111 776 2355 828; x_wconf 88' lang='lat' dir='ltr'><strong>moram,</strong></span> <span class='ocrx_word' id='word_1_99' title='bbox 2396 761 2659 827; x_wconf 88' lang='lat' dir='ltr'><strong>Pontum,</strong></span> <span class='ocrx_word' id='word_1_100' title='bbox 2683 763 3095 834; x_wconf 77' lang='lat' dir='ltr'><strong>Ponticamque</strong></span> <span class='ocrx_word' id='word_1_101' title='bbox 3125 766 3500 838; x_wconf 85' lang='lat' dir='ltr'><strong>Xupbirfam,</strong></span> <span class='ocrx_word' id='word_1_102' title='bbox 3535 774 3593 827; x_wconf 88' lang='lat' dir='ltr'><strong>et</strong></span> 
     </span>
    </p>
   </div>
   <div class='ocr_carea' id='block_1_15' title="bbox 1946 849 3597 930">
    <p class='ocr_par' dir='ltr' id='par_1_15' title="bbox 1946 849 3597 930">
     <span class='ocr_line' id='line_1_15' title="bbox 1946 849 3597 930; baseline 0.007 -25"><span class='ocrx_word' id='word_1_103' title='bbox 1946 868 2072 924; x_wconf 64' lang='lat' dir='ltr'><strong>qua;</strong></span> <span class='ocrx_word' id='word_1_104' title='bbox 2104 849 2215 905; x_wconf 89' lang='lat' dir='ltr'><strong>alia</strong></span> <span class='ocrx_word' id='word_1_105' title='bbox 2236 854 2404 906; x_wconf 90' lang='lat' dir='ltr'><strong>norat</strong></span> <span class='ocrx_word' id='word_1_106' title='bbox 2433 850 2579 920; x_wconf 89' lang='lat' dir='ltr'><strong>loco,</strong></span> <span class='ocrx_word' id='word_1_107' title='bbox 2604 851 2676 907; x_wconf 90' lang='lat' dir='ltr'><strong>ad</strong></span> <span class='ocrx_word' id='word_1_108' title='bbox 2699 852 3043 922; x_wconf 81' lang='lat' dir='ltr'><strong>expiandam</strong></span> <span class='ocrx_word' id='word_1_109' title='bbox 3075 855 3330 912; x_wconf 81' lang='lat' dir='ltr'><strong>animam</strong></span> <span class='ocrx_word' id='word_1_110' title='bbox 3367 856 3597 930; x_wconf 87' lang='lat' dir='ltr'><strong>alisque-</strong></span> 
     </span>
    </p>
   </div>
   <div class='ocr_carea' id='block_1_16' title="bbox 1945 939 3587 1016">
    <p class='ocr_par' dir='ltr' id='par_1_16' title="bbox 1945 939 3587 1016">
     <span class='ocr_line' id='line_1_16' title="bbox 1945 939 3587 1016; baseline 0.005 -20"><span class='ocrx_word' id='word_1_111' title='bbox 1945 939 2352 1011; x_wconf 84' lang='lat' dir='ltr'><strong>spiritualibus</strong></span> <span class='ocrx_word' id='word_1_112' title='bbox 2372 940 2800 1005; x_wconf 82' lang='lat' dir='ltr'><strong>instruendam,</strong></span> <span class='ocrx_word' id='word_1_113' title='bbox 2817 941 3115 1012; x_wconf 87' lang='lat' dir='ltr'><strong>Deumque</strong></span> <span class='ocrx_word' id='word_1_114' title='bbox 3133 944 3305 1000; x_wconf 90' lang='lat' dir='ltr'><strong>etiam</strong></span> <span class='ocrx_word' id='word_1_115' title='bbox 3330 948 3587 1016; x_wconf 85' lang='lat' dir='ltr'><strong>tandem,</strong></span> 
     </span>
    </p>
   </div>
   <div class='ocr_carea' id='block_1_17' title="bbox 1944 1029 3591 1111">
    <p class='ocr_par' dir='ltr' id='par_1_17' title="bbox 1944 1029 3591 1111">
     <span class='ocr_line' id='line_1_17' title="bbox 1944 1029 3591 1111; baseline 0.005 -27"><span class='ocrx_word' id='word_1_116' title='bbox 1944 1030 1994 1084; x_wconf 92' lang='lat' dir='ltr'><strong>si</strong></span> <span class='ocrx_word' id='word_1_117' title='bbox 2027 1030 2133 1084; x_wconf 92' lang='lat' dir='ltr'><strong>hoc</strong></span> <span class='ocrx_word' id='word_1_118' title='bbox 2156 1031 2251 1109; x_wconf 85' lang='lat' dir='ltr'><strong>fas</strong></span> <span class='ocrx_word' id='word_1_119' title='bbox 2283 1033 2368 1084; x_wconf 87' lang='lat' dir='ltr'><strong>est</strong></span> <span class='ocrx_word' id='word_1_120' title='bbox 2398 1029 2580 1096; x_wconf 87' lang='lat' dir='ltr'><strong>dictu,</strong></span> <span class='ocrx_word' id='word_1_121' title='bbox 2617 1029 3004 1099; x_wconf 81' lang='lat' dir='ltr'><strong>efﬁciendam,</strong></span> <span class='ocrx_word' id='word_1_122' title='bbox 3050 1039 3399 1104; x_wconf 85' lang='lat' dir='ltr'><strong>opportuna,</strong></span> <span class='ocrx_word' id='word_1_123' title='bbox 3431 1040 3591 1111; x_wconf 87' lang='lat' dir='ltr'><strong>cogi-</strong></span> 
     </span>
    </p>
   </div>
   <div class='ocr_carea' id='block_1_18' title="bbox 1943 1117 3586 1196">
    <p class='ocr_par' dir='ltr' id='par_1_18' title="bbox 1943 1117 3586 1196">
     <span class='ocr_line' id='line_1_18' title="bbox 1943 1117 3586 1196; baseline 0.005 -22"><span class='ocrx_word' id='word_1_124' title='bbox 1943 1125 2063 1174; x_wconf 88' lang='lat' dir='ltr'><strong>tare</strong></span> <span class='ocrx_word' id='word_1_125' title='bbox 2092 1117 2395 1191; x_wconf 76' lang='lat' dir='ltr'><strong>cospit:hze</strong></span> <span class='ocrx_word' id='word_1_126' title='bbox 2418 1123 2545 1173; x_wconf 87' lang='lat' dir='ltr'><strong>tum</strong></span> <span class='ocrx_word' id='word_1_127' title='bbox 2577 1117 2660 1174; x_wconf 88' lang='lat' dir='ltr'><strong>illi</strong></span> <span class='ocrx_word' id='word_1_128' title='bbox 2692 1135 2845 1174; x_wconf 66' lang='lat' dir='ltr'><strong>cura:</strong></span> <span class='ocrx_word' id='word_1_129' title='bbox 2877 1118 3369 1193; x_wconf 81' lang='lat' dir='ltr'><strong>cogitationesque</strong></span> <span class='ocrx_word' id='word_1_130' title='bbox 3384 1134 3546 1182; x_wconf 89' lang='lat' dir='ltr'><strong>erant</strong></span> <span class='ocrx_word' id='word_1_131' title='bbox 3572 1148 3586 1196; x_wconf 89' lang='lat'><strong>;</strong></span> 
     </span>
    </p>
   </div>
   <div class='ocr_carea' id='block_1_19' title="bbox 1936 1209 3589 1292">
    <p class='ocr_par' dir='ltr' id='par_1_19' title="bbox 1936 1209 3589 1292">
     <span class='ocr_line' id='line_1_19' title="bbox 1936 1209 3589 1292; baseline 0.006 -28"><span class='ocrx_word' id='word_1_132' title='bbox 1936 1210 2095 1280; x_wconf 85' lang='lat' dir='ltr'><strong>atqui</strong></span> <span class='ocrx_word' id='word_1_133' title='bbox 2119 1209 2286 1265; x_wconf 83' lang='lat' dir='ltr'><strong>aliter</strong></span> <span class='ocrx_word' id='word_1_134' title='bbox 2306 1209 2595 1266; x_wconf 89' lang='lat' dir='ltr'><strong>destinata</strong></span> <span class='ocrx_word' id='word_1_135' title='bbox 2617 1209 2822 1280; x_wconf 86' lang='lat' dir='ltr'><strong>ipsius,</strong></span> <span class='ocrx_word' id='word_1_136' title='bbox 2849 1210 3010 1267; x_wconf 85' lang='lat' dir='ltr'><strong>illius</strong></span> <span class='ocrx_word' id='word_1_137' title='bbox 3030 1211 3391 1283; x_wconf 82' lang='lat' dir='ltr'><strong>gubernabat</strong></span> <span class='ocrx_word' id='word_1_138' title='bbox 3414 1217 3589 1292; x_wconf 82' lang='lat' dir='ltr'><strong>Deus,</strong></span> 
     </span>
    </p>
   </div>
   <div class='ocr_carea' id='block_1_20' title="bbox 1938 1298 3585 1378">
    <p class='ocr_par' dir='ltr' id='par_1_20' title="bbox 1938 1298 3585 1378">
     <span class='ocr_line' id='line_1_20' title="bbox 1938 1298 3585 1378; baseline 0.005 -24"><span class='ocrx_word' id='word_1_139' title='bbox 1938 1300 2036 1371; x_wconf 89' lang='lat' dir='ltr'><strong>qui</strong></span> <span class='ocrx_word' id='word_1_140' title='bbox 2058 1299 2209 1355; x_wconf 84' lang='lat' dir='ltr'><strong>haud</strong></span> <span class='ocrx_word' id='word_1_141' title='bbox 2233 1298 2504 1370; x_wconf 85' lang='lat' dir='ltr'><strong>amplius,</strong></span> <span class='ocrx_word' id='word_1_142' title='bbox 2531 1304 2592 1354; x_wconf 92' lang='lat' dir='ltr'><strong>ut</strong></span> <span class='ocrx_word' id='word_1_143' title='bbox 2621 1298 2971 1372; x_wconf 87' lang='lat' dir='ltr'><strong>evangeliois</strong></span> <span class='ocrx_word' id='word_1_144' title='bbox 3003 1317 3124 1356; x_wconf 89' lang='lat' dir='ltr'><strong>rem</strong></span> <span class='ocrx_word' id='word_1_145' title='bbox 3148 1302 3340 1359; x_wconf 79' lang='lat' dir='ltr'><strong>verbis</strong></span> <span class='ocrx_word' id='word_1_146' title='bbox 3372 1305 3585 1378; x_wconf 86' lang='lat' dir='ltr'><strong>dicam,</strong></span> 
     </span>
    </p>
   </div>
   <div class='ocr_carea' id='block_1_21' title="bbox 195 1388 3587 1466">
    <p class='ocr_par' dir='ltr' id='par_1_21' title="bbox 195 1388 3587 1466">
     <span class='ocr_line' id='line_1_21' title="bbox 195 1388 3587 1466; baseline -0 -12"><span class='ocrx_word' id='word_1_147' title='bbox 195 1420 216 1447; x_wconf 70' lang='grc' dir='ltr'><strong>ε</strong></span> <span class='ocrx_word' id='word_1_148' title='bbox 240 1397 516 1454; x_wconf 83' lang='lat' dir='ltr'><strong>abscondi</strong></span> <span class='ocrx_word' id='word_1_149' title='bbox 565 1395 772 1451; x_wconf 85' lang='lat' dir='ltr'><strong>subter</strong></span> <span class='ocrx_word' id='word_1_150' title='bbox 823 1393 1011 1450; x_wconf 89' lang='lat' dir='ltr'><strong>modis</strong></span> <span class='ocrx_word' id='word_1_151' title='bbox 1057 1393 1377 1461; x_wconf 83' lang='lat' dir='ltr'><strong>lucernam,</strong></span> <span class='ocrx_word' id='word_1_152' title='bbox 1408 1392 1508 1448; x_wconf 90' lang='lat' dir='ltr'><strong>sed</strong></span> <span class='ocrx_word' id='word_1_153' title='bbox 1556 1408 1732 1463; x_wconf 84' lang='lat' dir='ltr'><strong>super</strong></span> <span class='ocrx_word' id='word_1_154' title='bbox 1778 1390 2192 1447; x_wconf 86' lang='lat' dir='ltr'><strong>candelabrum</strong></span> <span class='ocrx_word' id='word_1_155' title='bbox 2242 1406 2412 1445; x_wconf 91' lang='lat' dir='ltr'><strong>suum</strong></span> <span class='ocrx_word' id='word_1_156' title='bbox 2458 1390 2655 1460; x_wconf 83' lang='lat' dir='ltr'><strong>reponi</strong></span> <span class='ocrx_word' id='word_1_157' title='bbox 2687 1388 2755 1456; x_wconf 82' lang='grc'><strong>³³,</strong></span> <span class='ocrx_word' id='word_1_158' title='bbox 2791 1411 2818 1441; x_wconf 86' lang='grc'><strong>››</strong></span> <span class='ocrx_word' id='word_1_159' title='bbox 2853 1391 3102 1459; x_wconf 87' lang='lat' dir='ltr'><strong>volebat,</strong></span> <span class='ocrx_word' id='word_1_160' title='bbox 3137 1397 3202 1447; x_wconf 88' lang='lat' dir='ltr'><strong>ut</strong></span> <span class='ocrx_word' id='word_1_161' title='bbox 3232 1392 3434 1466; x_wconf 89' lang='lat' dir='ltr'><strong>ingens</strong></span> <span class='ocrx_word' id='word_1_162' title='bbox 3462 1397 3587 1453; x_wconf 88' lang='lat' dir='ltr'><strong>orbi</strong></span> 
     </span>
    </p>
   </div>
   <div class='ocr_carea' id='block_1_22' title="bbox 192 1480 2625 1555">
    <p class='ocr_par' dir='ltr' id='par_1_22' title="bbox 192 1480 2625 1555">
     <span class='ocr_line' id='line_1_22' title="bbox 192 1480 2625 1555; baseline -0.004 -12"><span class='ocrx_word' id='word_1_163' title='bbox 192 1490 439 1545; x_wconf 82' lang='lat' dir='ltr'><strong>universo</strong></span> <span class='ocrx_word' id='word_1_164' title='bbox 472 1487 706 1554; x_wconf 90' lang='lat' dir='ltr'><strong>lumen,</strong></span> <span class='ocrx_word' id='word_1_165' title='bbox 738 1484 1129 1555; x_wconf 90' lang='lat' dir='ltr'><strong>omnibusque</strong></span> <span class='ocrx_word' id='word_1_166' title='bbox 1160 1483 1268 1539; x_wconf 87' lang='lat' dir='ltr'><strong>sub</strong></span> <span class='ocrx_word' id='word_1_167' title='bbox 1301 1482 1442 1539; x_wconf 80' lang='lat' dir='ltr'><strong>crslo</strong></span> <span class='ocrx_word' id='word_1_168' title='bbox 1466 1481 1812 1554; x_wconf 84' lang='lat' dir='ltr'><strong>degentibus</strong></span> <span class='ocrx_word' id='word_1_169' title='bbox 1843 1481 1937 1536; x_wconf 83' lang='lat' dir='ltr'><strong>fax</strong></span> <span class='ocrx_word' id='word_1_170' title='bbox 1968 1480 2418 1551; x_wconf 82' lang='lat' dir='ltr'><strong>fulgentissima,</strong></span> <span class='ocrx_word' id='word_1_171' title='bbox 2451 1484 2625 1536; x_wconf 84' lang='lat' dir='ltr'><strong>esset.</strong></span> 
     </span>
    </p>
   </div>
   <div class='ocr_carea' id='block_1_23' title="bbox 246 1568 1824 1647">
    <p class='ocr_par' dir='ltr' id='par_1_23' title="bbox 246 1568 1824 1647">
     <span class='ocr_line' id='line_1_23' title="bbox 246 1568 1824 1647; baseline -0.005 -15"><span class='ocrx_word' id='word_1_172' title='bbox 246 1581 355 1634; x_wconf 83' lang='lat' dir='ltr'><strong>llZ&#39;.</strong></span> <span class='ocrx_word' id='word_1_173' title='bbox 388 1575 555 1631; x_wconf 74' lang='grc' dir='ltr'>Ταῦτ’</span> <span class='ocrx_word' id='word_1_174' title='bbox 588 1572 692 1647; x_wconf 79' lang='grc' dir='ltr'>ἄρα</span> <span class='ocrx_word' id='word_1_175' title='bbox 741 1574 831 1627; x_wconf 81' lang='grc' dir='ltr'><strong>καὶ</strong></span> <span class='ocrx_word' id='word_1_176' title='bbox 878 1574 977 1641; x_wconf 80' lang='grc' dir='ltr'><strong>τήν</strong></span> <span class='ocrx_word' id='word_1_177' title='bbox 1018 1571 1411 1646; x_wconf 72' lang='grc' dir='ltr'><strong>βασιλεύουσαν</strong></span> <span class='ocrx_word' id='word_1_178' title='bbox 1464 1576 1574 1625; x_wconf 83' lang='grc' dir='ltr'>τῶν</span> <span class='ocrx_word' id='word_1_179' title='bbox 1607 1568 1824 1625; x_wconf 87' lang='grc' dir='ltr'>πόλεων</span> 
     </span>
    </p>
   </div>
   <div class='ocr_carea' id='block_1_24' title="bbox 185 1659 1824 1737">
    <p class='ocr_par' dir='ltr' id='par_1_24' title="bbox 185 1659 1824 1737">
     <span class='ocr_line' id='line_1_24' title="bbox 185 1659 1824 1737; baseline -0.004 -17"><span class='ocrx_word' id='word_1_180' title='bbox 185 1666 354 1721; x_wconf 74' lang='grc' dir='ltr'>ἐκεῖθεν</span> <span class='ocrx_word' id='word_1_181' title='bbox 420 1662 780 1737; x_wconf 75' lang='grc' dir='ltr'>ὲμπνευσθείς</span> <span class='ocrx_word' id='word_1_182' title='bbox 837 1682 897 1717; x_wconf 87' lang='grc' dir='ltr'><strong>τε</strong></span> <span class='ocrx_word' id='word_1_183' title='bbox 952 1660 1041 1715; x_wconf 85' lang='grc' dir='ltr'><strong>καὶ</strong></span> <span class='ocrx_word' id='word_1_184' title='bbox 1101 1659 1522 1735; x_wconf 72' lang='grc' dir='ltr'><strong>χρηματισθεὶς,</strong></span> <span class='ocrx_word' id='word_1_185' title='bbox 1576 1660 1668 1714; x_wconf 82' lang='grc' dir='ltr'><strong>ἅτε</strong></span> <span class='ocrx_word' id='word_1_186' title='bbox 1734 1679 1824 1713; x_wconf 87' lang='grc' dir='ltr'>κα-</span> 
     </span>
    </p>
   </div>
   <div class='ocr_carea' id='block_1_25' title="bbox 183 1749 1823 1825">
    <p class='ocr_par' dir='ltr' id='par_1_25' title="bbox 183 1749 1823 1825">
     <span class='ocr_line' id='line_1_25' title="bbox 183 1749 1823 1825; baseline -0.005 -15"><span class='ocrx_word' id='word_1_187' title='bbox 183 1759 271 1817; x_wconf 73' lang='grc' dir='ltr'><strong>κῶς</strong></span> <span class='ocrx_word' id='word_1_188' title='bbox 328 1751 689 1825; x_wconf 68' lang='grc' dir='ltr'>διακειμένην</span> <span class='ocrx_word' id='word_1_189' title='bbox 739 1754 1096 1819; x_wconf 81' lang='grc' dir='ltr'>τοτηνικαῦτα</span> <span class='ocrx_word' id='word_1_190' title='bbox 1147 1751 1215 1804; x_wconf 73' lang='grc' dir='ltr'><strong>τὰ</strong></span> <span class='ocrx_word' id='word_1_191' title='bbox 1263 1751 1415 1803; x_wconf 87' lang='grc' dir='ltr'>θεῖα·</span> <span class='ocrx_word' id='word_1_192' title='bbox 1477 1750 1564 1803; x_wconf 86' lang='grc' dir='ltr'><strong>καὶ</strong></span> <span class='ocrx_word' id='word_1_193' title='bbox 1636 1749 1823 1823; x_wconf 88' lang='grc' dir='ltr'>χειρὸς</span> 
     </span>
    </p>
   </div>
   <div class='ocr_carea' id='block_1_26' title="bbox 180 1836 1822 1919">
    <p class='ocr_par' dir='ltr' id='par_1_26' title="bbox 180 1836 1822 1919">
     <span class='ocr_line' id='line_1_26' title="bbox 180 1836 1822 1919; baseline -0.005 -19"><span class='ocrx_word' id='word_1_194' title='bbox 180 1846 232 1899; x_wconf 76' lang='grc' dir='ltr'><strong>ού</strong></span> <span class='ocrx_word' id='word_1_195' title='bbox 263 1850 465 1919; x_wconf 68' lang='grc' dir='ltr'>μικρᾶς</span> <span class='ocrx_word' id='word_1_196' title='bbox 498 1840 789 1915; x_wconf 70' lang='grc' dir='ltr'>δεομένην,</span> <span class='ocrx_word' id='word_1_197' title='bbox 826 1838 992 1911; x_wconf 73' lang='grc' dir='ltr'>μηδὲν</span> <span class='ocrx_word' id='word_1_198' title='bbox 1026 1838 1335 1912; x_wconf 79' lang='grc' dir='ltr'><strong>μελλήσας,</strong></span> <span class='ocrx_word' id='word_1_199' title='bbox 1366 1837 1482 1911; x_wconf 78' lang='grc' dir='ltr'>ὅλῳ</span> <span class='ocrx_word' id='word_1_200' title='bbox 1515 1836 1641 1894; x_wconf 83' lang='grc' dir='ltr'><strong>ποδῖ</strong></span> <span class='ocrx_word' id='word_1_201' title='bbox 1684 1839 1822 1913; x_wconf 85' lang='grc' dir='ltr'>πρὸς</span> 
     </span>
    </p>
   </div>
   <div class='ocr_carea' id='block_1_27' title="bbox 175 1928 1821 2012">
    <p class='ocr_par' dir='ltr' id='par_1_27' title="bbox 175 1928 1821 2012">
     <span class='ocr_line' id='line_1_27' title="bbox 175 1928 1821 2012; baseline -0.004 -23"><span class='ocrx_word' id='word_1_202' title='bbox 175 1937 358 2005; x_wconf 67' lang='grc' dir='ltr'>ταᾶτην</span> <span class='ocrx_word' id='word_1_203' title='bbox 422 1933 669 2012; x_wconf 76' lang='grc' dir='ltr'>ἐχώρει·</span> <span class='ocrx_word' id='word_1_204' title='bbox 731 1932 761 1985; x_wconf 75' lang='grc' dir='ltr'>ὃ</span> <span class='ocrx_word' id='word_1_205' title='bbox 819 1930 908 1985; x_wconf 69' lang='grc' dir='ltr'><strong>καὶ</strong></span> <span class='ocrx_word' id='word_1_206' title='bbox 968 1930 1093 2002; x_wconf 78' lang='grc' dir='ltr'>πρὶν</span> <span class='ocrx_word' id='word_1_207' title='bbox 1152 1928 1548 2002; x_wconf 80' lang='grc' dir='ltr'>ἐμπνευσθῆναι</span> <span class='ocrx_word' id='word_1_208' title='bbox 1606 1929 1821 1990; x_wconf 68' lang='grc' dir='ltr'>πάντως</span> 
     </span>
    </p>
   </div>
   <div class='ocr_carea' id='block_1_28' title="bbox 2010 1569 3583 1645">
    <p class='ocr_par' dir='ltr' id='par_1_28' title="bbox 2010 1569 3583 1645">
     <span class='ocr_line' id='line_1_28' title="bbox 2010 1569 3583 1645; baseline 0.005 -20"><span class='ocrx_word' id='word_1_209' title='bbox 2010 1569 2323 1625; x_wconf 83' lang='lat' dir='ltr'><strong>LXXXVII.</strong></span> <span class='ocrx_word' id='word_1_210' title='bbox 2368 1570 2573 1626; x_wconf 91' lang='lat' dir='ltr'><strong>Divino</strong></span> <span class='ocrx_word' id='word_1_211' title='bbox 2616 1571 2797 1641; x_wconf 82' lang='lat' dir='ltr'><strong>igitur</strong></span> <span class='ocrx_word' id='word_1_212' title='bbox 2824 1571 3109 1627; x_wconf 87' lang='lat' dir='ltr'><strong>instinctu</strong></span> <span class='ocrx_word' id='word_1_213' title='bbox 3145 1575 3422 1645; x_wconf 89' lang='lat' dir='ltr'><strong>monitus,</strong></span> <span class='ocrx_word' id='word_1_214' title='bbox 3456 1577 3583 1633; x_wconf 91' lang='lat' dir='ltr'><strong>urbi</strong></span> 
     </span>
    </p>
   </div>
   <div class='ocr_carea' id='block_1_29' title="bbox 1934 1660 3580 1734">
    <p class='ocr_par' dir='ltr' id='par_1_29' title="bbox 1934 1660 3580 1734">
     <span class='ocr_line' id='line_1_29' title="bbox 1934 1660 3580 1734; baseline 0.005 -19"><span class='ocrx_word' id='word_1_215' title='bbox 1934 1660 2242 1729; x_wconf 88' lang='lat' dir='ltr'><strong>imperiali,</strong></span> <span class='ocrx_word' id='word_1_216' title='bbox 2277 1676 2345 1715; x_wconf 90' lang='lat' dir='ltr'><strong>ea</strong></span> <span class='ocrx_word' id='word_1_217' title='bbox 2394 1665 2733 1732; x_wconf 86' lang='lat' dir='ltr'><strong>tempestate</strong></span> <span class='ocrx_word' id='word_1_218' title='bbox 2772 1661 2832 1718; x_wconf 90' lang='lat' dir='ltr'><strong>in</strong></span> <span class='ocrx_word' id='word_1_219' title='bbox 2864 1664 3048 1719; x_wconf 88' lang='lat' dir='ltr'><strong>sacris</strong></span> <span class='ocrx_word' id='word_1_220' title='bbox 3080 1664 3392 1734; x_wconf 85' lang='lat' dir='ltr'><strong>vacillanti,</strong></span> <span class='ocrx_word' id='word_1_221' title='bbox 3427 1667 3580 1724; x_wconf 90' lang='lat' dir='ltr'><strong>haud</strong></span> 
     </span>
    </p>
   </div>
   <div class='ocr_carea' id='block_1_30' title="bbox 1934 1751 3584 1828">
    <p class='ocr_par' dir='ltr' id='par_1_30' title="bbox 1934 1751 3584 1828">
     <span class='ocr_line' id='line_1_30' title="bbox 1934 1751 3584 1828; baseline 0.007 -24"><span class='ocrx_word' id='word_1_222' title='bbox 1934 1751 2140 1822; x_wconf 83' lang='lat' dir='ltr'><strong>exigua</strong></span> <span class='ocrx_word' id='word_1_223' title='bbox 2166 1751 2414 1821; x_wconf 90' lang='lat' dir='ltr'><strong>quadam</strong></span> <span class='ocrx_word' id='word_1_224' title='bbox 2449 1767 2599 1823; x_wconf 91' lang='lat' dir='ltr'><strong>opus</strong></span> <span class='ocrx_word' id='word_1_225' title='bbox 2630 1767 2756 1807; x_wconf 89' lang='lat' dir='ltr'><strong>esse</strong></span> <span class='ocrx_word' id='word_1_226' title='bbox 2803 1769 3003 1820; x_wconf 91' lang='lat' dir='ltr'><strong>manu,</strong></span> <span class='ocrx_word' id='word_1_227' title='bbox 3039 1752 3200 1810; x_wconf 90' lang='lat' dir='ltr'><strong>nulla</strong></span> <span class='ocrx_word' id='word_1_228' title='bbox 3238 1755 3584 1828; x_wconf 89' lang='lat' dir='ltr'><strong>interposita</strong></span> 
     </span>
    </p>
   </div>
   <div class='ocr_carea' id='block_1_31' title="bbox 1934 1841 3579 1913">
    <p class='ocr_par' dir='ltr' id='par_1_31' title="bbox 1934 1841 3579 1913">
     <span class='ocr_line' id='line_1_31' title="bbox 1934 1841 3579 1913; baseline 0.005 -18"><span class='ocrx_word' id='word_1_229' title='bbox 1934 1856 2117 1906; x_wconf 88' lang='lat' dir='ltr'><strong>mora,</strong></span> <span class='ocrx_word' id='word_1_230' title='bbox 2151 1841 2323 1912; x_wconf 91' lang='lat' dir='ltr'><strong>pleno</strong></span> <span class='ocrx_word' id='word_1_231' title='bbox 2370 1841 2581 1910; x_wconf 88' lang='lat' dir='ltr'><strong>pedum</strong></span> <span class='ocrx_word' id='word_1_232' title='bbox 2640 1843 2844 1913; x_wconf 88' lang='lat' dir='ltr'><strong>gradu,</strong></span> <span class='ocrx_word' id='word_1_233' title='bbox 2880 1842 2949 1897; x_wconf 90' lang='lat' dir='ltr'><strong>ad</strong></span> <span class='ocrx_word' id='word_1_234' title='bbox 3001 1858 3130 1900; x_wconf 89' lang='lat' dir='ltr'><strong>eam</strong></span> <span class='ocrx_word' id='word_1_235' title='bbox 3169 1847 3488 1908; x_wconf 88' lang='lat' dir='ltr'><strong>contendit,</strong></span> <span class='ocrx_word' id='word_1_236' title='bbox 3524 1849 3579 1904; x_wconf 92' lang='lat' dir='ltr'><strong>id</strong></span> 
     </span>
    </p>
   </div>
   <div class='ocr_carea' id='block_1_32' title="bbox 1933 1929 3575 2002">
    <p class='ocr_par' dir='ltr' id='par_1_32' title="bbox 1933 1929 3575 2002">
     <span class='ocr_line' id='line_1_32' title="bbox 1933 1929 3575 2002; baseline 0.005 -18"><span class='ocrx_word' id='word_1_237' title='bbox 1933 1931 2086 2001; x_wconf 87' lang='lat' dir='ltr'><strong>quod</strong></span> <span class='ocrx_word' id='word_1_238' title='bbox 2121 1934 2288 1985; x_wconf 86' lang='lat' dir='ltr'><strong>antea</strong></span> <span class='ocrx_word' id='word_1_239' title='bbox 2317 1929 2488 1985; x_wconf 85' lang='lat' dir='ltr'><strong>etiam</strong></span> <span class='ocrx_word' id='word_1_240' title='bbox 2521 1946 2698 2002; x_wconf 91' lang='lat' dir='ltr'><strong>quam</strong></span> <span class='ocrx_word' id='word_1_241' title='bbox 2731 1930 2923 1986; x_wconf 83' lang='lat' dir='ltr'><strong>divino</strong></span> <span class='ocrx_word' id='word_1_242' title='bbox 2964 1932 3199 1989; x_wconf 92' lang='lat' dir='ltr'><strong>oraculo</strong></span> <span class='ocrx_word' id='word_1_243' title='bbox 3230 1934 3575 1993; x_wconf 91' lang='lat' dir='ltr'><strong>admonere-</strong></span> 
     </span>
    </p>
   </div>
   <div class='ocr_carea' id='block_1_33' title="bbox 172 2015 1812 2099">
    <p class='ocr_par' dir='ltr' id='par_1_33' title="bbox 172 2018 1812 2099">
     <span class='ocr_line' id='line_1_33' title="bbox 172 2018 1812 2099; baseline -0.004 -20"><span class='ocrx_word' id='word_1_244' title='bbox 172 2019 377 2099; x_wconf 71' lang='grc' dir='ltr'>ἔδρασεν</span> <span class='ocrx_word' id='word_1_245' title='bbox 440 2021 502 2076; x_wconf 72' lang='grc' dir='ltr'>ἂν</span> <span class='ocrx_word' id='word_1_246' title='bbox 561 2022 666 2076; x_wconf 81' lang='grc' dir='ltr'><strong>ὑπό</strong></span> <span class='ocrx_word' id='word_1_247' title='bbox 724 2020 773 2074; x_wconf 80' lang='grc' dir='ltr'>τ’</span> <span class='ocrx_word' id='word_1_248' title='bbox 806 2018 963 2082; x_wconf 80' lang='grc' dir='ltr'>αὐτὸς</span> <span class='ocrx_word' id='word_1_249' title='bbox 1020 2020 1214 2074; x_wconf 70' lang='grc' dir='ltr'>ἑαυτοῦ</span> <span class='ocrx_word' id='word_1_250' title='bbox 1261 2019 1477 2073; x_wconf 77' lang='grc' dir='ltr'>καὶτοῦ</span> <span class='ocrx_word' id='word_1_251' title='bbox 1507 2018 1629 2093; x_wconf 75' lang='grc' dir='ltr'>περὶ</span> <span class='ocrx_word' id='word_1_252' title='bbox 1657 2022 1812 2073; x_wconf 78' lang='grc' dir='ltr'><strong>τοῦτσ</strong></span> 
     </span>
    </p>
   </div>
   <div class='ocr_carea' id='block_1_34' title="bbox 1924 2015 3577 2099">
    <p class='ocr_par' dir='ltr' id='par_1_34' title="bbox 1932 2018 3577 2090">
     <span class='ocr_line' id='line_1_34' title="bbox 1932 2018 3577 2090; baseline 0.005 -17"><span class='ocrx_word' id='word_1_253' title='bbox 1932 2023 2028 2074; x_wconf 89' lang='lat' dir='ltr'><strong>tur</strong></span> <span class='ocrx_word' id='word_1_254' title='bbox 2076 2019 2228 2074; x_wconf 88' lang='lat' dir='ltr'><strong>haud</strong></span> <span class='ocrx_word' id='word_1_255' title='bbox 2280 2018 2456 2075; x_wconf 86' lang='lat' dir='ltr'><strong>dubie</strong></span> <span class='ocrx_word' id='word_1_256' title='bbox 2504 2020 2766 2076; x_wconf 87' lang='lat' dir='ltr'><strong>facturus</strong></span> <span class='ocrx_word' id='word_1_257' title='bbox 2815 2025 2973 2090; x_wconf 89' lang='lat' dir='ltr'><strong>erat;</strong></span> <span class='ocrx_word' id='word_1_258' title='bbox 3036 2026 3093 2077; x_wconf 90' lang='lat' dir='ltr'><strong>et</strong></span> <span class='ocrx_word' id='word_1_259' title='bbox 3140 2039 3251 2079; x_wconf 90' lang='lat' dir='ltr'><strong>sua</strong></span> <span class='ocrx_word' id='word_1_260' title='bbox 3298 2025 3577 2082; x_wconf 86' lang='lat' dir='ltr'><strong>nimirum</strong></span> 
     </span>
    </p>
   </div>
   <div class='ocr_carea' id='block_1_35' title="bbox 173 2103 1820 2185">
    <p class='ocr_par' dir='ltr' id='par_1_35' title="bbox 173 2103 1820 2185">
     <span class='ocr_line' id='line_1_35' title="bbox 173 2103 1820 2185; baseline -0.005 -16"><span class='ocrx_word' id='word_1_261' title='bbox 173 2112 335 2184; x_wconf 73' lang='grc' dir='ltr'>ζήλου</span> <span class='ocrx_word' id='word_1_262' title='bbox 392 2112 486 2167; x_wconf 79' lang='grc' dir='ltr'><strong>καὶ</strong></span> <span class='ocrx_word' id='word_1_263' title='bbox 550 2111 713 2165; x_wconf 84' lang='grc' dir='ltr'>τόνου</span> <span class='ocrx_word' id='word_1_264' title='bbox 794 2108 1186 2185; x_wconf 80' lang='grc' dir='ltr'>παρακληθεὶς,</span> <span class='ocrx_word' id='word_1_265' title='bbox 1259 2103 1547 2181; x_wconf 74' lang='grc' dir='ltr'>πρεσϐείαν</span> <span class='ocrx_word' id='word_1_266' title='bbox 1616 2128 1674 2163; x_wconf 89' lang='grc' dir='ltr'><strong>τε</strong></span> <span class='ocrx_word' id='word_1_267' title='bbox 1737 2106 1820 2162; x_wconf 79' lang='grc' dir='ltr'><strong>ὅτι</strong></span> 
     </span>
    </p>
   </div>
   <div class='ocr_carea' id='block_1_36' title="bbox 171 2195 1822 2275">
    <p class='ocr_par' dir='ltr' id='par_1_36' title="bbox 171 2195 1822 2275">
     <span class='ocr_line' id='line_1_36' title="bbox 171 2195 1822 2275; baseline -0.004 -18"><span class='ocrx_word' id='word_1_268' title='bbox 171 2204 424 2271; x_wconf 69' lang='grc' dir='ltr'>πλείστην</span> <span class='ocrx_word' id='word_1_269' title='bbox 472 2201 598 2275; x_wconf 85' lang='grc' dir='ltr'>περὶ</span> <span class='ocrx_word' id='word_1_270' title='bbox 655 2200 856 2254; x_wconf 85' lang='grc' dir='ltr'>τούτου</span> <span class='ocrx_word' id='word_1_271' title='bbox 891 2195 1207 2272; x_wconf 61' lang='grc' dir='ltr'>δεδεγμένος</span> <span class='ocrx_word' id='word_1_272' title='bbox 1246 2197 1444 2253; x_wconf 76' lang='grc' dir='ltr'>ἐκεῖθεν</span> <span class='ocrx_word' id='word_1_273' title='bbox 1480 2197 1553 2259; x_wconf 88' lang='grc' dir='ltr'>ὡς</span> <span class='ocrx_word' id='word_1_274' title='bbox 1602 2196 1822 2273; x_wconf 73' lang='grc' dir='ltr'>τάχιστ’</span> 
     </span>
    </p>
   </div>
   <div class='ocr_carea' id='block_1_37' title="bbox 170 2284 1821 2366">
    <p class='ocr_par' dir='ltr' id='par_1_37' title="bbox 170 2284 1821 2366">
     <span class='ocr_line' id='line_1_37' title="bbox 170 2284 1821 2366; baseline -0.005 -18"><span class='ocrx_word' id='word_1_275' title='bbox 170 2294 347 2356; x_wconf 73' lang='grc' dir='ltr'>αὐτοῖς</span> <span class='ocrx_word' id='word_1_276' title='bbox 386 2297 641 2366; x_wconf 83' lang='grc' dir='ltr'>παρεῖναι</span> <span class='ocrx_word' id='word_1_277' title='bbox 695 2289 785 2344; x_wconf 83' lang='grc' dir='ltr'><strong>καὶ</strong></span> <span class='ocrx_word' id='word_1_278' title='bbox 839 2289 1081 2365; x_wconf 80' lang='grc' dir='ltr'>βοηθεῖν,</span> <span class='ocrx_word' id='word_1_279' title='bbox 1140 2288 1228 2343; x_wconf 83' lang='grc' dir='ltr'>καὶ</span> <span class='ocrx_word' id='word_1_280' title='bbox 1286 2290 1361 2360; x_wconf 82' lang='grc' dir='ltr'>μή</span> <span class='ocrx_word' id='word_1_281' title='bbox 1417 2284 1678 2361; x_wconf 84' lang='grc' dir='ltr'>περιιδεῖν</span> <span class='ocrx_word' id='word_1_282' title='bbox 1728 2287 1821 2340; x_wconf 89' lang='grc' dir='ltr'>τὸν</span> 
     </span>
    </p>
   </div>
   <div class='ocr_carea' id='block_1_38' title="bbox 169 2375 1820 2452">
    <p class='ocr_par' dir='ltr' id='par_1_38' title="bbox 169 2375 1820 2452">
     <span class='ocr_line' id='line_1_38' title="bbox 169 2375 1820 2452; baseline -0.005 -14"><span class='ocrx_word' id='word_1_283' title='bbox 169 2390 257 2452; x_wconf 75' lang='grc' dir='ltr'>τῆς</span> <span class='ocrx_word' id='word_1_284' title='bbox 307 2380 576 2451; x_wconf 82' lang='grc' dir='ltr'>Ξιληθείας</span> <span class='ocrx_word' id='word_1_285' title='bbox 612 2376 993 2434; x_wconf 81' lang='grc' dir='ltr'>κινδυνεύοντα</span> <span class='ocrx_word' id='word_1_286' title='bbox 1033 2376 1329 2451; x_wconf 85' lang='grc' dir='ltr'>λόγον.ού</span> <span class='ocrx_word' id='word_1_287' title='bbox 1381 2378 1488 2450; x_wconf 76' lang='grc' dir='ltr'>μὴν</span> <span class='ocrx_word' id='word_1_288' title='bbox 1534 2375 1683 2432; x_wconf 83' lang='grc' dir='ltr'>ἀλλὰ</span> <span class='ocrx_word' id='word_1_289' title='bbox 1730 2376 1820 2430; x_wconf 86' lang='grc' dir='ltr'><strong>καὶ</strong></span> 
     </span>
    </p>
   </div>
   <div class='ocr_carea' id='block_1_39' title="bbox 166 2463 1818 2545">
    <p class='ocr_par' dir='ltr' id='par_1_39' title="bbox 166 2463 1818 2545">
     <span class='ocr_line' id='line_1_39' title="bbox 166 2463 1818 2545; baseline -0.005 -18"><span class='ocrx_word' id='word_1_290' title='bbox 166 2471 273 2527; x_wconf 73' lang='grc' dir='ltr'>ὅσοι</span> <span class='ocrx_word' id='word_1_291' title='bbox 323 2476 435 2525; x_wconf 78' lang='grc' dir='ltr'>τῶν</span> <span class='ocrx_word' id='word_1_292' title='bbox 486 2469 852 2545; x_wconf 69' lang='grc' dir='ltr'>ὲταιροτάτων</span> <span class='ocrx_word' id='word_1_293' title='bbox 904 2467 1042 2535; x_wconf 85' lang='grc' dir='ltr'>ἦσαν</span> <span class='ocrx_word' id='word_1_294' title='bbox 1093 2466 1241 2538; x_wconf 82' lang='grc' dir='ltr'>αὐτῷ</span> <span class='ocrx_word' id='word_1_295' title='bbox 1270 2467 1359 2521; x_wconf 85' lang='grc' dir='ltr'><strong>καὶ</strong></span> <span class='ocrx_word' id='word_1_296' title='bbox 1393 2465 1696 2543; x_wconf 75' lang='grc' dir='ltr'>φιλτάτων,</span> <span class='ocrx_word' id='word_1_297' title='bbox 1728 2463 1818 2519; x_wconf 86' lang='grc' dir='ltr'>καὶ</span> 
     </span>
    </p>
   </div>
   <div class='ocr_carea' id='block_1_40' title="bbox 165 2555 1816 2637">
    <p class='ocr_par' dir='ltr' id='par_1_40' title="bbox 165 2555 1816 2637">
     <span class='ocr_line' id='line_1_40' title="bbox 165 2555 1816 2637; baseline -0.004 -21"><span class='ocrx_word' id='word_1_298' title='bbox 165 2561 259 2637; x_wconf 77' lang='grc' dir='ltr'><strong>πρό</strong></span> <span class='ocrx_word' id='word_1_299' title='bbox 300 2581 368 2636; x_wconf 74' lang='grc' dir='ltr'><strong>γε</strong></span> <span class='ocrx_word' id='word_1_300' title='bbox 399 2560 613 2614; x_wconf 74' lang='grc' dir='ltr'>πάντων</span> <span class='ocrx_word' id='word_1_301' title='bbox 642 2558 731 2613; x_wconf 84' lang='grc' dir='ltr'><strong>καὶ</strong></span> <span class='ocrx_word' id='word_1_302' title='bbox 767 2559 902 2631; x_wconf 83' lang='grc' dir='ltr'>μετὰ</span> <span class='ocrx_word' id='word_1_303' title='bbox 953 2556 1162 2611; x_wconf 73' lang='grc' dir='ltr'>πάντων</span> <span class='ocrx_word' id='word_1_304' title='bbox 1209 2555 1485 2617; x_wconf 85' lang='grc' dir='ltr'>Βασίλειος</span> <span class='ocrx_word' id='word_1_305' title='bbox 1518 2556 1546 2610; x_wconf 87' lang='grc' dir='ltr'><strong>ὁ</strong></span> <span class='ocrx_word' id='word_1_306' title='bbox 1578 2555 1816 2627; x_wconf 88' lang='grc' dir='ltr'>κλεινὸς,</span> 
     </span>
    </p>
   </div>
   <div class='ocr_carea' id='block_1_41' title="bbox 162 2642 1814 2725">
    <p class='ocr_par' dir='ltr' id='par_1_41' title="bbox 162 2642 1814 2725">
     <span class='ocr_line' id='line_1_41' title="bbox 162 2642 1814 2725; baseline -0.004 -21"><span class='ocrx_word' id='word_1_307' title='bbox 162 2652 289 2705; x_wconf 68' lang='grc' dir='ltr'>πάνυ</span> <span class='ocrx_word' id='word_1_308' title='bbox 323 2671 408 2703; x_wconf 87' lang='grc' dir='ltr'><strong>τοι</strong></span> <span class='ocrx_word' id='word_1_309' title='bbox 443 2644 785 2725; x_wconf 71' lang='grc' dir='ltr'>προύτρεπον</span> <span class='ocrx_word' id='word_1_310' title='bbox 816 2646 974 2701; x_wconf 79' lang='grc' dir='ltr'>αὐτὸν</span> <span class='ocrx_word' id='word_1_311' title='bbox 1011 2644 1099 2701; x_wconf 81' lang='grc' dir='ltr'>ἐπὶ</span> <span class='ocrx_word' id='word_1_312' title='bbox 1146 2650 1332 2713; x_wconf 79' lang='grc' dir='ltr'>ταῦτα,</span> <span class='ocrx_word' id='word_1_313' title='bbox 1366 2646 1455 2700; x_wconf 80' lang='grc' dir='ltr'><strong>καὶ</strong></span> <span class='ocrx_word' id='word_1_314' title='bbox 1503 2647 1593 2700; x_wconf 87' lang='grc' dir='ltr'>τὸν</span> <span class='ocrx_word' id='word_1_315' title='bbox 1646 2642 1814 2699; x_wconf 82' lang='grc' dir='ltr'>ἆθλον</span> 
     </span>
    </p>
   </div>
   <div class='ocr_carea' id='block_1_42' title="bbox 160 2732 1815 2814">
    <p class='ocr_par' dir='ltr' id='par_1_42' title="bbox 160 2732 1815 2814">
     <span class='ocr_line' id='line_1_42' title="bbox 160 2732 1815 2814; baseline -0.003 -21"><span class='ocrx_word' id='word_1_316' title='bbox 160 2739 427 2814; x_wconf 67' lang='grc' dir='ltr'>ἐπῄνουν·</span> <span class='ocrx_word' id='word_1_317' title='bbox 492 2734 788 2793; x_wconf 78' lang='grc' dir='ltr'>σπεύδοντα</span> <span class='ocrx_word' id='word_1_318' title='bbox 838 2736 928 2791; x_wconf 83' lang='grc' dir='ltr'><strong>καὶ</strong></span> <span class='ocrx_word' id='word_1_319' title='bbox 972 2734 1133 2791; x_wconf 81' lang='grc' dir='ltr'>αὐτὸν</span> <span class='ocrx_word' id='word_1_320' title='bbox 1180 2734 1317 2791; x_wconf 85' lang='grc' dir='ltr'>κατὰ</span> <span class='ocrx_word' id='word_1_321' title='bbox 1360 2735 1422 2790; x_wconf 85' lang='grc' dir='ltr'>τὸ</span> <span class='ocrx_word' id='word_1_322' title='bbox 1468 2732 1596 2797; x_wconf 86' lang='grc' dir='ltr'>ἔπος</span> <span class='ocrx_word' id='word_1_323' title='bbox 1655 2732 1815 2810; x_wconf 85' lang='grc' dir='ltr'>ὀτρύ-</span> 
     </span>
    </p>
   </div>
   <div class='ocr_carea' id='block_1_43' title="bbox 158 2824 1812 2902">
    <p class='ocr_par' dir='ltr' id='par_1_43' title="bbox 158 2824 1812 2902">
     <span class='ocr_line' id='line_1_43' title="bbox 158 2824 1812 2902; baseline -0.002 -21"><span class='ocrx_word' id='word_1_324' title='bbox 158 2850 367 2890; x_wconf 75' lang='grc' dir='ltr'>νοντες·</span> <span class='ocrx_word' id='word_1_325' title='bbox 404 2829 579 2902; x_wconf 79' lang='grc' dir='ltr'>μόνην</span> <span class='ocrx_word' id='word_1_326' title='bbox 626 2828 733 2901; x_wconf 74' lang='grc' dir='ltr'><strong>γὰρ</strong></span> <span class='ocrx_word' id='word_1_327' title='bbox 782 2827 915 2880; x_wconf 78' lang='grc' dir='ltr'>εἶναι</span> <span class='ocrx_word' id='word_1_328' title='bbox 964 2827 1062 2902; x_wconf 70' lang='grc' dir='ltr'>τήν</span> <span class='ocrx_word' id='word_1_329' title='bbox 1117 2825 1410 2900; x_wconf 77' lang='grc' dir='ltr'>παράταξιν</span> <span class='ocrx_word' id='word_1_330' title='bbox 1460 2825 1663 2894; x_wconf 88' lang='grc' dir='ltr'>ταύτην</span> <span class='ocrx_word' id='word_1_331' title='bbox 1714 2824 1812 2877; x_wconf 83' lang='grc' dir='ltr'><strong>ἆσ-</strong></span> 
     </span>
    </p>
   </div>
   <div class='ocr_carea' id='block_1_44' title="bbox 153 2900 1814 2998">
    <p class='ocr_par' dir='ltr' id='par_1_44' title="bbox 153 2900 1814 2998">
     <span class='ocr_line' id='line_1_44' title="bbox 153 2900 1814 2998; baseline -0.002 -25"><span class='ocrx_word' id='word_1_332' title='bbox 153 2918 295 2998; x_wconf 57' lang='grc' dir='ltr'><strong>φιλῆ</strong></span> <span class='ocrx_word' id='word_1_333' title='bbox 360 2919 451 2972; x_wconf 82' lang='grc' dir='ltr'><strong>καὶ</strong></span> <span class='ocrx_word' id='word_1_334' title='bbox 509 2916 779 2990; x_wconf 76' lang='grc' dir='ltr'>γενναίαν,</span> <span class='ocrx_word' id='word_1_335' title='bbox 838 2915 929 2969; x_wconf 80' lang='grc' dir='ltr'>καὶ</span> <span class='ocrx_word' id='word_1_336' title='bbox 978 2900 1095 2985; x_wconf 70' lang='grc' dir='ltr'><strong>ΘΞῷ</strong></span> <span class='ocrx_word' id='word_1_337' title='bbox 1149 2918 1247 2969; x_wconf 77' lang='grc' dir='ltr'><strong>τοῦ</strong></span> <span class='ocrx_word' id='word_1_338' title='bbox 1305 2914 1500 2976; x_wconf 87' lang='grc' dir='ltr'>παντὸς</span> <span class='ocrx_word' id='word_1_339' title='bbox 1555 2914 1814 2987; x_wconf 82' lang='grc' dir='ltr'>τιμωμέ-</span> 
     </span>
    </p>
   </div>
   <div class='ocr_carea' id='block_1_45' title="bbox 153 3000 1808 3080">
    <p class='ocr_par' dir='ltr' id='par_1_45' title="bbox 153 3000 1808 3080">
     <span class='ocr_line' id='line_1_45' title="bbox 153 3000 1808 3080; baseline -0.003 -19"><span class='ocrx_word' id='word_1_340' title='bbox 153 3031 266 3079; x_wconf 77' lang='grc' dir='ltr'>νην.</span> <span class='ocrx_word' id='word_1_341' title='bbox 302 3013 421 3063; x_wconf 81' lang='grc' dir='ltr'><strong>Τῶν</strong></span> <span class='ocrx_word' id='word_1_342' title='bbox 452 3010 582 3080; x_wconf 79' lang='grc' dir='ltr'>γοῦν</span> <span class='ocrx_word' id='word_1_343' title='bbox 614 3006 668 3060; x_wconf 75' lang='grc' dir='ltr'>ἐν</span> <span class='ocrx_word' id='word_1_344' title='bbox 698 3004 972 3076; x_wconf 83' lang='grc' dir='ltr'>Βυζαντίῳ</span> <span class='ocrx_word' id='word_1_345' title='bbox 1001 3000 1337 3072; x_wconf 78' lang='grc' dir='ltr'>κακοδόξων,</span> <span class='ocrx_word' id='word_1_346' title='bbox 1369 3007 1476 3058; x_wconf 79' lang='grc' dir='ltr'><strong>τῶν</strong></span> <span class='ocrx_word' id='word_1_347' title='bbox 1504 3024 1562 3058; x_wconf 88' lang='grc' dir='ltr'><strong>τε</strong></span> <span class='ocrx_word' id='word_1_348' title='bbox 1601 3001 1808 3072; x_wconf 80' lang='grc' dir='ltr'>ἄλλων,</span> 
     </span>
    </p>
   </div>
   <div class='ocr_carea' id='block_1_46' title="bbox 150 3089 1806 3170">
    <p class='ocr_par' dir='ltr' id='par_1_46' title="bbox 150 3089 1806 3170">
     <span class='ocr_line' id='line_1_46' title="bbox 150 3089 1806 3170; baseline -0.005 -17"><span class='ocrx_word' id='word_1_349' title='bbox 150 3100 233 3153; x_wconf 76' lang='grc' dir='ltr'><strong>καὶ</strong></span> <span class='ocrx_word' id='word_1_350' title='bbox 291 3097 519 3170; x_wconf 70' lang='grc' dir='ltr'>μάλισθ’</span> <span class='ocrx_word' id='word_1_351' title='bbox 550 3096 669 3151; x_wconf 82' lang='grc' dir='ltr'>ὅσοι</span> <span class='ocrx_word' id='word_1_352' title='bbox 716 3100 817 3163; x_wconf 78' lang='grc' dir='ltr'>τῆς</span> <span class='ocrx_word' id='word_1_353' title='bbox 870 3094 1209 3168; x_wconf 83' lang='grc' dir='ltr'>Ἀρειανικῆς</span> <span class='ocrx_word' id='word_1_354' title='bbox 1254 3091 1462 3162; x_wconf 82' lang='grc' dir='ltr'>λύσσης</span> <span class='ocrx_word' id='word_1_355' title='bbox 1512 3089 1806 3168; x_wconf 76' lang='grc' dir='ltr'>ξτύγχανον</span> 
     </span>
    </p>
   </div>
   <div class='ocr_carea' id='block_1_47' title="bbox 152 3177 1806 3259">
    <p class='ocr_par' dir='ltr' id='par_1_47' title="bbox 152 3177 1806 3259">
     <span class='ocr_line' id='line_1_47' title="bbox 152 3177 1806 3259; baseline -0.003 -18"><span class='ocrx_word' id='word_1_356' title='bbox 152 3186 299 3250; x_wconf 72' lang='grc' dir='ltr'>ὄντες</span> <span class='ocrx_word' id='word_1_357' title='bbox 346 3186 522 3242; x_wconf 76' lang='grc' dir='ltr'>πολὺν</span> <span class='ocrx_word' id='word_1_358' title='bbox 574 3183 890 3259; x_wconf 73' lang='grc' dir='ltr'>ἤόηχρόνον</span> <span class='ocrx_word' id='word_1_359' title='bbox 937 3189 1053 3246; x_wconf 88' lang='grc' dir='ltr'>τοῖς</span> <span class='ocrx_word' id='word_1_360' title='bbox 1107 3177 1374 3239; x_wconf 69' lang='grc' dir='ltr'>εὐσεϐέων</span> <span class='ocrx_word' id='word_1_361' title='bbox 1425 3182 1806 3256; x_wconf 69' lang='grc' dir='ltr'>ἐπικειμένων,</span> 
     </span>
    </p>
   </div>
   <div class='ocr_carea' id='block_1_48' title="bbox 152 3271 1802 3346">
    <p class='ocr_par' dir='ltr' id='par_1_48' title="bbox 152 3271 1802 3346">
     <span class='ocr_line' id='line_1_48' title="bbox 152 3271 1802 3346; baseline -0.002 -15"><span class='ocrx_word' id='word_1_362' title='bbox 152 3278 236 3331; x_wconf 70' lang='grc' dir='ltr'>καὶ</span> <span class='ocrx_word' id='word_1_363' title='bbox 269 3282 437 3332; x_wconf 79' lang='grc' dir='ltr'>πᾶσιν</span> <span class='ocrx_word' id='word_1_364' title='bbox 466 3279 550 3340; x_wconf 75' lang='grc' dir='ltr'>οἷς</span> <span class='ocrx_word' id='word_1_365' title='bbox 586 3271 757 3346; x_wconf 82' lang='grc' dir='ltr'>ἔξεστι</span> <span class='ocrx_word' id='word_1_366' title='bbox 803 3273 998 3329; x_wconf 88' lang='grc' dir='ltr'>τούτου</span> <span class='ocrx_word' id='word_1_367' title='bbox 1047 3272 1388 3345; x_wconf 75' lang='grc' dir='ltr'>λυπούντων,</span> <span class='ocrx_word' id='word_1_368' title='bbox 1420 3273 1508 3327; x_wconf 78' lang='grc' dir='ltr'><strong>καὶ</strong></span> <span class='ocrx_word' id='word_1_369' title='bbox 1566 3276 1653 3327; x_wconf 78' lang='grc' dir='ltr'>νῦν</span> <span class='ocrx_word' id='word_1_370' title='bbox 1708 3273 1802 3346; x_wconf 74' lang='grc' dir='ltr'>μὲν</span> 
     </span>
    </p>
   </div>
   <div class='ocr_carea' id='block_1_49' title="bbox 154 3359 1874 3450">
    <p class='ocr_par' dir='ltr' id='par_1_49' title="bbox 154 3359 1874 3450">
     <span class='ocr_line' id='line_1_49' title="bbox 154 3359 1874 3450; baseline -0.002 -31"><span class='ocrx_word' id='word_1_371' title='bbox 154 3361 336 3440; x_wconf 67' lang='grc' dir='ltr'>ῧὸρεις</span> <span class='ocrx_word' id='word_1_372' title='bbox 367 3365 457 3420; x_wconf 79' lang='grc' dir='ltr'><strong>καὶ</strong></span> <span class='ocrx_word' id='word_1_373' title='bbox 490 3364 710 3440; x_wconf 76' lang='grc' dir='ltr'>πληγὰς</span> <span class='ocrx_word' id='word_1_374' title='bbox 742 3365 1050 3441; x_wconf 71' lang='grc' dir='ltr'>ἀφορήτους</span> <span class='ocrx_word' id='word_1_375' title='bbox 1081 3363 1169 3417; x_wconf 88' lang='grc' dir='ltr'><strong>καὶ</strong></span> <span class='ocrx_word' id='word_1_376' title='bbox 1212 3360 1482 3437; x_wconf 82' lang='grc' dir='ltr'>δημοσίας</span> <span class='ocrx_word' id='word_1_377' title='bbox 1533 3359 1600 3432; x_wconf 77' lang='grc' dir='ltr'><strong>δτς</strong></span> <span class='ocrx_word' id='word_1_378' title='bbox 1651 3384 1800 3426; x_wconf 88' lang='grc' dir='ltr'>τινας</span> <span class='ocrx_word' id='word_1_379' title='bbox 1831 3382 1874 3450; x_wconf 77' lang='lat' dir='ltr'><strong><em>C</em></strong></span> 
     </span>
    </p>
   </div>
   <div class='ocr_carea' id='block_1_50' title="bbox 154 3449 1799 3531">
    <p class='ocr_par' dir='ltr' id='par_1_50' title="bbox 154 3449 1799 3531">
     <span class='ocr_line' id='line_1_50' title="bbox 154 3449 1799 3531; baseline -0.001 -23"><span class='ocrx_word' id='word_1_380' title='bbox 154 3455 526 3531; x_wconf 75' lang='grc' dir='ltr'>περιαγωγὰς,</span> <span class='ocrx_word' id='word_1_381' title='bbox 559 3452 703 3508; x_wconf 76' lang='grc' dir='ltr'>πολὺ</span> <span class='ocrx_word' id='word_1_382' title='bbox 735 3450 916 3523; x_wconf 76' lang='grc' dir='ltr'>δήπου</span> <span class='ocrx_word' id='word_1_383' title='bbox 943 3453 1007 3507; x_wconf 78' lang='grc' dir='ltr'>τὸ</span> <span class='ocrx_word' id='word_1_384' title='bbox 1036 3450 1230 3525; x_wconf 75' lang='grc' dir='ltr'>ἄτιμον</span> <span class='ocrx_word' id='word_1_385' title='bbox 1264 3453 1353 3507; x_wconf 79' lang='grc' dir='ltr'><strong>καὶ</strong></span> <span class='ocrx_word' id='word_1_386' title='bbox 1384 3450 1589 3530; x_wconf 79' lang='grc' dir='ltr'>φαῦλον</span> <span class='ocrx_word' id='word_1_387' title='bbox 1640 3449 1799 3527; x_wconf 84' lang='grc' dir='ltr'>ἐχού-</span> 
     </span>
    </p>
   </div>
   <div class='ocr_carea' id='block_1_51' title="bbox 155 3539 1803 3621">
    <p class='ocr_par' dir='ltr' id='par_1_51' title="bbox 155 3539 1803 3621">
     <span class='ocr_line' id='line_1_51' title="bbox 155 3539 1803 3621; baseline -0.001 -22"><span class='ocrx_word' id='word_1_388' title='bbox 155 3567 269 3617; x_wconf 79' lang='grc' dir='ltr'>σας,</span> <span class='ocrx_word' id='word_1_389' title='bbox 299 3545 393 3599; x_wconf 78' lang='grc' dir='ltr'><strong>καὶ</strong></span> <span class='ocrx_word' id='word_1_390' title='bbox 445 3542 641 3598; x_wconf 74' lang='grc' dir='ltr'>οὐσιῶν</span> <span class='ocrx_word' id='word_1_391' title='bbox 690 3540 1034 3621; x_wconf 65' lang='grc' dir='ltr'>ἄφαιρὲσειςυ</span> <span class='ocrx_word' id='word_1_392' title='bbox 1087 3545 1178 3595; x_wconf 79' lang='grc' dir='ltr'><strong>νῦν</strong></span> <span class='ocrx_word' id='word_1_393' title='bbox 1232 3539 1289 3595; x_wconf 74' lang='grc' dir='ltr'><strong>δὲ</strong></span> <span class='ocrx_word' id='word_1_394' title='bbox 1336 3541 1652 3616; x_wconf 82' lang='grc' dir='ltr'>καθείρξεις,</span> <span class='ocrx_word' id='word_1_395' title='bbox 1685 3542 1803 3613; x_wconf 82' lang='grc' dir='ltr'><strong>ἐξο-</strong></span> 
     </span>
    </p>
   </div>
   <div class='ocr_carea' id='block_1_52' title="bbox 154 3630 1801 3709">
    <p class='ocr_par' dir='ltr' id='par_1_52' title="bbox 154 3630 1801 3709">
     <span class='ocr_line' id='line_1_52' title="bbox 154 3630 1801 3709; baseline -0.002 -20"><span class='ocrx_word' id='word_1_396' title='bbox 154 3636 293 3704; x_wconf 75' lang='grc' dir='ltr'>ρίας,</span> <span class='ocrx_word' id='word_1_397' title='bbox 324 3635 692 3709; x_wconf 70' lang='grc' dir='ltr'>ἐμπρησμοὺς</span> <span class='ocrx_word' id='word_1_398' title='bbox 718 3630 1039 3691; x_wconf 83' lang='grc' dir='ltr'>θαλαττίους</span> <span class='ocrx_word' id='word_1_399' title='bbox 1069 3630 1446 3703; x_wconf 81' lang='grc' dir='ltr'>(5),θανάτους</span> <span class='ocrx_word' id='word_1_400' title='bbox 1476 3630 1566 3685; x_wconf 79' lang='grc' dir='ltr'><strong>καὶ</strong></span> <span class='ocrx_word' id='word_1_401' title='bbox 1598 3631 1801 3708; x_wconf 71' lang='grc' dir='ltr'>σφαγὰς</span> 
     </span>
    </p>
   </div>
   <div class='ocr_carea' id='block_1_53' title="bbox 152 3716 1800 3797">
    <p class='ocr_par' dir='ltr' id='par_1_53' title="bbox 152 3716 1800 3797">
     <span class='ocr_line' id='line_1_53' title="bbox 152 3716 1800 3797; baseline -0.002 -20"><span class='ocrx_word' id='word_1_402' title='bbox 152 3724 462 3797; x_wconf 75' lang='grc' dir='ltr'>ἀθεμίτους,</span> <span class='ocrx_word' id='word_1_403' title='bbox 496 3723 590 3784; x_wconf 72' lang='grc' dir='ltr'><strong>τὰς</strong></span> <span class='ocrx_word' id='word_1_404' title='bbox 641 3722 757 3793; x_wconf 70' lang='grc' dir='ltr'>μὲν,</span> <span class='ocrx_word' id='word_1_405' title='bbox 790 3717 859 3775; x_wconf 79' lang='grc' dir='ltr'><strong>δι’</strong></span> <span class='ocrx_word' id='word_1_406' title='bbox 906 3717 1165 3792; x_wconf 76' lang='grc' dir='ltr'>α’ίματος,</span> <span class='ocrx_word' id='word_1_407' title='bbox 1195 3719 1288 3780; x_wconf 82' lang='grc' dir='ltr'><strong>τὰς</strong></span> <span class='ocrx_word' id='word_1_408' title='bbox 1328 3716 1404 3787; x_wconf 76' lang='grc' dir='ltr'>δὲ,</span> <span class='ocrx_word' id='word_1_409' title='bbox 1439 3716 1506 3773; x_wconf 80' lang='grc' dir='ltr'><strong>δι’</strong></span> <span class='ocrx_word' id='word_1_410' title='bbox 1534 3719 1800 3795; x_wconf 77' lang='grc' dir='ltr'>ἀγχόνης,</span> 
     </span>
    </p>
   </div>
   <div class='ocr_carea' id='block_1_54' title="bbox 152 3804 1802 3884">
    <p class='ocr_par' dir='ltr' id='par_1_54' title="bbox 152 3804 1802 3884">
     <span class='ocr_line' id='line_1_54' title="bbox 152 3804 1802 3884; baseline -0.004 -17"><span class='ocrx_word' id='word_1_411' title='bbox 152 3812 330 3867; x_wconf 73' lang='grc' dir='ltr'>τᾶλλα</span> <span class='ocrx_word' id='word_1_412' title='bbox 378 3814 409 3867; x_wconf 72' lang='grc' dir='ltr'>ἃ</span> <span class='ocrx_word' id='word_1_413' title='bbox 462 3809 591 3884; x_wconf 73' lang='grc' dir='ltr'>μηδ’</span> <span class='ocrx_word' id='word_1_414' title='bbox 626 3808 685 3865; x_wconf 77' lang='grc' dir='ltr'><strong>ἃν</strong></span> <span class='ocrx_word' id='word_1_415' title='bbox 736 3811 810 3871; x_wconf 80' lang='grc' dir='ltr'>εἷς</span> <span class='ocrx_word' id='word_1_416' title='bbox 859 3804 1089 3863; x_wconf 76' lang='grc' dir='ltr'>εὖσεϐὣν</span> <span class='ocrx_word' id='word_1_417' title='bbox 1128 3811 1202 3881; x_wconf 82' lang='grc' dir='ltr'>μὴ</span> <span class='ocrx_word' id='word_1_418' title='bbox 1240 3806 1320 3863; x_wconf 75' lang='grc' dir='ltr'><strong>ὅτι</strong></span> <span class='ocrx_word' id='word_1_419' title='bbox 1360 3810 1669 3879; x_wconf 79' lang='grc' dir='ltr'>μεμνῆσθαι</span> <span class='ocrx_word' id='word_1_420' title='bbox 1712 3807 1802 3862; x_wconf 78' lang='grc' dir='ltr'><strong>καὶ</strong></span> 
     </span>
    </p>
   </div>
   <div class='ocr_carea' id='block_1_55' title="bbox 154 3896 1801 3977">
    <p class='ocr_par' dir='ltr' id='par_1_55' title="bbox 154 3896 1801 3977">
     <span class='ocr_line' id='line_1_55' title="bbox 154 3896 1801 3977; baseline -0.002 -22"><span class='ocrx_word' id='word_1_421' title='bbox 154 3901 357 3977; x_wconf 78' lang='grc' dir='ltr'>λέγειν,</span> <span class='ocrx_word' id='word_1_422' title='bbox 387 3901 515 3957; x_wconf 81' lang='grc' dir='ltr'>ἀλλ’</span> <span class='ocrx_word' id='word_1_423' title='bbox 565 3896 693 3954; x_wconf 75' lang='grc' dir='ltr'>οὐδὲ</span> <span class='ocrx_word' id='word_1_424' title='bbox 747 3897 958 3953; x_wconf 76' lang='grc' dir='ltr'>ἀκούειν</span> <span class='ocrx_word' id='word_1_425' title='bbox 1013 3896 1158 3961; x_wconf 81' lang='grc' dir='ltr'>ὅλως</span> <span class='ocrx_word' id='word_1_426' title='bbox 1214 3896 1529 3973; x_wconf 73' lang='grc' dir='ltr'>ἂνάσχοιτο,</span> <span class='ocrx_word' id='word_1_427' title='bbox 1588 3897 1801 3959; x_wconf 87' lang='grc' dir='ltr'>τούτοις</span> 
     </span>
    </p>
   </div>
   <div class='ocr_carea' id='block_1_56' title="bbox 156 3986 1802 4063">
    <p class='ocr_par' dir='ltr' id='par_1_56' title="bbox 156 3986 1802 4063">
     <span class='ocr_line' id='line_1_56' title="bbox 156 3986 1802 4063; baseline -0.003 -17"><span class='ocrx_word' id='word_1_428' title='bbox 156 3990 395 4061; x_wconf 69' lang='grc' dir='ltr'>ἑνηλεῶς</span> <span class='ocrx_word' id='word_1_429' title='bbox 443 3989 751 4063; x_wconf 80' lang='grc' dir='ltr'>ἐπαγόντων</span> <span class='ocrx_word' id='word_1_430' title='bbox 802 4008 859 4041; x_wconf 88' lang='grc' dir='ltr'><strong>τε</strong></span> <span class='ocrx_word' id='word_1_431' title='bbox 909 3987 998 4042; x_wconf 80' lang='grc' dir='ltr'><strong>καὶ</strong></span> <span class='ocrx_word' id='word_1_432' title='bbox 1038 3987 1373 4057; x_wconf 85' lang='grc' dir='ltr'>κακούντων,</span> <span class='ocrx_word' id='word_1_433' title='bbox 1404 3987 1493 4041; x_wconf 86' lang='grc' dir='ltr'><strong>καὶ</strong></span> <span class='ocrx_word' id='word_1_434' title='bbox 1524 3986 1576 4041; x_wconf 89' lang='grc' dir='ltr'><strong>τί</strong></span> <span class='ocrx_word' id='word_1_435' title='bbox 1606 3987 1706 4063; x_wconf 78' lang='grc' dir='ltr'>γὰρ</span> <span class='ocrx_word' id='word_1_436' title='bbox 1741 3986 1802 4041; x_wconf 78' lang='grc' dir='ltr'>οὐ</span> 
     </span>
    </p>
   </div>
   <div class='ocr_carea' id='block_1_57' title="bbox 155 4075 1803 4157">
    <p class='ocr_par' dir='ltr' id='par_1_57' title="bbox 155 4075 1803 4157">
     <span class='ocr_line' id='line_1_57' title="bbox 155 4075 1803 4157; baseline -0.002 -23"><span class='ocrx_word' id='word_1_437' title='bbox 155 4080 476 4147; x_wconf 78' lang='grc' dir='ltr'>ποιούντων,</span> <span class='ocrx_word' id='word_1_438' title='bbox 527 4078 644 4157; x_wconf 52' lang='lat' dir='ltr'><strong>acip</strong></span> <span class='ocrx_word' id='word_1_439' title='bbox 689 4078 919 4140; x_wconf 86' lang='grc' dir='ltr'>τούτους</span> <span class='ocrx_word' id='word_1_440' title='bbox 957 4076 992 4146; x_wconf 70' lang='grc' dir='ltr'>ἢ</span> <span class='ocrx_word' id='word_1_441' title='bbox 1042 4075 1284 4145; x_wconf 79' lang='grc' dir='ltr'>καθάπαξ</span> <span class='ocrx_word' id='word_1_442' title='bbox 1326 4075 1596 4151; x_wconf 81' lang='grc' dir='ltr'>ἐκτρίψαι,</span> <span class='ocrx_word' id='word_1_443' title='bbox 1643 4077 1678 4146; x_wconf 73' lang='grc' dir='ltr'>ἢ</span> <span class='ocrx_word' id='word_1_444' title='bbox 1734 4082 1803 4150; x_wconf 79' lang='grc' dir='ltr'><strong>τῇ</strong></span> 
     </span>
    </p>
   </div>
   <div class='ocr_carea' id='block_1_58' title="bbox 154 4164 1807 4239">
    <p class='ocr_par' dir='ltr' id='par_1_58' title="bbox 154 4164 1807 4239">
     <span class='ocr_line' id='line_1_58' title="bbox 154 4164 1807 4239; baseline -0.002 -16"><span class='ocrx_word' id='word_1_445' title='bbox 154 4172 358 4224; x_wconf 80' lang='grc' dir='ltr'>τούτων</span> <span class='ocrx_word' id='word_1_446' title='bbox 436 4164 723 4239; x_wconf 70' lang='grc' dir='ltr'>δυσσεϐείᾳ</span> <span class='ocrx_word' id='word_1_447' title='bbox 795 4172 976 4220; x_wconf 74' lang='grc' dir='ltr'>πεῖσαι</span> <span class='ocrx_word' id='word_1_448' title='bbox 1052 4165 1355 4234; x_wconf 71' lang='grc' dir='ltr'>συνθέσθαι,</span> <span class='ocrx_word' id='word_1_449' title='bbox 1418 4169 1516 4219; x_wconf 74' lang='grc' dir='ltr'><strong>τοῦ</strong></span> <span class='ocrx_word' id='word_1_450' title='bbox 1594 4166 1807 4220; x_wconf 74' lang='grc' dir='ltr'>πάντων</span> 
     </span>
    </p>
   </div>
   <div class='ocr_carea' id='block_1_59' title="bbox 156 4250 1807 4331">
    <p class='ocr_par' dir='ltr' id='par_1_59' title="bbox 156 4250 1807 4331">
     <span class='ocr_line' id='line_1_59' title="bbox 156 4250 1807 4331; baseline -0.002 -20"><span class='ocrx_word' id='word_1_451' title='bbox 156 4258 508 4328; x_wconf 72' lang='grc' dir='ltr'>ἆνομωτάτου</span> <span class='ocrx_word' id='word_1_452' title='bbox 589 4256 860 4330; x_wconf 66' lang='grc' dir='ltr'>βασιλεως</span> <span class='ocrx_word' id='word_1_453' title='bbox 940 4252 1248 4316; x_wconf 75' lang='grc' dir='ltr'>Οὐάλεντος</span> <span class='ocrx_word' id='word_1_454' title='bbox 1324 4250 1570 4316; x_wconf 82' lang='grc' dir='ltr'>διδόντος</span> <span class='ocrx_word' id='word_1_455' title='bbox 1657 4256 1807 4331; x_wconf 77' lang='grc' dir='ltr'>σφίσι</span> 
     </span>
    </p>
   </div>
   <div class='ocr_carea' id='block_1_60' title="bbox 154 4342 1804 4420">
    <p class='ocr_par' dir='ltr' id='par_1_60' title="bbox 154 4342 1804 4420">
     <span class='ocr_line' id='line_1_60' title="bbox 154 4342 1804 4420; baseline -0.002 -18"><span class='ocrx_word' id='word_1_456' title='bbox 154 4345 510 4418; x_wconf 75' lang='grc' dir='ltr'>τοῦνόόσιμον</span> <span class='ocrx_word' id='word_1_457' title='bbox 554 4346 643 4400; x_wconf 85' lang='grc' dir='ltr'>καὶ</span> <span class='ocrx_word' id='word_1_458' title='bbox 691 4343 761 4399; x_wconf 74' lang='grc' dir='ltr'><strong>τὰ</strong></span> <span class='ocrx_word' id='word_1_459' title='bbox 805 4342 1017 4420; x_wconf 80' lang='grc' dir='ltr'>μεγάλα</span> <span class='ocrx_word' id='word_1_460' title='bbox 1074 4345 1469 4418; x_wconf 68' lang='grc' dir='ltr'>συναιρομένου</span> <span class='ocrx_word' id='word_1_461' title='bbox 1496 4361 1508 4373; x_wconf 89' lang='grc'><strong>·</strong></span> <span class='ocrx_word' id='word_1_462' title='bbox 1576 4344 1804 4407; x_wconf 88' lang='grc' dir='ltr'>τούτους</span> 
     </span>
    </p>
   </div>
   <div class='ocr_carea' id='block_1_61' title="bbox 151 4433 1800 4510">
    <p class='ocr_par' dir='ltr' id='par_1_61' title="bbox 151 4433 1800 4510">
     <span class='ocr_line' id='line_1_61' title="bbox 151 4433 1800 4510; baseline -0.003 -17"><span class='ocrx_word' id='word_1_463' title='bbox 151 4438 332 4493; x_wconf 78' lang='grc' dir='ltr'>τοίνυν</span> <span class='ocrx_word' id='word_1_464' title='bbox 374 4437 545 4507; x_wconf 81' lang='grc' dir='ltr'>εὑρὼν</span> <span class='ocrx_word' id='word_1_465' title='bbox 601 4434 816 4510; x_wconf 79' lang='grc' dir='ltr'>άσχέτῳ</span> <span class='ocrx_word' id='word_1_466' title='bbox 860 4435 1005 4509; x_wconf 86' lang='grc' dir='ltr'>ρύμη</span> <span class='ocrx_word' id='word_1_467' title='bbox 1058 4435 1173 4489; x_wconf 82' lang='grc' dir='ltr'>κατ’</span> <span class='ocrx_word' id='word_1_468' title='bbox 1208 4433 1385 4488; x_wconf 79' lang='grc' dir='ltr'>αὐτῶν</span> <span class='ocrx_word' id='word_1_469' title='bbox 1420 4435 1800 4509; x_wconf 68' lang='grc' dir='ltr'>κεχρημένους</span> 
     </span>
    </p>
   </div>
   <div class='ocr_carea' id='block_1_62' title="bbox 152 4523 1809 4598">
    <p class='ocr_par' dir='ltr' id='par_1_62' title="bbox 152 4523 1809 4598">
     <span class='ocr_line' id='line_1_62' title="bbox 152 4523 1809 4598; baseline -0.001 -17"><span class='ocrx_word' id='word_1_470' title='bbox 152 4528 249 4581; x_wconf 71' lang='grc' dir='ltr'>καὶ</span> <span class='ocrx_word' id='word_1_471' title='bbox 305 4528 439 4583; x_wconf 74' lang='grc' dir='ltr'>πάνυ</span> <span class='ocrx_word' id='word_1_472' title='bbox 488 4547 576 4581; x_wconf 84' lang='grc' dir='ltr'><strong>τοι</strong></span> <span class='ocrx_word' id='word_1_473' title='bbox 642 4526 864 4598; x_wconf 83' lang='grc' dir='ltr'>μανικὸν</span> <span class='ocrx_word' id='word_1_474' title='bbox 936 4523 1209 4586; x_wconf 76' lang='grc' dir='ltr'>πνέοντας,</span> <span class='ocrx_word' id='word_1_475' title='bbox 1264 4524 1355 4579; x_wconf 84' lang='grc' dir='ltr'>καὶ</span> <span class='ocrx_word' id='word_1_476' title='bbox 1417 4529 1506 4578; x_wconf 79' lang='grc' dir='ltr'><strong>νῦν</strong></span> <span class='ocrx_word' id='word_1_477' title='bbox 1578 4526 1697 4596; x_wconf 75' lang='grc' dir='ltr'>μὲν,</span> <span class='ocrx_word' id='word_1_478' title='bbox 1743 4525 1809 4580; x_wconf 77' lang='grc' dir='ltr'><strong>τὰ</strong></span> 
     </span>
    </p>
   </div>
   <div class='ocr_carea' id='block_1_63' title="bbox 152 4610 1807 4695">
    <p class='ocr_par' dir='ltr' id='par_1_63' title="bbox 152 4610 1807 4695">
     <span class='ocr_line' id='line_1_63' title="bbox 152 4610 1807 4695; baseline -0.002 -23"><span class='ocrx_word' id='word_1_479' title='bbox 152 4616 359 4695; x_wconf 74' lang='grc' dir='ltr'>ἔσχατα</span> <span class='ocrx_word' id='word_1_480' title='bbox 410 4616 807 4678; x_wconf 76' lang='grc' dir='ltr'>ἀπειλοῦντας·</span> <span class='ocrx_word' id='word_1_481' title='bbox 849 4617 939 4669; x_wconf 83' lang='grc' dir='ltr'>νῦν</span> <span class='ocrx_word' id='word_1_482' title='bbox 984 4610 1042 4669; x_wconf 75' lang='grc' dir='ltr'><strong>δὲ</strong></span> <span class='ocrx_word' id='word_1_483' title='bbox 1088 4613 1183 4677; x_wconf 73' lang='grc' dir='ltr'><strong>τὰς</strong></span> <span class='ocrx_word' id='word_1_484' title='bbox 1232 4613 1464 4676; x_wconf 75' lang='grc' dir='ltr'>ἀπειλὰς</span> <span class='ocrx_word' id='word_1_485' title='bbox 1513 4614 1807 4688; x_wconf 87' lang='grc' dir='ltr'>παριόντας</span> 
     </span>
    </p>
   </div>
   <div class='ocr_carea' id='block_1_64' title="bbox 152 4700 1809 4780">
    <p class='ocr_par' dir='ltr' id='par_1_64' title="bbox 152 4700 1809 4780">
     <span class='ocr_line' id='line_1_64' title="bbox 152 4700 1809 4780; baseline -0.002 -19"><span class='ocrx_word' id='word_1_486' title='bbox 152 4713 278 4766; x_wconf 80' lang='grc' dir='ltr'>τοῖς</span> <span class='ocrx_word' id='word_1_487' title='bbox 321 4705 532 4780; x_wconf 76' lang='grc' dir='ltr'>ἔργοις’</span> <span class='ocrx_word' id='word_1_488' title='bbox 591 4704 683 4759; x_wconf 81' lang='grc' dir='ltr'>καὶ</span> <span class='ocrx_word' id='word_1_489' title='bbox 727 4704 897 4772; x_wconf 78' lang='grc' dir='ltr'>ὅλως,</span> <span class='ocrx_word' id='word_1_490' title='bbox 950 4701 1144 4776; x_wconf 82' lang='grc' dir='ltr'>μηδενὶ</span> <span class='ocrx_word' id='word_1_491' title='bbox 1198 4707 1304 4758; x_wconf 82' lang='grc' dir='ltr'><strong>τῶν</strong></span> <span class='ocrx_word' id='word_1_492' title='bbox 1356 4703 1607 4758; x_wconf 81' lang='grc' dir='ltr'>ἁπάντων</span> <span class='ocrx_word' id='word_1_493' title='bbox 1656 4700 1809 4767; x_wconf 75' lang='grc' dir='ltr'>ὄντας</span> 
     </span>
    </p>
   </div>
   <div class='ocr_carea' id='block_1_65' title="bbox 152 4793 1803 4873">
    <p class='ocr_par' dir='ltr' id='par_1_65' title="bbox 152 4793 1803 4873">
     <span class='ocr_line' id='line_1_65' title="bbox 152 4793 1803 4873; baseline 0.001 -25"><span class='ocrx_word' id='word_1_494' title='bbox 152 4794 440 4867; x_wconf 67' lang='grc' dir='ltr'>ἱπτμηόενὶ</span> <span class='ocrx_word' id='word_1_495' title='bbox 523 4794 819 4873; x_wconf 76' lang='grc' dir='ltr'>φοτητους,</span> <span class='ocrx_word' id='word_1_496' title='bbox 897 4793 1094 4866; x_wconf 83' lang='grc' dir='ltr'>ῥάσους</span> <span class='ocrx_word' id='word_1_497' title='bbox 1168 4793 1473 4868; x_wconf 73' lang='grc' dir='ltr'>περιουσίᾳ,</span> <span class='ocrx_word' id='word_1_498' title='bbox 1561 4794 1651 4848; x_wconf 84' lang='grc' dir='ltr'><strong>καὶ</strong></span> <span class='ocrx_word' id='word_1_499' title='bbox 1722 4799 1803 4867; x_wconf 81' lang='grc' dir='ltr'><strong>τῷ</strong></span> 
     </span>
    </p>
   </div>
   <div class='ocr_carea' id='block_1_66' title="bbox 154 4881 1801 4959">
    <p class='ocr_par' dir='ltr' id='par_1_66' title="bbox 154 4881 1801 4959">
     <span class='ocr_line' id='line_1_66' title="bbox 154 4881 1801 4959; baseline 0 -22"><span class='ocrx_word' id='word_1_500' title='bbox 154 4882 420 4959; x_wconf 73' lang='grc' dir='ltr'>σροείλου</span> <span class='ocrx_word' id='word_1_501' title='bbox 449 4883 603 4955; x_wconf 81' lang='grc' dir='ltr'>δίκην</span> <span class='ocrx_word' id='word_1_502' title='bbox 636 4883 792 4938; x_wconf 75' lang='grc' dir='ltr'>πάντ’</span> <span class='ocrx_word' id='word_1_503' title='bbox 822 4881 929 4937; x_wconf 79' lang='grc' dir='ltr'>ἄνω</span> <span class='ocrx_word' id='word_1_504' title='bbox 959 4882 1049 4937; x_wconf 85' lang='grc' dir='ltr'><strong>καὶ</strong></span> <span class='ocrx_word' id='word_1_505' title='bbox 1095 4883 1243 4937; x_wconf 74' lang='grc' dir='ltr'>κάτω</span> <span class='ocrx_word' id='word_1_506' title='bbox 1292 4887 1482 4953; x_wconf 85' lang='grc' dir='ltr'>κυκᾷν,</span> <span class='ocrx_word' id='word_1_507' title='bbox 1515 4883 1606 4937; x_wconf 79' lang='grc' dir='ltr'><strong>καὶ</strong></span> <span class='ocrx_word' id='word_1_508' title='bbox 1653 4883 1801 4959; x_wconf 83' lang='grc' dir='ltr'>ἀγω-</span> 
     </span>
    </p>
   </div>
   <div class='ocr_carea' id='block_1_67' title="bbox 154 4970 1801 5055">
    <p class='ocr_par' dir='ltr' id='par_1_67' title="bbox 154 4970 1801 5055">
     <span class='ocr_line' id='line_1_67' title="bbox 154 4970 1801 5055; baseline 0.001 -30"><span class='ocrx_word' id='word_1_509' title='bbox 154 4974 281 5027; x_wconf 62' lang='grc' dir='ltr'>νίς-δ</span> <span class='ocrx_word' id='word_1_510' title='bbox 324 4974 403 5028; x_wconf 81' lang='grc' dir='ltr'><strong>καὶ</strong></span> <span class='ocrx_word' id='word_1_511' title='bbox 454 4970 621 5055; x_wconf 65' lang='grc' dir='ltr'>φόϐον</span> <span class='ocrx_word' id='word_1_512' title='bbox 672 4977 791 5033; x_wconf 85' lang='grc' dir='ltr'>ταῖς</span> <span class='ocrx_word' id='word_1_513' title='bbox 840 4972 1088 5027; x_wconf 80' lang='grc' dir='ltr'>ἁπάντων</span> <span class='ocrx_word' id='word_1_514' title='bbox 1138 4971 1331 5026; x_wconf 83' lang='grc' dir='ltr'>ἐνιέναι</span> <span class='ocrx_word' id='word_1_515' title='bbox 1364 4976 1595 5047; x_wconf 79' lang='grc' dir='ltr'>ψυχαῖς,</span> <span class='ocrx_word' id='word_1_516' title='bbox 1627 4971 1801 5035; x_wconf 72' lang='grc' dir='ltr'>οὕτως</span> 
     </span>
    </p>
   </div>
   <div class='ocr_carea' id='block_1_68' title="bbox 241 5107 720 5175">
    <p class='ocr_par' dir='ltr' id='par_1_68' title="bbox 241 5107 720 5175">
     <span class='ocr_line' id='line_1_68' title="bbox 241 5107 720 5175; baseline -0.008 -11"><span class='ocrx_word' id='word_1_517' title='bbox 241 5108 295 5142; x_wconf 88' lang='grc'>³³</span> <span class='ocrx_word' id='word_1_518' title='bbox 322 5108 508 5165; x_wconf 78' lang='lat' dir='ltr'><strong>Matth.</strong></span> <span class='ocrx_word' id='word_1_519' title='bbox 542 5125 596 5175; x_wconf 83' lang='grc' dir='ltr'><strong>ν,</strong></span> <span class='ocrx_word' id='word_1_520' title='bbox 633 5107 720 5161; x_wconf 86' lang='grc'><strong>15.</strong></span> 
     </span>
    </p>
   </div>
   <div class='ocr_carea' id='block_1_69' title="bbox 243 5225 1808 5304">
    <p class='ocr_par' dir='ltr' id='par_1_69' title="bbox 243 5225 1808 5304">
     <span class='ocr_line' id='line_1_69' title="bbox 243 5225 1808 5304; baseline -0.001 -19"><span class='ocrx_word' id='word_1_521' title='bbox 243 5226 800 5304; x_wconf 58' lang='grc' dir='ltr'>(δίέμπρησμοὺς</span> <span class='ocrx_word' id='word_1_522' title='bbox 827 5225 1611 5304; x_wconf 67' lang='grc' dir='ltr'>θαλαττίους.βῐδθεοι’ἰυω</span> <span class='ocrx_word' id='word_1_523' title='bbox 1635 5246 1808 5304; x_wconf 84' lang='lat' dir='ltr'><strong>suum</strong></span> 
     </span>
    </p>
   </div>
   <div class='ocr_carea' id='block_1_70' title="bbox 160 5299 1808 5371">
    <p class='ocr_par' dir='ltr' id='par_1_70' title="bbox 160 5299 1808 5371">
     <span class='ocr_line' id='line_1_70' title="bbox 160 5299 1808 5371; baseline -0.003 -13"><span class='ocrx_word' id='word_1_524' title='bbox 160 5299 459 5371; x_wconf 68' lang='grc' dir='ltr'>τιθεῖσι-,ιιι</span> <span class='ocrx_word' id='word_1_525' title='bbox 501 5299 680 5366; x_wconf 70' lang='grc' dir='ltr'>ἐοίοι,</span> <span class='ocrx_word' id='word_1_526' title='bbox 742 5299 1029 5371; x_wconf 86' lang='lat' dir='ltr'><strong>sequitur,</strong></span> <span class='ocrx_word' id='word_1_527' title='bbox 1087 5317 1206 5355; x_wconf 90' lang='lat' dir='ltr'><strong>una</strong></span> <span class='ocrx_word' id='word_1_528' title='bbox 1262 5299 1548 5371; x_wconf 77' lang='lat' dir='ltr'><strong>duntaxat</strong></span> <span class='ocrx_word' id='word_1_529' title='bbox 1589 5300 1808 5371; x_wconf 79' lang='lat' dir='ltr'><strong>vocula,</strong></span> 
     </span>
    </p>
   </div>
   <div class='ocr_carea' id='block_1_71' title="bbox 164 5370 1807 5443">
    <p class='ocr_par' dir='ltr' id='par_1_71' title="bbox 164 5370 1807 5443">
     <span class='ocr_line' id='line_1_71' title="bbox 164 5370 1807 5443; baseline -0.004 -14"><span class='ocrx_word' id='word_1_530' title='bbox 164 5375 325 5429; x_wconf 81' lang='lat' dir='ltr'><strong>haud</strong></span> <span class='ocrx_word' id='word_1_531' title='bbox 368 5370 446 5430; x_wconf 67' lang='lat' dir='ltr'><strong>aio</strong></span> <span class='ocrx_word' id='word_1_532' title='bbox 498 5391 568 5429; x_wconf 85' lang='lat' dir='ltr'><strong>an</strong></span> <span class='ocrx_word' id='word_1_533' title='bbox 591 5370 911 5443; x_wconf 31' lang='lat' dir='ltr'><strong>Aconsul’to,</strong></span> <span class='ocrx_word' id='word_1_534' title='bbox 962 5371 1205 5443; x_wconf 49' lang='lat' dir='ltr'><strong>omissa,</strong></span> <span class='ocrx_word' id='word_1_535' title='bbox 1252 5370 1374 5443; x_wconf 57' lang='lat' dir='ltr'><strong>Et;</strong></span> <span class='ocrx_word' id='word_1_536' title='bbox 1434 5370 1807 5443; x_wconf 81' lang='grc' dir='ltr'>βασίλειον,</span> 
     </span>
    </p>
   </div>
   <div class='ocr_carea' id='block_1_72' title="bbox 164 5437 1808 5518">
    <p class='ocr_par' dir='ltr' id='par_1_72' title="bbox 164 5437 1808 5518">
     <span class='ocr_line' id='line_1_72' title="bbox 164 5437 1808 5518; baseline 0.001 -19"><span class='ocrx_word' id='word_1_537' title='bbox 164 5448 213 5499; x_wconf 82' lang='lat' dir='ltr'><strong>f.</strong></span> <span class='ocrx_word' id='word_1_538' title='bbox 280 5445 391 5511; x_wconf 76' lang='grc'><strong>267,</strong></span> <span class='ocrx_word' id='word_1_539' title='bbox 444 5437 819 5518; x_wconf 72' lang='grc' dir='ltr'>πρεσϐυτέρων</span> <span class='ocrx_word' id='word_1_540' title='bbox 892 5440 1212 5518; x_wconf 81' lang='grc' dir='ltr'>ἐμπρησμοὶ</span> <span class='ocrx_word' id='word_1_541' title='bbox 1293 5437 1620 5518; x_wconf 46' lang='grc' dir='ltr'>θαλάττιον</span> <span class='ocrx_word' id='word_1_542' title='bbox 1681 5437 1808 5518; x_wconf 64' lang='lat' dir='ltr'><strong>quis</strong></span> 
     </span>
    </p>
   </div>
   <div class='ocr_carea' id='block_1_73' title="bbox 164 5514 1806 5588">
    <p class='ocr_par' dir='ltr' id='par_1_73' title="bbox 164 5514 1806 5588">
     <span class='ocr_line' id='line_1_73' title="bbox 164 5514 1806 5588; baseline 0 -17"><span class='ocrx_word' id='word_1_543' title='bbox 164 5519 307 5586; x_wconf 78' lang='lat' dir='ltr'><strong>ipsa</strong></span> <span class='ocrx_word' id='word_1_544' title='bbox 331 5514 495 5573; x_wconf 75' lang='lat' dir='ltr'><strong>verba</strong></span> <span class='ocrx_word' id='word_1_545' title='bbox 544 5514 596 5571; x_wconf 71' lang='grc' dir='ltr'>ἓν</span> <span class='ocrx_word' id='word_1_546' title='bbox 650 5514 731 5587; x_wconf 75' lang='grc' dir='ltr'><strong>τῷ</strong></span> <span class='ocrx_word' id='word_1_547' title='bbox 792 5514 1194 5588; x_wconf 72' lang='grc' dir='ltr'>συντακτηρίιρ,</span> <span class='ocrx_word' id='word_1_548' title='bbox 1228 5532 1281 5583; x_wconf 94' lang='lat' dir='ltr'><strong>p.</strong></span> <span class='ocrx_word' id='word_1_549' title='bbox 1313 5515 1420 5570; x_wconf 86' lang='lat'><strong>525</strong></span> <span class='ocrx_word' id='word_1_550' title='bbox 1470 5514 1806 5586; x_wconf 29' lang='lat' dir='ltr'><strong>paritor’leo</strong></span> 
     </span>
    </p>
   </div>
   <div class='ocr_carea' id='block_1_74' title="bbox 163 5586 1805 5660">
    <p class='ocr_par' dir='ltr' id='par_1_74' title="bbox 163 5586 1805 5660">
     <span class='ocr_line' id='line_1_74' title="bbox 163 5586 1805 5660; baseline 0.003 -22"><span class='ocrx_word' id='word_1_551' title='bbox 163 5589 515 5659; x_wconf 50' lang='grc' dir='ltr'><strong>επεμψεν.</strong></span> <span class='ocrx_word' id='word_1_552' title='bbox 563 5593 785 5649; x_wconf 84' lang='lat' dir='ltr'><strong>autem,</strong></span> <span class='ocrx_word' id='word_1_553' title='bbox 819 5591 885 5660; x_wconf 85' lang='lat' dir='ltr'><strong>ut</strong></span> <span class='ocrx_word' id='word_1_554' title='bbox 930 5586 1039 5642; x_wconf 89' lang='lat' dir='ltr'><strong>hoc</strong></span> <span class='ocrx_word' id='word_1_555' title='bbox 1067 5586 1278 5642; x_wconf 21' lang='lat' dir='ltr'><strong>iobiter</strong></span> <span class='ocrx_word' id='word_1_556' title='bbox 1325 5603 1482 5643; x_wconf 88' lang='lat' dir='ltr'><strong>nunc</strong></span> <span class='ocrx_word' id='word_1_557' title='bbox 1522 5588 1805 5660; x_wconf 89' lang='lat' dir='ltr'><strong>adjunga-</strong></span> 
     </span>
    </p>
   </div>
   <div class='ocr_carea' id='block_1_75' title="bbox 168 5659 1807 5731">
    <p class='ocr_par' dir='ltr' id='par_1_75' title="bbox 168 5659 1807 5731">
     <span class='ocr_line' id='line_1_75' title="bbox 168 5659 1807 5731; baseline 0.001 -17"><span class='ocrx_word' id='word_1_558' title='bbox 168 5672 329 5731; x_wconf 65' lang='lat' dir='ltr'><strong>mna.</strong></span> <span class='ocrx_word' id='word_1_559' title='bbox 356 5675 524 5716; x_wconf 83' lang='lat' dir='ltr'><strong>sermo</strong></span> <span class='ocrx_word' id='word_1_560' title='bbox 557 5662 625 5715; x_wconf 91' lang='lat' dir='ltr'><strong>de</strong></span> <span class='ocrx_word' id='word_1_561' title='bbox 656 5659 950 5729; x_wconf 84' lang='lat' dir='ltr'><strong>octoginta</strong></span> <span class='ocrx_word' id='word_1_562' title='bbox 998 5659 1658 5731; x_wconf 7' lang='lat' dir='ltr'><strong>presbrytcris,guavigio,</strong></span> <span class='ocrx_word' id='word_1_563' title='bbox 1691 5659 1807 5731; x_wconf 82' lang='lat' dir='ltr'><strong>quo</strong></span> 
     </span>
    </p>
   </div>
   <div class='ocr_carea' id='block_1_76' title="bbox 168 5727 1805 5797">
    <p class='ocr_par' dir='ltr' id='par_1_76' title="bbox 168 5727 1805 5797">
     <span class='ocr_line' id='line_1_76' title="bbox 168 5727 1805 5797; baseline 0.002 -17"><span class='ocrx_word' id='word_1_564' title='bbox 168 5727 540 5797; x_wconf 75' lang='lat' dir='ltr'><strong>vehebantur,</strong></span> <span class='ocrx_word' id='word_1_565' title='bbox 568 5731 714 5787; x_wconf 84' lang='lat' dir='ltr'><strong>clam</strong></span> <span class='ocrx_word' id='word_1_566' title='bbox 763 5727 1064 5797; x_wconf 75' lang='lat' dir='ltr'><strong>succenso,</strong></span> <span class='ocrx_word' id='word_1_567' title='bbox 1099 5727 1512 5786; x_wconf 85' lang='lat' dir='ltr'><strong>miserabiliter</strong></span> <span class='ocrx_word' id='word_1_568' title='bbox 1545 5727 1805 5787; x_wconf 52' lang='lat' dir='ltr'><strong>&#39;exustis.</strong></span> 
     </span>
    </p>
   </div>
   <div class='ocr_carea' id='block_1_77' title="bbox 175 5799 1807 5875">
    <p class='ocr_par' dir='ltr' id='par_1_77' title="bbox 175 5799 1807 5875">
     <span class='ocr_line' id='line_1_77' title="bbox 175 5799 1807 5875; baseline 0.001 -19"><span class='ocrx_word' id='word_1_569' title='bbox 175 5799 316 5856; x_wconf 68' lang='lat' dir='ltr'><strong>Sive</strong></span> <span class='ocrx_word' id='word_1_570' title='bbox 339 5801 536 5874; x_wconf 75' lang='lat' dir='ltr'><strong>legatos</strong></span> <span class='ocrx_word' id='word_1_571' title='bbox 566 5808 623 5860; x_wconf 87' lang='lat' dir='ltr'><strong>et</strong></span> <span class='ocrx_word' id='word_1_572' title='bbox 652 5804 1059 5875; x_wconf 85' lang='lat' dir='ltr'><strong>deprecatores</strong></span> <span class='ocrx_word' id='word_1_573' title='bbox 1089 5803 1160 5860; x_wconf 84' lang='lat' dir='ltr'><strong>ab</strong></span> <span class='ocrx_word' id='word_1_574' title='bbox 1192 5801 1515 5859; x_wconf 86' lang='lat' dir='ltr'><strong>orthodoxa</strong></span> <span class='ocrx_word' id='word_1_575' title='bbox 1551 5802 1807 5859; x_wconf 86' lang='lat' dir='ltr'><strong>Ecclesia</strong></span> 
     </span>
    </p>
   </div>
   <div class='ocr_carea' id='block_1_78' title="bbox 1937 2107 3577 2187">
    <p class='ocr_par' dir='ltr' id='par_1_78' title="bbox 1937 2107 3577 2187">
     <span class='ocr_line' id='line_1_78' title="bbox 1937 2107 3577 2187; baseline 0.005 -24"><span class='ocrx_word' id='word_1_576' title='bbox 1937 2113 2162 2178; x_wconf 88' lang='lat' dir='ltr'><strong>sponte,</strong></span> <span class='ocrx_word' id='word_1_577' title='bbox 2185 2124 2407 2180; x_wconf 89' lang='lat' dir='ltr'><strong>suoque</strong></span> <span class='ocrx_word' id='word_1_578' title='bbox 2437 2107 2590 2165; x_wconf 89' lang='lat' dir='ltr'><strong>circa</strong></span> <span class='ocrx_word' id='word_1_579' title='bbox 2619 2124 2711 2165; x_wconf 92' lang='lat' dir='ltr'><strong>res</strong></span> <span class='ocrx_word' id='word_1_580' title='bbox 2741 2110 3097 2179; x_wconf 87' lang='lat' dir='ltr'><strong>ejuscemodi</strong></span> <span class='ocrx_word' id='word_1_581' title='bbox 3129 2111 3250 2168; x_wconf 84' lang='lat' dir='ltr'><strong>zelo</strong></span> <span class='ocrx_word' id='word_1_582' title='bbox 3280 2113 3577 2187; x_wconf 84' lang='lat' dir='ltr'><strong>animique</strong></span> 
     </span>
    </p>
   </div>
   <div class='ocr_carea' id='block_1_79' title="bbox 1936 2197 3573 2273">
    <p class='ocr_par' dir='ltr' id='par_1_79' title="bbox 1936 2197 3573 2273">
     <span class='ocr_line' id='line_1_79' title="bbox 1936 2197 3573 2273; baseline 0.005 -21"><span class='ocrx_word' id='word_1_583' title='bbox 1936 2198 2140 2254; x_wconf 90' lang='lat' dir='ltr'><strong>robore</strong></span> <span class='ocrx_word' id='word_1_584' title='bbox 2169 2197 2483 2268; x_wconf 90' lang='lat' dir='ltr'><strong>impulsus,</strong></span> <span class='ocrx_word' id='word_1_585' title='bbox 2509 2203 2567 2252; x_wconf 90' lang='lat' dir='ltr'><strong>ct</strong></span> <span class='ocrx_word' id='word_1_586' title='bbox 2603 2198 2822 2254; x_wconf 88' lang='lat' dir='ltr'><strong>crebris</strong></span> <span class='ocrx_word' id='word_1_587' title='bbox 2852 2199 2988 2256; x_wconf 89' lang='lat' dir='ltr'><strong>inde</strong></span> <span class='ocrx_word' id='word_1_588' title='bbox 3036 2201 3286 2273; x_wconf 85' lang='lat' dir='ltr'><strong>acceptis</strong></span> <span class='ocrx_word' id='word_1_589' title='bbox 3327 2206 3573 2273; x_wconf 89' lang='lat' dir='ltr'><strong>nuntiis,</strong></span> 
     </span>
    </p>
   </div>
   <div class='ocr_carea' id='block_1_80' title="bbox 1929 2287 3573 2366">
    <p class='ocr_par' dir='ltr' id='par_1_80' title="bbox 1929 2287 3573 2366">
     <span class='ocr_line' id='line_1_80' title="bbox 1929 2287 3573 2366; baseline 0.004 -24"><span class='ocrx_word' id='word_1_590' title='bbox 1929 2291 1993 2342; x_wconf 92' lang='lat' dir='ltr'><strong>ut</strong></span> <span class='ocrx_word' id='word_1_591' title='bbox 2040 2287 2479 2360; x_wconf 90' lang='lat' dir='ltr'><strong>quamprimum</strong></span> <span class='ocrx_word' id='word_1_592' title='bbox 2530 2292 2737 2358; x_wconf 70' lang='lat' dir='ltr'><strong>praesto</strong></span> <span class='ocrx_word' id='word_1_593' title='bbox 2777 2288 2919 2358; x_wconf 85' lang='lat' dir='ltr'><strong>ipsis</strong></span> <span class='ocrx_word' id='word_1_594' title='bbox 2969 2298 3141 2360; x_wconf 90' lang='lat' dir='ltr'><strong>esset,</strong></span> <span class='ocrx_word' id='word_1_595' title='bbox 3171 2290 3573 2366; x_wconf 82' lang='lat' dir='ltr'><strong>auxiliumque</strong></span> 
     </span>
    </p>
   </div>
   <div class='ocr_carea' id='block_1_81' title="bbox 1927 2374 3571 2449">
    <p class='ocr_par' dir='ltr' id='par_1_81' title="bbox 1927 2374 3571 2449">
     <span class='ocr_line' id='line_1_81' title="bbox 1927 2374 3571 2449; baseline 0.004 -19"><span class='ocrx_word' id='word_1_596' title='bbox 1927 2376 2123 2444; x_wconf 86' lang='lat' dir='ltr'><strong>ferret,</strong></span> <span class='ocrx_word' id='word_1_597' title='bbox 2157 2389 2262 2431; x_wconf 91' lang='lat' dir='ltr'><strong>nec</strong></span> <span class='ocrx_word' id='word_1_598' title='bbox 2293 2374 2656 2430; x_wconf 79' lang='lat' dir='ltr'><strong>indefensum</strong></span> <span class='ocrx_word' id='word_1_599' title='bbox 2687 2374 2948 2430; x_wconf 88' lang='lat' dir='ltr'><strong>veritatis</strong></span> <span class='ocrx_word' id='word_1_600' title='bbox 2979 2391 3217 2431; x_wconf 88' lang='lat' dir='ltr'><strong>causam</strong></span> <span class='ocrx_word' id='word_1_601' title='bbox 3259 2378 3571 2449; x_wconf 69' lang='lat' dir='ltr'><strong>periclitari</strong></span> 
     </span>
    </p>
   </div>
   <div class='ocr_carea' id='block_1_82' title="bbox 1925 2463 3571 2538">
    <p class='ocr_par' dir='ltr' id='par_1_82' title="bbox 1925 2463 3571 2538">
     <span class='ocr_line' id='line_1_82' title="bbox 1925 2463 3571 2538; baseline 0.003 -18"><span class='ocrx_word' id='word_1_602' title='bbox 1925 2465 2162 2532; x_wconf 89' lang='lat' dir='ltr'><strong>sineret,</strong></span> <span class='ocrx_word' id='word_1_603' title='bbox 2198 2472 2452 2537; x_wconf 88' lang='lat' dir='ltr'><strong>rogatus,</strong></span> <span class='ocrx_word' id='word_1_604' title='bbox 2485 2464 2683 2519; x_wconf 91' lang='lat' dir='ltr'><strong>eodem</strong></span> <span class='ocrx_word' id='word_1_605' title='bbox 2717 2463 2889 2518; x_wconf 89' lang='lat' dir='ltr'><strong>etiam</strong></span> <span class='ocrx_word' id='word_1_606' title='bbox 2922 2463 3111 2519; x_wconf 91' lang='lat' dir='ltr'><strong>intimi</strong></span> <span class='ocrx_word' id='word_1_607' title='bbox 3164 2466 3383 2538; x_wconf 86' lang='lat' dir='ltr'><strong>quique</strong></span> <span class='ocrx_word' id='word_1_608' title='bbox 3424 2469 3571 2524; x_wconf 89' lang='lat' dir='ltr'><strong>ami-</strong></span> 
     </span>
    </p>
   </div>
   <div class='ocr_carea' id='block_1_83' title="bbox 1922 2553 3567 2627">
    <p class='ocr_par' dir='ltr' id='par_1_83' title="bbox 1922 2553 3567 2627">
     <span class='ocr_line' id='line_1_83' title="bbox 1922 2553 3567 2627; baseline 0.003 -16"><span class='ocrx_word' id='word_1_609' title='bbox 1922 2572 2126 2613; x_wconf 89' lang='lat' dir='ltr'><strong>corum</strong></span> <span class='ocrx_word' id='word_1_610' title='bbox 2149 2572 2215 2610; x_wconf 90' lang='lat' dir='ltr'><strong>ac</strong></span> <span class='ocrx_word' id='word_1_611' title='bbox 2229 2553 2694 2622; x_wconf 85' lang='lat' dir='ltr'><strong>familiarissimi,</strong></span> <span class='ocrx_word' id='word_1_612' title='bbox 2706 2557 2764 2609; x_wconf 92' lang='lat' dir='ltr'><strong>et</strong></span> <span class='ocrx_word' id='word_1_613' title='bbox 2777 2557 2912 2609; x_wconf 87' lang='lat' dir='ltr'><strong>ante</strong></span> <span class='ocrx_word' id='word_1_614' title='bbox 2925 2569 3149 2621; x_wconf 91' lang='lat' dir='ltr'><strong>omnes,</strong></span> <span class='ocrx_word' id='word_1_615' title='bbox 3166 2556 3418 2627; x_wconf 88' lang='lat' dir='ltr'><strong>itemque</strong></span> <span class='ocrx_word' id='word_1_616' title='bbox 3431 2573 3567 2616; x_wconf 87' lang='lat' dir='ltr'><strong>cum</strong></span> 
     </span>
    </p>
   </div>
   <div class='ocr_carea' id='block_1_84' title="bbox 1922 2642 3567 2717">
    <p class='ocr_par' dir='ltr' id='par_1_84' title="bbox 1922 2642 3567 2717">
     <span class='ocr_line' id='line_1_84' title="bbox 1922 2642 3567 2717; baseline 0.002 -18"><span class='ocrx_word' id='word_1_617' title='bbox 1922 2645 2214 2713; x_wconf 89' lang='lat' dir='ltr'><strong>omnibus,</strong></span> <span class='ocrx_word' id='word_1_618' title='bbox 2230 2642 2483 2717; x_wconf 83' lang='lat' dir='ltr'><strong>inclytus</strong></span> <span class='ocrx_word' id='word_1_619' title='bbox 2497 2643 2770 2703; x_wconf 87' lang='lat' dir='ltr'><strong>Basilius.</strong></span> <span class='ocrx_word' id='word_1_620' title='bbox 2787 2659 3134 2715; x_wconf 82' lang='lat' dir='ltr'><strong>magnOpere</strong></span> <span class='ocrx_word' id='word_1_621' title='bbox 3156 2644 3350 2716; x_wconf 89' lang='lat' dir='ltr'><strong>ipsum</strong></span> <span class='ocrx_word' id='word_1_622' title='bbox 3375 2644 3567 2703; x_wconf 85' lang='lat' dir='ltr'><strong>horta-</strong></span> 
     </span>
    </p>
   </div>
   <div class='ocr_carea' id='block_1_85' title="bbox 1919 2734 3566 2807">
    <p class='ocr_par' dir='ltr' id='par_1_85' title="bbox 1919 2734 3566 2807">
     <span class='ocr_line' id='line_1_85' title="bbox 1919 2734 3566 2807; baseline 0.002 -17"><span class='ocrx_word' id='word_1_623' title='bbox 1919 2734 2151 2801; x_wconf 89' lang='lat' dir='ltr'><strong>bantur,</strong></span> <span class='ocrx_word' id='word_1_624' title='bbox 2167 2735 2341 2807; x_wconf 88' lang='lat' dir='ltr'><strong>idque</strong></span> <span class='ocrx_word' id='word_1_625' title='bbox 2362 2734 2848 2790; x_wconf 86' lang='lat' dir='ltr'><strong>commendabant</strong></span> <span class='ocrx_word' id='word_1_626' title='bbox 2880 2739 3174 2791; x_wconf 85' lang='lat' dir='ltr'><strong>certamen</strong></span> <span class='ocrx_word' id='word_1_627' title='bbox 3197 2752 3210 2802; x_wconf 91' lang='lat'><strong>;</strong></span> <span class='ocrx_word' id='word_1_628' title='bbox 3232 2735 3335 2807; x_wconf 88' lang='lat' dir='ltr'><strong>qui</strong></span> <span class='ocrx_word' id='word_1_629' title='bbox 3355 2752 3566 2807; x_wconf 88' lang='lat' dir='ltr'><strong>suopre</strong></span> 
     </span>
    </p>
   </div>
   <div class='ocr_carea' id='block_1_86' title="bbox 1911 2824 3561 2897">
    <p class='ocr_par' dir='ltr' id='par_1_86' title="bbox 1911 2824 3561 2897">
     <span class='ocr_line' id='line_1_86' title="bbox 1911 2824 3561 2897; baseline 0.001 -17"><span class='ocrx_word' id='word_1_630' title='bbox 1911 2824 2033 2896; x_wconf 85' lang='lat' dir='ltr'><strong>jam</strong></span> <span class='ocrx_word' id='word_1_631' title='bbox 2083 2824 2214 2880; x_wconf 92' lang='lat' dir='ltr'><strong>nisu</strong></span> <span class='ocrx_word' id='word_1_632' title='bbox 2268 2824 2722 2897; x_wconf 79' lang='lat' dir='ltr'><strong>properabat,u.</strong></span> <span class='ocrx_word' id='word_1_633' title='bbox 2769 2827 2930 2879; x_wconf 83' lang='lat' dir='ltr'><strong>vetus</strong></span> <span class='ocrx_word' id='word_1_634' title='bbox 2976 2826 3216 2879; x_wconf 83' lang='lat' dir='ltr'><strong>verbum</strong></span> <span class='ocrx_word' id='word_1_635' title='bbox 3257 2824 3431 2882; x_wconf 87' lang='lat' dir='ltr'><strong>habet</strong></span> <span class='ocrx_word' id='word_1_636' title='bbox 3457 2828 3561 2897; x_wconf 83' lang='lat'><strong>(6),</strong></span> 
     </span>
    </p>
   </div>
   <div class='ocr_carea' id='block_1_87' title="bbox 1917 2912 3562 2987">
    <p class='ocr_par' dir='ltr' id='par_1_87' title="bbox 1917 2912 3562 2987">
     <span class='ocr_line' id='line_1_87' title="bbox 1917 2912 3562 2987; baseline 0.001 -17"><span class='ocrx_word' id='word_1_637' title='bbox 1917 2915 2251 2984; x_wconf 87' lang='lat' dir='ltr'><strong>incitantes,</strong></span> <span class='ocrx_word' id='word_1_638' title='bbox 2274 2930 2459 2970; x_wconf 91' lang='lat' dir='ltr'><strong>unum</strong></span> <span class='ocrx_word' id='word_1_639' title='bbox 2490 2912 2750 2970; x_wconf 86' lang='lat' dir='ltr'><strong>videlicet</strong></span> <span class='ocrx_word' id='word_1_640' title='bbox 2778 2913 2890 2968; x_wconf 83' lang='lat' dir='ltr'><strong>hoc</strong></span> <span class='ocrx_word' id='word_1_641' title='bbox 2920 2912 3249 2984; x_wconf 63' lang='lat' dir='ltr'><strong>praeliorum</strong></span> <span class='ocrx_word' id='word_1_642' title='bbox 3273 2930 3461 2987; x_wconf 88' lang='lat' dir='ltr'><strong>genus</strong></span> <span class='ocrx_word' id='word_1_643' title='bbox 3481 2921 3562 2972; x_wconf 90' lang='lat' dir='ltr'><strong>tu-</strong></span> 
     </span>
    </p>
   </div>
   <div class='ocr_carea' id='block_1_88' title="bbox 1916 3002 3561 3074">
    <p class='ocr_par' dir='ltr' id='par_1_88' title="bbox 1916 3002 3561 3074">
     <span class='ocr_line' id='line_1_88' title="bbox 1916 3002 3561 3074; baseline 0.001 -14"><span class='ocrx_word' id='word_1_644' title='bbox 1916 3008 2137 3073; x_wconf 89' lang='lat' dir='ltr'><strong>tum,et</strong></span> <span class='ocrx_word' id='word_1_645' title='bbox 2168 3002 2380 3071; x_wconf 88' lang='lat' dir='ltr'><strong>nobile,</strong></span> <span class='ocrx_word' id='word_1_646' title='bbox 2397 3006 2454 3057; x_wconf 91' lang='lat' dir='ltr'><strong>et</strong></span> <span class='ocrx_word' id='word_1_647' title='bbox 2484 3002 2542 3058; x_wconf 92' lang='lat' dir='ltr'><strong>in</strong></span> <span class='ocrx_word' id='word_1_648' title='bbox 2576 3003 2828 3058; x_wconf 83' lang='lat' dir='ltr'><strong>maximo</strong></span> <span class='ocrx_word' id='word_1_649' title='bbox 2862 3002 3010 3074; x_wconf 91' lang='lat' dir='ltr'><strong>rpud</strong></span> <span class='ocrx_word' id='word_1_650' title='bbox 3044 3003 3220 3058; x_wconf 89' lang='lat' dir='ltr'><strong>Deum</strong></span> <span class='ocrx_word' id='word_1_651' title='bbox 3254 3003 3471 3060; x_wconf 89' lang='lat' dir='ltr'><strong>honore</strong></span> <span class='ocrx_word' id='word_1_652' title='bbox 3496 3020 3561 3061; x_wconf 89' lang='lat' dir='ltr'><strong>ac</strong></span> 
     </span>
    </p>
   </div>
   <div class='ocr_carea' id='block_1_89' title="bbox 1915 3091 3559 3165">
    <p class='ocr_par' dir='ltr' id='par_1_89' title="bbox 1915 3091 3559 3165">
     <span class='ocr_line' id='line_1_89' title="bbox 1915 3091 3559 3165; baseline 0 -15"><span class='ocrx_word' id='word_1_653' title='bbox 1915 3094 2118 3165; x_wconf 90' lang='lat' dir='ltr'><strong>pretio,</strong></span> <span class='ocrx_word' id='word_1_654' title='bbox 2151 3109 2301 3150; x_wconf 86' lang='lat' dir='ltr'><strong>esse.</strong></span> <span class='ocrx_word' id='word_1_655' title='bbox 2335 3095 2407 3148; x_wconf 87' lang='lat' dir='ltr'><strong>At</strong></span> <span class='ocrx_word' id='word_1_656' title='bbox 2437 3091 2721 3164; x_wconf 88' lang='lat' dir='ltr'><strong>Byzantii,</strong></span> <span class='ocrx_word' id='word_1_657' title='bbox 2745 3096 3030 3164; x_wconf 88' lang='lat' dir='ltr'><strong>quotquot</strong></span> <span class='ocrx_word' id='word_1_658' title='bbox 3068 3094 3257 3163; x_wconf 73' lang='lat' dir='ltr'><strong>pravis</strong></span> <span class='ocrx_word' id='word_1_659' title='bbox 3297 3093 3559 3150; x_wconf 68' lang='lat' dir='ltr'><strong>adhaere-</strong></span> 
     </span>
    </p>
   </div>
   <div class='ocr_carea' id='block_1_90' title="bbox 1915 3181 3555 3255">
    <p class='ocr_par' dir='ltr' id='par_1_90' title="bbox 1915 3181 3555 3255">
     <span class='ocr_line' id='line_1_90' title="bbox 1915 3181 3555 3255; baseline 0.001 -14"><span class='ocrx_word' id='word_1_660' title='bbox 1915 3183 2054 3241; x_wconf 89' lang='lat' dir='ltr'><strong>bant</strong></span> <span class='ocrx_word' id='word_1_661' title='bbox 2097 3183 2408 3252; x_wconf 90' lang='lat' dir='ltr'><strong>erroribus,</strong></span> <span class='ocrx_word' id='word_1_662' title='bbox 2439 3185 2561 3238; x_wconf 87' lang='lat' dir='ltr'><strong>tum</strong></span> <span class='ocrx_word' id='word_1_663' title='bbox 2616 3181 2736 3247; x_wconf 89' lang='lat' dir='ltr'><strong>alii,</strong></span> <span class='ocrx_word' id='word_1_664' title='bbox 2770 3187 2897 3239; x_wconf 89' lang='lat' dir='ltr'><strong>tum</strong></span> <span class='ocrx_word' id='word_1_665' title='bbox 2937 3181 2995 3237; x_wconf 90' lang='lat' dir='ltr'><strong>in</strong></span> <span class='ocrx_word' id='word_1_666' title='bbox 3028 3181 3234 3253; x_wconf 90' lang='lat' dir='ltr'><strong>primis</strong></span> <span class='ocrx_word' id='word_1_667' title='bbox 3266 3184 3362 3255; x_wconf 90' lang='lat' dir='ltr'><strong>qui</strong></span> <span class='ocrx_word' id='word_1_668' title='bbox 3393 3185 3555 3243; x_wconf 83' lang='lat' dir='ltr'><strong>Aria-</strong></span> 
     </span>
    </p>
   </div>
   <div class='ocr_carea' id='block_1_91' title="bbox 1911 3271 3557 3347">
    <p class='ocr_par' dir='ltr' id='par_1_91' title="bbox 1911 3271 3557 3347">
     <span class='ocr_line' id='line_1_91' title="bbox 1911 3271 3557 3347; baseline 0.001 -17"><span class='ocrx_word' id='word_1_669' title='bbox 1911 3274 2041 3330; x_wconf 89' lang='lat' dir='ltr'><strong>nico</strong></span> <span class='ocrx_word' id='word_1_670' title='bbox 2072 3272 2339 3345; x_wconf 88' lang='lat' dir='ltr'><strong>occupati</strong></span> <span class='ocrx_word' id='word_1_671' title='bbox 2370 3276 2537 3328; x_wconf 90' lang='lat' dir='ltr'><strong>erant</strong></span> <span class='ocrx_word' id='word_1_672' title='bbox 2563 3271 2778 3335; x_wconf 86' lang='lat' dir='ltr'><strong>furore,</strong></span> <span class='ocrx_word' id='word_1_673' title='bbox 2821 3271 2995 3344; x_wconf 89' lang='lat' dir='ltr'><strong>longo</strong></span> <span class='ocrx_word' id='word_1_674' title='bbox 3009 3273 3135 3344; x_wconf 90' lang='lat' dir='ltr'><strong>jam</strong></span> <span class='ocrx_word' id='word_1_675' title='bbox 3167 3276 3428 3347; x_wconf 87' lang='lat' dir='ltr'><strong>tempore</strong></span> <span class='ocrx_word' id='word_1_676' title='bbox 3444 3276 3557 3346; x_wconf 85' lang='lat' dir='ltr'><strong>piis</strong></span> 
     </span>
    </p>
   </div>
   <div class='ocr_carea' id='block_1_92' title="bbox 1912 3361 3556 3437">
    <p class='ocr_par' dir='ltr' id='par_1_92' title="bbox 1912 3361 3556 3437">
     <span class='ocr_line' id='line_1_92' title="bbox 1912 3361 3556 3437; baseline 0 -17"><span class='ocrx_word' id='word_1_677' title='bbox 1912 3379 2114 3437; x_wconf 85' lang='lat' dir='ltr'><strong>graves</strong></span> <span class='ocrx_word' id='word_1_678' title='bbox 2162 3362 2571 3429; x_wconf 88' lang='lat' dir='ltr'><strong>incubuerant,</strong></span> <span class='ocrx_word' id='word_1_679' title='bbox 2607 3361 2938 3434; x_wconf 88' lang='lat' dir='ltr'><strong>quibusque</strong></span> <span class='ocrx_word' id='word_1_680' title='bbox 2987 3377 3243 3434; x_wconf 89' lang='lat' dir='ltr'><strong>unquam</strong></span> <span class='ocrx_word' id='word_1_681' title='bbox 3292 3368 3556 3435; x_wconf 90' lang='lat' dir='ltr'><strong>poterant</strong></span> 
     </span>
    </p>
   </div>
   <div class='ocr_carea' id='block_1_93' title="bbox 1912 3450 3557 3521">
    <p class='ocr_par' dir='ltr' id='par_1_93' title="bbox 1912 3450 3557 3521">
     <span class='ocr_line' id='line_1_93' title="bbox 1912 3450 3557 3521; baseline 0.001 -13"><span class='ocrx_word' id='word_1_682' title='bbox 1912 3452 2042 3509; x_wconf 88' lang='lat' dir='ltr'><strong>illos</strong></span> <span class='ocrx_word' id='word_1_683' title='bbox 2073 3452 2409 3508; x_wconf 84' lang='lat' dir='ltr'><strong>divexarant</strong></span> <span class='ocrx_word' id='word_1_684' title='bbox 2440 3450 2650 3519; x_wconf 87' lang='lat' dir='ltr'><strong>modis,</strong></span> <span class='ocrx_word' id='word_1_685' title='bbox 2685 3465 2838 3508; x_wconf 91' lang='lat' dir='ltr'><strong>nunc</strong></span> <span class='ocrx_word' id='word_1_686' title='bbox 2887 3450 3125 3521; x_wconf 86' lang='lat' dir='ltr'><strong>quidem</strong></span> <span class='ocrx_word' id='word_1_687' title='bbox 3171 3453 3557 3510; x_wconf 89' lang='lat' dir='ltr'><strong>contumelias</strong></span> 
     </span>
    </p>
   </div>
   <div class='ocr_carea' id='block_1_94' title="bbox 1911 3538 3556 3615">
    <p class='ocr_par' dir='ltr' id='par_1_94' title="bbox 1911 3538 3556 3615">
     <span class='ocr_line' id='line_1_94' title="bbox 1911 3538 3556 3615; baseline -0.001 -16"><span class='ocrx_word' id='word_1_688' title='bbox 1911 3547 1966 3600; x_wconf 91' lang='lat' dir='ltr'><strong>et</strong></span> <span class='ocrx_word' id='word_1_689' title='bbox 2012 3542 2209 3615; x_wconf 86' lang='lat' dir='ltr'><strong>plagas</strong></span> <span class='ocrx_word' id='word_1_690' title='bbox 2252 3539 2667 3607; x_wconf 84' lang='lat' dir='ltr'><strong>intolerabiles,</strong></span> <span class='ocrx_word' id='word_1_691' title='bbox 2698 3544 2755 3596; x_wconf 89' lang='lat' dir='ltr'><strong>et</strong></span> <span class='ocrx_word' id='word_1_692' title='bbox 2803 3538 3065 3612; x_wconf 87' lang='lat' dir='ltr'><strong>publicas</strong></span> <span class='ocrx_word' id='word_1_693' title='bbox 3097 3558 3198 3613; x_wconf 91' lang='lat' dir='ltr'><strong>per</strong></span> <span class='ocrx_word' id='word_1_694' title='bbox 3225 3558 3328 3597; x_wconf 90' lang='lat' dir='ltr'><strong>ora</strong></span> <span class='ocrx_word' id='word_1_695' title='bbox 3357 3542 3556 3598; x_wconf 88' lang='lat' dir='ltr'><strong>homi-</strong></span> 
     </span>
    </p>
   </div>
   <div class='ocr_carea' id='block_1_95' title="bbox 1915 3628 3558 3697">
    <p class='ocr_par' dir='ltr' id='par_1_95' title="bbox 1915 3628 3558 3697">
     <span class='ocr_line' id='line_1_95' title="bbox 1915 3628 3558 3697; baseline 0.001 -11"><span class='ocrx_word' id='word_1_696' title='bbox 1915 3649 2055 3688; x_wconf 90' lang='lat' dir='ltr'><strong>num</strong></span> <span class='ocrx_word' id='word_1_697' title='bbox 2082 3632 2503 3697; x_wconf 89' lang='lat' dir='ltr'><strong>traductiones,</strong></span> <span class='ocrx_word' id='word_1_698' title='bbox 2528 3628 2712 3686; x_wconf 91' lang='lat' dir='ltr'><strong>multo</strong></span> <span class='ocrx_word' id='word_1_699' title='bbox 2760 3628 3011 3686; x_wconf 91' lang='lat' dir='ltr'><strong>ludibrio</strong></span> <span class='ocrx_word' id='word_1_700' title='bbox 3040 3646 3108 3686; x_wconf 90' lang='lat' dir='ltr'><strong>ac</strong></span> <span class='ocrx_word' id='word_1_701' title='bbox 3155 3629 3434 3686; x_wconf 90' lang='lat' dir='ltr'><strong>dedecore</strong></span> <span class='ocrx_word' id='word_1_702' title='bbox 3465 3648 3558 3688; x_wconf 87' lang='lat' dir='ltr'><strong>re-</strong></span> 
     </span>
    </p>
   </div>
   <div class='ocr_carea' id='block_1_96' title="bbox 1915 3718 3559 3791">
    <p class='ocr_par' dir='ltr' id='par_1_96' title="bbox 1915 3718 3559 3791">
     <span class='ocr_line' id='line_1_96' title="bbox 1915 3718 3559 3791; baseline 0.001 -16"><span class='ocrx_word' id='word_1_703' title='bbox 1915 3723 2189 3788; x_wconf 89' lang='lat' dir='ltr'><strong>fertas,et</strong></span> <span class='ocrx_word' id='word_1_704' title='bbox 2213 3722 2497 3776; x_wconf 91' lang='lat' dir='ltr'><strong>bonorum</strong></span> <span class='ocrx_word' id='word_1_705' title='bbox 2522 3718 2947 3791; x_wconf 88' lang='lat' dir='ltr'><strong>publicationes</strong></span> <span class='ocrx_word' id='word_1_706' title='bbox 2974 3737 2989 3786; x_wconf 89' lang='lat'><strong>;</strong></span> <span class='ocrx_word' id='word_1_707' title='bbox 3016 3734 3169 3774; x_wconf 91' lang='lat' dir='ltr'><strong>nunc</strong></span> <span class='ocrx_word' id='word_1_708' title='bbox 3200 3735 3405 3776; x_wconf 90' lang='lat' dir='ltr'><strong>rursus</strong></span> <span class='ocrx_word' id='word_1_709' title='bbox 3436 3736 3559 3777; x_wconf 87' lang='lat' dir='ltr'><strong>car-</strong></span> 
     </span>
    </p>
   </div>
   <div class='ocr_carea' id='block_1_97' title="bbox 1914 3808 3554 3883">
    <p class='ocr_par' dir='ltr' id='par_1_97' title="bbox 1914 3808 3554 3883">
     <span class='ocr_line' id='line_1_97' title="bbox 1914 3808 3554 3883; baseline 0 -16"><span class='ocrx_word' id='word_1_710' title='bbox 1914 3827 2093 3878; x_wconf 85' lang='lat' dir='ltr'><strong>ceres,</strong></span> <span class='ocrx_word' id='word_1_711' title='bbox 2156 3810 2382 3876; x_wconf 83' lang='lat' dir='ltr'><strong>exsilia,</strong></span> <span class='ocrx_word' id='word_1_712' title='bbox 2444 3810 2833 3881; x_wconf 89' lang='lat' dir='ltr'><strong>ardentesque</strong></span> <span class='ocrx_word' id='word_1_713' title='bbox 2893 3808 3080 3865; x_wconf 89' lang='lat' dir='ltr'><strong>medio</strong></span> <span class='ocrx_word' id='word_1_714' title='bbox 3138 3809 3306 3878; x_wconf 89' lang='lat' dir='ltr'><strong>mari,</strong></span> <span class='ocrx_word' id='word_1_715' title='bbox 3367 3825 3554 3883; x_wconf 86' lang='lat' dir='ltr'><strong>roges,</strong></span> 
     </span>
    </p>
   </div>
   <div class='ocr_carea' id='block_1_98' title="bbox 1915 3898 3562 3973">
    <p class='ocr_par' dir='ltr' id='par_1_98' title="bbox 1915 3898 3562 3973">
     <span class='ocr_line' id='line_1_98' title="bbox 1915 3898 3562 3973; baseline 0.001 -18"><span class='ocrx_word' id='word_1_716' title='bbox 1915 3905 2248 3972; x_wconf 88' lang='lat' dir='ltr'><strong>mortesque</strong></span> <span class='ocrx_word' id='word_1_717' title='bbox 2278 3916 2344 3953; x_wconf 90' lang='lat' dir='ltr'><strong>ac</strong></span> <span class='ocrx_word' id='word_1_718' title='bbox 2373 3899 2557 3955; x_wconf 74' lang='lat' dir='ltr'><strong>caedes</strong></span> <span class='ocrx_word' id='word_1_719' title='bbox 2588 3898 2860 3966; x_wconf 83' lang='lat' dir='ltr'><strong>nefarias,</strong></span> <span class='ocrx_word' id='word_1_720' title='bbox 2886 3900 3094 3970; x_wconf 89' lang='lat' dir='ltr'><strong>partim</strong></span> <span class='ocrx_word' id='word_1_721' title='bbox 3124 3904 3411 3967; x_wconf 88' lang='lat' dir='ltr'><strong>cruentas,</strong></span> <span class='ocrx_word' id='word_1_722' title='bbox 3434 3917 3562 3973; x_wconf 90' lang='lat' dir='ltr'><strong>par-</strong></span> 
     </span>
    </p>
   </div>
   <div class='ocr_carea' id='block_1_99' title="bbox 1913 3988 3559 4062">
    <p class='ocr_par' dir='ltr' id='par_1_99' title="bbox 1913 3988 3559 4062">
     <span class='ocr_line' id='line_1_99' title="bbox 1913 3988 3559 4062; baseline 0 -16"><span class='ocrx_word' id='word_1_723' title='bbox 1913 3992 2020 4046; x_wconf 92' lang='lat' dir='ltr'><strong>tim</strong></span> <span class='ocrx_word' id='word_1_724' title='bbox 2071 3988 2206 4045; x_wconf 88' lang='lat' dir='ltr'><strong>resti</strong></span> <span class='ocrx_word' id='word_1_725' title='bbox 2255 3989 2579 4060; x_wconf 89' lang='lat' dir='ltr'><strong>laqueoque</strong></span> <span class='ocrx_word' id='word_1_726' title='bbox 2627 3988 2827 4056; x_wconf 90' lang='lat' dir='ltr'><strong>factas,</strong></span> <span class='ocrx_word' id='word_1_727' title='bbox 2880 3995 3196 4059; x_wconf 65' lang='lat' dir='ltr'><strong>ceteraque</strong></span> <span class='ocrx_word' id='word_1_728' title='bbox 3239 3989 3297 4045; x_wconf 90' lang='lat' dir='ltr'><strong>id</strong></span> <span class='ocrx_word' id='word_1_729' title='bbox 3349 4006 3559 4062; x_wconf 83' lang='lat' dir='ltr'><strong>genus,</strong></span> 
     </span>
    </p>
   </div>
   <div class='ocr_carea' id='block_1_100' title="bbox 1916 4076 3561 4152">
    <p class='ocr_par' dir='ltr' id='par_1_100' title="bbox 1916 4076 3561 4152">
     <span class='ocr_line' id='line_1_100' title="bbox 1916 4076 3561 4152; baseline 0.002 -19"><span class='ocrx_word' id='word_1_730' title='bbox 1916 4095 2041 4152; x_wconf 65' lang='lat' dir='ltr'><strong>qua</strong></span> <span class='ocrx_word' id='word_1_731' title='bbox 2074 4094 2244 4134; x_wconf 86' lang='lat' dir='ltr'><strong>nemo</strong></span> <span class='ocrx_word' id='word_1_732' title='bbox 2276 4079 2408 4150; x_wconf 89' lang='lat' dir='ltr'><strong>pius</strong></span> <span class='ocrx_word' id='word_1_733' title='bbox 2451 4076 2692 4132; x_wconf 89' lang='lat' dir='ltr'><strong>omnino</strong></span> <span class='ocrx_word' id='word_1_734' title='bbox 2742 4077 2966 4143; x_wconf 87' lang='lat' dir='ltr'><strong>audire,</strong></span> <span class='ocrx_word' id='word_1_735' title='bbox 3004 4079 3215 4133; x_wconf 87' lang='lat' dir='ltr'><strong>nedum</strong></span> <span class='ocrx_word' id='word_1_736' title='bbox 3251 4078 3461 4135; x_wconf 88' lang='lat' dir='ltr'><strong>referre</strong></span> <span class='ocrx_word' id='word_1_737' title='bbox 3494 4097 3561 4138; x_wconf 88' lang='lat' dir='ltr'><strong>ac</strong></span> 
     </span>
    </p>
   </div>
   <div class='ocr_carea' id='block_1_101' title="bbox 1916 4167 3561 4235">
    <p class='ocr_par' dir='ltr' id='par_1_101' title="bbox 1916 4167 3561 4235">
     <span class='ocr_line' id='line_1_101' title="bbox 1916 4167 3561 4235; baseline 0.002 -10"><span class='ocrx_word' id='word_1_738' title='bbox 1916 4184 2372 4226; x_wconf 90' lang='lat' dir='ltr'><strong>commemorare</strong></span> <span class='ocrx_word' id='word_1_739' title='bbox 2395 4167 2722 4235; x_wconf 87' lang='lat' dir='ltr'><strong>sustineat;</strong></span> <span class='ocrx_word' id='word_1_740' title='bbox 2756 4168 2990 4223; x_wconf 74' lang='lat' dir='ltr'><strong>efferata</strong></span> <span class='ocrx_word' id='word_1_741' title='bbox 3022 4168 3391 4226; x_wconf 89' lang='lat' dir='ltr'><strong>immanitate</strong></span> <span class='ocrx_word' id='word_1_742' title='bbox 3420 4170 3561 4228; x_wconf 82' lang='lat' dir='ltr'><strong>fide-</strong></span> 
     </span>
    </p>
   </div>
   <div class='ocr_carea' id='block_1_102' title="bbox 1916 4258 3562 4330">
    <p class='ocr_par' dir='ltr' id='par_1_102' title="bbox 1916 4258 3562 4330">
     <span class='ocr_line' id='line_1_102' title="bbox 1916 4258 3562 4330; baseline 0.002 -15"><span class='ocrx_word' id='word_1_743' title='bbox 1916 4260 2072 4315; x_wconf 88' lang='lat' dir='ltr'><strong>libus</strong></span> <span class='ocrx_word' id='word_1_744' title='bbox 2102 4260 2489 4329; x_wconf 88' lang='lat' dir='ltr'><strong>impooentes,</strong></span> <span class='ocrx_word' id='word_1_745' title='bbox 2521 4274 2738 4330; x_wconf 91' lang='lat' dir='ltr'><strong>eosque</strong></span> <span class='ocrx_word' id='word_1_746' title='bbox 2767 4258 3041 4329; x_wconf 87' lang='lat' dir='ltr'><strong>pessimis</strong></span> <span class='ocrx_word' id='word_1_747' title='bbox 3080 4263 3395 4317; x_wconf 86' lang='lat' dir='ltr'><strong>tractantes</strong></span> <span class='ocrx_word' id='word_1_748' title='bbox 3437 4278 3562 4319; x_wconf 86' lang='lat' dir='ltr'><strong>mo-</strong></span> 
     </span>
    </p>
   </div>
   <div class='ocr_carea' id='block_1_103' title="bbox 1918 4347 3559 4422">
    <p class='ocr_par' dir='ltr' id='par_1_103' title="bbox 1918 4347 3559 4422">
     <span class='ocr_line' id='line_1_103' title="bbox 1918 4347 3559 4422; baseline 0.002 -18"><span class='ocrx_word' id='word_1_749' title='bbox 1918 4348 2030 4417; x_wconf 89' lang='lat' dir='ltr'><strong>dis,</strong></span> <span class='ocrx_word' id='word_1_750' title='bbox 2064 4347 2324 4419; x_wconf 89' lang='lat' dir='ltr'><strong>nihilque</strong></span> <span class='ocrx_word' id='word_1_751' title='bbox 2364 4347 2638 4403; x_wconf 82' lang='lat' dir='ltr'><strong>iuausum</strong></span> <span class='ocrx_word' id='word_1_752' title='bbox 2684 4347 3158 4419; x_wconf 88' lang='lat' dir='ltr'><strong>intentatumque</strong></span> <span class='ocrx_word' id='word_1_753' title='bbox 3204 4348 3559 4422; x_wconf 89' lang='lat' dir='ltr'><strong>linquentes,</strong></span> 
     </span>
    </p>
   </div>
   <div class='ocr_carea' id='block_1_104' title="bbox 1918 4438 3563 4511">
    <p class='ocr_par' dir='ltr' id='par_1_104' title="bbox 1918 4438 3563 4511">
     <span class='ocr_line' id='line_1_104' title="bbox 1918 4438 3563 4511; baseline 0.003 -17"><span class='ocrx_word' id='word_1_754' title='bbox 1918 4456 2031 4511; x_wconf 90' lang='lat' dir='ltr'><strong>quo</strong></span> <span class='ocrx_word' id='word_1_755' title='bbox 2065 4438 2221 4510; x_wconf 91' lang='lat' dir='ltr'><strong>ipsos</strong></span> <span class='ocrx_word' id='word_1_756' title='bbox 2254 4443 2354 4494; x_wconf 88' lang='lat' dir='ltr'><strong>aut</strong></span> <span class='ocrx_word' id='word_1_757' title='bbox 2385 4438 2647 4494; x_wconf 89' lang='lat' dir='ltr'><strong>funditus</strong></span> <span class='ocrx_word' id='word_1_758' title='bbox 2686 4439 3096 4510; x_wconf 83' lang='lat' dir='ltr'><strong>exstirparent,</strong></span> <span class='ocrx_word' id='word_1_759' title='bbox 3129 4447 3230 4495; x_wconf 91' lang='lat' dir='ltr'><strong>aut</strong></span> <span class='ocrx_word' id='word_1_760' title='bbox 3281 4443 3349 4497; x_wconf 88' lang='lat' dir='ltr'><strong>ad</strong></span> <span class='ocrx_word' id='word_1_761' title='bbox 3401 4458 3563 4498; x_wconf 90' lang='lat' dir='ltr'><strong>com-</strong></span> 
     </span>
    </p>
   </div>
   <div class='ocr_carea' id='block_1_105' title="bbox 1920 4529 3565 4600">
    <p class='ocr_par' dir='ltr' id='par_1_105' title="bbox 1920 4529 3565 4600">
     <span class='ocr_line' id='line_1_105' title="bbox 1920 4529 3565 4600; baseline 0.002 -17"><span class='ocrx_word' id='word_1_762' title='bbox 1920 4529 2276 4597; x_wconf 89' lang='lat' dir='ltr'><strong>probandam</strong></span> <span class='ocrx_word' id='word_1_763' title='bbox 2308 4529 2665 4600; x_wconf 89' lang='lat' dir='ltr'><strong>impietatem</strong></span> <span class='ocrx_word' id='word_1_764' title='bbox 2725 4543 2893 4583; x_wconf 89' lang='lat' dir='ltr'><strong>suam</strong></span> <span class='ocrx_word' id='word_1_765' title='bbox 2944 4530 3361 4600; x_wconf 83' lang='lat' dir='ltr'><strong>pertraherent,</strong></span> <span class='ocrx_word' id='word_1_766' title='bbox 3392 4532 3565 4587; x_wconf 88' lang='lat' dir='ltr'><strong>insti—</strong></span> 
     </span>
    </p>
   </div>
   <div class='ocr_carea' id='block_1_106' title="bbox 1917 4617 3562 4691">
    <p class='ocr_par' dir='ltr' id='par_1_106' title="bbox 1917 4617 3562 4691">
     <span class='ocr_line' id='line_1_106' title="bbox 1917 4617 3562 4691; baseline 0.002 -18"><span class='ocrx_word' id='word_1_767' title='bbox 1917 4627 2089 4691; x_wconf 88' lang='lat' dir='ltr'><strong>gante</strong></span> <span class='ocrx_word' id='word_1_768' title='bbox 2118 4617 2249 4673; x_wconf 88' lang='lat' dir='ltr'><strong>illos</strong></span> <span class='ocrx_word' id='word_1_769' title='bbox 2293 4617 2573 4673; x_wconf 88' lang='lat' dir='ltr'><strong>nimirum</strong></span> <span class='ocrx_word' id='word_1_770' title='bbox 2623 4617 2973 4688; x_wconf 85' lang='lat' dir='ltr'><strong>impiissimo</strong></span> <span class='ocrx_word' id='word_1_771' title='bbox 3012 4618 3423 4688; x_wconf 85' lang='lat' dir='ltr'><strong>imperatorum</strong></span> <span class='ocrx_word' id='word_1_772' title='bbox 3455 4620 3562 4676; x_wconf 87' lang='lat' dir='ltr'><strong>Va-</strong></span> 
     </span>
    </p>
   </div>
   <div class='ocr_carea' id='block_1_107' title="bbox 1918 4707 3564 4783">
    <p class='ocr_par' dir='ltr' id='par_1_107' title="bbox 1918 4707 3564 4783">
     <span class='ocr_line' id='line_1_107' title="bbox 1918 4707 3564 4783; baseline 0.003 -22"><span class='ocrx_word' id='word_1_773' title='bbox 1918 4708 2091 4773; x_wconf 88' lang='lat' dir='ltr'><strong>lente,</strong></span> <span class='ocrx_word' id='word_1_774' title='bbox 2124 4707 2613 4780; x_wconf 85' lang='lat' dir='ltr'><strong>vehementerque</strong></span> <span class='ocrx_word' id='word_1_775' title='bbox 2666 4708 3012 4779; x_wconf 89' lang='lat' dir='ltr'><strong>adjurante;</strong></span> <span class='ocrx_word' id='word_1_776' title='bbox 3045 4709 3348 4780; x_wconf 81' lang='lat' dir='ltr'><strong>Gregorius</strong></span> <span class='ocrx_word' id='word_1_777' title='bbox 3387 4710 3564 4783; x_wconf 88' lang='lat' dir='ltr'><strong>igitur</strong></span> 
     </span>
    </p>
   </div>
   <div class='ocr_carea' id='block_1_108' title="bbox 1913 4794 3561 4867">
    <p class='ocr_par' dir='ltr' id='par_1_108' title="bbox 1913 4794 3561 4867">
     <span class='ocr_line' id='line_1_108' title="bbox 1913 4794 3561 4867; baseline 0.001 -16"><span class='ocrx_word' id='word_1_778' title='bbox 1913 4796 2199 4867; x_wconf 68' lang='lat' dir='ltr'><strong>indomito</strong></span> <span class='ocrx_word' id='word_1_779' title='bbox 2231 4797 2626 4867; x_wconf 76' lang='lat' dir='ltr'><strong>etirenatoque</strong></span> <span class='ocrx_word' id='word_1_780' title='bbox 2657 4796 2764 4851; x_wconf 91' lang='lat' dir='ltr'><strong>hos</strong></span> <span class='ocrx_word' id='word_1_781' title='bbox 2786 4797 3067 4851; x_wconf 90' lang='lat' dir='ltr'><strong>adversus</strong></span> <span class='ocrx_word' id='word_1_782' title='bbox 3100 4794 3415 4851; x_wconf 87' lang='lat' dir='ltr'><strong>Ecclesiam</strong></span> <span class='ocrx_word' id='word_1_783' title='bbox 3449 4797 3561 4852; x_wconf 90' lang='lat' dir='ltr'><strong>im-</strong></span> 
     </span>
    </p>
   </div>
   <div class='ocr_carea' id='block_1_109' title="bbox 1913 4885 3558 4958">
    <p class='ocr_par' dir='ltr' id='par_1_109' title="bbox 1913 4885 3558 4958">
     <span class='ocr_line' id='line_1_109' title="bbox 1913 4885 3558 4958; baseline -0.001 -16"><span class='ocrx_word' id='word_1_784' title='bbox 1913 4891 2048 4958; x_wconf 89' lang='lat' dir='ltr'><strong>petu</strong></span> <span class='ocrx_word' id='word_1_785' title='bbox 2098 4901 2288 4958; x_wconf 87' lang='lat' dir='ltr'><strong>agere.</strong></span> <span class='ocrx_word' id='word_1_786' title='bbox 2318 4901 2626 4957; x_wconf 88' lang='lat' dir='ltr'><strong>merosque</strong></span> <span class='ocrx_word' id='word_1_787' title='bbox 2675 4885 2898 4958; x_wconf 89' lang='lat' dir='ltr'><strong>spirare</strong></span> <span class='ocrx_word' id='word_1_788' title='bbox 2949 4885 3172 4941; x_wconf 90' lang='lat' dir='ltr'><strong>furores</strong></span> <span class='ocrx_word' id='word_1_789' title='bbox 3202 4886 3558 4942; x_wconf 86' lang='lat' dir='ltr'><strong>animadver-</strong></span> 
     </span>
    </p>
   </div>
   <div class='ocr_carea' id='block_1_110' title="bbox 1912 4973 3557 5046">
    <p class='ocr_par' dir='ltr' id='par_1_110' title="bbox 1912 4973 3557 5046">
     <span class='ocr_line' id='line_1_110' title="bbox 1912 4973 3557 5046; baseline 0.003 -21"><span class='ocrx_word' id='word_1_790' title='bbox 1912 4980 2061 5043; x_wconf 90' lang='lat' dir='ltr'><strong>tens,</strong></span> <span class='ocrx_word' id='word_1_791' title='bbox 2095 4981 2150 5030; x_wconf 89' lang='lat' dir='ltr'><strong>et</strong></span> <span class='ocrx_word' id='word_1_792' title='bbox 2200 4973 2371 5030; x_wconf 92' lang='lat' dir='ltr'><strong>modo</strong></span> <span class='ocrx_word' id='word_1_793' title='bbox 2418 4974 2624 5030; x_wconf 90' lang='lat' dir='ltr'><strong>ultima</strong></span> <span class='ocrx_word' id='word_1_794' title='bbox 2681 4975 2896 5046; x_wconf 61' lang='lat' dir='ltr'><strong>quasvis</strong></span> <span class='ocrx_word' id='word_1_795' title='bbox 2958 4973 3224 5031; x_wconf 85' lang='lat' dir='ltr'><strong>fidelibus</strong></span> <span class='ocrx_word' id='word_1_796' title='bbox 3284 4973 3557 5044; x_wconf 90' lang='lat' dir='ltr'><strong>minitari,</strong></span> 
     </span>
    </p>
   </div>
   <div class='ocr_carea' id='block_1_111' title="bbox 1920 5225 3563 5299">
    <p class='ocr_par' dir='ltr' id='par_1_111' title="bbox 1920 5225 3563 5299">
     <span class='ocr_line' id='line_1_111' title="bbox 1920 5225 3563 5299; baseline -0.001 -14"><span class='ocrx_word' id='word_1_797' title='bbox 1920 5231 1991 5285; x_wconf 89' lang='lat' dir='ltr'><strong>ad</strong></span> <span class='ocrx_word' id='word_1_798' title='bbox 2024 5230 2347 5299; x_wconf 53' lang='lat' dir='ltr'><strong>sefmissos,</strong></span> <span class='ocrx_word' id='word_1_799' title='bbox 2369 5229 2582 5285; x_wconf 88' lang='lat' dir='ltr'><strong>Valens</strong></span> <span class='ocrx_word' id='word_1_800' title='bbox 2613 5228 3027 5299; x_wconf 86' lang='lat' dir='ltr'><strong>imperatorum</strong></span> <span class='ocrx_word' id='word_1_801' title='bbox 3060 5225 3563 5299; x_wconf 55' lang='lat' dir='ltr'><strong>savissimusmoc</strong></span> 
     </span>
    </p>
   </div>
   <div class='ocr_carea' id='block_1_112' title="bbox 1918 5296 3562 5369">
    <p class='ocr_par' dir='ltr' id='par_1_112' title="bbox 1918 5296 3562 5369">
     <span class='ocr_line' id='line_1_112' title="bbox 1918 5296 3562 5369; baseline -0.002 -13"><span class='ocrx_word' id='word_1_802' title='bbox 1918 5306 2037 5357; x_wconf 91' lang='lat' dir='ltr'><strong>tam</strong></span> <span class='ocrx_word' id='word_1_803' title='bbox 2088 5296 2356 5369; x_wconf 85' lang='lat' dir='ltr'><strong>barbaro,</strong></span> <span class='ocrx_word' id='word_1_804' title='bbox 2399 5307 2498 5355; x_wconf 88' lang='lat' dir='ltr'><strong>aut</strong></span> <span class='ocrx_word' id='word_1_805' title='bbox 2552 5296 2743 5354; x_wconf 81' lang='lat' dir='ltr'><strong>verius</strong></span> <span class='ocrx_word' id='word_1_806' title='bbox 2782 5298 3051 5354; x_wconf 90' lang='lat' dir='ltr'><strong>Satanico</strong></span> <span class='ocrx_word' id='word_1_807' title='bbox 3080 5296 3381 5368; x_wconf 90' lang='lat' dir='ltr'><strong>supplicio,</strong></span> <span class='ocrx_word' id='word_1_808' title='bbox 3416 5313 3562 5353; x_wconf 88' lang='lat' dir='ltr'><strong>mar-</strong></span> 
     </span>
    </p>
   </div>
   <div class='ocr_carea' id='block_1_113' title="bbox 1921 5368 3563 5445">
    <p class='ocr_par' dir='ltr' id='par_1_113' title="bbox 1921 5368 3563 5445">
     <span class='ocr_line' id='line_1_113' title="bbox 1921 5368 3563 5445; baseline -0.001 -18"><span class='ocrx_word' id='word_1_809' title='bbox 1921 5382 2069 5445; x_wconf 85' lang='lat' dir='ltr'><strong>tyres</strong></span> <span class='ocrx_word' id='word_1_810' title='bbox 2100 5374 2511 5445; x_wconf 20' lang='lat' dir='ltr'><strong>sanctissimos;</strong></span> <span class='ocrx_word' id='word_1_811' title='bbox 2530 5368 2761 5425; x_wconf 83' lang='lat' dir='ltr'><strong>adfecit.</strong></span> <span class='ocrx_word' id='word_1_812' title='bbox 2795 5368 3246 5445; x_wconf 24' lang='lat' dir='ltr'><strong>Quod‘historite</strong></span> <span class='ocrx_word' id='word_1_813' title='bbox 3293 5369 3563 5445; x_wconf 79' lang='lat' dir='ltr'><strong>ecclesia-</strong></span> 
     </span>
    </p>
   </div>
   <div class='ocr_carea' id='block_1_114' title="bbox 1919 5441 3565 5514">
    <p class='ocr_par' dir='ltr' id='par_1_114' title="bbox 1919 5441 3565 5514">
     <span class='ocr_line' id='line_1_114' title="bbox 1919 5441 3565 5514; baseline 0.001 -17"><span class='ocrx_word' id='word_1_814' title='bbox 1919 5441 2080 5500; x_wconf 64' lang='lat' dir='ltr'><strong>sticus</strong></span> <span class='ocrx_word' id='word_1_815' title='bbox 2122 5446 2455 5514; x_wconf 89' lang='lat' dir='ltr'><strong>scriptores,</strong></span> <span class='ocrx_word' id='word_1_816' title='bbox 2485 5443 2749 5497; x_wconf 88' lang='lat' dir='ltr'><strong>Socrates</strong></span> <span class='ocrx_word' id='word_1_817' title='bbox 2806 5441 3223 5508; x_wconf 86' lang='lat' dir='ltr'><strong>Scholasticus,</strong></span> <span class='ocrx_word' id='word_1_818' title='bbox 3251 5457 3350 5514; x_wconf 85' lang='lat' dir='ltr'><strong>_1v,</strong></span> <span class='ocrx_word' id='word_1_819' title='bbox 3385 5442 3472 5514; x_wconf 14' lang='lat'><strong>1‘6,</strong></span> <span class='ocrx_word' id='word_1_820' title='bbox 3507 5449 3565 5499; x_wconf 85' lang='lat' dir='ltr'><strong>et</strong></span> 
     </span>
    </p>
   </div>
   <div class='ocr_carea' id='block_1_115' title="bbox 1918 5511 3560 5583">
    <p class='ocr_par' dir='ltr' id='par_1_115' title="bbox 1918 5511 3560 5583">
     <span class='ocr_line' id='line_1_115' title="bbox 1918 5511 3560 5583; baseline -0.001 -12"><span class='ocrx_word' id='word_1_821' title='bbox 1918 5515 2184 5571; x_wconf 87' lang='lat' dir='ltr'><strong>Hermias</strong></span> <span class='ocrx_word' id='word_1_822' title='bbox 2236 5511 2611 5580; x_wconf 79' lang='lat' dir='ltr'><strong>Sozomeuus,</strong></span> <span class='ocrx_word' id='word_1_823' title='bbox 2662 5529 2740 5581; x_wconf 72' lang='lat' dir='ltr'><strong>vr,</strong></span> <span class='ocrx_word' id='word_1_824' title='bbox 2778 5514 2861 5580; x_wconf 76' lang='grc'>14,</span> <span class='ocrx_word' id='word_1_825' title='bbox 2896 5514 3183 5583; x_wconf 76' lang='lat' dir='ltr'><strong>produnt;</strong></span> <span class='ocrx_word' id='word_1_826' title='bbox 3217 5511 3338 5568; x_wconf 91' lang='lat' dir='ltr'><strong>sive</strong></span> <span class='ocrx_word' id='word_1_827' title='bbox 3367 5512 3560 5569; x_wconf 84' lang='lat' dir='ltr'><strong>civum</strong></span> 
     </span>
    </p>
   </div>
   <div class='ocr_carea' id='block_1_116' title="bbox 1916 5580 3555 5658">
    <p class='ocr_par' dir='ltr' id='par_1_116' title="bbox 1916 5580 3555 5658">
     <span class='ocr_line' id='line_1_116' title="bbox 1916 5580 3555 5658; baseline -0.003 -16"><span class='ocrx_word' id='word_1_828' title='bbox 1916 5580 2842 5658; x_wconf 43' lang='lat' dir='ltr'><strong>Constantinopolitanorumﬁdw</strong></span> <span class='ocrx_word' id='word_1_829' title='bbox 2869 5580 2966 5650; x_wconf 66' lang='grc' dir='ltr'><strong>τῆς</strong></span> <span class='ocrx_word' id='word_1_830' title='bbox 2990 5580 3203 5655; x_wconf 83' lang='grc' dir='ltr'>Ἀρείου</span> <span class='ocrx_word' id='word_1_831' title='bbox 3227 5584 3555 5658; x_wconf 71' lang='grc' dir='ltr'>συμμορίας,</span> 
     </span>
    </p>
   </div>
   <div class='ocr_carea' id='block_1_117' title="bbox 1917 5657 3562 5724">
    <p class='ocr_par' dir='ltr' id='par_1_117' title="bbox 1917 5657 3562 5724">
     <span class='ocr_line' id='line_1_117' title="bbox 1917 5657 3562 5724; baseline 0 -10"><span class='ocrx_word' id='word_1_832' title='bbox 1917 5657 2414 5714; x_wconf 63' lang='lat' dir='ltr'><strong>immanissimum</strong></span> <span class='ocrx_word' id='word_1_833' title='bbox 2447 5658 2676 5711; x_wconf 86' lang='lat' dir='ltr'><strong>facinus</strong></span> <span class='ocrx_word' id='word_1_834' title='bbox 2706 5659 2833 5724; x_wconf 83' lang='lat' dir='ltr'><strong>fuit,</strong></span> <span class='ocrx_word' id='word_1_835' title='bbox 2867 5663 2930 5710; x_wconf 88' lang='lat' dir='ltr'><strong>ut</strong></span> <span class='ocrx_word' id='word_1_836' title='bbox 2960 5660 3158 5710; x_wconf 87' lang='lat' dir='ltr'><strong>auctor</strong></span> <span class='ocrx_word' id='word_1_837' title='bbox 3187 5660 3273 5713; x_wconf 87' lang='lat' dir='ltr'><strong>est</strong></span> <span class='ocrx_word' id='word_1_838' title='bbox 3300 5657 3562 5714; x_wconf 88' lang='lat' dir='ltr'><strong>Theodo-</strong></span> 
     </span>
    </p>
   </div>
   <div class='ocr_carea' id='block_1_118' title="bbox 1916 5731 2320 5797">
    <p class='ocr_par' dir='ltr' id='par_1_118' title="bbox 1916 5731 2320 5797">
     <span class='ocr_line' id='line_1_118' title="bbox 1916 5731 2320 5797; baseline -0.007 -11"><span class='ocrx_word' id='word_1_839' title='bbox 1916 5738 2097 5797; x_wconf 87' lang='lat' dir='ltr'><strong>retus,</strong></span> <span class='ocrx_word' id='word_1_840' title='bbox 2133 5747 2206 5791; x_wconf 84' lang='grc' dir='ltr'>ιν.</span> <span class='ocrx_word' id='word_1_841' title='bbox 2232 5731 2320 5784; x_wconf 76' lang='grc'><strong>24.</strong></span> 
     </span>
    </p>
   </div>
   <div class='ocr_carea' id='block_1_119' title="bbox 1984 5801 2525 5873">
    <p class='ocr_par' dir='ltr' id='par_1_119' title="bbox 1984 5801 2525 5873">
     <span class='ocr_line' id='line_1_119' title="bbox 1984 5801 2525 5873; baseline -0.002 -17"><span class='ocrx_word' id='word_1_842' title='bbox 1984 5804 2063 5873; x_wconf 88' lang='lat'><strong>(6)</strong></span> <span class='ocrx_word' id='word_1_843' title='bbox 2100 5802 2239 5858; x_wconf 80' lang='lat' dir='ltr'><strong>Iliad</strong></span> <span class='ocrx_word' id='word_1_844' title='bbox 2269 5801 2368 5870; x_wconf 84' lang='lat' dir='ltr'><strong>Ix,</strong></span> <span class='ocrx_word' id='word_1_845' title='bbox 2400 5801 2525 5855; x_wconf 84' lang='lat'><strong>293.</strong></span> 
     </span>
    </p>
   </div>
  </div>
