3986 6228
385 394 504 458 303

1701 393 2093 456 THEODULI
2135 394 2490 456 MONACHI

3676 401 3798 467 σοι

386 532 561 589 modo
585 535 835 590 terrores
864 531 1167 588 verborum
1199 531 1372 587 rebus
1418 529 1567 601 ipsis
1610 528 1783 603 longe
1830 534 2025 602 prate-

2151 529 2305 590 οὗτος
2353 528 2539 591 αὐτοῖς
2590 528 2807 585 ἐπέθετο
2855 536 3125 606 κραταιῶς
3185 535 3274 589 καὶ
3338 536 3469 609 μετᾶ
3525 539 3797 611 τοσαύτης

385 622 521 693 rire,
556 639 657 678 nec
704 621 808 678 ulli
857 621 1098 676 omnino
1143 619 1398 693 amplius
1428 618 1697 676 ferendos
1728 634 1879 685 esse,
1912 626 2031 676 tum

381 713 454 768 ob
507 710 1059 782 impotentissimam
1109 710 1272 766 illam
1322 709 1621 766 audaciam
1673 724 1861 774 suam,
1903 711 2029 764 tum

379 802 533 874 quod
556 799 805 856 turbinis
837 800 895 855 in
918 815 1135 856 morem
1158 815 1393 855 sursum
1428 798 1626 855 omnia
1647 799 2032 871 deorsumque

379 890 820 964 permiscerent,
852 895 909 945 et
939 906 1215 962 angorem
1268 893 1607 960 metumque
1645 889 1907 945 omnium
1941 889 2032 944 in-

377 983 640 1036 cuterent
665 979 914 1035 animis:
941 978 1035 1033 hic
1058 979 1201 1034 adeo
1234 978 1330 1033 ille
1358 978 1612 1033 validam
1645 978 1704 1034 in
1735 978 1895 1050 ipsos
1925 977 2033 1034 im-

379 1070 737 1142 pressionem
770 1068 926 1137 fecit,
959 1071 1239 1139 tantoque
1278 1066 1461 1123 divini
1512 1067 1766 1139 Spiritus
1815 1066 2030 1124 auxilio

376 1157 809 1229 inslructuque,
844 1161 906 1212 ut
954 1156 1147 1229 copias
1188 1172 1390 1212 eorum
1437 1172 1554 1211 non
1594 1158 1764 1212 modo
1796 1156 2030 1228 penitus

377 1252 769 1319 prosterneret
827 1245 1295 1317 protligaretque,
1352 1267 1381 1295 «
1442 1250 1499 1301 et
1545 1261 1779 1301 omnem
1829 1262 2029 1302 eorum

378 1336 813 1403 celsitudinem,
847 1350 975 1406 quas
1005 1335 1286 1389 adversus
1316 1333 1416 1390 Dei
1448 1334 1843 1405 cognitionem
1867 1334 2033 1390 attol-

375 1425 621 1492 lebatur,
656 1424 978 1481 destrueret
1033 1424 1098 1491 ³⁸,
1130 1444 1157 1473 ››
1220 1423 1320 1480 sed
1378 1438 1485 1478 nec
1543 1423 1724 1478 altero
1781 1423 1841 1478 in
1900 1423 2029 1481 illos

375 1531 524 1587 opus
555 1523 705 1570 esset
734 1513 1028 1580 conﬂictu,
1063 1512 1245 1569 semel
1273 1514 1432 1569 fusos
1469 1512 1726 1581 :omnino
1778 1514 2029 1585 fugatos-

376 1621 508 1678 que,
523 1609 579 1659 et
601 1603 815 1676 quibus
839 1619 973 1659 cum
1002 1619 1062 1658 re
1093 1601 1269 1658 simul
1301 1602 1535 1657 animus
1566 1602 1738 1673 plane
1769 1603 2029 1660 concide-

376 1700 486 1763 rat,
518 1694 599 1749 ita
632 1698 692 1749 ut
723 1710 837 1748 non
873 1693 1041 1747 modo
1073 1709 1188 1747 non
1221 1708 1284 1747 os
1320 1692 1632 1763 impudens
1670 1693 1859 1748 denuo
1893 1710 2026 1764 per-

375 1783 602 1849 fricare,
636 1785 735 1838 sed
770 1798 874 1837 nec
906 1779 1105 1837 oculos
1141 1785 1341 1836 contra
1372 1779 1729 1837 clarissimos
1768 1783 2026 1839 veritatis

2143 622 2487 693 παρασκευῆς
2534 625 2636 689 τῆς
2676 623 2774 675 τοῦ
2826 622 3162 694 Πνεῦματος,
3191 624 3267 686 ὡς
3320 626 3395 699 μὴ
3446 626 3611 701 μόνον
3657 630 3795 684 κατᾶ

2144 708 2342 783 κράτος
2392 707 2533 764 ἑλεῖν
2580 729 2639 763 τε
2685 709 2777 764 καὶ
2823 713 3310 786 καταστρέψασθαι,
3339 716 3430 769 καὶ
3485 738 3510 769 ε
3543 717 3790 773 καθελεῖν

2141 797 2322 852 αὐτῶν
2381 801 2484 850 πᾶν
2544 796 2748 872 ὕψωμα
2803 798 2940 853 κατᾶ
2984 806 3085 867 τῆς
3130 802 3379 875 γνώσεως
3436 804 3791 880 ἐπαιρόμενον

2140 891 2237 941 τοῦ
2269 890 2422 949 Θεοῦ,
2460 910 2487 938 ››
2518 885 2666 943 ἀλλᾶ
2693 889 2771 961 μὴ
2804 885 2860 943 δὲ
2890 889 3225 963 συμπλοκῆς
3274 887 3354 948 ἔτι
3387 891 3649 965 δεηθῆναι
3682 894 3770 952 δευ

2140 975 2323 1050 τέ’ρας,
2382 978 2445 1049 [ἴ.
2501 978 2633 1033 add.
2693 978 2848 1052 πρὸς]
2921 980 3054 1048 ἅπαξ
3136 982 3628 1057 κατειργασμένους
3703 987 3794 1041 καὶ

2142 1068 2503 1140 ἡττημένους,
2549 1068 2639 1122 καὶ
2713 1068 3052 1125 παντάπασιν
3128 1070 3496 1147 ἀπογνόντας·
3569 1076 3648 1136 ὡς
3714 1079 3792 1148 μή

2143 1159 2267 1212 ὅσον
2301 1159 2675 1233 ἀναισχυντεῖν
2708 1156 2985 1229 δύνασθαι,
3007 1158 3154 1215 ἀλλὰ
3181 1160 3312 1235 μηδ’
3339 1159 3687 1221 ἀντιϐλέπειν
3717 1160 3797 1221 ἔτ’

2142 1246 2287 1324 ἔχειν
2319 1250 2455 1324 πρὸς
2502 1249 2596 1309 τὰς
2642 1251 2741 1317 τῆς
2787 1249 3051 1321 ἀληθείας
3092 1251 3310 1313 ἀκτῖνας
3354 1256 3445 1308 καὶ
3508 1256 3605 1318 τὰς
3651 1256 3793 1312 ἐκεί-

2139 1360 2233 1393 νου
2281 1342 2388 1393 τῶν
2441 1337 2620 1412 λόγων
2672 1337 2864 1413 βολάς.
2899 1340 3149 1413 Δημοσίᾳ
3196 1340 3290 1414 μέν
3336 1363 3398 1420 γε
3448 1342 3641 1418 ληρεῖν
3699 1345 3793 1400 καὶ

2140 1426 2601 1504 παρρησιάζεσθαι
2682 1430 2781 1498 τὴν
2866 1424 3194 1498 δυσσέϐειαν,
3243 1430 3425 1500 ἥκιστ’
3484 1431 3742 1508 ἐτόλμων
3778 1457 3792 1468 ο

2140 1515 2334 1592 ᾔδεσαν
2394 1518 2497 1593 γὰρ
2557 1514 2681 1573 οὔτε
2738 1518 2914 1594 σφίσιν
2955 1518 3141 1582 αῧτοῖς
3181 1524 3342 1575 τοῦτο
3397 1528 3667 1593 συνοῖσον,
3701 1524 3793 1581 καὶ

2139 1608 2275 1682 πρὸς
2330 1606 2523 1683 κέντρα
2579 1610 2925 1682 χωρήσοντες
2983 1608 3229 1684 ἀτεχνῶς
3286 1611 3348 1666 τὸ
3421 1615 3516 1666 τοῦ
3573 1612 3788 1689 λόγου·

2145 1722 2164 1748 α
2203 1696 2396 1753 Παθὼν
2429 1693 2487 1751 δέ
2513 1716 2571 1750 τε
2599 1698 2793 1767 νήπιος
2817 1690 2986 1772 ἔγνω³
3009 1721 3036 1748 ››
3058 1702 3155 1752 τοῦ
3189 1695 3235 1753 δ’
3269 1696 3378 1771 ἰδίᾳ
3406 1702 3494 1754 καὶ
3526 1703 3646 1756 καθ’
3671 1703 3793 1757 ἐαυ-

2137 1787 2265 1847 τοὺς
2314 1810 2343 1837 ‹‹
2383 1782 2594 1840 ἀδικίαν
2646 1784 2721 1847 εἷς
2768 1786 2830 1839 τὸ
2871 1785 3005 1861 ὕψος
3045 1784 3256 1853 λαλεῖν,
3294 1812 3320 1839 n
3352 1790 3442 1843 καὶ
3473 1790 3792 1864 πάντολμον

376 1873 589 1940 radios,
616 1877 672 1927 et
703 1872 990 1927 rationum
1023 1870 1476 1941 orationumque
1507 1871 1691 1925 nostri
1717 1874 1878 1941 jacta
1917 1872 2021 1927 ful-

2151 1874 2381 1949 (λῶσσαν
2431 1875 2565 1930 κατὰ
2611 1879 2706 1929 τοῦ
2756 1874 2912 1930 Θείου
2960 1881 3148 1946 κινεῖν,
3181 1876 3242 1931 οὗ
3295 1876 3508 1950 μᾶλλον
3541 1879 3793 1950 ἀπέστη-

376 1963 532 2020 mina
581 1961 845 2017 attollere
894 1961 1194 2016 auderent.
1227 1960 1615 2026 Quamobrem
1668 1960 1909 2016 minime
1941 1962 2024 2018 illi

373 2054 529 2108 ultra
577 2053 633 2107 in
687 2052 917 2123 publico
961 2051 1204 2124 garrire,
1229 2067 1518 2124 suamque
1560 2052 1859 2123 propalam
1894 2068 2021 2125 per-

370 2142 608 2216 vulgare
651 2140 1029 2214 impietatem,
1063 2142 1227 2213 gnari
1268 2144 1549 2197 nimirum
1585 2142 1736 2197 haud
1768 2159 1800 2198 e
1832 2159 1890 2198 re
1920 2160 2027 2198 sua

372 2233 430 2288 id
468 2233 755 2298 futurum,
791 2247 965 2303 seque
994 2231 1131 2302 :hoc
1190 2235 1358 2303 pacto
1392 2231 1447 2286 in
1481 2232 1757 2288 adversos
1787 2234 2024 2289 omnino

376 2323 650 2380 stimulos
708 2321 980 2391 ruituros,
1040 2322 1361 2378 secundum
1424 2321 1720 2394 vulgarem
1791 2328 2026 2379 senten-

378 2418 516 2472 tiam
555 2417 646 2486 (7),
693 2435 722 2465 ι(
773 2414 934 2485 Sapit
977 2415 1210 2483 accepto
1262 2427 1395 2467 nam
1433 2411 1666 2468 vulnere
1709 2412 1960 2480 stultus;
1997 2434 2024 2461 η

377 2509 435 2562 at
491 2504 761 2578 privatim
818 2520 882 2559 ac
950 2503 1187 2558 remotis
1258 2502 1516 2567 arbitris,
1589 2502 1772 2558 nihilo
1844 2504 2027 2574 magis

375 2595 660 2653 desierant
707 2616 735 2644 «
785 2594 1167 2664 iniquatatem
1228 2592 1287 2647 in
1337 2591 1642 2648 Excelsum
1687 2592 1841 2663 loqui
1872 2592 1960 2660 3",
1993 2616 2060 2644 »-

374 2689 552 2754 atque
612 2683 946 2739 effrenatam
1006 2681 1287 2736 adversus
1365 2681 1548 2737 Deum
1608 2682 1835 2737 vibrare
1912 2682 2025 2738 lin-

376 2789 551 2846 guam
582 2788 819 2839 ;verum
843 2772 1042 2827 eadem
1065 2770 1257 2826 adhuc
1291 2771 1487 2841 perciti
1522 2770 1701 2837 rabie,
1736 2787 2025 2844 paresque

378 2867 435 2920 et
466 2862 686 2917 similes
720 2866 1039 2928 manentes,
1057 2861 1553 2931 quemadmodum
1586 2858 1681 2916 ille
1717 2860 1776 2915 in
1818 2861 2024 2933 adagio

379 2967 681 3024 nunquam
731 2950 1035 3006 albescens
1084 2948 1369 3021 IEthiops,
1424 2964 1654 3005 omnem
1717 2952 2026 3007 movebant

377 3042 708 3109 rudentem,
739 3039 1054 3110 omniaque
1084 3037 1571 3093 machinabantur
1600 3054 1665 3094 ac
1704 3038 2021 3110 agitabant,

379 3140 438 3186 ut
470 3130 701 3185 sublato
732 3129 803 3184 de
840 3128 1029 3183 medio
1061 3127 1432 3184 sanctissimo
1454 3128 1594 3197 viro,
1620 3127 1822 3182 iisdem
1855 3145 2024 3197 porro

2135 1985 2253 2034 σαν,
2287 1963 2433 2019 ἀλλὰ
2496 1970 2598 2034 τῆς
2647 1965 2816 2034 αὐτῆς
2865 1960 2938 2019 ἔτ’
2978 1964 3239 2043 ἐχόμενοι
3289 1952 3516 2039 λύσσης,
3547 1970 3638 2023 καὶ
3691 1969 3792 2042 μέ..

2132 2075 2312 2117 νοντες
2358 2052 2469 2108 ἴσοι
2522 2055 2614 2108 καὶ
2664 2052 3043 2128 παραπλήσιοι
3081 2054 3320 2132 καθάπερ
3370 2058 3397 2111 ὁ
3440 2059 3513 2130 μή
3564 2057 3790 2114 λευκαι-

2131 2143 2359 2216 νόμενος
2405 2149 2505 2213 τῆς
2557 2142 2854 2218 παροιμίας
2906 2143 3132 2218 Αἰθίοψ,
3181 2146 3337 2200 πάντ’
3395 2148 3528 2216 ἦσαν
3598 2148 3788 2204 κάλων

2130 2237 2416 2297 κινοῦντες.
2466 2235 2557 2288 καὶ
2632 2235 2805 2289 πάντα
2887 2235 3283 2312 μηχανώμενοι
3349 2235 3441 2291 καὶ
3498 2242 3788 2301 ποιοῦντες

2132 2322 2245 2397 ἐφῷ
2301 2323 2391 2377 τὸν
2449 2323 2603 2399 ἅγιον
2664 2321 2964 2394 ἀνελόντες,
3031 2327 3150 2387 τοῖς
3204 2323 3397 2387 αὐτοῖς
3473 2324 3550 2380 ἔθ’
3605 2325 3790 2398 ἕξουσι

2133 2414 2395 2487 χρῆσθαι,
2444 2412 2535 2466 καὶ
2582 2412 2718 2486 μετὰ
2766 2412 2983 2467 πολλοῦ
3030 2416 3128 2467 τοῦ
3182 2414 3436 2486 μείζονος
3478 2415 3577 2483 τὴν
3619 2418 3790 2485 ἧτταν

2132 2499 2562 2555 ἀνακαλέσασθαι
2586 2517 2599 2529 ⁸
2630 2501 2727 2560 τὰς
2772 2500 2865 2572 μὲν
2898 2499 2992 2555 οὖν
3036 2500 3241 2555 τούτων
3280 2502 3396 2556 κατ’
3423 2499 3584 2558 αῦτοῦ
3636 2502 3791 2578 βλα-

2135 2590 2379 2666 σφημίας
2408 2590 2498 2644 καὶ
2543 2589 2605 2644 τὸ
2654 2589 2797 2644 πολὺ
2845 2589 2936 2644 καὶ
2983 2588 3185 2663 ἄλογον
3229 2592 3423 2662 θράσος
3474 2592 3563 2646 καὶ
3624 2598 3792 2666 μῖσος

2133 2681 2220 2733 καὶ
2282 2678 2613 2754 κακουργίαν
2672 2680 2762 2733 καὶ
2820 2679 3040 2755 φθόνον,
3071 2679 3161 2732 καὶ
3219 2684 3310 2732 νῦν
3364 2681 3459 2752 μὶν
3490 2681 3567 2743 εἷς
3605 2683 3790 2754 τούμ-

2131 2770 2314 2845 φανὲς,
2344 2773 2433 2821 νῦν
2486 2766 2543 2823 δὲ
2599 2767 2859 2842 λαθραίας
2907 2763 3232 2837 ἐπιϐουλὰς,
3266 2771 3356 2823 καί
3404 2769 3531 2832 τοὺς
3564 2771 3792 2849 ἀφειμέ-

2129 2878 2254 2919 νους
2311 2857 2447 2912 κατᾶ
2490 2858 2688 2912 τούτου
2736 2878 2797 2931 γε
2845 2856 3054 2927 λίθους,
3082 2858 3172 2912 καὶ
3219 2858 3311 2913 τὸν
3347 2854 3788 2933 βεϐουλευμένον

2135 2947 2227 3020 μὲν
2292 2947 2378 3001 ὑπ’
2437 2946 2610 3001 αὐτῶν
2667 2947 2918 3014 θάνατον,
2946 2942 3075 3001 "tua
3133 2951 3266 3002 Θεοῦ
3325 2945 3380 3003 δὲ
3435 2949 3784 3020 κωλυθέντα,

2131 3041 2296 3092 ταῦτα
2357 3037 2452 3109 μὲν
2503 3033 2679 3110 λέγειν
2733 3034 2841 3090 ἒῶ·
2879 3033 2966 3090 διὰ
3012 3037 3074 3091 τὸ
3129 3034 3363 3108 μηδενὸς
3401 3037 3612 3093 τούτων
3649 3039 3794 3112 μηδ’

2133 3127 2294 3181 αὐτὸν
2333 3130 2626 3200 προτιμᾷν,
2688 3125 2866 3199 ὥσπερ
2917 3123 2973 3179 δὲ
3031 3122 3213 3200 ῥόδοις
3261 3126 3599 3200 παττόμενον
3659 3131 3794 3203 χαί-

378 3225 677 3277 uterentur
704 3217 1073 3275 successibus
1101 3221 1158 3273 et
1194 3216 1578 3273 cumulatiore
1626 3218 1807 3272 multo
1859 3234 2024 3274 men-

2151 3236 2270 3285 >ειν,
2304 3216 2376 3276 ὡς
2410 3210 2681 3275 εὐσεϐείας
2713 3215 3025 3289 ἀγωνιστήν

379 3327 518 3368 sura
575 3314 871 3380 acceptam
933 3311 1262 3379 repararent
1319 3307 1565 3363 cladem.
1600 3306 1702 3363 Hic
1759 3323 1890 3364 vero
1950 3308 2181 3366 illorum
2252 3309 2527 3363 adversus
2586 3310 2849 3362 nostrum
2900 3308 3248 3375 calumnias,
3283 3324 3702 3382 summamque
3736 3319 3797 3368 et

378 3402 645 3459 insanam
692 3400 862 3473 plane
908 3399 1234 3466 audaciam,
1263 3402 1319 3454 et
1366 3398 1519 3466 odia,
1552 3402 1610 3454 et
1659 3398 1964 3468 maleficia,
1997 3404 2054 3457 et
2102 3400 2405 3464 invidiam,
2440 3402 2496 3453 et
2552 3413 2707 3454 nunc
2754 3399 2811 3453 in
2863 3398 3191 3468 propatulo,
3226 3415 3380 3455 nunc
3420 3399 3478 3454 in
3537 3401 3792 3461 occulto.

379 3497 634 3548 structas
679 3491 943 3558 insidias,
973 3495 1030 3545 et
1078 3490 1338 3561 conjecta
1389 3488 1447 3544 in
1502 3488 1697 3561 ipsum
1745 3505 1909 3557 saxa,
1940 3494 1997 3544 et
2027 3506 2225 3546 eorum
2272 3489 2517 3545 consilio
2558 3491 2872 3557 decretam,
2906 3489 3006 3544 sed
3038 3506 3071 3544 a
3103 3490 3217 3544 Deo
3250 3506 3592 3557 reoressam,
3625 3492 3796 3548 illius

380 3592 668 3650 mortem;
703 3581 843 3649 haec,
876 3582 1141 3653 inquam,
1177 3579 1355 3634 missa
1405 3578 1549 3633 facio
1594 3578 1813 3648 omnia,
1846 3580 2080 3651 quando
2126 3596 2229 3635 nec
2276 3579 2398 3650 ipse
2448 3578 2654 3634 horum
2707 3579 3005 3648 quidpiam
3058 3581 3125 3634 ad
3161 3579 3425 3634 animum
3458 3582 3793 3651 revocabat,

380 3673 480 3729 sed
514 3673 726 3742 potius,
761 3671 914 3743 quod
945 3675 1251 3725 strenuum
1292 3667 1553 3723 veritatis
1578 3676 2061 3739 propugnatorem
2097 3669 2313 3733 decuit,
2345 3668 2438 3722 his
2469 3667 2621 3722 velut
2654 3668 2801 3722 rosis
2831 3683 2959 3723 sese
2989 3670 3293 3739 conspergi
3326 3670 3639 3739 gaudebat.

450 3760 802 3818 LXXXVIII.
837 3761 1116 3815 Caeterum
1149 3758 1206 3813 id
1239 3758 1392 3830 quod
1441 3773 1510 3813 ex
1538 3757 1811 3813 omnibus
1843 3774 2026 3813 unum

380 3852 665 3923 praecipue
697 3849 937 3921 dignum
972 3852 1294 3904 memoratu
1327 3846 1880 3919 dictuque,dignum
1913 3846 2027 3901 ani-

383 3941 492 3996 mis
526 3940 881 4009 auribusque
905 3936 1309 3993 attentissimis
1339 3940 1449 3997 est,
1475 3936 1683 3991 dicam.
1711 3934 2026 4004 Nimirum,

382 4030 539 4103 quod
570 4045 703 4085 cum
739 4050 767 4079 ‹‹
803 4028 1053 4099 ρτωᾶοιο
1082 4027 1367 4081 emicante
1403 4047 1425 4076 ι
1462 4026 1799 4097 dogmatum
1835 4026 2027 4081 verbo-

383 4135 627 4191 rumque
683 4117 939 4189 Gregorii
986 4140 1006 4166 ι
1048 4116 1269 4185 fulgore
1317 4116 1610 4186 dissipate:
1659 4115 2026 4171 transiissent

383 4211 568 4267 nubes
596 4208 663 4276 ³⁸,
695 4229 723 4259 ››
758 4208 1154 4277 haereticaeque
1203 4206 1470 4261 factionis
1518 4206 1781 4260 discussa
1838 4205 2025 4278 caligo

378 4303 573 4367 esset;
604 4297 999 4370 superioribus
1029 4294 1200 4368 plane
1221 4295 1336 4362 jam
1373 4295 1585 4350 nostris
1617 4294 1881 4363 partibus
1916 4314 1940 4345 ιι
1969 4300 2027 4351 et

380 4392 581 4445 robore
613 4386 891 4442 accinctis
920 4383 1231 4441 imbecillis
1255 4383 1321 4452 ³⁸,
1348 4406 1375 4436 ››
1410 4384 1700 4454 libereque
1719 4384 2025 4453 agentibus

381 4478 479 4551 qui
513 4493 616 4550 pro
646 4475 897 4547 Spiritus
930 4472 1117 4529 sancti
1149 4473 1391 4528 numine
1423 4473 1890 4544 propugnabant.
1925 4472 2026 4527 Hic

382 4570 639 4644 primum
687 4566 838 4622 haud
899 4567 1235 4638 promptum
1300 4579 1550 4631 narrare,
1612 4579 1783 4634 quam
1843 4562 2028 4619 effusa

380 4664 606 4717 mentes
654 4656 881 4729 piorum
923 4651 1308 4726 pertentarint
1353 4652 1583 4722 gaudia,
1632 4667 1893 4724 quasque
1939 4652 2022 4707 illi

380 4749 494 4805 Deo
527 4746 725 4803 laudes
752 4751 1059 4817 gratesque
1104 4742 1453 4809 obtulerint;
1488 4746 1613 4797 tum
1646 4741 1798 4813 quod
1832 4742 2023 4798 omnis

377 4838 490 4893 ista
538 4836 957 4909 propemodum
1010 4832 1296 4904 pestiferre
1345 4832 1619 4887 doctrinae
1676 4831 1779 4896 vis,
1841 4830 2025 4885 instar

378 4926 507 4982 telas
557 4941 779 4982 aranea:
834 4921 1119 4978 dissoluta
1163 4920 1509 4988 evanuisset,
1547 4922 1834 4989 ﬁnemque
1881 4920 2022 4975 item

378 5017 691 5089 aliquando
724 5013 1028 5070 habuisset
1076 5012 1293 5067 invicto
1341 5010 1710 5079 imperatoris
1762 5008 2024 5081 tyrannis

375 5106 477 5161 illa
509 5104 744 5176 alioqui,
781 5127 806 5153 «
841 5103 889 5158 si
924 5117 1036 5173 qua
1068 5099 1191 5156 fieri
1223 5104 1465 5171 poterat,
1491 5097 1576 5153 vel
1608 5096 1819 5153 electos
1864 5098 2024 5169 ipsos

374 5197 434 5253 in
466 5196 680 5252 erroris
710 5192 1070 5249 consortium
1102 5191 1353 5246 fractura
1382 5186 1469 5255 37;
1505 5210 1533 5238 »
1565 5191 1689 5242 tum
1724 5191 2022 5258 praeterea,

377 5287 525 5358 quod
581 5308 608 5336 (ι
670 5300 777 5340 suo
838 5280 1025 5355 ipsius
1091 5280 1374 5351 sanguine
1449 5278 1754 5349 quasitam
1823 5276 2023 5333 Eccle—

378 5375 519 5430 siam
550 5374 617 5441 ³⁸,
654 5396 680 5423 ››
714 5373 882 5443 cujus
912 5385 1089 5426 causa
1128 5369 1318 5425 omnis
1369 5368 1482 5423 Deo
1532 5383 1691 5437 cura,
1725 5382 1897 5423 omne
1937 5366 2022 5420 in-

449 5546 494 5581 ³⁴
526 5547 572 5604 ΙΙ
604 5547 729 5602 Cor.
764 5565 817 5614 x,
846 5549 899 5601 5.
977 5544 1050 5582 δι’
1084 5544 1233 5601 Psal.
1269 5561 1458 5601 Lxxrn.
1488 5544 1540 5599 8.

449 5727 525 5799 (7)
556 5727 788 5787 Hesiod.
821 5728 995 5802 Opera
1025 5731 1075 5786 et
1105 5727 1246 5796 dies,
1275 5726 1401 5782 216.

1619 5541 1668 5577 ³⁵
1701 5543 1850 5599 Psal.
1874 5542 2125 5609 xvm,t2.

2210 3759 2343 3812 HH'.
2377 3758 2442 3810 ’Ὀ
2474 3777 2536 3832 γε
2569 3756 2674 3829 μὴν
2712 3754 2948 3827 μάλιστα
2978 3756 3195 3811 πάντων
3225 3756 3315 3810 καὶ
3350 3761 3662 3828 μεμνῆσθαι
3700 3760 3797 3813 καὶ

2137 3844 2317 3922 λέγειν
2377 3842 2458 3899 δεῖ
2512 3849 2599 3900 καί
2662 3845 2877 3919 προσέτ’
2939 3845 3150 3899 ἀκούειν
3597 3846 3797 3917 ἔπειδή

2134 3936 2237 4008 γὰρ
2279 3935 2384 3990 ἀπὸ
2420 3958 2446 3987 ι(
2475 3941 2574 4004 τῆς
2603 3932 2997 4008 τηλαυγήσεως
3028 3958 3056 3985 υ
3089 3939 3196 3990 τῶν
3243 3935 3441 3991 τούτου
3491 3934 3793 4012 δογμάτων

2133 4045 2190 4078 τε
2220 4025 2309 4079 καὶ
2345 4023 2607 4099 ῥημάτων
2640 4025 2695 4078 αὶ
2727 4023 2989 4101 «νεφέλαι
3021 4022 3290 4094 διῆλθον»
3325 4026 3413 4080 καὶ
3447 4026 3474 4080 ὁ
3504 4032 3614 4081 τῶν
3647 4029 3799 4103 αἱρε-

2133 4114 2392 4182 τιζὸντων
2426 4111 2742 4167 διαλέλυται
2778 4115 2963 4190 ζόφος,
2995 4114 3057 4167 τὸ
3081 4113 3137 4167 δὲ
3175 4116 3290 4168 καθ’
3320 4116 3467 4186 ἡμᾶς
3493 4116 3797 4193 ὑπερέσχε,

2134 4205 2223 4258 καὶ
2257 4227 2284 4255 ι(
2309 4204 2360 4256 οἱ
2396 4203 2490 4275 μὲν
2521 4204 2860 4264 ἀσθενοῦντες
2892 4202 3293 4277 περιεζώσαντο
3326 4201 3550 4278 δύναμιν
3578 4229 3607 4257 ι»
3639 4208 3695 4261 οἱ
3729 4206 3793 4261 δὲ

2132 4297 2228 4347 τοῦ
2264 4293 2568 4364 Πνενόματος
2600 4290 3085 4367 ἒπαῤῥησιάσαντο,
3118 4298 3309 4365 πρῶτα
3342 4296 3454 4367 μὲν,
3490 4293 3591 4350 οῦκ
3640 4294 3793 4351 ἔστιν

2137 4383 2302 4436 εἰπεῖν
2343 4383 2514 4450 ὁπόση
2549 4402 2631 4443 τις
2663 4379 2833 4451 ἡδονὴ
2865 4383 2991 4443 τοὺς
3025 4379 3372 4444 εὐσεϐοῦντας
3421 4390 3669 4460 κατεῖχε,
3692 4387 3796 4440 καὶ

2136 4469 2292 4530 ὅσους
2324 4471 2412 4523 καὶ
2445 4468 2604 4532 θ’ίους
2633 4471 2770 4543 πρὸς
2802 4473 2929 4525 θεὸν
2966 4470 3095 4533 τοὺς
3141 4476 3364 4533 παιᾶνας
3406 4473 3607 4545 ἀνῆγον
3640 4494 3652 4506 ’
3686 4479 3795 4529 τοῦ

2136 4566 2304 4613 πᾶσαν
2359 4561 2451 4632 μὲν
2507 4557 2698 4634 σχεδὸν
2732 4557 3048 4632 κακοδοξίαν
3090 4560 3163 4620 ὡς
3205 4559 3354 4615 ἐστὸν
3388 4561 3636 4636 ἀράχνης
3669 4560 3797 4617 δια-

2136 4647 2385 4703 λυθεῖσαν
2429 4649 2656 4720 ἓκμὲσου
2704 4650 2970 4722 γενέσθαι,
3017 4650 3104 4703 καὶ
3152 4653 3253 4717 τήν
3295 4652 3513 4728 ἄμαχον
3571 4651 3794 4722 ἐκείνην

2132 4736 2417 4810 τυραννίδα
2473 4740 2797 4810 πεπαῦσθαι,
2846 4762 2873 4792 ι(
2932 4737 3242 4800 πλανῶσαν,
3303 4739 3346 4793 εἰ
3408 4737 3653 4809 δυνατὸν,
3694 4743 3798 4795 καὶ

2132 4828 2258 4889 τοὺς
2289 4826 2597 4889 ἐκλεκτοὺς,
2618 4829 2755 4896 »τὴν
2786 4826 2841 4882 δὲ
2870 4832 2950 4900 τῷ
2985 4850 3008 4880 »
3044 4827 3230 4900 οἰκείῳ
3262 4826 3457 4902 αἵματι
3492 4849 3800 4902 περιποιη-

2133 4918 2310 4970 θεῖσαν
2372 4917 2518 4985 αὐτῷ
2552 4916 2896 4985 Ἐκκλησίαν,
2934 4941 2958 4965 n
2994 4918 3124 4985 ὑπὲρ
3162 4919 3227 4985 ἧς
3278 4938 3416 4971 απας
3459 4916 3633 4991 λόγος
3694 4920 3801 4973 καὶ

2135 5006 2270 5058 ἅπαν
2332 5007 2651 5078 μυστήριον.
2685 5002 3026 5059 έπιδιδοῦσαν
3078 5006 3159 5059 ὅτι
3216 5005 3455 5078 μάλιστα
3505 5009 3595 5061 καὶ
3652 4994 3799 5080 rapa.

2131 5095 2428 5165 τυνομένην
2478 5096 2698 5167 ὁρᾶσθαι
2724 5113 2736 5125 ⁸
2769 5094 2861 5148 καὶ
2901 5093 3306 5149 πολλαπλασίω
3351 5096 3547 5167 ἑαυτῆς
3592 5118 3803 5171 γιγνο-

2139 5186 2299 5256 μένην
2355 5189 2432 5255 τῷ
2486 5184 2686 5254 πλήθει
2754 5189 2860 5238 τῶν
2940 5183 3189 5239 ἑκάστοτε
3265 5186 3633 5257 προσιόντων,
3696 5190 3800 5241 καὶ

2133 5273 2229 5334 τὰς
2285 5273 2376 5345 μὲν
2434 5274 2683 5345 ἁλμυρὰς
2744 5273 2831 5326 καὶ
2891 5272 3159 5343 ἀθέσμους
3213 5275 3335 5347 περὶ
3395 5279 3536 5328 Θεοῦ
3593 5296 3807 5332 καινο-

2590 5361 2921 5435 ὑπολήψεις,
2998 5363 3072 5424 ὡς
3156 5360 3221 5431 δή
3310 5382 3427 5416 τινα
3512 5366 3806 5442 ψυχώλε-

2134 5363 2337 5441 φωνίας
2416 5364 2502 5416 καὶ

2212 5540 2258 5574 ³⁸
2289 5543 2309 5596 I
2344 5540 2482 5612 Reg.
2500 5557 2561 5608 ιι,
2590 5540 2641 5594 4.
2720 5541 2763 5574 ³⁷
2794 5540 2997 5596 Matth.
3017 5557 3165 5608 xxiv,
3198 5541 3285 5595 24.
3364 5538 3413 5573 ³⁸
3441 5543 3803 5612 Act.xx,28.
