  <div class='ocr_page' id='page_1' title='image "/cluster/home/n/w/nwhite01/storage/ocr_20150623/145/hvd.32044054086921/158.png"; bbox 0 0 4118 6214; ppageno 0'>
   <div class='ocr_carea' id='block_1_1' title="bbox 331 354 439 419">
    <p class='ocr_par' dir='ltr' id='par_1_1' title="bbox 331 354 439 419">
     <span class='ocr_line' id='line_1_1' title="bbox 331 354 439 419; baseline -0.028 0"><span class='ocrx_word' id='word_1_1' title='bbox 331 354 439 419; x_wconf 83' lang='lat'><strong>305</strong></span> 
     </span>
    </p>
   </div>
   <div class='ocr_carea' id='block_1_2' title="bbox 1329 354 2718 421">
    <p class='ocr_par' dir='ltr' id='par_1_2' title="bbox 1329 354 2718 421">
     <span class='ocr_line' id='line_1_2' title="bbox 1329 354 2718 421; baseline 0.004 -6"><span class='ocrx_word' id='word_1_2' title='bbox 1329 354 1726 416; x_wconf 86' lang='lat' dir='ltr'><strong>LAUDATIO</strong></span> <span class='ocrx_word' id='word_1_3' title='bbox 1769 356 1832 416; x_wconf 92' lang='lat' dir='ltr'><strong>S.</strong></span> <span class='ocrx_word' id='word_1_4' title='bbox 1883 357 2254 420; x_wconf 78' lang='lat' dir='ltr'><strong>GREGORII</strong></span> <span class='ocrx_word' id='word_1_5' title='bbox 2299 360 2718 421; x_wconf 85' lang='lat' dir='ltr'><strong>THEOLOGI.</strong></span> 
     </span>
    </p>
   </div>
   <div class='ocr_carea' id='block_1_3' title="bbox 3614 359 3732 421">
    <p class='ocr_par' dir='ltr' id='par_1_3' title="bbox 3614 359 3732 421">
     <span class='ocr_line' id='line_1_3' title="bbox 3614 359 3732 421; baseline -0.017 0"><span class='ocrx_word' id='word_1_6' title='bbox 3614 359 3732 421; x_wconf 85' lang='lat'><strong>306</strong></span> 
     </span>
    </p>
   </div>
   <div class='ocr_carea' id='block_1_4' title="bbox 326 483 1954 565">
    <p class='ocr_par' dir='ltr' id='par_1_4' title="bbox 326 483 1954 562">
     <span class='ocr_line' id='line_1_4' title="bbox 326 483 1954 562; baseline 0.001 -22"><span class='ocrx_word' id='word_1_7' title='bbox 326 490 448 561; x_wconf 84' lang='grc' dir='ltr'>θρον</span> <span class='ocrx_word' id='word_1_8' title='bbox 510 489 764 562; x_wconf 73' lang='grc' dir='ltr'><strong>καχεξίαν</strong></span> <span class='ocrx_word' id='word_1_9' title='bbox 827 483 1245 553; x_wconf 83' lang='grc' dir='ltr'>ἀποκλυζόντων</span> <span class='ocrx_word' id='word_1_10' title='bbox 1303 491 1382 557; x_wconf 82' lang='grc' dir='ltr'>τῷ</span> <span class='ocrx_word' id='word_1_11' title='bbox 1439 493 1536 553; x_wconf 79' lang='grc' dir='ltr'>τῆς</span> <span class='ocrx_word' id='word_1_12' title='bbox 1616 485 1954 547; x_wconf 79' lang='grc' dir='ltr'><strong>διδασκαλίας</strong></span> 
     </span>
    </p>
   </div>
   <div class='ocr_carea' id='block_1_5' title="bbox 2066 483 3734 565">
    <p class='ocr_par' dir='ltr' id='par_1_5' title="bbox 2083 492 3734 565">
     <span class='ocr_line' id='line_1_5' title="bbox 2083 492 3734 565; baseline 0.001 -18"><span class='ocrx_word' id='word_1_13' title='bbox 2083 494 2351 548; x_wconf 88' lang='lat' dir='ltr'><strong>stitutum</strong></span> <span class='ocrx_word' id='word_1_14' title='bbox 2386 492 2490 547; x_wconf 84' lang='lat' dir='ltr'><strong>fuit</strong></span> <span class='ocrx_word' id='word_1_15' title='bbox 2521 492 2861 565; x_wconf 82' lang='lat' dir='ltr'><strong>mysterium</strong></span> <span class='ocrx_word' id='word_1_16' title='bbox 2895 493 2994 565; x_wconf 76' lang='lat'><strong>(8),</strong></span> <span class='ocrx_word' id='word_1_17' title='bbox 3029 492 3285 548; x_wconf 83' lang='lat' dir='ltr'><strong>maxima</strong></span> <span class='ocrx_word' id='word_1_18' title='bbox 3327 492 3575 549; x_wconf 83' lang='lat' dir='ltr'><strong>subinde</strong></span> <span class='ocrx_word' id='word_1_19' title='bbox 3627 510 3734 548; x_wconf 90' lang='lat' dir='ltr'><strong>ca-</strong></span> 
     </span>
    </p>
   </div>
   <div class='ocr_carea' id='block_1_6' title="bbox 320 573 1970 652">
    <p class='ocr_par' dir='ltr' id='par_1_6' title="bbox 320 573 1970 652">
     <span class='ocr_line' id='line_1_6' title="bbox 439 573 1969 597; baseline 0.006 -9"><span class='ocrx_word' id='word_1_20' title='bbox 439 578 449 594; x_wconf 94' lang='grc'><strong>,</strong></span> <span class='ocrx_word' id='word_1_21' title='bbox 713 577 723 591; x_wconf 81' lang='lat'><strong>.</strong></span> <span class='ocrx_word' id='word_1_22' title='bbox 825 573 849 591; x_wconf 71' lang='grc' dir='ltr'>α.</span> <span class='ocrx_word' id='word_1_23' title='bbox 982 576 994 591; x_wconf 81' lang='lat'><strong>.</strong></span> <span class='ocrx_word' id='word_1_24' title='bbox 1345 582 1371 592; x_wconf 85' lang='lat'><strong>-</strong></span> <span class='ocrx_word' id='word_1_25' title='bbox 1511 577 1524 593; x_wconf 61' lang='grc' dir='ltr'><strong>ς</strong></span> <span class='ocrx_word' id='word_1_26' title='bbox 1773 578 1786 596; x_wconf 58' lang='grc' dir='ltr'>κ</span> <span class='ocrx_word' id='word_1_27' title='bbox 1955 579 1969 597; x_wconf 65' lang='grc' dir='ltr'>ς</span> 
     </span>
     <span class='ocr_line' id='line_1_7' title="bbox 320 574 1970 652; baseline 0 -22"><span class='ocrx_word' id='word_1_28' title='bbox 320 599 568 650; x_wconf 79' lang='grc' dir='ltr'>ποτιμῳ,</span> <span class='ocrx_word' id='word_1_29' title='bbox 628 597 764 646; x_wconf 80' lang='grc' dir='ltr'>προς</span> <span class='ocrx_word' id='word_1_30' title='bbox 822 576 877 629; x_wconf 73' lang='grc' dir='ltr'><strong>δὲ</strong></span> <span class='ocrx_word' id='word_1_31' title='bbox 935 597 1034 642; x_wconf 86' lang='grc' dir='ltr'><strong>την</strong></span> <span class='ocrx_word' id='word_1_32' title='bbox 1105 574 1371 649; x_wconf 78' lang='grc' dir='ltr'>είλικρινη</span> <span class='ocrx_word' id='word_1_33' title='bbox 1441 597 1526 629; x_wconf 79' lang='grc' dir='ltr'><strong>και</strong></span> <span class='ocrx_word' id='word_1_34' title='bbox 1589 579 1823 652; x_wconf 81' lang='grc' dir='ltr'>καθαραν</span> <span class='ocrx_word' id='word_1_35' title='bbox 1881 599 1970 632; x_wconf 87' lang='grc' dir='ltr'><strong>και</strong></span> 
     </span>
    </p>
   </div>
   <div class='ocr_carea' id='block_1_7' title="bbox 317 663 1968 740">
    <p class='ocr_par' dir='ltr' id='par_1_7' title="bbox 317 663 1968 740">
     <span class='ocr_line' id='line_1_8' title="bbox 317 663 1968 740; baseline 0.001 -20"><span class='ocrx_word' id='word_1_36' title='bbox 317 665 578 738; x_wconf 78' lang='grc' dir='ltr'>ἡδίστην,</span> <span class='ocrx_word' id='word_1_37' title='bbox 628 669 717 720; x_wconf 73' lang='grc' dir='ltr'><strong>καὶ</strong></span> <span class='ocrx_word' id='word_1_38' title='bbox 763 670 870 720; x_wconf 84' lang='grc' dir='ltr'>τῶν</span> <span class='ocrx_word' id='word_1_39' title='bbox 916 663 1202 737; x_wconf 78' lang='grc' dir='ltr'><strong>Ὀλύμπου</strong></span> <span class='ocrx_word' id='word_1_40' title='bbox 1250 667 1587 740; x_wconf 82' lang='grc' dir='ltr'><strong>πραγμάτων</strong></span> <span class='ocrx_word' id='word_1_41' title='bbox 1641 667 1968 738; x_wconf 74' lang='grc' dir='ltr'><strong>αἰτιωτάτην</strong></span> 
     </span>
    </p>
   </div>
   <div class='ocr_carea' id='block_1_8' title="bbox 314 754 1969 832">
    <p class='ocr_par' dir='ltr' id='par_1_8' title="bbox 314 754 1969 832">
     <span class='ocr_line' id='line_1_9' title="bbox 314 754 1969 832; baseline 0.004 -23"><span class='ocrx_word' id='word_1_42' title='bbox 314 757 528 823; x_wconf 82' lang='grc' dir='ltr'>πίστιν,</span> <span class='ocrx_word' id='word_1_43' title='bbox 567 754 972 829; x_wconf 76' lang='grc' dir='ltr'><strong>μεθισταμένων</strong></span> <span class='ocrx_word' id='word_1_44' title='bbox 1001 776 1058 808; x_wconf 86' lang='grc' dir='ltr'><strong>τε</strong></span> <span class='ocrx_word' id='word_1_45' title='bbox 1088 758 1177 808; x_wconf 84' lang='grc' dir='ltr'><strong>καί</strong></span> <span class='ocrx_word' id='word_1_46' title='bbox 1211 757 1642 827; x_wconf 73' lang='grc' dir='ltr'><strong>μετατιθεμένων</strong></span> <span class='ocrx_word' id='word_1_47' title='bbox 1676 756 1781 830; x_wconf 76' lang='grc' dir='ltr'>ὅλῃ</span> 
     </span>
    </p>
   </div>
   <div class='ocr_carea' id='block_1_9' title="bbox 310 844 1966 923">
    <p class='ocr_par' dir='ltr' id='par_1_9' title="bbox 310 844 1966 923">
     <span class='ocr_line' id='line_1_10' title="bbox 310 844 1966 923; baseline 0.001 -22"><span class='ocrx_word' id='word_1_48' title='bbox 310 867 372 901; x_wconf 90' lang='grc' dir='ltr'>τε</span> <span class='ocrx_word' id='word_1_49' title='bbox 405 849 496 901; x_wconf 85' lang='grc' dir='ltr'><strong>καὶ</strong></span> <span class='ocrx_word' id='word_1_50' title='bbox 533 848 752 923; x_wconf 75' lang='grc' dir='ltr'>γνώμῃ,</span> <span class='ocrx_word' id='word_1_51' title='bbox 784 845 873 899; x_wconf 84' lang='grc' dir='ltr'>καὶ</span> <span class='ocrx_word' id='word_1_52' title='bbox 914 844 1256 918; x_wconf 87' lang='grc' dir='ltr'>πειθομένωτ</span> <span class='ocrx_word' id='word_1_53' title='bbox 1287 846 1404 899; x_wconf 78' lang='grc' dir='ltr'>ἀντὶ</span> <span class='ocrx_word' id='word_1_54' title='bbox 1443 850 1538 900; x_wconf 89' lang='grc' dir='ltr'><strong>τοῦ</strong></span> <span class='ocrx_word' id='word_1_55' title='bbox 1579 852 1794 922; x_wconf 76' lang='grc' dir='ltr'>φρονεῖν</span> <span class='ocrx_word' id='word_1_56' title='bbox 1824 846 1856 901; x_wconf 83' lang='grc' dir='ltr'>ἃ</span> <span class='ocrx_word' id='word_1_57' title='bbox 1893 851 1966 921; x_wconf 75' lang='grc' dir='ltr'>μὴ</span> 
     </span>
    </p>
   </div>
   <div class='ocr_carea' id='block_1_10' title="bbox 315 931 1972 1011">
    <p class='ocr_par' dir='ltr' id='par_1_10' title="bbox 315 931 1972 1011">
     <span class='ocr_line' id='line_1_11' title="bbox 315 931 1972 1011; baseline 0.001 -23"><span class='ocrx_word' id='word_1_58' title='bbox 315 931 424 1002; x_wconf 85' lang='grc' dir='ltr'>δεῖ,</span> <span class='ocrx_word' id='word_1_59' title='bbox 458 941 674 1011; x_wconf 79' lang='grc' dir='ltr'>φρονεῖν</span> <span class='ocrx_word' id='word_1_60' title='bbox 701 936 733 988; x_wconf 76' lang='grc' dir='ltr'>ἆ</span> <span class='ocrx_word' id='word_1_61' title='bbox 765 932 866 989; x_wconf 70' lang='grc' dir='ltr'>δεῖο</span> <span class='ocrx_word' id='word_1_62' title='bbox 894 934 985 989; x_wconf 84' lang='grc' dir='ltr'><strong>καὶ</strong></span> <span class='ocrx_word' id='word_1_63' title='bbox 1014 938 1092 1006; x_wconf 82' lang='grc' dir='ltr'><strong>τῷ</strong></span> <span class='ocrx_word' id='word_1_64' title='bbox 1120 934 1277 1006; x_wconf 77' lang='grc' dir='ltr'>καλῷ</span> <span class='ocrx_word' id='word_1_65' title='bbox 1305 935 1394 988; x_wconf 80' lang='grc' dir='ltr'><strong>καὶ</strong></span> <span class='ocrx_word' id='word_1_66' title='bbox 1424 936 1730 1010; x_wconf 76' lang='grc' dir='ltr'><strong>γιγνομένῳ</strong></span> <span class='ocrx_word' id='word_1_67' title='bbox 1751 956 1972 1010; x_wconf 89' lang='grc' dir='ltr'>προστι-</span> 
     </span>
    </p>
   </div>
   <div class='ocr_carea' id='block_1_11' title="bbox 315 1017 1971 1098">
    <p class='ocr_par' dir='ltr' id='par_1_11' title="bbox 315 1017 1971 1098">
     <span class='ocr_line' id='line_1_12' title="bbox 315 1017 1971 1098; baseline 0.002 -21"><span class='ocrx_word' id='word_1_68' title='bbox 315 1023 532 1092; x_wconf 87' lang='grc' dir='ltr'>θεσθαι,</span> <span class='ocrx_word' id='word_1_69' title='bbox 566 1023 657 1078; x_wconf 87' lang='grc' dir='ltr'><strong>καὶ</strong></span> <span class='ocrx_word' id='word_1_70' title='bbox 704 1023 848 1076; x_wconf 88' lang='grc' dir='ltr'>τοῦτ’</span> <span class='ocrx_word' id='word_1_71' title='bbox 878 1023 1054 1084; x_wconf 76' lang='grc' dir='ltr'>οὕτως</span> <span class='ocrx_word' id='word_1_72' title='bbox 1101 1017 1343 1097; x_wconf 72' lang='grc' dir='ltr'>ἀκριϐῶς</span> <span class='ocrx_word' id='word_1_73' title='bbox 1386 1022 1864 1097; x_wconf 84' lang='grc' dir='ltr'>ένσημαινομένων</span> <span class='ocrx_word' id='word_1_74' title='bbox 1893 1047 1971 1098; x_wconf 87' lang='grc' dir='ltr'><strong>τῳ</strong></span> 
     </span>
    </p>
   </div>
   <div class='ocr_carea' id='block_1_12' title="bbox 317 1109 1968 1186">
    <p class='ocr_par' dir='ltr' id='par_1_12' title="bbox 317 1109 1968 1186">
     <span class='ocr_line' id='line_1_13' title="bbox 317 1109 1968 1186; baseline 0.002 -20"><span class='ocrx_word' id='word_1_75' title='bbox 317 1113 479 1186; x_wconf 81' lang='grc' dir='ltr'>βάθει</span> <span class='ocrx_word' id='word_1_76' title='bbox 529 1120 631 1182; x_wconf 81' lang='grc' dir='ltr'>τῆς</span> <span class='ocrx_word' id='word_1_77' title='bbox 679 1109 942 1181; x_wconf 77' lang='grc' dir='ltr'>διανοίας,</span> <span class='ocrx_word' id='word_1_78' title='bbox 995 1111 1068 1173; x_wconf 85' lang='grc' dir='ltr'><strong>ὡς</strong></span> <span class='ocrx_word' id='word_1_79' title='bbox 1131 1113 1208 1184; x_wconf 80' lang='grc' dir='ltr'>μή</span> <span class='ocrx_word' id='word_1_80' title='bbox 1271 1113 1433 1186; x_wconf 87' lang='grc' dir='ltr'>μόνον</span> <span class='ocrx_word' id='word_1_81' title='bbox 1495 1113 1692 1176; x_wconf 78' lang='grc' dir='ltr'>αὐτοὺς</span> <span class='ocrx_word' id='word_1_82' title='bbox 1742 1113 1968 1179; x_wconf 75' lang='grc' dir='ltr'>τούτους</span> 
     </span>
    </p>
   </div>
   <div class='ocr_carea' id='block_1_13' title="bbox 315 1198 1967 1278">
    <p class='ocr_par' dir='ltr' id='par_1_13' title="bbox 315 1198 1967 1278">
     <span class='ocr_line' id='line_1_14' title="bbox 315 1198 1967 1278; baseline 0.003 -24"><span class='ocrx_word' id='word_1_83' title='bbox 315 1198 566 1263; x_wconf 81' lang='grc' dir='ltr'>ἆκλινεῖς</span> <span class='ocrx_word' id='word_1_84' title='bbox 597 1203 837 1271; x_wconf 80' lang='grc' dir='ltr'>καθάπαξ</span> <span class='ocrx_word' id='word_1_85' title='bbox 883 1199 1091 1256; x_wconf 75' lang='grc' dir='ltr'>ἑστάναι</span> <span class='ocrx_word' id='word_1_86' title='bbox 1133 1201 1548 1277; x_wconf 78' lang='grc' dir='ltr'>ἐρηρεισμένους</span> <span class='ocrx_word' id='word_1_87' title='bbox 1580 1207 1647 1278; x_wconf 81' lang='grc' dir='ltr'>τῇ</span> <span class='ocrx_word' id='word_1_88' title='bbox 1687 1210 1785 1274; x_wconf 81' lang='grc' dir='ltr'>τῆς</span> <span class='ocrx_word' id='word_1_89' title='bbox 1819 1230 1847 1258; x_wconf 82' lang='grc' dir='ltr'>ι(</span> <span class='ocrx_word' id='word_1_90' title='bbox 1880 1205 1967 1260; x_wconf 90' lang='grc' dir='ltr'>πί-</span> 
     </span>
    </p>
   </div>
   <div class='ocr_carea' id='block_1_14' title="bbox 316 1288 1965 1366">
    <p class='ocr_par' dir='ltr' id='par_1_14' title="bbox 316 1288 1965 1366">
     <span class='ocr_line' id='line_1_15' title="bbox 316 1288 1965 1366; baseline 0.003 -23"><span class='ocrx_word' id='word_1_91' title='bbox 316 1311 488 1351; x_wconf 89' lang='grc' dir='ltr'>στεως</span> <span class='ocrx_word' id='word_1_92' title='bbox 522 1291 714 1365; x_wconf 77' lang='grc' dir='ltr'>πέτρᾳ,</span> <span class='ocrx_word' id='word_1_93' title='bbox 746 1316 774 1342; x_wconf 91' lang='grc'><strong>››</strong></span> <span class='ocrx_word' id='word_1_94' title='bbox 823 1288 968 1347; x_wconf 77' lang='grc' dir='ltr'>ἀλλὰ</span> <span class='ocrx_word' id='word_1_95' title='bbox 1014 1289 1243 1345; x_wconf 83' lang='grc' dir='ltr'>καὶτῶν</span> <span class='ocrx_word' id='word_1_96' title='bbox 1293 1290 1416 1364; x_wconf 76' lang='grc' dir='ltr'>ἄρτι</span> <span class='ocrx_word' id='word_1_97' title='bbox 1465 1293 1871 1366; x_wconf 83' lang='grc' dir='ltr'>καθισταμένων</span> <span class='ocrx_word' id='word_1_98' title='bbox 1913 1293 1965 1348; x_wconf 85' lang='grc' dir='ltr'>ἐν</span> 
     </span>
    </p>
   </div>
   <div class='ocr_carea' id='block_1_15' title="bbox 312 1377 1962 1455">
    <p class='ocr_par' dir='ltr' id='par_1_15' title="bbox 312 1377 1962 1455">
     <span class='ocr_line' id='line_1_16' title="bbox 312 1377 1962 1455; baseline 0.003 -21"><span class='ocrx_word' id='word_1_99' title='bbox 312 1381 558 1448; x_wconf 76' lang='grc' dir='ltr'>τούτοις,</span> <span class='ocrx_word' id='word_1_100' title='bbox 592 1377 885 1441; x_wconf 79' lang='grc' dir='ltr'>παιδευτὰς</span> <span class='ocrx_word' id='word_1_101' title='bbox 927 1381 1162 1455; x_wconf 80' lang='grc' dir='ltr'>ἀγαθοὺς</span> <span class='ocrx_word' id='word_1_102' title='bbox 1201 1383 1518 1437; x_wconf 82' lang='grc' dir='ltr'>καθεστάναι</span> <span class='ocrx_word' id='word_1_103' title='bbox 1567 1383 1655 1436; x_wconf 83' lang='grc' dir='ltr'><strong>καί</strong></span> <span class='ocrx_word' id='word_1_104' title='bbox 1701 1383 1962 1446; x_wconf 82' lang='grc' dir='ltr'>πλάστας.</span> 
     </span>
    </p>
   </div>
   <div class='ocr_carea' id='block_1_16' title="bbox 2087 582 3734 653">
    <p class='ocr_par' dir='ltr' id='par_1_16' title="bbox 2087 582 3734 653">
     <span class='ocr_line' id='line_1_17' title="bbox 2087 582 3734 653; baseline 0.001 -16"><span class='ocrx_word' id='word_1_105' title='bbox 2087 599 2219 652; x_wconf 89' lang='lat' dir='ltr'><strong>pere</strong></span> <span class='ocrx_word' id='word_1_106' title='bbox 2249 582 2604 638; x_wconf 89' lang='lat' dir='ltr'><strong>incrementa</strong></span> <span class='ocrx_word' id='word_1_107' title='bbox 2643 582 3118 653; x_wconf 87' lang='lat' dir='ltr'><strong>corroborarique</strong></span> <span class='ocrx_word' id='word_1_108' title='bbox 3169 587 3492 651; x_wconf 84' lang='lat' dir='ltr'><strong>cernerent,</strong></span> <span class='ocrx_word' id='word_1_109' title='bbox 3525 587 3582 637; x_wconf 86' lang='lat' dir='ltr'><strong>et</strong></span> <span class='ocrx_word' id='word_1_110' title='bbox 3632 599 3734 638; x_wconf 87' lang='lat' dir='ltr'><strong>se-</strong></span> 
     </span>
    </p>
   </div>
   <div class='ocr_carea' id='block_1_17' title="bbox 2083 671 3731 745">
    <p class='ocr_par' dir='ltr' id='par_1_17' title="bbox 2083 671 3731 745">
     <span class='ocr_line' id='line_1_18' title="bbox 2083 671 3731 745; baseline 0.001 -20"><span class='ocrx_word' id='word_1_111' title='bbox 2083 672 2209 742; x_wconf 88' lang='lat' dir='ltr'><strong>ipsa</strong></span> <span class='ocrx_word' id='word_1_112' title='bbox 2242 673 2436 727; x_wconf 91' lang='lat' dir='ltr'><strong>multis</strong></span> <span class='ocrx_word' id='word_1_113' title='bbox 2469 671 2734 743; x_wconf 89' lang='lat' dir='ltr'><strong>partibus</strong></span> <span class='ocrx_word' id='word_1_114' title='bbox 2767 673 3220 729; x_wconf 88' lang='lat' dir='ltr'><strong>numerosiorem</strong></span> <span class='ocrx_word' id='word_1_115' title='bbox 3275 673 3401 728; x_wconf 81' lang='lat' dir='ltr'><strong>fieri</strong></span> <span class='ocrx_word' id='word_1_116' title='bbox 3435 689 3535 745; x_wconf 91' lang='lat' dir='ltr'><strong>per</strong></span> <span class='ocrx_word' id='word_1_117' title='bbox 3599 672 3731 728; x_wconf 89' lang='lat' dir='ltr'><strong>insi-</strong></span> 
     </span>
    </p>
   </div>
   <div class='ocr_carea' id='block_1_18' title="bbox 2082 763 3730 833">
    <p class='ocr_par' dir='ltr' id='par_1_18' title="bbox 2082 763 3730 833">
     <span class='ocr_line' id='line_1_19' title="bbox 2082 763 3730 833; baseline 0.001 -17"><span class='ocrx_word' id='word_1_118' title='bbox 2082 777 2254 832; x_wconf 86' lang='lat' dir='ltr'><strong>gnem</strong></span> <span class='ocrx_word' id='word_1_119' title='bbox 2280 778 2480 817; x_wconf 89' lang='lat' dir='ltr'><strong>eorum</strong></span> <span class='ocrx_word' id='word_1_120' title='bbox 2512 778 2824 816; x_wconf 81' lang='lat' dir='ltr'><strong>numerum</strong></span> <span class='ocrx_word' id='word_1_121' title='bbox 2886 763 2984 833; x_wconf 87' lang='lat' dir='ltr'><strong>qui</strong></span> <span class='ocrx_word' id='word_1_122' title='bbox 3015 779 3122 817; x_wconf 91' lang='lat' dir='ltr'><strong>sua</strong></span> <span class='ocrx_word' id='word_1_123' title='bbox 3182 763 3438 833; x_wconf 74' lang='lat' dir='ltr'><strong>quotidie</strong></span> <span class='ocrx_word' id='word_1_124' title='bbox 3485 763 3730 818; x_wconf 85' lang='lat' dir='ltr'><strong>nomina</strong></span> 
     </span>
    </p>
   </div>
   <div class='ocr_carea' id='block_1_19' title="bbox 2083 849 3732 920">
    <p class='ocr_par' dir='ltr' id='par_1_19' title="bbox 2083 849 3732 920">
     <span class='ocr_line' id='line_1_20' title="bbox 2083 849 3732 920; baseline 0.001 -17"><span class='ocrx_word' id='word_1_125' title='bbox 2083 850 2326 916; x_wconf 88' lang='lat' dir='ltr'><strong>dabant;</strong></span> <span class='ocrx_word' id='word_1_126' title='bbox 2352 851 2450 920; x_wconf 90' lang='lat' dir='ltr'><strong>qui</strong></span> <span class='ocrx_word' id='word_1_127' title='bbox 2485 851 2698 906; x_wconf 86' lang='lat' dir='ltr'><strong>amaris</strong></span> <span class='ocrx_word' id='word_1_128' title='bbox 2731 867 2796 905; x_wconf 89' lang='lat' dir='ltr'><strong>ac</strong></span> <span class='ocrx_word' id='word_1_129' title='bbox 2828 849 3067 904; x_wconf 80' lang='lat' dir='ltr'><strong>nefariis</strong></span> <span class='ocrx_word' id='word_1_130' title='bbox 3100 851 3168 904; x_wconf 90' lang='lat' dir='ltr'><strong>de</strong></span> <span class='ocrx_word' id='word_1_131' title='bbox 3201 849 3314 906; x_wconf 88' lang='lat' dir='ltr'><strong>Deo</strong></span> <span class='ocrx_word' id='word_1_132' title='bbox 3337 866 3544 906; x_wconf 88' lang='lat' dir='ltr'><strong>vocum</strong></span> <span class='ocrx_word' id='word_1_133' title='bbox 3570 850 3732 906; x_wconf 92' lang='lat' dir='ltr'><strong>novi-</strong></span> 
     </span>
    </p>
   </div>
   <div class='ocr_carea' id='block_1_20' title="bbox 2081 938 3717 1010">
    <p class='ocr_par' dir='ltr' id='par_1_20' title="bbox 2081 938 3717 1010">
     <span class='ocr_line' id='line_1_21' title="bbox 2081 938 3717 1010; baseline 0.001 -18"><span class='ocrx_word' id='word_1_134' title='bbox 2081 939 2296 994; x_wconf 82' lang='lat' dir='ltr'><strong>tatibus</strong></span> <span class='ocrx_word' id='word_1_135' title='bbox 2329 939 2603 1008; x_wconf 82' lang='lat' dir='ltr'><strong>falsisque</strong></span> <span class='ocrx_word' id='word_1_136' title='bbox 2635 938 3005 1010; x_wconf 91' lang='lat' dir='ltr'><strong>opinonibus,</strong></span> <span class='ocrx_word' id='word_1_137' title='bbox 3030 940 3184 994; x_wconf 89' lang='lat' dir='ltr'><strong>velut</strong></span> <span class='ocrx_word' id='word_1_138' title='bbox 3205 939 3484 994; x_wconf 81' lang='lat' dir='ltr'><strong>exitiabili</strong></span> <span class='ocrx_word' id='word_1_139' title='bbox 3517 940 3717 995; x_wconf 67' lang='lat' dir='ltr'><strong>anima:</strong></span> 
     </span>
    </p>
   </div>
   <div class='ocr_carea' id='block_1_21' title="bbox 2081 1029 3727 1101">
    <p class='ocr_par' dir='ltr' id='par_1_21' title="bbox 2081 1029 3727 1101">
     <span class='ocr_line' id='line_1_22' title="bbox 2081 1029 3727 1101; baseline 0.001 -17"><span class='ocrx_word' id='word_1_140' title='bbox 2081 1029 2374 1099; x_wconf 82' lang='lat' dir='ltr'><strong>languore,</strong></span> <span class='ocrx_word' id='word_1_141' title='bbox 2401 1030 2554 1085; x_wconf 91' lang='lat' dir='ltr'><strong>dulci</strong></span> <span class='ocrx_word' id='word_1_142' title='bbox 2587 1034 2868 1101; x_wconf 88' lang='lat' dir='ltr'><strong>gratoque</strong></span> <span class='ocrx_word' id='word_1_143' title='bbox 2919 1029 3174 1084; x_wconf 81' lang='lat' dir='ltr'><strong>melioris</strong></span> <span class='ocrx_word' id='word_1_144' title='bbox 3220 1029 3604 1086; x_wconf 86' lang='lat' dir='ltr'><strong>institutionis</strong></span> <span class='ocrx_word' id='word_1_145' title='bbox 3662 1030 3727 1086; x_wconf 88' lang='lat' dir='ltr'><strong>li-</strong></span> 
     </span>
    </p>
   </div>
   <div class='ocr_carea' id='block_1_22' title="bbox 2075 1119 3708 1190">
    <p class='ocr_par' dir='ltr' id='par_1_22' title="bbox 2075 1119 3708 1190">
     <span class='ocr_line' id='line_1_23' title="bbox 2075 1119 3708 1190; baseline 0 -16"><span class='ocrx_word' id='word_1_146' title='bbox 2075 1137 2268 1190; x_wconf 90' lang='lat' dir='ltr'><strong>quore,</strong></span> <span class='ocrx_word' id='word_1_147' title='bbox 2301 1119 2519 1186; x_wconf 87' lang='lat' dir='ltr'><strong>dilutis,</strong></span> <span class='ocrx_word' id='word_1_148' title='bbox 2555 1124 2830 1190; x_wconf 86' lang='lat' dir='ltr'><strong>protenus</strong></span> <span class='ocrx_word' id='word_1_149' title='bbox 2858 1120 2927 1173; x_wconf 92' lang='lat' dir='ltr'><strong>ad</strong></span> <span class='ocrx_word' id='word_1_150' title='bbox 2961 1119 3271 1182; x_wconf 82' lang='lat' dir='ltr'><strong>sinceram,</strong></span> <span class='ocrx_word' id='word_1_151' title='bbox 3303 1124 3358 1172; x_wconf 89' lang='lat' dir='ltr'><strong>et</strong></span> <span class='ocrx_word' id='word_1_152' title='bbox 3400 1135 3631 1190; x_wconf 90' lang='lat' dir='ltr'><strong>puram,</strong></span> <span class='ocrx_word' id='word_1_153' title='bbox 3655 1131 3708 1174; x_wconf 88' lang='lat' dir='ltr'><strong>et</strong></span> 
     </span>
    </p>
   </div>
   <div class='ocr_carea' id='block_1_23' title="bbox 2079 1207 3725 1280">
    <p class='ocr_par' dir='ltr' id='par_1_23' title="bbox 2079 1207 3725 1280">
     <span class='ocr_line' id='line_1_24' title="bbox 2079 1207 3725 1280; baseline 0 -16"><span class='ocrx_word' id='word_1_154' title='bbox 2079 1208 2503 1276; x_wconf 85' lang='lat' dir='ltr'><strong>suavissimam,</strong></span> <span class='ocrx_word' id='word_1_155' title='bbox 2535 1214 2591 1264; x_wconf 90' lang='lat' dir='ltr'><strong>et</strong></span> <span class='ocrx_word' id='word_1_156' title='bbox 2623 1225 2742 1280; x_wconf 65' lang='lat' dir='ltr'><strong>qua</strong></span> <span class='ocrx_word' id='word_1_157' title='bbox 2774 1224 2964 1265; x_wconf 88' lang='lat' dir='ltr'><strong>rerum</strong></span> <span class='ocrx_word' id='word_1_158' title='bbox 3025 1207 3347 1263; x_wconf 74' lang='lat' dir='ltr'><strong>cmlestium</strong></span> <span class='ocrx_word' id='word_1_159' title='bbox 3392 1209 3725 1278; x_wconf 88' lang='lat' dir='ltr'><strong>adipiscen-</strong></span> 
     </span>
    </p>
   </div>
   <div class='ocr_carea' id='block_1_24' title="bbox 2078 1297 3730 1368">
    <p class='ocr_par' dir='ltr' id='par_1_24' title="bbox 2078 1297 3730 1368">
     <span class='ocr_line' id='line_1_25' title="bbox 2078 1297 3730 1368; baseline -0.001 -15"><span class='ocrx_word' id='word_1_160' title='bbox 2078 1299 2280 1353; x_wconf 89' lang='lat' dir='ltr'><strong>darum</strong></span> <span class='ocrx_word' id='word_1_161' title='bbox 2314 1298 2616 1368; x_wconf 90' lang='lat' dir='ltr'><strong>potissima</strong></span> <span class='ocrx_word' id='word_1_162' title='bbox 2647 1316 2824 1354; x_wconf 88' lang='lat' dir='ltr'><strong>causa</strong></span> <span class='ocrx_word' id='word_1_163' title='bbox 2845 1303 2954 1362; x_wconf 87' lang='lat' dir='ltr'><strong>est,</strong></span> <span class='ocrx_word' id='word_1_164' title='bbox 2982 1298 3175 1362; x_wconf 80' lang='lat' dir='ltr'><strong>ﬁdem,</strong></span> <span class='ocrx_word' id='word_1_165' title='bbox 3196 1302 3314 1352; x_wconf 91' lang='lat' dir='ltr'><strong>toto</strong></span> <span class='ocrx_word' id='word_1_166' title='bbox 3349 1299 3574 1367; x_wconf 79' lang='lat' dir='ltr'><strong>pectore</strong></span> <span class='ocrx_word' id='word_1_167' title='bbox 3598 1297 3730 1351; x_wconf 86' lang='lat' dir='ltr'><strong>ani-</strong></span> 
     </span>
    </p>
   </div>
   <div class='ocr_carea' id='block_1_25' title="bbox 2079 1384 3727 1458">
    <p class='ocr_par' dir='ltr' id='par_1_25' title="bbox 2079 1384 3727 1458">
     <span class='ocr_line' id='line_1_26' title="bbox 2079 1384 3727 1458; baseline 0 -16"><span class='ocrx_word' id='word_1_168' title='bbox 2079 1403 2292 1458; x_wconf 87' lang='lat' dir='ltr'><strong>moque</strong></span> <span class='ocrx_word' id='word_1_169' title='bbox 2343 1403 2406 1442; x_wconf 88' lang='lat' dir='ltr'><strong>se</strong></span> <span class='ocrx_word' id='word_1_170' title='bbox 2459 1387 2814 1458; x_wconf 87' lang='lat' dir='ltr'><strong>recipiebant</strong></span> <span class='ocrx_word' id='word_1_171' title='bbox 2844 1392 3016 1457; x_wconf 84' lang='lat' dir='ltr'><strong>atque</strong></span> <span class='ocrx_word' id='word_1_172' title='bbox 3072 1386 3411 1441; x_wconf 87' lang='lat' dir='ltr'><strong>transibant.</strong></span> <span class='ocrx_word' id='word_1_173' title='bbox 3441 1384 3727 1457; x_wconf 88' lang='lat' dir='ltr'><strong>Illiusque</strong></span> 
     </span>
    </p>
   </div>
   <div class='ocr_carea' id='block_1_26' title="bbox 309 1472 3736 1548">
    <p class='ocr_par' dir='ltr' id='par_1_26' title="bbox 309 1472 3736 1548">
     <span class='ocr_line' id='line_1_27' title="bbox 309 1472 3736 1548; baseline 0.001 -22"><span class='ocrx_word' id='word_1_174' title='bbox 309 1473 465 1540; x_wconf 90' lang='lat' dir='ltr'><strong>loco,</strong></span> <span class='ocrx_word' id='word_1_175' title='bbox 498 1473 654 1543; x_wconf 91' lang='lat' dir='ltr'><strong>quod</strong></span> <span class='ocrx_word' id='word_1_176' title='bbox 711 1473 888 1544; x_wconf 86' lang='lat' dir='ltr'><strong>impia</strong></span> <span class='ocrx_word' id='word_1_177' title='bbox 936 1478 992 1528; x_wconf 88' lang='lat' dir='ltr'><strong>et</strong></span> <span class='ocrx_word' id='word_1_178' title='bbox 1025 1472 1223 1529; x_wconf 86' lang='lat' dir='ltr'><strong>illicita</strong></span> <span class='ocrx_word' id='word_1_179' title='bbox 1281 1474 1440 1544; x_wconf 78' lang='lat' dir='ltr'><strong>prius</strong></span> <span class='ocrx_word' id='word_1_180' title='bbox 1492 1481 1815 1543; x_wconf 82' lang='lat' dir='ltr'><strong>senserant,</strong></span> <span class='ocrx_word' id='word_1_181' title='bbox 1847 1477 1916 1530; x_wconf 88' lang='lat' dir='ltr'><strong>ad</strong></span> <span class='ocrx_word' id='word_1_182' title='bbox 1971 1481 2130 1533; x_wconf 88' lang='lat' dir='ltr'><strong>recta</strong></span> <span class='ocrx_word' id='word_1_183' title='bbox 2188 1478 2510 1543; x_wconf 83' lang='lat' dir='ltr'><strong>sentienda,</strong></span> <span class='ocrx_word' id='word_1_184' title='bbox 2541 1494 2859 1548; x_wconf 83' lang='lat' dir='ltr'><strong>verumque</strong></span> <span class='ocrx_word' id='word_1_185' title='bbox 2908 1483 2963 1532; x_wconf 90' lang='lat' dir='ltr'><strong>et</strong></span> <span class='ocrx_word' id='word_1_186' title='bbox 3011 1477 3327 1547; x_wconf 75' lang='lat' dir='ltr'><strong>genuinam</strong></span> <span class='ocrx_word' id='word_1_187' title='bbox 3379 1476 3736 1547; x_wconf 88' lang='lat' dir='ltr'><strong>amplecten-</strong></span> 
     </span>
    </p>
   </div>
   <div class='ocr_carea' id='block_1_27' title="bbox 311 1564 3731 1642">
    <p class='ocr_par' dir='ltr' id='par_1_27' title="bbox 311 1564 3731 1642">
     <span class='ocr_line' id='line_1_28' title="bbox 311 1564 3731 1642; baseline 0.002 -24"><span class='ocrx_word' id='word_1_188' title='bbox 311 1564 450 1619; x_wconf 86' lang='lat' dir='ltr'><strong>dam</strong></span> <span class='ocrx_word' id='word_1_189' title='bbox 479 1565 836 1633; x_wconf 85' lang='lat' dir='ltr'><strong>doctrinam,</strong></span> <span class='ocrx_word' id='word_1_190' title='bbox 865 1565 1322 1632; x_wconf 85' lang='lat' dir='ltr'><strong>adducebantur,</strong></span> <span class='ocrx_word' id='word_1_191' title='bbox 1358 1583 1535 1638; x_wconf 79' lang='lat' dir='ltr'><strong>quam</strong></span> <span class='ocrx_word' id='word_1_192' title='bbox 1595 1571 1861 1624; x_wconf 86' lang='lat' dir='ltr'><strong>accurate</strong></span> <span class='ocrx_word' id='word_1_193' title='bbox 1914 1569 2056 1625; x_wconf 88' lang='lat' dir='ltr'><strong>adeo</strong></span> <span class='ocrx_word' id='word_1_194' title='bbox 2108 1571 2338 1642; x_wconf 86' lang='lat' dir='ltr'><strong>alteque</strong></span> <span class='ocrx_word' id='word_1_195' title='bbox 2395 1571 2609 1627; x_wconf 91' lang='lat' dir='ltr'><strong>animis</strong></span> <span class='ocrx_word' id='word_1_196' title='bbox 2642 1571 2765 1626; x_wconf 87' lang='lat' dir='ltr'><strong>suis</strong></span> <span class='ocrx_word' id='word_1_197' title='bbox 2814 1569 3248 1640; x_wconf 87' lang='lat' dir='ltr'><strong>imprimebant,</strong></span> <span class='ocrx_word' id='word_1_198' title='bbox 3289 1579 3351 1625; x_wconf 91' lang='lat' dir='ltr'><strong>ut</strong></span> <span class='ocrx_word' id='word_1_199' title='bbox 3392 1586 3504 1625; x_wconf 89' lang='lat' dir='ltr'><strong>non</strong></span> <span class='ocrx_word' id='word_1_200' title='bbox 3554 1570 3731 1626; x_wconf 89' lang='lat' dir='ltr'><strong>modo</strong></span> 
     </span>
    </p>
   </div>
   <div class='ocr_carea' id='block_1_28' title="bbox 310 1653 3733 1733">
    <p class='ocr_par' dir='ltr' id='par_1_28' title="bbox 310 1653 3733 1733">
     <span class='ocr_line' id='line_1_29' title="bbox 310 1653 3733 1733; baseline 0.003 -26"><span class='ocrx_word' id='word_1_201' title='bbox 310 1654 564 1710; x_wconf 91' lang='lat' dir='ltr'><strong>immodi</strong></span> <span class='ocrx_word' id='word_1_202' title='bbox 596 1653 766 1725; x_wconf 87' lang='lat' dir='ltr'><strong>plane</strong></span> <span class='ocrx_word' id='word_1_203' title='bbox 797 1659 1140 1726; x_wconf 88' lang='lat' dir='ltr'><strong>perstarent,</strong></span> <span class='ocrx_word' id='word_1_204' title='bbox 1176 1655 1426 1712; x_wconf 86' lang='lat' dir='ltr'><strong>ﬁrmatis</strong></span> <span class='ocrx_word' id='word_1_205' title='bbox 1457 1657 1515 1713; x_wconf 91' lang='lat' dir='ltr'><strong>in</strong></span> <span class='ocrx_word' id='word_1_206' title='bbox 1547 1681 1566 1707; x_wconf 74' lang='grc' dir='ltr'><strong><em>ο</em></strong></span> <span class='ocrx_word' id='word_1_207' title='bbox 1607 1662 1768 1730; x_wconf 85' lang='lat' dir='ltr'><strong>petra</strong></span> <span class='ocrx_word' id='word_1_208' title='bbox 1797 1659 1928 1714; x_wconf 82' lang='lat' dir='ltr'><strong>fidei</strong></span> <span class='ocrx_word' id='word_1_209' title='bbox 1953 1682 1980 1709; x_wconf 85' lang='grc'><strong>››</strong></span> <span class='ocrx_word' id='word_1_210' title='bbox 2015 1661 2297 1732; x_wconf 77' lang='lat' dir='ltr'><strong>vestigiis,</strong></span> <span class='ocrx_word' id='word_1_211' title='bbox 2329 1664 2428 1718; x_wconf 92' lang='lat' dir='ltr'><strong>sed</strong></span> <span class='ocrx_word' id='word_1_212' title='bbox 2483 1677 2675 1718; x_wconf 91' lang='lat' dir='ltr'><strong>eorum</strong></span> <span class='ocrx_word' id='word_1_213' title='bbox 2727 1662 2889 1728; x_wconf 89' lang='lat' dir='ltr'><strong>item,</strong></span> <span class='ocrx_word' id='word_1_214' title='bbox 2913 1662 3009 1732; x_wconf 90' lang='lat' dir='ltr'><strong>qui</strong></span> <span class='ocrx_word' id='word_1_215' title='bbox 3069 1661 3437 1733; x_wconf 88' lang='lat' dir='ltr'><strong>postmodum</strong></span> <span class='ocrx_word' id='word_1_216' title='bbox 3487 1661 3557 1715; x_wconf 89' lang='lat' dir='ltr'><strong>ad</strong></span> <span class='ocrx_word' id='word_1_217' title='bbox 3613 1659 3733 1716; x_wconf 62' lang='lat' dir='ltr'><strong>haec</strong></span> 
     </span>
    </p>
   </div>
   <div class='ocr_carea' id='block_1_29' title="bbox 311 1746 2232 1819">
    <p class='ocr_par' dir='ltr' id='par_1_29' title="bbox 311 1746 2232 1819">
     <span class='ocr_line' id='line_1_30' title="bbox 311 1746 2232 1819; baseline 0.004 -21"><span class='ocrx_word' id='word_1_218' title='bbox 311 1746 516 1800; x_wconf 88' lang='lat' dir='ltr'><strong>eadem</strong></span> <span class='ocrx_word' id='word_1_219' title='bbox 544 1746 912 1811; x_wconf 85' lang='lat' dir='ltr'><strong>accedebant,</strong></span> <span class='ocrx_word' id='word_1_220' title='bbox 949 1747 1209 1812; x_wconf 76' lang='lat' dir='ltr'><strong>magistri</strong></span> <span class='ocrx_word' id='word_1_221' title='bbox 1245 1747 1590 1819; x_wconf 86' lang='lat' dir='ltr'><strong>ﬁctoresque</strong></span> <span class='ocrx_word' id='word_1_222' title='bbox 1622 1748 1827 1819; x_wconf 89' lang='lat' dir='ltr'><strong>optimi</strong></span> <span class='ocrx_word' id='word_1_223' title='bbox 1863 1749 2232 1806; x_wconf 87' lang='lat' dir='ltr'><strong>exsisterent.</strong></span> 
     </span>
    </p>
   </div>
   <div class='ocr_carea' id='block_1_30' title="bbox 392 1834 1954 1912">
    <p class='ocr_par' dir='ltr' id='par_1_30' title="bbox 392 1834 1954 1908">
     <span class='ocr_line' id='line_1_31' title="bbox 392 1834 1954 1908; baseline 0.002 -20"><span class='ocrx_word' id='word_1_224' title='bbox 392 1834 516 1888; x_wconf 81' lang='lat'><strong>118&#39;.</strong></span> <span class='ocrx_word' id='word_1_225' title='bbox 579 1836 808 1889; x_wconf 84' lang='grc' dir='ltr'>Ἔπειτα</span> <span class='ocrx_word' id='word_1_226' title='bbox 859 1837 955 1888; x_wconf 89' lang='grc' dir='ltr'><strong>τοῦ</strong></span> <span class='ocrx_word' id='word_1_227' title='bbox 1013 1835 1170 1888; x_wconf 79' lang='grc' dir='ltr'>πάντ’</span> <span class='ocrx_word' id='word_1_228' title='bbox 1228 1834 1449 1908; x_wconf 81' lang='grc' dir='ltr'>ἀρίστου</span> <span class='ocrx_word' id='word_1_229' title='bbox 1505 1837 1594 1889; x_wconf 79' lang='grc' dir='ltr'>καὶ</span> <span class='ocrx_word' id='word_1_230' title='bbox 1655 1837 1954 1907; x_wconf 82' lang='grc' dir='ltr'>θαυμαστοῐ</span> 
     </span>
    </p>
   </div>
   <div class='ocr_carea' id='block_1_31' title="bbox 2066 1834 3726 1912">
    <p class='ocr_par' dir='ltr' id='par_1_31' title="bbox 2152 1839 3726 1912">
     <span class='ocr_line' id='line_1_32' title="bbox 2152 1839 3726 1912; baseline -0.001 -17"><span class='ocrx_word' id='word_1_231' title='bbox 2152 1840 2440 1896; x_wconf 82' lang='lat' dir='ltr'><strong>LXXXIX.</strong></span> <span class='ocrx_word' id='word_1_232' title='bbox 2477 1844 2625 1898; x_wconf 91' lang='lat' dir='ltr'><strong>Tum</strong></span> <span class='ocrx_word' id='word_1_233' title='bbox 2647 1841 3027 1912; x_wconf 78' lang='lat' dir='ltr'><strong>deindelonge</strong></span> <span class='ocrx_word' id='word_1_234' title='bbox 3044 1841 3264 1912; x_wconf 90' lang='lat' dir='ltr'><strong>optimo</strong></span> <span class='ocrx_word' id='word_1_235' title='bbox 3291 1839 3726 1896; x_wconf 80' lang='lat' dir='ltr'><strong>laudatissima-</strong></span> 
     </span>
    </p>
   </div>
   <div class='ocr_carea' id='block_1_32' title="bbox 311 1920 1963 2000">
    <p class='ocr_par' dir='ltr' id='par_1_32' title="bbox 311 1920 1963 2000">
     <span class='ocr_line' id='line_1_33' title="bbox 311 1920 1963 2000; baseline 0.002 -24"><span class='ocrx_word' id='word_1_236' title='bbox 311 1920 618 1995; x_wconf 83' lang='grc' dir='ltr'>βασιλέως,</span> <span class='ocrx_word' id='word_1_237' title='bbox 649 1920 958 1992; x_wconf 82' lang='grc' dir='ltr'>(Θεοδόσιος</span> <span class='ocrx_word' id='word_1_238' title='bbox 989 1920 1045 1978; x_wconf 72' lang='grc' dir='ltr'>δὲ</span> <span class='ocrx_word' id='word_1_239' title='bbox 1093 1926 1158 1992; x_wconf 73' lang='grc' dir='ltr'><strong>ἦν</strong></span> <span class='ocrx_word' id='word_1_240' title='bbox 1189 1925 1216 1977; x_wconf 96' lang='lat'><strong>6</strong></span> <span class='ocrx_word' id='word_1_241' title='bbox 1265 1926 1434 1999; x_wconf 76' lang='grc' dir='ltr'>μέγας</span> <span class='ocrx_word' id='word_1_242' title='bbox 1473 1922 1563 1979; x_wconf 77' lang='grc' dir='ltr'><strong>διὰ</strong></span> <span class='ocrx_word' id='word_1_243' title='bbox 1609 1925 1760 1980; x_wconf 88' lang='grc' dir='ltr'>ταυτῖ</span> <span class='ocrx_word' id='word_1_244' title='bbox 1793 1945 1963 2000; x_wconf 88' lang='grc' dir='ltr'>προσ-</span> 
     </span>
    </p>
   </div>
   <div class='ocr_carea' id='block_1_33' title="bbox 308 2010 1962 2094">
    <p class='ocr_par' dir='ltr' id='par_1_33' title="bbox 308 2010 1962 2094">
     <span class='ocr_line' id='line_1_34' title="bbox 308 2010 1962 2094; baseline 0.003 -29"><span class='ocrx_word' id='word_1_245' title='bbox 308 2012 576 2086; x_wconf 84' lang='grc' dir='ltr'>ρηθείς</span> <span class='ocrx_word' id='word_1_246' title='bbox 635 2013 724 2067; x_wconf 82' lang='grc' dir='ltr'>καὶ</span> <span class='ocrx_word' id='word_1_247' title='bbox 784 2013 873 2067; x_wconf 89' lang='grc' dir='ltr'><strong>σύν</strong></span> <span class='ocrx_word' id='word_1_248' title='bbox 931 2033 994 2087; x_wconf 91' lang='grc' dir='ltr'><strong>γε</strong></span> <span class='ocrx_word' id='word_1_249' title='bbox 1063 2015 1241 2082; x_wconf 87' lang='grc' dir='ltr'>πάσης</span> <span class='ocrx_word' id='word_1_250' title='bbox 1298 2022 1397 2084; x_wconf 76' lang='grc' dir='ltr'><strong>τῆς</strong></span> <span class='ocrx_word' id='word_1_251' title='bbox 1474 2010 1798 2084; x_wconf 76' lang='grc' dir='ltr'>εὐσεϐούσης</span> <span class='ocrx_word' id='word_1_252' title='bbox 1858 2037 1962 2094; x_wconf 76' lang='grc' dir='ltr'><strong>φα-</strong></span> 
     </span>
    </p>
   </div>
   <div class='ocr_carea' id='block_1_34' title="bbox 306 2102 1961 2182">
    <p class='ocr_par' dir='ltr' id='par_1_34' title="bbox 306 2102 1961 2182">
     <span class='ocr_line' id='line_1_35' title="bbox 306 2102 1961 2182; baseline 0.004 -26"><span class='ocrx_word' id='word_1_253' title='bbox 306 2103 490 2176; x_wconf 81' lang='grc' dir='ltr'>τρίας,</span> <span class='ocrx_word' id='word_1_254' title='bbox 541 2109 717 2159; x_wconf 78' lang='grc' dir='ltr'>πᾶσαν</span> <span class='ocrx_word' id='word_1_255' title='bbox 778 2102 1042 2173; x_wconf 72' lang='grc' dir='ltr'>σπουδὴν,</span> <span class='ocrx_word' id='word_1_256' title='bbox 1098 2111 1269 2160; x_wconf 76' lang='grc' dir='ltr'>πᾶσαν</span> <span class='ocrx_word' id='word_1_257' title='bbox 1329 2103 1512 2176; x_wconf 89' lang='grc' dir='ltr'>δέησιν</span> <span class='ocrx_word' id='word_1_258' title='bbox 1569 2109 1961 2182; x_wconf 85' lang='grc' dir='ltr'>προσηχότων,</span> 
     </span>
    </p>
   </div>
   <div class='ocr_carea' id='block_1_35' title="bbox 306 2191 1962 2272">
    <p class='ocr_par' dir='ltr' id='par_1_35' title="bbox 306 2191 1962 2272">
     <span class='ocr_line' id='line_1_36' title="bbox 306 2191 1962 2272; baseline 0.004 -28"><span class='ocrx_word' id='word_1_259' title='bbox 306 2191 390 2252; x_wconf 82' lang='grc' dir='ltr'>ὡς</span> <span class='ocrx_word' id='word_1_260' title='bbox 424 2193 485 2246; x_wconf 82' lang='grc' dir='ltr'><strong>ἃν</strong></span> <span class='ocrx_word' id='word_1_261' title='bbox 516 2195 544 2248; x_wconf 87' lang='lat'><strong>6</strong></span> <span class='ocrx_word' id='word_1_262' title='bbox 593 2195 756 2266; x_wconf 80' lang='grc' dir='ltr'>μέγας</span> <span class='ocrx_word' id='word_1_263' title='bbox 787 2201 886 2262; x_wconf 80' lang='grc' dir='ltr'><strong>τῆς</strong></span> <span class='ocrx_word' id='word_1_264' title='bbox 929 2193 1256 2264; x_wconf 85' lang='grc' dir='ltr'>Ἐκκλησίας</span> <span class='ocrx_word' id='word_1_265' title='bbox 1304 2198 1599 2268; x_wconf 77' lang='grc' dir='ltr'>προσταίη,</span> <span class='ocrx_word' id='word_1_266' title='bbox 1631 2197 1720 2251; x_wconf 79' lang='grc' dir='ltr'>καὶ</span> <span class='ocrx_word' id='word_1_267' title='bbox 1751 2197 1962 2272; x_wconf 83' lang='grc' dir='ltr'>πρόμα-</span> 
     </span>
    </p>
   </div>
   <div class='ocr_carea' id='block_1_36' title="bbox 305 2279 1962 2365">
    <p class='ocr_par' dir='ltr' id='par_1_36' title="bbox 305 2279 1962 2365">
     <span class='ocr_line' id='line_1_37' title="bbox 305 2279 1962 2365; baseline 0.002 -28"><span class='ocrx_word' id='word_1_268' title='bbox 305 2301 418 2356; x_wconf 84' lang='grc' dir='ltr'><strong>χος</strong></span> <span class='ocrx_word' id='word_1_269' title='bbox 478 2279 645 2338; x_wconf 79' lang='grc' dir='ltr'>ἔπειτ’</span> <span class='ocrx_word' id='word_1_270' title='bbox 703 2282 869 2352; x_wconf 82' lang='grc' dir='ltr'>αὐτῆς</span> <span class='ocrx_word' id='word_1_271' title='bbox 925 2283 1010 2354; x_wconf 83' lang='grc' dir='ltr'><strong>εἷή</strong></span> <span class='ocrx_word' id='word_1_272' title='bbox 1071 2285 1158 2338; x_wconf 83' lang='grc' dir='ltr'><strong>καὶ</strong></span> <span class='ocrx_word' id='word_1_273' title='bbox 1218 2280 1496 2358; x_wconf 76' lang='grc' dir='ltr'>πρόϐολος</span> <span class='ocrx_word' id='word_1_274' title='bbox 1553 2284 1823 2365; x_wconf 70' lang='grc' dir='ltr'>ἀσφαλὴς,</span> <span class='ocrx_word' id='word_1_275' title='bbox 1868 2287 1962 2341; x_wconf 85' lang='grc' dir='ltr'>τὸν</span> 
     </span>
    </p>
   </div>
   <div class='ocr_carea' id='block_1_37' title="bbox 308 2371 1963 2448">
    <p class='ocr_par' dir='ltr' id='par_1_37' title="bbox 308 2371 1963 2448">
     <span class='ocr_line' id='line_1_38' title="bbox 308 2371 1963 2448; baseline 0.003 -23"><span class='ocrx_word' id='word_1_276' title='bbox 308 2375 424 2425; x_wconf 79' lang='grc' dir='ltr'><strong>τῶν</strong></span> <span class='ocrx_word' id='word_1_277' title='bbox 488 2371 745 2446; x_wconf 72' lang='grc' dir='ltr'>αἱρέσεων</span> <span class='ocrx_word' id='word_1_278' title='bbox 805 2372 970 2429; x_wconf 81' lang='grc' dir='ltr'>σάλον</span> <span class='ocrx_word' id='word_1_279' title='bbox 1038 2373 1508 2448; x_wconf 83' lang='grc' dir='ltr'>ἀποκρουόμενος,</span> <span class='ocrx_word' id='word_1_280' title='bbox 1567 2376 1594 2429; x_wconf 88' lang='grc' dir='ltr'>ὁ</span> <span class='ocrx_word' id='word_1_281' title='bbox 1660 2376 1749 2431; x_wconf 86' lang='grc' dir='ltr'><strong>καὶ</strong></span> <span class='ocrx_word' id='word_1_282' title='bbox 1809 2376 1963 2430; x_wconf 89' lang='grc' dir='ltr'>πάντ’</span> 
     </span>
    </p>
   </div>
   <div class='ocr_carea' id='block_1_38' title="bbox 309 2461 1960 2539">
    <p class='ocr_par' dir='ltr' id='par_1_38' title="bbox 309 2461 1960 2539">
     <span class='ocr_line' id='line_1_39' title="bbox 309 2461 1960 2539; baseline 0.002 -24"><span class='ocrx_word' id='word_1_283' title='bbox 309 2463 459 2534; x_wconf 76' lang='grc' dir='ltr'>αὐτῇ</span> <span class='ocrx_word' id='word_1_284' title='bbox 495 2466 660 2516; x_wconf 89' lang='grc' dir='ltr'>ταῦτα</span> <span class='ocrx_word' id='word_1_285' title='bbox 707 2463 797 2517; x_wconf 81' lang='grc' dir='ltr'><strong>καὶ</strong></span> <span class='ocrx_word' id='word_1_286' title='bbox 830 2463 934 2537; x_wconf 88' lang='grc' dir='ltr'><strong>πρὸ</strong></span> <span class='ocrx_word' id='word_1_287' title='bbox 979 2469 1079 2532; x_wconf 79' lang='grc' dir='ltr'>τῆς</span> <span class='ocrx_word' id='word_1_288' title='bbox 1127 2461 1487 2536; x_wconf 78' lang='grc' dir='ltr'>προκλήσεως</span> <span class='ocrx_word' id='word_1_289' title='bbox 1537 2466 1771 2539; x_wconf 86' lang='grc' dir='ltr'>γεγονώς</span> <span class='ocrx_word' id='word_1_290' title='bbox 1806 2483 1820 2498; x_wconf 71' lang='grc'><strong>⁸</strong></span> <span class='ocrx_word' id='word_1_291' title='bbox 1871 2466 1960 2519; x_wconf 86' lang='grc' dir='ltr'><strong>καὶ</strong></span> 
     </span>
    </p>
   </div>
   <div class='ocr_carea' id='block_1_39' title="bbox 310 2550 1964 2628">
    <p class='ocr_par' dir='ltr' id='par_1_39' title="bbox 310 2550 1964 2628">
     <span class='ocr_line' id='line_1_40' title="bbox 310 2550 1964 2628; baseline 0.002 -23"><span class='ocrx_word' id='word_1_292' title='bbox 310 2550 491 2606; x_wconf 73' lang='grc' dir='ltr'>πάλαι</span> <span class='ocrx_word' id='word_1_293' title='bbox 551 2556 843 2628; x_wconf 75' lang='grc' dir='ltr'>προσήκων</span> <span class='ocrx_word' id='word_1_294' title='bbox 914 2553 1215 2609; x_wconf 81' lang='grc' dir='ltr'>ἐπιστατεῖν</span> <span class='ocrx_word' id='word_1_295' title='bbox 1291 2553 1379 2608; x_wconf 89' lang='grc' dir='ltr'>καὶ</span> <span class='ocrx_word' id='word_1_296' title='bbox 1438 2551 1730 2627; x_wconf 78' lang='grc' dir='ltr'>δυνάμενος</span> <span class='ocrx_word' id='word_1_297' title='bbox 1799 2557 1964 2627; x_wconf 91' lang='grc' dir='ltr'>μόνος</span> 
     </span>
    </p>
   </div>
   <div class='ocr_carea' id='block_1_40' title="bbox 308 2641 1962 2722">
    <p class='ocr_par' dir='ltr' id='par_1_40' title="bbox 308 2641 1962 2722">
     <span class='ocr_line' id='line_1_41' title="bbox 308 2641 1962 2722; baseline 0.002 -27"><span class='ocrx_word' id='word_1_298' title='bbox 308 2643 392 2705; x_wconf 83' lang='grc' dir='ltr'><strong>ὡς</strong></span> <span class='ocrx_word' id='word_1_299' title='bbox 429 2641 655 2712; x_wconf 81' lang='grc' dir='ltr'>άληθῶς</span> <span class='ocrx_word' id='word_1_300' title='bbox 715 2645 814 2711; x_wconf 74' lang='grc' dir='ltr'><strong>τήν</strong></span> <span class='ocrx_word' id='word_1_301' title='bbox 878 2645 975 2716; x_wconf 73' lang='grc' dir='ltr'>μὲν</span> <span class='ocrx_word' id='word_1_302' title='bbox 1035 2645 1212 2714; x_wconf 87' lang='grc' dir='ltr'>πάσης</span> <span class='ocrx_word' id='word_1_303' title='bbox 1271 2645 1588 2712; x_wconf 78' lang='grc' dir='ltr'>ἡστινοσοῦν</span> <span class='ocrx_word' id='word_1_304' title='bbox 1641 2641 1962 2722; x_wconf 81' lang='grc' dir='ltr'>δυσχερείας</span> 
     </span>
    </p>
   </div>
   <div class='ocr_carea' id='block_1_41' title="bbox 307 2730 1960 2808">
    <p class='ocr_par' dir='ltr' id='par_1_41' title="bbox 307 2730 1960 2808">
     <span class='ocr_line' id='line_1_42' title="bbox 307 2730 1960 2808; baseline 0 -22"><span class='ocrx_word' id='word_1_305' title='bbox 307 2732 590 2807; x_wconf 71' lang='grc' dir='ltr'>ἀνωτέραν</span> <span class='ocrx_word' id='word_1_306' title='bbox 635 2734 937 2788; x_wconf 89' lang='grc' dir='ltr'>παντάπασι</span> <span class='ocrx_word' id='word_1_307' title='bbox 993 2731 1160 2803; x_wconf 79' lang='grc' dir='ltr'>δεῖξαι</span> <span class='ocrx_word' id='word_1_308' title='bbox 1193 2750 1207 2764; x_wconf 82' lang='grc'><strong><em>⁸</em></strong></span> <span class='ocrx_word' id='word_1_309' title='bbox 1258 2738 1430 2788; x_wconf 77' lang='grc' dir='ltr'>πᾶσαν</span> <span class='ocrx_word' id='word_1_310' title='bbox 1493 2731 1548 2787; x_wconf 77' lang='grc' dir='ltr'>δὲ</span> <span class='ocrx_word' id='word_1_311' title='bbox 1604 2733 1810 2808; x_wconf 77' lang='grc' dir='ltr'>ἀγαθὴν</span> <span class='ocrx_word' id='word_1_312' title='bbox 1853 2730 1960 2803; x_wconf 68' lang='grc' dir='ltr'>ἕξιν</span> 
     </span>
    </p>
   </div>
   <div class='ocr_carea' id='block_1_42' title="bbox 306 2821 1961 2894">
    <p class='ocr_par' dir='ltr' id='par_1_42' title="bbox 306 2821 1961 2894">
     <span class='ocr_line' id='line_1_43' title="bbox 306 2821 1961 2894; baseline 0.001 -18"><span class='ocrx_word' id='word_1_313' title='bbox 306 2824 401 2876; x_wconf 71' lang='grc' dir='ltr'>καῖ</span> <span class='ocrx_word' id='word_1_314' title='bbox 456 2821 798 2878; x_wconf 76' lang='grc' dir='ltr'>παντοδαποῦ</span> <span class='ocrx_word' id='word_1_315' title='bbox 845 2824 1018 2879; x_wconf 84' lang='grc' dir='ltr'>καλοῦ</span> <span class='ocrx_word' id='word_1_316' title='bbox 1066 2821 1234 2894; x_wconf 77' lang='grc' dir='ltr'>ζῆλον</span> <span class='ocrx_word' id='word_1_317' title='bbox 1275 2830 1395 2886; x_wconf 87' lang='grc' dir='ltr'>ταῖς</span> <span class='ocrx_word' id='word_1_318' title='bbox 1447 2824 1692 2879; x_wconf 81' lang='grc' dir='ltr'>ἁπάντων</span> <span class='ocrx_word' id='word_1_319' title='bbox 1746 2823 1961 2894; x_wconf 78' lang='grc' dir='ltr'>ἐντῆξαι</span> 
     </span>
    </p>
   </div>
   <div class='ocr_carea' id='block_1_43' title="bbox 305 2911 1961 2988">
    <p class='ocr_par' dir='ltr' id='par_1_43' title="bbox 305 2911 1961 2988">
     <span class='ocr_line' id='line_1_44' title="bbox 305 2911 1961 2988; baseline 0.001 -23"><span class='ocrx_word' id='word_1_320' title='bbox 305 2917 545 2987; x_wconf 76' lang='grc' dir='ltr'>ψυχαῖς,</span> <span class='ocrx_word' id='word_1_321' title='bbox 596 2912 919 2987; x_wconf 69' lang='grc' dir='ltr'>ἐπειδήπερ</span> <span class='ocrx_word' id='word_1_322' title='bbox 970 2913 1069 2988; x_wconf 81' lang='grc' dir='ltr'>ὀψέ</span> <span class='ocrx_word' id='word_1_323' title='bbox 1117 2934 1249 2968; x_wconf 87' lang='grc' dir='ltr'>ποτε</span> <span class='ocrx_word' id='word_1_324' title='bbox 1298 2914 1386 2968; x_wconf 80' lang='grc' dir='ltr'><strong>καί</strong></span> <span class='ocrx_word' id='word_1_325' title='bbox 1439 2915 1603 2987; x_wconf 85' lang='grc' dir='ltr'>μόγις</span> <span class='ocrx_word' id='word_1_326' title='bbox 1653 2911 1872 2982; x_wconf 83' lang='grc' dir='ltr'>ἐπείσθη</span> <span class='ocrx_word' id='word_1_327' title='bbox 1905 2933 1961 2967; x_wconf 90' lang='grc' dir='ltr'><strong>τε</strong></span> 
     </span>
    </p>
   </div>
   <div class='ocr_carea' id='block_1_44' title="bbox 305 2998 1957 3077">
    <p class='ocr_par' dir='ltr' id='par_1_44' title="bbox 305 2998 1957 3077">
     <span class='ocr_line' id='line_1_45' title="bbox 305 2998 1957 3077; baseline 0 -21"><span class='ocrx_word' id='word_1_328' title='bbox 305 3001 400 3056; x_wconf 70' lang='grc' dir='ltr'><strong>καὶ</strong></span> <span class='ocrx_word' id='word_1_329' title='bbox 463 3003 794 3070; x_wconf 83' lang='grc' dir='ltr'>κατένευσεν,</span> <span class='ocrx_word' id='word_1_330' title='bbox 839 3000 952 3057; x_wconf 71' lang='grc' dir='ltr'>οὔτ’</span> <span class='ocrx_word' id='word_1_331' title='bbox 1009 3003 1251 3077; x_wconf 79' lang='grc' dir='ltr'>ἀντέχειν</span> <span class='ocrx_word' id='word_1_332' title='bbox 1311 2998 1384 3057; x_wconf 79' lang='grc' dir='ltr'><strong>ἔτ’</strong></span> <span class='ocrx_word' id='word_1_333' title='bbox 1445 3003 1605 3072; x_wconf 79' lang='grc' dir='ltr'>ἀξιῶν</span> <span class='ocrx_word' id='word_1_334' title='bbox 1664 3002 1753 3056; x_wconf 83' lang='grc' dir='ltr'><strong>καὶ</strong></span> <span class='ocrx_word' id='word_1_335' title='bbox 1814 3000 1957 3056; x_wconf 86' lang='grc' dir='ltr'>θείαν</span> 
     </span>
    </p>
   </div>
   <div class='ocr_carea' id='block_1_45' title="bbox 305 3089 1958 3170">
    <p class='ocr_par' dir='ltr' id='par_1_45' title="bbox 305 3089 1958 3170">
     <span class='ocr_line' id='line_1_46' title="bbox 305 3089 1958 3170; baseline 0.001 -26"><span class='ocrx_word' id='word_1_336' title='bbox 305 3092 386 3152; x_wconf 83' lang='grc' dir='ltr'><strong>ὡς</strong></span> <span class='ocrx_word' id='word_1_337' title='bbox 417 3089 641 3162; x_wconf 82' lang='grc' dir='ltr'>ἀληθῶς</span> <span class='ocrx_word' id='word_1_338' title='bbox 673 3096 852 3170; x_wconf 68' lang='grc' dir='ltr'>ψῆφον</span> <span class='ocrx_word' id='word_1_339' title='bbox 880 3091 1080 3162; x_wconf 87' lang='grc' dir='ltr'>ταύτην</span> <span class='ocrx_word' id='word_1_340' title='bbox 1115 3092 1383 3165; x_wconf 83' lang='grc' dir='ltr'>νομίζων,</span> <span class='ocrx_word' id='word_1_341' title='bbox 1420 3093 1496 3164; x_wconf 79' lang='grc' dir='ltr'>μὴ</span> <span class='ocrx_word' id='word_1_342' title='bbox 1532 3090 1587 3146; x_wconf 79' lang='grc' dir='ltr'>δὶ</span> <span class='ocrx_word' id='word_1_343' title='bbox 1627 3093 1729 3166; x_wconf 73' lang='grc' dir='ltr'><strong>γὰρ</strong></span> <span class='ocrx_word' id='word_1_344' title='bbox 1772 3089 1958 3154; x_wconf 71' lang='grc' dir='ltr'>ἄλλως</span> 
     </span>
    </p>
   </div>
   <div class='ocr_carea' id='block_1_46' title="bbox 2074 1929 3714 2002">
    <p class='ocr_par' dir='ltr' id='par_1_46' title="bbox 2074 1929 3714 2002">
     <span class='ocr_line' id='line_1_47' title="bbox 2074 1929 3714 2002; baseline -0.001 -16"><span class='ocrx_word' id='word_1_345' title='bbox 2074 1947 2187 2002; x_wconf 89' lang='lat' dir='ltr'><strong>que</strong></span> <span class='ocrx_word' id='word_1_346' title='bbox 2217 1933 2560 2002; x_wconf 85' lang='lat' dir='ltr'><strong>imperatore</strong></span> <span class='ocrx_word' id='word_1_347' title='bbox 2582 1932 2682 2002; x_wconf 89' lang='lat'><strong>(9),</strong></span> <span class='ocrx_word' id='word_1_348' title='bbox 2710 1948 2940 2002; x_wconf 87' lang='lat' dir='ltr'><strong>unaque</strong></span> <span class='ocrx_word' id='word_1_349' title='bbox 2967 1946 3099 1986; x_wconf 90' lang='lat' dir='ltr'><strong>cum</strong></span> <span class='ocrx_word' id='word_1_350' title='bbox 3134 1932 3260 2001; x_wconf 92' lang='lat' dir='ltr'><strong>ipso</strong></span> <span class='ocrx_word' id='word_1_351' title='bbox 3297 1929 3569 1984; x_wconf 87' lang='lat' dir='ltr'><strong>universo</strong></span> <span class='ocrx_word' id='word_1_352' title='bbox 3592 1929 3714 1999; x_wconf 90' lang='lat' dir='ltr'><strong>pio-</strong></span> 
     </span>
    </p>
   </div>
   <div class='ocr_carea' id='block_1_47' title="bbox 2071 2018 3719 2090">
    <p class='ocr_par' dir='ltr' id='par_1_47' title="bbox 2071 2018 3719 2090">
     <span class='ocr_line' id='line_1_48' title="bbox 2071 2018 3719 2090; baseline -0.002 -14"><span class='ocrx_word' id='word_1_353' title='bbox 2071 2038 2202 2076; x_wconf 88' lang='lat' dir='ltr'><strong>rum</strong></span> <span class='ocrx_word' id='word_1_354' title='bbox 2260 2026 2431 2089; x_wconf 68' lang='lat' dir='ltr'><strong>caatu,</strong></span> <span class='ocrx_word' id='word_1_355' title='bbox 2487 2037 2660 2076; x_wconf 89' lang='lat' dir='ltr'><strong>omne</strong></span> <span class='ocrx_word' id='word_1_356' title='bbox 2689 2021 2948 2076; x_wconf 89' lang='lat' dir='ltr'><strong>studium</strong></span> <span class='ocrx_word' id='word_1_357' title='bbox 2999 2035 3345 2090; x_wconf 89' lang='lat' dir='ltr'><strong>omnemque</strong></span> <span class='ocrx_word' id='word_1_358' title='bbox 3384 2018 3719 2074; x_wconf 88' lang='lat' dir='ltr'><strong>obtestatio-</strong></span> 
     </span>
    </p>
   </div>
   <div class='ocr_carea' id='block_1_48' title="bbox 2076 2105 3720 2176">
    <p class='ocr_par' dir='ltr' id='par_1_48' title="bbox 2076 2105 3720 2176">
     <span class='ocr_line' id='line_1_49' title="bbox 2076 2105 3720 2176; baseline -0.004 -10"><span class='ocrx_word' id='word_1_359' title='bbox 2076 2126 2210 2166; x_wconf 90' lang='lat' dir='ltr'><strong>nem</strong></span> <span class='ocrx_word' id='word_1_360' title='bbox 2242 2109 2578 2176; x_wconf 89' lang='lat' dir='ltr'><strong>adbibente,</strong></span> <span class='ocrx_word' id='word_1_361' title='bbox 2610 2115 2673 2165; x_wconf 91' lang='lat' dir='ltr'><strong>ut</strong></span> <span class='ocrx_word' id='word_1_362' title='bbox 2705 2108 2791 2164; x_wconf 91' lang='lat' dir='ltr'><strong>vir</strong></span> <span class='ocrx_word' id='word_1_363' title='bbox 2821 2109 3115 2164; x_wconf 85' lang='lat' dir='ltr'><strong>maximus</strong></span> <span class='ocrx_word' id='word_1_364' title='bbox 3140 2112 3409 2176; x_wconf 87' lang='lat' dir='ltr'><strong>suscepto</strong></span> <span class='ocrx_word' id='word_1_365' title='bbox 3454 2105 3720 2163; x_wconf 65' lang='lat' dir='ltr'><strong>Ecclesiae</strong></span> 
     </span>
    </p>
   </div>
   <div class='ocr_carea' id='block_1_49' title="bbox 2073 2197 3720 2270">
    <p class='ocr_par' dir='ltr' id='par_1_49' title="bbox 2073 2197 3720 2270">
     <span class='ocr_line' id='line_1_50' title="bbox 2073 2197 3720 2270; baseline -0.001 -17"><span class='ocrx_word' id='word_1_366' title='bbox 2073 2199 2234 2255; x_wconf 91' lang='lat' dir='ltr'><strong>illius</strong></span> <span class='ocrx_word' id='word_1_367' title='bbox 2268 2199 2925 2270; x_wconf 81' lang='lat' dir='ltr'><strong>pontiﬁcatu,deinceps</strong></span> <span class='ocrx_word' id='word_1_368' title='bbox 2975 2201 3374 2269; x_wconf 87' lang='lat' dir='ltr'><strong>pr0pugnatur</strong></span> <span class='ocrx_word' id='word_1_369' title='bbox 3431 2197 3720 2266; x_wconf 87' lang='lat' dir='ltr'><strong>ejusdem,</strong></span> 
     </span>
    </p>
   </div>
   <div class='ocr_carea' id='block_1_50' title="bbox 2072 2286 3722 2361">
    <p class='ocr_par' dir='ltr' id='par_1_50' title="bbox 2072 2286 3722 2361">
     <span class='ocr_line' id='line_1_51' title="bbox 2072 2286 3722 2361; baseline -0.004 -17"><span class='ocrx_word' id='word_1_370' title='bbox 2072 2305 2363 2361; x_wconf 89' lang='lat' dir='ltr'><strong>rupesque</strong></span> <span class='ocrx_word' id='word_1_371' title='bbox 2398 2289 2764 2359; x_wconf 82' lang='lat' dir='ltr'><strong>ﬁrmissima,</strong></span> <span class='ocrx_word' id='word_1_372' title='bbox 2788 2287 3000 2343; x_wconf 86' lang='lat' dir='ltr'><strong>ﬂuctus</strong></span> <span class='ocrx_word' id='word_1_373' title='bbox 3035 2287 3343 2342; x_wconf 62' lang='lat' dir='ltr'><strong>basresium</strong></span> <span class='ocrx_word' id='word_1_374' title='bbox 3369 2286 3617 2341; x_wconf 81' lang='lat' dir='ltr'><strong>fractura</strong></span> <span class='ocrx_word' id='word_1_375' title='bbox 3639 2293 3722 2340; x_wconf 88' lang='lat' dir='ltr'><strong>at-</strong></span> 
     </span>
    </p>
   </div>
   <div class='ocr_carea' id='block_1_51' title="bbox 2073 2379 3721 2451">
    <p class='ocr_par' dir='ltr' id='par_1_51' title="bbox 2073 2379 3721 2451">
     <span class='ocr_line' id='line_1_52' title="bbox 2073 2379 3721 2451; baseline -0.003 -15"><span class='ocrx_word' id='word_1_376' title='bbox 2073 2396 2186 2450; x_wconf 89' lang='lat' dir='ltr'><strong>que</strong></span> <span class='ocrx_word' id='word_1_377' title='bbox 2207 2380 2544 2451; x_wconf 90' lang='lat' dir='ltr'><strong>depuleura,</strong></span> <span class='ocrx_word' id='word_1_378' title='bbox 2578 2385 2768 2436; x_wconf 89' lang='lat' dir='ltr'><strong>esset:</strong></span> <span class='ocrx_word' id='word_1_379' title='bbox 2804 2379 2902 2451; x_wconf 91' lang='lat' dir='ltr'><strong>qui</strong></span> <span class='ocrx_word' id='word_1_380' title='bbox 2936 2383 3108 2433; x_wconf 89' lang='lat' dir='ltr'><strong>antea</strong></span> <span class='ocrx_word' id='word_1_381' title='bbox 3137 2379 3309 2432; x_wconf 89' lang='lat' dir='ltr'><strong>etiam</strong></span> <span class='ocrx_word' id='word_1_382' title='bbox 3359 2392 3533 2446; x_wconf 89' lang='lat' dir='ltr'><strong>quam</strong></span> <span class='ocrx_word' id='word_1_383' title='bbox 3581 2392 3721 2448; x_wconf 90' lang='lat' dir='ltr'><strong>pon-</strong></span> 
     </span>
    </p>
   </div>
   <div class='ocr_carea' id='block_1_52' title="bbox 2074 2465 3714 2536">
    <p class='ocr_par' dir='ltr' id='par_1_52' title="bbox 2074 2465 3714 2536">
     <span class='ocr_line' id='line_1_53' title="bbox 2074 2465 3714 2536; baseline -0.002 -12"><span class='ocrx_word' id='word_1_384' title='bbox 2074 2470 2210 2524; x_wconf 85' lang='lat' dir='ltr'><strong>tifex</strong></span> <span class='ocrx_word' id='word_1_385' title='bbox 2240 2476 2554 2534; x_wconf 88' lang='lat' dir='ltr'><strong>crearetur,</strong></span> <span class='ocrx_word' id='word_1_386' title='bbox 2589 2469 2707 2523; x_wconf 58' lang='lat' dir='ltr'><strong>haec</strong></span> <span class='ocrx_word' id='word_1_387' title='bbox 2740 2469 2936 2524; x_wconf 89' lang='lat' dir='ltr'><strong>omnia</strong></span> <span class='ocrx_word' id='word_1_388' title='bbox 2957 2465 3223 2522; x_wconf 65' lang='lat' dir='ltr'><strong>Ecclesia;</strong></span> <span class='ocrx_word' id='word_1_389' title='bbox 3257 2466 3466 2534; x_wconf 77' lang='lat' dir='ltr'><strong>fuerat,</strong></span> <span class='ocrx_word' id='word_1_390' title='bbox 3502 2469 3558 2521; x_wconf 90' lang='lat' dir='ltr'><strong>et</strong></span> <span class='ocrx_word' id='word_1_391' title='bbox 3589 2465 3714 2536; x_wconf 86' lang='lat' dir='ltr'><strong>jam</strong></span> 
     </span>
    </p>
   </div>
   <div class='ocr_carea' id='block_1_53' title="bbox 2072 2553 3719 2630">
    <p class='ocr_par' dir='ltr' id='par_1_53' title="bbox 2072 2553 3719 2630">
     <span class='ocr_line' id='line_1_54' title="bbox 2072 2553 3719 2630; baseline -0.002 -18"><span class='ocrx_word' id='word_1_392' title='bbox 2072 2559 2296 2630; x_wconf 88' lang='lat' dir='ltr'><strong>pridem</strong></span> <span class='ocrx_word' id='word_1_393' title='bbox 2327 2558 2428 2614; x_wconf 92' lang='lat' dir='ltr'><strong>illo</strong></span> <span class='ocrx_word' id='word_1_394' title='bbox 2470 2575 2709 2614; x_wconf 88' lang='lat' dir='ltr'><strong>munere</strong></span> <span class='ocrx_word' id='word_1_395' title='bbox 2741 2558 3142 2627; x_wconf 83' lang='lat' dir='ltr'><strong>dignissimus,</strong></span> <span class='ocrx_word' id='word_1_396' title='bbox 3176 2559 3232 2610; x_wconf 91' lang='lat' dir='ltr'><strong>et</strong></span> <span class='ocrx_word' id='word_1_397' title='bbox 3281 2553 3441 2610; x_wconf 88' lang='lat' dir='ltr'><strong>solus</strong></span> <span class='ocrx_word' id='word_1_398' title='bbox 3490 2570 3719 2610; x_wconf 89' lang='lat' dir='ltr'><strong>revera-</strong></span> 
     </span>
    </p>
   </div>
   <div class='ocr_carea' id='block_1_54' title="bbox 2071 2643 3715 2719">
    <p class='ocr_par' dir='ltr' id='par_1_54' title="bbox 2071 2643 3715 2719">
     <span class='ocr_line' id='line_1_55' title="bbox 2071 2643 3715 2719; baseline -0.004 -15"><span class='ocrx_word' id='word_1_399' title='bbox 2071 2649 2340 2715; x_wconf 91' lang='lat' dir='ltr'><strong>idoneus,</strong></span> <span class='ocrx_word' id='word_1_400' title='bbox 2370 2649 2469 2719; x_wconf 90' lang='lat' dir='ltr'><strong>qui</strong></span> <span class='ocrx_word' id='word_1_401' title='bbox 2502 2646 2661 2702; x_wconf 89' lang='lat' dir='ltr'><strong>illam</strong></span> <span class='ocrx_word' id='word_1_402' title='bbox 2690 2645 2995 2717; x_wconf 85' lang='lat' dir='ltr'><strong>quibusvis</strong></span> <span class='ocrx_word' id='word_1_403' title='bbox 3029 2643 3313 2700; x_wconf 79' lang='lat' dir='ltr'><strong>molestiis</strong></span> <span class='ocrx_word' id='word_1_404' title='bbox 3355 2643 3715 2713; x_wconf 87' lang='lat' dir='ltr'><strong>superiorem</strong></span> 
     </span>
    </p>
   </div>
   <div class='ocr_carea' id='block_1_55' title="bbox 2072 2729 3718 2807">
    <p class='ocr_par' dir='ltr' id='par_1_55' title="bbox 2072 2729 3718 2807">
     <span class='ocr_line' id='line_1_56' title="bbox 2072 2729 3718 2807; baseline -0.003 -18"><span class='ocrx_word' id='word_1_405' title='bbox 2072 2735 2244 2807; x_wconf 90' lang='lat' dir='ltr'><strong>plane</strong></span> <span class='ocrx_word' id='word_1_406' title='bbox 2290 2743 2582 2806; x_wconf 59' lang='lat' dir='ltr'><strong>praestare,</strong></span> <span class='ocrx_word' id='word_1_407' title='bbox 2635 2738 2807 2804; x_wconf 88' lang='lat' dir='ltr'><strong>atque</strong></span> <span class='ocrx_word' id='word_1_408' title='bbox 2866 2733 3112 2787; x_wconf 91' lang='lat' dir='ltr'><strong>invicem</strong></span> <span class='ocrx_word' id='word_1_409' title='bbox 3171 2731 3390 2787; x_wconf 89' lang='lat' dir='ltr'><strong>bonum</strong></span> <span class='ocrx_word' id='word_1_410' title='bbox 3453 2729 3718 2784; x_wconf 89' lang='lat' dir='ltr'><strong>habitum</strong></span> 
     </span>
    </p>
   </div>
   <div class='ocr_carea' id='block_1_56' title="bbox 2073 2819 3718 2896">
    <p class='ocr_par' dir='ltr' id='par_1_56' title="bbox 2073 2819 3718 2896">
     <span class='ocr_line' id='line_1_57' title="bbox 2073 2819 3718 2896; baseline -0.005 -15"><span class='ocrx_word' id='word_1_411' title='bbox 2073 2840 2328 2892; x_wconf 89' lang='lat' dir='ltr'><strong>emnem,</strong></span> <span class='ocrx_word' id='word_1_412' title='bbox 2361 2825 2711 2896; x_wconf 83' lang='lat' dir='ltr'><strong>virtutisque</strong></span> <span class='ocrx_word' id='word_1_413' title='bbox 2745 2824 3024 2878; x_wconf 70' lang='lat' dir='ltr'><strong>universa:</strong></span> <span class='ocrx_word' id='word_1_414' title='bbox 3047 2820 3428 2888; x_wconf 89' lang='lat' dir='ltr'><strong>desiderium,</strong></span> <span class='ocrx_word' id='word_1_415' title='bbox 3453 2819 3718 2875; x_wconf 90' lang='lat' dir='ltr'><strong>omnium</strong></span> 
     </span>
    </p>
   </div>
   <div class='ocr_carea' id='block_1_57' title="bbox 2072 2910 3720 2985">
    <p class='ocr_par' dir='ltr' id='par_1_57' title="bbox 2072 2910 3720 2985">
     <span class='ocr_line' id='line_1_58' title="bbox 2072 2910 3720 2985; baseline -0.005 -14"><span class='ocrx_word' id='word_1_416' title='bbox 2072 2915 2287 2971; x_wconf 87' lang='lat' dir='ltr'><strong>animis</strong></span> <span class='ocrx_word' id='word_1_417' title='bbox 2303 2912 3286 2985; x_wconf 79' lang='lat' dir='ltr'><strong>velutcolliquel‘actum,infundere</strong></span> <span class='ocrx_word' id='word_1_418' title='bbox 3319 2913 3534 2980; x_wconf 88' lang='lat' dir='ltr'><strong>posset.</strong></span> <span class='ocrx_word' id='word_1_419' title='bbox 3561 2910 3720 2964; x_wconf 86' lang='lat' dir='ltr'><strong>Post-</strong></span> 
     </span>
    </p>
   </div>
   <div class='ocr_carea' id='block_1_58' title="bbox 2071 3001 3720 3078">
    <p class='ocr_par' dir='ltr' id='par_1_58' title="bbox 2071 3001 3720 3078">
     <span class='ocr_line' id='line_1_59' title="bbox 2071 3001 3720 3078; baseline -0.004 -16"><span class='ocrx_word' id='word_1_420' title='bbox 2071 3022 2246 3078; x_wconf 91' lang='lat' dir='ltr'><strong>quam</strong></span> <span class='ocrx_word' id='word_1_421' title='bbox 2280 3007 2514 3062; x_wconf 88' lang='lat' dir='ltr'><strong>tandem</strong></span> <span class='ocrx_word' id='word_1_422' title='bbox 2549 3005 2884 3077; x_wconf 78' lang='lat' dir='ltr'><strong>aliquando,</strong></span> <span class='ocrx_word' id='word_1_423' title='bbox 2905 3019 3169 3076; x_wconf 70' lang='lat' dir='ltr'><strong>aagreque</strong></span> <span class='ocrx_word' id='word_1_424' title='bbox 3192 3001 3511 3058; x_wconf 89' lang='lat' dir='ltr'><strong>admodum</strong></span> <span class='ocrx_word' id='word_1_425' title='bbox 3543 3001 3720 3056; x_wconf 88' lang='lat' dir='ltr'><strong>cessit</strong></span> 
     </span>
    </p>
   </div>
   <div class='ocr_carea' id='block_1_59' title="bbox 2068 3092 3713 3168">
    <p class='ocr_par' dir='ltr' id='par_1_59' title="bbox 2068 3092 3713 3168">
     <span class='ocr_line' id='line_1_60' title="bbox 2068 3092 3713 3168; baseline -0.004 -16"><span class='ocrx_word' id='word_1_426' title='bbox 2068 3098 2408 3168; x_wconf 91' lang='lat' dir='ltr'><strong>adnuitque,</strong></span> <span class='ocrx_word' id='word_1_427' title='bbox 2433 3114 2536 3152; x_wconf 90' lang='lat' dir='ltr'><strong>nec</strong></span> <span class='ocrx_word' id='word_1_428' title='bbox 2569 3095 2718 3153; x_wconf 87' lang='lat' dir='ltr'><strong>ultra</strong></span> <span class='ocrx_word' id='word_1_429' title='bbox 2747 3095 3096 3153; x_wconf 88' lang='lat' dir='ltr'><strong>obstinatius</strong></span> <span class='ocrx_word' id='word_1_430' title='bbox 3120 3109 3438 3166; x_wconf 84' lang='lat' dir='ltr'><strong>repugnare</strong></span> <span class='ocrx_word' id='word_1_431' title='bbox 3471 3092 3556 3147; x_wconf 83' lang='lat' dir='ltr'><strong>fas</strong></span> <span class='ocrx_word' id='word_1_432' title='bbox 3585 3107 3713 3146; x_wconf 87' lang='lat' dir='ltr'><strong>esse</strong></span> 
     </span>
    </p>
   </div>
   <div class='ocr_carea' id='block_1_60' title="bbox 305 3176 1954 3284">
    <p class='ocr_par' dir='ltr' id='par_1_60' title="bbox 305 3176 1954 3256">
     <span class='ocr_line' id='line_1_61' title="bbox 305 3176 1954 3256; baseline -0.001 -20"><span class='ocrx_word' id='word_1_433' title='bbox 305 3176 570 3250; x_wconf 76' lang='grc' dir='ltr'>ἐπιϐῆναι</span> <span class='ocrx_word' id='word_1_434' title='bbox 642 3189 742 3250; x_wconf 73' lang='grc' dir='ltr'>τῆς</span> <span class='ocrx_word' id='word_1_435' title='bbox 810 3183 1208 3237; x_wconf 81' lang='grc' dir='ltr'>Κωνσταντίνου</span> <span class='ocrx_word' id='word_1_436' title='bbox 1281 3184 1725 3256; x_wconf 78' lang='grc' dir='ltr'>χρηματισθῆναι</span> <span class='ocrx_word' id='word_1_437' title='bbox 1797 3201 1954 3236; x_wconf 92' lang='grc' dir='ltr'>τοκα-</span> 
     </span>
    </p>
   </div>
   <div class='ocr_carea' id='block_1_61' title="bbox 2066 3176 3714 3284">
    <p class='ocr_par' dir='ltr' id='par_1_61' title="bbox 2070 3179 3714 3252">
     <span class='ocr_line' id='line_1_62' title="bbox 2070 3179 3714 3252; baseline -0.003 -13"><span class='ocrx_word' id='word_1_438' title='bbox 2070 3185 2302 3252; x_wconf 87' lang='lat' dir='ltr'><strong>statuit,</strong></span> <span class='ocrx_word' id='word_1_439' title='bbox 2335 3184 2509 3239; x_wconf 89' lang='lat' dir='ltr'><strong>simul</strong></span> <span class='ocrx_word' id='word_1_440' title='bbox 2549 3185 2810 3240; x_wconf 83' lang='lat' dir='ltr'><strong>divinum</strong></span> <span class='ocrx_word' id='word_1_441' title='bbox 2867 3183 3105 3239; x_wconf 90' lang='lat' dir='ltr'><strong>omnino</strong></span> <span class='ocrx_word' id='word_1_442' title='bbox 3156 3181 3448 3237; x_wconf 90' lang='lat' dir='ltr'><strong>calculum</strong></span> <span class='ocrx_word' id='word_1_443' title='bbox 3501 3179 3714 3235; x_wconf 70' lang='lat' dir='ltr'><strong>suifra-</strong></span> 
     </span>
    </p>
   </div>
   <div class='ocr_carea' id='block_1_62' title="bbox 301 3273 1957 3349">
    <p class='ocr_par' dir='ltr' id='par_1_62' title="bbox 301 3273 1957 3349">
     <span class='ocr_line' id='line_1_63' title="bbox 301 3273 1957 3349; baseline 0 -23"><span class='ocrx_word' id='word_1_444' title='bbox 301 3273 538 3349; x_wconf 88' lang='grc' dir='ltr'>ταρχάς.</span> <span class='ocrx_word' id='word_1_445' title='bbox 591 3275 738 3330; x_wconf 81' lang='grc' dir='ltr'><strong>Έπεὶ</strong></span> <span class='ocrx_word' id='word_1_446' title='bbox 797 3274 974 3329; x_wconf 86' lang='grc' dir='ltr'>τοίνυν</span> <span class='ocrx_word' id='word_1_447' title='bbox 1035 3273 1209 3334; x_wconf 70' lang='grc' dir='ltr'>οὕτως</span> <span class='ocrx_word' id='word_1_448' title='bbox 1271 3273 1540 3344; x_wconf 85' lang='grc' dir='ltr'>συνέθετο,</span> <span class='ocrx_word' id='word_1_449' title='bbox 1590 3273 1678 3327; x_wconf 84' lang='grc' dir='ltr'>καὶ</span> <span class='ocrx_word' id='word_1_450' title='bbox 1735 3276 1804 3346; x_wconf 79' lang='grc' dir='ltr'>τῇ</span> <span class='ocrx_word' id='word_1_451' title='bbox 1860 3277 1957 3327; x_wconf 90' lang='grc' dir='ltr'><strong>τοῦ</strong></span> 
     </span>
    </p>
   </div>
   <div class='ocr_carea' id='block_1_63' title="bbox 301 3359 1958 3437">
    <p class='ocr_par' dir='ltr' id='par_1_63' title="bbox 301 3359 1958 3437">
     <span class='ocr_line' id='line_1_64' title="bbox 301 3359 1958 3437; baseline -0.002 -20"><span class='ocrx_word' id='word_1_452' title='bbox 301 3367 638 3437; x_wconf 77' lang='grc' dir='ltr'>κρατοῦντος</span> <span class='ocrx_word' id='word_1_453' title='bbox 687 3359 1014 3436; x_wconf 68' lang='grc' dir='ltr'>προῦλήσει,</span> <span class='ocrx_word' id='word_1_454' title='bbox 1064 3365 1348 3437; x_wconf 84' lang='grc' dir='ltr'>θαυμαστή</span> <span class='ocrx_word' id='word_1_455' title='bbox 1403 3360 1458 3417; x_wconf 77' lang='grc' dir='ltr'>δὲ</span> <span class='ocrx_word' id='word_1_456' title='bbox 1508 3361 1668 3431; x_wconf 79' lang='grc' dir='ltr'>αὕτη,</span> <span class='ocrx_word' id='word_1_457' title='bbox 1701 3362 1790 3416; x_wconf 78' lang='grc' dir='ltr'>καὶ</span> <span class='ocrx_word' id='word_1_458' title='bbox 1839 3361 1958 3433; x_wconf 87' lang='grc' dir='ltr'>μεί-</span> 
     </span>
    </p>
   </div>
   <div class='ocr_carea' id='block_1_64' title="bbox 307 3447 1952 3528">
    <p class='ocr_par' dir='ltr' id='par_1_64' title="bbox 307 3447 1952 3528">
     <span class='ocr_line' id='line_1_65' title="bbox 307 3447 1952 3528; baseline 0.001 -23"><span class='ocrx_word' id='word_1_459' title='bbox 307 3458 414 3520; x_wconf 79' lang='grc' dir='ltr'><strong>ζων</strong></span> <span class='ocrx_word' id='word_1_460' title='bbox 530 3447 1004 3526; x_wconf 73' lang='grc' dir='ltr'>παραϐάλλεσθαι,</span> <span class='ocrx_word' id='word_1_461' title='bbox 1034 3460 1133 3522; x_wconf 74' lang='grc' dir='ltr'>τῆς</span> <span class='ocrx_word' id='word_1_462' title='bbox 1178 3450 1437 3528; x_wconf 80' lang='grc' dir='ltr'>καθέδρας</span> <span class='ocrx_word' id='word_1_463' title='bbox 1470 3447 1662 3522; x_wconf 74' lang='grc' dir='ltr'>ἐπέϐη,</span> <span class='ocrx_word' id='word_1_464' title='bbox 1707 3449 1794 3505; x_wconf 78' lang='grc' dir='ltr'><strong>καὶ</strong></span> <span class='ocrx_word' id='word_1_465' title='bbox 1845 3455 1952 3506; x_wconf 82' lang='grc' dir='ltr'><strong>τῶν</strong></span> 
     </span>
    </p>
   </div>
   <div class='ocr_carea' id='block_1_65' title="bbox 301 3539 1949 3620">
    <p class='ocr_par' dir='ltr' id='par_1_65' title="bbox 301 3539 1949 3620">
     <span class='ocr_line' id='line_1_66' title="bbox 301 3539 1949 3620; baseline -0.001 -23"><span class='ocrx_word' id='word_1_466' title='bbox 301 3549 408 3611; x_wconf 77' lang='grc' dir='ltr'>τῆς</span> <span class='ocrx_word' id='word_1_467' title='bbox 483 3539 752 3605; x_wconf 73' lang='grc' dir='ltr'>εὐσεϐείας</span> <span class='ocrx_word' id='word_1_468' title='bbox 825 3545 1157 3620; x_wconf 74' lang='grc' dir='ltr'>πραγμάτων</span> <span class='ocrx_word' id='word_1_469' title='bbox 1238 3541 1368 3617; x_wconf 78' lang='grc' dir='ltr'>μάλ’</span> <span class='ocrx_word' id='word_1_470' title='bbox 1443 3541 1789 3618; x_wconf 71' lang='grc' dir='ltr'>ἒρῥωμένως,</span> <span class='ocrx_word' id='word_1_471' title='bbox 1862 3541 1949 3595; x_wconf 77' lang='grc' dir='ltr'><strong>καὶ</strong></span> 
     </span>
    </p>
   </div>
   <div class='ocr_carea' id='block_1_66' title="bbox 309 3632 1951 3709">
    <p class='ocr_par' dir='ltr' id='par_1_66' title="bbox 309 3632 1951 3709">
     <span class='ocr_line' id='line_1_67' title="bbox 309 3632 1951 3709; baseline 0 -23"><span class='ocrx_word' id='word_1_472' title='bbox 309 3633 449 3704; x_wconf 82' lang='grc' dir='ltr'><strong>μετά</strong></span> <span class='ocrx_word' id='word_1_473' title='bbox 495 3632 757 3702; x_wconf 85' lang='grc' dir='ltr'>πλείστης</span> <span class='ocrx_word' id='word_1_474' title='bbox 804 3635 936 3703; x_wconf 80' lang='grc' dir='ltr'>ὅσης</span> <span class='ocrx_word' id='word_1_475' title='bbox 986 3633 1323 3688; x_wconf 78' lang='grc' dir='ltr'>ἀντεποιεῖτο</span> <span class='ocrx_word' id='word_1_476' title='bbox 1375 3633 1680 3709; x_wconf 76' lang='grc' dir='ltr'>ῥᾳστώνης,</span> <span class='ocrx_word' id='word_1_477' title='bbox 1733 3634 1782 3686; x_wconf 81' lang='grc' dir='ltr'>οἱ</span> <span class='ocrx_word' id='word_1_478' title='bbox 1833 3634 1951 3704; x_wconf 75' lang='grc' dir='ltr'>μὲν,</span> 
     </span>
    </p>
   </div>
   <div class='ocr_carea' id='block_1_67' title="bbox 303 3717 1949 3796">
    <p class='ocr_par' dir='ltr' id='par_1_67' title="bbox 303 3717 1949 3796">
     <span class='ocr_line' id='line_1_68' title="bbox 303 3717 1949 3796; baseline 0.001 -23"><span class='ocrx_word' id='word_1_479' title='bbox 303 3721 606 3792; x_wconf 82' lang='grc' dir='ltr'>ἀμύνεσθαι</span> <span class='ocrx_word' id='word_1_480' title='bbox 655 3722 782 3785; x_wconf 71' lang='grc' dir='ltr'>τοὺς</span> <span class='ocrx_word' id='word_1_481' title='bbox 829 3717 1082 3795; x_wconf 74' lang='grc' dir='ltr'>ὑϐριστὰς</span> <span class='ocrx_word' id='word_1_482' title='bbox 1132 3723 1376 3796; x_wconf 80' lang='grc' dir='ltr'>οἶόμενοι</span> <span class='ocrx_word' id='word_1_483' title='bbox 1423 3720 1554 3792; x_wconf 83' lang='grc' dir='ltr'>δεῖν,</span> <span class='ocrx_word' id='word_1_484' title='bbox 1608 3723 1696 3776; x_wconf 80' lang='grc' dir='ltr'><strong>καὶ</strong></span> <span class='ocrx_word' id='word_1_485' title='bbox 1750 3723 1822 3775; x_wconf 87' lang='grc' dir='ltr'>ὧν</span> <span class='ocrx_word' id='word_1_486' title='bbox 1874 3723 1949 3782; x_wconf 74' lang='grc' dir='ltr'>εἷς</span> 
     </span>
    </p>
   </div>
   <div class='ocr_carea' id='block_1_68' title="bbox 306 3807 1950 3886">
    <p class='ocr_par' dir='ltr' id='par_1_68' title="bbox 306 3807 1950 3886">
     <span class='ocr_line' id='line_1_69' title="bbox 306 3807 1950 3886; baseline 0.001 -24"><span class='ocrx_word' id='word_1_487' title='bbox 306 3809 506 3872; x_wconf 77' lang='grc' dir='ltr'>αὐτοὺς</span> <span class='ocrx_word' id='word_1_488' title='bbox 543 3807 982 3883; x_wconf 82' lang='grc' dir='ltr'>ἐπλημμέλησαν</span> <span class='ocrx_word' id='word_1_489' title='bbox 1026 3810 1407 3886; x_wconf 78' lang='grc' dir='ltr'>εἰσπράξασθαι</span> <span class='ocrx_word' id='word_1_490' title='bbox 1451 3809 1626 3882; x_wconf 83' lang='grc' dir='ltr'>δίκην,</span> <span class='ocrx_word' id='word_1_491' title='bbox 1660 3816 1819 3865; x_wconf 82' lang='grc' dir='ltr'>πᾶσιν</span> <span class='ocrx_word' id='word_1_492' title='bbox 1862 3813 1950 3874; x_wconf 75' lang='grc' dir='ltr'>οἷς</span> 
     </span>
    </p>
   </div>
   <div class='ocr_carea' id='block_1_69' title="bbox 307 3897 1949 3976">
    <p class='ocr_par' dir='ltr' id='par_1_69' title="bbox 307 3897 1949 3976">
     <span class='ocr_line' id='line_1_70' title="bbox 307 3897 1949 3976; baseline 0.003 -26"><span class='ocrx_word' id='word_1_493' title='bbox 307 3897 484 3972; x_wconf 78' lang='grc' dir='ltr'>εἶχον,</span> <span class='ocrx_word' id='word_1_494' title='bbox 529 3899 729 3954; x_wconf 85' lang='grc' dir='ltr'>πείθειν</span> <span class='ocrx_word' id='word_1_495' title='bbox 781 3899 945 3955; x_wconf 79' lang='grc' dir='ltr'>ταῦτα</span> <span class='ocrx_word' id='word_1_496' title='bbox 975 3905 1060 3956; x_wconf 82' lang='grc' dir='ltr'>καὶ</span> <span class='ocrx_word' id='word_1_497' title='bbox 1109 3903 1199 3957; x_wconf 87' lang='grc' dir='ltr'><strong>τὸν</strong></span> <span class='ocrx_word' id='word_1_498' title='bbox 1251 3902 1406 3976; x_wconf 79' lang='grc' dir='ltr'>ἅγιον</span> <span class='ocrx_word' id='word_1_499' title='bbox 1455 3899 1793 3976; x_wconf 79' lang='grc' dir='ltr'>ἐπεχείρουν,</span> <span class='ocrx_word' id='word_1_500' title='bbox 1827 3923 1949 3955; x_wconf 83' lang='grc' dir='ltr'>συν-</span> 
     </span>
    </p>
   </div>
   <div class='ocr_carea' id='block_1_70' title="bbox 304 3986 1950 4064">
    <p class='ocr_par' dir='ltr' id='par_1_70' title="bbox 304 3986 1950 4064">
     <span class='ocr_line' id='line_1_71' title="bbox 304 3986 1950 4064; baseline 0.002 -24"><span class='ocrx_word' id='word_1_501' title='bbox 304 3987 670 4062; x_wconf 86' lang='grc' dir='ltr'>αγωνίσασθαι</span> <span class='ocrx_word' id='word_1_502' title='bbox 722 3988 937 4050; x_wconf 76' lang='grc' dir='ltr'>τούτοις</span> <span class='ocrx_word' id='word_1_503' title='bbox 989 3989 1077 4044; x_wconf 81' lang='grc' dir='ltr'><strong>καὶ</strong></span> <span class='ocrx_word' id='word_1_504' title='bbox 1109 3986 1426 4058; x_wconf 74' lang='grc' dir='ltr'>συλλαϐεῖν,</span> <span class='ocrx_word' id='word_1_505' title='bbox 1467 3993 1566 4060; x_wconf 73' lang='grc' dir='ltr'><strong>τήν</strong></span> <span class='ocrx_word' id='word_1_506' title='bbox 1618 3989 1674 4044; x_wconf 84' lang='grc' dir='ltr'><strong>δε</strong></span> <span class='ocrx_word' id='word_1_507' title='bbox 1715 3993 1812 4044; x_wconf 90' lang='grc' dir='ltr'><strong>τοῦ</strong></span> <span class='ocrx_word' id='word_1_508' title='bbox 1861 3991 1950 4064; x_wconf 89' lang='grc' dir='ltr'><strong>βα-</strong></span> 
     </span>
    </p>
   </div>
   <div class='ocr_carea' id='block_1_71' title="bbox 306 4075 1945 4154">
    <p class='ocr_par' dir='ltr' id='par_1_71' title="bbox 306 4075 1945 4154">
     <span class='ocr_line' id='line_1_72' title="bbox 306 4075 1945 4154; baseline 0.002 -24"><span class='ocrx_word' id='word_1_509' title='bbox 306 4075 509 4140; x_wconf 84' lang='grc' dir='ltr'>σιλέως</span> <span class='ocrx_word' id='word_1_510' title='bbox 551 4079 685 4152; x_wconf 85' lang='grc' dir='ltr'>πρὸς</span> <span class='ocrx_word' id='word_1_511' title='bbox 738 4077 896 4132; x_wconf 76' lang='grc' dir='ltr'>αὐτὸν</span> <span class='ocrx_word' id='word_1_512' title='bbox 951 4077 1151 4141; x_wconf 83' lang='grc' dir='ltr'>εἰδότες</span> <span class='ocrx_word' id='word_1_513' title='bbox 1207 4082 1406 4154; x_wconf 71' lang='grc' dir='ltr'>ῥοπήν,</span> <span class='ocrx_word' id='word_1_514' title='bbox 1455 4087 1554 4150; x_wconf 81' lang='grc' dir='ltr'><strong>τῆς</strong></span> <span class='ocrx_word' id='word_1_515' title='bbox 1610 4102 1668 4136; x_wconf 90' lang='grc' dir='ltr'><strong>τε</strong></span> <span class='ocrx_word' id='word_1_516' title='bbox 1724 4077 1945 4154; x_wconf 88' lang='grc' dir='ltr'>καρδίας</span> 
     </span>
    </p>
   </div>
   <div class='ocr_carea' id='block_1_72' title="bbox 304 4164 1944 4241">
    <p class='ocr_par' dir='ltr' id='par_1_72' title="bbox 304 4164 1944 4241">
     <span class='ocr_line' id='line_1_73' title="bbox 304 4164 1944 4241; baseline 0.002 -23"><span class='ocrx_word' id='word_1_517' title='bbox 304 4167 378 4218; x_wconf 81' lang='grc' dir='ltr'>ὧν</span> <span class='ocrx_word' id='word_1_518' title='bbox 413 4164 609 4220; x_wconf 80' lang='grc' dir='ltr'>ἔπαθον</span> <span class='ocrx_word' id='word_1_519' title='bbox 664 4168 1019 4240; x_wconf 87' lang='grc' dir='ltr'>ζωπυρούσης</span> <span class='ocrx_word' id='word_1_520' title='bbox 1051 4172 1149 4238; x_wconf 70' lang='grc' dir='ltr'><strong>τὴν</strong></span> <span class='ocrx_word' id='word_1_521' title='bbox 1203 4171 1450 4241; x_wconf 67' lang='grc' dir='ltr'>μνήμην,</span> <span class='ocrx_word' id='word_1_522' title='bbox 1481 4168 1572 4222; x_wconf 85' lang='grc' dir='ltr'>καὶ</span> <span class='ocrx_word' id='word_1_523' title='bbox 1623 4169 1722 4222; x_wconf 79' lang='grc' dir='ltr'>οὐκ</span> <span class='ocrx_word' id='word_1_524' title='bbox 1769 4168 1944 4238; x_wconf 82' lang='grc' dir='ltr'>ἐώσης</span> 
     </span>
    </p>
   </div>
   <div class='ocr_carea' id='block_1_73' title="bbox 298 4253 1943 4334">
    <p class='ocr_par' dir='ltr' id='par_1_73' title="bbox 298 4253 1943 4334">
     <span class='ocr_line' id='line_1_74' title="bbox 298 4253 1943 4334; baseline 0.001 -26"><span class='ocrx_word' id='word_1_525' title='bbox 298 4256 397 4309; x_wconf 80' lang='grc' dir='ltr'>τὸν</span> <span class='ocrx_word' id='word_1_526' title='bbox 447 4253 712 4330; x_wconf 82' lang='grc' dir='ltr'>λογισμὸν</span> <span class='ocrx_word' id='word_1_527' title='bbox 762 4257 1006 4330; x_wconf 82' lang='grc' dir='ltr'>ἠρεμεῖν.</span> <span class='ocrx_word' id='word_1_528' title='bbox 1039 4258 1095 4309; x_wconf 82' lang='grc' dir='ltr'><strong>Ὀ</strong></span> <span class='ocrx_word' id='word_1_529' title='bbox 1147 4253 1224 4327; x_wconf 74' lang='grc' dir='ltr'>δὲ,</span> <span class='ocrx_word' id='word_1_530' title='bbox 1257 4258 1452 4332; x_wconf 83' lang='grc' dir='ltr'>πραέιᾳ</span> <span class='ocrx_word' id='word_1_531' title='bbox 1493 4257 1580 4311; x_wconf 77' lang='grc' dir='ltr'><strong>καὶ</strong></span> <span class='ocrx_word' id='word_1_532' title='bbox 1636 4255 1943 4334; x_wconf 63' lang='grc' dir='ltr'>φιλανθρώι</span> 
     </span>
    </p>
   </div>
   <div class='ocr_carea' id='block_1_74' title="bbox 296 4342 1940 4420">
    <p class='ocr_par' dir='ltr' id='par_1_74' title="bbox 296 4342 1940 4420">
     <span class='ocr_line' id='line_1_75' title="bbox 296 4342 1940 4420; baseline 0.001 -24"><span class='ocrx_word' id='word_1_533' title='bbox 296 4363 391 4415; x_wconf 73' lang='lat' dir='ltr'><strong>mp</strong></span> <span class='ocrx_word' id='word_1_534' title='bbox 441 4347 616 4420; x_wconf 62' lang='grc' dir='ltr'>φωνῇ,</span> <span class='ocrx_word' id='word_1_535' title='bbox 665 4349 853 4418; x_wconf 82' lang='grc' dir='ltr'>πρῶτα</span> <span class='ocrx_word' id='word_1_536' title='bbox 909 4345 1002 4418; x_wconf 73' lang='grc' dir='ltr'>μὲν</span> <span class='ocrx_word' id='word_1_537' title='bbox 1060 4342 1310 4419; x_wconf 84' lang='grc' dir='ltr'>ἒπειρᾶτο</span> <span class='ocrx_word' id='word_1_538' title='bbox 1367 4347 1466 4414; x_wconf 78' lang='grc' dir='ltr'>τήν</span> <span class='ocrx_word' id='word_1_539' title='bbox 1525 4344 1702 4399; x_wconf 76' lang='grc' dir='ltr'>αὐτῶν</span> <span class='ocrx_word' id='word_1_540' title='bbox 1763 4345 1940 4417; x_wconf 72' lang='grc' dir='ltr'>ὁρμὴν</span> 
     </span>
    </p>
   </div>
   <div class='ocr_carea' id='block_1_75' title="bbox 296 4431 1941 4511">
    <p class='ocr_par' dir='ltr' id='par_1_75' title="bbox 296 4431 1941 4511">
     <span class='ocr_line' id='line_1_76' title="bbox 296 4431 1941 4511; baseline 0.001 -24"><span class='ocrx_word' id='word_1_541' title='bbox 296 4433 712 4502; x_wconf 74' lang='grc' dir='ltr'>καταστέλλειν,</span> <span class='ocrx_word' id='word_1_542' title='bbox 749 4434 922 4511; x_wconf 90' lang='grc' dir='ltr'>λέγων</span> <span class='ocrx_word' id='word_1_543' title='bbox 958 4457 970 4468; x_wconf 75' lang='grc' dir='ltr'><strong>ο</strong></span> <span class='ocrx_word' id='word_1_544' title='bbox 1023 4461 1047 4487; x_wconf 88' lang='grc'><strong>‹‹</strong></span> <span class='ocrx_word' id='word_1_545' title='bbox 1079 4433 1188 4490; x_wconf 84' lang='grc' dir='ltr'>Ούκ</span> <span class='ocrx_word' id='word_1_546' title='bbox 1213 4431 1392 4490; x_wconf 73' lang='grc' dir='ltr'>οἴδατε</span> <span class='ocrx_word' id='word_1_547' title='bbox 1439 4435 1600 4489; x_wconf 87' lang='grc' dir='ltr'>ποίου</span> <span class='ocrx_word' id='word_1_548' title='bbox 1640 4434 1941 4506; x_wconf 86' lang='grc' dir='ltr'>πνεύματός</span> 
     </span>
    </p>
   </div>
   <div class='ocr_carea' id='block_1_76' title="bbox 297 4519 1941 4599">
    <p class='ocr_par' dir='ltr' id='par_1_76' title="bbox 297 4519 1941 4599">
     <span class='ocr_line' id='line_1_77' title="bbox 297 4519 1941 4599; baseline -0.001 -23"><span class='ocrx_word' id='word_1_549' title='bbox 297 4521 442 4588; x_wconf 83' lang='grc' dir='ltr'>ἐστε,</span> <span class='ocrx_word' id='word_1_550' title='bbox 478 4547 506 4574; x_wconf 84' lang='grc'><strong>››</strong></span> <span class='ocrx_word' id='word_1_551' title='bbox 539 4523 614 4585; x_wconf 85' lang='grc' dir='ltr'>ὡς</span> <span class='ocrx_word' id='word_1_552' title='bbox 664 4525 750 4577; x_wconf 81' lang='grc' dir='ltr'>καὶ</span> <span class='ocrx_word' id='word_1_553' title='bbox 790 4529 1014 4579; x_wconf 78' lang='grc' dir='ltr'>τοιαῦτα</span> <span class='ocrx_word' id='word_1_554' title='bbox 1059 4523 1309 4598; x_wconf 79' lang='grc' dir='ltr'>πράττειν</span> <span class='ocrx_word' id='word_1_555' title='bbox 1352 4525 1724 4599; x_wconf 85' lang='grc' dir='ltr'>προάγεσθαι;</span> <span class='ocrx_word' id='word_1_556' title='bbox 1776 4519 1941 4586; x_wconf 80' lang='grc' dir='ltr'>ἔπειθ’</span> 
     </span>
    </p>
   </div>
   <div class='ocr_carea' id='block_1_77' title="bbox 295 4610 1944 4688">
    <p class='ocr_par' dir='ltr' id='par_1_77' title="bbox 295 4610 1944 4688">
     <span class='ocr_line' id='line_1_78' title="bbox 295 4610 1944 4688; baseline -0.005 -14"><span class='ocrx_word' id='word_1_557' title='bbox 295 4613 374 4674; x_wconf 76' lang='grc' dir='ltr'><strong>ὡς</strong></span> <span class='ocrx_word' id='word_1_558' title='bbox 435 4613 749 4685; x_wconf 77' lang='grc' dir='ltr'>θαυμαστὴν</span> <span class='ocrx_word' id='word_1_559' title='bbox 813 4611 1232 4688; x_wconf 77' lang='grc' dir='ltr'>μεγαλοψυχίας</span> <span class='ocrx_word' id='word_1_560' title='bbox 1293 4613 1576 4668; x_wconf 84' lang='grc' dir='ltr'>ἆποίσεσθε</span> <span class='ocrx_word' id='word_1_561' title='bbox 1635 4610 1790 4682; x_wconf 78' lang='grc' dir='ltr'>δόξαν</span> <span class='ocrx_word' id='word_1_562' title='bbox 1869 4613 1944 4684; x_wconf 80' lang='grc' dir='ltr'>μὴ</span> 
     </span>
    </p>
   </div>
   <div class='ocr_carea' id='block_1_78' title="bbox 290 4700 1942 4777">
    <p class='ocr_par' dir='ltr' id='par_1_78' title="bbox 290 4700 1942 4777">
     <span class='ocr_line' id='line_1_79' title="bbox 290 4700 1942 4777; baseline -0.001 -19"><span class='ocrx_word' id='word_1_563' title='bbox 290 4704 517 4766; x_wconf 87' lang='grc' dir='ltr'>τούτοις</span> <span class='ocrx_word' id='word_1_564' title='bbox 558 4700 878 4772; x_wconf 77' lang='grc' dir='ltr'>ἐπεξιόντες,</span> <span class='ocrx_word' id='word_1_565' title='bbox 929 4704 1224 4777; x_wconf 83' lang='grc' dir='ltr'>ἀρκοῦντος</span> <span class='ocrx_word' id='word_1_566' title='bbox 1273 4704 1438 4777; x_wconf 82' lang='grc' dir='ltr'>μόνου</span> <span class='ocrx_word' id='word_1_567' title='bbox 1486 4708 1582 4758; x_wconf 87' lang='grc' dir='ltr'><strong>τοῦ</strong></span> <span class='ocrx_word' id='word_1_568' title='bbox 1640 4700 1894 4757; x_wconf 88' lang='grc' dir='ltr'>δύνασθαι</span> <span class='ocrx_word' id='word_1_569' title='bbox 1929 4721 1942 4734; x_wconf 82' lang='lat'><strong><em>°</em></strong></span> 
     </span>
    </p>
   </div>
   <div class='ocr_carea' id='block_1_79' title="bbox 293 4789 1944 4868">
    <p class='ocr_par' dir='ltr' id='par_1_79' title="bbox 293 4789 1944 4868">
     <span class='ocr_line' id='line_1_80' title="bbox 293 4789 1944 4868; baseline -0.002 -20"><span class='ocrx_word' id='word_1_570' title='bbox 293 4794 356 4848; x_wconf 83' lang='grc' dir='ltr'>τὸ</span> <span class='ocrx_word' id='word_1_571' title='bbox 411 4789 470 4846; x_wconf 76' lang='grc' dir='ltr'>δὲ</span> <span class='ocrx_word' id='word_1_572' title='bbox 524 4791 782 4867; x_wconf 81' lang='grc' dir='ltr'>μέγιστον</span> <span class='ocrx_word' id='word_1_573' title='bbox 832 4794 923 4848; x_wconf 85' lang='grc' dir='ltr'><strong>καὶ</strong></span> <span class='ocrx_word' id='word_1_574' title='bbox 973 4791 1232 4848; x_wconf 81' lang='grc' dir='ltr'>πλείστου</span> <span class='ocrx_word' id='word_1_575' title='bbox 1284 4791 1349 4862; x_wconf 78' lang='grc' dir='ltr'><strong>δή</strong></span> <span class='ocrx_word' id='word_1_576' title='bbox 1399 4814 1570 4860; x_wconf 87' lang='grc' dir='ltr'>τινος,</span> <span class='ocrx_word' id='word_1_577' title='bbox 1604 4792 1648 4847; x_wconf 84' lang='grc' dir='ltr'>εἶ</span> <span class='ocrx_word' id='word_1_578' title='bbox 1708 4792 1801 4866; x_wconf 78' lang='grc' dir='ltr'><strong>μὶν</strong></span> <span class='ocrx_word' id='word_1_579' title='bbox 1843 4792 1944 4868; x_wconf 82' lang='grc' dir='ltr'><strong>γὰρ</strong></span> 
     </span>
    </p>
   </div>
   <div class='ocr_carea' id='block_1_80' title="bbox 295 4880 1946 4963">
    <p class='ocr_par' dir='ltr' id='par_1_80' title="bbox 295 4880 1946 4963">
     <span class='ocr_line' id='line_1_81' title="bbox 295 4880 1946 4963; baseline -0.002 -24"><span class='ocrx_word' id='word_1_580' title='bbox 295 4886 740 4963; x_wconf 70' lang='grc' dir='ltr'>φιλανθρωπίας,</span> <span class='ocrx_word' id='word_1_581' title='bbox 771 4880 898 4961; x_wconf 71' lang='grc' dir='ltr'>ἔφη,</span> <span class='ocrx_word' id='word_1_582' title='bbox 931 4887 1150 4960; x_wconf 75' lang='grc' dir='ltr'>τύχοιεν</span> <span class='ocrx_word' id='word_1_583' title='bbox 1199 4887 1322 4959; x_wconf 88' lang='grc' dir='ltr'>παρ’</span> <span class='ocrx_word' id='word_1_584' title='bbox 1374 4888 1558 4957; x_wconf 73' lang='grc' dir='ltr'>ἡμῶν,</span> <span class='ocrx_word' id='word_1_585' title='bbox 1610 4882 1857 4956; x_wconf 86' lang='grc' dir='ltr'>βελτίους</span> <span class='ocrx_word' id='word_1_586' title='bbox 1889 4903 1946 4937; x_wconf 89' lang='grc' dir='ltr'><strong>τε</strong></span> 
     </span>
    </p>
   </div>
   <div class='ocr_carea' id='block_1_81' title="bbox 293 4972 1943 5050">
    <p class='ocr_par' dir='ltr' id='par_1_81' title="bbox 293 4972 1943 5050">
     <span class='ocr_line' id='line_1_82' title="bbox 293 4972 1943 5050; baseline -0.001 -21"><span class='ocrx_word' id='word_1_587' title='bbox 293 4973 510 5030; x_wconf 79' lang='grc' dir='ltr'>ἔσονται</span> <span class='ocrx_word' id='word_1_588' title='bbox 560 4976 793 5049; x_wconf 80' lang='grc' dir='ltr'>τάχιστα</span> <span class='ocrx_word' id='word_1_589' title='bbox 842 4976 934 5036; x_wconf 71' lang='grc' dir='ltr'><strong>τὰς</strong></span> <span class='ocrx_word' id='word_1_590' title='bbox 984 4975 1188 5050; x_wconf 68' lang='grc' dir='ltr'>ψυχὰς,</span> <span class='ocrx_word' id='word_1_591' title='bbox 1239 4973 1295 5029; x_wconf 78' lang='grc' dir='ltr'>εὖ</span> <span class='ocrx_word' id='word_1_592' title='bbox 1355 4972 1499 5042; x_wconf 74' lang='grc' dir='ltr'>οἶδα,</span> <span class='ocrx_word' id='word_1_593' title='bbox 1551 4974 1639 5029; x_wconf 80' lang='grc' dir='ltr'><strong>καὶ</strong></span> <span class='ocrx_word' id='word_1_594' title='bbox 1695 4973 1943 5050; x_wconf 74' lang='grc' dir='ltr'>φέροντες</span> 
     </span>
    </p>
   </div>
   <div class='ocr_carea' id='block_1_82' title="bbox 292 5062 1944 5143">
    <p class='ocr_par' dir='ltr' id='par_1_82' title="bbox 292 5062 1944 5143">
     <span class='ocr_line' id='line_1_83' title="bbox 292 5062 1944 5143; baseline -0.002 -24"><span class='ocrx_word' id='word_1_595' title='bbox 292 5071 430 5143; x_wconf 61' lang='grc' dir='ltr'>σφᾶς</span> <span class='ocrx_word' id='word_1_596' title='bbox 464 5067 664 5125; x_wconf 71' lang='grc' dir='ltr'>αύτούς</span> <span class='ocrx_word' id='word_1_597' title='bbox 714 5063 1049 5139; x_wconf 82' lang='grc' dir='ltr'>ἐγχειριοῦσι</span> <span class='ocrx_word' id='word_1_598' title='bbox 1080 5070 1148 5138; x_wconf 80' lang='grc' dir='ltr'>τῇ</span> <span class='ocrx_word' id='word_1_599' title='bbox 1198 5065 1315 5118; x_wconf 86' lang='grc' dir='ltr'>καθ’</span> <span class='ocrx_word' id='word_1_600' title='bbox 1357 5066 1502 5136; x_wconf 75' lang='grc' dir='ltr'>ἡμᾶς</span> <span class='ocrx_word' id='word_1_601' title='bbox 1555 5062 1853 5133; x_wconf 73' lang='grc' dir='ltr'>Ἐκκλησία</span> <span class='ocrx_word' id='word_1_602' title='bbox 1881 5065 1944 5131; x_wconf 66' lang='grc' dir='ltr'>ἧς</span> 
     </span>
    </p>
   </div>
   <div class='ocr_carea' id='block_1_83' title="bbox 291 5155 1942 5232">
    <p class='ocr_par' dir='ltr' id='par_1_83' title="bbox 291 5155 1942 5232">
     <span class='ocr_line' id='line_1_84' title="bbox 291 5155 1942 5232; baseline -0.001 -22"><span class='ocrx_word' id='word_1_603' title='bbox 291 5162 475 5217; x_wconf 79' lang='grc' dir='ltr'>κακῶς</span> <span class='ocrx_word' id='word_1_604' title='bbox 509 5155 889 5232; x_wconf 73' lang='grc' dir='ltr'>ἀπερρώγεσαν</span> <span class='ocrx_word' id='word_1_605' title='bbox 923 5177 934 5188; x_wconf 89' lang='grc'><strong>·</strong></span> <span class='ocrx_word' id='word_1_606' title='bbox 991 5155 1050 5210; x_wconf 81' lang='grc' dir='ltr'><strong>ἃν</strong></span> <span class='ocrx_word' id='word_1_607' title='bbox 1086 5155 1153 5225; x_wconf 83' lang='grc' dir='ltr'>δ’,</span> <span class='ocrx_word' id='word_1_608' title='bbox 1195 5155 1223 5209; x_wconf 87' lang='grc' dir='ltr'><strong>’ὀ</strong></span> <span class='ocrx_word' id='word_1_609' title='bbox 1259 5157 1334 5228; x_wconf 75' lang='grc' dir='ltr'>μὴ</span> <span class='ocrx_word' id='word_1_610' title='bbox 1388 5156 1642 5230; x_wconf 79' lang='grc' dir='ltr'>γένοιτοί</span> <span class='ocrx_word' id='word_1_611' title='bbox 1692 5174 1942 5229; x_wconf 88' lang='grc' dir='ltr'>τιμωρη-</span> 
     </span>
    </p>
   </div>
   <div class='ocr_carea' id='block_1_84' title="bbox 293 5241 1944 5324">
    <p class='ocr_par' dir='ltr' id='par_1_84' title="bbox 293 5241 1944 5324">
     <span class='ocr_line' id='line_1_85' title="bbox 293 5241 1944 5324; baseline -0.001 -25"><span class='ocrx_word' id='word_1_612' title='bbox 293 5245 501 5317; x_wconf 86' lang='grc' dir='ltr'>σόμεθα</span> <span class='ocrx_word' id='word_1_613' title='bbox 555 5251 711 5324; x_wconf 73' lang='grc' dir='ltr'>σφᾶς,</span> <span class='ocrx_word' id='word_1_614' title='bbox 744 5251 823 5317; x_wconf 76' lang='grc' dir='ltr'><strong>τῷ</strong></span> <span class='ocrx_word' id='word_1_615' title='bbox 867 5267 924 5300; x_wconf 92' lang='grc' dir='ltr'><strong>τε</strong></span> <span class='ocrx_word' id='word_1_616' title='bbox 975 5241 1249 5300; x_wconf 77' lang='grc' dir='ltr'>δυσσεϐεῖν</span> <span class='ocrx_word' id='word_1_617' title='bbox 1301 5242 1377 5299; x_wconf 81' lang='grc' dir='ltr'><strong>ἔτι</strong></span> <span class='ocrx_word' id='word_1_618' title='bbox 1434 5243 1646 5317; x_wconf 76' lang='grc' dir='ltr'>μᾶλλον</span> <span class='ocrx_word' id='word_1_619' title='bbox 1696 5247 1944 5318; x_wconf 77' lang='grc' dir='ltr'>προσθή-</span> 
     </span>
    </p>
   </div>
   <div class='ocr_carea' id='block_1_85' title="bbox 294 5331 1944 5408">
    <p class='ocr_par' dir='ltr' id='par_1_85' title="bbox 294 5331 1944 5408">
     <span class='ocr_line' id='line_1_86' title="bbox 294 5331 1944 5408; baseline -0.001 -20"><span class='ocrx_word' id='word_1_620' title='bbox 294 5355 499 5403; x_wconf 87' lang='grc' dir='ltr'>σονται,</span> <span class='ocrx_word' id='word_1_621' title='bbox 533 5335 622 5390; x_wconf 79' lang='grc' dir='ltr'><strong>καὶ</strong></span> <span class='ocrx_word' id='word_1_622' title='bbox 663 5337 995 5390; x_wconf 79' lang='grc' dir='ltr'>παντάπασιν</span> <span class='ocrx_word' id='word_1_623' title='bbox 1034 5335 1372 5390; x_wconf 76' lang='grc' dir='ltr'>ἀπολοῦνται</span> <span class='ocrx_word' id='word_1_624' title='bbox 1418 5359 1445 5385; x_wconf 87' lang='grc'>‹‹</span> <span class='ocrx_word' id='word_1_625' title='bbox 1480 5331 1551 5388; x_wconf 85' lang='grc' dir='ltr'><strong>δι’</strong></span> <span class='ocrx_word' id='word_1_626' title='bbox 1583 5335 1674 5396; x_wconf 75' lang='grc' dir='ltr'>οὓς</span> <span class='ocrx_word' id='word_1_627' title='bbox 1716 5335 1944 5408; x_wconf 85' lang='grc' dir='ltr'>Χριστὸς</span> 
     </span>
    </p>
   </div>
   <div class='ocr_carea' id='block_1_86' title="bbox 288 5423 1941 5500">
    <p class='ocr_par' dir='ltr' id='par_1_86' title="bbox 288 5423 1941 5500">
     <span class='ocr_line' id='line_1_87' title="bbox 288 5423 1941 5500; baseline -0.001 -22"><span class='ocrx_word' id='word_1_628' title='bbox 288 5423 567 5496; x_wconf 68' lang='grc' dir='ltr'>ἐτεθνήκει</span> <span class='ocrx_word' id='word_1_629' title='bbox 603 5445 614 5457; x_wconf 88' lang='grc'>·</span> <span class='ocrx_word' id='word_1_630' title='bbox 649 5450 676 5476; x_wconf 85' lang='grc'><strong>››</strong></span> <span class='ocrx_word' id='word_1_631' title='bbox 712 5423 836 5480; x_wconf 71' lang='grc' dir='ltr'>ὅσον</span> <span class='ocrx_word' id='word_1_632' title='bbox 889 5425 980 5480; x_wconf 78' lang='grc' dir='ltr'>οὖν</span> <span class='ocrx_word' id='word_1_633' title='bbox 1015 5424 1186 5480; x_wconf 83' lang='grc' dir='ltr'>έκεῖνο</span> <span class='ocrx_word' id='word_1_634' title='bbox 1237 5423 1432 5480; x_wconf 81' lang='grc' dir='ltr'>τούτου</span> <span class='ocrx_word' id='word_1_635' title='bbox 1478 5424 1802 5500; x_wconf 88' lang='grc' dir='ltr'>σεμνότερον</span> <span class='ocrx_word' id='word_1_636' title='bbox 1852 5423 1941 5478; x_wconf 80' lang='grc' dir='ltr'><strong>καὶ</strong></span> 
     </span>
    </p>
   </div>
   <div class='ocr_carea' id='block_1_87' title="bbox 365 5574 790 5641">
    <p class='ocr_par' dir='ltr' id='par_1_87' title="bbox 365 5574 790 5641">
     <span class='ocr_line' id='line_1_88' title="bbox 365 5574 790 5641; baseline -0.002 -12"><span class='ocrx_word' id='word_1_637' title='bbox 365 5574 408 5609; x_wconf 80' lang='grc'><em>³³</em></span> <span class='ocrx_word' id='word_1_638' title='bbox 433 5574 567 5630; x_wconf 88' lang='lat' dir='ltr'><strong>Luc.</strong></span> <span class='ocrx_word' id='word_1_639' title='bbox 603 5592 680 5641; x_wconf 78' lang='lat' dir='ltr'><strong>ix,</strong></span> <span class='ocrx_word' id='word_1_640' title='bbox 700 5575 790 5629; x_wconf 84' lang='lat'><strong>55.</strong></span> 
     </span>
    </p>
   </div>
   <div class='ocr_carea' id='block_1_88' title="bbox 368 5700 1671 5774">
    <p class='ocr_par' dir='ltr' id='par_1_88' title="bbox 368 5700 1671 5774">
     <span class='ocr_line' id='line_1_89' title="bbox 368 5700 1671 5774; baseline 0.001 -18"><span class='ocrx_word' id='word_1_641' title='bbox 368 5700 448 5772; x_wconf 87' lang='lat'><strong>(8)</strong></span> <span class='ocrx_word' id='word_1_642' title='bbox 467 5700 548 5757; x_wconf 83' lang='lat' dir='ltr'><strong>Ex</strong></span> <span class='ocrx_word' id='word_1_643' title='bbox 578 5700 676 5757; x_wconf 90' lang='lat' dir='ltr'><strong>Gr.</strong></span> <span class='ocrx_word' id='word_1_644' title='bbox 712 5700 980 5772; x_wconf 85' lang='lat' dir='ltr'><strong>Nazianz,</strong></span> <span class='ocrx_word' id='word_1_645' title='bbox 1013 5702 1074 5758; x_wconf 77' lang='lat' dir='ltr'><strong>in</strong></span> <span class='ocrx_word' id='word_1_646' title='bbox 1106 5701 1500 5774; x_wconf 79' lang='lat' dir='ltr'><strong>Epiphaniam,</strong></span> <span class='ocrx_word' id='word_1_647' title='bbox 1532 5702 1671 5758; x_wconf 83' lang='lat' dir='ltr'><strong>ﬁne.</strong></span> 
     </span>
    </p>
   </div>
   <div class='ocr_carea' id='block_1_89' title="bbox 2068 3273 3712 3346">
    <p class='ocr_par' dir='ltr' id='par_1_89' title="bbox 2068 3273 3712 3346">
     <span class='ocr_line' id='line_1_90' title="bbox 2068 3273 3712 3346; baseline -0.003 -19"><span class='ocrx_word' id='word_1_648' title='bbox 2068 3275 2349 3346; x_wconf 88' lang='lat' dir='ltr'><strong>giumque</strong></span> <span class='ocrx_word' id='word_1_649' title='bbox 2381 3291 2509 3329; x_wconf 90' lang='lat' dir='ltr'><strong>esse</strong></span> <span class='ocrx_word' id='word_1_650' title='bbox 2559 3276 2738 3333; x_wconf 88' lang='lat' dir='ltr'><strong>ratus,</strong></span> <span class='ocrx_word' id='word_1_651' title='bbox 2775 3290 2904 3328; x_wconf 89' lang='lat' dir='ltr'><strong>nam</strong></span> <span class='ocrx_word' id='word_1_652' title='bbox 2965 3273 3184 3341; x_wconf 87' lang='lat' dir='ltr'><strong>absque</strong></span> <span class='ocrx_word' id='word_1_653' title='bbox 3232 3288 3298 3326; x_wconf 89' lang='lat' dir='ltr'><strong>eo</strong></span> <span class='ocrx_word' id='word_1_654' title='bbox 3347 3275 3524 3334; x_wconf 89' lang='lat' dir='ltr'><strong>esset,</strong></span> <span class='ocrx_word' id='word_1_655' title='bbox 3557 3285 3712 3324; x_wconf 91' lang='lat' dir='ltr'><strong>nun-</strong></span> 
     </span>
    </p>
   </div>
   <div class='ocr_carea' id='block_1_90' title="bbox 2066 3357 3711 3435">
    <p class='ocr_par' dir='ltr' id='par_1_90' title="bbox 2066 3357 3711 3435">
     <span class='ocr_line' id='line_1_91' title="bbox 2066 3357 3711 3435; baseline -0.004 -17"><span class='ocrx_word' id='word_1_656' title='bbox 2066 3379 2240 3435; x_wconf 86' lang='lat' dir='ltr'><strong>quam</strong></span> <span class='ocrx_word' id='word_1_657' title='bbox 2273 3379 2332 3419; x_wconf 87' lang='lat' dir='ltr'><strong>se</strong></span> <span class='ocrx_word' id='word_1_658' title='bbox 2353 3365 2424 3419; x_wconf 89' lang='lat' dir='ltr'><strong>ab</strong></span> <span class='ocrx_word' id='word_1_659' title='bbox 2457 3363 2621 3419; x_wconf 90' lang='lat' dir='ltr'><strong>initio</strong></span> <span class='ocrx_word' id='word_1_660' title='bbox 2644 3363 2714 3418; x_wconf 93' lang='lat' dir='ltr'><strong>de</strong></span> <span class='ocrx_word' id='word_1_661' title='bbox 2745 3361 3011 3417; x_wconf 85' lang='lat' dir='ltr'><strong>adeunda</strong></span> <span class='ocrx_word' id='word_1_662' title='bbox 3031 3358 3533 3430; x_wconf 85' lang='lat' dir='ltr'><strong>ConstantinOpoli</strong></span> <span class='ocrx_word' id='word_1_663' title='bbox 3566 3357 3711 3412; x_wconf 89' lang='lat' dir='ltr'><strong>divi-</strong></span> 
     </span>
    </p>
   </div>
   <div class='ocr_carea' id='block_1_91' title="bbox 2067 3448 3710 3522">
    <p class='ocr_par' dir='ltr' id='par_1_91' title="bbox 2067 3448 3710 3522">
     <span class='ocr_line' id='line_1_92' title="bbox 2067 3448 3710 3522; baseline -0.004 -12"><span class='ocrx_word' id='word_1_664' title='bbox 2067 3453 2226 3510; x_wconf 90' lang='lat' dir='ltr'><strong>nitus</strong></span> <span class='ocrx_word' id='word_1_665' title='bbox 2265 3454 2631 3509; x_wconf 88' lang='lat' dir='ltr'><strong>admonitum</strong></span> <span class='ocrx_word' id='word_1_666' title='bbox 2665 3453 2866 3507; x_wconf 81' lang='lat' dir='ltr'><strong>fuisse.</strong></span> <span class='ocrx_word' id='word_1_667' title='bbox 2889 3450 3392 3522; x_wconf 84' lang='lat' dir='ltr'><strong>Postquamigitur</strong></span> <span class='ocrx_word' id='word_1_668' title='bbox 3413 3448 3522 3504; x_wconf 86' lang='lat' dir='ltr'><strong>hoc</strong></span> <span class='ocrx_word' id='word_1_669' title='bbox 3547 3453 3710 3518; x_wconf 87' lang='lat' dir='ltr'><strong>pacto</strong></span> 
     </span>
    </p>
   </div>
   <div class='ocr_carea' id='block_1_92' title="bbox 2064 3537 3709 3613">
    <p class='ocr_par' dir='ltr' id='par_1_92' title="bbox 2064 3537 3709 3613">
     <span class='ocr_line' id='line_1_93' title="bbox 2064 3537 3709 3613; baseline -0.004 -15"><span class='ocrx_word' id='word_1_670' title='bbox 2064 3561 2337 3598; x_wconf 83' lang='lat' dir='ltr'><strong>assensus</strong></span> <span class='ocrx_word' id='word_1_671' title='bbox 2397 3548 2509 3610; x_wconf 88' lang='lat' dir='ltr'><strong>est,</strong></span> <span class='ocrx_word' id='word_1_672' title='bbox 2542 3551 2596 3598; x_wconf 91' lang='lat' dir='ltr'><strong>et</strong></span> <span class='ocrx_word' id='word_1_673' title='bbox 2641 3540 3003 3613; x_wconf 89' lang='lat' dir='ltr'><strong>imperatoris</strong></span> <span class='ocrx_word' id='word_1_674' title='bbox 3061 3555 3235 3610; x_wconf 90' lang='lat' dir='ltr'><strong>opera</strong></span> <span class='ocrx_word' id='word_1_675' title='bbox 3292 3545 3468 3610; x_wconf 89' lang='lat' dir='ltr'><strong>atque</strong></span> <span class='ocrx_word' id='word_1_676' title='bbox 3500 3537 3709 3592; x_wconf 78' lang='lat' dir='ltr'><strong>suffra-</strong></span> 
     </span>
    </p>
   </div>
   <div class='ocr_carea' id='block_1_93' title="bbox 2062 3626 3709 3704">
    <p class='ocr_par' dir='ltr' id='par_1_93' title="bbox 2062 3626 3709 3704">
     <span class='ocr_line' id='line_1_94' title="bbox 2062 3626 3709 3704; baseline -0.004 -17"><span class='ocrx_word' id='word_1_677' title='bbox 2062 3632 2453 3704; x_wconf 74' lang='lat' dir='ltr'><strong>gatione,quae</strong></span> <span class='ocrx_word' id='word_1_678' title='bbox 2478 3649 2710 3688; x_wconf 88' lang='lat' dir='ltr'><strong>summa</strong></span> <span class='ocrx_word' id='word_1_679' title='bbox 2740 3647 2881 3686; x_wconf 88' lang='lat' dir='ltr'><strong>sane</strong></span> <span class='ocrx_word' id='word_1_680' title='bbox 2919 3639 2970 3686; x_wconf 88' lang='lat' dir='ltr'><strong>et</strong></span> <span class='ocrx_word' id='word_1_681' title='bbox 3001 3629 3128 3684; x_wconf 87' lang='lat' dir='ltr'><strong>sine</strong></span> <span class='ocrx_word' id='word_1_682' title='bbox 3159 3629 3420 3698; x_wconf 83' lang='lat' dir='ltr'><strong>exemplo</strong></span> <span class='ocrx_word' id='word_1_683' title='bbox 3452 3626 3709 3681; x_wconf 84' lang='lat' dir='ltr'><strong>maxime</strong></span> 
     </span>
    </p>
   </div>
   <div class='ocr_carea' id='block_1_94' title="bbox 2061 3715 3705 3793">
    <p class='ocr_par' dir='ltr' id='par_1_94' title="bbox 2061 3715 3705 3793">
     <span class='ocr_line' id='line_1_95' title="bbox 2061 3715 3705 3793; baseline -0.004 -16"><span class='ocrx_word' id='word_1_684' title='bbox 2061 3727 2203 3788; x_wconf 90' lang='lat' dir='ltr'><strong>erat,</strong></span> <span class='ocrx_word' id='word_1_685' title='bbox 2236 3723 2566 3779; x_wconf 86' lang='lat' dir='ltr'><strong>cathedram</strong></span> <span class='ocrx_word' id='word_1_686' title='bbox 2621 3720 3016 3793; x_wconf 86' lang='lat' dir='ltr'><strong>pontificalem</strong></span> <span class='ocrx_word' id='word_1_687' title='bbox 3049 3717 3407 3784; x_wconf 90' lang='lat' dir='ltr'><strong>conscendit,</strong></span> <span class='ocrx_word' id='word_1_688' title='bbox 3443 3715 3705 3787; x_wconf 87' lang='lat' dir='ltr'><strong>pietatis-</strong></span> 
     </span>
    </p>
   </div>
   <div class='ocr_carea' id='block_1_95' title="bbox 2061 3805 3704 3883">
    <p class='ocr_par' dir='ltr' id='par_1_95' title="bbox 2061 3805 3704 3883">
     <span class='ocr_line' id='line_1_96' title="bbox 2061 3805 3704 3883; baseline -0.005 -16"><span class='ocrx_word' id='word_1_689' title='bbox 2061 3829 2172 3883; x_wconf 88' lang='lat' dir='ltr'><strong>que</strong></span> <span class='ocrx_word' id='word_1_690' title='bbox 2197 3815 2424 3883; x_wconf 89' lang='lat' dir='ltr'><strong>negotia</strong></span> <span class='ocrx_word' id='word_1_691' title='bbox 2445 3817 2680 3868; x_wconf 90' lang='lat' dir='ltr'><strong>strenue</strong></span> <span class='ocrx_word' id='word_1_692' title='bbox 2713 3810 3072 3880; x_wconf 86' lang='lat' dir='ltr'><strong>fortiterque,</strong></span> <span class='ocrx_word' id='word_1_693' title='bbox 3097 3813 3154 3863; x_wconf 90' lang='lat' dir='ltr'><strong>et</strong></span> <span class='ocrx_word' id='word_1_694' title='bbox 3197 3805 3409 3862; x_wconf 82' lang='lat' dir='ltr'><strong>eximia</strong></span> <span class='ocrx_word' id='word_1_695' title='bbox 3451 3806 3704 3876; x_wconf 88' lang='lat' dir='ltr'><strong>quadam</strong></span> 
     </span>
    </p>
   </div>
   <div class='ocr_carea' id='block_1_96' title="bbox 2060 3897 3706 3969">
    <p class='ocr_par' dir='ltr' id='par_1_96' title="bbox 2060 3897 3706 3969">
     <span class='ocr_line' id='line_1_97' title="bbox 2060 3897 3706 3969; baseline -0.005 -13"><span class='ocrx_word' id='word_1_696' title='bbox 2060 3901 2411 3969; x_wconf 79' lang='lat' dir='ltr'><strong>dexteritate,</strong></span> <span class='ocrx_word' id='word_1_697' title='bbox 2445 3901 2854 3957; x_wconf 88' lang='lat' dir='ltr'><strong>administrare</strong></span> <span class='ocrx_word' id='word_1_698' title='bbox 2913 3897 3186 3953; x_wconf 90' lang='lat' dir='ltr'><strong>instituit.</strong></span> <span class='ocrx_word' id='word_1_699' title='bbox 3235 3897 3362 3951; x_wconf 80' lang='lat' dir='ltr'><strong>Mox</strong></span> <span class='ocrx_word' id='word_1_700' title='bbox 3415 3899 3706 3966; x_wconf 87' lang='lat' dir='ltr'><strong>quotquot</strong></span> 
     </span>
    </p>
   </div>
   <div class='ocr_carea' id='block_1_97' title="bbox 2057 3987 3702 4066">
    <p class='ocr_par' dir='ltr' id='par_1_97' title="bbox 2057 3987 3702 4066">
     <span class='ocr_line' id='line_1_98' title="bbox 2057 3987 3702 4066; baseline -0.006 -16"><span class='ocrx_word' id='word_1_701' title='bbox 2057 3994 2340 4066; x_wconf 81' lang='lat' dir='ltr'><strong>protervis</strong></span> <span class='ocrx_word' id='word_1_702' title='bbox 2380 3992 2494 4049; x_wconf 91' lang='lat' dir='ltr'><strong>illis</strong></span> <span class='ocrx_word' id='word_1_703' title='bbox 2526 3993 2896 4050; x_wconf 82' lang='lat' dir='ltr'><strong>vexatoribus</strong></span> <span class='ocrx_word' id='word_1_704' title='bbox 2927 3992 3051 4046; x_wconf 90' lang='lat' dir='ltr'><strong>suis</strong></span> <span class='ocrx_word' id='word_1_705' title='bbox 3089 3991 3270 4045; x_wconf 89' lang='lat' dir='ltr'><strong>vicem</strong></span> <span class='ocrx_word' id='word_1_706' title='bbox 3322 3987 3702 4054; x_wconf 88' lang='lat' dir='ltr'><strong>reddendam,</strong></span> 
     </span>
    </p>
   </div>
   <div class='ocr_carea' id='block_1_98' title="bbox 2058 4077 3702 4155">
    <p class='ocr_par' dir='ltr' id='par_1_98' title="bbox 2058 4077 3702 4155">
     <span class='ocr_line' id='line_1_99' title="bbox 2058 4077 3702 4155; baseline -0.006 -16"><span class='ocrx_word' id='word_1_707' title='bbox 2058 4085 2539 4155; x_wconf 79' lang='lat' dir='ltr'><strong>superiorumque</strong></span> <span class='ocrx_word' id='word_1_708' title='bbox 2569 4083 2918 4152; x_wconf 84' lang='lat' dir='ltr'><strong>injuriarum</strong></span> <span class='ocrx_word' id='word_1_709' title='bbox 2943 4079 3259 4151; x_wconf 86' lang='lat' dir='ltr'><strong>exigendas</strong></span> <span class='ocrx_word' id='word_1_710' title='bbox 3291 4078 3361 4133; x_wconf 92' lang='lat' dir='ltr'><strong>ab</strong></span> <span class='ocrx_word' id='word_1_711' title='bbox 3396 4077 3467 4132; x_wconf 90' lang='lat' dir='ltr'><strong>iis</strong></span> <span class='ocrx_word' id='word_1_712' title='bbox 3501 4090 3702 4146; x_wconf 76' lang='lat' dir='ltr'><strong>poenas</strong></span> 
     </span>
    </p>
   </div>
   <div class='ocr_carea' id='block_1_99' title="bbox 2056 4166 3696 4245">
    <p class='ocr_par' dir='ltr' id='par_1_99' title="bbox 2056 4166 3696 4245">
     <span class='ocr_line' id='line_1_100' title="bbox 2056 4166 3696 4245; baseline -0.005 -17"><span class='ocrx_word' id='word_1_713' title='bbox 2056 4175 2409 4243; x_wconf 84' lang='lat' dir='ltr'><strong>statuebant,</strong></span> <span class='ocrx_word' id='word_1_714' title='bbox 2443 4189 2792 4245; x_wconf 89' lang='lat' dir='ltr'><strong>quacunque</strong></span> <span class='ocrx_word' id='word_1_715' title='bbox 2825 4175 3090 4243; x_wconf 89' lang='lat' dir='ltr'><strong>poterant</strong></span> <span class='ocrx_word' id='word_1_716' title='bbox 3120 4169 3362 4235; x_wconf 86' lang='lat' dir='ltr'><strong>ratione,</strong></span> <span class='ocrx_word' id='word_1_717' title='bbox 3395 4166 3696 4222; x_wconf 82' lang='lat' dir='ltr'><strong>sanctissi-</strong></span> 
     </span>
    </p>
   </div>
   <div class='ocr_carea' id='block_1_100' title="bbox 2056 4256 3704 4332">
    <p class='ocr_par' dir='ltr' id='par_1_100' title="bbox 2056 4256 3704 4332">
     <span class='ocr_line' id='line_1_101' title="bbox 2056 4256 3704 4332; baseline -0.005 -14"><span class='ocrx_word' id='word_1_718' title='bbox 2056 4280 2217 4318; x_wconf 90' lang='lat' dir='ltr'><strong>mum</strong></span> <span class='ocrx_word' id='word_1_719' title='bbox 2244 4264 2381 4318; x_wconf 89' lang='lat' dir='ltr'><strong>item</strong></span> <span class='ocrx_word' id='word_1_720' title='bbox 2414 4263 2602 4317; x_wconf 90' lang='lat' dir='ltr'><strong>virum</strong></span> <span class='ocrx_word' id='word_1_721' title='bbox 2627 4261 2748 4317; x_wconf 91' lang='lat' dir='ltr'><strong>suis</strong></span> <span class='ocrx_word' id='word_1_722' title='bbox 2762 4276 3072 4332; x_wconf 81' lang='lat' dir='ltr'><strong>aggregare</strong></span> <span class='ocrx_word' id='word_1_723' title='bbox 3094 4259 3379 4330; x_wconf 90' lang='lat' dir='ltr'><strong>partibus,</strong></span> <span class='ocrx_word' id='word_1_724' title='bbox 3397 4257 3454 4311; x_wconf 89' lang='lat' dir='ltr'><strong>in</strong></span> <span class='ocrx_word' id='word_1_725' title='bbox 3476 4256 3704 4327; x_wconf 89' lang='lat' dir='ltr'><strong>operis-</strong></span> 
     </span>
    </p>
   </div>
   <div class='ocr_carea' id='block_1_101' title="bbox 2055 4344 3701 4424">
    <p class='ocr_par' dir='ltr' id='par_1_101' title="bbox 2055 4344 3701 4424">
     <span class='ocr_line' id='line_1_102' title="bbox 2055 4344 3701 4424; baseline -0.006 -16"><span class='ocrx_word' id='word_1_726' title='bbox 2055 4369 2164 4424; x_wconf 91' lang='lat' dir='ltr'><strong>que</strong></span> <span class='ocrx_word' id='word_1_727' title='bbox 2205 4352 2475 4424; x_wconf 89' lang='lat' dir='ltr'><strong>pollicere</strong></span> <span class='ocrx_word' id='word_1_728' title='bbox 2523 4352 2874 4419; x_wconf 88' lang='lat' dir='ltr'><strong>societatem,</strong></span> <span class='ocrx_word' id='word_1_729' title='bbox 2911 4349 3272 4416; x_wconf 88' lang='lat' dir='ltr'><strong>laborabant,</strong></span> <span class='ocrx_word' id='word_1_730' title='bbox 3309 4347 3460 4402; x_wconf 87' lang='lat' dir='ltr'><strong>baud</strong></span> <span class='ocrx_word' id='word_1_731' title='bbox 3512 4344 3701 4417; x_wconf 89' lang='lat' dir='ltr'><strong>ignari</strong></span> 
     </span>
    </p>
   </div>
   <div class='ocr_carea' id='block_1_102' title="bbox 2055 4434 3702 4514">
    <p class='ocr_par' dir='ltr' id='par_1_102' title="bbox 2055 4434 3702 4514">
     <span class='ocr_line' id='line_1_103' title="bbox 2055 4434 3702 4514; baseline -0.004 -17"><span class='ocrx_word' id='word_1_732' title='bbox 2055 4458 2229 4514; x_wconf 89' lang='lat' dir='ltr'><strong>quem</strong></span> <span class='ocrx_word' id='word_1_733' title='bbox 2261 4441 2353 4496; x_wconf 91' lang='lat' dir='ltr'><strong>ille</strong></span> <span class='ocrx_word' id='word_1_734' title='bbox 2387 4443 2585 4513; x_wconf 73' lang='lat' dir='ltr'><strong>gratia:</strong></span> <span class='ocrx_word' id='word_1_735' title='bbox 2609 4439 3086 4510; x_wconf 88' lang='lat' dir='ltr'><strong>auctoritatisque</strong></span> <span class='ocrx_word' id='word_1_736' title='bbox 3126 4437 3318 4494; x_wconf 87' lang='lat' dir='ltr'><strong>locum</strong></span> <span class='ocrx_word' id='word_1_737' title='bbox 3355 4437 3506 4508; x_wconf 89' lang='lat' dir='ltr'><strong>apud</strong></span> <span class='ocrx_word' id='word_1_738' title='bbox 3548 4434 3702 4506; x_wconf 88' lang='lat' dir='ltr'><strong>prin-</strong></span> 
     </span>
    </p>
   </div>
   <div class='ocr_carea' id='block_1_103' title="bbox 2055 4525 3696 4602">
    <p class='ocr_par' dir='ltr' id='par_1_103' title="bbox 2055 4525 3696 4602">
     <span class='ocr_line' id='line_1_104' title="bbox 2055 4525 3696 4602; baseline -0.005 -16"><span class='ocrx_word' id='word_1_739' title='bbox 2055 4531 2242 4602; x_wconf 88' lang='lat' dir='ltr'><strong>cipem</strong></span> <span class='ocrx_word' id='word_1_740' title='bbox 2278 4532 2588 4600; x_wconf 89' lang='lat' dir='ltr'><strong>obtineret,</strong></span> <span class='ocrx_word' id='word_1_741' title='bbox 2621 4531 2793 4587; x_wconf 86' lang='lat' dir='ltr'><strong>simul</strong></span> <span class='ocrx_word' id='word_1_742' title='bbox 2826 4535 2884 4586; x_wconf 90' lang='lat' dir='ltr'><strong>et</strong></span> <span class='ocrx_word' id='word_1_743' title='bbox 2915 4545 3112 4585; x_wconf 90' lang='lat' dir='ltr'><strong>eorum</strong></span> <span class='ocrx_word' id='word_1_744' title='bbox 3147 4544 3271 4600; x_wconf 77' lang='lat' dir='ltr'><strong>quas</strong></span> <span class='ocrx_word' id='word_1_745' title='bbox 3323 4525 3696 4598; x_wconf 86' lang='lat' dir='ltr'><strong>pertulerant,</strong></span> 
     </span>
    </p>
   </div>
   <div class='ocr_carea' id='block_1_104' title="bbox 2058 4614 3702 4693">
    <p class='ocr_par' dir='ltr' id='par_1_104' title="bbox 2058 4614 3702 4693">
     <span class='ocr_line' id='line_1_105' title="bbox 2058 4614 3702 4693; baseline -0.005 -18"><span class='ocrx_word' id='word_1_746' title='bbox 2058 4621 2423 4682; x_wconf 84' lang='lat' dir='ltr'><strong>memoriam.</strong></span> <span class='ocrx_word' id='word_1_747' title='bbox 2455 4621 2613 4677; x_wconf 84' lang='lat' dir='ltr'><strong>velut</strong></span> <span class='ocrx_word' id='word_1_748' title='bbox 2655 4621 2908 4693; x_wconf 89' lang='lat' dir='ltr'><strong>sopitum</strong></span> <span class='ocrx_word' id='word_1_749' title='bbox 2946 4619 3164 4689; x_wconf 88' lang='lat' dir='ltr'><strong>ignem,</strong></span> <span class='ocrx_word' id='word_1_750' title='bbox 3195 4632 3348 4686; x_wconf 65' lang='lat' dir='ltr'><strong>aegro</strong></span> <span class='ocrx_word' id='word_1_751' title='bbox 3381 4614 3702 4669; x_wconf 85' lang='lat' dir='ltr'><strong>suscitante</strong></span> 
     </span>
    </p>
   </div>
   <div class='ocr_carea' id='block_1_105' title="bbox 2057 4704 3700 4783">
    <p class='ocr_par' dir='ltr' id='par_1_105' title="bbox 2057 4704 3700 4783">
     <span class='ocr_line' id='line_1_106' title="bbox 2057 4704 3700 4783; baseline -0.006 -17"><span class='ocrx_word' id='word_1_752' title='bbox 2057 4716 2308 4781; x_wconf 87' lang='lat' dir='ltr'><strong>pectore,</strong></span> <span class='ocrx_word' id='word_1_753' title='bbox 2346 4727 2532 4783; x_wconf 90' lang='lat' dir='ltr'><strong>neque</strong></span> <span class='ocrx_word' id='word_1_754' title='bbox 2585 4711 2758 4766; x_wconf 87' lang='lat' dir='ltr'><strong>istam</strong></span> <span class='ocrx_word' id='word_1_755' title='bbox 2817 4708 3001 4765; x_wconf 90' lang='lat' dir='ltr'><strong>animi</strong></span> <span class='ocrx_word' id='word_1_756' title='bbox 3053 4704 3504 4763; x_wconf 88' lang='lat' dir='ltr'><strong>commotionem</strong></span> <span class='ocrx_word' id='word_1_757' title='bbox 3564 4718 3700 4758; x_wconf 88' lang='lat' dir='ltr'><strong>con-</strong></span> 
     </span>
    </p>
   </div>
   <div class='ocr_carea' id='block_1_106' title="bbox 2058 4791 3700 4872">
    <p class='ocr_par' dir='ltr' id='par_1_106' title="bbox 2058 4791 3700 4872">
     <span class='ocr_line' id='line_1_107' title="bbox 2058 4791 3700 4872; baseline -0.006 -18"><span class='ocrx_word' id='word_1_758' title='bbox 2058 4800 2354 4872; x_wconf 90' lang='lat' dir='ltr'><strong>quiescere</strong></span> <span class='ocrx_word' id='word_1_759' title='bbox 2387 4801 2642 4855; x_wconf 86' lang='lat' dir='ltr'><strong>sinente.</strong></span> <span class='ocrx_word' id='word_1_760' title='bbox 2677 4802 2748 4852; x_wconf 84' lang='lat' dir='ltr'><strong>At</strong></span> <span class='ocrx_word' id='word_1_761' title='bbox 2777 4797 3090 4868; x_wconf 87' lang='lat' dir='ltr'><strong>Gregorius</strong></span> <span class='ocrx_word' id='word_1_762' title='bbox 3112 4793 3234 4849; x_wconf 90' lang='lat' dir='ltr'><strong>miti</strong></span> <span class='ocrx_word' id='word_1_763' title='bbox 3274 4798 3448 4864; x_wconf 90' lang='lat' dir='ltr'><strong>atque</strong></span> <span class='ocrx_word' id='word_1_764' title='bbox 3497 4791 3700 4845; x_wconf 87' lang='lat' dir='ltr'><strong>buma-</strong></span> 
     </span>
    </p>
   </div>
   <div class='ocr_carea' id='block_1_107' title="bbox 2056 4878 3696 4955">
    <p class='ocr_par' dir='ltr' id='par_1_107' title="bbox 2056 4878 3696 4955">
     <span class='ocr_line' id='line_1_108' title="bbox 2056 4878 3696 4955; baseline -0.005 -15"><span class='ocrx_word' id='word_1_765' title='bbox 2056 4885 2306 4940; x_wconf 87' lang='lat' dir='ltr'><strong>nissima</strong></span> <span class='ocrx_word' id='word_1_766' title='bbox 2353 4901 2514 4952; x_wconf 89' lang='lat' dir='ltr'><strong>voce,</strong></span> <span class='ocrx_word' id='word_1_767' title='bbox 2567 4885 2815 4955; x_wconf 88' lang='lat' dir='ltr'><strong>primum</strong></span> <span class='ocrx_word' id='word_1_768' title='bbox 2858 4899 3055 4939; x_wconf 91' lang='lat' dir='ltr'><strong>eorum</strong></span> <span class='ocrx_word' id='word_1_769' title='bbox 3115 4880 3382 4936; x_wconf 87' lang='lat' dir='ltr'><strong>cohibere</strong></span> <span class='ocrx_word' id='word_1_770' title='bbox 3433 4878 3696 4932; x_wconf 87' lang='lat' dir='ltr'><strong>ardorem</strong></span> 
     </span>
    </p>
   </div>
   <div class='ocr_carea' id='block_1_108' title="bbox 2056 4965 3696 5046">
    <p class='ocr_par' dir='ltr' id='par_1_108' title="bbox 2056 4965 3696 5046">
     <span class='ocr_line' id='line_1_109' title="bbox 2056 4965 3696 5046; baseline -0.007 -16"><span class='ocrx_word' id='word_1_771' title='bbox 2056 4975 2462 5046; x_wconf 87' lang='lat' dir='ltr'><strong>impetumque</strong></span> <span class='ocrx_word' id='word_1_772' title='bbox 2495 4975 2790 5030; x_wconf 87' lang='lat' dir='ltr'><strong>tentabat:</strong></span> <span class='ocrx_word' id='word_1_773' title='bbox 2823 4996 2850 5023; x_wconf 89' lang='grc'><strong>‹‹</strong></span> <span class='ocrx_word' id='word_1_774' title='bbox 2885 4971 3158 5043; x_wconf 89' lang='lat' dir='ltr'><strong>Nunquid</strong></span> <span class='ocrx_word' id='word_1_775' title='bbox 3196 4969 3455 5033; x_wconf 89' lang='lat' dir='ltr'><strong>nescitis,</strong></span> <span class='ocrx_word' id='word_1_776' title='bbox 3482 4965 3696 5037; x_wconf 90' lang='lat' dir='ltr'><strong>inquit,</strong></span> 
     </span>
    </p>
   </div>
   <div class='ocr_carea' id='block_1_109' title="bbox 2056 5055 3701 5136">
    <p class='ocr_par' dir='ltr' id='par_1_109' title="bbox 2056 5055 3701 5136">
     <span class='ocr_line' id='line_1_110' title="bbox 2056 5055 3701 5136; baseline -0.006 -15"><span class='ocrx_word' id='word_1_777' title='bbox 2056 5067 2227 5136; x_wconf 88' lang='lat' dir='ltr'><strong>cujus</strong></span> <span class='ocrx_word' id='word_1_778' title='bbox 2258 5083 2358 5120; x_wconf 91' lang='lat' dir='ltr'><strong>vos</strong></span> <span class='ocrx_word' id='word_1_779' title='bbox 2389 5065 2626 5136; x_wconf 87' lang='lat' dir='ltr'><strong>spiritus</strong></span> <span class='ocrx_word' id='word_1_780' title='bbox 2656 5066 2798 5121; x_wconf 90' lang='lat' dir='ltr'><strong>estis</strong></span> <span class='ocrx_word' id='word_1_781' title='bbox 2827 5062 2892 5127; x_wconf 71' lang='grc' dir='ltr'>δί’,</span> <span class='ocrx_word' id='word_1_782' title='bbox 2930 5084 2955 5115; x_wconf 76' lang='grc' dir='ltr'><strong><em>ι</em></strong></span> <span class='ocrx_word' id='word_1_783' title='bbox 3000 5067 3059 5118; x_wconf 91' lang='lat' dir='ltr'><strong>ut</strong></span> <span class='ocrx_word' id='word_1_784' title='bbox 3094 5062 3164 5116; x_wconf 94' lang='lat' dir='ltr'><strong>ad</strong></span> <span class='ocrx_word' id='word_1_785' title='bbox 3255 5059 3374 5114; x_wconf 65' lang='lat' dir='ltr'><strong>haec</strong></span> <span class='ocrx_word' id='word_1_786' title='bbox 3433 5055 3701 5114; x_wconf 80' lang='lat' dir='ltr'><strong>audenda</strong></span> 
     </span>
    </p>
   </div>
   <div class='ocr_carea' id='block_1_110' title="bbox 2057 5145 3698 5228">
    <p class='ocr_par' dir='ltr' id='par_1_110' title="bbox 2057 5145 3698 5228">
     <span class='ocr_line' id='line_1_111' title="bbox 2057 5145 3698 5228; baseline -0.005 -18"><span class='ocrx_word' id='word_1_787' title='bbox 2057 5154 2447 5228; x_wconf 89' lang='lat' dir='ltr'><strong>prorumpatis</strong></span> <span class='ocrx_word' id='word_1_788' title='bbox 2469 5154 2648 5210; x_wconf 83' lang='lat' dir='ltr'><strong>?Tum</strong></span> <span class='ocrx_word' id='word_1_789' title='bbox 2667 5159 2948 5226; x_wconf 90' lang='lat' dir='ltr'><strong>quantam</strong></span> <span class='ocrx_word' id='word_1_790' title='bbox 2973 5166 3270 5223; x_wconf 90' lang='lat' dir='ltr'><strong>quamque</strong></span> <span class='ocrx_word' id='word_1_791' title='bbox 3294 5145 3698 5204; x_wconf 87' lang='lat' dir='ltr'><strong>admirabilem</strong></span> 
     </span>
    </p>
   </div>
   <div class='ocr_carea' id='block_1_111' title="bbox 2053 5234 3701 5315">
    <p class='ocr_par' dir='ltr' id='par_1_111' title="bbox 2053 5234 3701 5315">
     <span class='ocr_line' id='line_1_112' title="bbox 2053 5234 3701 5315; baseline -0.005 -17"><span class='ocrx_word' id='word_1_792' title='bbox 2053 5245 2189 5300; x_wconf 91' lang='lat' dir='ltr'><strong>inde</strong></span> <span class='ocrx_word' id='word_1_793' title='bbox 2225 5243 2718 5315; x_wconf 80' lang='lat' dir='ltr'><strong>magnanimitatis</strong></span> <span class='ocrx_word' id='word_1_794' title='bbox 2747 5242 2976 5297; x_wconf 88' lang='lat' dir='ltr'><strong>laudem</strong></span> <span class='ocrx_word' id='word_1_795' title='bbox 3010 5239 3264 5296; x_wconf 85' lang='lat' dir='ltr'><strong>habituri</strong></span> <span class='ocrx_word' id='word_1_796' title='bbox 3316 5237 3460 5305; x_wconf 87' lang='lat' dir='ltr'><strong>sitis,</strong></span> <span class='ocrx_word' id='word_1_797' title='bbox 3486 5236 3532 5291; x_wconf 92' lang='lat' dir='ltr'><strong>i</strong></span> <span class='ocrx_word' id='word_1_798' title='bbox 3575 5234 3701 5291; x_wconf 85' lang='lat' dir='ltr'><strong>sola</strong></span> 
     </span>
    </p>
   </div>
   <div class='ocr_carea' id='block_1_112' title="bbox 2055 5324 3696 5400">
    <p class='ocr_par' dir='ltr' id='par_1_112' title="bbox 2055 5324 3696 5400">
     <span class='ocr_line' id='line_1_113' title="bbox 2055 5324 3696 5400; baseline -0.005 -13"><span class='ocrx_word' id='word_1_799' title='bbox 2055 5333 2322 5388; x_wconf 66' lang='lat' dir='ltr'><strong>vindicta</strong></span> <span class='ocrx_word' id='word_1_800' title='bbox 2355 5331 2626 5389; x_wconf 79' lang='lat' dir='ltr'><strong>facultate</strong></span> <span class='ocrx_word' id='word_1_801' title='bbox 2656 5330 2934 5400; x_wconf 91' lang='lat' dir='ltr'><strong>contenti,</strong></span> <span class='ocrx_word' id='word_1_802' title='bbox 2966 5329 3304 5386; x_wconf 90' lang='lat' dir='ltr'><strong>delictorum</strong></span> <span class='ocrx_word' id='word_1_803' title='bbox 3338 5325 3420 5382; x_wconf 92' lang='lat' dir='ltr'><strong>eis</strong></span> <span class='ocrx_word' id='word_1_804' title='bbox 3447 5324 3696 5397; x_wconf 85' lang='lat' dir='ltr'><strong>gratiam</strong></span> 
     </span>
    </p>
   </div>
   <div class='ocr_carea' id='block_1_113' title="bbox 2054 5415 3692 5494">
    <p class='ocr_par' dir='ltr' id='par_1_113' title="bbox 2054 5415 3692 5494">
     <span class='ocr_line' id='line_1_114' title="bbox 2054 5415 3692 5494; baseline -0.005 -16"><span class='ocrx_word' id='word_1_805' title='bbox 2054 5423 2321 5480; x_wconf 77' lang='lat' dir='ltr'><strong>faciatis?</strong></span> <span class='ocrx_word' id='word_1_806' title='bbox 2350 5424 2606 5494; x_wconf 86' lang='lat' dir='ltr'><strong>Denique</strong></span> <span class='ocrx_word' id='word_1_807' title='bbox 2638 5422 2789 5494; x_wconf 91' lang='lat' dir='ltr'><strong>quod</strong></span> <span class='ocrx_word' id='word_1_808' title='bbox 2825 5420 3170 5489; x_wconf 85' lang='lat' dir='ltr'><strong>maximum,</strong></span> <span class='ocrx_word' id='word_1_809' title='bbox 3206 5431 3558 5486; x_wconf 86' lang='lat' dir='ltr'><strong>summoque</strong></span> <span class='ocrx_word' id='word_1_810' title='bbox 3603 5415 3692 5471; x_wconf 81' lang='lat' dir='ltr'><strong>fa-</strong></span> 
     </span>
    </p>
   </div>
   <div class='ocr_carea' id='block_1_114' title="bbox 2024 5698 2471 5772">
    <p class='ocr_par' dir='ltr' id='par_1_114' title="bbox 2024 5698 2471 5772">
     <span class='ocr_line' id='line_1_115' title="bbox 2024 5698 2471 5772; baseline 0.009 -17"><span class='ocrx_word' id='word_1_811' title='bbox 2024 5698 2100 5772; x_wconf 82' lang='lat'><strong>(9)</strong></span> <span class='ocrx_word' id='word_1_812' title='bbox 2132 5701 2471 5762; x_wconf 82' lang='lat' dir='ltr'><strong>Theodosio.</strong></span> 
     </span>
    </p>
   </div>
  </div>
