4118 6214
303 351 397 412 309
1272 351 1362 410 LA
1376 348 1668 412 UDATIO
1712 351 1776 413 Β.
1827 351 1914 412 GH

2028 351 2202 414 'ORII
2247 350 2634 414 THEOLOGI
2647 395 2662 412 .
3555 350 3674 412 310

298 481 366 536 τιαέ
419 482 588 551 μόνης
645 478 1007 553 ἐξηοτημὲνον
1078 487 1176 550 τῆς
1250 482 1640 555 προαιρέσεως,
1707 484 1914 557 χαίρειν

2038 485 2131 552 rit,
2175 502 2310 541 cum
2361 489 2510 540 recte
2561 485 2781 555 agendo
2822 484 2965 541 salvi
3017 500 3139 540 esse
3190 483 3446 556 possitis,
3491 487 3678 539 vestra

294 571 510 641 καθάπαξ
565 570 651 641 ἐᾷν
685 591 696 600 ·
843 571 1330 646 παραχρησάμενοι
1414 575 1512 642 τήν
1573 571 1772 646 ἀρχὴν,
1822 579 1920 642 τῆς

291 662 374 730 μὲν
402 659 532 714 κατᾶ
590 660 736 714 θύσιν
787 659 1072 734 ἐξέστημεν
1135 661 1353 735 ἀρετῆς.
1425 663 1771 735 Μετέστημεν
1845 661 1921 734 δὲ,

285 751 409 824 πρὸς
452 751 550 817 τήν
598 753 740 824 παρὰ
806 752 960 829 φύσιν
1024 750 1236 820 κακίαν,
1293 751 1622 828 ἀφελόμενοι
1676 753 1769 824 μὲν
1827 753 1925 821 τήν

284 841 472 894 οἰκείαν
531 840 828 914 ἡγεμονίαν
885 841 964 914 τῷ
1006 846 1102 912 νῷ,
1162 841 1302 917 μόνῃ
1338 839 1392 897 δὲ
1439 846 1506 916 τῇ
1555 844 1711 918 σαρκὶ
1744 841 1922 906 δόντες

281 929 339 983 τὸ
394 927 671 999 δύνασθαι,
713 931 802 985 καὶ
842 929 988 992 ὅλως
1049 929 1270 1006 γεώδεις
1321 933 1408 986 καὶ
1478 933 1656 988 ὑλικοὶ
1711 935 1928 1010 γεγονό-

2036 575 2418 646 vosmetipsos
2449 580 2654 645 sponte
2680 575 2955 647 laqueum
2985 573 3151 631 vobis
3182 573 3431 646 defigere
3452 571 3480 626 ?
3515 572 3678 628 Hunc

2038 668 2101 719 ut
2128 663 2245 720 illis
2276 662 2456 720 animi
2479 679 2720 719 sensum
2751 679 2887 736 erga
2909 669 3164 721 sectores
3187 677 3680 736 oppressoresque

2038 770 2170 810 suos
2201 753 2542 821 inseruerat,
2566 753 2913 824 lenibusque
2939 751 3322 810 humanitatis
3347 748 3680 806 medicami-

2039 843 2209 899 nibus
2238 859 2439 898 eorum
2467 843 2756 900 retuderat
2785 843 3347 909 excandescentiam,
3382 841 3560 896 etiam
3592 839 3679 895 in-

2038 950 2214 1006 super
2243 932 2473 988 eosdem
2506 933 2576 988 ad
2619 931 2850 1003 reliquae
2896 933 3086 988 omnis
3138 932 3369 987 virtutis
3419 929 3679 985 studium

280 1039 358 1080 τες
392 1038 405 1050 ο
447 1021 570 1074 εἶεν.
1489 1078 1492 1082 ,
2038 1024 2417 1080 hortabatur:
2447 1033 2621 1095 atque
2653 1040 2722 1080 ne
2744 1023 2883 1096 quid
2907 1023 3263 1096 optimarum
3285 1037 3480 1078 rerum
3513 1019 3681 1076 omit-

280 1114 459 1164 terent
491 1110 756 1176 monuit;
791 1111 890 1166 sed
925 1115 985 1166 ut
1019 1127 1298 1183 magnum
1332 1129 1516 1184 operae
1548 1113 1802 1185 pretium
1837 1130 1965 1170 esse
1996 1114 2294 1181 ducerent,
2329 1119 2547 1169 naturae
2579 1113 2766 1186 ipsius
2799 1113 2963 1184 sequi
2998 1112 3254 1182 vestigia,
3277 1114 3336 1166 et
3365 1126 3492 1181 quae
3523 1112 3680 1166 recta

280 1205 408 1254 sunt
438 1215 644 1270 agere;
671 1206 889 1268 contra,
923 1202 994 1256 ad
1027 1201 1478 1273 improbitatem,
1516 1219 1643 1274 quas
1674 1210 1731 1260 et
1769 1208 1975 1276 preter
2003 1209 2221 1260 natura
2253 1205 2516 1261 ordinem
2547 1205 2646 1266 sit.
2679 1212 2732 1259 et
2762 1220 2832 1260 ex
2862 1204 2985 1260 sola
3027 1203 3281 1259 hominis
3330 1201 3514 1256 libera
3573 1215 3677 1255 vo-

280 1287 492 1343 luntate
525 1290 868 1361 dependeat,
899 1289 1157 1346 animum
1189 1290 1515 1363 appellere;
1549 1293 1606 1347 id
1659 1309 1789 1349 vero
1835 1294 2083 1350 missum
2132 1294 2373 1350 omnina
2420 1295 2696 1360 facerent,
2739 1310 2851 1364 quo
2903 1292 3187 1348 nimirum
3234 1290 3550 1347 voluntatis
3583 1305 3676 1345 ar-

282 1375 439 1430 bitrio
471 1391 607 1431 mox
661 1378 734 1432 ab
791 1378 958 1434 initio
999 1378 1148 1434 male
1197 1379 1308 1447 usi,
1343 1398 1375 1435 a
1414 1391 1801 1438 consentanea
1844 1388 2068 1438 naturas
2113 1387 2324 1438 nostra
2375 1381 2585 1436 virtute
2632 1381 3010 1447 desoivimus,
3045 1384 3214 1450 atque
3246 1381 3317 1435 ad
3368 1377 3681 1449 malitiam,

283 1480 397 1534 qua:
426 1469 635 1534 praeter
665 1471 938 1522 naturam
974 1472 1083 1537 est,
1116 1470 1638 1542 transgressionem
1672 1471 1938 1541 fecimus,
1971 1478 2164 1526 mente
2196 1470 2477 1526 nimirum
2508 1470 2770 1543 legitimo
2804 1486 2908 1526 suo
2942 1468 3192 1541 spoliata
3249 1467 3514 1536 imperio,
3547 1482 3680 1523 car—

282 1555 442 1625 nique
470 1553 582 1610 soli
616 1555 832 1612 tradito
865 1556 1140 1623 dominio,
1169 1559 1323 1616 unde
1352 1563 1408 1615 et
1438 1576 1544 1617 nos
1576 1559 1690 1631 ipsi
1721 1559 1929 1617 terreni
1963 1560 2194 1631 penitus
2233 1561 2390 1628 facti,
2425 1561 2800 1633 materiasque
2853 1575 3010 1616 ctsno
3052 1558 3156 1614 toli
3203 1557 3379 1614 mersi
3431 1556 3676 1612 fuimus.

284 1646 380 1700 Sed
411 1645 532 1701 hac
566 1645 875 1704 hactenus.

344 1736 446 1812 L'A'.
481 1737 540 1805 ὀ
575 1737 674 1808 μὲν
709 1740 801 1791 οὖν
837 1740 917 1800 οἷς
969 1739 1001 1792 ἃ
1049 1739 1304 1813 παρῄνει,
1355 1743 1505 1796 ταῦτ’
1552 1742 1710 1803 ωὐτὸς
1768 1746 1914 1814 πρῶ·

2103 1743 2239 1800 XCl.
2274 1746 2514 1810 Quando
2546 1745 2724 1817 igitur
2754 1743 2980 1815 primus
3019 1743 3127 1798 sibi
3179 1741 3505 1812 prestanda
3539 1755 3681 1794 cen-

280 1847 359 1886 τος
413 1825 669 1900 πράττειν
724 1827 898 1898 ἠξίου.
981 1830 1342 1903 Πειθομένους
1427 1829 1662 1893 ἅπαντας
1755 1828 1919 1906 ἔχων,

281 1919 358 1979 οἷς
412 1917 608 1980 αὐτοὺς
673 1919 849 1983 οὕτως
907 1920 1044 1995 εἶχε,
1076 1923 1166 1976 καὶ
1221 1925 1387 1978 ταυτὰ
1445 1926 1782 1998 πράττοντας
1840 1925 1920 1979 εἷ-

281 2027 362 2081 χεν
395 2028 407 2042 ·
443 2006 505 2062 οὕ
554 2030 607 2063 τι
663 2011 927 2081 καθάπαξ,
961 2010 1088 2066 ἀλλ’
1141 2013 1262 2068 ὅσον
1311 2012 1516 2069 εἰκάσαι
1553 2034 1566 2047 ⁸
1611 2015 1778 2088 μόνος
1818 2017 1920 2090 γὰρ

279 2097 344 2148 ὧν
389 2095 565 2167 ἴσμεν,
602 2099 696 2152 καὶ
750 2098 921 2172 λέγων
979 2100 1069 2155 καὶ
1131 2103 1406 2177 πράττων,
1459 2103 1742 2177 ἀμίμητος
1805 2105 1872 2172 ἦν
1904 2123 1918 2136 ο

279 2188 679 2260 Θαυμαζὸμενον
741 2186 798 2244 δὲ
857 2190 945 2264 ὑφ’
994 2191 1243 2247 ἁπάντων
1303 2197 1495 2247 τοῦτον
1558 2195 1757 2268 ὁρῶνὸ
1799 2215 1923 2270 κρα-

275 2280 392 2344 τῶν,
446 2276 533 2331 καὶ
591 2280 682 2330 νῦν
754 2279 845 2351 μὲν
907 2302 935 2328 ‹‹
993 2276 1220 2353 ἔρεισμα
1268 2275 1541 2342 εὐσεϐείας
1579 2281 1670 2335 καὶ
1710 2283 1923 2354 Θαυμα-

278 2369 394 2436 στήν
421 2390 542 2423 τινα
570 2391 596 2420 ι
623 2367 963 2441 καλούμενον
984 2390 1009 2422 ι
1045 2366 1200 2438 δόξαν
1224 2388 1236 2400 °
1265 2396 1286 2424 ι
1324 2374 1414 2424 νῦν
1449 2368 1506 2425 δὲ
1532 2370 1745 2446 σπέρμα
1776 2373 1918 2426 θεῖον

277 2456 353 2509 καὶ
385 2454 574 2529 δρόσον
605 2461 827 2532 Ἐρμών
873 2453 1302 2515 καταϐαίνουσαν
1331 2459 1419 2515 ἐπὶ
1457 2459 1524 2514 τὰ
1555 2457 1656 2536 ὅρη
1691 2461 1853 2525 Σιὼν,
1890 2485 1920 2513 ››

279 2547 446 2620 ψυχὰς
505 2552 587 2618 τῷ
669 2543 978 2611 δυσσεϐείας
1051 2549 1288 2626 φλογμῷ
1363 2551 1670 2623 τηκομένας
1728 2569 1740 2583 .
1829 2538 1914 2606 καὶ

277 2639 418 2688 τοῦτο
478 2637 599 2708 μὲν,
649 2657 670 2685 ι
712 2636 967 2712 γνώμονα
1015 2637 1298 2713 θεολογίας
1345 2639 1434 2693 καὶ
1480 2641 1674 2694 κανόνα
1705 2640 1920 2715 δογμά-

276 2745 391 2794 των,
427 2749 454 2776 ι)
475 2757 545 2768 -
572 2749 601 2778 α
623 2728 981 2802 καθαιροῦντα
1007 2731 1108 2782 πᾶν
1140 2727 1341 2802 ὕψωμα
1371 2730 1508 2784 κατὰ
1537 2735 1638 2798 τῆς
1667 2730 1921 2805 γνώσεως

277 2814 616 2889 ἐπαιρόμενον
669 2821 766 2871 τοῦ
816 2820 969 2874 Θεοῦ.
1026 2842 1054 2868 ››
1102 2821 1264 2874 τοῦτο
1316 2817 1393 2890 δὲ,
1426 2819 1476 2874 εἷ’
1524 2817 1606 2874 δεῖ
1639 2815 1918 2892 συντόμως

277 2904 446 2970 εἷπεῖν,
484 2908 738 2967 »παντὸς
777 2908 982 2980 ἀγαθοῦ
1038 2913 1374 2980 πρυτανεῖον,
1399 2933 1428 2962 ››
1462 2909 1588 2965 πᾶσί
1638 2930 1696 2965 τε
1727 2909 1918 2979 ἁηλῶς

277 2995 353 3047 καὶ
403 2999 519 3050 καθ’
562 2993 657 3050 ἕνα
717 2998 924 3069 ἑκάστῳ
983 2997 1047 3051 τᾶ
1106 3000 1402 3075 γιγνὸμενὺ
1477 2997 1751 3072 διανέμον,
1826 2999 1918 3054 καὶ

277 3085 412 3139 παντῖ
473 3085 718 3161 παρέχον
767 3086 835 3140 τὰ
892 3089 1177 3165 πρόσφορα
1217 3105 1231 3118 ⁸
1282 3093 1476 3144 τοῦτον
1505 3089 1684 3144 τοίνυν
1727 3093 1919 3144 τοιοῦ-

275 3193 353 3227 τον
402 3173 524 3229 ὄντα
576 3173 796 3250 ἐπείπερ
854 3175 1014 3237 αὐτὸς
1073 3177 1216 3251 ἑώρα
1271 3177 1361 3232 καὶ
1430 3179 1646 3233 πάντων
1724 3178 1915 3253 λεγόν-

276 3283 368 3316 των
415 3285 472 3319 τε
527 3264 623 3318 καὶ
681 3265 1022 3338 κροτούντων
1086 3264 1302 3337 ⁴ἤκουεν,
1362 3265 1565 3322 οἰκεῖον
1621 3268 1725 3344 γὰρ
1790 3265 1914 3323 ἕκα-

278 3374 386 3417 στος
415 3353 581 3410 ἆθλον
633 3356 698 3410 τα
739 3353 882 3410 τοῦδ’
927 3356 1188 3428 ἐποιεῖτο,
1220 3353 1408 3431 ἔχαιρέ
1436 3379 1494 3412 τε
1523 3357 1738 3419 τούτοις
1769 3356 1913 3412 πολὺ

279 3441 498 3512 μᾶλλον,
533 3444 567 3513 ἢ
622 3447 699 3515 τῷ
743 3444 984 3518 περιόντί
1031 3449 1126 3500 τοῦ
1172 3446 1428 3518 κράτους,
1459 3446 1550 3500 καὶ
1599 3451 1677 3518 τῷ
1705 3444 1914 3518 τοσῷδε

278 3527 585 3605 διακειμένῳ
641 3540 739 3603 τῆς
795 3535 972 3610 τύχης
1033 3555 1044 3566 ·
1107 3537 1337 3614 χάριτάς
1380 3557 1438 3592 τε
1496 3538 1580 3590 ὅτι
1656 3536 1914 3598 πλείστας

276 3620 534 3697 ὡμολόγει
575 3627 658 3695 τῷ
711 3621 784 3678 δι’
829 3624 996 3679 αὐτοῦ
1044 3630 1236 3680 τοῦτον
1278 3621 1718 3701 τιροόεόλημένῳ
1749 3633 1863 3699 Θεῷ
1896 3649 1909 3662 ·

276 3707 652 3784 εὐδαιμονίζων
704 3713 798 3786 μὲν
855 3717 954 3783 τήν
1013 3713 1200 3787 πόλιν,
1258 3721 1376 3787 τοῦ,
1436 3717 1696 3789 ποιμένος
1745 3717 1912 3789 ήξιῶ·

278 3801 382 3852 σθαι
411 3802 666 3857 τοιούτου
701 3823 714 3834 ·
750 3803 795 3857 εἱ
851 3800 907 3857 δὲ
959 3803 1170 3877 βούλει,
1219 3807 1308 3860 καὶ
1353 3810 1524 3860 πᾶσαν
1573 3808 1672 3875 τήν
1733 3805 1915 3860 οἷ’κου-

279 3887 450 3960 μένην.
481 3889 815 3965 Ἐπειδήπερ
855 3916 882 3943 ‹‹
932 3893 1006 3954 εἷς
1065 3898 1234 3948 πᾶσαν
1268 3897 1368 3964 τήν
1430 3902 1531 3968 γῆν
1590 3895 1849 3967 ὲξλῆλθεν
1882 3898 1909 3950 ὁ

278 3978 494 4055 φθόγγος
556 3982 746 4047 αὐτοῦ,
777 3982 866 4036 καὶ
917 3981 994 4043 εἷς
1045 3985 1112 4038 τὰ
1153 3984 1356 4057 πέρατα
1414 3991 1514 4052 τῆς
1582 3984 1908 4058 οἰκουμένης

274 4066 330 4120 τὰ
372 4069 594 4142 ῥήματα
653 4071 817 4125 αὑτοῦ
851 4091 863 4104 ο
929 4096 955 4122 ››
1016 4069 1406 4145 εὐδαιμονίζων
1465 4071 1521 4128 δὲ
1577 4073 1668 4128 καί
1716 4074 1908 4130 τοῦτον

275 4158 443 4230 αςιτὸν,
477 4159 560 4214 δτι
595 4159 850 4220 πλείστας
897 4183 954 4216 τε
1001 4161 1088 4216 καὶ
1139 4161 1435 4225 καλλίστας
1477 4163 1566 4218 καὶ
1620 4162 1911 4235 καταλλή-

275 4243 388 4308 λους
443 4249 697 4326 ἀφορμὰς
751 4244 882 4324 ἔσχε
937 4253 1006 4323 τῇ
1062 4251 1214 4327 φύσει
1267 4253 1404 4325 πρὸς
1465 4249 1685 4325 ἔνδειξιν
1755 4252 1908 4327 ἐναρ-

275 4343 334 4409 γῆ
360 4341 455 4400 τῆς
487 4337 564 4401 εἷς
610 4338 770 4392 αὐτὸν
822 4339 1072 4415 μεγάλης
1116 4341 1210 4394 τοῦ
1261 4343 1568 4414 Πνεύματος
1626 4343 1909 4407 ἐπιπνοίας

270 4445 319 4479 τε
367 4428 454 4480 καὶ
499 4433 696 4504 φορᾶς,
745 4429 833 4483 καὶ
900 4435 1008 4484 τῶν
1081 4428 1365 4486 άκενώτων
1434 4433 1719 4508 Θησαυρῶν
1804 4439 1905 4502 τῆς

274 4515 461 4590 σοφίας,
522 4518 599 4571 ὧν
651 4517 783 4590 ὑπὲρ
853 4519 1056 4581 πάντας
1143 4518 1340 4575 ἐκεῖθεν
1427 4519 1733 4592 ἐπλούτησε
1816 4520 1908 4576 καί

272 4602 564 4674 πλουτίζειν
590 4600 720 4684 ἔσχε
750 4609 876 4668 τοὺς
909 4605 1138 4670 ἄλλους.

2033 1835 2174 1901 suit,
2200 1849 2448 1904 quorum
2470 1851 2674 1890 suasor
2703 1843 3020 1904 auctorque
3041 1831 3170 1888 aliis
3190 1835 3362 1899 esset,
3390 1829 3528 1886 hinc
3550 1827 3678 1884 uni-

2032 1939 2228 1979 versos
2258 1924 2401 1979 satis
2435 1924 2826 1995 obsequentes
2856 1922 3084 1989 habuit,
3116 1926 3241 1977 tum
3285 1921 3441 1992 quod
3491 1919 3574 1976 sic
3605 1918 3679 1974 ad

2033 2012 2311 2083 obsequia
2329 2017 2628 2084 promptos
2655 2013 2914 2080 haberet,
2935 2012 3134 2068 eadem
3153 2009 3365 2081 pariter
3385 2023 3683 2081 capessen-

2033 2107 2118 2157 tes
2150 2110 2504 2173 agentesque
2527 2101 2768 2158 habuit:
2805 2118 2918 2158 non
2954 2099 3376 2173 perfectissime
3414 2098 3678 2169 quidem,

2033 2191 2133 2247 sed
2160 2190 2462 2259 hactenus,
2488 2197 2556 2248 ut
2575 2192 2828 2264 speciem
2850 2190 3034 2260 ipsius
3057 2189 3312 2262 aliquam
3335 2185 3677 2244 similitudi-

2033 2295 2286 2352 nemque
2317 2282 2634 2338 referrent:
2671 2286 2796 2338 erat
2843 2279 2940 2336 ille
2988 2281 3144 2335 enim
3195 2294 3345 2334 unus
3389 2275 3676 2343 omnium,

2033 2386 2178 2441 quos
2208 2371 2475 2443 cognitos
2507 2370 2816 2438 habemus,
2851 2369 3022 2426 dictis
3056 2368 3340 2441 factisque
3363 2366 3531 2439 plane
3561 2365 3680 2420 ini-

2032 2456 2333 2514 mitabilis.
2365 2458 2545 2522 Quem
2571 2473 2701 2514 cum
2732 2458 3110 2515 admiratione
3131 2456 3395 2513 omnium
3425 2453 3534 2511 coli
3555 2453 3676 2510 Cas-

2031 2565 2128 2604 sar
2175 2547 2682 2615 animadverteret,
2731 2553 2788 2604 et
2818 2563 2974 2605 nunc
3004 2569 3033 2599 ‹‹
3067 2563 3225 2619 pure
3255 2544 3549 2615 religionis
3581 2559 3677 2598 co-

2031 2637 2228 2692 lumen
2262 2653 2328 2693 ac
2359 2638 2539 2694 decus
2585 2639 2873 2710 quoddam
2927 2636 3220 2709 singulare
3251 2656 3280 2687 »
3331 2631 3673 2708 praedicari:

2030 2741 2189 2784 nunc
2202 2748 2230 2778 «
2246 2742 2446 2784 semen
2461 2726 2794 2798 divinum“,
2816 2750 2844 2777 »
2859 2758 2926 2768 .—-
2941 2749 2969 2777 «
2986 2730 3043 2783 et
3060 2741 3247 2782 rorem
3262 2720 3569 2781 Hermonis
3584 2722 3679 2778 de-

2030 2818 2406 2874 scendentem
2419 2817 2480 2872 in
2495 2825 2719 2874 montes
2731 2815 2993 2885 Sionis",
3008 2838 3037 2867 ι)
3052 2816 3280 2873 animos
3293 2813 3559 2870 videlicet
3570 2812 3678 2867 im-

2030 2907 2260 2978 pietatis
2294 2907 2498 2964 ardore
2527 2907 2864 2978 liquefactos
2891 2924 2906 2973 ;
2940 2905 3152 2980 partim
3182 2904 3321 2960 item
3375 2926 3403 2955 ι(
3430 2917 3673 2959 norman

2028 2995 2353 3069 theologia,
2385 3013 2804 3068 sacrorumque
2851 2996 3189 3068 dogmatum
3223 2994 3510 3066 regulam,
3547 3014 3575 3040 »
3609 3021 3676 3032 —

2031 3085 2397 3142 altitudinem
2429 3103 2686 3155 omnem,
2702 3103 2829 3158 quas
2851 3087 3130 3143 adversus
3148 3084 3248 3141 Dei
3271 3083 3672 3156 cognitionem

2029 3175 2337 3245 attollitur,
2376 3177 2768 3233 destruentem
2799 3175 2868 3244 ‘3,
2904 3197 2933 3226 ι)
2963 3175 3198 3248 partim,
3229 3177 3294 3230 ut
3330 3169 3672 3244 compendio

2025 3266 2236 3333 dicam,
2265 3287 2300 3318 ‹‹
2330 3265 2468 3322 boni
2499 3266 2689 3322 omnis
2719 3265 3025 3338 publicum
3059 3267 3428 3336 prytaneum,
3465 3284 3494 3312 »
3526 3277 3672 3319 cun-

2024 3355 2132 3411 ctis
2163 3355 2528 3428 singulisque
2559 3355 2961 3412 convenientia
2987 3353 3186 3410 omnia
3206 3352 3591 3420 distribuen,
3614 3355 3671 3408 et

2023 3445 2338 3515 unicuique
2368 3452 2503 3516 apta
2533 3449 2591 3501 et
2614 3445 2823 3501 idonea
2855 3443 3139 3516 prabens.
3172 3441 3469 3514 Siquidem
3510 3440 3669 3496 hunc

2023 3533 2206 3604 igitur
2233 3534 2411 3590 talem
2441 3539 2788 3608 tantumque
2833 3535 3019 3590 virum
3066 3549 3218 3602 ese,
3249 3538 3307 3588 et
3354 3534 3480 3604 ipse
3530 3546 3668 3602 per-

2024 3628 2313 3696 spexerat,
2346 3629 2403 3680 et
2419 3624 2819 3681 consentiente
2849 3623 3134 3680 bonorum
3158 3621 3421 3678 omnium
3456 3620 3667 3692 pradi-

2024 3717 2245 3770 catione
2275 3714 2606 3786 plausuque
2636 3712 3031 3784 intelligebat:
3066 3728 3206 3768 suas
3236 3711 3389 3767 enim
3420 3712 3666 3781 quisque

2021 3803 2284 3873 adoreas,
2315 3819 2453 3859 suas
2482 3819 2747 3870 coronas,
2781 3819 2908 3874 quae
2940 3800 3122 3858 nostri
3153 3804 3340 3868 erant,
3372 3799 3661 3855 habebat:

2021 3893 2091 3948 iis
2120 3893 2218 3950 ille
2233 3895 2406 3950 rebus
2419 3893 2573 3950 haud
2593 3893 2764 3966 paulo
2782 3893 2914 3965 plus
2943 3892 3120 3959 afﬁci,
3137 3906 3310 3962 quam
3334 3893 3664 3961 potentatus

2021 3983 2112 4038 sui
2149 3985 2469 4054 majestate,
2502 3988 2782 4056 tantoque
2803 3980 3127 4054 imperialis
3159 3981 3404 4038 fortuna
3435 3978 3663 4046 habitu,

2021 4077 2196 4144 atque
2231 4074 2362 4143 Deo,
2395 4073 2496 4144 qui
2529 4089 2639 4128 sua
2688 4071 3055 4145 potissimum
3106 4086 3280 4143 opera
3329 4067 3663 4141 pontiﬁcem

2020 4162 2341 4218 maximum
2376 4162 2717 4234 Gregorium
2751 4162 3127 4233 prodidisset,
3166 4159 3453 4216 maximas
3496 4173 3666 4229 agere

2017 4253 2256 4324 gratias.
2290 4253 2442 4317 Quin
2471 4260 2532 4310 et
2561 4255 2717 4320 urbi,
2750 4269 2873 4324 qua
2904 4257 3063 4308 tanto
3095 4251 3336 4323 dignata
3376 4253 3530 4305 esset
3558 4264 3666 4304 an-

2018 4344 2226 4412 tistite,
2259 4349 2361 4401 aut
2389 4345 2438 4400 si
2474 4345 2678 4412 mavis,
2711 4345 2980 4400 universo
3001 4347 3287 4398 terrarum
3321 4340 3469 4407 orbi,
3498 4353 3664 4396 suam

2020 4434 2412 4502 congratulari
2461 4434 2815 4496 felicitatem.
2843 4433 3070 4504 quando
3104 4453 3128 4484 ιι
3163 4432 3220 4488 in
3273 4445 3508 4487 omnem
3554 4434 3664 4484 ter-

2022 4538 2148 4578 ram
2183 4521 2378 4578 exibat
2408 4537 2588 4578 sonu
2637 4519 2814 4588 illius,
2847 4525 2906 4576 et
2947 4521 3017 4575 ad
3068 4519 3216 4574 ﬁnes
3264 4532 3453 4588 usque
3507 4514 3665 4570 orbis

2018 4617 2184 4668 terra:
2213 4611 2389 4668 verba
2417 4610 2618 4667 illius"
2639 4627 2686 4678 ;››
2703 4617 2756 4666 et
2774 4608 3170 4682 Gregorioipsi
3187 4607 3400 4680 pariter
3417 4619 3662 4676 congra-

273 4695 452 4764 tulari,
484 4696 640 4768 quod
671 4697 1054 4768 uberrimam,
1087 4709 1140 4756 et
1170 4700 1646 4772 pulcherrimam,
1671 4710 1726 4757 et
1754 4709 1975 4758 natura;
2007 4718 2125 4758 suae
2161 4716 2360 4773 parem
2416 4699 2771 4768 facultatem,
2821 4704 2879 4754 et
2919 4699 3222 4755 materiem
3271 4699 3476 4751 nactus
3506 4695 3663 4750 esset

273 4785 574 4852 proferendi
631 4787 689 4842 in
739 4789 997 4859 apricum
1041 4792 1524 4863 monstrandique
1579 4792 1873 4865 ingentem
1925 4793 2161 4849 afﬂatus
2221 4795 2278 4846 et
2339 4793 2540 4846 motus
2599 4788 2785 4846 sancti
2842 4787 3119 4861 Spiritus,
3170 4800 3283 4858 quo
3341 4784 3656 4850 ferebatur,

272 4874 394 4942 vim,
425 4881 480 4931 et
509 4877 883 4936 inexhaustas
917 4880 1166 4938 ccelestis
1196 4882 1488 4954 sapientiae
1518 4883 1836 4951 thesauros,
1870 4885 2086 4956 quibus
2129 4881 2414 4938 divinitus
2460 4897 2639 4953 supra
2686 4879 2832 4937 alios
2883 4895 3084 4935 omnes
3123 4874 3474 4938 cumulatus,
3515 4869 3661 4926 alios

273 4964 394 5020 item
428 4968 870 5041 collocupletare
903 4975 1116 5043 posset.

335 5053 432 5130 ιβ’.
485 5057 541 5111 '0
588 5070 702 5125 μὲν,
755 5055 846 5113 οὗν
892 5060 1030 5114 πάνυ
1085 5081 1168 5115 τοι
1212 5065 1401 5116 τοῦτον
1463 5061 1904 5135 ἐκπληττόμενος

275 5143 351 5196 καὶ
381 5146 667 5218 Θαυμάζων
709 5149 842 5221 ὑπὲρ
897 5149 1098 5211 πάντας
1147 5149 1273 5211 τοὺς
1326 5147 1553 5220 ἄλλους,
1613 5152 1704 5205 καὶ
1744 5150 1904 5212 αὐτὸς

278 5232 367 5307 οὐχ
414 5237 572 5303 ἧττον
625 5233 935 5308 άντιεοᾶτο,
970 5240 1059 5293 καὶ
1129 5239 1528 5315 παραπλησίως
1584 5244 1690 5294 τῶν
1736 5242 1908 5294 παιά-

277 5343 368 5375 νων
413 5327 676 5398 μετεῖκεν,
718 5325 901 5401 ὥσπερ
957 5349 1041 5390 τις
1104 5329 1286 5392 κοινὸς
1359 5328 1645 5405 εὐεργέτης
1692 5327 1903 5404 ἀνθρώ-

339 5507 378 5544 ⁴⁶
405 5508 427 5562 l
452 5508 614 5568 Joan.
650 5528 736 5578 ιιι,
757 5513 812 5567 9.
926 5512 970 5546 ⁴⁷
1008 5511 1158 5568 Psal.
1193 5529 1427 5582 cxxxiii,
1458 5514 1512 5570 3.

342 5690 454 5764 (10)
490 5693 656 5766 Greg.
689 5693 826 5751 Naz.
857 5693 985 5761 621,
1016 5693 1144 5748 694.

1626 5512 1676 5549 ⁴⁸
1700 5513 1830 5581 Cor,
1861 5528 1920 5583 ι,
1949 5512 2006 5568 5.

2094 5063 2263 5120 XCII.
2296 5063 2429 5119 Jam
2463 5069 2527 5118 ut
2561 5060 2728 5117 unice
2759 5061 2821 5115 in
2853 5057 3125 5129 Gregorio
3151 5060 3353 5112 nostro
3387 5067 3501 5126 pra
3533 5050 3661 5106 aliis

2019 5153 2293 5208 omnibus
2324 5152 2544 5208 deﬁxae
2574 5151 2764 5208 Cesar
2789 5148 3061 5216 herehat,
3093 5159 3396 5217 unumque
3414 5139 3659 5198 miraba-

2018 5245 2133 5307 tur,
2165 5243 2243 5296 ita
2273 5241 2400 5313 ipse
2441 5257 2557 5296 non
2584 5240 2778 5297 minus
2809 5236 2982 5295 claris
3011 5236 3258 5293 invicem
3289 5230 3662 5289 attollebatur

2020 5331 2345 5402 praeconiis,
2379 5329 2823 5400 cmlestiumque
2853 5327 3069 5400 pariter
3114 5324 3356 5381 laudum
3414 5335 3660 5378 consors

2120 5512 2168 5549 "
2202 5511 2356 5570 Paal.
2386 5527 2503 5574 nx.
2523 5511 2580 5567 5.
