3986 6228
374 383 487 443 311

1674 375 2067 440 THEODULI
2113 377 2466 440 MONACHI

3663 375 3784 437 3l2

376 513 724 578 habebatur,
756 511 920 584 quasi
951 512 1051 584 qui
1100 512 1172 566 de
1218 513 1341 566 toto
1389 525 1600 582 genere
1647 510 1910 567 humano
1958 511 2016 566 in

2183 529 2270 574 ων,
2301 508 2391 563 καὶ
2446 512 2554 561 τῶν
2614 507 2926 580 ἁπανταχοῦ
2982 504 3198 562 πάντων
3249 504 3545 580 ταμέγιστα
3618 525 3791 581 χαρι-

377 619 686 658 commune
716 602 862 674 bene
891 600 1133 656 meritus
1155 603 1325 666 esset,
1349 598 1728 669 omniumque
1752 615 1900 671 quos
1921 615 2022 654 us-

376 708 550 764 quam
567 693 754 748 solum
773 691 1106 756 sustineret,
1126 689 1393 745 maximis
1416 689 1682 744 homines
1697 690 2018 744 ornavisset

374 781 673 840 beneﬁciis
699 799 712 848 ;
748 781 902 835 unde
932 781 1354 852 imperatorum
1379 779 1639 835 omnium
1669 778 2019 850 augustissi-

375 887 510 927 mus
524 871 676 925 idem
691 869 1245 940 sacratissimusque
1259 867 1580 926 celebratur
1597 885 1610 922 ε
1630 868 1805 938 idque
1818 884 1929 922 non
1945 867 2018 923 ob

375 977 684 1017 numerum
722 961 926 1030 magis,
954 964 1010 1015 et
1058 958 1524 1028 amplitudinem,
1557 969 1610 1012 et
1651 958 2016 1027 splendorem

375 1066 617 1119 operum
649 1061 1126 1120 tropzeorumque,
1143 1049 1356 1120 quibus
1371 1049 1568 1102 orbem
1585 1055 1867 1102 terrarum
1890 1063 2019 1102 om-

378 1139 647 1194 nifariam
670 1138 1032 1209 impleverat,
1055 1153 1240 1207 neque
1263 1139 1397 1192 item
1421 1137 1495 1192 ob
1513 1152 1640 1191 eam
1666 1153 1780 1208 qua
1800 1136 1868 1190 ad
1894 1153 2021 1191 om-

377 1229 476 1284 nia
503 1229 795 1292 utebatur,
831 1226 1362 1298 magnanimitatem
1411 1231 1583 1298 atque
1632 1225 2020 1293 clementiam,

377 1332 610 1388 unaque
641 1318 904 1372 omnium
933 1307 1073 1371 voce
1093 1331 1434 1372 concessum
1469 1315 1581 1386 ipsi
1601 1317 1878 1370 virtutum
1903 1331 2022 1368 om-

379 1408 539 1463 nium
575 1407 988 1478 principatum,
1015 1421 1192 1476 quam
1236 1407 1383 1474 quod
1418 1422 1599 1460 unum
1633 1422 1702 1460 ex
1749 1403 2022 1460 Omnibus

2131 598 2360 670 σάμενος
2413 617 2425 630 ·
2483 597 2871 672 βασιλεύτατος
2927 599 3054 671 γοῦν
3105 597 3320 650 πάντων
3370 595 3790 672 αὐτοκρατόρων

2127 687 2216 740 καὶ
2267 688 2542 748 θειότατος
2589 684 2838 740 ἐκαλεῖτο
2875 728 2888 740 .
2933 684 2998 738 οὐ
3053 683 3268 756 μᾶλλον
3315 689 3395 756 τῷ
3449 684 3649 755 πλήθει
3695 685 3792 739 καὶ

2135 776 2346 852 μεγέθει
2397 776 2489 830 καὶ
2538 773 2732 829 κάλλει
2781 777 2890 828 τῶν
2939 767 3116 848 ἔργων
3165 795 3223 828 τε
3262 775 3350 828 καὶ
3377 775 3673 848 τροπαίων,
3708 775 3787 828 ὧν

2130 867 2435 941 ἑκασταχοῦ
2493 871 2591 934 τῆς
2652 863 2978 937 οἰκουμένης
3039 861 3322 934 ἐστήσατο,
3355 861 3478 919 οὐδὲ
3527 868 3598 938 τῇ
3652 867 3794 938 πρὸς

2131 958 2339 1010 ἅπαντα
2373 954 2763 1032 μεγαλοψυχίᾳ
2817 974 2875 1009 τε
2923 954 3014 1008 καὶ
3060 953 3354 1028 πραότητι,
3383 954 3474 1008 καὶ
3521 959 3600 1027 τῷ
3643 956 3796 1029 παρᾶ

2129 1044 2342 1100 πάντων
2401 1043 2452 1098 ἒν
2509 1046 2672 1098 ἅπασι
2729 1043 3202 1120 συγκεχωρηκότι.
3262 1043 3299 1112 ἢ
3360 1043 3440 1098 δτι
3499 1047 3690 1099 τοῦτον
3731 1044 3792 1114 ἐξ

2129 1133 2381 1190 ἁπάντων
2415 1132 2614 1199 εἷ’λετο,
2665 1131 3026 1208 δημαγωγὸν,
3059 1133 3134 1195 ὡς
3184 1132 3376 1202 εἰπεῖν,
3410 1133 3498 1188 καὶ
3543 1134 3794 1208 προστά-

2131 1245 2229 1294 την
2278 1229 2388 1278 τῶν
2430 1227 2527 1279 τοῦ
2575 1227 2710 1280 Θεοῦ
2764 1222 3104 1298 μυστηρίων,
3136 1223 3226 1278 καὶ
3277 1227 3374 1278 τοῦ
3409 1221 3653 1300 μεγάλου
3681 1230 3792 1292 τῆς

2131 1313 2464 1384 Ἐκκλησίας
2505 1313 2905 1389 πληρώματος,
2937 1313 3019 1368 ἅτ’
3067 1309 3266 1388 ἔχοντα
3317 1313 3513 1376 παντὸς
3567 1311 3791 1386 μᾶλλον

2130 1403 2541 1472 κατασκευάζειν
2573 1405 2758 1477 Κυρίῳ
2789 1428 2816 1454 ‹‹
2851 1401 2983 1458 λαὸν
3014 1401 3354 1477 περιούσιον.
3390 1425 3419 1454 ι»

381 1496 740 1566 Gregorium,
776 1496 884 1566 piae
906 1493 1090 1562 plebis
1120 1494 1568 1566 antesignanum
1601 1510 1667 1548 ac
1689 1493 2016 1556 tribunum,
2052 1498 2116 1546 ut
2145 1493 2228 1548 sic
2275 1495 2560 1564 dicamus,
2590 1493 3036 1566 divinorumque
3083 1485 3515 1566 mysteriorum,
3547 1498 3605 1550 et
3652 1510 3796 1549 am-

375 1584 626 1655 plissimi
678 1584 944 1639 Ecclesia
991 1589 1204 1639 casrtus
1267 1584 1614 1649 antistitem,
1663 1582 1924 1654 legisset,
1989 1599 2104 1654 quo
2155 1581 2435 1637 nimirum
2489 1585 2558 1638 ad
2613 1583 3021 1638 instruendum
3053 1584 3494 1656 parandumque
3540 1581 3797 1638 Domino

378 1693 408 1723 «
441 1673 659 1744 proprii
693 1672 899 1744 peculii
934 1675 1214 1744 populum
1251 1674 1386 1744 (l0),
1421 1694 1448 1722 »
1482 1671 1639 1727 haud
1707 1671 1857 1728 alius
1886 1673 2075 1744 aptior
2105 1673 2410 1744 reperitur.

445 1761 632 1819 XCIII.
665 1763 818 1818 Inter
851 1764 969 1818 haec
999 1762 1314 1819 concilium
1354 1767 1586 1819 centum
1618 1767 1675 1818 et
1724 1763 2023 1834 quinqua-

379 1854 541 1926 ginta
570 1853 976 1924 episcoporum
1008 1870 1077 1909 ex
1118 1854 1298 1909 omni.
1333 1853 1472 1908 Asia
1500 1854 1778 1908 adversus
1829 1851 2024 1908 Mace-

2205 1759 2314 1838 l,l".
2377 1760 2704 1836 ’Δρχιερέων
2777 1761 2960 1834 μέντοι
3036 1761 3372 1832 πεντήκοντα
3463 1761 3600 1836 πρὸς
3673 1765 3798 1824 τοῖς

2133 1849 2340 1919 ἒκατὸν,
2415 1849 2464 1922 ἐξ
2551 1849 2654 1926 ἄρα
2723 1851 2902 1921 πάσης
2977 1849 3160 1913 Ἀσίας
3233 1851 3371 1906 κατὰ
3454 1847 3796 1906 Μακεδονίου

377 1945 620 1998 donium
642 1949 928 2011 coactum,
954 1942 1496 2014 ConstantinOpolin
1516 1943 1862 2014 occupabat,
1891 1959 2023 2012 prae-

2183 1937 2332 2010 ῥτότε
2389 1941 2488 2008 τὴν
2549 1940 2950 1995 Κωνσταντίνου
3007 1938 3447 2014 κατειληφότων,
3488 1939 3562 1994 ὢν
3610 1940 3638 1993 ὁ
3673 1942 3798 1994 Ἀν-

379 2031 504 2087 side
537 2031 788 2096 Meletio,
821 2031 1257 2104 archiepiscopo
1305 2031 1686 2099 Antiocheno,
1718 2032 1841 2087 viro
1887 2047 2020 2086 cum

379 2121 511 2177 aliis
545 2121 716 2178 rebus
749 2123 1023 2190 maximo,
1058 2129 1182 2178 tum
1234 2139 1378 2195 quas
1429 2139 1530 2194 pro
1583 2122 1788 2192 pietate
1847 2127 2022 2194 atque

377 2211 656 2282 religione
687 2213 1048 2266 sustinuerat
1079 2211 1576 2278 dimicationibus,
1603 2211 1659 2265 in
1685 2211 1894 2282 primis
1915 2226 2020 2265 no-

372 2298 480 2362 bili
509 2324 524 2365 ;
556 2304 750 2370 patres
782 2300 983 2370 igitur,
1005 2302 1159 2372 quod
1194 2299 1458 2356 Ecclesiae
1490 2297 2020 2368 Constantinopoli-

377 2393 528 2442 tana
560 2389 946 2459 patrocinium
980 2389 1417 2444 sanctissimum
1453 2387 1642 2442 virum
1670 2388 1789 2457 jam
1822 2403 2021 2442 susce-

377 2477 536 2548 pisse
565 2477 847 2544 viderent,
879 2487 934 2532 et
964 2485 1105 2548 quot
1129 2479 1450 2550 qualesque
1473 2477 1634 2532 illius
1665 2493 1842 2532 causa
1868 2475 2024 2532 labo-

381 2581 472 2620 res
502 2581 565 2619 ac
597 2565 936 2621 discrimina
968 2568 1320 2638 pertulisset,
1355 2572 1413 2622 et
1442 2567 1599 2637 quod
1631 2565 1876 2621 heresin
1909 2582 2021 2621 om-

380 2671 512 2710 nem
535 2655 817 2711 fundibus
840 2655 1104 2723 delesset,
1125 2661 1488 2728 compertum
1513 2655 1812 2721 haberent,
1841 2656 2019 2710 simul

375 2744 515 2799 item
547 2743 910 2815 eloquentiae,
941 2749 998 2800 et
1026 2761 1169 2800 verte
1192 2747 1463 2800 doctrinae
1487 2747 1565 2812 et,
1588 2750 1652 2799 ut
1670 2745 1842 2800 verbo
1865 2761 2024 2800 com-

379 2831 620 2903 plectar,
655 2849 756 2902 per
783 2833 1032 2904 pulchra
1070 2835 1265 2888 omnia
1297 2833 1639 2904 pertinentis
1689 2833 1880 2888 laudis
1913 2851 2023 2888 no—

379 2921 557 2990 mine,
590 2922 890 2978 hominem
937 2923 1345 2994 suspicientes,
1380 2923 1744 2994 imperatoris
1795 2925 1866 2978 de
1896 2925 2024 2994 ipso

381 3010 746 3081 suffragium,
791 3011 946 3066 velut
991 3013 1087 3067 Dei
1138 3011 1308 3082 plane
1357 3012 1722 3082 suﬂ'ragium,
1755 3019 1909 3067 recte
1957 3029 2024 3068 ac

382 3098 588 3153 merito
619 3099 819 3154 itidem
837 3101 1724 3171 comprobabant,thronumque
1741 3101 2020 3166 huncipsi

381 3186 577 3242 deberi
609 3203 842 3242 summo
872 3189 1063 3243 studio
1095 3190 1498 3245 decernebant.
1534 3189 1647 3260 Ego
1679 3205 1808 3244 vero
1851 3191 2019 3244 etiam

2124 2028 2376 2103 τιοχείας
2434 2027 2697 2091 Μελέτιος
2754 2027 3023 2105 ἐξηγεῖτο,
3081 2028 3215 2100 ἀνὴρ
3269 2030 3579 2102 Θαυμαστὸς
3624 2029 3692 2084 τά
3733 2048 3794 2083 τε

2127 2116 2296 2188 ἄλλα,
2327 2119 2418 2172 καὶ
2470 2115 2536 2188 δὴ
2567 2120 2658 2174 καὶ
2705 2117 2831 2181 τοὺς
2873 2119 3006 2194 ὑπὲρ
3057 2113 3330 2180 εὐσεϐείας
3373 2117 3584 2194 ἀγῶνας
3635 2116 3792 2192 εἴπερ

2125 2228 2210 2270 τις
2248 2209 2550 2282 περιφανής
2586 2228 2599 2240 °
2633 2208 2786 2264 οὗτοι
2814 2209 2996 2262 τοίνυν
3025 2207 3139 2262 ἐπεὶ
3164 2210 3264 2273 τῆς
3287 2205 3616 2276 Ἐκκλησίας
3649 2227 3788 2283 προ.

2128 2291 2468 2368 ϐεϐλημένον
2499 2295 2644 2352 εἶδον
2675 2298 2765 2351 τὸν
2799 2298 2970 2372 ἅγιον,
3003 2296 3093 2352 καὶ
3125 2298 3286 2360 ὅσους
3321 2296 3411 2350 καὶ
3448 2294 3601 2359 οἵους
3651 2297 3790 2371 ὑπὲρ

2128 2387 2298 2455 αὐτῆς
2328 2387 2528 2448 πόνους
2571 2387 2661 2440 καὶ
2706 2383 2987 2449 κινδύνους
3029 2387 3264 2456 ὐπάστη,
3293 2385 3382 2440 καὶ
3424 2386 3498 2447 ὡς
3535 2385 3792 2441 καθεῖλεν

2128 2474 2336 2530 ἅπασαν
2397 2473 2594 2550 α’ίρεςιν
2646 2472 2908 2552 ἔγνωσαν,
2979 2475 3352 2549 θαυμάσαντες
3425 2479 3617 2530 τοῦτον
3693 2476 3794 2530 καὶ

2129 2562 2306 2640 λόγων
2332 2564 2420 2638 κρῖ
2453 2566 2651 2640 ἀρετῆς
2681 2564 2771 2620 καὶ
2813 2561 3128 2640 δογμάτων,
3160 2565 3250 2620 καὶ
3292 2568 3390 2620 τοῦ
3436 2562 3525 2619 διὰ
3566 2566 3794 2620 πάντων

2129 2653 2203 2714 ὡς
2263 2653 2454 2720 εἰπεῖν,
2513 2653 2767 2723 ἥκοντος,
2824 2655 2924 2724 τήν
2966 2674 3025 2708 τε
3071 2657 3172 2708 τοῦ
3217 2653 3489 2729 βασιλέως
3513 2653 3602 2708 καὶ
3637 2653 3796 2707 οὗτοι

2127 2744 2248 2816 περὶ
2302 2741 2462 2798 αὐτὸν
2514 2743 2570 2797 εὗ
2620 2746 2898 2806 ποιοῦντες
2945 2741 3301 2817 ἐκρατύναντο
3347 2745 3548 2819 ψῆφον,
3589 2741 3668 2802 ὡς
3724 2738 3794 2808 δή

2129 2834 2262 2886 Θεοῦ
2310 2835 2490 2910 ψῆφον
2542 2829 2790 2905 ἄντικρυς
2837 2830 3020 2898 οὖσαν,
3065 2832 3156 2886 τόν
3207 2852 3263 2886 τε
3313 2832 3502 2906 θρόνον
3563 2827 3796 2909 ὀφείλε-

2130 2923 2247 2974 σθαι
2279 2922 2332 2975 oi
2365 2921 2512 2993 μάλα
2544 2919 2816 2996 λαμπρῶς
2861 2919 3201 2978 διετείναντο.
3237 2921 3382 2995 Ἐγὼ
3413 2917 3468 2974 δὲ
3499 2921 3590 2974 καὶ
3622 2919 3793 2974 τοῦτο

2133 3007 2302 3082 λέγω,
2342 3012 2541 3073 παντὸς
2600 3009 2812 3082 μᾶλλον
2865 3009 3128 3080 ἀληθείας
3187 3012 3438 3084 μετέχον,
3495 3008 3582 3064 καὶ
3635 3007 3792 3081 μάλα

2130 3103 2250 3160 ταῖς
2289 3101 2603 3174 πράγμασιν
2653 3100 2919 3173 ἀποχρῶν
2969 3119 2980 3130 ·
3035 3099 3129 3166 ὡς,
3184 3101 3228 3153 εἱ
3275 3095 3362 3153 ’ένα
3412 3097 3578 3171 ἄνδρα
3630 3097 3794 3155 Ἀσία

2133 3187 2223 3240 καὶ
2253 3184 2344 3240 ἕνα
2375 3185 2540 3261 ἄνδρα
2569 3183 2743 3258 Λιϐύη
2784 3209 2844 3242 τε
2873 3189 2960 3243 καὶ
3013 3188 3248 3262 Εὐρώπη
3297 3191 3548 3242 τοιοῦτον
3597 3182 3790 3261 ἔσχη-

382 3277 538 3332 naud
568 3277 878 3333 dubitarim
911 3279 1224 3344 afﬁrmare,
1257 3281 1312 3334 id
1352 3280 1506 3350 quod
1550 3279 1719 3349 longe
1770 3281 2021 3350 proiecto

2183 3296 2280 3339 κσι,
2327 3277 2415 3330 καὶ
2459 3275 2602 3332 οὕτω
2672 3275 3022 3346 παντοδαπῆς
3079 3277 3275 3352 ἀρετῆς
3327 3274 3547 3332 εἶσάπαν
3612 3274 3790 3344 ἰόντα,

385 3365 646 3420 omnium
680 3366 926 3422 maxime
959 3367 1214 3422 veritatis
1267 3367 1551 3438 particeps
1583 3374 1692 3433 est,
1735 3370 2027 3438 rebusque

377 3453 526 3524 ipsis
555 3471 727 3527 quam
761 3457 980 3527 Optime
1032 3459 1362 3528 respondet,
1413 3457 1715 3524 nimirum,
1747 3457 1796 3512 si
1842 3474 2022 3512 unum

383 3541 735 3610 ejuscemodi
768 3541 958 3596 virum
989 3543 1146 3610 Asia,
1181 3559 1360 3597 unum
1399 3545 1532 3597 item
1568 3543 1754 3597 Africa
1813 3549 1870 3597 et
1907 3543 2029 3597 Eu-

2135 3362 2247 3419 οὕτ’
2294 3365 2354 3419 ἂν
2403 3363 2724 3437 οὐδητισοῦν
2773 3365 2982 3440 αἵρεσις
3032 3367 3346 3440 τοπαράπαν
3393 3365 3643 3436 συνέστη,
3691 3367 3792 3421 καὶ

2135 3455 2330 3516 πάντες
2379 3457 2595 3516 πάντως
2643 3455 2840 3531 ἀρετῆς
2897 3457 3036 3526 ἦσαν
3083 3461 3329 3530 τεχνῖται
3385 3455 3474 3511 καὶ
3522 3458 3621 3511 τοῦ
3649 3455 3799 3510 κατὰ

2139 3543 2325 3619 ψυχὴν
2354 3540 2670 3617 εὐδοκίμου.

379 3645 522 3701 ropa
553 3630 898 3686 habuissent
925 3631 1062 3702 (10),
1093 3639 1151 3686 et
1181 3631 1277 3703 qui
1327 3631 1467 3686 adeo
1527 3636 1776 3702 perfecte
1820 3647 2025 3687 omnes
2074 3635 2263 3688 omnis
2309 3635 2537 3690 virtutis
2587 3651 2856 3691 numeros
2909 3636 3226 3707 implesset,
3259 3635 3478 3692 nullam
3529 3651 3802 3705 usquam

379 3718 732 3774 coorituram
763 3719 948 3774 fuisse
978 3721 1268 3787 haeresim,
1303 3735 1614 3792 omnesque
1647 3721 1882 3775 omnino
1929 3720 2186 3788 virtutis,
2237 3725 2478 3793 ejusque
2522 3739 2652 3794 quin
2711 3725 2781 3779 ad
2829 3726 3088 3780 animam
3141 3728 3388 3780 refertur
3435 3723 3658 3797 glorias,
3697 3740 3806 3797 pe-

389 3809 704 3865 ritissimos
734 3810 964 3866 futuros
995 3812 1270 3866 cultores.

458 3903 654 3960 XCIV.
690 3903 1200 3959 Verumenimvero
1231 3903 1479 3970 nullum,
1502 3904 1724 3960 invidia
1755 3904 2029 3976 pestilen-

384 3993 504 4049 tius
535 4009 662 4048 esse
695 4009 822 4049 reor
851 3993 1160 4066 flagitium,
1195 4011 1326 4064 quae
1353 3991 1626 4063 quidquid
1668 3993 1945 4049 decorum
1976 3999 2033 4048 et

385 4083 660 4138 eximium
695 4091 970 4155 perpetuo
1005 4085 1248 4150 invadit,
1284 4092 1455 4154 atque
1482 4083 1772 4139 neminem
1801 4084 2030 4153 penitus

389 4171 717 4226 mortalium
749 4172 1049 4228 excellenti
1080 4173 1266 4243 gloria
1297 4173 1406 4228 frui
1439 4173 1616 4240 sinit;
1647 4189 1772 4242 quis
1806 4177 2026 4226 tantum

383 4259 469 4314 illi
496 4261 694 4328 etiam,
728 4261 824 4331 qui
847 4261 1030 4330 ipsam
1049 4260 1238 4328 habet,
1273 4262 1476 4332 objicit
1500 4263 1781 4328 furorem,
1809 4260 2028 4315 utalia-

387 4365 520 4404 nam
555 4349 886 4404 felicitatem
919 4365 1082 4404 suam
1114 4351 1401 4406 existimet
1438 4366 1565 4406 esse
1595 4350 1986 4406 calamitatem
2015 4365 2028 4402 :

386 4441 509 4493 tum
535 4453 664 4494 vero
697 4438 972 4494 secundis
1005 4455 1130 4495 esse
1172 4440 1300 4495 vehi
1345 4440 1551 4507 ventis,
1583 4441 1630 4496 si
1687 4438 1836 4495 alius
1867 4439 2030 4510 quis-

388 4526 542 4598 piam
576 4527 849 4584 adversos
880 4530 1112 4595 sentiat,
1146 4531 1296 4600 quod
1321 4529 1368 4583 si
1387 4545 1544 4584 vanae
1577 4529 1772 4600 glorias
1799 4528 2031 4598 cupidi-

388 4623 565 4672 tatem
601 4616 774 4672 homo
804 4617 1156 4688 adjunxerit,
1189 4617 1542 4684 inconsulta,
1575 4617 1884 4688 nullosque
1913 4616 2030 4672 exi-

389 4709 485 4760 tus
499 4712 823 4776 repertura,
840 4721 986 4761 casco
1001 4707 1153 4762 idem
1169 4707 1390 4778 impetu
1403 4706 1594 4773 audet,
1609 4704 2028 4762 etindomitum

2211 3903 2325 3980 μ’.
2375 3904 2557 3960 Ἀλλᾶ
2603 3907 2704 3981 γάρ
2758 3905 3048 3980 βασκανίας
3097 3903 3249 3960 οὐδὲν
3294 3902 3595 3980 δεινότερον
3641 3906 3810 3978 οἶμαι

2138 3997 2245 4046 τῶν
2298 3994 2683 4066 πάντιυν,τοὶς
2735 3994 2828 4066 μὲν
2875 3993 3066 4056 καλοῖς
3115 3994 3481 4068 έπιφυομένης
3525 3994 3636 4066 ἀεὶ,
3668 3999 3810 4050 θαυ-

2143 4082 2400 4153 μάζεσθαι
2461 4081 2517 4138 δὲ
2595 4081 2955 4158 μηδοντινοῦν
3034 4085 3351 4160 τοπαράπαν
3422 4083 3808 4160 ἀνεχομένης,

2140 4170 2284 4226 ἀλλᾶ
2329 4173 2416 4227 καὶ
2469 4175 2736 4244 τοσαύτην
2784 4172 3126 4246 ἐμποιούσης
3168 4178 3249 4246 τῷ
3307 4174 3635 4246 κεκτημένῳ
3688 4196 3812 4248 μα-

2137 4263 2280 4330 νίαν,
2312 4262 2386 4323 ὡς
2413 4263 2515 4330 τὴν
2551 4262 2644 4334 μὲν
2692 4261 2944 4338 εὐτυχίαν
2997 4263 3204 4333 ἑτέρου,
3239 4260 3532 4337 δυστυχίαν
3587 4263 3809 4318 οἰκείαν

2139 4359 2383 4427 νομίζειν
2417 4373 2430 4386 ·
2463 4353 2519 4408 εὗ
2551 4351 2599 4407 δ’
2627 4353 2794 4422 αὐτὴν
2832 4353 2966 4408 πάνυ
3014 4373 3100 4410 τοι
3145 4352 3422 4428 πράσσειν,
3463 4352 3552 4408 ἐὰν
3616 4355 3810 4409 ὁστισ’

2141 4446 2232 4497 οὖν
2292 4439 2536 4517 δυστυχῇ
2571 4461 2583 4474 ·
2641 4441 2767 4496 ὅταν
2824 4438 2881 4496 δὲ
2925 4443 3016 4496 καὶ
3071 4439 3376 4515 κενοδοξίαν
3443 4441 3472 4496 ὁ
3546 4447 3816 4504 τοιοῦτος

2138 4528 2512 4608 προσλάϐῃμὸ
2563 4529 2620 4586 δὲ
2659 4532 2748 4586 καὶ
2795 4536 2912 4594 τοῖς
2955 4531 3243 4602 ἀνηνύτοις
3288 4527 3550 4602 έπιπηδᾶ,
3583 4533 3679 4586 vui
3714 4553 3822 4588 κα-

2137 4622 2228 4677 κὸν
2288 4619 2506 4694 ἄμαχόν
2557 4621 2736 4674 ἔστιν·
2789 4620 2926 4674 ὅπου
2975 4622 3080 4694 γὰρ
3126 4621 3212 4675 καὶ
3273 4619 3484 4676 τούτων
3537 4619 3817 4696 ἑκάτερον

2137 4712 2254 4766 καθ’
2291 4709 2448 4764 ἑαυτὸ
2487 4707 2766 4784 δυσχερὲς,
2825 4710 2878 4764 τί
2935 4707 3018 4764 δεῖ
3043 4709 3136 4764 τὸν
3197 4706 3535 4782 συνδυασμὸν
3583 4709 3818 4766 τούτων

390 4767 817 4866 planemalum
849 4796 1210 4866 est,quando
1241 4767 1394 4850 enim
1437 4767 1591 4850 satis
1613 4812 1710 4866 per
1750 4811 1810 4850 se
1858 4809 2025 4864 grave

2591 4767 2669 4784 η.
2732 4767 2765 4772 --
3432 4767 3444 4782 .

2183 4800 2427 4874 ὶμίζειν;
2473 4797 2662 4854 ὁποῖόν
2715 4820 2769 4853 τι
2825 4797 3098 4854 κάνταῦθα
3149 4797 3445 4867 ξυνέπεσεν.
3502 4797 3822 4874 Αἰγύπτιοι

393 4884 739 4940 utrumlibet
767 4885 974 4939 vitium
995 4893 1102 4954 est,
1129 4885 1262 4956 quid
1287 4885 1357 4939 de
1376 4885 1603 4955 junctis
1624 4883 2032 4955 copulatisque

391 4975 746 5030 censendum
768 4973 796 5028 ?
817 4973 988 5045 quale
1009 4974 1289 5045 quiddam
1313 4977 1368 5029 et
1399 4973 1492 5029 hic
1513 4973 1826 5029 accidebat.
1855 4972 2032 5043 Quip-

392 5084 463 5140 pe
491 5069 740 5142 IEgyptii
773 5066 1009 5140 quidam
1034 5071 1101 5124 et
1130 5067 1470 5122 Macedones
1509 5065 1790 5136 episcopi,
1813 5064 1922 5134 qui
1954 5063 2036 5119 rei

386 5159 506 5230 jam
541 5159 706 5214 dictae
735 5157 943 5227 gratia,
969 5162 1100 5229 post
1127 5156 1464 5224 Asiasticos,
1487 5152 2034 5224 Constantinopolin

395 5251 680 5318 adierant,
711 5247 938 5304 levicuh
961 5246 1130 5317 plane
1159 5245 1590 5316 contemptique
1613 5243 1910 5310 homines,
1929 5257 2042 5311 qua

398 5339 682 5404 doctrina,
713 5355 832 5410 qua
877 5336 1142 5393 moribus
1200 5335 1660 5407 actionibusque,
1709 5331 1806 5404 qui
1859 5331 2044 5387 nihil-

399 5443 512 5496 que
542 5427 982 5499 prorsus‘titulo
1013 5443 1116 5483 suo
1149 5426 1396 5497 dignum
1437 5427 1713 5480 haberent
1747 5441 1759 5476 :
1807 5419 1870 5477 hi
1917 5437 2035 5478 non

467 5569 515 5606 ⁵ο
539 5571 652 5628 Tit.
687 5589 752 5644 II,
785 5573 872 5635 14.

471 5699 586 5773 (10)
615 5701 1042 5759 Adumbratum
1073 5720 1142 5759 ex
1190 5704 1484 5760 Demosth.
1517 5705 1590 5760 De
1633 5718 1854 5773 corona,
1888 5699 2008 5756 195.

2140 4890 2239 4964 γάρ
2296 4909 2436 4951 τινες
2491 4889 2580 4942 καὶ
2633 4885 2933 4950 Μακεδόνες
2984 4886 3294 4958 ἐπίσκοποι,
3355 4883 3426 4940 δι’
3483 4888 3620 4962 ἅπερ
3663 4886 3825 4968 ἔφην

2142 4979 2388 5047 ένταῦθα,
2420 4979 2509 5033 καὶ
2558 4975 2708 5032 οὗτοι
2759 4978 2892 5051 μετὰ
2950 4975 3078 5040 τοὺς
3141 4975 3421 5038 ’Δσιανοῦς
3477 4977 3822 5052 ἀφιγμένοι,

2143 5067 2414 5144 ἄνθρωποι
2477 5066 2732 5141 βάναυσοί
2778 5087 2940 5138 τινες,
2999 5065 3088 5122 καὶ
3148 5065 3308 5143 λόγον
3363 5065 3453 5120 καὶ
3513 5065 3650 5134 ἦθος
3713 5071 3824 5124 καὶ

2141 5159 2356 5232 πρᾶξιν,
2405 5157 2497 5212 καὶ
2559 5153 2726 5232 μηδὲν
2787 5155 2932 5218 ὅλως
3001 5155 3147 5226 ἄξιον
3227 5159 3323 5211 τοῦ
3393 5157 3824 5230 προσρήματος

2143 5241 2390 5322 ἔχοντες,
2421 5246 2486 5300 οὐ
2520 5244 2733 5318 μᾶλλον
2769 5245 3152 5320 βασκαίνοντες
3186 5244 3491 5320 Γρηγορίῳ,
3521 5245 3562 5315 ἢ
3595 5246 3686 5300 δνι
3729 5251 3822 5320 μὴ

2145 5338 2471 5414 συμψήφους
2519 5333 2604 5390 ἐπ’
2653 5333 2802 5408 αὐτῷ
2849 5334 2937 5390 καὶ
2985 5333 3212 5396 τούτους
3263 5327 3608 5410 προσέλαϐον
3655 5336 3723 5391 οἳ
3754 5336 3830 5393 ἐκ

2143 5433 2243 5498 τῆς
2295 5426 2503 5498 Ἀσίας,
2531 5425 2596 5482 οὐ
2660 5427 2868 5502 μικρῶς
2922 5421 3334 5501 δυσχεράνατες,
3394 5421 3428 5476 ἃ
3489 5424 3568 5498 μὴ
3663 5446 3834 5504 προ-
