4118 6214
300 364 413 422 313

1317 368 1715 432 LAUDATIO
1759 369 1821 430 S.
1867 370 2236 433 GREGORII
2282 368 2688 431 THEOLOGI.

3580 369 3703 431 3M
3764 362 3773 375 “

292 501 421 563 ἧκεν
446 514 460 526 ·
494 492 541 549 ὦ
573 493 696 566 δίκη
732 495 820 552 καὶ
850 498 1011 570 νόμοι
1041 498 1130 552 καὶ
1162 497 1335 553 πάντα
1388 497 1681 573 βλέποντες
1730 498 1935 578 ὀφθαλ-

2055 503 2377 560 invidentia
2400 502 2581 572 magis
2611 502 2887 559 adversus
2915 499 3254 574 Gregorium
3312 500 3476 569 moti,
3522 516 3697 571 quam

295 586 392 656 μοὶ
457 590 557 641 τοῦ
614 590 748 641 Θεοῦ
795 584 1221 661 καταψεύδονται
1270 593 1367 644 τοῦ
1417 591 1596 660 ἁηίου,
1643 591 1946 666 τρισεπί-

287 691 544 726 σκοπον
582 672 985 735 ἀποκολοῢντες
1024 678 1218 730 τοῦτον
1246 677 1335 731 καὶ
1385 676 1485 732 υύκ
1524 676 1766 752 εὐλόγως
1817 674 1947 733 οὔδε

281 766 595 824 κανονικῶς
634 764 862 835 ταυτησὶ
908 770 1009 834 τῆς
1058 762 1317 840 καθέδρας
1370 766 1796 841 ἐπειλημμένον.
1834 768 1947 823 Σᾶ-

277 851 568 923 σιμα,καῖ
609 853 931 923 Ναζιανζὸν.
976 855 1062 908 καὶ
1120 854 1425 924 Βυζάντιον,
1473 856 1561 911 καὶ
1610 858 1678 911 τὰ
1723 862 1946 912 τοιαῦτα

280 939 594 1013 ληροῦντες
622 961 636 974 ·
671 962 743 997 ων
785 948 883 997 τοῦ
928 946 1022 1015 μὲν
1064 944 1285 1018 πρώτου
1325 946 1414 1000 καὶ
1453 944 1771 1002 τελευταίου
1810 950 1944 1003 κατὰ

280 1028 417 1091 τοὺς
463 1031 648 1104 ἱεροὺς
692 1028 892 1103 τῳὸντι
933 1032 1208 1106 θεσμούς·
1253 1038 1359 1089 τῶν
1414 1035 1592 1107 μέντοι
1635 1038 1945 1109 Ναζιανζη-

280 1121 420 1185 νῶν,
456 1116 571 1173 οὔτ’
616 1117 830 1182 οὐδενὸς
869 1120 1118 1177 τοιούτον
1166 1123 1265 1190 τήν
1306 1122 1485 1199 ἀρχὴν
1536 1144 1941 1201 προσκεχωρη-

279 1206 473 1276 κότος,
523 1208 614 1262 καὶ
658 1215 759 1279 τῆς
817 1217 1086 1284 πατρικῆς
1146 1213 1384 1286 ἀνάγκης
1437 1211 1613 1269 εἷ’νεκα
1656 1215 1939 1290 προῦστη·

284 1297 440 1369 γήρα
468 1317 531 1352 τε
568 1297 660 1352 καὶ
701 1302 868 1371 νόσῳ,
917 1300 1007 1355 καὶ
1056 1299 1336 1363 πλείστοις
1387 1302 1535 1363 ὅσοις
1578 1300 1942 1377 ἀπειρηκότος

287 1380 538 1447 δεινοῖς·
601 1388 690 1441 καὶ
748 1389 970 1462 προσέτι
1046 1390 1551 1462 παλαμναιοτάταις
1630 1392 1789 1447 αὐτὸν
1851 1416 1943 1447 σου

285 1474 530 1547 σχόντος
596 1477 800 1549 ἀραῖς·
868 1476 944 1531 ’ἶν’
999 1477 1186 1548 ἐπειδὴ
1259 1479 1521 1552 Κασίμοις
1601 1482 1780 1554 μένειν
1820 1483 1944 1537 ὀὐκ

283 1559 491 1632 ἔπειθε,
548 1561 995 1622 συναντιλάὸοιτο
1045 1572 1176 1644 γοῦν
1214 1569 1366 1640 αὐτῷ
1402 1573 1499 1623 τοῦ
1550 1570 1813 1643 ποιμνίου
1853 1572 1941 1625 καὶ

278 1658 387 1721 τῆς
419 1657 521 1707 τοῦ
552 1652 689 1709 λαοῦ
718 1657 1070 1729 προστασίας,
1102 1658 1191 1711 καὶ
1243 1663 1350 1713 τῶν
1382 1656 1434 1713 ἒν
1462 1660 1678 1722 τούτοις
1724 1661 1943 1739 φροντί-

285 1736 407 1795 6ων
466 1746 753 1814 κοινωνὸς,
801 1740 907 1807 ἕως
957 1744 1016 1799 ἂν
1062 1750 1223 1820 περιῇ
1254 1747 1552 1819 κατασταίη
1583 1768 1596 1781 ·
1650 1736 1853 1805 ἐκείνου
1885 1748 1941 1805 δὲ

282 1829 718 1907 μετηλλαχότος
763 1834 853 1887 τὸν
900 1834 1043 1908 βίον,
1095 1835 1149 1889 οἵ
1198 1835 1258 1890 ἂν
1298 1837 1460 1891 αὐτὸν
1489 1838 1553 1893 τὸ
1602 1840 1703 1906 τῆς
1751 1841 1937 1913 ψυχῆς

280 1920 620 1994 αἱρούμενον
654 1920 786 1999 ἁγῃ,
820 1924 1057 1997 χωροίη.

1965 1883 2014 1947 Β

2053 593 2207 664 quod
2242 594 2298 646 in
2354 591 2453 645 illo
2485 590 2887 647 conﬁrmando
2903 590 3292 662 nonipsorum
3327 590 3466 645 item
3495 590 3700 645 suifra-

2051 682 2302 755 gatorios
2332 679 2588 737 calculos
2620 679 2858 734 Asiatici
2893 678 3186 735 antistites
3208 678 3694 750 assumpsissent,

2052 772 2205 827 haud
2265 769 2631 827 mediocriter
2678 769 3130 833 stomachantes,
3175 769 3246 823 de
3293 772 3495 824 sancto
3552 768 3696 835 viro,

2052 878 2179 934 quas
2202 861 2443 917 minime
2473 860 2531 915 in
2559 859 2722 914 illum
2742 860 3094 929 quadrarent
3113 875 3171 913 :o
3189 858 3416 929 justitia
3439 862 3496 914 et
3514 856 3697 930 leges,

2053 955 2110 1005 et
2138 953 2347 1007 cuncta
2377 952 2717 1005 contuentes
2758 948 2856 1003 Dei
2897 946 3076 1003 oculi!
3107 946 3447 1002 et‘futiehant
3471 945 3700 1001 mendi-

2055 1040 2164 1103 eia,
2200 1039 2585 1111 tripontiﬁcem
2618 1038 2901 1093 nimirum
2950 1036 3284 1103 vocitantes,
3317 1035 3488 1107 quive
3535 1033 3697 1090 nullo

2057 1128 2205 1185 bono
2230 1131 2387 1201 jure,
2421 1144 2526 1185 nec
2556 1126 2856 1196 canonice,
2892 1126 3040 1181 hanc
3069 1124 3259 1196 ipsam
3292 1124 3694 1195 occupavisset

2053 1219 2415 1284 cathedram,
2448 1217 2699 1284 Sasima,
2723 1221 2781 1272 et
2827 1215 3177 1270 Nazianzum
3224 1217 3281 1269 et
3327 1213 3694 1285 Byzantium,

2053 1312 2109 1362 et
2138 1307 2254 1362 alia
2284 1308 2338 1360 id
2373 1323 2558 1379 genus
2590 1307 2931 1378 garrientes,
2955 1318 3286 1376 quanquam
3322 1302 3579 1374 primum
3605 1300 3700 1356 ille

2055 1407 2529 1467 postremumque
2561 1395 2797 1451 omnino
2816 1393 3240 1465 pontiﬁcatum,
3258 1391 3583 1447 secundum
3607 1407 3699 1445 sa-

2052 1502 2149 1540 cra
2182 1485 2446 1540 Ecclesia)
2474 1485 2725 1546 decreta,
2760 1483 2869 1539 rite
2891 1486 3239 1553 susceperat,
3271 1481 3697 1537 Nazianzenum

2053 1579 2264 1642 autem,
2299 1579 2356 1629 et
2384 1575 2534 1646 quod
2570 1588 2741 1629 nemo
2781 1572 2928 1627 satis
2985 1571 3224 1627 idoneus
3271 1586 3406 1625 mox
3453 1583 3698 1624 vacuum

2052 1663 2274 1731 adibat,
2307 1667 2366 1719 et
2396 1668 2567 1718 antea
2599 1666 2850 1734 paternas
2883 1660 3248 1716 necessitatis
3269 1674 3465 1725 causa,
3486 1656 3701 1712 vicaria

2051 1768 2244 1823 opera,
2276 1753 2653 1825 gubernarat.
2691 1750 2916 1805 Etenim
2966 1756 3125 1822 pater
3182 1752 3448 1819 provecta
3496 1761 3698 1802 senec-

2049 1847 2196 1908 tute,
2231 1857 2383 1914 mgro
2415 1856 2677 1912 corpore,
2707 1849 2766 1895 et
2813 1838 3141 1895 innumeris
3183 1842 3466 1910 praeterea
3522 1833 3697 1889 malis

2045 1934 2366 2001 quassatus
2385 1927 2585 1984 adhaec
2614 1926 2981 2000 gravissimis
3005 1924 3186 1982 filium
3200 1922 3695 1981 exsecrationibus

273 2013 561 2080 devinxit,
597 2018 658 2068 ut
680 2016 914 2085 quando
946 2015 1190 2073 Sasimis
1217 2032 1513 2073 remanere
1559 2012 1666 2089 ipsi
1708 2020 1765 2073 in
1816 2018 2080 2075 animum
2130 2019 2405 2074 inducere
2463 2018 2763 2089 nequibat,
2800 2015 3021 2085 junctis
3079 2031 3277 2071 secum
3333 2013 3546 2086 cperis,
3579 2012 3700 2069 suis

273 2104 481 2175 gregis
520 2104 835 2176 populique
869 2107 1108 2163 tutelam
1141 2108 1482 2180 susciperet,
1516 2110 1764 2180 sibique,
1797 2110 1938 2165 dum
1971 2109 2090 2165 vita
2113 2115 2391 2176 maneret,
2424 2124 2697 2165 curarum
2752 2107 3140 2178 laborumque
3180 2106 3374 2163 socius
3421 2111 3479 2161 et
3525 2105 3694 2176 adju-

275 2200 373 2247 tor
411 2199 570 2249 esset
598 2212 613 2260 ;
640 2210 754 2265 qua
785 2195 883 2250 ubi
914 2197 1321 2266 concessisizet,
1345 2198 1457 2254 iret
1481 2214 1643 2266 sane,
1667 2215 1780 2270 quo
1801 2197 1969 2255 illum
2001 2214 2232 2269 cunque
2259 2198 2441 2254 animi
2470 2198 2727 2269 impetus
2758 2197 2951 2252 ferret.

350 2279 471 2357 ιιει
504 2282 637 2343 Τοὺς
691 2283 785 2354 μὶν
836 2284 933 2336 οὖν
980 2279 1125 2358 ἔχων
1173 2284 1385 2362 ἐλέγξαι
1434 2286 1526 2341 καὶ
1572 2285 1928 2365 καταισχύναι

269 2369 371 2422 καὶ
407 2366 598 2442 δεῖξαι,
629 2372 764 2425 κατὰ
796 2372 857 2426 τὸ
890 2370 1016 2435 ἔπος
1038 2393 1057 2411 ο
1090 2399 1118 2426 ‹‹
1148 2373 1547 2451 Παγγλωσσίας
1565 2375 1800 2451 κόρακας
1832 2373 1927 2442 ὥς,

274 2456 524 2531 ἄκραντα
552 2459 855 2534 γαρύοντας
896 2464 1018 2525 Διὸς
1067 2464 1205 2537 πρὸς
1235 2460 1435 2540 ὄρνιχα
1476 2466 1641 2522 θεῖον,
1681 2490 1700 2515 ι
1736 2466 1798 2519 τὸ
1834 2466 1927 2537 μὲν

270 2548 388 2601 οὐκ
444 2548 708 2620 ἠξίωσεν·
771 2551 799 2604 ὁ
858 2547 914 2605 δὲ
969 2550 1267 2607 κάλλιστον
1323 2554 1415 2608 καὶ
1482 2552 1931 2610 λυσιτελέστατον

268 2638 444 2709 ᾤετο,
476 2640 566 2693 καὶ
621 2639 767 2713 αύτῷ
800 2640 949 2715 μάλα
998 2642 1134 2717 πρὸς
1187 2643 1416 2716 τρόπου,
1465 2648 1624 2698 τοῦτο
1670 2643 1759 2698 καὶ
1808 2645 1933 2718 βου-

276 2725 503 2781 λεύεται
535 2729 627 2782 καὶ
678 2735 862 2784 ποιεῖ·
914 2735 1074 2785 τοῦτο
1128 2732 1245 2803 μὲν,
1293 2737 1391 2786 τοῦ
1443 2735 1518 2806 μὴ
1552 2730 1727 2787 δοκεῖν
1771 2729 1931 2803 δόξης

268 2814 407 2888 ἐρᾷν
436 2836 451 2848 ·
482 2819 646 2872 τοῦτο
670 2817 747 2887 δὲ,
778 2823 878 2873 τοῦ
912 2824 1089 2891 μισεῖν
1123 2821 1267 2874 οὕτω
1298 2820 1651 2900 φιλονεικίαν,
1689 2847 1709 2872 ι
1745 2821 1822 2885 ὡς
1840 2823 1929 2876 καὶ

271 2907 419 2980 μετὰ
490 2911 597 2962 τῶν
663 2907 962 2981 μισούντων
1017 2912 1116 2980 τὴν
1168 2911 1391 2985 εἰρήνην
1450 2910 1723 2986 εἰρηνικὸς
1794 2912 1933 2966 εἶναι

271 2996 605 3070 βούλεσθαι.
634 3021 662 3049 ››
692 2996 1017 3055 Καταλείπει
1043 3000 1137 3072 μέν
1164 3019 1177 3032 ·
1205 3021 1267 3073 γε
1294 3000 1339 3054 ὢ
1362 3003 1680 3074 θαυμαστῆς
1697 3002 1788 3056 καὶ
1810 3021 1936 3057 και-

268 3092 377 3154 νῆς
435 3084 885 3166 μεγαλοψυχίας,
939 3088 1030 3143 καὶ
1080 3087 1253 3159 ζῆλον
1297 3091 1478 3161 ἥκιστ’
1522 3089 1801 3165 ἐχούσηςι
1847 3092 1939 3146 τὸν

275 3174 759 3249 περισπούδαστον
823 3178 913 3232 καὶ
977 3178 1387 3255 περιμάχητον,
1471 3179 1561 3235 καὶ
1629 3185 1759 3236 πᾶσι
1816 3185 1934 3243 τοῖς

2109 2286 2270 2345 XCV.
2303 2288 2560 2344 Tametsi
2588 2303 2722 2344 vero
2753 2286 2813 2342 in
2845 2284 3087 2358 proclivi
3129 2288 3329 2340 nostro
3362 2283 3548 2339 fuerat
3588 2282 3686 2337 ob-

2040 2382 2373 2433 trectatores
2402 2393 2543 2433 suos
2595 2378 2958 2448 redarguere,
2989 2378 3046 2430 et
3093 2374 3153 2429 in
3214 2374 3490 2445 pudorem
3522 2371 3685 2437 dare,

2040 2471 2097 2522 et
2126 2467 2432 2522 ostendere
2454 2465 2609 2534 illos,
2640 2466 2965 2522 secundum
2999 2468 3205 2520 notum
3251 2477 3485 2518 versum
3516 2460 3632 2531 (lt)
3661 2479 3677 2527 ;

2052 2578 2081 2607 ‹‹
2139 2555 2325 2612 lnatar
2381 2554 2835 2626 omnilinguium
2884 2569 3186 2611 corvorum
3256 2554 3465 2608 contra
3538 2548 3688 2604 divi-

2042 2661 2183 2701 nam
2231 2643 2392 2699 Jovis
2450 2644 2649 2699 alitem
2705 2659 2855 2699 vana
2904 2647 2962 2697 et
3031 2640 3231 2697 inania
3299 2638 3597 2703 crocitare,
3660 2657 3687 2686 »ι

2042 2734 2194 2790 hanc
2214 2732 2309 2789 ille
2324 2737 2519 2789 tamen
2535 2732 2880 2804 repudiabat
2896 2731 3201 2786 rationem.
3218 2726 3688 2798 Cmterum,quod

2045 2822 2503 2896 pulcherrimum
2534 2822 2939 2892 optimumque
2970 2821 3120 2875 factu
3154 2814 3689 2888 visum,elingenio

2044 2912 2301 2969 hominis
2330 2912 2951 2968 convenientissimum
2974 2914 3119 2976 erat,
3139 2909 3247 2965 hoc
3277 2907 3484 2979 arripit
3512 2921 3578 2963 ac
3596 2922 3693 2963 ss-

2047 3002 2247 3074 quitur
2276 3000 2607 3067 consilium,
2631 3001 2841 3072 partim
2876 3016 2948 3055 ne
2988 2997 3178 3070 glorias
3220 2996 3541 3069 honorique
3585 3012 3690 3051 suo

2047 3092 2320 3165 cupidius
2350 3090 2628 3147 veliﬁcari
2655 3090 2969 3158 videretur,
2994 3088 3205 3160 partim
3237 3088 3387 3159 quod
3419 3087 3505 3143 sic
3524 3088 3596 3141 ab
3619 3085 3694 3140 ri-

2044 3184 2133 3239 xis
2163 3192 2336 3255 atque
2375 3182 2853 3239 dimicationibus
2884 3182 3238 3248 adhorreret,
3268 3202 3289 3229 ι
3326 3185 3388 3234 ut
3439 3194 3570 3234 cum
3617 3178 3690 3233 iis

276 3261 486 3326 ἄλλοις
526 3264 811 3337 ἐπίραστον
850 3253 1068 3341 θρόνον,
1123 3253 1319 3341 πολλῷ
1367 3269 1495 3343 ῥᾷον
1544 3269 1635 3324 καὶ
1678 3267 1853 3338 ἣδιον,
1894 3270 1930 3339 ἢ

2047 3275 2220 3330 etiam
2240 3253 2336 3346 qui
2352 3290 2553 3346 pacem
2575 3274 2839 3329 odissent
2860 3289 3054 3343 pacem
3076 3272 3260 3328 colere
3282 3270 3564 3325 studeret.
3590 3269 3631 3305 ⁵⁸
3663 3290 3684 3317 ο

276 3348 667 3427 λαμϐάνουσιν
707 3352 882 3431 ἕτεροι
916 3378 927 3391 ·
977 3354 1150 3428 δείξας
1206 3357 1470 3426 ἐντεῦθεν,
1538 3359 1612 3421 ὡς
1666 3356 1794 3414 οὐδὲ
1840 3361 1939 3429 τὴν

274 3445 472 3519 ἀρχὴν
504 3439 665 3520 ἔρωτι
717 3444 879 3519 δόξης
926 3454 1027 3514 τῆς
1072 3445 1338 3523 καθέδρας
1386 3444 1589 3520 ἐπέϐη·
1634 3446 1762 3505 οὐδὲ
1810 3471 1936 3528 φαν-

276 3535 477 3596 τασίας
546 3534 848 3609 ἐπιθυμῶν,
916 3536 1063 3592 ἀλλὰ
1132 3535 1552 3611 πολεμουμένην
1621 3540 1763 3612 ὁρῶν
1832 3541 1931 3608 τήν

278 3619 487 3696 Τριάδα
556 3625 735 3685 κακῶς
802 3619 1190 3698 διαιρουμένην
1256 3626 1347 3680 καὶ
1432 3626 1932 3705 συνολειφομένην·

280 3711 377 3765 καὶ
429 3712 494 3766 τὸ
541 3712 658 3766 κατ’
706 3710 874 3783 αὐτὴν
933 3713 1195 3791 ὑπορῥέον
1246 3714 1335 3769 ἐὰν
1390 3716 1465 3789 μὴ
1519 3716 1680 3792 χεῖρά
1730 3738 1814 3779 τις
1864 3717 1939 3781 ὡς

275 3801 502 3876 τάχιστ’
536 3801 717 3877 ὀρέξῃ.
752 3800 1084 3859 Καταλείπει
1117 3801 1165 3858 δ’
1201 3802 1267 3859 αὖ
1306 3806 1399 3860 καὶ
1436 3806 1530 3861 τὸν
1567 3807 1937 3880 ποιμανθέντα

281 3889 433 3945 λεὼν
484 3892 550 3946 τὰ
600 3893 718 3946 θεῖα
762 3894 1224 3967 πατηρτισμένον,
1274 3894 1365 3949 καὶ
1417 3896 1541 3970 περὶ
1599 3898 1698 3965 τὴν
1751 3896 1933 3951 πίστιν

283 3979 345 4035 εὖ
376 3981 531 4054 μάλα
577 3981 850 4057 λαμπρῶς
898 3980 1267 4057 ὠχυρωμένον
1313 3984 1404 4039 καὶ
1455 3981 1794 4060 ἡδρασμένον
1844 3986 1931 4041 καὶ

276 4076 383 4139 τῆς
434 4067 666 4144 Τριάδος
705 4072 932 4147 γνήσιον
978 4070 1300 4147 λατρευτὴν,
1335 4072 1459 4129 ὅσον
1503 4069 1667 4130 ἐνέδει
1707 4076 1774 4129 τὰ
1810 4096 1936 4130 τοι-

277 4162 418 4213 αὔτα
456 4164 666 4235 πρστοῦ
715 4165 897 4225 κακῶς
947 4161 1049 4216 ὑπὸ
1093 4168 1193 4228 τῆς
1246 4167 1353 4218 τῶν
1402 4164 1784 4239 αἱρετιζόντων
1833 4164 1933 4219 πά-

280 4269 438 4325 σχων
469 4248 718 4325 φατρίας,

2047 3364 2181 3420 Mox
2210 3364 2430 3435 itaque,
2460 3380 2491 3418 ο
2523 3362 2922 3419 incredibilem
2962 3369 3018 3418 et
3067 3377 3294 3428 novam,
3317 3358 3691 3415 imitationis-

2048 3470 2161 3525 que
2193 3452 2435 3508 minime
2467 3452 2729 3507 studium
2753 3449 3307 3517 habituram,auimi
3336 3446 3693 3520 magnitudi-

2047 3544 2211 3597 neml
2240 3540 2519 3596 thronum
2550 3539 3021 3611 patriarchalem,
3047 3555 3169 3595 rem
3195 3555 3296 3608 per
3324 3554 3388 3593 se
3416 3538 3694 3607 expeten-

2044 3630 2204 3698 dam,
2227 3633 2284 3686 et
2317 3630 2659 3701 optabilem,
2688 3628 2965 3698 omnique
2995 3628 3126 3683 nisu
3171 3625 3604 3692 vindicandum,
3638 3628 3696 3678 et;

2045 3717 2268 3775 caeteris
2298 3716 2572 3773 omnibus
2602 3714 3030 3783 charissimam,
3056 3714 3210 3769 haud
3244 3712 3416 3785 paulo
3460 3710 3695 3782 expedi-

2043 3811 2161 3866 tius
2191 3808 2627 3881 promptiusque
2669 3805 2967 3878 relinquit,
3001 3821 3180 3877 quam
3239 3803 3536 3874 accipiunt
3566 3802 3689 3858 alii.

2045 3899 2165 3964 Quo
2196 3900 2319 3968 ipso
2361 3897 2503 3953 satis
2534 3896 2973 3968 comprobatum
3004 3895 3183 3962 dedit,
3200 3893 3341 3950 sede
3370 3908 3443 3948 ne
3472 3891 3687 3963 princi-

2049 3985 2143 4056 pio
2175 3981 2572 4056 quidem,ullo
2602 3981 2798 4054 gloriae
2838 3979 3086 4047 ambitu,
3120 3978 3461 4050 externique
3493 3975 3690 4049 splen-

2046 4073 2205 4130 doris
2228 4071 2633 4141 amore,istam
2666 4070 2998 4127 ascendisse
3020 4069 3496 4132 cathedram,sed
3530 4065 3686 4138 quod

2044 4162 2429 4221 sanctissimas
2461 4160 2752 4230 Trinitati,
2788 4159 2940 4216 male
2969 4158 3236 4216 videlicet
3264 4162 3390 4213 tum
3423 4157 3686 4225 divulsa,

2039 4258 2169 4310 tum
2200 4251 2480 4319 confusas,
2511 4248 2727 4306 bellum
2775 4249 2998 4304 illatum
3048 4254 3329 4316 cerneret,
3369 4261 3688 4317 veramque

279 4342 427 4431 adeo
456 4340 620 4396 illius
650 4341 804 4397 brevi
852 4341 1210 4414 dilapsuram
1261 4344 1734 4418 intelligentiam,
1759 4344 1873 4401 nisi
1894 4359 2071 4417 quam
2094 4343 2350 4416 primum
2372 4340 2637 4397 subsidio
2660 4338 2952 4411 quispiam
2982 4337 3223 4394 veniret.
3255 4338 3364 4393 Sed
3413 4341 3471 4393 et
3513 4351 3689 4407 quem

275 4426 522 4502 paverat
549 4434 789 4495 coitum,
819 4431 879 4487 in
910 4431 1126 4489 divinis
1157 4433 1635 4505 redintegratum,
1667 4435 2134 4505 instructumque
2163 4435 2221 4487 et
2263 4431 2322 4487 in
2376 4433 2538 4485 recta
2579 4429 2796 4500 pietate
2845 4426 3017 4498 probe
3048 4425 3490 4497 luculenterque
3547 4440 3694 4481 con-

275 4529 578 4585 ﬁrmatum
609 4536 780 4599 atque
810 4530 1266 4601 constabilitum,
1298 4536 1356 4588 et
1379 4536 1592 4590 sancte
1623 4531 1922 4588 Trinitatis
1951 4530 2229 4604 geninum
2259 4528 2540 4583 cultorem
2574 4525 2807 4597 reliquit
2841 4524 2979 4597 (12),
3012 4527 3229 4595 quanto
3294 4523 3447 4579 idem
3495 4526 3688 4590 antea,

275 4617 432 4674 male
461 4617 536 4673 ab
556 4617 964 4676 hereticorum
996 4620 1246 4678 factione
1278 4622 1617 4693 muletatus,
1643 4622 1735 4678 his
1768 4621 1826 4677 in
1860 4621 2034 4677 rebus
2066 4617 2462 4675 deficiebatur.

349 4707 484 4784 ῑις.
533 4704 808 4769 Βασιλέως
869 4706 926 4763 δὲ
971 4710 1060 4765 καὶ
1117 4715 1213 4765 τοῦ
1268 4714 1382 4767 κατ’
1436 4710 1595 4767 αὐτὸν
1647 4708 1925 4786 συνεδρίου

2104 4707 2287 4765 XCVI.
2322 4708 2423 4764 Hic
2453 4709 2766 4780 imperator
2797 4722 2937 4763 sane
2959 4721 3075 4761 una
3106 4721 3240 4761 cum
3285 4721 3392 4761 suo
3443 4710 3680 4770 senatu,

276 4800 368 4851 καὶ
428 4796 557 4852 ὅσον
614 4800 720 4851 τῶν
779 4796 1084 4876 ἀρχιερέων
1141 4799 1465 4873 ὑγιαίνοντες
1523 4802 1678 4872 ἦσαν,
1729 4798 1924 4877 σχεδὸν

280 4883 328 4941 δ’
360 4887 594 4947 ἅπαντες
632 4888 793 4956 ἦσαν,
832 4883 912 4942 ἔτι
950 4909 1010 4943 τε
1046 4890 1246 4952 παντὸς
1288 4895 1396 4946 τῶν
1444 4888 1747 4966 ὀρθοδόξων
1798 4890 1932 4947 συλ-

283 4973 476 5052 λόγου,
528 4974 1019 5048 συναθροισθέντων
1058 4978 1149 5033 καὶ
1189 4976 1400 5034 πλεῖστ’
1447 4980 1617 5035 αὐτοῦ
1658 4977 1928 5053 δεομένων

282 5065 371 5119 καὶ
433 5063 613 5137 μένειν
671 5063 1152 5140 παρακαλούντων,
1205 5070 1297 5123 καὶ
1362 5069 1673 5139 κινηθέντος
1729 5070 1930 5130 παντὸς

285 5150 448 5230 ἔργου
482 5155 569 5208 καὶ
612 5153 807 5230 λόγου,
844 5157 931 5210 καὶ
974 5154 1328 5221 παντοδαπῆς
1369 5155 1611 5227 σπουδῆς
1660 5158 1751 5214 καὶ
1793 5177 1930 5232 προ-

284 5241 559 5312 κλήσεως,
625 5244 716 5298 καὶ
781 5245 1122 5323 πανταχόθεν
1187 5243 1388 5302 πείθειν
1474 5245 1927 5323 ἐπιχειρούντων,

287 5332 375 5387 καὶ
406 5332 546 5387 πάνυ
576 5353 662 5388 τοι
701 5330 1141 5408 διατεινομένων,
1194 5334 1325 5409 μηδ’
1355 5333 1414 5390 ἃν
1444 5335 1547 5392 εἷ’τι
1592 5336 1684 5393 καὶ
1715 5337 1925 5413 γένοιτο

361 5523 406 5561 ³⁸
427 5522 580 5580 Psal.
613 5538 741 5591 cxx,
770 5523 826 5595 6,
849 5523 904 5579 7.

358 5704 469 5780 (11)
503 5704 738 5762 Pindari
772 5703 1002 5779 Olymp.
1036 5707 1260 5779 stroph.
1293 5723 1347 5777 v,
1383 5709 1467 5765 13.

2037 4801 2093 4853 et
2122 4797 2315 4853 sanior
2345 4797 2484 4852 item
2518 4794 2850 4851 antistitum
2883 4810 3039 4866 pars,
3072 4810 3198 4865 quae
3244 4793 3428 4849 multo
3479 4792 3681 4862 utique

2040 4887 2296 4943 maxima
2318 4887 2461 4955 fuit;
2497 4893 2549 4942 et
2581 4885 2886 4940 universus
2934 4884 3179 4955 insuper
3222 4883 3682 4938 orthodoxorum

2039 4981 2246 5045 castus,
2275 4974 2334 5030 in
2367 4989 2545 5031 unum
2578 4974 2760 5030 coacti
2804 4973 3016 5041 locum,
3048 4972 3406 5045 Gregorium,
3439 4975 3503 5026 ut
3556 4986 3681 5024 ma-

2037 5072 2223 5135 neret,
2260 5065 2508 5123 maximo
2558 5080 2762 5136 rogare
2796 5064 3192 5133 obtestarique
3232 5078 3425 5134 opere,
3458 5060 3685 5117 omnia-

2037 5175 2151 5231 que
2181 5158 2349 5215 dictis
2380 5158 2684 5229 factisque,
2717 5155 2999 5227 omnique
3023 5163 3080 5210 et
3116 5156 3307 5211 studio
3338 5159 3395 5210 et
3423 5155 3684 5209 obstera-

2038 5250 2212 5318 tione,
2244 5247 2449 5304 sedulo
2473 5262 2726 5311 movere,
2753 5251 2810 5299 et
2840 5244 3140 5301 undelibet
3180 5247 3237 5301 in
3288 5260 3452 5300 suam
3512 5241 3679 5297 illum

2036 5339 2108 5394 ad
2140 5339 2352 5395 ducere
2373 5338 2567 5393 conari
2595 5335 2968 5402 sententiam,
2993 5340 3049 5390 et
3078 5336 3477 5392 vehementius
3506 5331 3682 5389 etiam

2148 5714 2265 5786 (12)
2283 5714 2452 5789 Greg.
2486 5731 2544 5788 p.
2573 5715 2699 5772 549.
