3986 6228
419 326 533 387 315

1722 329 2121 393 THEODULI
2167 330 2511 393 MONACHI

3703 336 3806 397 316

424 466 946 536 asseverare,nullo
976 466 1170 538 ipsum
1202 471 1395 539 pacto,
1418 466 1703 539 quidquid
1729 469 1863 524 inde
1887 486 2025 525 aven

2171 473 2359 524 τοῦτον
2412 471 2691 541 μεθήσειν,
2742 472 2833 526 καὶ
2881 471 2943 527 τὸ
2996 469 3252 545 μέγιστον
3306 471 3615 545 βοήσαντος
3664 474 3806 526 ὁτου-

417 558 611 611 turum
645 561 812 623 esset,
846 574 973 613 sese
996 559 1343 614 amissuros:
1371 563 1663 628 postremo
1693 559 1890 628 etiam,
1933 576 2056 616 ma~

415 644 571 700 xima
629 647 784 700 vocis
843 648 1235 715 contentione,
1288 664 1445 703 unus
1495 649 1809 720 quispiam,
1864 650 2060 705 nescio

421 736 573 805 quis,
607 735 964 791 exclamare:
1001 758 1028 787 κ
1054 737 1136 791 Tu
1170 752 1307 792 sane
1339 738 1490 809 quod
1515 737 1651 794 hinc
1680 738 1952 802 discedis,
1975 739 2057 808 ip-

418 840 545 878 sam
577 825 752 880 etiam
784 825 1123 882 Trinitatem
1167 831 1357 882 tecum
1415 827 1675 884 abducis.
1705 850 1734 877 »
1761 826 2059 883 Verumta-

418 928 549 967 men
575 913 755 970 nihilo
778 914 874 969 ille
903 916 1091 986 magis
1112 916 1181 970 de
1204 916 1493 971 obstinato
1515 916 1903 972 abdicationis
1919 933 2061 973 cou-

407 1000 538 1056 silio
569 1001 866 1067 decedere,
902 1013 993 1058 aut
1026 1004 1321 1059 tantulum
1352 1005 1422 1060 de
1453 1021 1563 1059 sua
1591 1006 1881 1060 remittere
1912 1021 2054 1076 per-

416 1090 657 1156 vicacia,
689 1106 887 1146 verum
933 1094 1208 1148 immotus
1239 1094 1477 1149 omnino
1509 1095 1840 1163 persistere,
1882 1094 2064 1150 imbe-

417 1179 720 1234 cillitatem
735 1182 1013 1251 corporis,
1029 1197 1322 1253 suumque
1340 1183 1565 1237 senium
1590 1187 1867 1237 causatus
1886 1184 2055 1253 (12’),

417 1284 514 1337 per
544 1286 670 1339 qum
692 1271 1064 1340 capessendis
1092 1271 1152 1327 in
1184 1278 1479 1344 posterum
1498 1274 1862 1345 gravioribus
1885 1289 2057 1344 nego-

417 1358 533 1425 tiis,
589 1360 958 1432 publicisque
994 1362 1269 1431 iuvandis
1325 1363 1668 1426 commodis,
1718 1362 1997 1418 inhabilis
2041 1379 2056 1429 ;

2172 560 2288 625 οὖν,
2320 582 2349 609 ιι
2393 560 2468 620 ὼς
2496 560 2578 619 οἷς
2616 557 2775 622 αὐτὸς
2806 558 3055 634 ἀπαίρεις
3104 557 3334 628 ἐνθένδε,
3368 559 3457 614 καὶ
3486 561 3585 629 τὴν
3616 559 3808 636 Τριάδα

2171 651 2347 717 σαυτῷ
2387 650 2731 721 συναπάγεις,
2767 672 2796 699 ››
2848 646 2999 702 οὐδὲν
3044 646 3258 720 μᾶλλον
3309 649 3512 717 ἀπέστη
3546 654 3645 704 τού
3693 649 3807 724 περὶ

2166 736 2265 802 τήν
2326 734 2615 809 ἀπόλειψιν
2659 737 2837 803 τόνου,
2890 734 3003 791 οὐδ’
3049 735 3278 792 ἐνέδωκε
3324 744 3423 805 τῆς
3473 736 3757 801 ένστάσεως
3791 758 3802 770 ⁸

2168 822 2295 879 ἀλλ’
2342 822 2573 893 ἀκλινὴς
2631 827 2965 880 παντάπασιν
3017 826 3111 896 ἦν,
3173 826 3447 882 ἀσθένειαν
3495 822 3803 901 προϐεϐληο

2171 915 2330 986 μένος
2359 916 2449 968 καὶ
2488 921 2684 988 γῆρας,
2717 916 2805 970 καὶ
2837 917 2898 970 τὸ
2933 917 3124 986 μηκέθ’
3167 917 3341 970 οἷοστ’
3392 917 3527 970 εἶναι
3560 913 3804 971 διαταῦτα

2166 1001 2451 1078 πράγμασι
2491 1006 2752 1079 χρῆσθαι,
2807 1004 2897 1059 καὶ
2957 1009 3038 1076 τῷ
3094 1009 3262 1076 κοινῷ
3314 1004 3590 1060 λυσιτελεῖ
3634 1008 3805 1075 ξυντε-

2169 1090 2307 1159 λεῖν,
2339 1091 2487 1146 ἀλλὰ
2527 1092 2692 1165 μόνου
2732 1097 2830 1148 τοῦ
2869 1095 3004 1148 κατὰ
3045 1094 3214 1165 μόνας
3256 1095 3388 1148 εἶναι
3443 1095 3713 1169 μετέχειν,
3745 1093 3804 1149 δι’

2168 1181 2198 1234 ἃ
2248 1180 2338 1236 καὶ
2392 1180 2556 1247 μόλις
2607 1185 2969 1258 συνεχωρήθη
3016 1184 3116 1251 τὴν
3176 1178 3360 1255 ἔξοδον
3392 1203 3404 1215 ’
3468 1180 3691 1237 εἰδότων
3740 1185 3805 1248 ὡς

2166 1268 2450 1338 ἀνηνύτοις
2510 1270 2855 1346 ἐπιχειροῦσι
2903 1272 3072 1326 πάντα
3120 1275 3407 1334 ποιοῦντες
3472 1273 3562 1326 καὶ
3614 1271 3802 1347 λέγον·-

2167 1380 2275 1421 τες.

414 1449 654 1517 agenda:
687 1449 967 1505 duntaxat
996 1450 1056 1505 in
1088 1451 1405 1506 solitudine
1435 1451 1562 1506 vitae
1592 1453 1882 1507 consortio
1937 1466 2040 1522 par
2074 1455 2243 1505 esset.
2266 1451 2628 1520 Quapropter
2674 1455 2766 1507 vix
2822 1454 3053 1508 tandem
3098 1453 3269 1509 datus
3321 1454 3405 1509 illi
3452 1462 3803 1511 commeatus

415 1537 545 1602 fuit,
580 1540 810 1608 quando
841 1539 1127 1611 quidquid
1163 1542 1420 1597 facerent
1449 1542 1688 1597 omnino
1721 1542 2116 1612 dicerentque,
2151 1540 2208 1593 in
2231 1540 2463 1595 irritum
2495 1542 2702 1596 cadere
2732 1543 3025 1598 videbant.

479 1627 686 1684 XCVII.
709 1629 858 1696 Mox,
886 1630 1158 1699 quoniam
1186 1647 1257 1685 ne
1279 1636 1490 1700 puncto
1513 1632 1747 1703 quidem
1770 1629 2053 1702 temporis

411 1716 537 1772 sine
552 1723 779 1787 pastore
792 1734 896 1773 suo
915 1736 1041 1775 esse
1056 1725 1278 1791 poterat
1291 1720 1870 1792 Ecclesia,quodipsis
1882 1720 1951 1776 ad
1965 1736 2052 1791 ge-

412 1806 653 1861 nuinam
670 1807 946 1877 pietatem
962 1809 1530 1878 recensinformatis,
1556 1809 1869 1880 velutique,
1894 1808 2048 1880 quod

413 1894 625 1949 dicitur
644 1896 710 1963 ⁸³,
744 1919 772 1945 ‹‹
805 1913 874 1951 ex
906 1897 1155 1953 oleastro
1214 1898 1272 1953 in
1319 1914 1505 1954 rerum
1549 1898 1737 1954 oleam
1769 1898 1983 1964 insitis,
2019 1917 2046 1949 ι

414 1986 633 2054 majore
664 1985 1121 2058 perfectioreque
1143 1988 1216 2043 ad
1247 1988 1417 2043 ﬁdem
1437 1989 1715 2043 tuendam
1747 2004 1896 2058 opus
1926 1990 2051 2042 erat

413 2075 648 2143 habitu;
670 2082 727 2132 et
744 2078 898 2146 quod
931 2093 1000 2131 ex
1036 2077 1267 2133 insidiis
1300 2078 1675 2133 imminentes
1696 2076 2045 2146 haeretici,in

404 2165 533 2221 illos
563 2167 802 2234 irruere,
826 2171 883 2220 et
910 2166 1180 2237 diripere,
1212 2175 1267 2221 et
1307 2168 1379 2221 ad
1423 2167 1651 2237 pristini
1691 2165 1904 2223 erroris
1953 2168 2044 2221 lu-

405 2257 631 2313 bricum
664 2259 957 2326 reducere,
994 2261 1233 2329 prompti
1288 2258 1659 2329 expeditique
1708 2263 1924 2313 essent.
1960 2258 2045 2313 Ibi

406 2356 683 2416 protenus
717 2348 775 2401 in
802 2347 1186 2417 patriarchalc
1214 2352 1446 2403 evectus
1477 2348 1684 2403 solium
1716 2347 2040 2416 Nectarius,

400 2436 706 2509 municeps
736 2436 1060 2505 Tarsensis,
1093 2436 1251 2492 illam
1282 2438 1547 2493 omnium
1572 2436 2040 2501 maximam,Deo

400 2538 512 2596 que
540 2542 717 2596 super
764 2528 958 2582 omnia
1014 2526 1385 2593 astimatam,
1419 2526 1747 2582 animarum
1784 2525 2041 2596 suscepit

394 2616 912 2685 procurationem:
961 2616 1133 2671 homo
1184 2616 1475 2687 sapientia
1521 2621 1576 2672 et
1622 2616 1829 2671 virtute
1874 2620 2037 2669 tanto

399 2702 531 2758 aliis
553 2706 756 2774 major.
783 2710 1070 2776 quantum
1102 2710 1161 2760 et
1191 2704 1283 2760 his
1313 2705 1481 2775 ipsis,
1512 2710 1571 2759 et
1608 2706 1831 2760 casteria
1862 2706 2038 2759 rebus

397 2794 690 2861 omnibus,
726 2794 891 2849 illum
913 2794 1003 2848 vir
1034 2795 1324 2849 maximus
1368 2795 1663 2863 anteibat;
1695 2799 1753 2848 et
1792 2796 1889 2863 qui
1921 2810 2035 2848 non

399 2881 571 2951 paulo
618 2883 751 2954 plus
808 2884 920 2938 sibi
970 2885 1039 2939 de
1079 2883 1227 2938 tanti
1282 2884 1387 2938 viri
1437 2883 1823 2943 successione.
1856 2898 2035 2953 quam

394 2970 586 3025 throni
652 2970 929 3041 pontificii
984 2970 1287 3039 dignitate,
1342 2969 1761 3040 gratularetur;
1821 2970 2037 3041 quippe

390 3059 543 3113 inter
563 3074 764 3114 omnes
804 3060 1094 3129 convenit,
1126 3060 1305 3114 etiam
1339 3059 1617 3114 thronum
1649 3059 1843 3129 ipsum
1877 3076 1912 3113 a
1940 3075 2035 3113 no~

389 3150 511 3201 stro
542 3146 944 3219 gloriosiorem
958 3149 1271 3213 tactum,et
1300 3149 1520 3217 majore
1551 3148 1789 3203 omnino
1820 3146 1881 3202 in
1899 3162 2033 3217 pre-

389 3236 466 3292 tio
498 3236 772 3308 deinceps
804 3236 1073 3293 habitum
1098 3237 1297 3293 fuisse.

2234 1626 2341 1702 QZ’.
2392 1627 2504 1681 Εἶτ’
2538 1626 2829 1702 ἐπειδήπερ
2891 1630 3000 1705 οὐχ
3056 1632 3220 1686 οἷοντ’
3273 1632 3342 1700 ἦα
3372 1628 3486 1685 οὐδ’
3536 1627 3801 1707 έπιϐραχὺ

2159 1716 2257 1783 τὴν
2302 1715 2628 1787 Ἐκκλησίαν
2681 1718 2995 1791 ἐστερῆσθαι
3047 1720 3327 1791 ποιμένος,
3364 1724 3473 1774 τῶν
3527 1722 3621 1793 μὲν
3661 1716 3803 1796 ἀρτί-

2159 1811 2345 1880 παγῶν
2377 1808 2511 1878 πρὸς
2553 1804 2820 1863 εὐσέϐειαν
2864 1806 3057 1875 ὄντων,
3089 1809 3180 1863 καὶ
3229 1811 3349 1864 οἷον
3404 1808 3799 1884 έγκεντρισθέν-

2157 1916 2286 1965 των,
2324 1898 2399 1957 ὼς
2445 1895 2630 1969 λόγος,
2674 1921 2698 1950 ιι
2733 1898 2783 1967 ἐξ
2823 1895 3137 1972 ἀγριελαίου
3178 1900 3311 1972 πρὸς
3358 1896 3740 1969 καλλιέλαιον,
3775 1924 3798 1951 η

2162 1985 2445 2039 κάντεῦθεν
2494 1985 2739 2057 μείζονος
2792 1987 2881 2040 καὶ
2936 1985 3268 2060 τελειοτέρας
3325 1985 3596 2060 δεομένων
3649 1983 3801 2057 ἕξεως

2159 2074 2293 2147 πρὸς
2323 2075 2420 2141 τήν
2472 2075 2675 2146 πίστιν,
2727 2080 2834 2131 τῶν
2882 2073 2929 2130 δ’
2977 2079 3358 2150 αἱρετιζόντων
3407 2074 3797 2154 ἐφεδρευόντων

2155 2166 2242 2217 καὶ
2285 2161 2450 2219 ὄντων
2507 2166 2742 2238 ἑτοίμων
2791 2166 3007 2229 τούτοις
3052 2166 3384 2222 ἐπεισπεσεῖν
3435 2169 3524 2222 καὶ
3572 2166 3795 2241 σιαρπάο

2155 2274 2240 2307 σαι
2302 2256 2390 2309 καὶ
2447 2256 2582 2329 πρὸς
2639 2257 2730 2310 τὸν
2793 2257 3055 2330 πρότερον
3116 2256 3465 2331 ἐπαναγαγεῖν
3526 2256 3792 2312 ὄλισθον

2153 2341 2406 2417 ἀνάγεται
2461 2345 2555 2415 μὲν
2606 2344 2761 2408 εὐθὺς
2809 2345 2883 2407 εἰς
2934 2347 3023 2400 τὸν
3072 2353 3173 2415 τῆς
3225 2345 3527 2416 ἐπισκοπῆς
3577 2346 3793 2421 θρόνον,

2152 2433 2447 2506 Νεκτάριος
2505 2435 2532 2487 ὁ
2586 2433 2845 2508 Ταρσεὺς,
2904 2436 2992 2489 καὶ
3052 2437 3150 2504 τήν
3200 2440 3308 2490 τῶν
3368 2437 3584 2490 ἀπασῶν
3649 2436 3795 2509 μεγί-

2150 2542 2279 2592 στην
2308 2523 2522 2576 καὶτοῦ
2567 2524 2769 2585 παντὸς
2821 2528 2938 2595 Θεῷ
2983 2522 3301 2596 τιμωμένην
3340 2521 3554 2599 δέχεται
3602 2528 3796 2600 ψυχῶν

2148 2612 2476 2682 προστασίαν
2510 2630 2522 2641 ·
2586 2611 2790 2667 συνέσει
2847 2612 2943 2685 μέν
3018 2612 3107 2667 καὶ
3163 2613 3328 2688 ἀρετῇ
3385 2618 3612 2669 τοσοῦτο
3690 2618 3795 2668 τῶν

2150 2696 2377 2752 πολλῶν
2429 2694 2723 2774 διαφέρων,
2772 2700 2896 2753 ὅσον
2943 2699 3128 2761 αὐτοῖς
3177 2722 3234 2755 τε
3282 2701 3495 2765 τούτοις
3540 2703 3633 2757 καὶ
3664 2708 3792 2757 πᾶσι

2147 2792 2262 2848 τοῖς
2308 2784 2502 2849 ἀλλοις
2532 2789 2560 2841 ὁ
2592 2787 2759 2863 μέγας
2814 2788 2978 2843 αὐτοῦ
3004 2808 3015 2820 ·
3049 2794 3127 2860 τῷ
3176 2786 3232 2844 δὲ
3266 2787 3527 2866 διάδοχος
3574 2798 3794 2866 γεγενῆο

2145 2878 2269 2929 σθαι
2298 2876 2573 2945 τοιούτον,
2618 2880 3010 2951 σεμνυνόμενος
3051 2876 3241 2946 πλέον,
3283 2880 3317 2948 ἢ
3348 2884 3427 2951 τῷ
3454 2885 3553 2934 τοῦ
3595 2881 3795 2955 θρόνου

2148 2964 2355 3038 μεγέθει
2392 2984 2403 2998 ο
2461 2965 2573 3020 ἐπεὶ
2627 2967 2720 3021 καὶ
2776 2967 2870 3022 τὸν
2926 2967 3114 3042 θρόνον
3166 2968 3348 3037 αὐτὸν,
3410 2972 3791 3042 ζηλωτότερον

2143 3053 2194 3124 ἐξ
2228 3053 2450 3125 ἐκείνου,
2500 3055 2588 3109 καὶ
2621 3055 2879 3119 πλείονος
2917 3054 3156 3122 σπουδῆς
3195 3057 3511 3131 ἀξιούμενον
3557 3060 3793 3122 ἅπαντες

2143 3142 2295 3216 ἴσμεν
2306 3188 2317 3198 .

457 3326 701 3381 XCVIII.
733 3326 831 3381 His
861 3327 931 3381 ad
957 3326 1114 3382 hunc
1162 3327 1400 3382 modum
1453 3326 1724 3398 peractis,
1774 3325 2029 3397 synodo-

2213 3321 2336 3399 ιβ’.
2387 3323 2546 3379 Οὺτω
2578 3320 2636 3377 δὲ
2681 3324 2888 3379 τούτων
2935 3328 3361 3400 κεχωρηκότων,
3394 3326 3484 3381 καὶ
3522 3328 3624 3397 τῆς
3656 3327 3795 3383 κατὰ

392 3433 505 3488 que
526 3417 652 3487 jam
685 3414 980 3481 conclusa,
1005 3433 1128 3487 qua!
1160 3421 1359 3472 contra
1381 3437 1408 3467 ιι
1438 3416 1691 3486 Spiritus
1717 3415 1905 3473 sancti
1928 3432 2026 3486 cp-

390 3510 740 3577 pugnatores
760 3511 816 3561 et
828 3506 1236 3573 eemiarianos,
1254 3526 1283 3558 »
1306 3506 1804 3577 quemadmodum
1829 3509 2028 3561 noster

386 3596 662 3670 appellat,
693 3596 941 3652 conﬂata
968 3601 1025 3652 et
1053 3596 1322 3652 instituta
1348 3597 1536 3651 fuerat
1562 3614 1575 3652 :
1608 3612 1737 3666 quae
1759 3594 1938 3651 simul
1968 3600 2028 3651 et

384 3687 809 3756 Macedoniam,
850 3687 1125 3742 vanitatis
1167 3686 1344 3756 hujus
1372 3693 1691 3753 auctorem,
1716 3690 1774 3742 et
1796 3684 2023 3757 Apolli-

384 3778 609 3833 narium
641 3776 875 3848 Syrum,
890 3776 990 3847 qui
1005 3792 1200 3832 assum
1208 3780 1365 3846 ptam
1388 3774 1599 3830 Christi
1614 3790 1847 3831 carnem
1860 3791 2021 3829 men-

384 3872 435 3922 ts
466 3884 572 3922 sua
601 3867 937 3943 destitutam
968 3866 1145 3922 fuisse
1193 3864 1497 3931 delirabat,
1531 3868 1589 3919 et
1630 3864 1907 3919 adversus
1935 3863 2021 3918 di-

381 3957 763 4013 vinamistam
797 3956 1136 4026 insurgebat
1164 3954 1571 4020 oeconomiam,
1595 3952 1761 4022 quasi
1783 3953 1844 4008 in
1864 3968 2023 4008 men-

387 4046 458 4101 tis
490 4045 760 4100 humanae
784 4045 964 4099 vicem
988 4059 1093 4098 sua
1122 4042 1348 4098 Christo
1379 4042 1709 4098 suffecisset
1728 4041 2016 4109 divinitas,

383 4134 611 4203 penitus
632 4133 949 4204 redarguit,
965 4147 1175 4202 eosque
1190 4136 1254 4187 ut
1268 4130 1535 4187 homines
1568 4145 1791 4185 summe
1807 4129 2019 4201 impios

378 4229 435 4276 et
465 4222 889 4277 consceleratos
920 4222 1278 4277 anathemati
1313 4220 1569 4277 tradidit.
1603 4220 1783 4289 Cujus
1813 4220 2019 4290 synodi

380 4325 661 4387 tanquam
694 4318 872 4386 caput
918 4314 1211 4386 quoddam
1271 4312 1581 4384 Gregorius
1623 4312 1764 4379 fuit;
1798 4313 2017 4383 quippe

376 4404 475 4476 qui
504 4404 674 4476 longe
704 4404 968 4461 omnium
1002 4404 1313 4459 maximam
1346 4402 1614 4458 Patribus
1638 4403 1697 4458 in
1729 4417 1795 4459 eo
1826 4406 2016 4457 certa-

374 4495 531 4551 mine
562 4510 728 4565 opem
762 4509 1112 4565 operamque
1143 4492 1775 4565 praestitit,omnesque
1801 4492 1861 4546 in
1891 4496 2017 4547 stu-

379 4601 573 4657 porem
605 4583 951 4639 eruditionis
978 4600 1095 4639 suae
1125 4584 1450 4653 divinisque
1496 4581 1693 4654 gratia
1728 4580 2008 4648 ubertate,

2141 3436 2169 3465 «
2192 3416 2302 3467 τῶν
2333 3413 2817 3488 Πνευματομάχων
2846 3435 2904 3470 τε
2932 3416 3023 3469 καὶ
3057 3414 3412 3491 Ἡμιαρείων,
3449 3443 3471 3471 ι
3509 3409 3587 3480 ὧς
3620 3416 3787 3475 αὐτὸς

2139 3501 2295 3563 οὗτος
2345 3501 2513 3577 λέγει,
2573 3505 3030 3577 συγκροτηθείσης
3110 3505 3199 3560 καὶ
3249 3506 3792 3581 παρασκευασθείσης

2138 3587 2382 3662 συνόδου,
2441 3592 2552 3645 τότ’
2610 3589 2718 3661 ἤδη
2778 3594 2945 3667 πέρας
3004 3588 3317 3664 λαϐούσης·
3369 3594 3459 3649 καὶ
3506 3595 3624 3667 ἅμα
3688 3596 3787 3667 μὲν

2137 3676 2492 3751 Μακεδόνων,
2533 3679 2625 3735 τὸν
2671 3680 2900 3752 ταυτησὶ
2951 3688 3051 3751 τῆς
3107 3684 3471 3754 ματαιότητος
3504 3682 3790 3759 ἀρχηγὸν,

2134 3770 2248 3842 ἅμα
2279 3765 2335 3823 δὲ
2364 3770 2451 3823 καὶ
2485 3769 2575 3825 τὸν
2610 3771 2785 3843 Σύρον
2815 3772 3223 3845 Ἀπολινάριον,
3248 3772 3340 3827 τὸν
3363 3769 3522 3827 ἄνουν
3552 3775 3661 3843 τήν
3686 3776 3787 3827 τοῦ

2136 3861 2365 3932 Χριστοῦ
2421 3855 2734 3933 πρόσληψιν
2792 3859 2949 3936 λήρῳ
3004 3857 3221 3931 δοῦντα,
3266 3862 3355 3917 καὶ
3404 3863 3791 3931 κατεξανιστά-

2136 3968 2290 4020 μενον
2321 3951 2421 4013 τῆς
2463 3949 2606 4011 θείας
2649 3948 2984 4023 οἰκονομίας,
3026 3951 3100 4014 ὡς
3146 3950 3265 4006 ἀντὶ
3305 3955 3397 4006 νοῦ
3444 3958 3545 4021 τῆς
3592 3952 3791 4023 θεότη-

2128 4058 2220 4098 τος
2288 4036 2649 4113 ἀποχρώσης,
2743 4038 3013 4114 κατάκρας
3098 4038 3468 4115 έξελεγξάσης,
3537 4041 3638 4096 καὶ
3714 4043 3794 4107 ὡς

2128 4126 2464 4189 ἀθεωτάτους
2525 4148 2583 4184 τε
2638 4128 2727 4184 καὶ
2794 4130 3080 4192 κακίστους
3136 4129 3427 4204 ἀναθέματι
3502 4129 3793 4204 παραδού-

2128 4237 2267 4287 σηςσ
2326 4218 2525 4287 ταύτης
2557 4219 2787 4294 ὡσπερεί
2837 4220 3128 4297 κεφάλαιον
3179 4220 3477 4296 Γρηγόριος
3524 4223 3598 4291 ἦν
3631 4242 3647 4255 ⁸
3702 4242 3796 4277 τα·

2130 4306 2359 4382 μέγιστα
2388 4310 2603 4363 πάντῶν
2660 4310 3020 4385 συναράμενος
3066 4310 3214 4388 σφίσι
3254 4313 3393 4387 πρὸς
3429 4313 3524 4367 τὸν
3569 4313 3796 4389 ἀγῶνα,

2130 4396 2218 4450 καὶ
2250 4399 2454 4459 πάντας
2488 4396 2760 4471 ἐκπλήξας
2811 4398 2978 4474 λόγου
3026 4400 3311 4474 περιουσίᾳ
3363 4401 3451 4457 καὶ
3499 4404 3751 4479 χάριτος
3779 4422 3792 4435 ·

2125 4485 2213 4540 καὶ
2245 4488 2374 4548 τοὺς
2419 4487 2512 4560 μὲν
2555 4489 2855 4562 ἡμετέρους
2906 4488 3169 4567 εὐφράνας
3213 4512 3270 4547 τε
3311 4491 3402 4546 καὶ
3452 4502 3794 4567 κοσμήσας·

2127 4576 2257 4639 τοὺς
2290 4574 2337 4630 δ’
2367 4574 2724 4649 ἀντιπάλους,
2765 4580 2840 4641 ὡς
2891 4578 3059 4653 εἰκὸς,
3104 4582 3495 4657 καταισχύνας,
3549 4585 3650 4639 καὶ
3688 4583 3799 4639 δεί-

372 4649 553 4741 dedit,
585 4677 643 4729 et
674 4674 771 4744 qui
800 4672 1078 4743 singulari
1102 4672 1310 4744 gaudio
1335 4649 1881 4742 atque'ornamento
1912 4685 2018 4724 no-

2158 4687 2211 4729 :tc
2248 4664 2417 4740 μηδὲν
2451 4667 2614 4744 ὑγιές.

366 4764 506 4819 stris
530 4762 637 4818 fuit
671 4780 682 4817 :
717 4762 1063 4819 adversariis
1094 4765 1300 4828 autem,
1336 4764 1403 4816 ut
1439 4776 1669 4831 aequum
1727 4763 1870 4825 erat,
1898 4762 2239 4832 perpetuam
2298 4758 2679 4831 ignominiam
2728 4761 2963 4825 inussit.
3001 4780 3291 4837 memque
3339 4765 3583 4823 insaniae
3653 4783 3801 4825 reos

363 4854 603 4926 peregit.

435 4942 627 4999 XCIX.
660 4943 908 5000 Domum
944 4943 1043 4999 ubi
1077 4944 1484 5015 imperatorem
1535 4942 1607 4997 ob
1666 4939 2011 4997 acerrimum

359 5051 503 5092 vorsa
527 5035 656 5091 ﬁdei
679 5035 941 5091 ardorem
968 5034 1346 5106 studiumque
1364 5032 1574 5089 eximie
1604 5031 2009 5098 collaudassel,

367 5132 422 5182 et
460 5126 742 5197 LUldQUld
775 5142 1038 5197 unquam
1072 5128 1297 5196 poterat
1326 5122 1716 5178 maximarum
1765 5120 2007 5177 laudum

362 5218 420 5273 in
442 5215 607 5272 illum
642 5215 1323 5287 congessisset,eumque
1337 5211 1461 5269 suis
1492 5210 1671 5269 simul
1696 5210 1843 5267 votis
1866 5225 2008 5265 con-

361 5310 449 5363 tra
482 5305 740 5362 visibiles
792 5304 1234 5376 invisibilesque
1283 5300 1621 5359 armavisset
1679 5300 1915 5370 hostes;
1950 5303 2006 5355 at

361 5411 474 5467 que
498 5402 734 5453 caeteros
762 5395 898 5452 item
931 5411 1153 5462 omnes,
1188 5409 1313 5464 quae
1356 5396 1587 5464 tempus
1644 5389 2001 5461 postulabat.

2196 4936 2308 5016 ιβ’.
2340 4940 2445 4996 Τὸν
2484 4940 2578 5014 μὲν
2630 4937 2721 4995 οὗν
2772 4945 3073 5016 κρατοῦντα
3119 4947 3218 4999 τοῦ
3271 4945 3398 5019 περὶ
3442 4945 3543 5013 τήν
3591 4948 3805 5004 πίστιν

2123 5028 2292 5098 ξήλου
2340 5029 2430 5084 καὶ
2476 5035 2579 5099 τῆς
2628 5028 2868 5096 σπουδῆς
2918 5032 3051 5086 πάνυ
3109 5033 3411 5107 θαυμάσας,
3464 5035 3554 5088 καὶ
3612 5041 3797 5092 πᾶσιν

2120 5120 2203 5181 οἷς
2258 5120 2407 5195 εἶχεν
2462 5119 2761 5196 ἐγκωμίοις
2818 5124 3218 5197 προσειρηκὼς,
3268 5126 3358 5180 καὶ
3406 5125 3496 5179 σύν
3548 5148 3617 5199 γε
3663 5131 3801 5184 καθ’

2118 5209 2326 5284 ὁρατῶν
2382 5230 2439 5264 τε
2491 5211 2580 5264 καὶ
2636 5208 2880 5286 ἀοράτων
2928 5210 3145 5288 ἐχθρῶν
3187 5219 3305 5277 ταῖς
3357 5214 3549 5293 εύχαῖς
3607 5218 3799 5276 αὐτὸν

2114 5297 2475 5367 καθοπλίσας,
2523 5304 2639 5361 τοῖς
2670 5297 2716 5355 δ’
2756 5297 2948 5364 ἄλλοις
2996 5309 3124 5358 πᾶσι
3174 5305 3239 5358 τὰ
3288 5304 3586 5381 γιγνόμενα
3640 5329 3800 5384 παρ-

2121 5384 2354 5455 αινέσας,
2414 5387 2502 5442 καὶ
2550 5386 2737 5451 πείσας
2795 5387 3014 5446 εῗσάπαν
3063 5392 3334 5466 ὁμονοεῖν,
3384 5392 3474 5447 καὶ
3517 5394 3636 5466 τὴν
3687 5403 3801 5471 τῆς

426 5539 475 5575 ⁵⁸
496 5540 663 5599 Rom.
696 5558 772 5611 γι,
802 5543 893 5598 24.

421 5667 544 5741 (12)
580 5669 747 5743 Grag.
776 5669 904 5726 523.
