4118 6214
471 319 588 376 319
1789 317 2114 380 ΤΗΕΟΒΠ

2233 311 2594 374 MONAGHI
3760 318 3884 376 320

467 449 662 521 ipsum
675 453 986 507 tenuerant
1011 449 1306 522 planctum
1326 449 1591 518 multum,
1611 450 1974 522 multamque
1995 453 2114 520 ejus

2235 445 2514 522 ἀφικέσθαι
2571 443 2662 498 καὶ
2712 451 2988 516 κοσμῆσαι
3027 443 3092 498 τα
3134 441 3282 515 τῇδε,
3317 443 3350 511 ἢ
3397 443 3650 514 μένοντας
3679 443 3884 504 αὐτοὺς

465 539 546 594 rei
581 540 982 610 pmnitentiam
1017 539 1314 610 imposuit,
1353 541 1502 614 quod
1535 557 1670 596 eum
1691 541 1926 595 omnino
1955 541 2114 594 dimi-

2229 539 2320 588 τοῦ
2371 531 2572 586 λοιποῦ
2631 535 2754 607 παρ’
2787 533 2972 605 ἐκείνῳ
3015 537 3123 586 τῶν
3177 533 3250 585 ὧν
3307 533 3438 606 ὑπὲρ
3479 534 3680 594 πάντας
3731 533 3885 606 εἶχεν

468 639 682 692 serant,
709 645 814 684 nec
867 629 926 682 vi
955 629 1138 700 potuit
1171 629 1528 684 retinuerant
1561 645 1574 694 ;
1617 631 1836 700 quippe
1883 630 2116 684 tametsi

471 717 622 773 ultra
654 717 958 772 columnas
1007 719 1270 774 Herculis
1321 735 1674 788 amnemque
1707 718 2012 774 Phasidem
2047 719 2118 770 de

467 813 650 878 geret,
681 823 884 862 omnes
915 809 1239 878 oportebat,
1273 809 1602 880 oportebat,
1649 809 1912 880 inquam,
1943 823 2170 872 omnes,
2203 805 2416 876 quibus
2447 805 2708 858 sanctius
2742 804 2966 858 vivendi
3021 805 3192 858 ardor
3221 809 3394 869 esset,
3421 805 3572 858 istuc
3593 805 3890 860 curriculo

467 912 720 964 currere,
744 903 918 967 atque
947 897 1034 953 vel
1085 897 1248 953 illum
1285 898 1534 968 plurima
1563 899 1979 964 obsecratione,
2025 903 2092 952 ut
2119 896 2192 951 ad
2251 911 2356 949 nos
2405 895 2704 958 transiret,
2765 898 3144 963 nostrumque
3199 903 3494 948 exornaret
3525 895 3742 961 orbem,
3775 895 3846 948 ad
3869 923 3888 934 -

465 985 698 1052 ducere,
724 991 824 1040 aut
855 987 960 1042 hos
997 987 1050 1040 in
1085 993 1382 1057 posterum
1417 989 1490 1042 iis
1549 990 1608 1044 in
1641 989 1784 1043 locis
1817 988 1914 1043 ubi
1949 989 2073 1057 ipse
2104 993 2294 1054 ageret
2353 989 2678 1050 manentes,
2729 983 2946 1053 quibus
3007 999 3186 1052 supra
3219 983 3366 1038 alios
3421 999 3624 1038 omnes
3657 985 3886 1038 instru-

465 1079 596 1129 ctus
627 1087 746 1130 erat
779 1077 996 1148 perfrui
1025 1077 1260 1148 gratiis;
1321 1079 1588 1147 deposita
1635 1093 1828 1134 rerum
1863 1079 2316 1133 domesticarum
2377 1073 2682 1140 memoria,
2743 1073 2842 1142 qui
2875 1073 2970 1140 iis,
3007 1073 3159 1144 quod
3187 1072 3460 1128 Sirenum
3499 1075 3886 1144 degustavere

3857 623 3880 634 κ

2227 623 2580 702 ἐμφορεῖσθαι
2629 622 2900 697 χαρίτων,
2941 621 3412 694 ἐπιλελησμένους
3466 627 3572 676 τῶν
3633 621 3801 692 οἴκοι,
3857 623 3890 675 ’ὁ

2227 712 2480 788 λέγονται
2512 713 2740 785 πάσχειν
2777 715 2828 765 οἳ
2861 711 3286 785 πεπειρασμένοι
3315 713 3612 782 Σειρήνων.

466 1167 972 1234 consuetudinem,
1007 1183 1116 1222 usu
1165 1168 1358 1222 venire
1387 1169 1600 1222 ferunt.

539 1254 600 1308 Ο.
635 1255 776 1310 Exin
799 1255 896 1310 ubi
927 1256 1270 1326 gratissimae
1305 1257 1414 1311 sibi
1449 1257 1824 1328 Cappadocia
1851 1255 2120 1310 redditus

467 1353 586 1400 erat
619 1345 944 1416 Gregorius,
979 1351 1036 1400 et
1074 1345 1200 1414 jam
1233 1346 1414 1414 patria
1445 1345 1664 1416 ipsum,
1707 1346 1876 1400 dulce
1909 1345 2120 1408 solum,

465 1435 720 1502 tenebat,
779 1435 874 1488 hic
934 1435 1426 1505 quemadmodum
1478 1452 1591 1490 non
1653 1435 2000 1489 mediocrem
2050 1449 2120 1487 ex

465 1539 530 1578 eo
565 1523 918 1596 vuluptatem
969 1523 1252 1595 capiebat,
1283 1525 1432 1595 quod
1467 1524 1634 1592 longo
1677 1523 1912 1592 patriam
1939 1523 2120 1577 inter-

468 1612 616 1668 vallo
671 1617 984 1684 receperat,
1025 1613 1256 1684 sibique
1305 1613 1438 1670 item
1493 1613 1921 1685 gratulabatur,
1953 1617 2120 1667 nata-

465 1703 540 1757 lis
573 1701 782 1756 iterum
819 1702 974 1757 urbis
1020 1707 1322 1774 aspectum
1375 1703 1672 1758 meruisse.
1711 1703 1794 1757 [ta
1843 1701 2118 1773 quoniam

471 1791 730 1846 urbanos
789 1791 1090 1863 strepitus,
1149 1797 1324 1863 atque
1394 1793 1528 1846 inde
1587 1793 1890 1846 exundans
1947 1789 2122 1846 mole-

475 1881 718 1936 stiarum
753 1880 1058 1948 diluvium,
1083 1881 1426 1952 planissime
1459 1897 1698 1952 perosus
1721 1885 1864 1948 erat,
1884 1893 2120 1950 suaeque

477 1969 692 2040 quietis
753 1970 1066 2026 insaliabili
1142 1971 1430 2026 desiderio
1482 1972 1787 2026 tenebatur
1847 1987 1860 2022 :

467 2058 586 2114 imo
645 2059 1006 2130 longissime,
1067 2061 1136 2115 eb
1195 2077 1259 2116 eo
1317 2061 1534 2127 aberat,
1596 2068 1656 2114 ut
1687 2058 1956 2114 stabilem
1999 2058 2119 2113 illic

462 2149 662 2202 sedem
695 2148 1059 2214 admitteret;
1091 2165 1197 2204 nec
1227 2149 1464 2204 admisit
1485 2164 1646 2204 sane.
1671 2151 1912 2218 Reperto
1943 2147 2120 2216 igitur

462 2238 714 2307 quodam
737 2237 1108 2308 Cappadociae
1151 2237 1448 2308 oppidulo,
1480 2239 1572 2292 cui
1605 2237 1854 2292 Arianzo
1879 2253 2115 2302 nomen,

459 2325 735 2395 quodque
779 2342 848 2380 ex
877 2335 1115 2396 paterna
1145 2328 1486 2396 cognatione
1527 2325 1794 2382 nonnihil
1839 2327 1910 2380 ad
1945 2325 2112 2379 illum

451 2414 762 2480 attinebat,
813 2419 872 2469 et
899 2413 1179 2486 religiosa:
1212 2415 1595 2486 philosophiae
1627 2431 1741 2469 non
1775 2415 2114 2486 inopportu-

463 2517 600 2558 num
633 2503 968 2571 videbatur;
1001 2505 1056 2558 id
1090 2519 1156 2559 ex
1189 2505 1464 2560 omnibus
1491 2503 1774 2572 habitare,
1807 2517 2114 2574 avumque

459 2591 580 2645 illic
613 2590 902 2662 reliquum
934 2593 1303 2660 commorari,
1334 2594 1558 2648 statuit.

531 2680 620 2734 Cl.
651 2679 781 2734 Jam
835 2697 1002 2750 porro
1035 2687 1102 2736 ut
1149 2681 1330 2738 sacris
1387 2697 1618 2752 semper
1653 2681 1906 2736 animum
1948 2697 2114 2735 cum-

457 2769 914 2825 mentationibus
945 2769 1277 2840 intendens,
1311 2771 1376 2826 ad
1409 2788 1476 2828 ea
1506 2787 1628 2826 sese
1661 2770 1906 2841 penibus
1937 2769 2112 2840 appli-

451 2858 684 2926 caverit,
732 2875 1092 2930 quascunque
1165 2865 1340 2915 Deum
1403 2861 1744 2916 hominibus
1776 2857 2111 2927 conciliare,

453 2951 627 3018 atque
661 2947 960 3003 miriﬁcam
1005 2950 1141 3004 inde
1187 2951 1494 3018 quamdam
1545 2951 1803 3019 ipsorum
1873 2945 2110 3018 capula—

457 3037 674 3092 tionem
709 3037 958 3104 efficere,
1007 3044 1230 3110 queunt
1261 3039 1552 3109 :itemque
1585 3043 1649 3092 ut
1691 3059 1716 3088 α
1745 3039 2110 3093 ascensiones

455 3123 514 3177 in
539 3123 709 3176 corde
723 3123 1280 3194 suodisponens'3,'»
1307 3125 1505 3180 lumen
1525 3141 1698 3195 super
1715 3125 1914 3179 lumen
1951 3139 2109 3178 acce-

453 3208 904 3280 perit,Deusque
941 3213 1370 3282 quodammodo
1403 3229 1470 3268 ex
1491 3210 2103 3282 homine,quotidiano

2305 1253 2374 1305 P'.
2419 1249 2566 1304 Ἐπεὶ
2626 1247 2684 1302 δὲ
2743 1247 2832 1302 καὶ
2881 1248 2970 1302 καὶ
3018 1251 3116 1316 τῆς
3179 1249 3398 1321 μάλιστ’
3441 1249 3590 1320 αὐτῷ
3654 1269 3882 1325 κεχαρι-

2231 1339 2428 1410 σμένης
2481 1334 2874 1398 Καππαδοκίας
2929 1331 3122 1408 ἐπέϐη,
3153 1339 3242 1391 καὶ
3297 1342 3491 1392 τοῦτον
3539 1339 3684 1412 εἶχεν
3742 1337 3886 1410 ἀμέ-

2231 1427 2316 1482 λει
2373 1427 2434 1480 τὸ
2483 1425 2644 1504 φίλον
2695 1423 2915 1502 ἔδαφος,
2947 1428 2981 1492 ἡ
3013 1426 3230 1499 πατρὶς,
3265 1429 3346 1488 οἷς
3379 1427 3474 1498 μέν
3527 1425 3616 1481 διὰ
3665 1431 3884 1502 μακροῦ

2229 1517 2430 1584 ταύτην
2495 1509 2767 1570 ἀπέλαϐεν
2841 1509 3068 1592 ἔχαιρε·
3117 1515 3207 1569 καὶ
3291 1515 3600 1590 ξυνέχαιρεν
3679 1517 3884 1586 ἑαυτῷ,

2229 1605 2324 1661 τοῦ
2352 1607 2451 1674 τήν
2485 1605 2806 1680 ἐνεγκοῦσαν
2840 1603 2970 1659 ἰδεῖν
3001 1606 3262 1676 ἠξιῶσθαι
3288 1625 3300 1636 ·
3335 1608 3416 1668 οἷς
3465 1605 3522 1660 δέ
3571 1608 3704 1679 πρὸς
3747 1607 3879 1665 τοὺς

2229 1695 2480 1756 ἆστικοὺς
2541 1692 2718 1764 δήπου
2777 1689 3066 1766 θορύϐους,
3125 1696 3212 1748 καὶ
3279 1701 3370 1749 τὸν
3433 1695 3605 1750 πολὺν
3673 1694 3884 1750 ἐκεῖθεν

2227 1783 2633 1856 κατακλυσμὸν,
2693 1783 2952 1858 ἀπεχθῶς
3015 1782 3344 1837 παντάπασιν
3405 1784 3552 1858 εἶχε·
3611 1785 3698 1838 καὶ
3777 1791 3884 1853 τῆς

2230 1874 2466 1950 ἡσυχίας
2517 1870 2810 1942 ἀπλήστως
2861 1871 3064 1944 εἴχετο.
3097 1873 3176 1940 Ti,
3233 1873 3326 1944 μέν
3389 1872 3615 1927 ἐνταῦθα
3665 1873 3886 1945 διατρι-

1931 1969 2117 2036 longe,
2151 1941 2352 2031 Βϐἡν,
2411 1959 2631 2015 πολλοῦ
2691 1982 2752 2036 γε
2809 1961 2898 2014 καὶ
2945 1965 3040 2014 τοῦ
3099 1961 3299 2020 παντὸς
3371 1959 3474 2014 ἔδει
3545 1963 3880 2035 προσέσθαι·

2229 2051 2424 2106 οὔκουν
2465 2047 2588 2106 οὐδὲ
2633 2052 2988 2124 προσήκατοο
3041 2049 3201 2112 αὐτὸς
3252 2047 3308 2104 δέ
3365 2071 3414 2104 τι
3490 2049 3880 2113 Καππαδοκίας

2223 2141 2436 2212 χωρίον
2495 2139 2690 2212 εὑρὼν,
2739 2139 3016 2212 Ἀριανζὸν
3087 2140 3404 2212 πρόσρημα,
3455 2141 3716 2213 πατρόθεν
3782 2141 3878 2211 μὲν

2221 2229 2368 2301 αὐτῷ
2403 2227 2680 2304 διαφέρον,
2711 2229 2848 2302 πρὸς
2879 2225 2936 2282 δὲ
2985 2227 3309 2308 φιλοσοφίαν
3353 2227 3676 2299 ἐπιτηδείως
3727 2227 3884 2308 ἔχειν

2223 2315 2440 2378 δοκοῦν,
2471 2319 2616 2371 τοῦτ’
2649 2317 2698 2389 ἐξ
2733 2319 2982 2372 ἁπάντων
3015 2315 3190 2371 ε’ίλετο
3244 2321 3504 2392 χρῆσθαι,
3553 2318 3648 2394 κᾶν
3697 2320 3882 2390 τούτῳ

2229 2409 2408 2480 μένειν
2441 2405 2681 2461 εἷσάπαν.

2291 2683 2414 2734 PA’.
2440 2681 2529 2734 Ὦς
2592 2675 2685 2747 μὲν
2746 2673 2838 2728 οὖν
2887 2675 3138 2730 ἑκάστοτε
3189 2678 3388 2750 θεωρίᾳ
3425 2678 3517 2732 τὸν
3551 2683 3671 2733 νοῦν
3701 2699 3876 2754 προσ-

2219 2767 2390 2840 έχων,
2432 2765 2648 2825 τούτοις
2695 2765 2939 2834 καθάπαξ
2987 2762 3189 2834 ἐδίδου,
3235 2765 3337 2820 ὅσα
3380 2769 3507 2822 Θεὸν
3558 2768 3874 2841 ἀνθρώποις

2220 2855 2328 2910 οἶδε
2381 2855 2718 2928 μνηστεύειν,
2779 2854 2868 2908 καὶ
2928 2856 3234 2927 θαυμαστόν
3291 2863 3389 2910 τιν’
3432 2857 3616 2920 αὐτοῖς
3669 2857 3874 2912 ἐκεῖθεν

2217 2942 2537 3017 ἐργάζεσθαι
2567 2942 2665 3008 τὴν
2697 2937 3056 3013 συνδυασμὸν,
3083 2943 3172 2995 καὶ
3214 2943 3286 3003 ὡς
3321 2967 3348 2994 ι(
3381 2939 3664 3007 ἀναϐάσεις
3711 2943 3763 2998 έν
3795 2947 3868 3016 τῇ

2216 3030 2412 3106 καρδίᾳ
2470 3029 2809 3103 διαθέμενος,
2863 3054 2892 3082 ›)
2941 3033 3082 3105 φωτὶ
3141 3029 3568 3107 προσελάμϐανε
3611 3040 3748 3109 φῶς,
3783 3055 3876 3088 καί

2217 3123 2367 3189 Θεὸς,
2395 3121 2470 3182 ὡς
2524 3121 2714 3188 εἰπεῖν,
2758 3119 2806 3188 ἐξ
2861 3120 3162 3200 ἀνθρώπων
3311 3122 3625 3197 ἀνθρώπου]
3673 3121 3880 3178 τοκαλ-

2223 3210 2449 3279 εκάστην
2498 3203 2630 3286 ἕχον
2683 3208 2950 3284 ἐγίγνετο,
2997 3207 3150 3263 *ίσασι
3213 3213 3410 3276 πάντες
3461 3214 3578 3268 ὅσοι
3628 3212 3875 3268 τάκείνου

459 3299 741 3368 profectu,
795 3301 1064 3366 evaserit,
1119 3302 1172 3356 id
1225 3303 1492 3372 equidem
1555 3302 1849 3372 omnibus,
1883 3301 1983 3372 qui
2026 3317 2112 3356 res

2229 3305 2411 3378 σαφῶς
2445 3297 2618 3352 ἴσασιν
2646 3317 2658 3330 ο
2695 3299 2778 3352 δτι
2829 3295 2886 3352 δὲ
2927 3298 3016 3352 καὶ
3057 3306 3156 3368 τῆς
3205 3295 3473 3364 εὗσεϐείας
3523 3302 3696 3364 οὕτως
3727 3301 3879 3376 ἔχων

455 3386 620 3442 illius
661 3387 806 3444 satis
856 3397 1090 3456 norunt,
1123 3399 1384 3460 constat;
1420 3393 1570 3464 quod
1619 3408 1754 3447 vero
1783 3391 1940 3446 idem
1992 3389 2110 3456 ille,

457 3477 558 3547 qui
593 3483 819 3534 tantum
853 3480 1050 3550 pietati
1079 3481 1348 3538 addictus
1368 3487 1512 3542 erat.
1545 3483 1944 3537 defensionem
1965 3483 2114 3552 ejus-

455 3567 586 3622 dem
617 3569 1052 3640 suscipiendam
1106 3571 1217 3626 sibi
1269 3576 1572 3639 statueret,
1637 3577 1918 3642 tanquam
1955 3587 2107 3626 como

2227 3391 2562 3462 ὑπερμαχεῖν
2625 3385 2762 3458 ᾤετο
2812 3383 2940 3456 δεῖν,
3005 3385 3184 3462 ὥσπερ
3245 3413 3327 3452 τις
3379 3393 3558 3446 κοινὸς·
3611 3390 3876 3466 πρόδρον,

2223 3479 2315 3533 καὶ
2347 3478 2570 3550 προσέτι
2614 3477 2858 3548 μνήμαις
2889 3470 3028 3530 ἔστιν
3059 3478 3132 3532 ὧν
3181 3477 3635 3556 ἐμπανηγυρίζειν
3677 3481 3873 3558 ἁγίων,

2217 3565 2428 3640 προϊὼν
2466 3566 2493 3619 ὁ
2531 3563 2693 3638 λόγος
2724 3561 2986 3633 δηλώσει,

457 3658 658 3713 munis
689 3659 980 3730 quispiam
1015 3661 1280 3718 Ecclesiae
1313 3677 1550 3733 preses,
1609 3661 1805 3717 adbaec
1861 3661 1997 3717 item
2057 3663 2394 3715 sanctorum
2449 3656 2830 3727 quorumdam
2863 3655 3171 3714 memorias
3203 3661 3544 3716 solemniter
3573 3659 3874 3716 celebran-

457 3745 582 3812 das,
615 3747 672 3800 id
707 3747 766 3802 in
801 3765 1115 3822 progressu
1148 3759 1348 3806 nostra
1378 3751 1644 3806 ostendet
1675 3751 1874 3807 oratio.

531 3834 644 3892 CII.
679 3837 936 3895 Primum
968 3841 1158 3910 itaque
1209 3842 1540 3896 unanimem
1573 3849 1746 3912 atque
1777 3839 2108 3896 concordis-

457 3925 678 3982 simum
702 3929 1164 3998 sodalemsuum,
1183 3929 1658 3997 Basilium,illum
1677 3931 2110 3986 sivesummum

453 4014 688 4070 virtutis
721 4023 1084 4086 certatorem,
1119 4020 1238 4076 sive
1267 4021 1534 4090 ejusdem
1564 4023 1858 4075 certamen
1907 4035 1972 4074 ac
1993 4021 2113 4073 stu-

457 4103 644 4169 dium,
675 4105 795 4162 sive
853 4107 1010 4176 item,
1045 4111 1094 4165 si
1134 4111 1241 4165 tibi
1297 4109 1457 4178 libet,
1533 4115 1847 4180 utrumque
1895 4109 2112 4163 dudum

457 4191 574 4248 vita
623 4194 822 4252 relicta
861 4197 918 4252 in
941 4199 1242 4270 antiquam
1283 4215 1612 4272 regressum
1643 4198 1914 4268 patriam,
1968 4195 2114 4251 mul-

459 4285 678 4356 tasque
711 4285 1020 4342 multorum
1043 4286 1430 4354 laudationes,
1451 4289 1550 4360 qui
1585 4286 1812 4360 publice
1841 4291 1897 4341 et
1940 4285 2116 4356 priva-

457 4379 568 4432 tim
603 4391 690 4432 res
743 4377 869 4446 ejus
925 4375 1293 4447 actionesque
1345 4386 1637 4446 ornarant,
1691 4383 2109 4432 consecutum:

461 4466 576 4523 nisi
607 4473 659 4520 et
689 4465 811 4536 ipse
834 4465 958 4535 pari
990 4466 1157 4521 modo
1194 4467 1546 4532 honestaret,
1570 4471 1744 4538 atque
1777 4463 2004 4521 funebri
2027 4463 2115 4519 de-

2291 3835 2408 3890 PB'.
2455 3837 2650 3907 Πρῶτα
2703 3833 2794 3905 μὲν
2841 3833 2942 3908 γὰρ
2989 3833 3272 3891 Βασίλειον
3325 3839 3414 3892 τὸν
3462 3837 3750 3912 ὁμόψυχόν
3809 3858 3870 3892 τε

2221 3924 2310 3978 καὶ
2369 3921 2660 3994 σύμπνεον,
2717 3923 2808 3976 τὸν
2865 3921 2964 3977 ε’ίτ’
3024 3925 3188 3998 ἄκρον
3265 3926 3573 4000 ἀγωνιστήν
3647 3928 3867 4001 ἀρετῆς,

2223 4010 2318 4067 ε’ίτ⁹
2349 4011 2518 4082 αὐτῆς
2547 4010 2746 4081 ταύτης
2779 4011 3060 4086 ἀγώνισμα
3089 4017 3365 4092 γεγονότα,
3401 4016 3446 4070 εί
3475 4016 3530 4071 δέ’
3559 4038 3622 4090 γε
3655 4015 3871 4091 βούλει,

2221 4103 2313 4156 καὶ
2345 4101 2508 4178 ἄμφω
2559 4101 2664 4174 πρὸ
2713 4100 2928 4156 πολλοῦ
2971 4105 3064 4176 μὲν
3091 4106 3182 4160 τὸν
3227 4105 3345 4180 βίον
3385 4106 3747 4174 ἀπολιπόντα,
3781 4106 3874 4160 καὶ

2225 4191 2574 4264 στειλάμενον
2637 4191 2724 4246 ἐπὶ
2775 4193 2874 4260 τὴν
2935 4193 3168 4272 ἀρχαίαν
3219 4195 3490 4272 πατρίδα·
3531 4196 3758 4252 πολλῶν
3815 4193 3875 4250 δὲ

2223 4283 2370 4355 παρὰ
2398 4279 2634 4343 πολλοῖς
2685 4279 2975 4356 ἐγκωμίων
3023 4287 3402 4364 τετυχηκότα’
3435 4289 3526 4342 καὶ
3575 4290 3734 4360 κοινῇ
3781 4285 3876 4340 καὶ

2225 4367 2336 4440 ἰδίᾳ
2393 4370 2640 4424 τάκείνου
2697 4373 3027 4444 κοσμήσασι,
3085 4379 3192 4428 τῶν
3252 4375 3622 4431 ἀτοπωτάτων
3680 4377 3876 4450 ἡγεῖτο

2231 4461 2304 4533 μὴ
2356 4461 2446 4514 καὶ
2491 4458 2652 4522 αὐτὸς
2701 4460 2923 4531 ἀξιῶσαι
2971 4467 3077 4518 τῶν
3123 4461 3282 4536 ⁸ίσῶν,
3314 4467 3402 4520 καὶ
3453 4465 3642 4541 λόγοις
3684 4463 3878 4520 ἐπιτα-

465 4563 692 4610 curaret
743 4555 1025 4622 oratione,
1095 4557 1148 4610 id
1209 4555 1530 4612 absurdum
1589 4555 1827 4611 omnino
1917 4571 1950 4608 a
2007 4568 2114 4624 qus

2229 4549 2374 4627 φίοις
2421 4555 2740 4621 κοσμῆσαι·
2783 4551 2813 4604 ὃ
2854 4550 2944 4606 καὶ
2995 4552 3100 4628 πρὸ
3147 4557 3255 4608 τῶν
3301 4552 3487 4610 ἄλλων
3537 4536 3754 4629 ἔδρασεν
3785 4552 3878 4624 ἃν,

463 4643 722 4698 alienum
765 4644 1032 4700 ducebat.
1065 4645 1122 4698 Id
1155 4646 1308 4716 quod
1341 4649 1398 4702 et
1417 4650 1548 4700 ante
1569 4653 1806 4700 caeteros
1831 4643 1987 4699 haud
2010 4643 2116 4697 du-

459 4733 554 4789 bie
581 4737 889 4788 exsecutus
943 4733 1147 4795 fuerat,
1213 4735 1326 4790 nisi
1361 4735 1460 4790 illa
1513 4735 1702 4790 multa
1759 4750 1824 4788 ac
1886 4749 2110 4803 magna,

459 4839 563 4894 pro
579 4821 788 4894 pietate
800 4822 1162 4879 obstitissent
1183 4825 1524 4880 certamina.
1552 4822 1884 4878 Orationem
1907 4821 1988 4877 ita
2002 4836 2113 4893 que

463 4913 534 4967 de
565 4912 664 4968 illo
695 4913 1011 4982 componit,
1064 4915 1148 4968 sic
1179 4915 1412 4986 quidem
1447 4915 1515 4968 ad
1551 4929 1850 4969 summum
1883 4912 2113 4966 virtutis

461 5001 728 5060 oratoria-
780 5001 1078 5073 fastigium
1123 5007 1502 5075 provectam;
1557 5003 1640 5059 sic
1683 5003 1768 5058 illi
1821 5019 1971 5070 vero,
2020 5003 2112 5056 cui

460 5091 677 5163 scripta
727 5095 872 5160 erat,
905 5097 1100 5162 aptam
1153 5097 1210 5148 et
1255 5093 1790 5160 accommodatam,
1828 5092 2114 5162 rebusque

463 5182 606 5252 ipsis
639 5181 808 5252 plane
840 5185 1346 5250 congruentem,nt
1377 5198 1490 5236 non
1513 5181 1638 5252 ipsa
1669 5183 1839 5236 modo
1871 5197 1904 5235 a
1932 5180 2114 5236 musis

460 5271 782 5344 gratiisque
817 5275 1069 5342 pertexta
1099 5270 1376 5339 videatur,
1399 5272 1498 5326 sed
1531 5275 1588 5326 et
1617 5271 1836 5326 collatae
1865 5285 1996 5325 cum
2020 5268 2116 5323 illa

461 5363 694 5426 cetera,
728 5375 978 5432 quarum
1009 5359 1378 5432 paulogantea
1411 5360 2113 5430 meminimus,vitupera-

460 5447 606 5504 tioni
639 5465 814 5522 quam
847 5448 1008 5504 laudi
1037 5449 1360 5522 propiores,
1395 5453 1452 5504 et
1507 5448 1687 5506 animi
1717 5449 1905 5520 magis
1938 5463 2114 5504 causa

468 5535 720 5608 scripta,
767 5553 942 5609 quam
1008 5537 1160 5594 seria
1213 5537 1521 5595 elaboratas
1567 5553 1726 5606 cura,
1785 5537 2110 5594 videantur.

547 5659 596 5694 ⁵³
625 5661 780 5718 Psal.
811 5679 1035 5735 suam,
1065 5665 1120 5718 6.

2231 4640 2308 4713 μή
2367 4641 2476 4692 τῶν
2535 4635 2763 4692 πολλῶν
2809 4639 2900 4694 καὶ
2962 4639 3215 4716 μεγάλων
3279 4642 3495 4698 ἐκείνων
3553 4643 3682 4718 ὑπὲρ
3725 4641 3877 4698 εὗσε-

2223 4722 2375 4787 ϐείας
2427 4725 2652 4801 ἀγώνων
2703 4725 2957 4800 ἐμποδὼν
3005 4730 3154 4802 αὐτῷ
3212 4731 3584 4788 καταστάντων
3618 4754 3631 4765 ·
3679 4729 3876 4806 ἀμέλει

2222 4817 2312 4871 καὶ
2344 4813 2508 4888 λόγον
2540 4813 2627 4870 ἐπὶ
2658 4815 2840 4889 τούτῳ
2870 4818 3099 4890 συνθείς,
3133 4819 3278 4876 οὕτω
3317 4823 3412 4895 μὲν
3461 4827 3559 4892 τῆς
3611 4820 3876 4898 γιγνομέ-

2221 4927 2316 4976 νης
2351 4905 2574 4979 ’ἀρετῆς
2623 4903 2970 4962 ἐπιπλεῖστον
3025 4908 3191 4966 ἰόντα.
3253 4910 3394 4966 οὕτω
3461 4910 3516 4966 δέ
3577 4915 3875 4990 προσφυῶς

2224 4995 2312 5048 καὶ
2371 4993 2584 5053 οἰκείως
2639 4995 2775 5068 πρὸς
2825 4997 2880 5051 ὃν
2927 4998 3114 5071 γέγονε
3157 4997 3354 5075 ἔχοντα
3401 5002 3489 5055 καὶ
3539 5005 3646 5054 τῶν
3693 5019 3875 5074 πραγ-

2228 5085 2410 5157 μάτων
2443 5081 2690 5160 ἄντικρυς
2723 5084 2870 5156 ὄντα,
2907 5089 2982 5148 ὡς
3017 5089 3090 5160 μὴ
3148 5089 3311 5162 μόνον
3363 5091 3464 5145 ὑπὸ
3515 5095 3730 5164 μουσῶν
3779 5091 3876 5144 καὶ

2231 5175 2475 5253 χαρίτων
2538 5171 2712 5228 δοκεῖν
2768 5175 2924 5230 αὐτὸν
3003 5176 3323 5257 έξυφάνθαι’
3376 5179 3518 5234 ἀλλὰ
3583 5181 3672 5234 καὶ
3739 5179 3872 5240 τοὺς

2225 5263 2429 5326 ἄλλους
2473 5265 2546 5319 ὧν
2591 5265 2789 5338 ἀρτίως
2839 5265 3132 5341 ἐμνήσθην,
3183 5271 3382 5342 τουτῳῖ
3439 5267 3872 5346 παραϐαλλομέ-

2226 5375 2369 5423 νους,
2403 5355 2576 5428 ψόγον
2615 5355 2827 5428 μᾶλλον
2855 5356 2890 5426 ἢ
2923 5353 3140 5414 ἔπαινον
3189 5361 3324 5415 εἶναι
3359 5359 3532 5416 δοκεῖν
3557 5379 3568 5393 ’
3601 5361 3689 5416 καὶ
3741 5382 3869 5416 παι-

2225 5440 2341 5496 διὰν
2369 5443 2405 5512 ἢ
2451 5441 2794 5517 σπούδασμα,
2823 5450 3014 5502 τοῦτον
3063 5447 3242 5504 τοίνυν
3289 5453 3534 5505 τοιοῦτον
3588 5447 3873 5526 δημιουρ-

2223 5534 2416 5608 γήσας,
2465 5531 2740 5606 ἀπελθὼν,
2783 5533 3020 5612 ἐπιλέγει
3069 5537 3165 5593 τοῦ
3224 5537 3488 5615 φιλτάτου
3533 5543 3614 5612 τῷ
3669 5541 3871 5618 τάφῳ.
