4118 6214
289 400 382 464 321
1265 392 1666 457 LAUDATIO
1710 393 1773 451 S.
1821 389 2189 453 GREGORII
2235 391 2660 454 THEOLOGI.

2134 195 2146 220 Ι

3540 388 3659 453 322

285 533 356 590 καί
401 527 536 584 οὕτω
583 529 682 596 τὴν
731 525 1062 604 γιγνομένην
1111 525 1432 598 ἀφοσιοῦται
1472 525 1800 594 συντέλειαν,
1835 526 1891 580 οὐ

2015 527 2132 582 Hac
2186 527 2360 599 igitur
2411 526 2753 598 hujusmodi
2798 525 3144 584 concinnata
3199 528 3483 595 oratione,
3515 526 3658 596 abit,

281 619 615 697 χαριζόμενος
671 616 910 693 φίλτρῳ,
955 613 1082 672 οὐδὲ
1127 616 1272 690 παιρά
1301 621 1462 670 τοῦτο
1491 615 1629 676 τοὺς
1653 613 1901 676 ἐπαίνους

273 711 473 784 ἐξάγων,
522 704 639 762 οὐδ’
711 704 889 782 ἐγγύς.
923 706 1250 762 Τούναντίον
1289 705 1382 777 μὲν
1435 702 1524 759 οὖν
1566 704 1657 759 καὶ
1686 702 1901 760 κωλυό-

269 817 412 871 μενος
442 795 680 851 ὗπαυτοῦ
708 794 905 850 τούτου
941 793 1194 868 ξμᾶλλον,
1225 792 1314 848 καὶ
1347 793 1477 866 ἅπερ
1511 787 1684 848 ἔνεστι
1735 799 1902 870 φῆσαι

265 888 344 942 καὶ
381 887 444 940 τά
485 881 611 940 ὄντα
650 883 912 957 σημάναι,
965 884 1041 946 ὡς
1082 880 1142 938 ἃν
1180 886 1252 956 μή
1304 882 1530 956 κάκείνῳ
1576 879 1701 952 δόξη
1748 882 1901 958 χαρί.

267 978 448 1048 ζεσθτι,
479 976 570 1030 καὶ
609 975 672 1030 τὸ
719 975 838 1029 καθ’
869 974 1029 1029 αὐτὸν
1055 972 1406 1049 ⁴ὑπεραίρειν.
1463 971 1526 1027 Ei’
1574 971 1675 1048 γὰρ
1726 970 1899 1034 ἄλλος

263 1065 405 1127 αὐτὸς
461 1065 716 1140 ὶκάτερτς
772 1063 1005 1126 τούτων.
1065 1059 1300 1134 εὔδηλον
1374 1059 1605 1131 πάντως,
1665 1063 1738 1124 ὡς
1814 1064 1898 1124 οἷς

261 1155 442 1216 ἐκεῖνος
489 1159 804 1227 κοσμεῖται,
863 1157 953 1208 καί
1011 1152 1172 1216 αὐτὸς
1229 1149 1406 1222 δήπου
1451 1155 1759 1224 κοσμεῖται,
1807 1151 1897 1205 καὶ

261 1249 351 1297 τῶν
389 1240 521 1296 ἴσων
575 1242 821 1317 μετέχει,
871 1241 960 1303 οἷς
1009 1239 1208 1301 ἐκεῖνος
1249 1239 1469 1315 ἄριστος
1503 1236 1768 1294 δείκνυται
1803 1256 1816 1268 ·
1851 1238 1898 1294 εἰ

263 1330 309 1387 δὲ
354 1333 426 1403 μὴ
467 1331 530 1386 τὸ
585 1329 814 1408 φίλτρον
862 1335 1064 1404 παρῆν,
1112 1333 1348 1385 τοσαῦτα
1395 1326 1456 1382 ἃν
1519 1327 1649 1402 ὑπὲρ
1700 1326 1896 1384 τούτου

261 1420 407 1494 διῄει,
437 1418 535 1475 ὅσα
579 1419 723 1481 εἰκὸς
769 1420 863 1474 τὸν
913 1417 1154 1492 μάλιστα
1201 1419 1414 1474 πάντων
1459 1416 1618 1472 αὐτὸν
1669 1415 1888 1472 ἐπιστά-

265 1529 427 1583 μενον.

2013 633 2262 688 eamque
2292 617 2358 671 ad
2394 617 2684 672 tumulum
2717 616 2887 672 amici
2921 617 3381 688 coniunctissimi
3432 616 3656 686 recitat,

2013 714 2066 760 et
2096 705 2206 761 hoc
2240 707 2408 761 modo
2443 721 2542 777 pro
2575 705 2725 759 virili
2761 711 2921 778 parte
2949 707 3104 776 justa
3135 706 3319 762 funeri
3364 705 3658 778 persolvit,

2014 795 2159 850 nihil
2194 797 2466 851 amicitiae
2513 796 2678 863 dans,
2716 811 2817 851 nec
2847 796 2974 852 ideo
3028 793 3233 854 laudes
3273 795 3446 852 amici
3479 794 3654 852 altius

2010 886 2288 940 educens.
2323 885 2563 941 Minime
2608 886 2883 957 profecto.
2927 885 3050 940 Imo
3081 901 3213 941 vero
3245 903 3311 941 ex
3343 886 3656 956 contrario,

2008 991 2109 1046 per
2137 973 2287 1031 hanc
2317 975 2504 1046 ipsam
2539 975 2852 1030 amicitiam
2885 975 2956 1029 ab
2989 973 3058 1029 iis
3093 974 3372 1044 dicendis,
3392 991 3516 1046 quae
3537 975 3653 1030 dici

2010 1067 2301 1134 poterant,
2355 1065 2554 1134 eisque
2601 1080 2729 1135 quas
2785 1067 2971 1129 erant,
3033 1062 3200 1134 plene
3257 1063 3652 1135 exprimendis

2007 1154 2199 1226 potius
2229 1155 2540 1223 deductus,
2568 1171 2635 1209 ne
2667 1154 2934 1208 videlicet
2952 1169 3081 1209 cum
3106 1153 3418 1225 gratiﬁcari
3440 1153 3653 1221 amico,

2006 1246 2130 1297 tum
2163 1244 2233 1297 de
2274 1243 2466 1314 seipse
2498 1243 2668 1299 etiam
2704 1241 3015 1311 gloriosius
3047 1242 3207 1314 loqui
3229 1241 3537 1298 videretur.
3567 1245 3658 1300 Et-

2007 1331 2186 1400 enim,
2219 1332 2266 1387 si
2300 1331 2445 1386 alter
2473 1333 2594 1402 ipse
2625 1337 2868 1404 uterque
2897 1348 3094 1387 eorum
3127 1335 3269 1398 erat,
3302 1331 3435 1386 inde
3476 1332 3656 1402 liquet

2003 1437 2164 1487 sane,
2189 1420 2405 1492 quibus
2437 1420 2533 1475 ille
2571 1427 2838 1487 ornatur,
2869 1424 2927 1475 et
2954 1420 3111 1478 hunc
3180 1420 3370 1492 ipsum
3429 1421 3648 1490 ornari,

2003 1526 2316 1586 paremque
2338 1511 2684 1584 participare
2704 1511 2972 1584 gloriam,
2996 1512 3054 1567 in
3078 1511 3292 1583 quibus
3311 1511 3478 1568 alteri
3502 1527 3658 1568 sum-

263 1617 404 1657 mum
435 1603 725 1657 astruitur
772 1601 970 1656 decue.
1004 1600 1165 1666 Quod
1198 1599 1246 1654 si
1291 1615 1450 1656 amor
1473 1615 1587 1655 non
1621 1599 1847 1664 fuisset,
1881 1603 2003 1656 tam
2037 1599 2219 1657 multa
2257 1601 2459 1673 utique
2500 1602 2572 1656 de
2613 1600 2826 1658 Basilio
2860 1601 3196 1672 protulisset
3226 1609 3441 1669 noster,
3477 1617 3652 1673 quam

262 1691 418 1745 multa
449 1691 519 1744 ab
551 1707 620 1744 eo
649 1689 895 1762 pro'erri
928 1694 1384 1744 consentaneum
1410 1693 1555 1756 erat,
1589 1687 1688 1760 qui
1724 1703 1873 1742 unus
1905 1689 2171 1744 omnium
2203 1690 2615 1761 perfectissime
2644 1689 2941 1749 hominem
2976 1693 3189 1747 nosset.

318 1779 426 1836 PI".
483 1779 698 1833 Ἐπειτ’
747 1775 1140 1852 Ἀπολιναρίου
1182 1780 1278 1830 τοῦ
1323 1800 1348 1826 ‹‹
1391 1773 1732 1845 λαλήσαντος
1794 1775 1889 1846 μὲν

2077 1779 2214 1835 CllI.
2247 1780 2396 1835 Tum
2430 1779 2644 1848 deinde,
2681 1779 2775 1834 ubi
2807 1779 3216 1850 Apollinarius,
3264 1799 3291 1832 ιι
3321 1779 3419 1852 qui
3454 1780 3510 1835 in
3545 1780 3652 1835 Ex-

259 1865 444 1923 ἀδικίαν
473 1867 549 1930 εἰς
582 1866 744 1941 ὕψος,
777 1891 806 1919 ››
835 1865 1067 1929 ἀπάσαις
1130 1885 1190 1942 γε
1241 1867 1348 1939 μὴν
1391 1866 1564 1940 ἱεραῖς
1615 1864 1896 1935 ἀποκηρυ-

258 1959 460 2033 χθέντος
503 1962 627 2021 ταῖς
677 1959 849 2030 ψήφοι
908 1958 998 2010 καὶ
1057 1962 1158 2024 τῆς
1193 1955 1492 2023 καθολικῆς
1540 1952 1896 2024 Ἐκκλησίας,

258 2049 302 2102 ἐν
344 2047 438 2120 ἴσῳ
482 2044 540 2102 δὲ
596 2047 770 2101 εἰπεῖν
811 2049 908 2100 τοῦ
967 2049 1123 2114 Θεοῦ,
1185 2043 1513 2104 παντάπαςιν
1565 2041 1896 2117 ἐξεληλαμέ-

257 2159 356 2200 vos,
386 2137 540 2198 οὗτος
601 2135 782 2191 τοίνυν
838 2137 921 2200 οἷς
975 2135 1148 2194 οὕτως
1189 2132 1317 2208 ἔσχε
1367 2130 1647 2208 δυσχερῶς
1688 2135 1762 2195 ὡς
1790 2128 1894 2188 ἔοι-

257 2247 332 2280 κεν
388 2221 555 2300 ἔχων,
585 2226 653 2280 τὸ
705 2226 800 2298 μὲν
841 2224 1140 2298 ἀμύνασθαι
1189 2223 1278 2276 καὶ
1328 2227 1570 2302 φανερῶς
1628 2221 1892 2294 πολεμεῖν

259 2315 394 2378 αὖθις
453 2316 750 2390 αἱρεῖσθαι,
785 2313 1000 2390 ἐπείπερ
1035 2312 1143 2388 οὐχ
1189 2313 1308 2374 οἷός
1365 2332 1421 2366 τε
1478 2313 1544 2380 ἦν
1586 2309 1694 2366 οὐδ’
1745 2311 1894 2388 ἐθάρ-

259 2407 395 2478 ῥησε,
431 2405 752 2480 βουλεύεται
801 2401 859 2458 δὲ
917 2401 1126 2478 βουλήν
1177 2401 1435 2476 πονηράν,
1467 2403 1557 2456 καί
1596 2409 1696 2472 τῆς
1727 2401 1891 2456 αὐτοῦ

256 2497 467 2569 γνώμης
507 2494 685 2567 ἀξίαν.
737 2496 940 2567 Ὥσπερ
971 2493 1077 2568 γὰρ
1109 2493 1159 2546 οἱ
1215 2495 1462 2546 κάκιστοι
1518 2495 1624 2548 τῶν
1673 2513 1890 2566 φαρμα-

253 2589 348 2640 κῶν
400 2582 584 2656 μέλιτι
645 2584 743 2651 τήν
816 2581 1014 2638 κύλικα
1091 2580 1400 2660 χρίσαντες,
1474 2577 1640 2636 ἔπειθ’
1715 2580 1890 2644 οὕτως

251 2673 514 2748 ὀρέγουσιν
557 2674 649 2732 οἷς
693 2669 986 2746 βούλονται
1026 2671 1118 2725 τὸν
1151 2665 1405 2745 έλέϐορον
1440 2689 1453 2703 ⁶
1487 2669 1660 2732 οὕτως
1691 2670 1740 2724 οἱ
1770 2676 1886 2734 τοῖς

247 2761 377 2818 ἔπεσι
406 2763 606 2818 τούτου
657 2759 746 2816 διὰ
794 2762 892 2829 τήν
952 2758 1172 2816 ἐνοῦσαν
1218 2757 1401 2820 αὐτοῖς
1461 2757 1750 2832 εὐμουσίαν
1795 2761 1886 2817 καὶ

247 2854 390 2925 χάριν
439 2848 784 2921 κηλούμενοι
843 2848 929 2903 καὶ
990 2847 1499 2922 περιτυγχάνοντες,
1536 2847 1882 2902 λανθάνουσιν

247 2943 303 3009 ἧς
324 2941 481 2995 ταῦτ’
511 2937 631 3014 ἔχει
693 2939 1013 3014 μετέχοντες
1075 2935 1449 3012 βλασφημίας.
1485 2936 1585 2992 Καὶ
1641 2937 1707 3006 ἧν
1750 2935 1882 2992 ἰδεῖν

249 3034 457 3103 πρᾶγμα
513 3024 690 3082 δεινὸν
747 3027 846 3094 τήν
897 3025 1156 3095 ἀλήθειαν
1212 3023 1612 3098 κλεπτομένην,
1644 3024 1733 3080 καὶ
1769 3047 1886 3082 κιν-

2006 1868 2232 1924 celsum
2265 1867 2631 1940 iniquitatem
2664 1867 3014 1941 loquebatur
3035 1867 3101 1936 ‘4,
3135 1891 3162 1919 ››
3197 1869 3376 1925 sacris
3415 1869 3653 1926 calculis

2003 1960 2276 2016 omnibus
2305 1976 2336 2016 e
2373 1961 2784 2016 communione
2839 1960 3079 2032 ejectus,
3099 1977 3180 2046 'ex
3225 1959 3509 2017 catholica
3539 1960 3651 2032 igi-

2001 2052 2120 2116 tur,
2151 2048 2263 2105 etsi
2298 2049 2635 2121 hujusmodi
2659 2065 2854 2106 rerum
2876 2048 3540 2122 suarumhabitu,prout
3562 2066 3659 2122 per

2000 2141 2138 2207 erat,
2181 2139 2434 2212 graviter
2480 2139 2827 2212 angebatur,
2862 2138 3067 2194 ulcisci
3112 2155 3255 2203 sese,
3290 2148 3346 2196 et
3378 2147 3656 2211 apertum

1998 2229 2189 2285 denuo
2218 2229 2367 2286 ciere
2397 2228 2642 2297 bellum,
2666 2229 2820 2300 quod
2851 2227 3039 2298 impar
3055 2232 3226 2297 esset,
3253 2228 3410 2285 haud
3441 2245 3646 2298 ausus,

1999 2319 2098 2374 sed
2133 2317 2492 2389 improbum,
2526 2333 2748 2389 suoque
2771 2317 3014 2389 dignum
3038 2317 3293 2389 ingenio,
3319 2317 3430 2372 init
3450 2317 3648 2374 consi—

1997 2407 2160 2464 lium.
2185 2406 2474 2464 Nimirum
2507 2408 2746 2480 proinde
2775 2412 2838 2462 ut
2860 2405 3102 2479 pessimi
3128 2422 3481 2463 venenorum
3509 2407 3646 2464 arti-

1996 2496 2155 2564 ﬁces,
2195 2513 2328 2553 oras
2367 2498 2560 2569 poculi
2593 2495 2762 2552 melle
2785 2496 3040 2568 primum
3061 2495 3276 2564 linunt,
3294 2501 3419 2551 tum
3445 2501 3646 2567 postea

1994 2586 2357 2658 quibuslibet
2404 2591 2695 2653 veratrum
2760 2585 3107 2658 porrigunt:
3164 2586 3249 2656 ita
3301 2586 3514 2656 pariter
3542 2587 3644 2658 qui

1999 2675 2103 2730 viri
2137 2676 2314 2748 hujus
2373 2675 2754 2743 carminibus,
2805 2692 2903 2746 per
2959 2691 3087 2731 eam
3118 2691 3243 2746 quae
3301 2675 3414 2731 illis
3473 2675 3652 2744 inest,

1995 2769 2356 2822 venustatem
2391 2773 2445 2822 et
2493 2765 2743 2838 gratiam
2775 2765 3110 2836 capiuntur,
3135 2780 3320 2836 eaque
3359 2764 3658 2835 lectitant,

1997 2854 2305 2926 improvidi
2338 2854 2518 2911 simul
2550 2853 2991 2926 blasphemiam.
3017 2870 3196 2926 quam
3228 2869 3296 2909 ea
3333 2854 3654 2922 continent,

1996 2943 2297 3001 hauriunt.
2335 2947 2531 3017 Itaque
2545 2961 2663 3001 rem
2685 2945 3087 3002 tristissimam
3116 2945 3307 3002 videre
3329 2949 3474 3011 erat,
3492 2945 3645 3001 furto

1999 3033 2215 3106 surripi
2256 3033 2581 3104 veritatem,
2641 3033 3064 3106 hominumque
3117 3035 3368 3103 animas,
3428 3034 3646 3106 quibus

250 3116 560 3182 δυνευούσας
595 3117 799 3192 ψυχας,
834 3116 905 3170 ὧν
940 3112 1094 3170 οὐδὲν
1125 3118 1234 3169 τῶν
1265 3113 1475 3168 πάντων
1508 3113 1837 3188 ἀντίῤῥοπον
1870 3137 1883 3150 ο

2004 3121 2162 3177 nulla
2201 3122 2372 3196 plane
2395 3123 2638 3195 aequalis
2668 3139 2761 3178 res
2791 3121 2906 3180 alia
2934 3129 3041 3192 est,
3075 3124 3132 3177 in
3167 3123 3507 3179 discrimine
3526 3139 3650 3179 ver-

252 3211 321 3270 οἷς
348 3208 670 3280 ἐπιθέμενος
702 3206 728 3260 ὁ
777 3207 951 3278 μάγοις
1001 3205 1159 3265 οὗτος
1213 3210 1310 3272 τῆς
1361 3199 1630 3266 εὐσεϐείας
1691 3205 1892 3278 ἀγωνι-

251 3300 390 3366 στὴς,
421 3294 488 3351 δι’
536 3295 686 3350 ἐπῶν
719 3293 958 3362 οἰκείων,
1010 3293 1070 3348 ἐκ
1127 3290 1485 3347 παντοδαπῶν
1533 3293 1630 3364 μὲν
1679 3315 1892 3369 συγκει-

254 3386 411 3456 μένων
441 3389 550 3441 τῶν
590 3383 826 3458 μέτρων,
858 3381 1158 3459 ἀπορῥήτῳ
1209 3379 1264 3436 δὲ
1312 3380 1505 3436 κάλλει
1548 3383 1637 3437 καὶ
1680 3384 1888 3456 θαυμα-

251 3480 350 3547 στῷ
395 3473 787 3550 κεχρημένων,
821 3471 886 3528 τὰ
928 3472 1046 3546 μὶν,
1103 3469 1256 3526 οὐδὲν
1313 3469 1493 3545 ἕτερον
1541 3472 1614 3533 ὡς
1667 3471 1891 3542 ἀληθῶς

250 3562 427 3636 ἔδειξεν
463 3567 620 3634 ὄντα,
669 3561 816 3630 πλὴν
857 3560 1216 3636 κομμωτικύν
1261 3582 1384 3616 τινα
1431 3559 1623 3634 λῆρον,
1659 3561 1709 3616 ἐν
1751 3559 1890 3632 ἠδο-

247 3663 333 3727 νῆς
393 3656 704 3732 ὑποκρίσει,
736 3652 958 3724 πολλὴν
1013 3653 1346 3727 ἐμποιοῦντα
1401 3657 1519 3718 τοῖς
1552 3653 1889 3730 περιτυγχά-

251 3767 388 3802 νουσι
421 3741 640 3821 βλάϐην
676 3763 690 3778 ο
722 3743 944 3799 πέπεικε
991 3741 1047 3798 δὲ
1103 3743 1408 3798 παντάπασι
1455 3745 1683 3811 πάντας,
1717 3743 1891 3798 ἐκεῖνα

252 3837 334 3908 μὶν
373 3831 568 3907 λώϐην
621 3838 808 3911 ψυχῆς
854 3834 945 3887 καὶ
1001 3833 1364 3908 νεωτερισμὸν
1412 3832 1547 3906 πρὸς
1604 3832 1667 3887 τὸ
1710 3837 1884 3902 Θεῖον,

249 3926 328 3979 καὶ
367 3925 650 3986 κολάσεως
700 3923 957 3997 ἀφορμήν
991 3922 1080 3976 καὶ
1137 3921 1202 3976 τὰ
1244 3925 1466 3976 τοιαῦτα
1495 3920 1741 3995 νομίζειν
1779 3941 1789 3952 ·
1823 3922 1891 3977 τά

252 4011 320 4082 δὲ,
361 4011 755 4088 περιπλείστου
802 4012 1092 4078 ποιεῖσθαι,
1127 4011 1213 4065 καὶ
1268 4015 1502 4065 συνεῖναι
1545 4011 1634 4065 καὶ
1681 4017 1891 4086 κεχρῆ-

253 4105 383 4171 σθαι,
435 4102 526 4158 καὶ
597 4100 804 4157 τούτων
875 4096 1166 4160 διαπαντὸς
1241 4096 1557 4168 ἀπολαύειν,
1617 4097 1891 4174 ἐπέσχατα

251 4190 415 4262 πάσης
469 4191 670 4265 ἀρετῆς
717 4187 1048 4268 ἀφιγμένων,
1085 4187 1183 4256 ὅση
1230 4188 1287 4242 τὲ
1320 4187 1502 4262 λόγων
1534 4187 1622 4242 καὶ
1662 4187 1760 4258 ὅση
1793 4192 1890 4244 τοῦ

251 4283 572 4356 πνεύματος,
632 4279 706 4340 ὡς
768 4277 1094 4352 ἑκατέρωθεν
1158 4271 1305 4356 ἔχειν
1371 4278 1496 4339 τοὺς
1567 4277 1890 4354 χρωμένους

2005 3211 2145 3268 sari.
2179 3213 2312 3268 Suis
2340 3212 2536 3284 itaque
2563 3212 2928 3268 carminibus
2958 3213 3016 3268 in
3060 3213 3181 3268 haec
3217 3213 3500 3284 impetum
3527 3229 3652 3270 ma-

2003 3317 2156 3373 gnus
2212 3300 2442 3372 pietatis
2492 3311 2888 3373 prepugnator
2937 3301 3084 3369 fecit,
3145 3301 3263 3356 illis
3321 3306 3443 3357 tum
3485 3301 3654 3358 omni

2003 3395 2320 3446 metrorum
2353 3405 2565 3462 genere
2612 3389 2996 3456 concinnatis,
3031 3395 3152 3445 tum
3186 3390 3560 3446 inenarrabili
3593 3396 3648 3446 et

2004 3477 2253 3534 miriﬁca
2281 3477 2564 3548 elegantia
2621 3478 2887 3544 imbutis,
2919 3483 3092 3550 atque
3142 3477 3256 3535 ista
3302 3478 3651 3549 Apollinarii

2002 3583 2199 3623 revera
2228 3566 2368 3622 nihil
2411 3567 2567 3622 aliud
2601 3583 2726 3622 esse
2755 3567 3018 3633 docebat,
3051 3583 3227 3637 quam
3261 3583 3446 3639 nugas
3468 3584 3650 3639 quas-

2001 3656 2134 3711 dam
2167 3656 2297 3712 t‘uco
2337 3660 2512 3727 atque
2557 3653 2843 3711 lenocinio
2891 3654 3266 3720 veliﬁcantes,
3311 3671 3435 3725 qua:
3485 3654 3644 3712 inani

2001 3744 2315 3817 voluptatis
2344 3743 2536 3815 specie
2567 3743 2880 3816 plurimum
2910 3743 3243 3799 detrimenti
3275 3744 3396 3799 suis
3419 3744 3648 3800 lectori-

2001 3838 2112 3892 bus
2143 3835 2544 3908 importarent.
2579 3849 2765 3906 eoque
2793 3850 2998 3890 omnes
3028 3835 3085 3889 in
3136 3833 3293 3890 illam
3336 3835 3510 3906 plane
3541 3835 3646 3891 ad-

2002 3926 2251 3982 ducebat
2271 3922 2644 3991 sententiam,
2701 3929 2764 3978 ut
2803 3923 2915 3978 ista
2955 3921 3158 3978 animae
3188 3923 3518 3993 perniciem,
3545 3940 3647 3980 no-

2004 4031 2222 4083 vasque
2253 4015 2322 4070 de
2352 4013 2467 4070 Deo
2498 4012 2887 4084 opinationes,
2921 4021 2972 4068 et
3013 4012 3204 4086 impia;
3257 4012 3648 4071 mutilationis

2003 4104 2323 4169 materiem,
2354 4108 2412 4158 et
2440 4101 2556 4157 alia
2602 4101 2657 4156 id
2700 4117 2907 4172 genus.
2939 4116 3061 4156 esse
3118 4102 3422 4170 ducerent,
3454 4107 3659 4158 contra

2003 4193 2352 4266 Gregoriana
2393 4190 2628 4262 plurimi
2669 4189 2944 4256 facerent,
2976 4195 3033 4245 et
3062 4189 3122 4246 in
3155 4191 3428 4247 manibus
3460 4191 3650 4248 habe-

2003 4291 2150 4348 rent,
2191 4285 2248 4338 et
2279 4284 2598 4348 uterentur,
2631 4279 3080 4350 fruerenturque
3107 4284 3406 4353 perpetuo,
3431 4281 3654 4354 quippe

250 4372 580 4444 χειροῦσθαι.
644 4371 708 4426 Εἰ
787 4367 891 4444 γὰρ
949 4368 1125 4422 ἐκεῖνα
1196 4369 1384 4442 ψυχῆς
1468 4365 1692 4441 δλεθρος
1763 4361 1891 4421 ὄντα

2004 4388 2129 4444 quea
2149 4371 2217 4424 ad
2233 4385 2528 4425 summum
2543 4369 2735 4425 omnis
2747 4369 2972 4424 virtutis
2989 4369 3242 4440 aepicem
3255 4411 3269 4438 ,
3283 4385 3569 4442 quaacunq
3584 4386 3656 4426 ue

248 4459 388 4530 ὁμῶς
412 4457 484 4514 δι’
515 4455 856 4532 εὐγλωττίας
901 4455 988 4510 καὶ
1024 4456 1249 4531 χάριτος
1291 4456 1390 4510 οὐκ
1420 4453 1647 4530 ὀλίγους
1705 4453 1888 4534 ἐφείλο

248 4567 381 4620 κετο,
428 4547 586 4610 τίνας
645 4547 746 4601 οὐκ
802 4545 864 4599 ἂν
923 4541 1277 4600 ἐπισπάσαιτο
1345 4548 1511 4598 ταῦτα
1580 4549 1687 4599 τῶν
1753 4545 1888 4598 πάν-

247 4657 368 4706 των,
400 4638 529 4692 ὅταν
577 4635 713 4710 πρὸς
759 4638 837 4706 τῷ
881 4632 1229 4709 γαργαλίζειν
1267 4631 1414 4708 ἔχειν
1451 4634 1517 4687 τὰ
1546 4631 1678 4704 ὦτα,
1710 4633 1799 4687 καὶ
1830 4633 1892 4688 τὸ

251 4727 501 4795 ςώζεσθαι
562 4723 1089 4797 μνῶνται,καθάπερ
1143 4743 1227 4784 τις
1269 4722 1414 4777 οἰκία
1471 4723 1526 4777 εὐ
1585 4743 1642 4778 τε
1687 4717 1891 4798 ἔχουσα

246 4813 478 4877 κάλλους
510 4816 600 4870 καὶ
632 4811 958 4891 φιλοσοφίαν
989 4811 1251 4867 ἀσκοῦσα.

2004 4466 2102 4516 aut
2131 4459 2495 4532 eloquentiae,
2546 4463 2646 4514 aut
2703 4457 2942 4527 spiritus
2991 4459 3175 4514 virtus
3224 4463 3332 4526 est,
3365 4461 3656 4516 ascende-

2004 4553 2158 4618 rant,
2193 4549 2274 4604 ita
2307 4552 2367 4604 ut
2410 4547 2685 4619 utrinque
2714 4563 2918 4618 capere
2946 4555 3000 4602 et
3040 4563 3376 4619 expugnare
3409 4549 3652 4605 lectores

2004 4643 2254 4710 possent.
2279 4636 2500 4708 Quippe
2526 4635 2573 4691 si
2605 4636 2740 4703 ista,
2794 4653 2923 4708 quae
2983 4636 3190 4692 animae
3217 4641 3336 4691 tam
3394 4637 3565 4694 noxia
3595 4646 3652 4694 et

2004 4725 2276 4797 pestifera
2297 4729 2480 4791 erant,
2512 4723 2898 4779 nihilominus
2923 4723 3210 4795 elegantia
3241 4728 3298 4778 et
3319 4740 3522 4779 venere
3543 4741 3652 4780 sua

2003 4830 2116 4868 non
2148 4829 2362 4885 paucos
2388 4811 2744 4878 alliciebant,
2780 4828 2922 4883 quos
2955 4828 3069 4867 non
3107 4813 3221 4866 haec
3261 4828 3327 4868 ex
3381 4813 3658 4870 omnibus

250 4907 313 4959 ad
343 4923 406 4962 se
435 4906 811 4972 attraherent,
844 4907 1078 4977 quando
1111 4908 1322 4976 praeter
1370 4903 1528 4959 illam
1581 4902 1856 4959 titillandi
1917 4904 2146 4959 aurium
2216 4904 2351 4970 vim,
2413 4903 2584 4958 etiam
2654 4903 2860 4958 animas
2919 4901 3164 4957 salutem
3215 4903 3656 4974 comparabant,

252 4993 428 5050 instar
457 4997 668 5052 domus
695 4995 1028 5064 cujusdam,
1060 4997 1186 5048 tum
1221 4993 1437 5048 attabre
1468 4998 1796 5060 exstructis,
1823 5001 1943 5048 tum
1984 4991 2364 5064 philosophiae
2396 4991 2718 5048 tractationi
2751 4991 2957 5047 dedita:
2979 4991 3008 5045 ?

322 5090 428 5140 PA".
462 5081 542 5140 Οὒ
567 5083 676 5156 μὴν
718 5080 862 5137 ἀλλά
891 5082 1110 5136 κάκεῖνο
1145 5085 1363 5135 σκοπεῖν
1397 5077 1498 5150 δεῖ,
1528 5081 1602 5143 ὡς
1641 5081 1749 5156 οὐχ
1779 5081 1894 5154 ἅμα

255 5172 417 5228 πάντα
446 5173 514 5226 τὰ
566 5170 694 5242 ἔπη,
727 5168 840 5226 οὐδ’
894 5169 1170 5245 ἀχομοίας
1201 5165 1267 5240 δή
1298 5189 1447 5230 τινος
1477 5170 1566 5223 καὶ
1617 5175 1741 5242 μιᾶς
1789 5175 1890 5237 τῆς

259 5260 424 5322 αἰτίας
475 5258 796 5316 συντέθειται
839 5264 918 5332 τῷ
967 5258 1104 5334 ἁγίῳ
1135 5278 1149 5292 ·
1197 5257 1344 5313 ἀλλά
1362 5259 1426 5312 τὰ
1470 5259 1588 5331 μὲν,
1622 5257 1769 5330 αὐτῷ
1801 5255 1888 5312 ἐπὶ

250 5354 339 5402 τοῦ
367 5350 578 5405 πάντων
612 5349 868 5424 ἐχθίστου
898 5348 989 5402 καὶ
1049 5345 1241 5421 μηδενί
1299 5347 1695 5408 καταλιπόντος
1735 5345 1888 5402 κακί-

253 5441 422 5506 ζεσθαι
477 5437 688 5512 μᾶλλον
740 5437 1046 5494 Ἰουλιανοῦ
1094 5435 1471 5493 κεκωλυκότος
1531 5436 1887 5513 Χριστιανοὺς

249 5527 341 5595 τὴν
365 5525 606 5599 Ἕλληνα
632 5526 795 5602 λόγον
832 5528 1033 5596 ἀσκεῖν,
1065 5526 1154 5582 καὶ
1206 5527 1510 5601 κεχρῆσθαι
1567 5530 1832 5601 ποιητικῇ
1868 5544 1882 5557 ο

319 5703 365 5741 ⁵⁸
389 5704 530 5765 Pes].
565 5720 761 5779 mni,
791 5705 845 5762 8.

2074 5081 2210 5136 CIV.
2245 5083 2416 5153 Atqui
2449 5085 2506 5136 et
2545 5081 2692 5137 illud
2722 5079 3016 5136 observari
3063 5082 3350 5143 convenit.
3404 5097 3516 5137 non
3551 5099 3662 5138 eo-

2003 5171 2133 5226 dem
2167 5176 2446 5240 tempore,
2483 5186 2584 5224 nec
2616 5167 2793 5224 simili
2825 5168 3076 5240 quadam
3112 5186 3344 5241 unaque
3376 5169 3547 5240 plane
3580 5171 3652 5227 de

2001 5275 2199 5322 causa,
2250 5258 2620 5314 sanctissimo
2679 5257 2796 5312 viro
2875 5257 2993 5312 hac
3051 5261 3247 5312 omnia
3308 5259 3654 5330 consignata

1999 5350 2177 5406 fuisse
2209 5349 2488 5418 carmina,
2519 5348 2615 5404 sed
2640 5348 2849 5419 partim
2890 5352 3150 5420 tempore
3182 5347 3347 5418 longe
3377 5351 3648 5406 omnium

1997 5437 2378 5504 odiosissimi,
2411 5436 2675 5507 nullique
2706 5435 3042 5492 mortalium
3068 5436 3308 5507 majoris
3333 5439 3646 5509 reprehen-

1997 5529 2178 5586 sionis
2211 5528 2400 5586 locum
2437 5524 3184 5600 relinquentisJuliani,qui
3217 5525 3407 5584 edicto
3442 5543 3660 5587 sanxe-
