3986 6228
417 426 537 487 323

1721 419 2119 480 THEODULI
2165 416 2518 478 MONACHI

3704 421 3815 484 324

417 561 530 629 rat,
554 573 625 614 ne
641 556 775 629 quis
804 553 1177 611 Christianus
1209 552 1278 609 ad
1305 551 1497 608 studia
1521 550 1727 608 veteris
1749 549 2061 608 Graecanici

2189 548 2250 610 ὗς
2283 547 2361 609 εἷς
2409 547 2647 624 ἀνάγκην
2699 555 3025 619 καταστῆναι
3076 549 3169 604 τὸν
3215 552 3381 625 μέγαν
3429 549 3531 624 ἔπη
3581 558 3817 609 συνθίναι

419 647 704 706 sermonis
721 643 1102 712 incumberet,
1127 660 1239 700 neu
1265 647 1446 698 artem
1467 646 1744 697 tractaret
1757 640 2064 714 poeticam;

418 741 608 810 itaque
642 733 1072 791 necessitudine
1101 741 1361 790 coactum
1391 732 1580 787 virum
1611 730 1952 798 maximum,
1991 730 2065 785 ad

419 827 574 883 varia
604 823 802 880 omnia
832 823 1058 892 generis
1087 821 1366 888 carmina,
1397 827 1451 875 et
1485 818 1668 875 multa
1708 817 1927 890 ubique
1967 834 2061 874 ve-

417 919 647 972 nustate
700 913 924 980 referta,
987 912 1310 984 pangenda,
1359 911 1674 980 eademque
1733 914 2064 964 nostrarum

417 1003 670 1077 partium
705 1001 1096 1058 sectatoribus
1126 999 1423 1063 omnibus,
1465 998 1792 1055 communis
1823 997 2066 1054 institu-

416 1094 593 1152 tionis
644 1091 1031 1162 utilitatisque
1088 1106 1286 1158 causa,
1348 1089 1743 1161 proponenda.
1799 1086 2062 1144 Aliorum

417 1200 623 1240 rursus
663 1197 923 1246 causam,
958 1185 1022 1236 ut
1052 1178 1328 1244 diximus,
1369 1177 1616 1249 praebuit
1647 1176 2066 1250 Apollinarius,

2175 643 2421 699 παντοῖα.
2461 635 2606 692 πολὺ
2645 637 2708 692 τὸ
2741 639 2929 713 χάριεν
2969 636 3272 695 διαπάντων
3301 638 3502 717 ἔχοντα
3536 662 3549 675 ·
3583 643 3673 698 καὶ
3706 652 3820 708 τοῖς

2175 730 2291 782 καθ’
2321 730 2470 801 ἡμᾶς
2511 732 2637 783 πᾶσι
2669 733 2837 784 ταῦτα
2867 732 3147 806 προθεῖναι
3196 732 3377 788 κοινὸν
3433 731 3705 808 παίδευμα
3738 738 3822 792 καὶ

2173 820 2359 887 κοινὴν
2407 815 2610 888 ὅνησιν,
2653 815 2815 874 τῶνδ’
2865 818 3061 888 αἴτιος,
3103 821 3177 882 ὡς
3229 819 3385 899 ἔφην,
3441 823 3823 898 Ἀπολινάριος

2176 906 2437 984 ἐγεγόνει,
2473 933 2498 959 ι(
2538 907 2668 962 Οεὸν
2700 913 2817 963 κατ’
2865 907 3172 984 Αἰσχύλον,
3222 911 3420 982 ἀτίζων
3471 913 3825 988 κᾷπογυμνά-

2177 1002 2280 1066 ζων
2331 999 2526 1070 στόμα,
2589 996 2781 1067 θνητὸς
2813 994 2886 1050 ὥν
2920 1019 2930 1029 °
2993 999 3065 1052 ὧν
3127 1000 3374 1055 ἁπάντων
3425 1004 3548 1076 πέρι
3597 1003 3821 1078 πρόσθεν

2175 1083 2452 1158 ἐμνήσθην
2504 1085 2840 1161 μακρότερον
2889 1087 2976 1141 καὶ
3029 1085 3152 1142 ὅσον
3204 1088 3348 1151 εἰκὸς
3391 1092 3480 1162 ἦν,
3512 1093 3586 1154 ὥς
3632 1114 3691 1166 γε
3725 1091 3821 1166 ἐγὼ

2173 1174 2402 1247 νομίζω.

416 1297 444 1325 ι(
476 1289 673 1330 vecors
705 1271 802 1328 Dei
832 1273 1196 1340 contemptor
1225 1273 1282 1325 et
1311 1266 1512 1324 laxans
1543 1267 1793 1340 probris,
1830 1266 2094 1323 mortalia
2121 1281 2243 1331 ora,
2271 1286 2294 1317 ι
2323 1270 2386 1320 ut
2415 1282 2550 1322 cum
2571 1265 2842 1340 JEschylo
2871 1266 3078 1340 loquar
3097 1269 3232 1341 (14).
3266 1270 3404 1334 Quae
3425 1271 3622 1328 omnia
3645 1273 3822 1345 pluri-

415 1364 548 1431 bus,
582 1368 639 1417 et
669 1369 950 1434 quantum
985 1361 1443 1414 consentaneum
1477 1362 1602 1413 erat
1632 1362 1822 1423 antea,
1859 1363 1919 1411 ut
1948 1353 2218 1420 arbitror,
2251 1355 2630 1425 exposuimus
2659 1356 2823 1428 (Μ’).

486 1452 596 1507 CV.
630 1455 798 1506 Hunc
830 1449 924 1505 ille
953 1447 1014 1503 in
1066 1447 1327 1509 modum,
1361 1463 1496 1502 cum
1529 1446 1773 1502 dicendo
1806 1445 2064 1500 scriben-

416 1543 769 1613 doque,tum
789 1545 921 1595 ante
938 1537 1055 1593 haec
1080 1537 1336 1610 itemque
1358 1552 1492 1592 cum
1517 1535 1608 1592 bis
1629 1536 1771 1606 ipsis
1791 1535 2064 1592 universas

417 1631 648 1687 virtutis
677 1627 976 1699 exemplar
1002 1627 1384 1698 semetipsum
1437 1625 1783 1694 exhibendo,
1817 1625 1958 1680 bene
1997 1623 2066 1678 de

416 1723 536 1778 vita
561 1720 824 1776 humana
855 1717 1076 1784 mereri,
1113 1732 1362 1787 eamque
1409 1715 1758 1772 ornatiorem
1805 1713 2067 1779 reddere,

419 1812 750 1864 constanter
780 1806 1028 1879 perrexit
1062 1821 1076 1858 2
1109 1809 1164 1860 et
1194 1802 1519 1876 spiritualie
1549 1801 1842 1858 felicitatis
1865 1806 2070 1857 auctor

419 1897 749 1971 praecipuus
780 1895 1119 1954 hominibus
1149 1900 1293 1962 erat,
1328 1901 1388 1949 ut
1421 1895 1520 1964 qui
1552 1892 1740 1948 modis
1775 1892 2066 1959 omnibus,

2251 1444 2361 1498 PE'.
2395 1443 2553 1499 Οὕτω
2585 1443 2672 1497 καὶ
2703 1441 2878 1517 λέγων
2912 1444 3000 1500 καὶ
3025 1447 3247 1526 γράφων
3276 1448 3363 1502 καὶ
3387 1449 3490 1522 πρό
3522 1470 3581 1523 γε
3615 1451 3822 1506 τούτων

2175 1533 2264 1588 καὶ
2326 1534 2461 1606 μετά
2501 1531 2734 1602 τούτων,
2767 1538 2847 1598 οἷς
2891 1537 3084 1609 ἀρετῆς
3143 1539 3426 1612 ξυμπάσης
3479 1541 3668 1596 ἑαυτὸν
3735 1543 3819 1596 τύ-

2175 1642 2274 1676 πον
2305 1628 2556 1701 παρεῖχε,
2598 1624 2688 1677 τὸν
2719 1625 3054 1699 ἀνθρώπινον
3096 1627 3215 1700 βίον
3263 1628 3318 1682 εὗ
3367 1633 3537 1684 ποιῶν
3584 1631 3674 1684 καὶ
3731 1652 3821 1686 κο-

2175 1717 2330 1784 ,ομῶν
2389 1711 2637 1771 διετὲλει.
2699 1715 2798 1770 Καὶ
2855 1721 2954 1785 τῆς
3013 1717 3149 1771 κατά
3205 1719 3392 1793 ψυχὴν
3472 1716 3825 1792 εὐδαιμονίας

2175 1800 2390 1864 τοῦτοις
2445 1801 2765 1866 αἶτιώτκτος
2820 1805 2886 1874 ἦν
2925 1825 2938 1838 ’
2997 1805 3254 1862 πάντοθεν
3312 1805 3513 1870 πάντας
3582 1809 3719 1885 πρός
3767 1812 3822 1864 τὸ

2183 1888 2462 1965 βέλτιστον
2519 1890 2726 1967 ἐνάγων
2782 1895 2869 1948 καὶ
2933 1897 3184 1959 καθιστάς
3219 1918 3231 1930 ·
3303 1896 3390 1951 καὶ
3450 1903 3594 1976 σφῶν
3648 1899 3824 1954 αὐτῶν

421 1989 489 2044 ad
521 1988 580 2043 id
614 1985 772 2059 quod
802 1991 892 2042 est
919 1985 1202 2056 optimum
1238 1984 1538 2040 induceret
1568 1999 1772 2039 omnes
1808 2000 1873 2038 ac
1919 1999 2069 2040 com-

2189 1980 2635 2058 σπουδαιοτέρους
2686 1985 2789 2040 αἰεὲ
2849 1983 3077 2049 δεικνύς.
3151 1991 3354 2062 Ὥσπερ
3421 1991 3521 2064 γὰρ
3572 1991 3824 2064 ὕπαρχος

418 2081 680 2149 poneret,
707 2081 765 2131 et
799 2075 1064 2131 meliores
1096 2073 1306 2145 seipsis
1336 2089 1572 2144 semper
1601 2071 1874 2130 efﬁceret.
1897 2073 2078 2130 Nimi-

422 2182 554 2223 rum
584 2167 738 2220 velut
766 2165 866 2237 qui
926 2164 1026 2220 Dei
1076 2162 1306 2235 Optimi,
1372 2161 1628 2233 Maximi,
1689 2163 1944 2235 legatus,
1976 2173 2074 2220 aut

425 2255 814 2328 propinquus,
845 2260 942 2308 aut
990 2251 1358 2309 oraculorum
1418 2251 1607 2324 ipsius
1655 2251 1954 2324 popularis
2010 2251 2066 2308 in

427 2353 578 2402 terra
607 2343 893 2413 interpres
943 2346 1141 2397 esset:
1201 2340 1284 2397 ita
1334 2339 1505 2412 plane
1560 2340 1831 2398 omnibus
1889 2340 2070 2398 hahe-

426 2435 617 2503 batur,
652 2433 711 2488 in
769 2447 954 2504 eoque
993 2447 1216 2495 omnes,
1279 2436 1554 2502 tanquam
1614 2431 1673 2486 in
1733 2431 2068 2504 archetypo,

426 2531 524 2580 aut
555 2539 705 2591 arce,
740 2530 839 2577 aut
864 2519 1117 2577 sacrario
1147 2520 1338 2576 omnis
1369 2519 1614 2592 pulchri,
1640 2521 1902 2576 obtutum
1932 2521 2076 2592 tige-

426 2615 588 2682 bant,
619 2613 865 2684 ejusque
898 2610 1086 2671 verba,
1150 2626 1261 2664 non
1294 2610 1553 2666 hominis
1603 2609 1850 2681 alicujus
1880 2613 2072 2679 verba,

425 2702 530 2758 sed
553 2700 894 2758 admiranda
926 2699 1025 2756 Dei
1047 2699 1220 2755 etfata
1248 2700 1575 2768 etoracula,
1602 2699 1816 2772 quibus
1839 2705 2074 2756 contra-

424 2792 616 2846 dicere
645 2790 807 2845 nel’as
839 2789 1010 2860 plane
1039 2796 1212 2854 esset,
1261 2788 1570 2844 ducebant.
1624 2789 1835 2844 Adhmc
1883 2789 2073 2845 verbis

425 2882 551 2952 ejus
593 2880 737 2934 fides
763 2883 818 2932 et
864 2877 1246 2949 probabilitas
1276 2878 1446 2950 plane
1494 2878 1822 2934 necessario
1852 2878 2072 2946 aderat,

425 2969 650 3025 scilicet
705 2967 986 3038 quoniam
1037 2983 1163 3038 quae
1222 2967 1353 3022 aliis
1411 2967 1702 3034 suaderet,
1736 2984 1804 3022 ea
1850 2967 2108 3040 primus.

428 3057 848 3129 perfectissime
897 3058 1358 3128 exsequebatur;
1390 3062 1627 3128 eratque
1659 3064 1778 3112 tum
1803 3056 2068 3129 loquens,

429 3152 554 3202 tum
585 3149 766 3202 tacita
795 3148 1058 3218 quaedam
1093 3144 1436 3208 exhortatio,
1471 3145 1521 3198 id
1583 3144 1665 3199 illi
1717 3145 1966 3201 maximo
1999 3147 2067 3201 ad

424 3237 888 3308 persuadendum
939 3235 1300 3307 adiumento,
1361 3251 1682 3306 omnesque
1739 3234 2071 3292 voluntaria

2290 2075 2324 2143 ἦ
2373 2075 2628 2149 ξυγγενὴς
2679 2078 2772 2129 τοῦ
2823 2074 3067 2150 μεγάλου
3115 2081 3250 2132 Θεοῦ
3291 2077 3324 2146 ἢ
3367 2075 3709 2153 δημαγωγὸς
3744 2077 3825 2134 ἐπὶ

2185 2169 2284 2235 γῆς
2343 2167 2447 2216 τῶν
2500 2163 2668 2218 αὐτοῦ
2711 2165 3114 2238 θεσπισμάτων,
3164 2165 3308 2221 οὕτω
3380 2168 3615 2237 καθάπαξ
3669 2172 3825 2222 πᾶσιν

2189 2247 2385 2319 ἐδόκει,
2443 2254 2526 2306 καί
2571 2253 2759 2314 πάντες
2818 2253 2892 2316 εἰς
2952 2254 3108 2309 αὐτὸν
3165 2255 3346 2331 ὥσπερ
3423 2256 3737 2332 ἀρχέτυπον

2187 2341 2550 2416 ὁρμητήριον,
2582 2342 2616 2411 ἢ
2649 2344 2824 2396 ἑστίαν
2875 2341 3047 2398 καλοῦ
3079 2344 3278 2405 παντὸς
3308 2345 3568 2424 ἀφεώρων
3605 2365 3618 2378 ο
3659 2347 3826 2420 νομί-

2189 2436 2366 2499 ζοντες
2396 2430 2523 2494 τοὺς
2582 2431 2746 2487 αὐτοῦ
2806 2430 3023 2507 λόγους,
3084 2433 3183 2489 οὐκ
3229 2434 3518 2510 ἀνθρώπου
3565 2433 3633 2505 δή
3677 2457 3826 2498 τινος

2187 2516 2412 2594 λόγους,
2445 2517 2593 2575 ἀλλά
2623 2523 2936 2593 θαυμαστάς
2967 2542 3114 2584 τινας
3146 2523 3178 2577 ἀ
3215 2524 3465 2601 τοφάσεις
3513 2529 3669 2594 Θεοῦι
3722 2548 3826 2598 μηδ

2187 2605 2471 2678 δηντινοῦν
2506 2607 2777 2685 δεχομένα
2819 2612 3118 2690 ἀντιφασιν.
3156 2612 3260 2668 Καὶ
3311 2621 3520 2689 προσῆν
3567 2617 3629 2669 τὸ
3681 2611 3828 2670 εἱκό-

2185 2717 2296 2758 τως
2345 2699 2434 2754 καὶ
2489 2701 2624 2772 μετά
2667 2701 2844 2770 πάσης
2904 2700 3142 2776 ἀνάγκης
3178 2719 3191 2731 ⁸
3229 2702 3290 2756 τὸ
3337 2703 3438 2777 γὰρ
3489 2703 3522 2757 ’ἀ
3568 2704 3827 2778 παρῄνει,

2185 2789 2336 2844 ταῦτ’
2366 2788 2524 2844 αὐτὸν
2557 2794 2776 2859 πηῶτον
2816 2789 2955 2862 μετά
2985 2789 3202 2846 πολλοῦ
3249 2796 3344 2847 τοῦ
3388 2791 3669 2867 περιόντος
3727 2794 3850 2865 εἰρ-

2183 2878 2378 2952 γάσθαι
2428 2881 2517 2933 καὶ
2564 2878 2932 2954 φθεγγομένην
2968 2880 3104 2935 εἶναι
3144 2882 3233 2935 καὶ
3293 2887 3580 2937 σιωπῶσαν
3631 2883 3828 2958 παραί-

2182 2989 2346 3038 νεσιν,
2399 2968 2648 3044 μέγιστον
2694 2969 2760 3036 ἦν
2825 2967 2968 3040 αὐτῷ
3019 2969 3155 3041 πρὸς
3211 2970 3275 3024 τὸ
3331 2973 3552 3041 πείθειν,
3602 2972 3699 3027 καὶ
3759 2970 3826 3026 δι’

2181 3057 2420 3132 ἀνάγκης
2479 3056 2792 3112 ἐθελουσίου
2850 3059 3046 3120 πάντας
3104 3062 3442 3136 χειροῦσθαι,
3485 3061 3546 3116 οὐ
3607 3061 3826 3133 μᾶλλον

2180 3144 2356 3216 ἦδέως
2409 3146 2556 3220 αυτῷ
2612 3146 3094 3223 προσχωροῦντας,
3144 3150 3178 3218 ἢ
3237 3148 3421 3221 ἀηδῶς
3469 3151 3827 3208 ἀπαλλάττον

2179 3258 2271 3298 τας
2309 3256 2321 3269 ·
2359 3237 2572 3310 μᾶλλον
2605 3235 2662 3292 δὲ
2692 3241 2775 3301 οἷς
2796 3237 3076 3314 δυσχερῶς
3107 3242 3244 3314 πρὸς
3271 3242 3416 3296 τοῦτ’
3465 3242 3644 3320 εἶχον,
3684 3264 3828 3316 μαρ-

2198 2071 2223 2090 η

2187 2095 2232 2126 ω
2237 2098 2260 2126 ν

423 3325 766 3383 necessitate
797 3324 1298 3396 constringendos,
1333 3324 1440 3378 fuit
1471 3323 1682 3396 quippe
1703 3324 1802 3397 qui
1829 3343 1940 3381 non
1967 3327 2068 3396 ju-

2189 3331 2460 3399 τυροῦντες
2507 3347 2641 3394 ησαν
2683 3327 2926 3403 ἑκάτερα,
2966 3329 3182 3384 κάκεῖνο
3233 3330 3354 3403 περῖ
3407 3330 3662 3395 πλείονος
3699 3333 3826 3386 ὅτου

422 3415 673 3472 cundius
706 3416 778 3472 ad
807 3413 1103 3470 hominem
1136 3414 1496 3483 ventilarent,
1521 3429 1696 3486 quam
1715 3415 1920 3485 regrius
1942 3417 2067 3472 dis-

424 3504 710 3573 cederent,
745 3509 848 3560 aut
879 3504 1071 3560 verius
1109 3520 1197 3572 eo,
1229 3504 1380 3575 quod
1434 3503 1542 3558 hoc
1590 3505 1882 3576 poteriue
1913 3522 2065 3578 aegre

2179 3416 2261 3476 τίς
2304 3415 2364 3470 ἃν
2425 3415 2568 3472 εἷ’ποι
2619 3419 2887 3472 ποιεῖσθαι
2923 3436 2934 3448 ’
2986 3419 3075 3473 καὶ
3123 3421 3285 3475 τοῦτο
3336 3417 3688 3498 διαφερόντος
3738 3443 3832 3495 μι-

2178 3511 2310 3575 σεῖν,
2343 3503 2432 3560 διὰ
2462 3507 2562 3575 τὴν
2595 3506 2729 3580 πρὸς
2761 3506 2934 3563 ἐκεῖνο
2966 3509 3358 3582 προσπάθειαν.

427 3594 704 3656 ferebant,
738 3603 1051 3665 utrumque
1080 3593 1542 3664 comprobarent,
1577 3593 1853 3650 nimirum
1887 3596 2041 3667 quod
2073 3602 2130 3653 et
2152 3596 2298 3653 illud
2353 3599 2514 3669 prius
2573 3597 2778 3668 pluris,
2835 3615 3010 3670 quam
3068 3601 3348 3672 quidquid
3409 3601 3618 3658 dixerit
3656 3603 3832 3675 quis-

425 3686 601 3757 piam.
639 3683 1154 3754 facerent;ethoc
1214 3683 1501 3759 posterius
1561 3685 1838 3755 majorem
1890 3686 1947 3740 in
1995 3687 2230 3744 modum
2291 3686 2572 3752 odissent,
2632 3687 2761 3744 ideo
2801 3689 3088 3757 videlicet,
3150 3689 3430 3761 quoniam
3487 3691 3586 3747 illo
3644 3691 3834 3750 altero

424 3777 793 3832 vehementer
823 3775 1208 3831 afﬁcerentur.

499 3867 628 3924 CVI.
665 3866 1178 3922 Verumenimvero
1212 3870 1440 3937 tempus
1481 3882 1639 3922 nunc
1688 3867 1917 3922 tandem
1949 3867 2076 3924 fue-

427 3960 522 4024 rit,
557 3962 681 4012 tum
709 3956 875 4028 legis,
911 3972 1036 4027 qua:
1067 3955 1161 4011 his
1189 3954 1250 4012 in
1300 3955 1474 4010 rebus
1529 3955 1753 4027 pridem
1822 3957 2065 4024 obtinet,

431 4065 628 4118 causa,
661 4056 780 4103 tum
813 4047 969 4118 quod
993 4047 1214 4118 optima
1242 4046 1418 4102 etiam
1450 4047 1772 4118 saepissime
1797 4063 1938 4104 sane
1968 4047 2072 4102 ite-

433 4138 615 4193 randa
636 4141 796 4203 sunt,
811 4153 935 4208 quae
949 4136 1216 4208 pluribus
1232 4136 1402 4191 modo
1425 4141 1880 4192 commemorata
1897 4138 2074 4202 fuere,

433 4229 632 4284 eadem
667 4243 820 4283 nunc
843 4226 1032 4282 denuo
1047 4226 1290 4280 orationi
1318 4223 1684 4297 indulgendi,
1713 4225 2076 4298 breviterque

431 4316 824 4390 percurrendi.
860 4315 1064 4387 Ecquis
1111 4314 1265 4370 enim
1302 4331 1482 4388 usque
1527 4315 1666 4370 adeo
1698 4314 2076 4372 admirabiles

430 4406 488 4462 in
521 4405 696 4462 vitam
729 4405 1024 4475 ingressus
1050 4405 1276 4470 habuit,
1301 4409 1365 4458 ut
1396 4420 1508 4459 non
1535 4405 1705 4459 modo
1731 4405 2074 4476 priusquam

430 4502 746 4569 conceptus
778 4499 934 4552 esset
960 4496 1068 4551 Deo
1100 4495 1368 4568 religiose
1398 4495 1786 4559 dedicaretur,
1819 4496 1920 4549 sed
1943 4511 2076 4550 vero

429 4588 600 4644 etiam
633 4591 796 4643 ortus
827 4584 916 4642 sui
945 4584 1214 4656 angelum
1249 4585 1489 4640 haberet
1511 4599 1852 4657 praeconem,
1883 4582 2073 4654 qualis

431 4681 799 4751 quantusque
829 4676 1201 4748 postmodum
1223 4691 1524 4740 evasurus,
1548 4678 1604 4729 et
1625 4675 1777 4745 quod
1803 4674 2076 4730 omnibus

2310 3867 2381 3887 ρο
2459 3873 2470 3888 ο
2585 3868 2596 3882 ‘
2690 3868 2701 3886 ν
2736 3867 2761 3888 9‘
2858 3866 2883 3885 ν
3098 3867 3111 3888 \
3277 3871 3285 3886 Ι
3458 3872 3470 3888 \
3565 3871 3580 3888 9
3633 3873 3646 3889 ς
3777 3875 3800 3887 η-

2258 3873 2344 3942 Ρε
2391 3910 2404 3923 .
2441 3864 2683 3942 Καιροςδ
2733 3889 2792 3922 αν
2829 3889 2912 3939 ειη
2949 3868 3168 3936 λοιπον,
3203 3867 3291 3926 δια
3319 3891 3378 3925 τε
3419 3891 3510 3925 τον
3563 3893 3648 3928 επι
3705 3893 3838 3928 του-

2184 3976 2297 4018 τοις
2337 3953 2438 4026 ἤδη
2471 3959 2810 4031 κρατήσαντα
2830 3959 3021 4030 νόμον,
3058 3960 3145 4014 καὶ
3177 3960 3240 4014 τὸ
3270 3961 3335 4014 τά
3387 3959 3645 4034 βέλτιστα
3682 3969 3840 4037 χσῆ-

2183 4065 2266 4097 ναι
2299 4045 2387 4099 καὶ
2419 4046 2555 4100 πάνυ
2604 4067 2690 4100 τοι
2743 4044 3014 4109 πολλάκις
3075 4047 3343 4121 εἰρῆσθαι,
3377 4049 3448 4104 ὧν
3497 4045 3587 4104 διὰ
3636 4047 3836 4105 πλειό-

2184 4156 2288 4188 νων
2320 4133 2648 4208 ἐμεμνήμην
2681 4137 2902 4211 ἀρτίως,
2935 4138 3085 4191 ταῦτ’
3117 4138 3216 4210 ἀρα
3247 4137 3338 4192 καὶ
3385 4142 3476 4192 νῦν
3518 4136 3708 4193 δοῦναι
3760 4144 3842 4210 τῷ

2190 4223 2364 4300 λόγῳ,
2404 4225 2492 4279 καὶ
2527 4222 2757 4280 διελθεῖν
2789 4224 2840 4280 ὲν
2877 4227 3093 4304 βραχεῖ.
3135 4226 3222 4287 Τίς
3259 4227 3352 4299 μὲν
3385 4227 3489 4301 γάρ
3521 4226 3667 4282 οὕτω
3703 4229 3842 4282 θαυ-

2190 4313 2395 4386 μαστάς
2415 4334 2558 4376 τινας
2591 4312 2719 4392 ἔσχε
2744 4334 2840 4376 τας
2875 4313 2949 4376 είς
2999 4315 3092 4369 τὸν
3146 4314 3262 4390 βίον
3311 4313 3607 4388 προόδους,
3641 4317 3720 4380 ὡς
3759 4320 3839 4392 μή

2189 4406 2354 4476 μόνον
2386 4404 2510 4476 πρὶν
2542 4405 2576 4474 ἢ
2631 4403 2985 4482 συνειλῆφθαι
3024 4401 3270 4475 ἀνάθημα
3318 4409 3433 4476 Θεῷ
3484 4408 3845 4482 γεγενῆσθαι,

2187 4489 2334 4547 ἀλλά
2371 4492 2459 4546 καὶ
2491 4495 2702 4567 κήρυκα
2731 4498 2830 4561 τῆς
2860 4493 3116 4566 γενέσεως
3158 4491 3384 4569 ἄγγελον
3427 4499 3606 4568 σχεῖν,
3639 4495 3846 4556 ὁποῖος

2187 4577 2269 4654 ἄρ’
2322 4578 2486 4634 ἔπειτ’
2545 4578 2715 4649 ἔσται,
2775 4583 2864 4634 καὶ
2925 4581 3072 4642 ὅπως
3131 4580 3264 4656 ὑπερ
3333 4583 3532 4644 πάντος
3606 4580 3851 4638 διαπάν-

2187 4691 2295 4724 των
2330 4667 2622 4743 ἐκλάμψει,
2660 4668 2932 4744 μηνύοντα
2980 4673 3164 4747 σαφῶς
3192 4674 3260 4742 τῇ
3296 4671 3463 4744 μητρί
3499 4690 3511 4740 ;
3542 4670 3633 4732 Τίς
3668 4670 3736 4727 δὶ
3782 4675 3850 4728 τά

429 4742 488 4822 in
523 4767 718 4834 rebus,
747 4765 916 4838 longe
951 4768 1085 4820 ante
1117 4763 1263 4820 alios
1320 4742 1676 4818 emicaturus
1713 4771 1886 4832 esset,
1921 4763 2071 4818 matri

2190 4758 2414 4833 πρόσθεν
2444 4742 2560 4821 τοῖς
2607 4742 2796 4836 ἐφεξῆς
2831 4757 2975 4812 οὕτω
3023 4742 3319 4832 παρῆλθεν,
3354 4742 3427 4820 ὡς
3479 4757 3659 4815 εἵνεκά
3707 4761 3852 4816 τοῦ-

434 4853 776 4930 planissime
806 4853 1212 4926 pradicantem
1234 4852 1262 4906 ?
1289 4853 1435 4907 Tum
1471 4854 1600 4924 quis
1648 4852 1844 4925 priora
1884 4861 2079 4925 poste-

434 4945 688 5002 rioribus
715 4943 775 4999 in
803 4948 1032 5000 tantum
1067 4943 1362 5016 praeteriit,
1397 4946 1458 4997 ut
1489 4942 1590 4997 illa
1618 4959 1752 4997 cum
1786 4942 1877 4998 his
1913 4958 2080 4997 com-

433 5039 635 5108 parata
665 5050 842 5108 prope
873 5033 1040 5088 nihili
1089 5033 1225 5100 sint,
1259 5032 1492 5103 quando
1533 5032 1702 5098 adeo,
1751 5032 1902 5104 quod
1950 5049 2082 5100 pro-

433 5125 627 5182 verbio
676 5124 859 5191 aiunt,
919 5126 1196 5194 praestant
1265 5121 1602 5192 posteriora,
1662 5125 1718 5176 et
1779 5121 2080 5193 plusquam

434 5212 762 5288 praestant?
797 5213 892 5269 cui
923 5212 1056 5267 item
1074 5211 1142 5266 ad
1161 5209 1521 5281 utraquehac
1546 5226 1602 5266 re
1626 5211 1810 5281 major
1825 5226 2078 5281 unquam

439 5305 632 5378 gloria
675 5303 945 5360 materies
994 5301 1358 5373 suppetebat,
1391 5299 1560 5356 etiam
1607 5316 1719 5371 prae
1769 5299 1839 5354 iis
1882 5301 1985 5370 qui
2017 5302 2081 5354 de

441 5393 725 5450 alterutra
754 5409 815 5448 se
847 5393 1058 5463 iactant
1088 5387 1116 5443 τ
1164 5390 1338 5446 Porro
1379 5389 1508 5462 quis
1553 5389 1631 5445 ita
1677 5389 2085 5445 convenienter

443 5483 688 5554 prepriis
724 5483 895 5538 bonis
935 5480 1080 5547 suis,
1115 5480 1359 5552 patriam
1395 5477 1571 5534 simul
1603 5489 1775 5550 atque
1813 5483 2085 5550 parentes

444 5572 686 5627 sortitus
705 5571 814 5626 fuit
834 5573 1146 5642 ?parentes
1164 5568 1466 5640 nimirum,
1483 5568 1781 5633 omnibus,
1797 5572 2088 5640 quotquot

516 5753 631 5823 (14)
661 5751 863 5806 Ἐπτά
903 5749 1007 5804 ἐπὶ
1051 5743 1322 5819 Θήϐαις.
1357 5751 1423 5806 ν.
1457 5753 1584 5808 447.

2190 4869 2298 4901 των
2329 4843 2498 4922 μηδὲν
2531 4845 2702 4902 ὄντων
2745 4845 2985 4916 ἐκείνων,
3019 4843 3281 4921 δευτέρων
3321 4847 3477 4924 φασὶν
3531 4850 3852 4922 ἀμεινόνων

2191 4943 2279 4992 καί
2331 4935 2408 4994 ἔτι
2465 4959 2525 5014 γε
2581 4941 2717 5011 πρὸς
2773 4938 2876 4992 τίνι
2929 4935 2972 4991 δ’
3044 4936 3094 4992 ἐν
3170 4936 3442 5013 ἑκατέροις
3517 4936 3855 5016 εὐδοκιμεῖν

2195 5025 2407 5100 μᾶλλον
2465 5027 2668 5102 ὑπῆρξε
2714 5031 2820 5082 τῶν
2881 5025 3090 5101 θατέρῳ
3139 5026 3590 5100 σεμνυνομὲμων.
3629 5029 3733 5094 Τίς
3801 5028 3862 5087 δὲ

2191 5121 2307 5179 τοῖς
2339 5121 2600 5192 προσοῦσι
2631 5116 2823 5178 καλοῖς
2855 5117 2945 5170 καὶ
2985 5113 3353 5186 καταλλήλως
3386 5115 3529 5172 οὕτω
3585 5119 3862 5197 μετέσχε,

2191 5209 2289 5272 τῆς
2339 5226 2397 5260 τε
2444 5204 2701 5281 πατρίδος
2751 5210 2856 5260 τῶν
2907 5226 2965 5259 τε
3017 5205 3244 5274 τοκέων,
3303 5209 3408 5259 τῶν
3482 5207 3576 5278 μὲν
3631 5211 3861 5272 πάντας

2193 5297 2318 5358 τοὺς
2384 5297 2550 5370 ταύτῃ
2635 5295 3104 5370 προσειρημὲνους
3170 5296 3605 5371 παρενεγκόντων
3677 5300 3865 5374 ἀρετῇ

2191 5405 2251 5439 τε
2301 5384 2389 5438 καί
2440 5389 2518 5457 τῷ
2570 5387 2882 5457 θαυμαστοῦ
2925 5385 3015 5439 καὶ
3061 5385 3193 5460 ὑπὲρ
3243 5387 3442 5446 πάντας
3482 5382 3684 5448 παιδὸς
3739 5390 3868 5460 ἡξι.

2197 5477 2386 5542 ῶσθαι,
2439 5475 2527 5527 καὶ
2579 5474 2714 5528 εἶναι
2767 5479 2963 5528 τοῦτον
2999 5474 3276 5534 κάκείνους
3325 5475 3634 5542 τοιούτους,
3698 5476 3870 5540 οἴους

2196 5561 2486 5633 ἀλλήλους
2516 5565 2829 5636 προσήκειν,
2864 5563 2950 5616 καὶ
2989 5560 3156 5635 μηδὲν
3192 5561 3335 5624 ὅλως
3388 5561 3581 5630 ἐνδεῖν,
3611 5570 3725 5634 τῆς
3787 5566 3876 5635 δὲ,

2264 5749 2397 5820 (14⁸)
2427 5750 2511 5806 Cf.
2545 5766 2712 5822 capp.
2746 5749 2837 5816 29,
2870 5750 2956 5804 3t).
