4118 6214
261 403 376 464 325
1273 395 1670 458 LAUDATIO
1713 398 1777 459 S.
1827 397 2197 460 GBEGORII
2222 397 2652 460 'THEOLOGI.
3545 395 3662 456 326

257 531 569 589 διαπάντων
629 530 706 584 ὧν
752 529 1115 602 θαυμάζονται
1175 525 1366 588 πόλεις
1418 526 1635 596 ἰούσης,
1686 525 1902 582 κάντεῦ-

2037 547 2128 585 ioc
2165 529 2433 602 appellati
2467 530 2701 586 nomine
2747 530 2923 598 fuere,
2955 535 3009 586 et
3061 547 3166 586 sua
3206 529 3420 586 virtute
3447 545 3662 602 super—

263 625 345 678 Θεν
383 622 642 695 μεγίστας
689 619 835 690 παρᾶ
871 621 1000 671 πᾶσι
1034 617 1342 695 φερομένης
1383 617 1478 678 τὰς
1530 619 1784 692 ψήφουςς
1815 616 1906 682 Τίς

2037 624 2226 682 rectos,
2267 624 2324 673 et
2366 618 2518 690 quod
2563 617 2895 674 admirabili
2924 617 3171 690 aliisque
3201 618 3477 675 omnibus
3516 635 3658 692 pm-

261 711 316 766 δὲ
356 706 622 765 τοσοῦτον
663 705 722 762 ἐκ
761 704 968 761 παίδων
1003 705 1197 780 ἀρετῆς
1249 704 1338 760 καὶ
1389 702 1570 782 λόγων
1623 702 1792 774 ἑαλω,
1834 707 1906 768 ὡς

2037 709 2302 764 ηιωιὶοιιθ
2331 707 2555 780 dignati
2586 713 2782 764 essent
2811 707 2952 773 lilio,
2977 712 3032 763 et
3062 708 3218 778 quod
3250 708 3364 780 ipsi
3384 707 3661 780 ﬁliusque

260 800 410 874 μόνα
475 802 642 853 ταῦτα
709 797 986 870 ῥᾳστώνην
1047 796 1318 870 ἡγεῖσθαι,
1376 796 1465 848 καὶ
1526 796 1759 869 μελέτην
1815 799 1910 851 τοῦ

2037 797 2305 868 ejusmodi
2337 802 2549 866 essent,
2582 796 2678 868 qui
2730 813 2927 851 secum
2964 797 3206 852 invicem
3249 797 3486 864 palchre
3517 813 3663 852 con-

258 889 393 964 βίου
419 910 434 958 ;
2021 891 2309 956 gruerent,
2329 904 2430 944 nec
2452 887 2775 959 quidquam
2803 887 2975 956 plane
2991 887 3435 958 desideraretur,
3455 902 3664 942 rursus

259 980 545 1054 patriam,
577 979 732 1036 unde
765 977 1066 1051 praedicari
1095 977 1270 1034 urbes
1302 993 1428 1034 mos
1460 985 1566 1046 est,
1610 981 1841 1034 nactam
1890 979 2110 1049 omnia,
2163 979 2416 1051 indeque
2466 979 2750 1033 maximas
2797 978 3063 1034 omnium
3121 977 3322 1033 laudes
3381 995 3664 1035 consecu-

256 1070 438 1128 tam?
468 1069 608 1136 Quis
639 1068 886 1139 denique
915 1087 949 1124 a
978 1083 1157 1138 puero
1190 1068 1271 1123 ita
1319 1067 1548 1124 virtutis
1577 1068 2046 1140 optimarumque
2091 1069 2416 1125 litterarum
2470 1075 2676 1140 captus
2725 1084 2916 1124 amore
2949 1069 3078 1137 fuit,
3126 1075 3188 1124 ut
3245 1069 3366 1125 hlBO
3415 1071 3538 1125 sola
3569 1087 3668 1128 re-

1072 796 1318 870 λγεῖσθαι,
1376 794 1465 848 καὶ
1526 793 1759 869 μελέτην
1815 799 1910 851 τοῦ

263 1163 470 1234 quiem
506 1175 678 1216 suam
705 1158 954 1230 vitaeque
985 1157 1418 1214 meditationem
1451 1159 1734 1215 haberet?

341 1251 460 1305 PZ'.
491 1249 568 1302 Τὸ
601 1245 648 1302 δ’
677 1248 984 1321 ἑκασταχοῦ
1017 1246 1112 1319 μὶν
1143 1243 1388 1308 παιδείας
1422 1247 1582 1326 χάριν
1636 1255 1914 1323 φοιτῆσαι,

263 1339 450 1392 πάντα
482 1335 540 1392 δὲ
586 1338 653 1392 τά
703 1333 961 1410 βέλτιστα
989 1335 1330 1410 πανταχόθεν
1378 1337 1552 1408 ἑαυτῷ
1600 1337 1913 1412 συνηχέναι,

263 1426 364 1481 καὶ
419 1427 800 1500 θαυμασθῆναι
860 1425 953 1498 μὲν
1017 1425 1104 1501 ὑφ’
1160 1424 1432 1494 ἂπάντων,
1506 1428 1653 1501 παρά
1717 1427 1916 1489 πάντας

264 1517 404 1576 τοὺς
435 1514 666 1587 ἄλλους,
693 1512 782 1570 διά
807 1515 906 1584 τήν
937 1513 990 1568 έν
1025 1519 1183 1569 πᾶσιν
1232 1515 1451 1589 ἀγαθοῖς
1495 1513 1810 1587 εὐκληρίαν,
1843 1516 1916 1577 ὡς

265 1607 364 1660 καὶ
424 1606 571 1680 παρὰ
629 1604 808 1681 σφίσιν
864 1603 1051 1664 αὐτοῖς
1111 1607 1302 1658 τοῦτον
1369 1609 1656 1679 κατασχεῖν
1716 1603 1916 1674 ἀξιοῦν,

265 1696 370 1757 τὰς
403 1693 622 1768 πρώτας
651 1691 740 1746 καὶ
791 1691 1042 1768 μεγίστας
1089 1691 1278 1765 τιμᾶς,
1331 1693 1425 1754 τὰς
1484 1693 1577 1765 μὲν
1630 1689 1914 1753 διδόντας·

261 1785 371 1844 τὰς
420 1781 467 1838 δ’
510 1778 1026 1858 ἐπαγγελλομένους
1053 1799 1068 1813 ·
1114 1779 1283 1854 μηδὲν
1335 1779 1391 1836 δὲ
1429 1784 1532 1836 τῶν
1584 1781 1793 1836 πάντων
1840 1780 1917 1836 ἔτι

2059 1253 2410 1308 C\’Il.Porro
2421 1254 2575 1326 quod
2589 1269 2820 1324 quoquo
2833 1269 3055 1309 versum
3071 1256 3352 1308 terrarum
3365 1252 3670 1309 erudiendi

2022 1341 2520 1414 gratiaGregorius
2533 1345 3021 1415 itarit,omniaque
3034 1343 3242 1412 optima
3256 1344 3549 1398 undelibet
3561 1343 3672 1399 sibi

2023 1432 2380 1499 conduxerit,
2415 1433 2570 1503 quod
2602 1433 2710 1488 etsi
2741 1432 3128 1489 admiratione
3171 1431 3460 1500 omnium,
3491 1449 3670 1503 supra

2025 1519 2172 1575 alios
2201 1535 2424 1588 omnes,
2467 1521 2538 1576 ob
2568 1519 2871 1590 praclaras
2906 1519 2963 1575 in
3019 1520 3186 1576 bonis
3235 1519 3512 1576 omnibus
3536 1536 3670 1588 pro-

2025 1608 2354 1680 gressiones
2382 1615 2654 1682 exceptus
2701 1611 2912 1667 fuerit:
2965 1611 3044 1666 ita
3090 1615 3153 1665 ut
3204 1608 3372 1664 illum
3421 1610 3578 1682 apud
3607 1624 3671 1665 se

2027 1697 2272 1754 retinere
2301 1699 2621 1770 studerent,
2683 1701 2900 1772 primos
2959 1701 3360 1772 maximosque
3402 1700 3668 1766 honores,

2027 1786 2236 1856 partim
2273 1804 2406 1844 mox
2430 1790 2744 1856 offerendo,
2777 1790 2991 1860 partim
3042 1788 3434 1861 promittendo
3468 1807 3481 1844 :
3525 1788 3671 1844 nihil

262 1873 510 1947 πρόσθεν
589 1873 859 1926 ποιεῖσθαι
927 1877 1026 1939 τῆς
1113 1871 1247 1944 πρὸς
1291 1859 1441 1925 ’Θεὸν
1507 1869 1794 1946 ἐνεργείας,
1851 1871 1914 1940 ἢν

2037 1874 2129 1932 ille
2158 1882 2358 1933 tamen
2405 1894 2602 1934 rerum
2659 1859 2922 1936 omnium
2965 1859 3334 1936 tendentibus
3383 1879 3455 1935 ad
3489 1880 3673 1934 Deum

261 1964 486 2041 ἡσυχία
535 1965 784 2040 παρέχει,
815 1963 904 2018 καὶ
954 1964 1018 2018 τὸ
1079 1961 1216 2017 κατὰ
1271 1966 1392 2016 νοῦν
1453 1961 1758 2018 πολιτεύειν
1803 1962 1921 2017 ἀεί·

264 2060 446 2110 ταῦτα
506 2051 554 2109 δ’
613 2053 756 2108 οὕτω
821 2051 1236 2128 κατωρθωκέναι
1295 2053 1383 2106 καὶ
1445 2052 1578 2124 μετά
1652 2053 1923 2118 τοσαύτης

269 2138 620 2219 ὑπερϐολῆς,
681 2142 754 2202 ὡς
800 2146 916 2203 τοῖς
966 2143 1069 2213 πρὸ
1129 2140 1293 2195 αὐτοῦ
1356 2145 1669 2215 κορυφαῖον,
1716 2147 1832 2204 τοῖς
1879 2139 1925 2195 δ’

269 2232 472 2309 ἐφεξῆς
529 2253 588 2288 τε
643 2233 734 2287 καὶ
797 2231 911 2304 μετ’
972 2230 1170 2300 αὐτῶν,
1249 2229 1552 2306 ἀρχέτυπον
1606 2229 1784 2284 αὐτῶν
1835 2230 1924 2285 καὶ

270 2324 479 2378 κανόνα
509 2324 608 2390 τῆς
658 2320 782 2396 περὶ
828 2320 976 2374 ταῦτ’
1021 2315 1299 2394 ἀκριϐείας
1347 2317 1629 2394 γενέσθαι·
1677 2320 1765 2374 καὶ
1795 2321 1924 2382 τοὺς

277 2415 382 2484 μὲν
439 2409 896 2486 γεννησαμένους,
945 2407 1164 2484 ἐπείπερ
1216 2407 1324 2488 οὺχ
1355 2408 1472 2470 οἶός
1502 2411 1550 2464 τ’
1579 2409 1646 2479 ἦν
1673 2415 1789 2471 τοῖς
1826 2409 1926 2464 αὐ-

271 2506 401 2563 τοῖς
453 2497 814 2573 δεδωρῆσθαι,
849 2500 878 2554 ὅ
905 2499 1100 2554 τούτου
1138 2519 1199 2574 γε
1245 2495 1402 2553 οὐδὲν
1451 2498 1636 2568 ἧττον,
1665 2499 1711 2554 εἰ
1753 2501 1829 2570 μὴ
1861 2501 1923 2554 τὸ

277 2595 475 2663 μεῖζον
509 2587 657 2644 εἶ’ποι
703 2611 784 2649 τις
837 2587 920 2658 ἂν,
951 2592 1112 2642 τοῦτο
1159 2584 1428 2643 κάλλιστα
1472 2587 1686 2644 πάντων
1737 2587 1921 2651 αὐτοῖς

271 2677 641 2752 ἐνδεδεῖχθαι,
697 2682 775 2748 τῷ
829 2679 876 2731 θ’
932 2677 1062 2752 ὑπὲρ
1113 2675 1240 2738 τοὺς
1306 2677 1702 2751 νομιζομένους
1761 2677 1920 2753 ὅρους

263 2765 466 2824 ἐνθάδε
517 2787 772 2822 τουτουσι
829 2768 1150 2838 θεραπεῦσαι
1205 2765 1296 2822 καὶ
1353 2764 1641 2840 παρελθεῖν
1714 2767 1920 2822 παντά-

263 2881 407 2913 πασι
438 2857 502 2913 τὸ
536 2856 701 2927 εἰκὸς,
728 2861 805 2928 τῷ
833 2857 879 2912 τ’
905 2855 970 2911 αὖ
1004 2857 1232 2932 λογικήν
1271 2877 1393 2911 τινα
1422 2854 1631 2927 στήλην
1681 2856 1746 2911 τὰ
1783 2877 1918 2912 του-

259 2971 377 3004 των
449 2946 750 3024 εἰργάσθαι,
819 2946 1156 3007 καταπαντὸς
1215 2943 1508 3019 ἱσταμένην
1567 2950 1662 3001 τοῦ
1712 2947 1919 3021 χρόνου

261 3039 507 3098 καὶτοῖς
568 3031 752 3090 ἔπειτα
800 3037 1192 3109 παραπέμψαυ
1246 3032 1422 3089 αὐτῶν
1474 3034 1632 3090 αὐτὸν
1681 3033 1738 3090 δὲ
1783 3034 1919 3090 πάν-

269 3149 379 3185 των
429 3123 754 3200 ὑπεριδόντα
789 3130 896 3179 τῶν
938 3122 1148 3192 ἄλλων,
1195 3124 1358 3196 μόνου
1401 3123 1640 3200 γενέσθαι
1679 3129 1778 3178 τοῦ
1815 3128 1913 3194 τήν

264 3212 550 3274 εὐσέϐειαν
585 3212 774 3286 ἀμέλει
806 3213 982 3268 πολὺν
1011 3211 1119 3284 ἤδη
1163 3214 1362 3287 χρόνον
1419 3214 1522 3268 ὑπὸ
1549 3219 1658 3268 τῶν
1709 3215 1915 3269 κάκιστ’

263 3304 671 3378 ἀπολουμένων
733 3301 1137 3358 δυσσεϐούντων
1183 3303 1614 3376 τυραννουμένην
1673 3303 1761 3358 καὶ
1813 3324 1916 3374 μο-

263 3395 432 3451 νονοὺ
472 3393 776 3461 κλιθεῖσαν,
829 3393 903 3453 ὡς
947 3389 1138 3468 λόγος,
1183 3391 1259 3452 εἷς
1296 3393 1446 3467 γόνυ,
1484 3387 1776 3446 ἀναλαϐεῖν
1815 3394 1928 3447 οἷον

262 3489 356 3542 καὶ
419 3485 833 3560 ἀνορθώσασθαι
869 3503 881 3514 ·

265 3575 580 3630 παντάπασι
660 3570 852 3642 δειξαι,
925 3572 1204 3627 κάντεῦθεν
1271 3571 1345 3632 ὡς
1407 3570 1632 3646 ἔρεισμα
1689 3573 1926 3632 πίστεως

268 3665 405 3720 εντα
448 3665 542 3718 καὶ
605 3662 804 3736 βάθρον
864 3659 1086 3736 στερρὸν
1145 3659 1493 3730 Ἐκκλησίας,
1543 3662 1629 3716 καὶ
1681 3666 1789 3716 τῶν
1835 3662 1930 3735 ὀρ-

270 3757 380 3810 θῶν
410 3754 502 3808 καὶ
527 3751 881 3829 ὑγιαινόντων
909 3748 1201 3826 δογμάτων
1226 3776 1246 3803 α
1274 3747 1515 3823 ἀστραϐῆ
1539 3752 1695 3804 κίονα
1721 3775 1748 3803 ››
1793 3751 1929 3806 κατά

275 3840 574 3916 Πίνδαροτ,
604 3847 705 3910 τῆς
751 3841 846 3912 μὲν
901 3838 1150 3916 μεγάλης
1203 3840 1290 3894 καί
1340 3840 1486 3911 ἱερᾶς
1537 3835 1792 3901 ἐπιϐῆναι
1840 3861 1932 3894 κα-

273 3929 466 4006 θέδρας
493 3951 508 3962 ·
544 3930 644 3986 οὐκ
691 3929 804 4008 έφῷ
833 3934 1037 4004 τρυφᾷν
1085 3927 1254 4002 ἔχειν,
1302 3929 1392 3982 καὶ
1438 3928 1687 4002 ῥᾳστώνῃ
1734 3934 1929 4008 κεχρῇ.

273 4023 421 4091 σθαι,
455 4019 584 4076 ἀλλ’
635 4019 774 4074 ὥστε
821 4018 1102 4091 ξύμπασαν
1155 4016 1360 4090 αἶ’ρεσιν
1394 4016 1452 4072 ἐκ
1489 4019 1800 4093 περιουσίας
1839 4040 1930 4073 τε-

276 4117 424 4183 μεῖν,
492 4110 582 4164 καὶ
653 4107 831 4184 ῥίζαις
895 4107 1086 4168 αὐταῖς
1167 4107 1507 4162 παντάπασιν
1573 4105 1770 4181 ἐξελεῖν
1839 4109 1929 4162 καὶ

274 4199 423 4261 ὅλως
458 4198 521 4254 ἐκ
563 4201 729 4272 μέσου
777 4198 1153 4266 ποιήσασθαιο
1211 4192 1530 4272 μεταϐραχὺ
1583 4197 1766 4268 μέντοι
1815 4203 1930 4259 τοῖς

275 4289 649 4364 βουλομένοις
706 4287 908 4356 ταύτης
964 4285 1240 4354 ἐκστάντα,
1311 4284 1426 4340 ἐπεὶ
1498 4284 1639 4358 μηδέ
1686 4289 1786 4354 τὴν
1835 4286 1929 4360 ἆρ-

274 4381 384 4455 χήν
425 4375 628 4447 ⁴ἡδέως,
661 4373 810 4432 ἀλλὰ
856 4372 1174 4449 παντοδαπῇ
1223 4376 1400 4430 πειθοὶ
1449 4396 1507 4430 τε
1554 4381 1645 4429 καὶ
1700 4376 1792 4449 βίᾳ
1842 4377 1930 4429 καὶ

281 4470 399 4542 μεθ’
432 4467 520 4523 ὅτι
553 4464 812 4526 πλείστας
861 4462 1072 4536 δεήσεις
1119 4465 1318 4534 ταύτην
1370 4463 1567 4532 εἷσέδυ,
1619 4467 1717 4534 τὴν
1771 4465 1932 4520 πλεί-

278 4579 408 4613 στου
467 4555 618 4626 ἂξίαν
679 4555 914 4630 ἡσυχίαν
972 4553 1124 4616 αὖθις
1182 4553 1568 4631 κατειληφέναι
1609 4572 1622 4585 ⁸
1683 4555 1773 4608 καὶ
1831 4556 1932 4622 τήν

279 4648 550 4722 ἂκραιφνῆ
585 4644 858 4716 ξυνουσίαν
893 4648 1050 4699 Θεοῦ.

943 3484 1033 3537 καὶ
1083 3483 1317 3556 κρείττω
1375 3488 1484 3537 τῶν
1535 3483 1926 3557 πολεμούντων

2035 1965 2324 2022 exercitiis
2353 1967 2768 2039 anteposuerit,
2801 1983 2926 2039 quis
2948 1968 3222 2040 religiosa
3243 1969 3432 2040 quies,
3465 1974 3522 2024 et
3551 1983 3676 2038 per-

2035 2059 2212 2125 petua
2257 2057 2580 2112 secundum
2630 2062 2886 2113 mentem
2935 2057 3145 2130 agendi
3196 2057 3364 2114 ratio.
3398 2056 3676 2130 suppedi-

2035 2147 2157 2212 tat;
2189 2143 2270 2200 ita
2303 2147 2552 2215 perfecta
2583 2146 2704 2202 haec
2734 2163 2884 2212 vero,
2926 2151 2984 2200 et
3033 2151 3198 2202 tanta
3249 2163 3383 2202 cum
3417 2145 3678 2202 excilen-

2034 2233 2115 2289 tia
2133 2233 2331 2290 omnia
2354 2235 2710 2306 praestiterit,
2740 2240 2804 2290 ut
2831 2235 2904 2290 iis
2936 2235 3035 2306 qui
3079 2236 3275 2306 ipsum
3309 2239 3472 2292 astate
3509 2240 3676 2292 ante-

2035 2323 2367 2392 cessissent,
2415 2323 2578 2380 chori
2620 2325 2795 2394 hujus
2825 2326 2980 2391 dux;
3011 2325 3111 2396 qui
3141 2323 3416 2396 deinceps
3447 2330 3504 2380 et
3551 2331 3679 2394 post

2035 2412 2227 2484 ipsum
2259 2413 2524 2482 vixerint,
2557 2413 2850 2485 exemplar
2895 2419 2952 2470 et
2978 2429 3184 2470 norma
3233 2415 3584 2486 usurpanda:
3613 2415 3672 2469 in
3755 2479 3760 2494 ι

2034 2501 2254 2558 talibus
2284 2503 2603 2560 exactionis
2625 2503 2817 2558 fuerit.
2844 2503 2996 2559 Tum
3030 2503 3306 2574 quoniam
3329 2503 3534 2559 eodem
3557 2503 3678 2574 qui-

2034 2593 2160 2648 dem
2201 2591 2371 2664 plane
2399 2593 2718 2650 ofﬁciorum
2746 2609 2956 2666 genere
2995 2597 3267 2665 parentes
3314 2593 3674 2649 remunerari

2032 2683 2309 2752 nequibat
2350 2699 2362 2737 :
2395 2683 2548 2754 quod
2583 2682 2641 2739 id
2670 2689 2885 2750 tamen,
2928 2684 3084 2756 quod
3119 2683 3227 2739 hoc
3257 2681 3441 2739 nihilo
3471 2690 3561 2739 est
3580 2683 3672 2738 in-

2030 2769 2372 2836 ferius,nisi
2418 2771 2465 2827 si
2524 2773 2717 2844 majus
2766 2772 2940 2828 etiam
3001 2772 3293 2844 quispiam
3324 2788 3451 2829 esse
3497 2773 3670 2838 dicat,

2029 2859 2417 2932 pulcherrime
2446 2864 2711 2917 omnium
2762 2864 3208 2934 repraesentarit,
3249 2861 3472 2917 scilicet
3519 2861 3673 2932 quod

2025 2955 2082 3006 et
2113 2951 2305 3006 adhuc
2335 2951 2566 3007 interris
2596 2956 2855 3023 agentes,
2900 2951 3051 3006 ultra
3079 2966 3421 3008 communes
3451 2956 3674 3007 suetos.

2028 3055 2141 3110 que
2160 3040 2394 3112 pietatis
2423 3040 2568 3096 ﬁnes
2598 3040 2861 3106 coluerit,
2892 3046 2949 3097 et
2977 3047 3178 3113 postea
3218 3042 3364 3097 vitas
3408 3040 3670 3113 ipsorum

2025 3128 2344 3200 laudesque
2400 3129 2712 3185 oratoriam
2768 3131 3234 3202 quamdam,per
3283 3147 3469 3186 aevum
3501 3147 3670 3187 omne

2030 3225 2439 3291 perstaturum,
2495 3219 2829 3275 columnam
2879 3221 3148 3287 olfecerit,
3191 3227 3246 3274 et
3287 3221 3358 3275 ad
3413 3225 3674 3290 posteros

2031 3309 2442 3364 transmiserit.
2475 3309 2622 3376 Quid
2663 3309 2788 3380 ipse
2848 3325 3002 3370 vero,
3062 3310 3275 3378 spretis
3330 3307 3462 3365 aliis
3503 3309 3675 3365 rebus

2027 3395 2324 3462 omnibus,
2355 3398 2410 3452 id
2445 3399 2613 3452 unice
2651 3413 2883 3464 operam
2915 3398 3156 3464 dederit,
3192 3413 3304 3468 quo
3356 3413 3546 3454 veram
3579 3398 3677 3452 ni-

2029 3487 2244 3540 mirum
2289 3486 2579 3556 pietatem,
2612 3486 2784 3558 longo
2807 3488 2930 3556 jam
2987 3493 3246 3555 tempore
3277 3487 3347 3541 ab
3393 3485 3679 3558 impiissi-

2031 3576 2142 3630 mis
2171 3575 2696 3647 perditissimisque
2744 3575 3032 3632 haereticis
3075 3576 3200 3630 dira
3232 3575 3537 3647 tyrannide
3573 3593 3678 3648 op-

2033 3670 2390 3734 pressam,et
2421 3669 2650 3721 tantum
2684 3682 2822 3732 non,
2853 3666 3008 3734 quod
3042 3665 3222 3733 aiunt,
3257 3665 3314 3718 in
3345 3681 3533 3738 genua
3559 3681 3683 3734 pro-

2032 3759 2301 3821 stratam,
2334 3752 2594 3809 reﬁceret
2623 3771 2688 3808 ac
2719 3755 2985 3823 erigeret,
3030 3769 3390 3824 suorumque
3421 3753 3680 3810 hostium

2031 3841 2324 3896 victricem
2359 3842 2597 3898 omnino
2629 3849 2950 3914 prastaret.
2983 3842 3142 3905 Quod
3170 3848 3228 3897 et
3258 3842 3409 3898 hanc
3439 3843 3511 3898 ob
3543 3858 3681 3898 cau-

2035 3949 2192 4000 sum,
2225 3939 2290 3987 ut
2319 3932 2420 4004 qui
2452 3933 2706 3988 fulcrum
2741 3931 2898 3999 ﬁdei,
2929 3939 2986 3987 et
3018 3933 3186 3987 ﬁrma
3210 3931 3468 3987 Ecclesiae
3499 3931 3683 4000 basis,

2034 4026 2091 4078 et
2120 4026 2408 4077 rectorum
2429 4021 2896 4093 salutariumque
2916 4022 3257 4092 dogmatum
3284 4021 3685 4078 «inconcussa

2035 4110 2306 4166 columna
2365 4131 2393 4159 »
2481 4115 2658 4179 esset,
2718 4116 2783 4165 ut
2855 4109 3146 4166 Pindarus
3231 4110 3489 4181 loquitur
3543 4111 3682 4182 (15),

2035 4215 2303 4272 magnam
2339 4198 2496 4254 illam
2529 4204 2588 4254 et
2617 4215 2834 4254 sacram
2858 4197 3301 4270 patriarchalem
3331 4201 3687 4255 conscende-

2037 4290 2110 4342 rit
2137 4287 2490 4344 cathedram.
2539 4287 2780 4343 Minime
2819 4288 2917 4342 ille
2955 4287 3228 4359 profecto,
3261 4304 3375 4359 quo
3421 4287 3686 4343 mollitiis

2036 4377 2316 4448 segnique
2345 4376 2460 4432 otio
2491 4376 2601 4431 frui
2651 4381 2868 4447 posset,
2897 4377 2994 4432 sed
3046 4381 3110 4430 ut
3158 4376 3398 4432 heresin
3453 4377 3685 4432 univer-

2039 4483 2162 4523 sam
2195 4466 2531 4537 plenissime
2589 4464 2980 4537 facillimequs
3027 4467 3690 4538 exscinderet.ipsisque

2044 4555 2284 4610 omnino
2317 4570 2446 4610 cum
2479 4553 2768 4610 radicibus
2797 4568 3121 4621 eruncaret,
3143 4559 3202 4610 et
3233 4555 3464 4624 penitus
3486 4555 3556 4610 de
3578 4571 3692 4611 me-

1964 4615 2010 4678 D
2043 4645 2138 4700 dio
2160 4643 2413 4699 tolleret.
2445 4642 2622 4699 Paulo
2655 4647 2851 4699 tamen
2885 4649 3017 4714 post
3043 4615 3150 4698 hac
3167 4615 3365 4698 eadem
3395 4644 3690 4707 cathedra,

273 4739 441 4794 illius
467 4736 692 4808 cupidis
721 4733 920 4792 relicta
954 4752 966 4789 :
1002 4735 1238 4807 quando
1268 4735 1497 4805 quidem
1554 4751 1660 4790 nec
1716 4734 1880 4790 initio
1925 4735 2051 4805 ipso
2111 4734 2428 4788 admodum
2489 4732 2758 4800 libenter,
2819 4735 2917 4789 sed
2972 4733 3207 4788 admota
3268 4731 3574 4802 multiplici
3632 4738 3691 4787 et

276 4829 583 4893 suasione,
605 4831 662 4882 et
693 4826 770 4891 vi,
811 4831 867 4880 et
906 4831 1038 4898 post
1076 4824 1363 4898 plurimas
1394 4827 1835 4894 obtestationes,
1895 4823 2054 4880 illam
2104 4823 2346 4878 adiisset
2397 4839 2410 4878 :

2471 4825 2661 4879 denuo
2718 4824 2789 4878 ad
2852 4822 3315 4879 laudatissimam
3375 4822 3694 4894 pulcherri'

285 4931 574 4988 memque
605 4915 858 4986 quietem
893 4931 1086 4982 suam,
1118 4923 1172 4969 et
1203 4914 1569 4970 verissimum
1604 4914 1705 4970 Dei
1737 4915 2095 4970 consortium
2130 4929 2193 4969 se
2220 4911 2521 4983 receperit.

357 5007 486 5062 PB’.
519 5003 638 5060 Τίνι
684 5005 838 5058 ταῦτ’
885 4997 1051 5057 ἔνεστι
1101 5003 1273 5058 πάντα
1322 4997 1682 5076 παραϐαλεῖν,
1713 5003 1802 5056 καὶ
1853 5001 1936 5066 τίς

281 5094 425 5149 οὕτω
479 5091 798 5148 διαπάντων
859 5091 978 5160 ἰὼν,
1032 5089 1086 5146 έν
1127 5097 1256 5146 πᾶσι
1305 5091 1506 5152 πάντας
1559 5089 1858 5165 παρῆλθεν,
1913 5092 1941 5146 ὁ

292 5187 456 5249 αὐτὸς
486 5184 576 5238 καὶ
606 5184 764 5239 πάνθ’
794 5183 935 5255 ὁμοῦ
972 5183 1064 5237 καὶ
1099 5183 1214 5253 μεθ’
1257 5177 1570 5256 ὑπερϐολῆς
1616 5177 1938 5254 ξυλλαϐών;

286 5277 413 5332 Ἑάο
450 5277 546 5346 μὲν
580 5273 684 5349 γάρ
717 5274 896 5352 φήσῃς
930 5273 1056 5334 τοὺς
1088 5271 1308 5346 λόγους,
1343 5268 1532 5326 οὐδένα
1559 5271 1651 5327 τὸν
1686 5269 1943 5344 ἁμιλλώ-

296 5383 452 5434 μενον
487 5361 655 5438 ἴσχει,
705 5361 852 5418 ἀλλᾶ
901 5361 1037 5434 πρὸς
1091 5359 1248 5416 αὐτὸν
1303 5358 1466 5422 αὐτὸς
1515 5359 1718 5430 ταύτην
1765 5364 1943 5414 ποιεῖ-

293 5473 400 5519 ται,
443 5449 625 5524 ὥσπερ
686 5447 1014 5526 φιλονεικῶν
1061 5450 1089 5504 ὂ
1141 5449 1301 5512 αὐτὸς
1349 5445 1440 5504 διὰ
1486 5448 1705 5504 πάντων
1766 5449 1938 5503 εἶναι·

296 5545 454 5596 νικῶν
491 5543 584 5613 μὲν
615 5539 743 5603 τοὺς
783 5537 990 5602 ἄλλους
1042 5539 1270 5601 άπάσαις
1318 5545 1436 5600 ταῖς
1464 5543 1568 5593 τῶν
1608 5537 1788 5613 λόγων
1834 5535 1943 5592 ἰδέ-

369 5735 480 5807 (15)
511 5735 726 5806 Olymp.
754 5734 822 5803 ll,
850 5732 1078 5806 stroph.
1114 5733 1168 5788 5.

2115 5003 2310 5059 GVlll.
2345 5001 2537 5067 Eccui,
2562 5018 2776 5074 quasso,
2811 5001 2932 5057 haec
2953 5000 3276 5072 comparari
3301 5005 3552 5072 possunt
3573 5015 3695 5056 om-

2054 5091 2197 5148 nia?
2226 5092 2567 5162 ecquisnam
2597 5090 2696 5146 ille
2727 5089 2942 5160 pariter
2980 5090 3250 5145 universa
3299 5104 3641 5159 permensus
3669 5089 3698 5142 Ῥ

2053 5199 2263 5252 nempe
2292 5180 2392 5252 qui
2419 5197 2624 5237 omnes
2654 5181 2711 5235 in
2751 5178 3028 5236 omnibus
3069 5189 3534 5250 praetergressus,
3567 5193 3696 5233 om-

2055 5272 2152 5328 nia
2179 5272 2332 5326 idem
2365 5268 2538 5325 simul
2571 5275 2628 5325 et
2675 5267 3157 5323 excellentissime
3195 5265 3534 5338 complexus
3563 5267 3694 5321 fuit.

2053 5360 2276 5432 Quippe
2310 5366 2370 5414 ut
2427 5357 2815 5428 eloquentiam
2873 5362 2930 5411 et
2986 5355 3277 5411 orationes
3317 5354 3570 5421 nomine,
3606 5354 3696 5409 hic

2055 5449 2262 5520 palmae
2291 5447 2562 5504 amulum
2599 5446 2774 5500 habet
2804 5443 2902 5500 ille
2942 5445 3195 5514 profecto
3229 5444 3518 5498 neminem
3548 5469 3562 5510 ;
3596 5446 3696 5499 sed

2057 5539 2177 5609 ipse
2207 5553 2404 5593 secum
2430 5537 2536 5592 hoc
2566 5536 2824 5590 decertat
2853 5538 3163 5602 certamen,
3197 5533 3334 5587 dum
3368 5532 3528 5588 velut
3557 5548 3700 5591 cou-
