3986 6228
415 349 531 409 327
607 429 610 433 .

1724 343 1825 403 ΤΗ
1835 342 2115 407 EODULI
2160 343 2510 407 MONACHI

3682 356 3785 418 328

413 482 601 540 tendit
628 479 785 536 idem
815 490 940 535 esse
966 476 1183 548 ubique
1216 492 1230 531 :
1264 474 1441 531 victor
1487 474 1763 531 nimirum
1814 475 2065 532 aliorum

2181 473 2368 542 ἰδέαις,
2423 481 2584 531 νικῶν
2618 474 2665 531 δ’
2697 474 2878 551 ὥσπερ
2926 479 3018 533 καὶ
3067 478 3255 534 ἑαυτὸν
3299 482 3378 553 τῷ
3423 479 3628 537 τούτων
3677 486 3786 540 ἑκά-

415 588 518 645 per
546 585 744 627 omnes
774 566 1056 624 orationis
1087 566 1326 633 formas,
1357 569 1414 620 et
1444 563 1599 620 idem
1651 564 1738 620 sui
1774 565 2064 636 quodam-

416 662 587 718 modo
618 660 819 724 victor,
845 656 998 729 quod
1037 655 1282 711 formam
1313 653 1653 725 quamlibet,
1680 670 1780 725 per
1810 670 1871 709 se
1895 671 2064 727 spec-

413 755 617 816 tatam,
651 746 818 805 facile
849 744 1068 802 caeteris
1100 748 1375 817 praestare
1406 759 1645 799 censeas
1682 760 1694 799 :
1743 747 1801 799 at
1834 744 2064 800 univer-

414 858 507 897 sas
535 836 711 895 simul
737 835 1155 902 consideratas,
1182 849 1366 889 unum
1390 833 1668 904 quiddam
1691 849 1892 890 omnes
1912 850 2063 904 esse,

411 949 611 989 verum
646 932 704 987 in
744 929 1006 985 oratione
1053 927 1237 994 omni,
1273 942 1637 999 quiscunque
1672 926 1771 995 sit,
1805 926 2061 1000 singula-

414 1039 535 1080 rem
577 1030 629 1077 et
661 1019 955 1093 propriam
998 1031 1293 1089 quamque
1337 1020 1636 1088 reportare
1684 1015 1978 1088 palmam;
2010 1020 2066 1073 et

413 1113 585 1185 longo
638 1122 992 1182 praecurrere
1041 1104 1360 1172 intervallo,
1413 1108 1539 1159 tum
1590 1105 1860 1160 acumine
1889 1109 2064 1176 atque

413 1200 750 1273 sagacitate,
802 1200 929 1252 tum
984 1194 1114 1250 fusa
1144 1209 1243 1266 per
1300 1192 1496 1249 omnia
1550 1192 1774 1263 gratia;
1806 1197 1863 1247 et
1907 1193 2061 1263 quod

413 1289 670 1362 primum
702 1289 809 1354 est,
844 1284 998 1356 quod
1027 1282 1113 1337 his
1147 1299 1262 1337 non
1294 1298 1388 1337 ars
1420 1280 1592 1336 modo
1636 1281 1762 1353 ipsa
1790 1282 2063 1349 oratoria,

413 1379 511 1435 sed
545 1382 602 1432 et
632 1391 808 1446 supra
826 1378 1006 1430 artem
1052 1372 1191 1442 sint,
1223 1387 1406 1443 eaque
1437 1370 1576 1427 item
1629 1386 1690 1425 re
1721 1388 1901 1443 supra
1930 1371 2068 1425 imi-

414 1466 648 1523 tationis
672 1480 832 1535 spem
865 1468 1196 1535 assurgant.
1224 1462 1284 1517 In
1316 1460 1409 1516 his
1433 1459 1684 1532 primum
1715 1460 2067 1517 maximum-

414 1572 570 1630 que«
588 1552 949 1611 admirabilis
972 1551 1177 1607 divinae
1200 1555 1422 1606 natura»
1443 1548 1768 1621 explicatio,
1795 1572 1814 1597 η
1842 1555 1899 1605 et
1913 1550 2065 1621 quod

415 1662 505 1703 res
538 1641 876 1715 bujusmodi
917 1641 1059 1697 adeo
1101 1655 1239 1695 sane
1269 1637 1626 1707 cautissime,
1659 1645 1715 1693 et
1745 1637 2062 1712 elegantis-

414 1734 583 1803 sime,
639 1739 695 1788 et
742 1730 1084 1787 beatissima
1130 1727 1482 1784 fecunditate
1530 1732 1775 1784 tractare
1815 1731 2061 1797 poterat,

2174 586 2325 636 στην,
2358 564 2481 620 ὅταν
2525 565 2618 638 μέν
2661 588 2745 630 τις
2796 564 2887 641 ἴδῃ
2932 569 3050 622 καθ’
3102 568 3315 642 ἑαυτὸν,
3368 567 3569 644 βελτίω
3611 575 3788 646 ταύτην

2175 654 2562 731 ἀποφαίνεσθαι
2600 660 2707 711 τῶν
2754 655 2965 712 λοιπῶν
2992 675 3005 690 '
3041 658 3167 714 ὅταν
3220 656 3277 713 δὲ
3321 659 3600 733 ξυμπάσας
3644 663 3793 736 ὁμοῦ,

2171 739 2225 797 ἓν
2272 745 2366 817 μὲν
2409 744 2539 799 εἶναι
2580 745 2675 807 τὰς
2725 746 2917 814 πάσας,
2960 748 3095 802 κατᾶ
3137 748 3335 811 παντὸς
3385 747 3431 803 δ’
3463 750 3678 805 ὁτουοῦν
3706 750 3794 807 λό-

2175 854 2273 910 γου
2318 830 2613 907 μοναδικὸν
2663 835 2962 913 φερομένας
3007 838 3067 891 τὸ
3099 838 3297 912 κράτος
3334 839 3424 893 καὶ
3473 838 3663 913 πολλῷ
3699 862 3794 896 πα-

2176 926 2394 997 ριοῦσας
2435 926 2514 995 τῷ
2557 923 2727 997 μέσῳ,
2784 925 3002 997 ὀξύτητί
3033 946 3091 980 τε
3137 926 3226 980 καὶ
3276 927 3553 1005 ἀγχινοίᾳ,
3601 931 3684 985 καὶ
3726 938 3791 1003 τῷ

2177 1007 2264 1071 διὰ
2322 1009 2534 1066 πάντων
2583 1014 3002 1086 κεχαρισμένῳ·
3055 1016 3142 1069 καὶ
3195 1017 3256 1070 τὸ
3311 1015 3685 1092 μέγιστον,τῷ
3724 1022 3789 1091 μὴ

2176 1099 2261 1154 ὅτι
2301 1120 2359 1174 γε
2411 1099 2629 1176 τέχνην,
2681 1099 2824 1157 ἀλλᾶ
2871 1103 2957 1157 καὶ
3012 1103 3143 1178 ὑπὲρ
3188 1104 3387 1180 τέχνην
3442 1106 3606 1169 αὑτὰς
3654 1108 3789 1174 εἶναι,

2174 1189 2455 1244 κάντεῦθεν
2516 1190 2897 1266 ὑπερκειμένας
2959 1195 3281 1265 μιμήσεως·
3336 1196 3409 1250 ὦν
3458 1201 3667 1271 πρῶτον
3714 1200 3790 1253 καὶ

2178 1280 2431 1356 μέγιστον
2466 1303 2493 1331 ι(
2526 1281 2561 1349 ἡ
2595 1281 2877 1353 θαυμαστή
2911 1282 3166 1359 θεολογία
3188 1304 3199 1316 ·
3230 1307 3254 1337 ι
3289 1287 3464 1340 καὶτὰ
3482 1287 3605 1361 περὶ
3630 1289 3791 1343 τοιοῦ-

2174 1389 2282 1423 των
2344 1366 2517 1431 οὕτως
2577 1368 2956 1444 ἀσφαλέστατα
3020 1374 3109 1427 καὶ
3186 1373 3457 1433 κάλλιστα
3532 1376 3622 1430 καὶ
3675 1378 3792 1449 μετὰ

2174 1458 2368 1518 παντὸς
2423 1462 2521 1512 τυῦ
2568 1458 2798 1532 γονίμου
2857 1457 3100 1534 διεξιέναι
3152 1459 3430 1533 δύνασθαι,
3471 1465 3547 1526 ὡς
3601 1467 3672 1536 μή
3707 1467 3795 1538 μό-

2173 1570 2264 1604 νον
2296 1553 2487 1605 τοῦτον
2533 1552 2668 1625 μετᾶ
2705 1552 2795 1605 τὸν
2838 1554 3126 1626 πάμμεγαν
3170 1554 3429 1626 Ἰωάννην
3476 1556 3573 1611 τοῦ
3613 1557 3795 1612 Θεολό-

2176 1661 2277 1716 γου
2333 1642 2686 1715 προσρήσεως
2734 1641 3020 1711 ἠξιῶσθαι,
3071 1643 3160 1697 καὶ
3209 1646 3355 1699 τοῦτ’
3404 1644 3620 1720 ἐναργὲς
3669 1646 3794 1719 σύμ-

2178 1724 2344 1785 ϐολον
2405 1735 2556 1805 σχεῖν
2615 1734 2712 1785 τοῦ
2769 1727 2982 1785 πάντων
3058 1732 3216 1789 αὐτὸν
3278 1734 3330 1788 ἐν
3383 1734 3597 1797 τοότοις
3654 1757 3796 1790 πεπι-

420 1829 481 1880 ut
515 1841 628 1879 non
664 1822 835 1877 modo
869 1824 1001 1893 post
1030 1818 1349 1874 maximum
1382 1816 1545 1872 illum
1567 1815 1853 1872 Joannem
1882 1817 2066 1873 Evan-

2180 1820 2389 1873 στεῦθὰι
2447 1818 2728 1894 προέχειν,
2780 1817 2926 1876 ἀλλά
2973 1821 3063 1875 καὶ
3109 1826 3224 1884 τοῖς
3291 1820 3458 1879 ἔπειτ’
3502 1822 3791 1897 ἐσομένοις,

416 1909 994 1988 gelistam.Theologi
1022 1911 1402 1980 cognomento
1423 1905 1837 1963 cohonestatus
1869 1906 2061 1975 fuerit,

418 2008 474 2061 et
493 2002 603 2058 hoc
626 1999 1022 2056 clarissimum
1046 1997 1281 2069 signum
1300 1994 1590 2061 habuerit,
1608 1996 1761 2066 quod
1779 1996 1886 2051 hac
1906 1999 2064 2066 parte

417 2093 592 2165 longe
640 2091 898 2148 omnium
953 2088 1220 2161 princeps
1269 2087 1598 2141 crederetur
1632 2103 1646 2141 :
1678 2085 1779 2142 sed
1827 2093 1883 2141 et
1912 2086 2064 2157 quod

425 2184 657 2240 futurus
691 2185 822 2253 post
852 2196 911 2235 se
928 2177 1263 2235 hominibus
1297 2176 1572 2231 miriﬁcus
1590 2176 1871 2248 quasdam
1902 2175 2062 2231 hole-

426 2272 587 2345 poles
621 2288 685 2327 ac
717 2269 1041 2336 machinas,
1075 2265 1406 2339 quatiendis
1426 2265 1878 2337 dejiciendisque
1911 2281 2070 2321 erro-

430 2378 560 2419 rum
589 2360 858 2427 castellis,
914 2358 1131 2429 scripta
1187 2373 1295 2413 sua
1352 2355 1668 2429 reliquerit.
1728 2356 1873 2411 Tum
1934 2371 2068 2411 vero

437 2453 713 2524 deinceps
735 2450 803 2505 ad
832 2448 1103 2504 diffusam
1131 2447 1447 2502 ubertatem
1471 2446 1924 2518 varietatemque
1941 2462 2072 2500 sen-

430 2543 766 2607 tentiarum,
801 2540 872 2596 ad
904 2538 1160 2595 solutum
1215 2554 1283 2593 ac
1340 2536 1606 2603 liberum,
1659 2541 1717 2592 et
1764 2537 2068 2606 invictum,

429 2642 481 2691 et
513 2632 734 2688 crebris
768 2630 1073 2686 verborum
1105 2627 1344 2684 ﬂoribus
1367 2628 1703 2682 distinctum
1727 2626 1940 2699 linguas
1964 2628 2070 2682 im-

429 2727 648 2795 petum,
676 2721 955 2777 accedens
986 2719 1168 2774 sancti
1194 2716 1446 2789 Spiritus
1468 2717 1674 2788 gralia,
1691 2733 1954 2773 «omnem
1977 2734 2071 2773 su-

427 2828 634 2884 perans
653 2808 1258 2879 intellectum",»jucu
1271 2806 1622 2862 ndissimum
1641 2806 1917 2862 omnibus
1931 2806 2069 2862 Gre-

426 2899 652 2972 gorium
686 2902 742 2952 et
780 2894 1292 2961 amabilissimum,
1326 2893 1387 2949 in
1419 2893 1828 2965 congressibus
1857 2894 2074 2965 pariter

426 3005 490 3043 ac
548 2984 1044 3051 institutionibus,
1108 2982 1374 3052 faciebat,
1406 2988 1464 3037 et
1501 2982 1597 3053 qui
1653 2987 1773 3037 tum
1823 2986 2070 3053 Gracos,

425 3081 549 3132 tum
580 3075 887 3141 Barbaros,
922 3073 980 3127 in
1012 3077 1303 3141 stuporem
1357 3070 1525 3143 plane
1572 3071 1731 3141 dare,
1764 3076 1935 3143 atque
1964 3088 2070 3129 ex-

425 3182 676 3240 pugnare
708 3169 923 3236 posset,
946 3161 1099 3217 visos
1117 3177 1362 3232 nemque
1376 3162 1512 3229 sibi,
1536 3184 1564 3212 «
1591 3162 1708 3230 Dei,
1734 3178 1849 3216 non
1872 3161 2070 3217 homi-

2173 1908 2483 1980 θαυμαστάς
2549 1928 2694 1969 τινας
2777 1906 3062 1971 ἑλεπόλεις
3130 1911 3264 1985 πρὸς
3332 1911 3644 1984 καθαίρεσιν
3698 1918 3794 1969 τῶν

2172 2004 2273 2066 τῆς
2311 1995 2525 2066 πλάνης
2567 1998 2971 2075 ὀχυρωμάτων,
3012 2000 3138 2061 τοὺς
3186 1999 3352 2056 αὐτοῦ
3401 1999 3600 2077 λόγους
3650 2024 3796 2057 κατα-

2174 2086 2354 2141 λιπεῖν
2389 2106 2400 2118 ·
2462 2084 2647 2142 ἔπειτα
2704 2092 2782 2159 τῷ
2844 2086 3173 2161 παντοδαπῷ
3238 2091 3327 2145 καὶ
3403 2091 3645 2166 ποικίλῳ
3700 2098 3792 2148 τῶν

2174 2177 2466 2249 νοημάτων
2496 2177 2586 2230 καὶ
2624 2180 2693 2251 τῇ
2740 2182 2839 2244 τῆς
2889 2177 3144 2254 γλώττης
3204 2179 3421 2255 ἀσχέτῳ
3469 2182 3562 2236 καὶ
3611 2184 3794 2257 ἀμάχῳ

2177 2266 2262 2320 καὶ
2326 2262 2677 2341 διηνθισμένῃ
2739 2271 2900 2343 φορᾷ,
2952 2268 2986 2337 ἢ
3047 2270 3216 2324 πάντα
3273 2274 3398 2325 νοῦν
3452 2271 3798 2346 ὑπερέχουσα,

2177 2354 2274 2408 τοῦ
2316 2352 2629 2427 [Ινιύματος
2680 2354 2842 2430 χάρις
2890 2362 3309 2432 προσγεγονυῖα,
3360 2357 3585 2428 ἣδιστον
3628 2357 3802 2414 τοῦτον

2180 2449 2311 2497 πᾶσι
2350 2445 2440 2498 καὶ
2490 2445 2871 2499 ποθεινότατον
2919 2442 2974 2499 ἓν
3020 2466 3077 2500 τε
3123 2452 3240 2509 ταῖς
3296 2446 3552 2518 ἐντεύξεσι
3601 2451 3687 2504 καὶ
3733 2446 3805 2503 δι-

2182 2530 2496 2594 δασκαλίαις
2556 2532 2750 2601 ἐποίει,
2807 2536 2894 2589 καῖ
2940 2536 3051 2589 οἷον
3095 2537 3182 2590 καὶ
3223 2535 3498 2608 Ἕλληνας
3559 2538 3650 2593 καὶ
3690 2542 3809 2612 βαρ·

2184 2616 2384 2697 ϐάρους
2415 2623 2653 2692 καθάπαξ
2687 2619 3010 2693 ἐκπλήττειν
3042 2644 3100 2679 τε
3124 2625 3213 2679 καὶ
3259 2628 3599 2700 χειροῦσθαι,
3634 2651 3660 2677 α
3692 2630 3813 2681 Θεοῦ

2188 2714 2372 2781 φωνῆς
2404 2710 2586 2767 ἀκούει
2619 2711 2713 2767 λαὶ
2743 2712 2840 2767 οὐκ
2868 2712 3185 2788 ἀνθρώπου,
3222 2738 3248 2764 υ
3303 2712 3598 2779 δοκοῦντας
3625 2735 3638 2747 °
3668 2717 3741 2788 τῷ
3768 2716 3807 2769 θ’

2183 2800 2215 2854 ’ὰ
2267 2803 2495 2875 παρῄνει
2542 2804 2732 2856 τοῦτον
2774 2800 2954 2879 ’ίσχειν
3010 2804 3102 2859 τὸν
3150 2803 3391 2879 τρόπον’
3440 2810 3521 2878 τῷ
3566 2807 3614 2860 τ’
3666 2804 3812 2861 αὑτὸν

2183 2890 2378 2963 ἀρετῆς
2437 2890 2652 2961 ἁπάσης
2696 2893 2783 2947 καὶ
2832 2897 2940 2947 τῶν
2994 2892 3154 2947 θείων
3219 2892 3602 2971 ἐπιταγμάτων
3647 2893 3816 2971 τεχνί-

2180 3002 2279 3051 την
2319 2981 2451 3036 εἶναι
2502 2982 2699 3044 παντὸς
2753 2980 2965 3054 μᾶλλον
3017 2989 3105 3038 καί
3167 2982 3547 3055 σπουδαστήν·
3597 2984 3685 3040 καὶ
3735 2982 3812 3037 διὰ

2182 3074 2341 3125 τοῦτο
2399 3070 2487 3124 καὶ
2546 3070 2747 3125 πείθειν
2805 3066 3035 3147 ἔχοντα·
3097 3072 3224 3127 ὥσθ’
3288 3072 3317 3129 ὅ
3374 3095 3507 3151 φησι
3571 3072 3810 3140 Πλάτων,

2188 3184 2207 3208 ι
2245 3156 2462 3214 παιδιὰν
2496 3159 2630 3215 εἶναι
2671 3157 2847 3235 δοκεῖν
2880 3162 2945 3217 τὰ
2984 3160 3037 3216 ἐν
3075 3168 3193 3227 τοῖς
3229 3163 3517 3240 γράμμασι
3564 3165 3699 3240 πρὸς
3728 3164 3811 3223 τὰς

426 3257 519 3312 nis
537 3254 740 3310 audire
760 3251 1065 3308 vocem“.»
1085 3250 1318 3307 Scilicet
1339 3250 1616 3323 quoniam
1642 3249 1921 3323 quidquid
1949 3268 2068 3307 mo-

2180 3247 2403 3322 ὁμιλιας
2439 3249 2598 3314 αὑτὰς
2628 3255 2735 3305 τῶν
2772 3255 2954 3327 σοφῶν
2986 3248 3218 3325 ἀνδρῶν,
3252 3275 3280 3305 »
3312 3256 3458 3308 τοῦτ’
3510 3253 3573 3309 ἐκ
3604 3273 3811 3326 περιου·

427 3349 609 3414 neret,
640 3344 695 3399 id
731 3342 969 3399 omnino
1001 3341 1158 3396 illius
1192 3340 1343 3397 modi
1370 3344 1531 3395 erat:
1564 3344 1619 3395 et
1639 3342 1797 3412 quod
1820 3340 1942 3412 ispe
1967 3342 2070 3397 vir-

427 3435 567 3491 tutis
599 3434 813 3501 omuis,
871 3440 927 3488 et
984 3431 1313 3486 divinorum
1372 3434 1814 3502 praceptorum,
1863 3447 2070 3501 supra-

425 3526 607 3581 alium
642 3521 985 3594 quemlibet,
1018 3520 1253 3576 effector
1295 3518 1651 3589 industrius,
1681 3524 2069 3575 consectator-

425 3633 538 3689 que
568 3613 1052 3686 diligentissimus
1107 3615 1282 3681 esset,
1313 3611 1560 3683 ideoque
1607 3611 1781 3667 etiam
1843 3626 2073 3683 persua-

423 3708 596 3765 dendi
631 3706 874 3779 polleret
903 3703 1283 3771 auctoritate;
1325 3704 1408 3759 ita
1440 3710 1522 3771 ut,
1557 3703 1704 3775 quod
1738 3703 1819 3759 ait
1858 3703 2020 3758 Plato
2057 3721 2071 3759 :

2179 3338 2295 3401 σῖας
2353 3338 2571 3394 ἒντεῦθα
2623 3337 3001 3412 παρίστασθαι,
3072 3338 3289 3396 παιδιὰν
3337 3343 3472 3397 εἶναι
3537 3341 3714 3398 δοκεῖν
3757 3340 3815 3394 τὰ

2176 3436 2282 3487 τῶν
2335 3429 2523 3485 ἄλλων
2580 3428 2979 3505 συγγράμματα
3028 3433 3163 3505 πρὸς
3211 3432 3306 3495 τὰς
3350 3430 3580 3505 ὁμιλίας
3641 3432 3817 3487 αὐτοῦ.

2185 3522 2241 3578 Ε’
2276 3519 2334 3576 δὲ
2428 3521 2508 3575 ’θ’
2576 3519 2602 3540 "
2782 3520 2808 3543 "
3024 3519 3052 3540 τ
3124 3520 3149 3577 ἐ
3365 3521 3377 3542 ’
3686 3523 3701 3539 ‘

2231 3545 2244 3575 t
2362 3542 2458 3576 του
2540 3541 2735 3593 ουτως,
2770 3541 2950 3596 ωσπερ
2993 3542 3082 3576 ουν
3154 3543 3258 3592 στι,
3307 3543 3473 3578 ποσον
3507 3545 3564 3579 τι
3594 3543 3708 3599 χρη
3738 3540 3818 3574 νο-

2186 3610 2366 3686 μίζειν
2420 3609 2726 3685 ὑπεραίρειν
2770 3611 2870 3678 τὴν
2913 3609 2964 3665 ἐν
3008 3612 3324 3687 γράμμασιν
3372 3612 3668 3687 εὐμουσίαν
3714 3608 3823 3666 τοῦ·

2181 3722 2276 3756 του
2307 3700 2398 3755 καὶ
2431 3700 2615 3778 χάριν,
2655 3700 2729 3753 ὧν
2759 3699 2937 3775 ἕτεροι
2969 3702 3263 3779 γράφουσι,

425 3818 451 3851 ιι
487 3798 687 3853 ludum
715 3796 1031 3868 jocumque
1061 3794 1259 3862 videri,
1294 3811 1419 3866 quae
1452 3792 1661 3848 litteris
1693 3792 1914 3865 prodita
1945 3797 2103 3861 sunt,
2138 3794 2210 3849 ad
2245 3793 2397 3865 ipsos
2428 3792 2754 3863 sapientum
2787 3793 3039 3849 virorum
3064 3810 3400 3864 sermones;
3432 3816 3459 3846 »
3487 3795 3546 3852 id
3578 3810 3716 3852 cum
3744 3808 3829 3849 ex-

423 3904 591 3945 cessu
625 3888 879 3959 quodam
932 3884 1026 3941 hic
1083 3885 1272 3941 locum
1331 3884 1554 3952 habeat,
1613 3883 1809 3938 lusum
1869 3899 2078 3956 nempe
2135 3883 2353 3954 scripta
2412 3882 2661 3938 aliorum
2721 3883 2923 3951 videri,
2977 3900 3109 3939 cum
3174 3885 3544 3940 sermonibus
3598 3882 3825 3955 Gregori

421 3977 650 4034 collata.
682 3976 845 4041 Quod
877 3974 927 4031 si
959 3975 1039 4030 ita
1071 3982 1472 4047 comparatum
1502 3981 1609 4044 est,
1646 3976 1712 4028 ut
1764 3976 1851 4028 est
1882 3988 2042 4040 sane,
2096 3976 2309 4043 quanto
2368 3970 2667 4027 intervallo
2753 3973 3205 4029 existimandum
3260 3980 3371 4041 est,
3403 3972 3666 4045 leporem
3698 3988 3826 4028 mu-

424 4068 616 4123 sicum
644 4070 1143 4137 venustatemque.
1169 4080 1291 4137 qua:
1314 4063 1373 4118 in
1407 4062 1560 4118 illius
1592 4062 1827 4133 scriptis
1853 4066 2173 4134 comparet,
2200 4063 2270 4117 iis
2299 4061 2597 4127 antistare,
2633 4078 2756 4133 quae
2782 4061 2874 4116 alii
2907 4063 3283 4133 scriptitarit?

497 4156 641 4212 CIX.
674 4157 850 4211 Porro
883 4155 1167 4211 malitiam
1219 4170 1450 4211 omnem
1485 4153 1714 4225 penitus
1752 4151 1943 4207 odisse
1974 4168 2074 4207 no-

430 4244 637 4317 sirum,
658 4244 1151 4301 utaberrationem
1179 4242 1249 4296 ab
1268 4242 1511 4297 honesto
1531 4246 1586 4296 et
1616 4241 1788 4310 bono,
1809 4239 2073 4312 nullique

432 4335 665 4408 propria
695 4333 1074 4391 subsistentia
1106 4333 1403 4405 pratditam
1432 4347 1445 4397 ;
1471 4331 1672 4402 nequit
1697 4330 1851 4386 enim
1876 4330 2073 4402 (Deus)

430 4434 637 4481 natura
666 4424 878 4493 bonus,
914 4423 1048 4480 mali
1080 4428 1281 4478 auctor
1302 4438 1449 4491 esse,
1475 4421 1581 4476 hoc
1604 4419 1685 4476 illi
1708 4419 1909 4493 utique
1939 4436 2072 4476 cum

428 4514 697 4570 omnibus
734 4513 969 4569 virtutis
1001 4511 1319 4567 cultoribus
1352 4526 1657 4567 commune
1675 4518 1761 4565 est
1793 4526 1807 4564 :
1842 4509 1923 4565 sic
1945 4526 2075 4565 vero

2254 4156 2367 4206 ΡΘ’.
2399 4150 2467 4204 Τὸ
2521 4151 2614 4222 μὲν
2668 4150 2757 4204 οῦν
2808 4150 3048 4221 καοάπαξ
3099 4150 3288 4206 κακίαν
3343 4156 3518 4223 μισεῖν
3565 4154 3645 4213 ὡς
3698 4152 3827 4205 ἀπο-

2182 4238 2375 4313 τυχίαν
2406 4236 2579 4294 καλοῦ
2618 4238 2707 4293 καὶ
2760 4236 2890 4312 μηδ’
2930 4241 3181 4307 ἡντινοῦν
3238 4240 3530 4295 ὑπόστασιν
3569 4240 3824 4319 ἔχουσαν,

2184 4329 2211 4383 ὁ
2250 4329 2349 4402 γὰρ
2407 4329 2506 4397 τὴν
2568 4329 2720 4405 φύσιν
2775 4328 2990 4403 ἀγαθὸς,
3051 4330 3151 4383 οὐκ
3207 4330 3285 4401 ᾅνν
3323 4351 3453 4385 ποτε
3511 4334 3698 4385 κακῶν
3753 4326 3829 4395 sit,

2184 4416 2542 4492 δημιουργὸς,
2575 4417 2752 4473 κοινὸν
2786 4415 2852 4487 δή
2886 4439 2991 4473 που
3030 4424 3159 4479 πᾶσι
3190 4425 3307 4480 τοῖς
3354 4421 3553 4494 ἀρετὴν
3614 4421 3831 4492 μετιοῦ-

2188 4529 2237 4562 σι
2265 4525 2277 4539 ·
2310 4508 2377 4562 τὰ
2408 4505 2463 4562 δέ
2494 4505 2843 4583 καταδρομὴν
2874 4509 3102 4579 ταυτησὶ
3154 4512 3509 4580 πεποιῆσθαι,
3565 4512 3660 4565 καὶ
3693 4508 3834 4565 ὅπως

427 4602 636 4659 acriter
662 4602 946 4658 malitiam
971 4601 1320 4669 incursasse,
1338 4615 1522 4673 quave
1543 4597 1831 4671 quispiam
1858 4598 2068 4653 ratione

2187 4597 2248 4652 ἄν
2278 4618 2360 4658 τις
2401 4596 2599 4666 ταύτην
2642 4596 2888 4677 ἐκφύγοι,
2920 4597 2954 4667 ἢ
2987 4599 3076 4653 καὶ
3106 4600 3205 4668 τήν
3243 4598 3422 4675 ἀρχήν
3465 4600 3542 4673 μὴ
3590 4597 3716 4670 ἁλῷ
3756 4617 3838 4652 σα·

426 4692 587 4748 illam
617 4692 875 4764 ellugiat,
908 4695 1008 4745 aut
1041 4708 1109 4745 ne
1130 4690 1368 4763 quidem
1403 4690 1476 4744 ab
1494 4692 1573 4745 'ea
1606 4705 1865 4760 unquam
1890 4689 2079 4758 capia-

426 4787 544 4853 tur,
579 4781 728 4838 clare
762 4785 1147 4837 monstraret:
1182 4779 1363 4835 nostri
1398 4780 1452 4834 id
1479 4778 1653 4834 unius
1676 4779 2074 4851 Opusejusque

430 4874 613 4929 animi
646 4871 837 4928 fuerit.
873 4870 1017 4926 Tum
1051 4871 1192 4943 quid
1241 4885 1368 4925 esse
1400 4870 1559 4925 dices
1607 4866 1769 4922 illius
1800 4869 2074 4923 adversus

426 4977 573 5016 veras
609 4960 741 5016 fidei
771 4959 1167 5026 insidiatores,
1200 4961 1256 5013 et
1285 4958 1384 5029 qui
1421 4956 1606 5011 modis
1646 4954 1917 5012 omnibus
1940 4954 2074 5011 veli-

430 5055 608 5107 tatem
638 5053 961 5121 pervertere
1004 5049 1359 5111 nitebantur,
1400 5045 1656 5100 divinam
1689 5044 1867 5100 animi
1904 5045 2073 5099 forti-

426 5140 716 5209 tudinem,
742 5144 799 5195 et
829 5137 1022 5209 praelia
1079 5142 1138 5192 et
1169 5141 1361 5192 erecta
1387 5136 1455 5190 de
1486 5134 1560 5189 iis
1590 5134 1850 5206 tropaea?
1887 5134 2071 5189 Tanto

427 5232 548 5287 hac
576 5231 810 5303 quidem
841 5234 992 5286 certe
1057 5226 1437 5283 Marathoniis
1494 5223 1612 5279 illis
1675 5228 1732 5279 et
1762 5223 2073 5279 Salaminis

418 5309 669 5393 majora,
702 5321 856 5392 quod
889 5317 988 5374 illa
1020 5318 1079 5373 in
1111 5316 1379 5374 cernendi
1413 5329 1651 5372 sensum
1686 5314 1899 5369 cadunt
1924 5314 2073 5380 ;haec

436 5413 676 5467 rationis
707 5427 877 5484 opera
910 5414 1065 5477 sunt,
1091 5409 1188 5464 illa
1207 5412 1441 5482 tempus
1464 5407 1658 5480 ipsum
1678 5404 1883 5460 invasit
1904 5404 2074 5460 etob-

435 5501 628 5557 trivit:
662 5502 782 5558 huc
839 5517 958 5557 aevo
1003 5500 1162 5557 omni
1210 5503 1542 5555 oonstatura
1589 5499 1750 5562 sunt,
1780 5494 1879 5550 illa
1899 5494 2073 5551 Athe-

509 5678 555 5714 ⁸⁸
586 5678 836 5750 Philipp.
870 5696 945 5750 iv,
977 5679 1029 5735 7.
1104 5677 1153 5715 ⁵⁸
1183 5679 1308 5734 Act.
1340 5692 1440 5742 xu,
1470 5676 1560 5732 22.

2190 4688 2303 4765 φῶς
2366 4684 2665 4757 ὑποδεῖξαι,
2724 4688 2887 4743 αὑτοῦ
2948 4690 3114 4763 μόνου
3162 4691 3309 4745 τοῦτ’
3359 4689 3419 4745 ἄν
3481 4688 3567 4761 ε’ίη
3623 4689 3840 4755 καὶτῆς

2184 4777 2347 4832 αὐτοῦ
2399 4774 2680 4841 διανοίας·
2714 4781 2766 4833 τί
2801 4776 2847 4834 δ’
2900 4780 2961 4834 ἃν
3011 4779 3183 4843 ε’ίποις
3232 4782 3323 4835 καὶ
3374 4783 3471 4850 τὴν
3523 4781 3671 4857 πρὸς
3719 4776 3841 4838 τοῦς

2182 4865 2521 4932 ἐπιϐούλους
2561 4876 2661 4940 τῆς
2701 4869 2956 4939 πίστεως,
2998 4870 3087 4925 καὶ
3128 4892 3301 4926 παντα
3347 4872 3551 4948 τρόπον
3607 4869 3841 4940 τάληθὲς

2182 4955 2517 5037 διαστρέφειν
2576 4959 3006 5038 ἐπιχειροῦντας,
3057 4956 3233 5017 ἔνθεον
3303 4960 3572 5037 εὐψυχίαν
3649 4959 3842 5017 τοῦτου

2181 5048 2271 5102 καὶ
2307 5048 2495 5127 μάχην
2529 5048 2617 5103 καὶ
2648 5050 2714 5104 τὰ
2757 5051 2872 5105 κατ’
2909 5049 3086 5106 αὐτῶν
3126 5050 3361 5125 τρόπαια
3386 5070 3397 5083 ·
3439 5055 3681 5107 τοσοῦτο
3730 5047 3844 5124 μεί-

2185 5143 2263 5208 ζω
2296 5142 2404 5193 τῶν
2449 5140 2847 5212 Μαραθωνείων
2896 5161 2955 5195 τε
3004 5139 3093 5195 καὶ
3139 5138 3550 5215 Σαλαμιντίων,
3610 5142 3742 5195 ὅσον
3786 5135 3847 5192 τὰ

2183 5225 2278 5298 μὲν
2341 5225 2585 5296 αἰσθητὰ,
2644 5224 2760 5282 τάδ’
2817 5225 2924 5283 ἔστι
2983 5227 3182 5304 λογικά
3216 5250 3229 5264 ·
3285 5227 3375 5283 καὶ
3431 5229 3551 5283 κατ’
3629 5230 3845 5284 ἐκείνων

2185 5315 2288 5387 μὲν
2320 5315 2348 5369 ὁ
2381 5317 2581 5391 χρόνος
2635 5314 2926 5393 ἐχώρησε·
2963 5318 3028 5373 τὰ
3076 5316 3179 5389 δὶ,ξ
3202 5319 3591 5393 κατὰξπαντὸς
3644 5319 3849 5391 ἑστήξει

2181 5402 2282 5459 τοῦ
2333 5404 2536 5479 χρόνου
2565 5425 2576 5437 ·
2611 5407 2702 5462 καὶ
2742 5409 2807 5463 τὰ
2861 5410 2955 5482 μὶν
2983 5452 2994 5463 .
3050 5408 3378 5484 Ἀθηναίωςέ
3398 5409 3535 5463 κατὰ
3590 5414 3852 5486 Περσῶν·

2183 5492 2252 5548 τὰ
2290 5491 2348 5549 at
2386 5498 2520 5550 κατὰ
2566 5497 2926 5574 τῶνςέχθρῶν
2974 5502 3071 5553 τοῦ
3120 5501 3353 5573 Χριστοῦ
3400 5499 3589 5572 τούτῳ
3640 5498 3856 5573 κατώρα
3936 5548 3937 5555 η
