4118 6214
248 311 374 375 329

1265 305 1667 368 LAUDATIO
1713 304 1774 367 S.
1823 299 2198 368 GREGURll
2242 299 2664 364 THEOLOGI.

3549 302 3670 370 330

245 449 413 502 θωται
438 463 451 476 ⁸
485 443 618 517 ὅσγε
665 442 756 498 καὶ
806 443 934 504 τοὺς
984 447 1084 510 τῆς
1123 434 1394 501 εὐσεϐείας
1422 437 1782 504 ὑπασπιστάς,
1812 437 1902 494 καὶ

2039 437 2332 496 aiensibus
2360 438 2432 494 de
2461 436 2653 494 Persis
2695 443 2920 496 statura
2969 439 3168 508 fuere;
3198 439 3322 498 haec
3368 445 3568 498 nostro
3599 443 3672 498 de

246 537 445 610 μέχρις
525 531 774 605 αἱμάτων
853 527 1288 608 ἠγωνισμένους,
1366 531 1450 590 οἷς
1532 529 1904 604 προσειρήκει,

236 630 348 680 τῶν
411 623 640 678 εἰκότων
699 619 896 682 αὐτοὺς
957 620 1216 690 ἀξιώσας,
1250 621 1334 681 οἷς
1389 617 1596 674 τούτων
1654 617 1906 692 ἠξίωσεν,

233 712 324 767 ἐπὶ
391 713 461 768 τά
511 710 600 766 ἴσα
647 711 738 766 καὶ
787 711 915 772 τοὺς
957 707 1168 772 ἄλλους
1199 707 1604 784 προτρέπεται·
1636 712 1806 764 ταῦτα
1837 705 1905 775 δὴ

227 805 412 856 ταῦτα
440 801 575 857 κάπὶ
601 805 710 856 τῶν
742 804 844 855 τοῦ
893 803 1129 874 Χριστοῦ
1179 797 1502 872 μυστηρίων
1551 795 1692 852 ἔστιν
1739 798 1904 872 ὁρᾷν·

227 895 463 954 τούτοις
514 913 572 947 τε
616 891 721 967 γὰρ
781 892 881 959 τήν
932 887 1265 966 γιγνομένην
1329 884 1667 942 ἀποδεδώκει
1724 884 1910 956 ξυντέ-

235 981 419 1053 λειαν,
454 979 630 1054 α’ίρων
729 980 884 1051 θὲμις
915 982 992 1049 τῷ
1024 976 1180 1054 λόγῳ
1230 977 1320 1030 καὶ
1369 977 1506 1049 πρὸς
1545 977 1643 1044 τήν
1693 975 1902 1031 τούτων

237 1073 498 1151 κατοχὴν
555 1070 647 1125 καὶ
711 1067 972 1143 βακχείαν
1031 1067 1123 1121 τὸν
1197 1066 1472 1140 ἀκροατήν
1551 1065 1913 1137 ξυνεπαίρων,

239 1161 334 1216 καὶ
387 1165 551 1215 πᾶσιν
594 1159 856 1229 ἐξεκείνου
908 1156 1076 1231 μέχρι
1123 1160 1226 1210 τοῦ
1267 1152 1426 1230 δεῦρο
1449 1159 1752 1229 παρεγγυᾷ,
1783 1175 1907 1208 τοι-

239 1253 448 1313 οὗτους
477 1246 544 1317 δή
576 1269 727 1310 τινας
765 1247 900 1301 εἶναι
932 1245 1060 1306 τοὺς
1109 1245 1232 1318 περὶ
1277 1248 1411 1300 Θεοῦ
1461 1243 1550 1298 καὶ
1602 1248 1709 1298 τῶν
1749 1242 1908 1298 θείων

242 1340 438 1416 λέγειν
470 1338 793 1411 τολμῶντας
820 1355 833 1366 °
876 1337 964 1390 καὶ
998 1340 1191 1389 σιωπῶ
1220 1337 1322 1402 τήν
1365 1329 1566 1408 ἀκριϐῆ
1616 1337 1722 1388 τῶν
1773 1339 1909 1408 Γραο

243 1435 366 1508 ῳῶν
405 1427 645 1502 ἔρευναν,
675 1425 765 1480 καὶ
808 1427 907 1493 τὴν
959 1423 1020 1478 ὲκ
1061 1423 1260 1499 βάθους
1296 1423 1382 1478 καὶ
1439 1422 1689 1490 σκότους,
1723 1423 1795 1484 ὡς
1848 1423 1908 1476 ἄν

243 1540 333 1580 τις
394 1516 562 1581 ε’ίποι,
601 1516 736 1590 πρὸς
783 1517 895 1590 φῶς
955 1515 1182 1588 τρισσήν
1234 1513 1518 1580 ἀνάπτυξιν
1566 1510 1775 1565 τούτων
1820 1511 1910 1565 καὶ

247 1607 508 1680 θεωρίαν,
540 1606 616 1669 ὡς
660 1601 1000 1678 πανταχόθεν
1049 1600 1212 1662 αὐτάς
1260 1602 1470 1671 ξυνετὰς
1523 1602 1718 1655 ἅπασιν
1753 1600 1910 1658 εἶναι.

246 1700 324 1753 Ti
377 1698 474 1769 μὶν
523 1692 590 1762 δή
637 1692 772 1748 κατὰ
813 1691 940 1754 τοὺς
983 1689 1181 1766 λόγους
1230 1690 1410 1762 τούτῳ
1457 1687 1678 1745 τοιάδε·
1711 1691 1801 1744 καὶ
1846 1689 1913 1743 τά

247 1785 434 1843 πλείω
492 1790 732 1856 παρῆκεν
779 1783 808 1836 ὁ
867 1782 1051 1854 λόγος,
1111 1778 1372 1835 ἐκκλίνων
1427 1780 1520 1834 τὸν
1577 1780 1764 1852 κόρον,
1822 1779 1909 1833 καὶ

251 1878 373 1948 ἅμα
426 1876 598 1928 πάντα
651 1873 866 1926 πάντων
923 1866 1165 1936 εἰδότων,
1218 1866 1313 1923 κᾶν
1377 1870 1538 1941 ἡμεῖς
1589 1871 1666 1941 μή
1728 1866 1911 1944 λέγω...

257 1986 379 2036 μεν.

2021 528 2234 586 Christi
2274 529 2343 583 de
2385 526 2782 598 perduellibus
2831 528 3074 585 feliciter
3103 539 3312 588 erecta.
3343 531 3449 596 Qui
3490 531 3668 588 etiam

2016 619 2160 674 dum
2181 617 2414 690 pietatis
2435 621 2771 688 armigeros,
2788 641 2816 667 «
2842 619 3006 687 etqui
3028 621 3098 675 ad
3117 621 3461 694 sanguinem
3484 636 3674 693 usque

2019 709 2392 764 decertarent
2413 707 2480 772 ⁸³,
2501 727 2526 758 ι
2553 707 2678 761 suis
2701 706 3140 764 laudationibus
3170 726 3238 765 ex
3271 711 3472 768 merito
3497 711 3678 766 hono-

2018 799 2202 865 rabat,
2227 797 2336 853 hoc
2358 797 2486 868 ipso
2505 797 2660 869 quod
2683 795 2816 852 illos
2840 796 2922 853 sic
2950 798 3299 866 honestaret,
3327 799 3573 856 aliorum
3597 800 3672 856 ad

2020 887 2183 959 paria
2204 885 2516 940 certamina
2527 887 2754 941 animos
2768 886 3032 942 acuebat.
3047 887 3178 943 Haec
3196 890 3396 944 eadem
3416 890 3474 944 in
3491 890 3674 945 sacris

2018 976 2194 1032 etiam
2227 974 2440 1032 Christi
2483 973 2775 1047 mysteriis
2826 975 3019 1032 videre
3066 975 3240 1044 licet;
3291 993 3426 1033 nam
3456 984 3515 1033 et
3556 977 3672 1046 his,

2019 1081 2197 1138 quam
2247 1065 2508 1120 conferre
2551 1065 2793 1120 decebat
2841 1071 3058 1137 partem
3111 1067 3376 1134 reddidit,
3419 1085 3536 1138 qua
3586 1069 3674 1124 fas

2018 1157 2297 1227 piumque
2319 1159 2430 1221 est,
2453 1153 2641 1208 verbis
2661 1154 2963 1223 extollens,
2983 1160 3038 1209 et
3059 1155 3132 1210 ad
3157 1171 3354 1210 eorum
3387 1156 3672 1225 afﬂatum,

2018 1244 2396 1315 divinumque
2430 1244 2705 1313 furorem,
2739 1259 2853 1298 una
2883 1245 3204 1300 auditorem
3236 1245 3516 1302 excitans.
3551 1247 3672 1312 Quo

2018 1335 2171 1390 idem
2225 1333 2523 1402 omnibus,
2574 1351 2642 1389 ex
2692 1334 2789 1389 illo
2841 1344 3093 1405 tempore
3139 1336 3206 1390 ad
3243 1336 3350 1391 hoc
3397 1352 3676 1408 praesens,

2021 1424 2348 1491 denuntiat,
2381 1423 2643 1494 ejusdem
2679 1424 2831 1479 modi
2863 1441 2988 1480 esse
3028 1424 3258 1493 debere,
3291 1425 3392 1498 qui
3442 1427 3514 1482 de
3556 1425 3674 1481 Deo

2021 1515 2312 1586 rebusque
2344 1515 2560 1570 divinis
2591 1515 2765 1569 verba
2809 1516 2996 1570 facere
3045 1516 3314 1572 audeant.
3348 1517 3534 1572 Taceo
3565 1535 3679 1572 au-

2023 1611 2139 1661 tem
2161 1621 2316 1660 nunc
2340 1604 2852 1660 accuratissimam
2877 1609 3205 1662 sanctarum
3238 1607 3674 1679 Scripturarum

2023 1692 2594 1764 pervestigationem,
2635 1698 2693 1748 et
2739 1695 2808 1749 de
2858 1693 3166 1750 altitudine
3213 1702 3388 1768 atque
3435 1697 3678 1768 caligine

2023 1797 2152 1846 sua,
2186 1784 2249 1834 ut
2277 1777 2362 1834 sic
2390 1777 2722 1851 loquamur,
2753 1781 2825 1836 ad
2875 1780 3092 1850 lucem,
3141 1782 3425 1853 triplicem
3474 1800 3677 1841 earum

2023 1868 2469 1942 explicationem
2525 1869 3216 1942 contemplationemque,
3275 1877 3341 1927 ut
3399 1871 3675 1928 nimirum

2020 1957 2182 2015 omni
2239 1973 2308 2012 ex
2362 1960 2525 2029 parte
2583 1958 2847 2014 omnium
2917 1965 3186 2031 parerent
3260 1960 3677 2032 intelligentiae,

255 2059 456 2126 Atque
489 2055 608 2109 haec
641 2051 781 2108 talia
811 2050 1046 2121 quidem
1081 2051 1153 2105 de
1183 2049 1543 2105 orationibus
1575 2048 1759 2105 nostri
1790 2049 1944 2105 diota
1971 2055 2163 2104 sunto.
2195 2046 2472 2118 Pleraque
2501 2046 2659 2102 enim
2691 2046 2752 2102 in
2782 2064 3042 2119 praesens
3071 2065 3264 2106 sermo
3306 2055 3522 2118 noster,
3565 2067 3686 2122 quo

254 2147 590 2201 satietatem
628 2141 844 2206 vitaret,
875 2141 1096 2204 omisit,
1133 2141 1452 2210 praesrtim
1485 2140 1786 2211 quoniam,
1824 2139 1910 2194 vel
1945 2137 2114 2194 nobis
2143 2137 2498 2206 tacentibus,
2533 2141 2672 2193 nota
2701 2138 2975 2194 omnibus
3006 2145 3165 2194 sunt.

331 2234 436 2289 ΡΥ.
473 2231 603 2306 Περὶ
641 2229 825 2304 μέντοι
853 2232 952 2284 τοῦ
986 2227 1105 2303 βίοο
1137 2225 1310 2282 ἐκεῖνο
1341 2225 1505 2302 λέγω.
1540 2227 1660 2282 Ἐάν
1708 2248 1766 2282 τε
1810 2227 1912 2304 γὰρ

253 2324 389 2396 βίαν
445 2321 690 2393 ζητήσῃς
757 2317 1016 2374 πάντοθεν
1081 2315 1600 2391 συγκεκρετημὲνον,
1652 2315 1751 2370 οὐκ
1809 2317 1914 2371 ἀπὸ

252 2414 492 2485 μέρους,
553 2405 681 2463 ἀλλ’
740 2405 788 2476 ἐξ
853 2403 1173 2480 ὁλοκλήρου
1242 2403 1333 2459 καὶ
1389 2409 1489 2458 τοῦ
1547 2405 1768 2474 παντὸς,
1825 2406 1913 2459 καὶ

248 2498 644 2571 θαυμασθέντα
692 2496 789 2570 μὲν
839 2496 928 2568 ὑφ’
974 2495 1255 2562 ἁπάντων,
1301 2493 1674 2566 θαυμασθέντα
1723 2491 1769 2546 δ’
1819 2491 1920 2547 οὖ-

249 2587 352 2644 δὶν
383 2585 625 2661 μᾶλλον,
657 2583 806 2640 ἂλλά
839 2584 1003 2656 μόνον
1031 2587 1138 2638 τῶν
1172 2583 1388 2638 πάντων
1421 2583 1546 2657 περὶ
1586 2581 1715 2646 τοὺς
1763 2580 1919 2636 ἐπαίο

248 2699 391 2739 νους
443 2675 790 2751 ἠτυχηκότα,
840 2672 928 2728 ἐάν
985 2693 1045 2728 τε
1111 2671 1278 2747 ἄκραν
1356 2670 1619 2748 εὐγένείαν
1694 2672 1922 2748 γνώμης

257 2768 387 2842 μετ’
447 2763 764 2830 ἐπιεικείας,
812 2762 901 2818 καὶ
980 2761 1171 2840 φρένας
1253 2761 1566 2838 ὑπερφυεῖς,
1617 2759 1707 2815 καὶ
1766 2758 1925 2832 λῆμα

256 2855 485 2930 ὑψηλὸν
547 2853 636 2908 καὶ
691 2853 948 2913 καθεστὸς
1009 2850 1098 2906 καὶ
1159 2855 1428 2927 γενναῖον,
1487 2850 1578 2904 καὶ
1636 2849 1767 2904 ὅλον
1825 2854 1924 2904 τοῦ

257 2945 614 3018 Πνεύματος,
645 2937 726 2998 ἔτι
778 2961 838 2997 τε
895 2940 1136 3015 τρόπους
1194 2940 1334 2994 πάνυ
1391 2960 1477 2994 τοι
1534 2937 1792 3002 πιθανοὺς
1836 2939 1926 2993 καὶ

255 3039 385 3095 τοῖς
440 3037 572 3087 πᾶσι
622 3028 1076 3110 κεχαρισμένους,
1122 3028 1214 3084 καὶ
1280 3027 1529 3106 ἀγωγοὺς
1583 3026 1803 3102 μάλιστ’
1845 3027 1928 3082 ἐν-

2094 2229 2211 2284 CX.
2247 2228 2326 2282 De
2364 2227 2486 2282 vita
2532 2228 2711 2283 nostri
2745 2245 2878 2284 vero
2910 2228 3054 2284 illud
3091 2230 3272 2286 habeo
3303 2229 3514 2288 dicere.
3555 2231 3686 2288 Sive

2027 2317 2179 2374 enim
2215 2317 2411 2384 vitam,
2445 2315 2730 2388 undique,
2762 2333 2878 2372 non
2911 2334 2978 2373 ex
3009 2324 3192 2390 parte,
3225 2321 3324 2374 sed
3356 2336 3423 2376 ex
3455 2324 3596 2387 toto,
3629 2327 3690 2380 et

2025 2409 2088 2464 in
2136 2406 2415 2472 solidum,
2458 2407 2804 2463 instructam
2854 2423 2922 2464 ac
2969 2408 3408 2477 consolidatam,
3443 2410 3682 2480 quieris,

2027 2511 2276 2567 eamque
2304 2511 2658 2568 magnopere
2688 2497 2925 2567 quidem
2975 2497 3442 2554 conoelebratam
3494 2498 3684 2552 omni-

2031 2585 2160 2652 bus,
2193 2601 2379 2656 neque
2407 2601 2474 2640 eo
2507 2585 2694 2656 magis
2724 2591 2913 2642 tamen
2941 2586 3312 2654 celebratam,
3334 2603 3538 2642 verum
3570 2585 3679 2642 hac

2034 2692 2154 2731 una
2210 2677 2494 2730 duntaxat
2553 2675 2614 2730 in
2675 2690 2755 2742 re,
2815 2690 3024 2746 nempe
3089 2675 3446 2744 laudatione,
3488 2677 3685 2733 minus

2035 2766 2412 2821 fortunatam.
2461 2765 2586 2820 Sive
2634 2764 2684 2821 si
2735 2781 3035 2821 summam
3085 2765 3267 2821 animi
3299 2765 3686 2834 nobilitatem,

2037 2853 2467 2926 aequanimitate
2513 2855 2910 2926 eonjunctam,
2941 2858 2997 2911 et
3027 2855 3271 2927 spiritus
3314 2855 3598 2924 heroicos,
3631 2861 3690 2912 et

2040 2944 2219 3000 robur
2247 2943 2428 2999 animi
2458 2943 2775 3012 excelsum,
2807 2947 2865 2999 et
2895 2949 3194 3012 constans,
3225 2951 3283 3000 et
3313 2960 3687 3018 generosum,

2041 3037 2098 3089 et
2127 3037 2314 3088 totum
2347 3034 2528 3088 sancti
2561 3032 2836 3104 Spiritus,
2868 3033 3121 3104 quaeris;
3153 3033 3353 3090 adhmc
3385 3034 3525 3090 item
3557 3050 3690 3090 mo-

259 3123 493 3194 τεύξεις,
551 3121 640 3175 καὶ
687 3095 1051 3195 ’ἀναχωρησιν
1108 3095 1340 3174 ἐκεῖθεν.
1370 3095 1432 3173 oti
1489 3095 1736 3196 φορητήν
1765 3139 1778 3152 ·
1837 3117 1925 3173 καὶ

2042 3137 2137 3178 res
2179 3123 2249 3177 ad
2283 3121 2752 3192 persuadendum
2793 3122 3456 3193 accommodatissimas,
3488 3124 3688 3180 omni-

260 3210 420 3272 ὅλως
468 3210 534 3266 τὸ
580 3210 786 3272 πάντας
835 3209 1174 3283 ἀνθρώπους,
1207 3207 1252 3262 εἰ
1285 3205 1366 3262 δεῖ
1411 3209 1696 3280 συντόμως
1731 3206 1932 3276 εἰπεῖν,

263 3303 324 3358 ἐν
380 3306 463 3372 τῷ
513 3300 858 3375 παραχρῆμα
913 3304 1015 3367 τῆς
1071 3298 1215 3366 θέας,
1268 3296 1346 3360 εἷς
1411 3293 1673 3368 ἔκπληξιν
1727 3299 1933 3369 θαυμα-

265 3393 408 3462 στὴν
438 3388 490 3460 ἐξ
523 3389 764 3463 ἀνάγκης
792 3384 920 3462 ἄγον
971 3387 1064 3442 καὶ
1115 3385 1363 3464 φίλτρον,
1392 3387 1520 3462 παρ’
1583 3383 1762 3442 οὐδενὶ
1820 3391 1930 3442 τῶν

267 3481 495 3536 πάντων
549 3474 604 3532 ἓν
653 3497 714 3550 γε
759 3475 846 3531 καῖ
898 3477 1083 3532 ὁτιοῦν
1131 3475 1339 3532 τούτων
1395 3475 1472 3538 εἰς
1528 3475 1735 3550 ἄκρον·
1785 3477 1930 3550 παρᾶ

272 3567 324 3624 δ’
383 3567 533 3639 αὖτῷ
589 3566 768 3638 τούτῳ
846 3565 935 3618 καὶ
1012 3568 1294 3638 ξύμπαντα
1356 3569 1544 3633 ταῦτα,
1601 3566 1689 3619 καὶ
1747 3570 1933 3635 μεῖζον

271 3662 372 3734 [an
427 3656 600 3732 μείζω
619 3657 669 3729 ?]
721 3653 1037 3730 ὑπερϐολῆς
1096 3655 1308 3726 ἀπάσης
1374 3653 1618 3717 κατεῖδες
1666 3655 1726 3710 ἃν
1779 3655 1932 3711 ἐντυο

275 3750 400 3824 χών
409 3790 423 3804 .

2041 3213 2271 3284 busque
2292 3211 2755 3283 acoeptissimos,
2770 3219 2823 3266 et
2845 3227 3191 3284 congressus
3205 3213 3465 3284 apprime
3485 3230 3692 3270 suaves

2039 3307 2097 3358 et
2112 3299 2521 3373 aspectabiles,
2541 3305 2598 3355 et
2613 3316 2905 3356 recessum
2925 3301 2997 3356 ab
3027 3301 3265 3356 homine
3293 3302 3687 3374 agerrimum,

2039 3395 2214 3462 atque
2243 3390 2312 3444 ad
2356 3405 2674 3458 summam,
2705 3389 2851 3445 illud
2886 3385 3082 3446 nescio'
3111 3390 3275 3462 quid,
3301 3392 3453 3464 quod
3486 3407 3693 3450 omnes

2039 3479 2331 3543 homines,
2366 3484 2430 3534 ut
2471 3495 2588 3534 uno
2618 3495 2740 3535 rem
2790 3479 2962 3536 verbo
2999 3480 3372 3552 complectar,
3417 3481 3691 3553 Gregorio

2042 3569 2310 3642 protinus
2348 3573 2679 3638 conspecto,
2724 3567 2785 3622 in
2831 3567 3144 3625 miriﬁcum
3194 3575 3498 3641 stuporem
3529 3585 3690 3625 amo-

2044 3674 2298 3727 remque,
2334 3658 2658 3714 necessario
2691 3657 3010 3712 deducebat
3042 3675 3056 3712 :
3090 3657 3301 3714 horum
3335 3673 3520 3714 unum
3551 3675 3694 3714 sane

2045 3747 2363 3820 quoddam,
2395 3752 2452 3802 et
2482 3746 2536 3801 id
2568 3747 2982 3819 quodcunque,
3006 3763 3182 3816 penes
3213 3747 3506 3804 neminem
3540 3765 3692 3804 mor-

275 3839 511 3906 talium,
576 3835 865 3892 altissimo
917 3835 976 3891 in
1035 3837 1244 3909 gradu,
1306 3853 1482 3909 penes
1545 3837 1700 3891 hunc
1759 3837 1956 3908 ipsum
2011 3853 2166 3904 vero,
2235 3842 2292 3892 et
2349 3837 2622 3893 universa
2682 3837 2824 3906 hac,
2884 3842 2941 3893 et
2998 3853 3170 3910 supra
3218 3855 3454 3894 omnem
3511 3838 3695 3910 posita

278 3941 615 3990 excessum,
651 3941 782 3980 mox
812 3941 947 3980 cum
978 3924 1080 3980 illo
1110 3940 1480 3996 congressus,
1510 3926 1922 3997 perspexisses.

355 4019 512 4073 PIA'-
543 4012 634 4074 Τίς
671 4013 766 4086 μὲν
794 4011 888 4068 οὖν
921 4012 1070 4067 οὕτω
1107 4013 1241 4086 μετά
1265 4020 1367 4082 τῆς
1417 4012 1576 4084 ὕλης,
1611 4015 1686 4074 ὡς
1736 4013 1796 4068 ἄν
1855 4034 1936 4076 τις

283 4105 557 4179 ἀνώτερος
607 4101 770 4172 ὕλης,
817 4103 1054 4176 ὑπερῆρε
1111 4108 1212 4170 τῆς
1256 4101 1420 4171 ὕλης,
1473 4101 1588 4175 ὅλῳ
1631 4103 1718 4156 καὶ
1779 4103 1939 4158 παντὶ

280 4204 362 4272 τῷ
412 4203 491 4270 νῷ
537 4202 655 4260 τοῖς
699 4201 918 4266 νοητοῖς
951 4197 1025 4256 ὡς
1065 4195 1348 4267 αἰσθητοῖς
1398 4194 1708 4274 ἐντρυφῶνς
1741 4196 1833 4258 Τίς
1883 4193 1940 4252 δὲ

282 4294 405 4349 τοῖς
439 4290 676 4359 παροῦσι
723 4285 819 4340 καὶ
869 4286 1062 4358 μηκέτ’
1110 4283 1386 4358 ἐσομένοις
1437 4286 1650 4365 χαίρειν
1699 4286 1938 4358 καθάπαξ

284 4377 479 4446 εἰπὼν,
521 4375 708 4430 ἔπειτα
741 4379 862 4436 τοῖς
913 4375 1164 4444 ἀποῦσιν,
1213 4374 1288 4438 ὡς
1332 4373 1439 4444 ἤδη
1489 4379 1721 4451 παροῦσι
1771 4395 1940 4448 προσ-

2121 4017 2266 4074 CXI.
2303 4017 2444 4083 Quis
2494 4021 2584 4073 est
2628 4016 2828 4089 igitur,
2879 4017 2978 4088 qui
3029 4017 3266 4090 pariter,
3315 4017 3454 4074 dum
3511 4017 3698 4074 adhuc

2049 4121 2186 4161 cum
2237 4105 2475 4161 materie
2515 4110 2728 4177 ageret,
2759 4121 2937 4177 supra
2968 4105 3260 4161 materiem
3292 4111 3527 4162 evectus
3556 4114 3701 4176 erat,

2048 4195 2208 4251 velut
2238 4195 2530 4268 quispiam
2555 4194 2813 4250 materiei
2846 4195 3138 4251 consortio
3169 4196 3488 4251 excelsior:
3523 4195 3706 4250 nimi-

2053 4302 2182 4341 rum
2213 4291 2330 4341 toto
2366 4291 2424 4342 et
2451 4285 2611 4343 omni
2645 4285 2840 4342 animo
2890 4285 3320 4357 spiritualibus,
3348 4285 3500 4342 haud
3537 4283 3704 4341 aliter

2051 4391 2228 4446 quam
2248 4373 2321 4430 iis
2336 4391 2462 4447 que
2485 4374 2594 4429 sub
2620 4375 3078 4445 seususcaduut,
3095 4375 3349 4430 suaviter
3363 4373 3708 4446 perfruens?

287 4463 572 4540 εἶχε;’Ῑ’ίς
621 4463 650 4518 ὁ
698 4467 918 4518 τοιοῦτο
963 4463 1060 4536 μὲν
1111 4463 1387 4536 ὁμιλήσας
1435 4469 1552 4526 τοῖς
1606 4464 1776 4533 κάτω,
1820 4464 1925 4518 ὅσοι

2054 4465 2194 4531 Quis
2243 4481 2375 4520 vero
2418 4463 2556 4519 item
2603 4463 3011 4536 praesentibus,
3053 4480 3160 4520 nec
3203 4463 3373 4536 paulo
3421 4472 3544 4533 post
3575 4479 3707 4517 am-

286 4555 421 4610 αότὸ
489 4553 641 4608 τοῦτ’
701 4548 1036 4627 ἐνδεδεῖχθαι
1107 4552 1482 4626 περικείμενος
1541 4558 1720 4626 σῶμα,
1780 4552 1832 4607 ἐν
1886 4551 1944 4608 δὲ

287 4648 358 4718 τῇ
389 4643 529 4698 κατὰ
567 4645 692 4696 νοῦν
745 4641 1000 4715 ἐνεργείᾳ,
1029 4642 1094 4696 τὸ
1141 4646 1244 4696 πᾶν
1289 4642 1588 4714 ἀπονείμας
1635 4648 1751 4704 τοῖς
1800 4641 1944 4713 ἄνω;

288 4734 378 4794 Τίς
411 4731 565 4787 ὁτὸν
622 4726 727 4800 ἔξω
783 4729 976 4792 τέλους
1035 4730 1362 4804 θησαυρίσας
1425 4731 1614 4804 αἰῶνα,
1650 4728 1943 4806 ἐπειδήπερ

291 4822 383 4877 καὶ
417 4821 526 4896 πρὸ
557 4824 655 4876 τοῦ
685 4817 904 4889 τέλους,
937 4819 1256 4876 ἐκλείποντα
1285 4821 1376 4874 τὸν
1408 4824 1498 4874 νῦν
1539 4825 1732 4876 τοῦτον
1764 4820 1942 4894 ἐώρας

293 4912 408 4967 Τίνι
463 4906 679 4983 μᾶλλον
732 4907 976 4969 πλοῦτος
1028 4914 1342 4982 παρῶπται,
1374 4910 1432 4964 ὃν
1483 4911 1512 4965 ὁ
1543 4910 1713 4964 τεκὼν
1747 4909 1946 4984 χρόνος

297 5002 498 5070 ἀνεῖλε,
546 5001 713 5076 μόνος
763 4998 810 5056 δ’
857 5001 1057 5063 ἐκεῖνος
1105 5001 1254 5074 αὐτῷ
1288 5005 1386 5057 τοῦ
1442 5001 1640 5064 παντός
1698 5001 1947 5077 ἐτιμᾶτο,

301 5091 362 5147 οὗ
390 5117 420 5144 ιι
459 5093 536 5164 μή
569 5112 703 5147 ποτε
729 5092 794 5147 τὸ
823 5089 983 5153 κλέος
1018 5090 1260 5160 ὁλεῖται;
1295 5115 1322 5143 ››
1347 5090 1437 5154 Τίς
1467 5085 1700 5147 ἀϐίωτον
1735 5091 1951 5164 ἐνόμισε

302 5181 418 5243 Βίον
461 5181 526 5236 τὸ
577 5182 736 5256 βιοῦν
773 5181 910 5236 κατὰ
963 5180 1185 5254 σάρκας,
1216 5181 1304 5237 καὶ
1360 5183 1435 5254 μὴ
1491 5183 1643 5256 βιοῦν
1675 5183 1750 5244 ὡς
1783 5181 1951 5237 εἰπεῖν

300 5268 400 5339 ἔξω
452 5271 614 5344 βίου·
667 5267 806 5342 μηδὲ
857 5271 976 5345 βίον
1031 5269 1225 5346 τῳόντι
1290 5274 1482 5326 τοῦτον
1560 5271 1775 5345 ἄριστον
1830 5271 1950 5346 κρί-

299 5381 434 5426 νειν,
491 5361 556 5414 τὸ
613 5362 862 5431 θνήσκειν
921 5359 980 5417 δὲ
1037 5362 1129 5418 καὶ
1203 5363 1449 5417 τεθνᾶναι
1530 5361 1759 5436 μελετᾷν
1831 5361 1950 5417 ὅσαι

306 5449 442 5524 ὧραι
467 5468 480 5518 ;

382 5634 426 5670 ⁵³
457 5636 632 5692 Hebr.
669 5653 770 5703 xu,
804 5637 856 5690 4.

633 5737 894 5797 Panos.
941 5738 1055 5797 Gn.
1100 5734 1325 5798 CXLV.

2055 4555 2231 4625 plius,
2253 4554 2486 4623 futuris,
2513 4569 2608 4610 res
2627 4553 2737 4609 sibi
2763 4571 2903 4609 suas
2925 4553 3079 4608 bona
3100 4552 3213 4609 fide
3239 4553 3449 4608 habere
3470 4551 3662 4624 jussis
3687 4567 3702 4605 :

2055 4649 2251 4716 postea
2281 4644 2644 4710 absentibus,
2670 4642 2830 4700 velut
2852 4645 2975 4715 jam
3000 4642 3406 4714 presentibus.
3439 4641 3703 4696 animum

2055 4750 2225 4789 suum
2249 4732 2568 4805 applicuit?
2589 4734 2730 4800 Quis
2753 4732 2871 4798 ille,
2895 4734 2994 4804 qui
3022 4732 3300 4788 hactenus
3322 4731 3605 4786 duntaxat
3625 4729 3712 4784 in-

2057 4822 2364 4880 ferioribus
2383 4821 2541 4878 hisce
2573 4838 2696 4879 sese
2719 4823 2904 4888 daret,
2929 4830 3217 4893 quatenus
3241 4821 3293 4875 id
3319 4819 3509 4890 ipsum
3538 4818 3710 4873 modo

2058 4913 2398 4978 adstrueret,
2437 4912 2593 4984 quod
2625 4927 2862 4982 corpore
2895 4910 3138 4966 vestitus
3168 4915 3360 4964 esset:
3395 4923 3592 4963 verum
3623 4922 3711 4962 se-

2060 5007 2216 5058 creta
2247 5003 2459 5057 mentis
2489 5001 2810 5072 agitatione
2853 4999 3054 5056 omnia
3096 4998 3324 5068 superis
3355 5014 3420 5052 ac
3459 4995 3710 5051 ccelesti-

2061 5093 2172 5146 bus
2203 5090 2546 5146 attribueret
2567 5088 2594 5144 ?
2626 5090 2766 5156 Quis
2802 5087 3250 5144 iuterminatum
3288 5087 3430 5141 illud
3462 5103 3496 5140 a
3527 5088 3714 5140 morte

2063 5198 2270 5246 aevum,
2303 5180 2558 5236 thesauri
2591 5181 2646 5234 iu
2681 5179 2919 5234 modum
2954 5177 3066 5232 sibi
3117 5176 3484 5244 recondebat,
3531 5175 3712 5244 siqui-

2063 5275 2188 5326 dem
2215 5287 2467 5341 preesens
2492 5271 2600 5324 hoc
2617 5285 2826 5334 aevum,
2858 5267 3032 5322 etiam
3061 5271 3368 5334 antequam
3403 5265 3714 5319 terminum

2063 5379 2236 5416 suum
2271 5360 2539 5431 attingat,
2559 5358 2800 5414 deiicere
2821 5356 3130 5412 cerneret?
3166 5356 3268 5410 Cui
3296 5359 3502 5424 spreta:
3527 5354 3716 5424 magis

2065 5466 2202 5522 opes
2234 5451 2416 5516 fuere,
2450 5465 2593 5518 quas
2621 5447 2768 5502 idem
2800 5447 2952 5518 quod
2988 5445 3206 5517 peperit
3236 5449 3470 5515 tempus
3497 5459 3718 5499 consu-

3323 5733 3394 5789 11
