3986 6228
435 325 550 391 331

1743 329 2144 396 THEODULI
2191 331 2542 394 MONACH!

3731 333 3828 398 332

437 481 595 522 mere
623 463 804 524 solet:
829 471 884 522 et
908 464 1002 522 cui
1033 463 1168 522 solae
1195 463 1308 520 illas
1358 463 1614 520 maxime
1655 463 1716 520 in
1768 465 1950 536 pretio
1999 463 2238 534 habitas,
2267 480 2516 536 quarum
2549 486 2576 515 «
2610 464 2772 522 nullo
2803 465 2980 522 decus
3023 470 3112 524 est
3153 465 3400 523 delebile
3427 467 3596 524 saele
3625 467 3829 539 (16)?»

435 555 577 622 Quis
619 557 793 612 vitam
842 554 1083 611 minime
1129 553 1363 610 vitalem
1411 551 1523 609 sibi
1573 569 1700 610 esse
1745 554 1914 610 duxit
1957 555 2284 612 secundum
2333 571 2568 612 carnem
2620 556 2829 622 vivere,
2883 563 2938 612 et
2985 572 3102 612 non
3151 560 3376 625 contra,
3407 561 3473 612 ut
3520 557 3604 613 sic
3633 556 3832 625 dicam,

433 650 597 702 extra
644 645 793 702 hanc
840 645 1018 702 vitam
1068 643 1280 712 vivere,
1325 657 1573 715 eamque
1627 659 1826 700 revera
1869 644 2044 700 vitam
2094 645 2375 718 optimam
2424 660 2683 716 censere,
2734 645 2882 704 mori
2945 645 3190 717 scilicet,
3241 653 3598 719 mortemque
3642 648 3700 702 in
3742 647 3833 705 ho-

435 750 527 792 ras
559 735 836 792 meditari
857 733 885 790 ῗ

501 825 664 882 CXII.
715 825 857 890 Quis
901 823 1321 897 jusjurandum
1372 826 1496 880 tum
1551 822 1712 893 dare,
1770 827 1896 880 tum
1939 822 2057 882 acei

2279 824 2420 880 PIB'.
2468 823 2556 886 Τίς
2603 824 2764 899 ὅρκον
2819 822 2962 879 οὕτω
3005 820 3214 880 διδόναι
3279 845 3339 880 τι
3393 825 3484 880 καὶ
3551 821 3835 899 λαμϐάνειν

433 931 590 991 pere,
631 915 872 989 perinde
917 915 1106 973 vetuit
1163 913 1428 982 omnino,
1479 929 1546 971 eo
1598 913 1756 986 quod
1815 913 2093 986 utrinque

431 1005 732 1062 reddenda
777 1004 972 1062 veniat
1018 1003 1166 1062 ratio
1191 1003 1221 1060 ἳ
1249 1004 1390 1070 Quis
1431 1003 1514 1060 ita
1544 1011 1800 1060 remotus
1829 1003 1902 1060 ab
1933 1004 2090 1060 omni

361 1097 366 1109 '
430 1095 732 1154 mundana
761 1095 946 1169 gloria
975 1110 1232 1166 unquam
1263 1095 1393 1163 fuit,
1428 1097 1492 1150 ut
1518 1094 1738 1151 donum
1771 1095 1948 1150 etiam
1981 1111 2088 1166 pa-

432 1187 769 1244 trandorum
802 1185 1220 1242 miraculorum
1263 1183 1548 1243 divinitus
1582 1183 1838 1255 recipere
1869 1183 2084 1240 nollet:

430 1276 584 1348 quod
619 1275 896 1331 nimirum
920 1275 1184 1332 videntes
1207 1273 1342 1330 inde
1363 1273 1422 1328 in
1455 1271 1657 1328 laudes
1687 1273 1974 1343 patrantis
1998 1273 2088 1328 fu-

429 1381 558 1422 rore
615 1365 866 1440 quodam
925 1365 1174 1421 ruunt?
1231 1364 1372 1430 Quis
1419 1362 1781 1420 iracundiam
1843 1363 2090 1435 ejusque

427 1455 683 1527 impetus
732 1454 1077 1528 simpliciter
1121 1455 1180 1510 in
1231 1460 1514 1527 potestate
1557 1451 1785 1521 habuit,
1817 1452 2088 1523 concupi-

427 1544 665 1602 scentiis
721 1560 858 1602 vero
915 1544 1146 1617 optimas
1226 1545 1456 1615 Deoque
1527 1546 1774 1613 acceptae
1850 1557 2086 1598 omnem

426 1649 668 1706 prorsus
687 1633 969 1690 rationem
992 1632 1178 1701 duxit,
1205 1637 1266 1689 at
1290 1631 1700 1705 perditissima
1724 1630 1886 1687 illius
1916 1630 2084 1702 plane

427 1721 692 1779 nullam?
742 1723 884 1788 Quia
940 1723 1092 1779 risus
1149 1722 1290 1779 item
1346 1729 1398 1779 et
1452 1719 1741 1790 mmroris,
1798 1725 2084 1790 quantum

422 1828 654 1886 aequum
703 1816 851 1884 erat,
899 1815 1224 1884 assumpto,
1275 1827 1342 1868 eo
1392 1811 1543 1882 quod
1580 1808 1867 1882 quidquid
1900 1808 1994 1866 his
2022 1809 2082 1866 in

423 1905 539 1960 oris
567 1907 674 1971 est,
705 1903 764 1958 id
797 1903 1036 1960 omnino
1060 1902 1274 1975 partim
1309 1899 1604 1973 lacrymis,
1628 1914 1734 1956 nec
1765 1899 2080 1969 immerito,

423 1991 634 2062 partim
665 1991 879 2057 derisu,
916 1989 1230 2062 plusquam
1273 1988 1531 2046 celebres
1577 1986 1663 2043 illi
1693 1992 1916 2044 veteres
1945 1987 2082 2059 phi-

420 2080 644 2154 losophi
667 2080 908 2152 dignum
952 2080 1196 2136 haberet
1231 2097 1246 2136 :
1277 2078 1434 2152 quod
1464 2079 1701 2135 noxium
1734 2077 1966 2149 utrique
1992 2077 2081 2132 af-

420 2170 595 2227 fectui
648 2171 870 2238 aderat,
919 2181 987 2226 eo
1039 2170 1122 2226 ita
1179 2183 1597 2242 usquequaque
1636 2166 1980 2236 abstinebat,
2013 2171 2078 2222 ut

427 2276 616 2334 neque
666 2275 927 2333 unquam
976 2260 1049 2316 ad
1091 2258 1430 2317 solutiorem
1476 2259 1662 2314 risum
1703 2256 1947 2324 veniret,
1978 2273 2080 2313 ne-

403 2365 539 2422 ,que
569 2348 842 2406 humanis
872 2353 928 2406 et
961 2347 1298 2416 ﬂuentibus,
1329 2357 1383 2404 et
1423 2364 1550 2419 quis
1580 2345 1727 2402 nihil
1759 2361 1954 2402 revera
1983 2362 2082 2402 es-

419 2445 551 2497 sent
595 2439 954 2510 illacrymari
995 2455 1182 2511 operas
1228 2439 1476 2511 pretium
1525 2437 1784 2505 duceret,
1817 2436 1914 2493 sed
1965 2452 2081 2492 uno

419 2533 479 2586 et
505 2537 788 2601 perpetuo
822 2529 976 2584 luctu
1024 2535 1336 2595 teneretur,
1369 2543 1581 2598 nempe
1625 2527 1835 2582 divinae
1882 2541 2084 2582 conso-

423 2617 660 2675 lationis
691 2618 960 2690 parario?
980 2618 1198 2674 Sensus
1227 2633 1357 2673 vero
1381 2633 1520 2673 suos
1551 2615 1680 2687 quis
1703 2631 1864 2687 aqua
1887 2615 2085 2672 mode-

423 2706 681 2772 rabatur,
715 2711 780 2762 ut
809 2709 880 2762 ad
911 2707 1366 2763 decentissimas
1407 2705 1664 2762 indolem
1699 2705 2084 2776 habitumque

2199 912 2399 968 ἀπεῖπε
2453 913 2718 985 καθάπαξ,
2777 913 2853 976 ὡς
2910 913 3236 988 ἑκατέρωθεν
3305 915 3630 985 ἀπαντώσης
3689 915 3835 971 εὐθύ-

2200 1023 2339 1073 νης;
2389 1005 2480 1066 Τίς
2537 1003 2748 1076 ἀπάσης
2797 1011 3070 1079 κοσμικῆς
3115 1003 3362 1079 εὐδοξίας
3403 1010 3660 1062 τοσοῦτον
3713 1006 3834 1062 ἀπέ-

2200 1114 2324 1164 στη,
2375 1093 2450 1156 ὡς
2493 1092 2634 1166 μηδέ
2683 1095 2970 1166 θαυμάτων
3021 1096 3185 1170 χάριν
3225 1093 3484 1164 ὶθελῆσαι
3531 1095 3712 1151 θεόθεν
3753 1093 3833 1150 δε-

2201 1179 2414 1257 δέχθαι,
2457 1180 2546 1238 διά
2585 1183 2648 1239 τὸ
2689 1182 2816 1246 τοὺς
2868 1184 3111 1258 ὁρῶντας
3147 1185 3286 1260 πρὸς
3334 1180 3550 1240 ἔπαινον
3600 1183 3828 1240 ἐντεῦθεν

2198 1270 2578 1344 ἕκμαίνεσθαι;
2637 1272 2728 1334 Τίς
2781 1272 3044 1347 ἐκράτησε
3104 1273 3198 1344 μὶν
3262 1272 3483 1328 είσάπαν
3535 1274 3718 1346 θυμοῦ
3753 1273 3830 1328 καὶ

2195 1365 2302 1416 τῶν
2343 1367 2440 1416 τοῦ
2501 1363 2676 1434 θυμοῦ
2742 1363 3084 1434 κινημάτων,
3133 1360 3426 1435 ἐπιθυμίας
3483 1359 3542 1416 δὲ
3595 1369 3698 1432 τῆς
3751 1363 3830 1435 μὶν

2195 1451 2420 1526 ἀρίστης
2479 1450 2568 1506 καὶ
2625 1450 2911 1529 θεοφιλοῦς
2955 1450 3118 1525 λόγον
3169 1449 3465 1522 ἐποιήσατο
3507 1451 3707 1520 πάντα,
3737 1459 3829 1522 τῆς

2197 1537 2254 1594 δὲ
2279 1539 2487 1594 κάκιστ’
2516 1537 2904 1612 ἀπολουμένης
2934 1537 3048 1595 οὐδ’
3079 1541 3321 1595 ὁντινοῦν
3345 1561 3358 1609 ;
3379 1539 3470 1602 Τίς
3503 1537 3560 1596 δὲ
3592 1537 3828 1616 γέλωτος

2193 1629 2288 1684 καὶ
2334 1627 2560 1692 πένθους
2608 1629 2732 1684 ὅσον
2783 1635 3026 1703 προσῆκε
3057 1624 3267 1699 λαϐὼν,
3299 1634 3377 1702 τῷ
3407 1631 3580 1684 πάντα
3611 1633 3678 1684 τα
3713 1627 3828 1701 τῇδε

2193 1718 2456 1788 καθάπαξ,
2512 1717 2579 1773 τὰ
2639 1720 2732 1792 μὶν
2793 1717 3016 1779 εἰκότως
3086 1715 3358 1793 δακρύων,
3412 1717 3479 1774 τά
3534 1715 3610 1788 δὲ,
3672 1739 3828 1774 κατα-

2191 1805 2434 1881 γέλωτος
2481 1807 2665 1878 ἀξιοῦν
2737 1808 2870 1881 ὑπὲρ
2946 1809 3072 1870 τοὺς
3149 1806 3318 1862 πάλαι
3404 1807 3829 1885 φιλοσοφοῦντας

2191 1895 2443 1963 ἐκείνους,
2477 1898 2505 1951 ὃ
2553 1893 2822 1971 βλαϐερὸν
2881 1896 3116 1971 ἑκατέρῳ
3173 1904 3404 1968 προσῆν,
3439 1898 3582 1952 οὕτω
3636 1897 3828 1952 τούτου

2190 1987 2435 2056 καθάπαξ
2477 1986 2773 2062 ἀπέσχετο,
2805 1987 2878 2048 ὼς
2931 1989 3072 2059 μήτε
3113 1987 3251 2062 πρὸς
3298 1987 3512 2064 γέλωτα
3551 1977 3827 2061 προῆχθαί

2189 2096 2341 2145 ποτε,
2403 2077 2702 2150 μήθ’ύπὶρ
2763 2076 3116 2151 ἀνθρωπίνων
3172 2097 3231 2131 τε
3288 2097 3378 2132 και
3438 2077 3696 2150 ῥεόντων,
3749 2077 3828 2131 καὶ

2193 2159 2365 2235 μηδὲν
2423 2159 2612 2231 ὅντων,
2672 2162 2867 2235 τῳόντι
2923 2162 3132 2219 κλαίειν
3191 2163 3426 2234 ἑλέσθαι,
3484 2163 3632 2220 ἀλλά
3687 2167 3828 2236 μόνῳ

2187 2251 2277 2305 καὶ
2328 2248 2566 2321 διηνεκεῖ
2612 2250 2792 2307 πένθει
2836 2253 3162 2327 κεχρῆσθαι,
3192 2257 3272 2324 τῷ
3328 2255 3429 2322 τήν
3480 2252 3622 2308 θείαν
3684 2275 3830 2326 μνω-

2194 2343 2339 2416 μένῳ
2386 2342 2768 2414 παράκλησιν;
2801 2344 3092 2414 Αἰσθήσεις
3139 2340 3184 2398 δ’
3217 2342 3282 2398 αὖ
3323 2343 3403 2406 τίς
3457 2344 3630 2406 οὕτως
3685 2343 3830 2400 ἔπαι-

2189 2427 2525 2506 δαγώγησεν,
2582 2433 2656 2494 ὡς
2724 2435 2862 2486 πάνυ
2940 2453 3024 2486 τοι
3103 2432 3348 2504 κοσμίως
3430 2433 3828 2508 παρασκευάσαι

2189 2520 2409 2576 ταυτασὶ
2471 2519 2792 2590 διακεῖσθαι,
2849 2522 2939 2576 καὶ
2993 2519 3265 2576 κάλλιστα
3321 2516 3492 2597 ἔχειν,
3551 2521 3641 2576 καὶ
3704 2526 3832 2577 κατά

2191 2611 2346 2686 φύσιν
2382 2617 2612 2686 χωρεῖν,
2645 2611 2734 2665 καὶ
2766 2611 2901 2666 εἶναι
2931 2611 3205 2681 τοιαύτας,
3239 2610 3382 2674 σ’ίαις
3429 2611 3524 2666 τὸν
3574 2612 3687 2685 πρὸ
3735 2619 3827 2681 τῆς

2191 2695 2547 2776 παραϐάσεως
2580 2698 2861 2775 ἄνθρωπον
2890 2697 2993 2756 ἔδει
3027 2703 3325 2775 κεχρῆσθαι
3353 2720 3366 2769 ;

421 2795 882 2867 pulcherrimum
925 2813 1326 2868 componerer,
1375 2801 1432 2852 et
1481 2800 1702 2852 naturae
1732 2795 1998 2851 ordinem
2049 2794 2236 2865 sequi,
2269 2791 2531 2864 talesque
2571 2790 2740 2864 plane
2786 2807 2914 2848 esse
2953 2795 3364 2862 assuefaceret,
3397 2791 3678 2864 qualibus
3711 2793 3825 2866 pri-

418 2903 584 2942 mum
617 2888 909 2944 hominem
943 2893 1076 2944 ante
1108 2889 1334 2960 lapsum
1369 2887 1453 2944 uti
1485 2885 1790 2958 oportuit?

489 2975 682 3033 CXIII.
732 2977 837 3033 Cui
889 2993 1058 3048 porro
1109 2977 1190 3034 ita
1235 2978 1480 3033 virtutes
1521 2975 1822 3044 universae,
1859 2980 1923 3031 ut
1955 2991 2071 3031 una

417 3065 634 3138 aliqua,
668 3082 820 3122 cura:
851 3067 1162 3138 studioque
1192 3066 1394 3122 fuere?
1424 3067 1546 3122 sive
1576 3065 1791 3137 potius,
1823 3065 1957 3137 quis
1991 3065 2072 3121 ita

416 3154 723 3220 virtutum,
757 3159 880 3211 tum
925 3155 1311 3228 singularum,
1343 3160 1462 3210 tum
1497 3154 1784 3223 omnium,
1816 3153 2069 3210 admiru-

417 3245 551 3300 hilis
580 3242 771 3300 cultor
799 3250 950 3315 erat,
992 3249 1054 3302 ut
1084 3243 1184 3317 qui
1216 3243 1480 3317 singulas
1516 3259 1778 3316 quasque
1805 3242 2070 3299 excolue-

415 3336 570 3404 raut,
604 3349 672 3390 eo
712 3339 1034 3406 superaret,
1063 3335 1215 3405 quod
1255 3333 1380 3405 ipse
1421 3333 1598 3390 simul
1629 3337 1871 3390 cunctas
1899 3348 2070 3389 exco-

415 3421 620 3479 luisset
652 3439 665 3476 :
703 3438 903 3478 rursus
952 3423 1050 3494 qui
1084 3422 1410 3489 universas,
1442 3422 1598 3494 quod
1647 3423 1768 3494 ipse
1797 3423 1857 3478 in
1889 3439 2068 3480 cacu-

2253 2974 2395 3030 PII".
2431 2973 2664 3046 ’Δρετῶν
2722 2969 2779 3026 δὶ
2835 2972 2940 3027 τίνι
2999 2976 3185 3027 πασῶν
3215 2970 3508 3046 ἐμέλησεν,
3539 2973 3612 3033 ὡς
3681 2978 3826 3047 μιᾶς,

2187 3060 2398 3135 μᾶλλον
2443 3059 2501 3116 δὲ
2547 3061 2630 3126 τίς
2678 3060 2851 3123 οὕτως
2891 3061 3062 3116 αὐτῶν
3092 3063 3183 3116 καὶ
3224 3062 3361 3119 κατὰ
3394 3063 3524 3135 μίαν
3569 3065 3662 3117 καὶ
3698 3064 3829 3118 κατὰ

2178 3153 2352 3212 πάσας
2401 3152 2706 3223 Θαυμαστὸς
2756 3149 3098 3221 σπουδαστὴς
3139 3149 3402 3228 ἐγεγόνει,
3435 3151 3509 3213 ὡς
3566 3155 3682 3207 τῶν
3735 3153 3826 3224 μὲν

2179 3241 2408 3308 ὲκάστῂν
2471 3241 2651 3295 αύτῶν
2734 3240 3168 3315 κατορθούντων,
3238 3240 3666 3316 περιγεγονέναι,
3753 3246 3828 3310 τῷ

2177 3332 2350 3391 πάσας
2395 3336 2584 3386 τοῦτον
2646 3332 2809 3402 ὁμοῦ,
2839 3335 2948 3386 τῶν
2983 3327 3028 3384 δ’
3075 3329 3142 3386 αὖ
3199 3331 3432 3395 ἁπάσας,
3489 3335 3570 3402 τῷ
3626 3335 3824 3386 ’τοῦτον

2177 3420 2252 3481 εἷς
2285 3422 2445 3495 ἄκρον
2473 3448 2486 3488 ;
2518 3419 2610 3482 Τίς
2643 3420 2784 3474 οὕτω
2835 3417 3004 3481 δεινὸς
3052 3419 3118 3475 τά
3167 3419 3351 3476 δέοντα
3401 3419 3642 3492 μάλιστα.
3695 3419 3826 3475 πάν-

414 3529 548 3568 men
579 3512 789 3568 enixus
819 3513 1018 3569 esset?
1049 3513 1190 3578 Quis
1213 3513 1293 3568 ita
1327 3511 1586 3586 capitalis
1616 3518 1674 3568 et
1703 3511 1908 3580 solere,
1940 3517 2057 3568 tum

2191 3531 2282 3564 των
2329 3508 2560 3563 συνιδεῖν
2607 3530 2664 3565 τε
2712 3508 2802 3563 καὶ
2842 3509 3213 3582 καταπρᾶξαι;
3245 3509 3332 3570 Τίς
3377 3510 3467 3564 καὶ
3519 3508 3697 3564 εἰπεῖν
3735 3509 3826 3563 καὶ

413 3603 802 3674 pervidendis,
852 3605 980 3658 tum
1037 3602 1424 3672 perficiendis,
1456 3617 1588 3674 quae
1618 3603 1762 3658 facto
1793 3619 1941 3674 opus
1971 3618 2064 3659 es-

414 3697 566 3760 sent,
615 3708 768 3748 unus
817 3708 932 3764 pra:
983 3692 1112 3748 aliis
1161 3691 1434 3748 omnibus
1479 3691 1648 3748 erat?
1676 3691 1816 3758 Quis
1863 3697 1922 3747 et
1965 3708 2062 3748 ore

409 3781 626 3854 eloqui,
678 3785 734 3839 et
783 3781 1025 3838 auribus
1073 3782 1336 3852 accipere
1384 3781 1652 3854 paratior,
1681 3798 1808 3852 quae
1847 3797 1918 3836 ex
1949 3798 2061 3836 usu

408 3876 624 3939 essent,
661 3877 719 3927 et
761 3872 995 3942 quando
1037 3871 1285 3928 maxime
1323 3871 1568 3928 essent?
1612 3872 1749 3938 Quis
1779 3871 1934 3926 fandi
1964 3877 2058 3926 ta-

407 3959 693 4030 cendique
742 3964 1034 4030 tempora,
1078 3965 1378 4030 artemque
1423 3959 1668 4014 tacendo
1707 3960 1880 4014 etiam
1914 3975 2057 4014 non-

407 4063 706 4119 nunquam
733 4065 853 4104 rem
886 4048 1220 4104 felicissime
1251 4049 1510 4120 gerendi,
1535 4049 1748 4104 rectius
1778 4049 2012 4104 tanehet
2031 4049 2058 4102 ?

407 4135 546 4204 Quis
581 4152 841 4208 unquam
873 4155 938 4193 eo
980 4139 1136 4210 quod
1181 4136 1326 4193 nihil
1379 4137 1630 4204 haberet,
1681 4141 1887 4192 cuncta
1929 4151 2058 4193 sese

405 4225 640 4294 habere,
671 4229 732 4281 et
763 4225 944 4281 miras
965 4227 1400 4297 immensasque
1421 4241 1558 4298 opes
1588 4225 1840 4296 inopiam
1865 4225 2054 4296 ipsam

401 4313 704 4387 possidere
735 4331 860 4370 sese
887 4315 1182 4370 credidit?
1223 4331 1321 4386 per
1351 4331 1528 4386 quam
1583 4315 1838 4386 inepiam
1885 4313 2056 4387 longe

2173 3597 2401 3652 ἀκοῦσαι
2450 3598 2483 3651 ἃ
2531 3595 2630 3668 δεῖ,
2663 3598 2754 3652 καὶ
2803 3597 2892 3652 ὅτε
2935 3597 3172 3670 μάλιστα
3222 3595 3343 3669 δεῖς,
3373 3598 3466 3658 Τίς
3505 3596 3686 3671 λόγου
3735 3596 3822 3650 καῖ

2171 3693 2384 3756 σιωπῆς
2439 3685 2632 3741 εἰδέναι
2689 3685 2935 3760 καιροὺς,
2968 3687 3058 3741 καὶ
3117 3685 3186 3740 δι’
3217 3688 3390 3756 αὐτῆς
3443 3684 3555 3742 ἔσθ’
3583 3687 3680 3741 ὅτε
3737 3707 3830 3740 τα-

2175 3777 2395 3850 μέγιστοι
2453 3779 2790 3850 κατορθοῦν;
2831 3776 2920 3838 Τίς
2981 3776 3034 3832 ἐν
3085 3781 3164 3849 τῷ
3214 3775 3382 3850 μηδὲν
3428 3776 3571 3852 ἔχειν
3629 3781 3824 3853 ἡγεῖτο

2169 3867 2255 3920 καὶ
2299 3868 2612 3938 θαυμαστήν
2668 3887 2784 3921 τινα
2841 3867 2930 3921 καὶ
2988 3864 3186 3921 ἄτοπον
3216 3866 3471 3940 εὐπορίαν
3517 3867 3622 3936 τήν
3673 3868 3829 3921 ἀπο-

2171 3956 2286 4029 ρίαν
2317 3958 2627 4026 κεκτῆσθαι,
2662 3952 2730 4009 δι’
2761 3958 2824 4027 ἧς
2853 3951 2964 4010 ἔστι
2995 3957 3131 4010 πάνυ
3162 3977 3246 4010 τοι
3280 3955 3450 4031 ῥᾷστα
3480 3981 3507 4007 ιι
3554 3957 3662 4026 τὴν
3697 3977 3826 4011 στε-

2166 4046 2265 4114 νήν
2325 4042 2580 4113 διελθεῖν,
2616 4069 2643 4096 ››
2674 4045 2765 4101 καὶ
2815 4045 2952 4100 πάνυ
3009 4065 3093 4099 τοι
3150 4045 3369 4121 κούφως
3427 4045 3501 4106 εἰς
3545 4045 3828 4118 οὐρανοὺς

2167 4135 2484 4204 ἀναπτῆναι,
2521 4132 2710 4206 μηδενί
2743 4135 3074 4208 βαρούμενον
3111 4153 3125 4190 :
3169 4137 3260 4198 Τίς
3291 4137 3317 4190 ὁ
3349 4134 3508 4196 αὐτὸς
3557 4137 3653 4190 καὶ
3687 4136 3825 4190 πάν·

2162 4245 2271 4278 των
2317 4220 2368 4276 ἐν
2423 4225 2584 4278 ἅπασι
2633 4222 2918 4298 προῦχων,
2950 4225 3039 4278 καὶ
3085 4224 3287 4286 πάντας
3335 4225 3530 4280 ἑαυτοῦ
3578 4229 3664 4296 τῷ
3721 4244 3826 4297 με·

2162 4315 2299 4388 τρίῳ
2328 4323 2426 4384 τῆς
2458 4316 2687 4390 γνώμης
2717 4313 3062 4394 προῦχοντας
3093 4310 3274 4390 ἔχωνς

406 4403 839 4476 expeditissime
880 4425 908 4454 «
941 4407 1252 4476 augustam
1294 4403 1453 4460 illam
1483 4404 1730 4460 transire
1757 4408 1982 4473 portam
2019 4405 2084 4473 ⁵³,
2119 4428 2148 4456 ››
2179 4408 2506 4479 pennisque
2538 4408 2888 4478 praepetibus
2915 4407 2974 4462 in
3005 4407 3184 4463 cceloe
3212 4404 3437 4463 evolare
3467 4410 3688 4478 potest,
3723 4406 3830 4478 qui

405 4510 466 4550 re
511 4493 782 4550 videlicet
831 4493 992 4549 nulla
1041 4499 1315 4566 gravatus
1365 4499 1474 4550 est.
1508 4493 1647 4560 Quis
1687 4493 1862 4548 simul
1891 4499 1944 4550 et
1989 4496 2276 4566 omnium,
2319 4499 2712 4568 omnibusque
2769 4497 2826 4552 in
2869 4498 3043 4553 rebus
3088 4496 3608 4568 praestantissimus
3665 4497 3830 4553 idem

406 4583 534 4651 luit,
569 4585 626 4638 et
653 4599 888 4639 summa
919 4592 1110 4639 tamen
1143 4583 1322 4639 animi
1355 4583 1644 4640 modestia
1672 4599 1874 4639 omnes
1907 4584 2098 4655 seipse
2133 4588 2560 4656 praestantiores
2598 4586 2851 4643 habuit?

469 4672 656 4728 CXIV.
709 4673 849 4739 Quis
907 4691 972 4730 eo
1031 4691 1290 4746 unquam
1347 4679 1700 4745 pervenerat,
1756 4684 1816 4730 ut
1876 4674 2050 4730 Deum

2229 4677 2371 4732 PIA'.
2418 4676 2506 4738 Τίς
2567 4674 2654 4730 ἐπὶ
2730 4679 2990 4730 τοσοῦτον
3049 4673 3261 4752 ἀῳῖκτο,
3315 4674 3390 4729 ὡς
3451 4675 3678 4750 ἀγαπᾷν
3737 4676 3837 4732 τὸν

398 4768 619 4820 amaret
648 4763 837 4836 magis
867 4780 1046 4836 quam
1080 4769 1334 4835 paveret,
1358 4763 1636 4820 nimirum
1667 4765 1942 4836 quoniam
1973 4763 2049 4819 le-

395 4868 497 4925 ges
527 4852 715 4924 ipsius
744 4855 993 4925 perfecte
1041 4852 1338 4908 servaret?
1366 4854 1519 4923 quod
1565 4852 1662 4908 ubi
1713 4853 1898 4921 adest,
1943 4870 2044 4910 su-

395 4937 716 5013 pervacuus
756 4943 954 5013 utique
999 4959 1179 5015 pavor
1217 4948 1326 4998 est.
1373 4943 1520 4997 Tum
1568 4943 1662 4998 cui
1711 4961 1737 4994 α
1782 4947 1946 4998 tanta
1975 4945 2044 4999 ad

395 5035 578 5088 Deum
612 5031 824 5089 fiducia
855 5032 988 5104 fuit,
1015 5039 1078 5088 ut
1107 5031 1207 5104 qui
1239 5047 1346 5087 nec
1376 5048 1410 5086 a
1438 5030 1610 5088 corde
1639 5048 1746 5088 suo
1781 5049 2038 5104 unquam

393 5121 706 5177 damnatus
728 5127 881 5178 esset
897 5121 964 5191 “,
986 5142 1013 5171 »
1037 5128 1092 5178 et
1115 5137 1286 5193 super
1305 5119 2044 5192 determinatasprmcepto-

392 5228 520 5267 rum
555 5212 740 5268 fossas
773 5212 1196 5283 procurrisset;
1233 5209 1393 5267 solus
1433 5211 1612 5279 enim,
1645 5219 1704 5266 ut
1735 5211 1903 5266 verbo
1951 5212 2042 5266 di-

393 5317 616 5370 camus,
649 5303 706 5356 in
754 5317 820 5358 eo
861 5302 1267 5375 perseveravit,
1317 5305 1380 5356 ut
1412 5316 1785 5358 communem
1818 5307 2042 5358 morta-

2159 4763 2286 4818 Θεὸν
2321 4761 2531 4835 μᾶλλον
2565 4766 2598 4834 ἢ
2634 4761 2884 4828 δεδίεναι,
2915 4767 2994 4834 τῷ
3040 4761 3168 4824 τοὺς
3199 4763 3365 4818 αὐτοῦ
3395 4765 3602 4836 νόμους
3663 4764 3836 4820 καθάο

2155 4853 2258 4922 mg
2293 4853 2580 4929 φυλάττειν
2611 4873 2624 4922 ;
2655 4853 2721 4907 οὗ
2754 4854 3046 4926 παρόντος,
3077 4852 3331 4927 περιττὸν
3360 4854 3422 4908 τὸ
3471 4852 3568 4908 τοῦ
3615 4851 3796 4918 δέους
3823 4876 3836 4888 ·

2159 4942 2266 4998 τίνι
2300 4940 2358 4997 δὲ
2389 4968 2415 4994 ‹‹
2447 4943 2681 5014 τοσαύτη
2713 4963 2796 5004 τις
2825 4944 2962 5018 πρὸς
3010 4942 3140 4998 Θεὸν
3192 4941 3494 5016 παρρησία,
3528 4939 3666 4999 οὔτε
3732 4947 3836 5013 τήν

2151 5029 2376 5106 καρδίαν
2439 5034 2630 5088 ἑαυτοῦ
2685 5037 3054 5106 καταγνοῦσαν
3106 5030 3370 5106 ἐσχηκότι
3429 5034 3585 5101 ποτὲ,
3639 5057 3673 5086 ››
3741 5037 3837 5092 καὶ

2159 5122 2289 5194 ὑπὲρ
2338 5123 2404 5175 τά
2447 5121 2756 5196 ἐσκαμμένα
2808 5125 2917 5176 τῶν
2977 5120 3210 5177 ἐντολῶν
3265 5122 3594 5198 ὡρμηκότι;
3652 5125 3840 5196 μόνος

2147 5209 2269 5286 γὰρ,
2305 5211 2380 5272 ὡς
2440 5210 2632 5280 εἰπεῖν,
2667 5209 2951 5287 διαγέγονε
3006 5211 3141 5286 πρὸς
3181 5209 3244 5265 τὸ
3293 5211 3394 5279 τὴν
3441 5213 3643 5281 κοινὴν
3713 5219 3837 5270 τῶν

2149 5299 2448 5374 ἀνθρώπων
2493 5300 2648 5378 φύσιν
2705 5296 3107 5376 ὑπερϐαλέσθαι
3151 5297 3456 5356 διαπάντων
3504 5305 3615 5355 τῶν
3685 5304 3843 5360 κα),-

455 5483 500 5517 ⁸³
528 5485 728 5542 Matth.
761 5503 860 5558 vn,
899 5487 984 5557 13,
1019 5488 1083 5542 14
1115 5506 1128 5556 ;
1163 5487 1296 5546 Luc.
1333 5505 1453 5558 xm,
1483 5489 1574 5543 24.
1608 5487 1650 5523 ει
1688 5488 1728 5556 I,
1761 5485 1929 5542 Joan.
1959 5501 2047 5554 ιιι,
2077 5485 2170 5540 21.

453 5667 567 5738 (I6)
596 5667 754 5722 Iliad.
789 5670 860 5736 Il,
889 5669 1020 5726 325.
