4118 6214
256 359 375 419 333

1268 354 1671 418 LAUDATIO
1714 358 1779 418 S.
1824 351 2195 417 GREGORII
2236 352 2654 416 THEOLOGI.

3538 367 3655 432 334

259 489 461 545 λίστων
512 484 861 565 φιλονεικῶν,
894 488 984 542 καὶ
1032 491 1131 557 τῆς
1162 488 1291 562 περὶ
1337 488 1465 543 Θεὸν
1515 488 1754 563 ἑταιρίας
1801 508 1897 543 τα·-

2011 487 2159 544 lium
2191 494 2458 543 naturam
2489 472 2996 560 in'pulcherrimis
3024 497 3199 553 rebus
3236 499 3518 558 omnibus
3548 521 3654 560 su-

255 583 443 645 πρῶτα
495 578 796 656 φέρεσθαι·
848 573 1037 643 διττῆς
1085 574 1142 632 δὲ
1188 578 1393 648 ταύτης
1445 573 1614 648 οὔσης
1672 579 1760 633 καὶ
1816 575 1898 632 ἐπ’

253 666 422 742 ἄμφω
468 666 787 744 χωρούσης,
837 665 910 727 εἴς
969 686 1028 720 τε
1070 666 1167 728 τὰς
1220 663 1332 723 ἅνω
1386 668 1703 743 ταξιαρχίας
1735 687 1750 701 ο
1809 666 1899 721 καὶ

247 760 359 811 τῶν
412 755 716 828 ἀνθρώπων
763 755 883 811 ὅσοι
913 753 1191 829 θεοφιλεῖς
1232 757 1322 811 καὶ
1367 758 1493 832 παρ’
1533 756 1681 828 αὐτῷ
1734 754 1901 811 δυνα-

241 844 558 911 στεύοντες,
592 849 701 900 τῶν
756 845 869 918 μὶν,
913 846 1040 899 ὅσον
1097 847 1294 914 ἡττᾶτο
1337 842 1428 901 διὰ
1471 845 1534 900 τὸ
1583 851 1764 917 σῶμα,
1812 866 1902 900 το-

240 937 416 988 σοῦτο
458 934 687 996 τούτους
732 932 1003 1007 παρῆλθε,
1034 939 1141 989 τῶν
1189 955 1248 989 τε
1295 935 1431 1007 μετὰ
1476 942 1575 1003 τῆς
1622 934 1759 1006 ὕλης
1811 934 1901 990 καὶ

241 1027 345 1077 τοῦ
378 1027 636 1078 ταπεινοῖ)
685 1027 781 1077 τοῦ
831 1020 887 1077 δὲ
929 1024 1017 1078 καὶ
1066 1021 1304 1096 γεώδους
1337 1025 1585 1101 φορτίου,
1640 1026 1706 1079 τὰ
1755 1029 1899 1097 σφῶν

243 1111 591 1187 ἐνδεδεῖχθαι
636 1112 725 1167 καὶ
764 1114 882 1167 κατ’
940 1112 1134 1174 αὐτοὺς
1192 1111 1661 1169 πολιτεύσασθαι·
1721 1117 1800 1185 τῷ
1844 1134 1904 1169 τε

245 1202 379 1275 περὶ
432 1204 563 1256 Θεὸν
626 1202 789 1274 μόνον
838 1200 1057 1257 ἐκείνων
1117 1202 1379 1276 ἐχόντων,
1412 1201 1572 1264 αὐτὸς
1632 1202 1721 1257 καὶ
1769 1206 1903 1257 Θεοῦ

244 1290 338 1344 καὶ
374 1289 704 1362 ἀνθρώπων,
735 1294 842 1344 τῶν
897 1290 1016 1361 μὲν,
1049 1289 1198 1350 ὅπως
1249 1292 1493 1358 σωθεῖεν,
1523 1294 1619 1344 τοῦ
1669 1286 1745 1359 δὲ,
1800 1291 1903 1345 ὑπὸ

244 1385 359 1434 τῶν
418 1379 811 1453 πονηροτάτων
871 1380 1404 1458 βλασφημουμένου,
1468 1380 1737 1450 τοσαύτην
1816 1387 1907 1435 πε-

245 1470 543 1538 ποιῆσθαι,
596 1464 874 1542 φροντίδα,
908 1469 981 1530 ὠς
1034 1492 1062 1520 ‹‹
1099 1471 1175 1542 μὴ
1226 1471 1390 1541 μόνον
1443 1469 1577 1544 πρὸς
1627 1471 1769 1542 αἷμα
1814 1470 1905 1524 καὶ

248 1559 483 1632 σάρκας,
512 1557 660 1613 ἀλλὰ
710 1558 968 1632 καὶπρὸς
1000 1559 1095 1619 τὰς
1139 1558 1315 1633 ἀρχὰς
1357 1559 1446 1613 καὶ
1494 1560 1591 1622 τὰς
1640 1558 1904 1631 ἐξουσίας,

247 1650 339 1702 καὶ
374 1647 503 1708 τοὺς
533 1650 979 1721 κοσμοκράτορας
1010 1652 1106 1702 τοῦ
1147 1648 1344 1709 αἰῶνος
1384 1647 1636 1715 τούτου,›
1676 1645 1900 1719 διηνεκῆ

245 1738 345 1791 τὸν
388 1736 661 1808 πόλεμιον
711 1736 1036 1810 ἀνῃρῆσθαι.
1071 1737 1226 1792 Οὕτω
1277 1734 1333 1792 δὲ
1381 1738 1470 1791 καὶ
1520 1736 1647 1800 τοὺς
1698 1735 1905 1800 ἄλλους

2010 576 2231 643 derare,
2253 574 2557 647 Deumque
2586 576 2855 648 stipantis
2874 583 3201 642 sodalitatis
3220 588 3473 657 primum
3495 595 3657 649 tene-

2012 670 2099 722 ret
2115 665 2331 733 locum,
2355 668 2748 723 contenderet.
2785 673 2920 735 Quae
2962 691 3096 730 cum
3130 676 3342 748 duplex
3372 681 3465 747 sit,
3497 686 3555 736 et
3583 684 3653 739 ad

2010 760 2326 827 utrumque
2355 757 2663 828 pertineat,
2695 758 2976 817 nimirum
3012 765 3083 819 ad
3128 782 3369 838 superas
3418 771 3657 843 angelo-

2011 863 2142 902 rum
2174 846 2412 914 classes,
2446 852 2502 903 et
2529 848 2600 902 ad
2642 847 2951 906 hominum
2996 852 3149 924 illos,
3181 859 3280 928 qui
3329 859 3660 917 charissimi

2010 937 2125 992 Deo
2157 942 2317 1003 sunt,
2352 937 2796 1009 plurimumque
2815 943 2970 1011 apud
3018 960 3152 1000 eum
3187 955 3453 1018 possunt,
3478 968 3659 1019 quan-

2010 1030 2136 1080 tum
2169 1025 2317 1080 infra
2348 1026 2584 1095 angelos
2624 1034 2846 1098 noster,
2880 1046 2977 1100 per
3026 1049 3361 1106 compagem
3404 1041 3660 1110 corporis

2011 1119 2153 1181 erat,
2185 1119 2415 1170 tantum
2447 1117 2684 1172 eosdem
2716 1117 2855 1174 item
2888 1121 3166 1186 anteibat,
3196 1129 3321 1180 tum
3345 1128 3501 1198 quod
3526 1145 3661 1185 ma-

2009 1204 2172 1272 terie,
2204 1208 2261 1259 et
2290 1203 2388 1259 vili
2417 1221 2484 1260 ac
2515 1204 2671 1261 luteo
2722 1206 2831 1263 hoc
2870 1226 3043 1267 onere
3092 1230 3351 1282 pressus,
3396 1217 3658 1284 ipsorum

2012 1297 2176 1350 actus
2204 1297 2979 1367 repraesentaret,vitamque
3002 1317 3234 1359 omnem
3265 1305 3661 1376 aemularetur,

2012 1390 2131 1437 tum
2167 1383 2323 1454 quod
2368 1398 2501 1438 cum
2534 1383 2646 1454 ipsi
2695 1385 2810 1441 Deo
2861 1389 3028 1444 unice
3076 1391 3412 1460 inserviant,
3461 1395 3561 1451 ille
3607 1403 3665 1452 et

2014 1471 2107 1527 Dei
2130 1477 2187 1526 et
2210 1472 2517 1528 hominum
2550 1490 2563 1528 :
2598 1472 2929 1545 hominum,
2965 1495 3080 1549 quo
3112 1489 3507 1553 servarentur,
3536 1487 3657 1554 Dei,

2014 1561 2085 1616 ab
2124 1560 2581 1631 improbissimis
2622 1563 2962 1634 blasphemo
3006 1585 3103 1624 ore
3152 1569 3406 1635 lacerati,
3438 1578 3659 1632 tantam

2012 1649 2247 1705 haberet
2268 1657 2575 1719 curam,ut
2596 1651 2817 1708 bellum
2845 1653 2931 1709 illi
2962 1657 3389 1727 sempiternum
3419 1678 3662 1735 suscep-

2013 1741 2136 1793 tum
2168 1743 2341 1805 esset,
2365 1760 2393 1790 ‹‹
2419 1755 2532 1795 non
2564 1740 2735 1797 modo
2769 1742 3049 1801 adversus
3078 1763 3310 1804 carnem
3344 1755 3400 1806 et
3420 1754 3660 1825 sangui-

253 1822 660 1900 ὑπερϐάλλετο,
691 1824 780 1880 καὶ
841 1826 974 1889 μετᾶ
1000 1826 1275 1895 τοσαύτης
1324 1824 1516 1900 ἆμέλει
1562 1834 1897 1901 παρασκευῆς

2014 1843 2170 1897 nem,
2202 1827 2306 1883 sed
2335 1832 2392 1882 et
2419 1828 2698 1885 adversus
2730 1831 3107 1909 principatus,
3142 1842 3200 1891 et
3236 1822 3574 1907 potestates,
3605 1847 3665 1897 et

250 1916 386 1971 ὥσθ’
430 1916 465 1970 ἃ
519 1921 651 1970 πᾶσι
697 1916 913 1979 τούτοις
968 1916 1058 1969 καὶ
1116 1920 1273 1989 κοινῇ
1335 1916 1425 1970 καὶ
1484 1917 1604 1970 καθ’
1661 1912 1754 1971 ἕνα
1799 1920 1906 1971 τῶν

253 2004 561 2079 βελτίστων
594 2007 826 2080 προσῆν,
856 2004 1012 2057 πάνθ’
1054 2004 1210 2067 οὗτος
1254 2004 1419 2077 μόνος
1459 2004 1549 2059 καὶ
1584 2007 1698 2077 μεθ’
1740 2006 1903 2079 ὑπερ-

252 2092 436 2164 ϐολῆς
471 2088 788 2167 ξυλλαϐὼν,
831 2091 1041 2155 δίκαιος
1070 2093 1209 2149 εἶναι
1238 2093 1328 2148 καὶ
1377 2094 1551 2149 πάντα
1578 2095 1669 2149 τὸν
1720 2094 1905 2149 ἐντεῦ-

252 2188 343 2241 θεν
403 2184 624 2241 ἔπαινον
680 2182 858 2258 ἴσχειν
892 2201 906 2214 ⁸
962 2186 1191 2254 νικήσας
1254 2184 1347 2256 μὲν
1411 2204 1539 2244 τους
1602 2185 1905 2258 προγόνους

251 2276 398 2346 ὁμοῦ
454 2274 545 2328 καὶ
607 2274 932 2345 κοσμήσαςο
982 2273 1061 2345 τῷ
1117 2294 1177 2327 τε
1236 2273 1311 2344 μὴ
1367 2272 1528 2344 μόνον
1586 2274 1747 2335 αὐτὸς
1800 2274 1900 2341 τὴν

248 2362 488 2433 ἐντολήν
519 2362 760 2433 καθάπαξ
810 2359 1064 2437 φυλάξαι,
1097 2360 1244 2417 ἀλλὰ
1289 2361 1381 2416 καὶ
1413 2367 1528 2424 τοὶς
1578 2360 1773 2424 ἄλλοις
1814 2359 1903 2416 διὰ

246 2455 383 2527 βίου
433 2454 638 2515 παντὸς
682 2452 773 2506 καὶ
825 2450 994 2525 λέγων
1045 2451 1133 2506 καὶ
1188 2452 1409 2526 γράφων
1467 2452 1618 2505 ταῦτ’
1669 2451 1898 2526 εἰσηγεῖ-

240 2545 395 2611 σθαι,
435 2543 525 2596 καὶ
580 2542 637 2596 ’ὀν
688 2536 1133 2596 ἕκλεισανοῦτοι
1175 2537 1527 2615 παράδεισον,
1578 2545 1771 2595 τοῦτον
1820 2540 1900 2595 εἰ-

240 2633 475 2687 σιτττὸν
523 2636 639 2693 τοῖς
693 2630 1057 2707 βουλομένοις
1105 2632 1527 2703 παρασκευάσαι,
1572 2634 1649 2699 τῷ
1698 2650 1756 2684 τε
1796 2632 1896 2699 τὴν

238 2721 475 2778 ἐκείνων
522 2724 686 2790 ἧτταν
736 2719 1183 2787 ἀνακαλέσασθαι,
1237 2721 1326 2773 καὶ
1369 2719 1435 2773 τὰ
1490 2724 1713 2796 τροφεῖα
1761 2720 1897 2774 τού-

238 2834 367 2874 τοις
414 2810 638 2866 καλλίω
690 2818 791 2880 τῆς
850 2808 1106 2886 γενέσεως
1164 2806 1504 2864 ἀποδοῦναι·
1557 2810 1782 2879 νικήσας
1837 2806 1895 2864 δὲ

236 2902 340 2958 καὶ
370 2900 570 2962 πάντας
592 2898 719 2963 τοὺς
747 2900 957 2977 ἐφεξῆς.

2019 1917 2222 1973 mundi
2245 1917 2304 1972 in
2324 1918 2434 1973 hoc
2455 1920 2669 1975 seculo
2690 1920 2961 1978 dominos
2982 1923 3047 1976 ⁸⁸.
3078 1946 3105 1973 υ
3126 1925 3354 1985 Rursus
3375 1930 3518 1985 adeo
3550 1930 3662 2003 piis

2014 2006 2347 2078 quibusque
2376 2006 2714 2065 hominibus
2764 2011 3096 2081 praestabat,
3148 2019 3205 2070 et
3250 2020 3413 2076 tanto
3460 2019 3659 2088 utique

2013 2103 2298 2166 apparatu
2319 2095 2753 2168 instructuque,
2786 2104 2849 2154 ut
2879 2117 3241 2174 quaecunque
3266 2104 3338 2162 iis
3360 2108 3656 2169 omnibus.

2012 2189 2068 2240 et
2098 2184 2504 2252 communiter,
2528 2190 2587 2241 et
2607 2186 2973 2258 singulatim,
2996 2192 3350 2261 optimarum
3372 2197 3659 2253 virtutum

2013 2273 2408 2344 decorumque
2456 2275 2746 2344 adessent,
2788 2293 2857 2333 ea
2903 2294 3055 2335 unus
3109 2290 3307 2338 noster
3355 2287 3570 2351 omnia,
3600 2291 3660 2343 et

2010 2361 2385 2419 excellentem
2418 2362 2479 2418 in
2512 2365 2774 2432 modum,
2808 2367 3162 2438 complexus,
3190 2373 3321 2441 jure
3352 2391 3418 2430 ac
3449 2376 3657 2431 merito

2014 2470 2264 2513 omnem.
2301 2470 2426 2523 quae
2458 2453 2595 2510 inde
2631 2458 2849 2526 existit,
2885 2458 3113 2516 laudem
3148 2463 3410 2534 accipere
3441 2465 3658 2537 dignus

2009 2549 2202 2611 esset;
2236 2544 2453 2613 quippe
2483 2544 2582 2614 qui
2616 2561 2750 2600 cum
2782 2547 2941 2616 ipsos
2967 2551 3197 2619 generis
3227 2551 3472 2608 humani
3519 2568 3658 2609 auc-

2006 2639 2162 2688 tores
2192 2629 2456 2685 vincebat
2486 2632 2699 2701 pariter
2745 2636 3120 2707 ornabatque.
3164 2638 3468 2705 Vincebat,
3499 2642 3658 2710 quod

2007 2735 2119 2773 non
2154 2716 2345 2771 solum
2372 2717 2557 2789 legem
2583 2719 2837 2777 divinam
2862 2723 3294 2782 studiosissime
3307 2730 3656 2797 custodiret,

2005 2810 2102 2867 sed
2139 2809 2342 2864 eadem
2373 2808 2555 2864 etiam
2588 2810 2718 2866 aliis
2753 2817 2869 2869 toto
2900 2814 3031 2871 vitae
3062 2832 3179 2872 sua:
3211 2820 3424 2890 spatio,
3465 2821 3660 2879 verbis

2005 2896 2371 2968 scriptisque,
2418 2896 2785 2969 inculcaret;
2834 2907 2891 2957 et
2936 2919 3107 2972 quem
3160 2904 3244 2960 illi
3293 2906 3661 2965 oocluserant

236 2993 616 3065 paradisum,
666 2990 834 3047 illum
894 2989 1123 3062 ingredi
1172 2989 1509 3046 volentibus
1553 2994 1845 3062 patentem
1896 2989 2169 3045 efﬁceret.
2224 2984 2496 3054 Ornabat,
2548 2988 2700 3058 quod
2742 2994 2801 3044 et
2850 2997 3145 3062 acceptam
3196 2994 3268 3050 ab
3309 2996 3384 3052 iis
3430 2996 3656 3054 cladem

236 3081 513 3147 sarciret,
543 3088 600 3136 et
620 3080 980 3137 educationis
1012 3080 1268 3152 praemia,
1293 3080 1415 3151 ipsa
1435 3080 1834 3152 procreatione
1865 3078 2168 3143 nobiliora,
2203 3072 2323 3129 illis
2352 3076 2623 3134 redderet
2651 3098 2667 3148 ;
2698 3087 2818 3136 tum
2848 3085 2906 3136 et
2934 3087 3193 3154 posteros
3225 3101 3428 3143 eorum
3448 3088 3688 3145 omnes‘

236 3173 402 3229 idem
437 3170 723 3227 vincebat.

319 3260 470 3317 PIE'.
519 3263 576 3315 Ὀ
631 3258 732 3335 γὰρ
787 3258 1057 3328 τοσαύτην
1122 3259 1214 3330 μὲν
1276 3254 1485 3313 εὔνοιαν
1542 3259 1679 3333 πρὸς
1737 3258 1888 3325 Θεὸν,

2076 3260 2234 3317 CXV.
2270 3261 2418 3317 Nam
2449 3259 2550 3331 qui
2581 3263 2746 3315 tanta
2773 3276 2913 3333 erga
2954 3262 3133 3319 Deum
3168 3264 3469 3335 oharitate,
3500 3269 3661 3340 spei-

235 3350 516 3420 τοσαύτην
577 3346 635 3404 δὲ
689 3350 1019 3422 κεκτημένος
1076 3345 1291 3411 ἐλπίδα,
1349 3348 1424 3412 ὡς
1487 3346 1650 3403 εἵνεκ’
1725 3348 1891 3405 αὐτοῦ

236 3443 465 3510 καὶτῆς
513 3441 639 3514 παρ’
670 3440 817 3510 αύτῷ
865 3436 1049 3509 δόξης,
1087 3439 1163 3510 μή
1218 3436 1379 3510 μόνον
1430 3438 1604 3492 πάντα
1653 3439 1720 3492 τὰ
1761 3436 1892 3513 τῇδε

234 3537 341 3589 τοῦ
406 3528 640 3605 μηδενὸς
708 3527 832 3605 ἄξια
885 3528 1065 3603 κρίνας
1121 3528 1424 3583 παντάπασι
1474 3526 1744 3604 παριδεῖν,
1802 3530 1890 3584 καὶ

242 3620 406 3693 δίκην
460 3615 749 3676 σκυϐάλων
831 3615 1128 3692 ὑπεριδεῖν,
1185 3615 1331 3672 ἀλλά
1382 3618 1472 3673 καὶ
1548 3619 1647 3687 τήν
1706 3619 1891 3693 ψυχὴν

243 3712 381 3784 ὑπὲρ
411 3709 578 3764 αὐτοῦ
622 3708 897 3783 μυριάκις,
927 3705 1076 3781 εἴπερ
1116 3707 1230 3761 οἷόν
1260 3708 1307 3760 τ’
1345 3707 1436 3775 ἧν,
1469 3706 1645 3776 ἡδέως
1676 3706 1736 3761 ἂν
1770 3706 1892 3763 ἒλὲ-

243 3803 373 3855 σθαι
428 3796 713 3875 προέσθαι,
773 3799 863 3851 καὶ
920 3801 1087 3851 τοῦτο
1148 3796 1242 3867 μὶν
1299 3797 1399 3863 τήν
1476 3796 1714 3866 παντελῆ
1792 3804 1894 3865 τῆς

244 3890 447 3963 σαρκὸς
496 3885 782 3960 νέκρωσιν,
831 3882 1010 3957 ὥσπερ
1059 3885 1178 3938 τινὰ
1223 3881 1445 3952 διηνεκῆ
1508 3885 1692 3938 θυσίαν
1743 3885 1894 3955 αὐτῷ

245 3978 628 4053 προσενέγκαι,
687 3978 848 4030 τοῦτο
908 3972 965 4029 δέ
1032 3972 1210 4049 λέγειν
1281 3972 1571 4048 ἐσχηκέναι
1647 3972 1895 4050 θαρῥούν·

246 4090 381 4137 τως,
430 4092 457 4117 ιι
494 4067 687 4138 μηκέτ’
717 4063 876 4118 αὐτὸν
923 4061 1191 4133 δήπουθεν
1241 4066 1359 4136 ζῇν,
1394 4067 1489 4134 ζῇν
1538 4061 1595 4117 δὲ
1645 4063 1695 4116 ἐν
1744 4062 1892 4133 αὐτῷ

236 4158 341 4213 τὸν
380 4156 635 4230 Χριστὸν,
671 4178 701 4205 υ
740 4158 857 4214 πῶς
891 4152 989 4207 οὐκ
1028 4152 1087 4206 ἃν
1129 4151 1372 4226 ἀτεχνῶς
1412 4151 1613 4215 παντὸς
1644 4147 1895 4224 ’Δόραὰμ

243 4247 336 4301 καὶ
388 4245 594 4311 Ἰσαὰκ,
624 4244 712 4297 καὶ
773 4236 995 4311 Ἰακὼϐ,
1044 4240 1135 4295 καὶ
1193 4242 1411 4313 προσέτ’
1469 4242 1647 4314 Ἑνώχ
1702 4261 1760 4295 τε
1803 4240 1892 4295 καὶ

248 4331 418 4393 ’Ἅϐελ
462 4333 723 4408 κρείττων
771 4332 831 4387 ἂν
890 4329 980 4401 ε’ίη
1039 4330 1217 4402 τούτῳ
1269 4334 1350 4402 τῷ
1410 4331 1583 4401 μέρει,
1615 4328 1739 4384 ἄνευ
1788 4335 1895 4385 τῶν

247 4425 437 4487 ἔλλῶς
500 4421 647 4495 αἱ)τῷ
702 4421 1016 4496 προσόντων
1078 4417 1309 4474 πολλῶν
1367 4418 1456 4473 καὶ
1509 4417 1756 4494 μεγάλων
1804 4420 1892 4473 καὶ

246 4515 578 4591 κρειττόνων
609 4514 645 4580 ἢ
687 4506 1177 4586 παραϐάλλεσθαις
1219 4505 1355 4562 Οὐδὲ
1393 4507 1497 4581 γὰρ
1540 4532 1567 4559 (ι
1607 4507 1696 4562 τὸν
1729 4508 1895 4562 αὑτοῦ

246 4603 439 4675 παῖδα,
474 4627 505 4655 ››
538 4599 664 4658 οὐδὲ
703 4626 731 4653 ι(
765 4603 862 4670 τήν
897 4598 958 4653 ἐκ
995 4598 1231 4653 στεάτων
1272 4597 1475 4663 θυσίαν,
1511 4618 1537 4651 ι
1579 4595 1707 4651 ἀλλ’
1738 4595 1893 4665 ἑκὼν,

245 4697 335 4752 καὶ
392 4689 511 4749 οὐδ’
558 4717 587 4743 ιι
643 4685 862 4762 ἔνδειξιν
908 4690 1126 4762 ἀγάπης
1180 4711 1207 4738 ››
1258 4683 1681 4762 ἐπηγγελμένος,
1734 4687 1761 4740 ὁ
1805 4686 1895 4740 καὶ

248 4783 444 4845 ἄλλως
496 4779 911 4858 ἐπηγγελμένος
949 4778 1052 4832 ὑπὸ
1106 4775 1312 4849 μητρός
1343 4796 1401 4830 τε
1446 4773 1537 4829 καὶ
1586 4774 1777 4829 ἑαυτοῦ
1807 4774 1896 4851 φέ-

248 4894 359 4947 ρων
396 4871 609 4937 ἱαυτὸν,
660 4868 749 4923 καὶ
799 4866 1045 4927 πολλοὺς
1095 4863 1301 4926 ἄλλους
1350 4862 1764 4937 προσενηνόχει,
1804 4864 1893 4917 καὶ

246 4970 339 5020 νῦν
396 4990 423 5015 ‹‹
466 4961 735 5037 προσάγει
771 4982 799 5011 ι)
840 4962 955 5028 Θεῷ
994 4955 1178 5010 θυσίαν
1223 4959 1394 5023 ζῶσαν
1439 4979 1466 5005 ι(
1501 4952 1779 5027 εὐάρεστον
1817 4972 1830 4985 ’
1866 4978 1893 5004 ››

249 5054 509 5123 θεότητος
543 5047 823 5104 κοινωνίαν
867 5051 996 5102 πᾶσι
1039 5041 1245 5112 διδοὺς,
1286 5042 1374 5097 ἐὰν
1418 5042 1551 5114 μετὰ
1583 5039 1892 5097 καλλίστων

247 5149 358 5200 τῶν
390 5139 562 5219 ἔργων
604 5138 693 5195 καὶ
724 5138 821 5200 τὰς
851 5134 1062 5206 δεήσεις
1090 5137 1374 5189 ποιῶνται.

2007 3366 2117 3421 que
2166 3351 2382 3406 ﬁducia
2437 3350 2764 3406 instructus
2821 3356 2965 3421 erat,
3022 3359 3089 3409 ut
3126 3353 3229 3411 Dei
3282 3361 3458 3426 atque
3514 3359 3664 3416 obti-

2002 3444 2206 3496 nendae
2236 3440 2391 3513 apud
2421 3438 2608 3495 Deum
2637 3439 2834 3511 glorias
2864 3456 3045 3498 causa
3076 3459 3190 3499 non
3235 3447 3407 3503 modo
3455 3450 3656 3504 omnia

2008 3546 2131 3600 quas
2163 3532 2223 3585 in
2254 3534 2450 3586 nostro
2482 3528 2589 3585 hoc
2619 3528 2758 3585 orbe
2807 3536 2968 3599 sunt,
3002 3531 3169 3587 nihili
3217 3534 3482 3591 facienda
3532 3543 3660 3594 sta-

2006 3625 2196 3686 tuens,
2249 3618 2481 3688 penitus
2525 3621 2940 3688 contemneret,
2992 3626 3049 3676 et
3104 3622 3266 3679 velut
3321 3625 3659 3682 retrimenta

2006 3707 2357 3778 despiceret,
2389 3706 2488 3761 sed
2528 3711 2587 3761 et
2634 3708 2894 3763 animam
2944 3709 3103 3767 illius
3150 3713 3208 3767 in
3261 3715 3530 3786 gratiam,
3562 3717 3656 3773 vel

2007 3795 2238 3863 millies,
2272 3797 2319 3852 si
2364 3794 2487 3851 ﬁeri
2516 3801 2762 3866 poterat,
2805 3796 3195 3858 libentissime
3239 3808 3465 3874 optaret
3514 3821 3657 3877 pro-

2006 3888 2252 3943 fundere
2284 3905 2299 3957 ;
2332 3892 2388 3943 et
2420 3888 2631 3960 partim
2669 3886 2900 3959 plenam
2952 3890 3387 3964 perfectamque
3433 3893 3659 3950 vitiosas

2003 3976 2198 4032 carnis
2229 3976 2726 4047 exstirpationem,
2748 3978 2904 4034 velut
2937 3978 3073 4048 juge
3093 3983 3384 4051 quoddam
3426 3983 3659 4040 sacrifi-

2004 4064 2187 4133 cium,
2220 4064 2305 4120 illi
2327 4066 2578 4135 oﬁ‘erret,
2602 4066 2815 4137 partim
2837 4069 2992 4137 quod
3025 4080 3239 4141 magna
3268 4087 3400 4126 cum
3438 4071 3661 4127 ﬁducia

2005 4152 2198 4210 dicere
2221 4160 2434 4224 posset,
2459 4175 2494 4206 ιι
2517 4172 2633 4210 non
2657 4155 2918 4227 seipsum
2960 4157 3225 4215 videlicet
3274 4160 3526 4232 amplius
3572 4164 3655 4217 vi-

2003 4260 2157 4312 vere,
2181 4245 2280 4299 eed
2305 4244 2593 4301 Christum
2617 4246 2677 4300 in
2700 4261 2827 4301 sese
2849 4245 3035 4302 vivere
3054 4246 3101 4283 ⁵⁸
3126 4264 3139 4303 :
3173 4270 3200 4299 ››
3247 4266 3361 4321 quo
3406 4253 3644 4308 tandem

2006 4334 2117 4398 hic,
2149 4335 2412 4406 inquam,
2436 4340 2622 4402 pacto,
2646 4352 2762 4392 non
2785 4336 2970 4392 cuivis
2990 4337 3416 4407 Abrahamo,et
3436 4342 3654 4398 lsaaco,

2003 4431 2058 4479 et
2085 4425 2318 4493 Jacobo,
2342 4431 2399 4481 et
2422 4425 2652 4483 Enocho
2674 4427 2937 4499 insuper,
2959 4436 3016 4484 et
3046 4429 3232 4497 Abeli,
3275 4430 3360 4486 vel
3404 4432 3515 4491 hac
3543 4448 3659 4489 una

2008 4530 2079 4569 ex
2108 4519 2269 4585 parte
2291 4514 2463 4586 plane
2484 4516 2875 4585 antecelleret,
2911 4523 2974 4572 ut
3002 4518 3225 4589 reliqua
3254 4521 3507 4585 omittas,
3528 4540 3657 4593 quis

1926 4647 1972 4712 D
2003 4601 2063 4658 in
2112 4604 2239 4674 ipso
2290 4604 2543 4702 inerant,
2574 4614 2628 4660 et
2669 4604 2880 4671 multa,
2930 4614 2983 4662 et
3032 4609 3329 4678 praeclara,
3377 4615 3434 4665 et
3479 4626 3658 4683 supra

2007 4692 2498 4762 comparationem
2541 4700 2740 4751 evecta
2767 4695 2795 4749 ?
2838 4694 3036 4767 Neque
3084 4698 3242 4752 enim
3294 4720 3321 4748 «
3350 4698 3530 4753 ﬁlium
3560 4699 3657 4755 ille

2009 4798 2185 4837 suum
2217 4781 2283 4847 ⁸⁷,
2321 4803 2347 4834 ›
2380 4799 2485 4839 nec
2510 4806 2537 4833 u
2572 4784 2923 4840 sacriﬁcium
2955 4788 3025 4841 de
3068 4787 3268 4858 pingui
3299 4789 3499 4844 arvina
3523 4788 3590 4854 ⁵⁸,
3626 4812 3648 4842 ι

2007 4870 2107 4926 sed
2145 4870 2296 4925 ultro
2327 4872 2606 4940 omnino;
2642 4889 2830 4943 neque
2862 4876 2942 4929 ita
2965 4880 3183 4941 tamen,
3218 4875 3371 4931 velut
3418 4899 3445 4926 «
3472 4878 3658 4948 speci-

2004 4976 2136 5015 men
2159 4961 2450 5029 quoddam
2478 4961 2778 5018 charitatis
2798 4961 2888 5025 ‘8‘,
2908 4986 2931 5015 ι
2958 4964 3275 5035 professus,
3293 4966 3394 5035 qui
3419 4975 3652 5022 caalero-

2004 5049 2102 5117 qui
2149 5066 2280 5105 cum
2325 5067 2360 5104 a
2405 5060 2643 5121 parente
2689 5068 2811 5120 sua,
2865 5060 2989 5107 tum
3039 5054 3375 5127 semetipso,
3426 5055 3653 5111 dudum

2002 5138 2118 5194 Deo
2148 5139 2474 5210 promissus
2503 5147 2558 5196 et
2586 5142 2826 5197 devotus
2865 5151 3005 5206 erat,
3040 5158 3251 5214 magno
3298 5141 3518 5213 impetu
3567 5160 3649 5210 se,

249 5236 507 5306 aliosque
537 5231 889 5303 complures,
919 5226 1229 5292 obtulerat,
1261 5236 1316 5281 et
1345 5240 1501 5281 nunc
1539 5224 1719 5282 etiam
1750 5225 1867 5282 Deo
1900 5225 2147 5284 hostiam
2177 5230 2481 5297 viventem,
2535 5251 2562 5282 α
2597 5236 2913 5301 acceptam,
2959 5232 3197 5287 adducit
3238 5231 3323 5300 5°;
3362 5254 3387 5285 ι
3438 5232 3652 5304 quippe

252 5323 574 5383 divinitatis
603 5319 1078 5379 communionem
1109 5316 1382 5373 omnibus
1413 5315 1749 5387 impertiens
1775 5331 1789 5370 :
1824 5314 1870 5372 si
1901 5318 2074 5374 modo
2122 5336 2240 5374 una
2279 5336 2415 5376 cum
2446 5320 2856 5393 pulcherrimis
2887 5320 3157 5391 operibus
3188 5323 3455 5377 assiduas
3482 5321 3652 5377 adhi-

251 5416 427 5473 beant
456 5429 676 5487 preces.

319 5619 633 5750 551Ephes.
692 5635 771 5692 γι,
831 5619 917 5675 12.
977 5616 1021 5653 ⁸⁸
1079 5614 1266 5672 Galat.
1334 5628 1399 5683 11,
1452 5611 1544 5665 20.
1592 5610 1635 5645 "
1695 5607 1837 5666 Gen.
1894 5626 1897 5665 :

319 5710 352 5750 1.
417 5736 434 5750 .

2008 5658 2029 5672 .
2087 5612 2137 5649 ⁵⁸
2193 5615 2334 5672 Gen.
2395 5632 2471 5685 1v,
2529 5617 2581 5673 4.
2641 5614 2791 5674 ⁸⁸·Ιί
2848 5616 2974 5674 Cor.
3029 5632 3148 5685 Vill,
3206 5614 3312 5672 ult.
3373 5614 3421 5652 '9
3476 5616 3640 5675 Rom.

252 5708 352 5764 xu,
384 5708 434 5755 1.
