3986 6228
427 371 547 432 335

428 599 556 655 dem
589 621 618 648 ‹‹
653 599 820 654 sinus
849 595 1164 662 Abraham,
1186 616 1214 645 υ
1243 593 1459 648 dixeris
1487 593 1554 660 ⁸⁸,
1577 590 1664 646 vel
1699 591 1806 647 hoc
1837 589 2072 646 nomine

426 689 680 760 palmam
708 687 872 742 nobis
895 690 1142 742 astruas.
1174 681 1676 749 Quemadmodum
1722 679 1879 735 enim
1920 678 2075 734 beati

427 775 663 849 gremiis
697 775 825 831 illos
876 772 1290 846 recipientibus
1333 773 1658 844 prtestant;
1719 769 1961 842 proinde
2008 784 2074 824 ac

427 865 652 924 nummi
683 865 838 919 liscis
863 862 1212 934 Ioculisque.
1245 860 1412 931 queis
1441 860 1816 916 continentur
1834 857 2072 923 (etenim

427 954 598 1026 cujus
629 954 816 1026 gratia
847 951 1065 1024 aliquid
1097 955 1207 1017 est,
1232 951 1286 1005 id
1329 965 1395 1005 eo
1426 949 1581 1020 quod
1622 948 1862 1004 alterius
1891 946 2077 1018 gratia

427 1049 536 1109 est,
569 1042 826 1099 nobilius
847 1057 973 1097 esse
992 1040 1198 1114 aiunt),
1227 1041 1310 1094 sic
1341 1038 1642 1094 beatorum
1684 1037 1820 1093 item
1857 1037 2072 1092 exerci-

430 1137 664 1201 tatores,
698 1133 846 1187 inter
892 1131 1051 1203 ipsos
1091 1127 1528 1185 eminentiorem
1571 1125 1774 1182 merito
1814 1129 2075 1181 tenentes

429 1222 642 1290 locum,
664 1221 822 1276 hunc
840 1235 955 1276 non
978 1217 1154 1291 paulo
1170 1216 1391 1288 justius
1421 1217 1658 1272 sinuum
1691 1215 1950 1287 ipsorum
1991 1230 2076 1270 re-

431 1315 632 1384 spectu
665 1310 900 1373 habent,
933 1307 1120 1379 queis,
1155 1314 1216 1360 ut
1262 1305 1539 1374 diximus,
1592 1305 1840 1374 majores
1885 1303 2074 1360 caeteri

433 1401 580 1458 beati
613 1403 753 1456 sunt
783 1418 798 1466 ;
834 1397 1038 1469 acquis
1087 1401 1284 1453 autem
1325 1394 1660 1467 diligentior
1687 1395 1758 1450 ad
1807 1393 2076 1449 virtutem

433 1491 713 1562 magister
740 1488 1186 1558 cohortatorque
1209 1483 1502 1555 Gregorio,
1538 1488 1596 1538 et
1631 1481 1841 1549 verbis,
1870 1488 1928 1538 et
1957 1483 2079 1538 fac-

434 1580 528 1646 tis,
562 1583 620 1634 et
649 1581 854 1648 suopte
895 1575 1182 1647 exemplo,
1239 1589 1497 1645 unquam
1547 1573 1701 1628 fuit?
1749 1573 1895 1628 Cum
1945 1587 2078 1628 vero

395 1735 399 1748 ,
436 1683 605 1738 porro
639 1669 976 1738 perpetuam
1007 1663 1114 1719 viri
1155 1661 1593 1719 translationem
1626 1661 2078 1718 traductionem-

437 1775 553 1830 que
583 1757 790 1828 cogito,
824 1760 880 1812 et
909 1756 1062 1829 quod
1090 1755 1282 1811 adhuc
1308 1757 1630 1826 superstes,
1658 1757 1713 1808 et
1745 1753 1950 1808 mundi
1973 1753 2078 1808 hu-

1714 361 2116 428 THEODULI
2160 357 2508 426 MONACHI

497 507 683 566 CXVI.
715 508 846 565 Jam
902 522 1032 562 vero
1088 520 1220 561 cum
1277 504 1580 560 beatorum
1615 505 1827 560 sortem
1876 504 1933 557 et
1979 515 2072 556 se-
2103 497 2150 567 Α

3703 365 3814 426 336

2257 495 2418 568 PIC’.
2451 496 2613 550 Ὅταν
2647 491 2702 550 δὲ
2752 495 2843 550 καὶ
2895 495 3048 566 λῆξιν
3097 499 3206 551 τῶν
3255 495 3582 571 σωζομένων
3635 523 3662 550 ι(
3691 497 3817 561 τοὺς

2178 588 2278 640 τοῦ
2305 579 2554 659 ’Δϐραάμ
2583 583 2827 648 κόλπους
2857 607 2886 636 ››
2919 587 3119 664 φήσῃς,
3153 585 3245 642 καὶ
3280 585 3453 649 οὕτως
3483 589 3622 661 ἡμῖν
3651 609 3820 644 κατα-

2182 675 2456 735 σκευάσεις
2486 674 2548 728 τὸ
2599 674 2844 748 προῦχον
2878 695 2890 708 ·
2941 675 3018 736 ὡς
3056 675 3160 752 γὰρ
3211 674 3465 750 ἀμείνους
3517 677 3668 732 οὗτοι
3711 681 3816 730 τῶν

2182 769 2316 842 σφᾶς
2347 760 2774 838 ὑποδεχομένων
2801 762 3028 820 κόλπων
3059 763 3187 836 εἶσὶ,
3217 765 3452 838 καθάπερ
3479 771 3590 822 τῶν
3618 767 3824 838 θησαυ-

2183 857 2290 928 ρῶν
2306 853 2374 909 τά
2394 853 2579 908 ἐνόντα
2611 854 2874 932 χρήματα
2899 872 2912 886 ο
2946 853 3011 909 τὸ
3029 854 3132 928 γὰρ
3163 855 3226 909 οὗ
3246 851 3402 910 ἓνεκα
3429 859 3526 909 τοῦ
3546 853 3704 911 ἕνεκα
3729 861 3824 910 τοῦ

2186 941 2371 1016 μεῖζόν
2404 963 2583 1020 φασιν,
2616 943 2791 1007 οὕτως
2843 943 2895 998 οἱ
2922 943 3129 998 τούτων
3178 943 3431 999 ἀλεῖπται
3465 963 3480 976 ⁸
3529 946 3595 1000 τὸ
3642 950 3825 1018 μεῖζον

2185 1030 2410 1092 εἰκότως
2455 1029 2507 1086 ἐν
2557 1031 2744 1094 αὐτοῖς
2793 1032 3140 1105 κεκτημένοι,
3173 1031 3373 1106 πολλῷ
3427 1033 3640 1106 μᾶλλον
3681 1037 3826 1090 τοῦτ’

2185 1117 2406 1196 ἔχουσιν
2439 1120 2490 1175 ἐν
2538 1121 2784 1187 ἐκείνοις,
2814 1122 2888 1176 ὧν
2923 1121 3073 1177 οὗτοι
3127 1123 3366 1195 μείζους,
3400 1122 3475 1182 ὡς
3524 1117 3658 1197 ἔφην
3697 1144 3710 1158 ·
3751 1124 3830 1186 τίς

2187 1207 2244 1265 δέ
2286 1209 2586 1286 Γρηγορίου
2626 1212 2762 1284 πρὸς
2805 1209 2999 1286 ἂρετὴν
3050 1210 3264 1283 μᾶλλον
3304 1210 3571 1282 ἀλείπτης
3601 1211 3696 1266 καὶ
3733 1212 3828 1267 λό-

2186 1319 2308 1376 γοις
2356 1301 2448 1354 καὶ
2503 1299 2682 1376 ἔργοις
2732 1299 2820 1355 καὶ
2874 1305 2952 1371 τῷ
2998 1301 3117 1354 καθ’
3173 1300 3332 1356 αὑτὸν
3391 1298 3828 1376 παραδείγματις

2187 1396 2284 1444 Και
2342 1391 2449 1462 μήν
2490 1390 2578 1444 καὶ
2631 1391 2730 1458 τὴν
2781 1387 2868 1444 διὰ
2928 1389 3048 1463 βίου
3103 1389 3304 1454 παντὸς
3363 1390 3644 1463 μετάθεσιν
3707 1393 3828 1448 ὅταν

2185 1475 2475 1550 ἐνθυμηθῶ
2527 1476 2624 1533 τοῦ
2683 1475 2900 1554 ἀνδρὸς,
2931 1479 3019 1533 καὶ
3080 1479 3161 1534 ὅτι
3220 1479 3421 1553 περιὼν
3469 1475 3547 1534 ἔτι
3597 1479 3692 1534 καὶ
3740 1486 3832 1536 τοῦ

2185 1569 2397 1642 κόσμου
2451 1569 2696 1645 μετέχων
2741 1567 2893 1624 οὐδὲν
2945 1567 3159 1642 μᾶλλον
3206 1569 3416 1644 κόσμου
3477 1575 3755 1646 μετεῖχεν,
3799 1570 3832 1640 ἢ

2185 1658 2411 1734 ἄγγελοι
2445 1662 2552 1712 τῶν
2585 1655 2795 1724 ἐνθάδε,
2828 1657 2974 1714 ἀλλά
3002 1660 3262 1720 κοινωνὸς
3293 1659 3358 1726 ἦν
3397 1664 3504 1714 τῶν
3545 1659 3832 1733 Ὀλύμπου

2186 1748 2546 1824 πραγμάτιον,
2597 1748 2686 1802 καὶ
2741 1749 2856 1803 οἷον
2912 1747 3046 1821 μετά
3090 1754 3194 1816 τῆς
3237 1746 3375 1818 ὕλης
3426 1748 3700 1819 σύσκηνος
3743 1755 3836 1804 τοῦ

428 1849 529 1918 jus
563 1847 888 1916 municeps,
909 1843 1299 1900 nihilotamen
1331 1843 1520 1915 magis
1552 1842 1755 1898 mundi
1789 1843 2079 1914 particeps

2192 1842 2348 1903 Θεοῦ,
2378 1835 2589 1892 ἐλάσσω
2635 1838 2937 1892 παντάπασι
2971 1838 3061 1891 τὸν
3107 1838 3290 1914 Ἐνὼχ
3329 1839 3524 1893 τούτου
3572 1841 3788 1910 νομίζω
3819 1861 3831 1872 ο

436 1941 609 2005 esset,
665 1952 838 2007 quam
884 1950 1087 1991 eorum
1128 1949 1253 2003 qua
1301 1932 1430 1989 heic
1468 1933 1620 1988 fiunt
1663 1931 1855 2004 angeli
1899 1939 2081 2001 sunt;

438 2041 693 2096 namque
717 2040 910 2080 rerum
943 2022 1038 2078 ille
1068 2021 1296 2096 Olympi
1318 2037 1555 2078 consors
1589 2025 1732 2088 erat,
1754 2025 1812 2076 et
1839 2021 2082 2094 quamli-

439 2117 534 2170 bet
583 2114 824 2170 materie
867 2113 1180 2176 obductus,
1229 2127 1376 2183 pene
1421 2109 1857 2166 contubernalis
1895 2109 2082 2182 ipsius

437 2203 540 2261 Dei
574 2221 587 2258 :
619 2203 677 2258 in
709 2219 836 2258 eam
878 2202 1124 2258 inducor
1155 2200 1528 2266 sententiam,
1562 2204 1628 2253 ut
1665 2214 2084 2272 usquequaque

440 2293 723 2350 minorem
764 2291 1040 2363 Gregorio
1078 2289 1376 2345 Enocbum
1419 2288 1648 2354 faciam,
1687 2292 1815 2344 tum
1849 2287 2082 2358 virtute,

439 2383 702 2454 inquam,
731 2385 870 2436 tunc
901 2379 1117 2436 cmlesti
1144 2377 1244 2434 illa
1275 2377 1657 2434 translatione
1684 2377 1752 2444 δί,
1785 2380 1843 2432 et
1864 2382 2083 2449 quanto

439 2472 594 2528 idem
625 2487 744 2526 aevo
776 2470 932 2540 prior
969 2473 1084 2536 est,
1115 2472 1276 2524 tanto
1299 2472 1357 2522 et
1378 2472 1540 2538 parto
1571 2483 1675 2538 per
1706 2468 1824 2522 haec
1855 2467 2081 2535 decore,

437 2567 494 2618 et
523 2560 652 2616 vita:
700 2560 1030 2626 sanctitate,
1063 2558 1439 2628 posteriorem
1491 2572 1636 2611 esse.
1675 2558 1809 2621 Quae
1850 2555 1994 2626 ipsa,
2025 2561 2083 2610 et

435 2649 652 2722 aliquid
703 2649 875 2704 etiam
927 2646 1202 2717 amplius,
1255 2647 1326 2701 de
1377 2644 1624 2711 Noacbo,
1676 2661 1879 2715 eoque,
1929 2645 2077 2713 quod

436 2738 599 2793 illius
631 2743 795 2792 [etate
837 2736 1099 2807 contigit,
1133 2734 1370 2800 diluvio,
1419 2735 1661 2790 dixerim
1691 2750 1702 2787 :
1743 2750 2080 2806 quanquam

441 2827 594 2883 enim
627 2831 814 2880 terras
847 2825 955 2881 sub
987 2824 1128 2880 ccelo
1169 2822 1360 2879 omnis
1400 2823 1608 2877 invasit
1655 2823 1962 2891 hausitque
1992 2822 2083 2877 di-

440 2916 659 2971 luvium
687 2933 700 2969 :
732 2914 966 2970 Noacho
997 2931 1128 2969 vero
1158 2930 1274 2968 una
1303 2929 1433 2968 cum
1471 2913 1626 2978 filiis,
1649 2913 1706 2966 in
1731 2913 2084 2982 cujusmodi-

440 3020 672 3074 cunque
703 3003 921 3073 arcula,
953 3003 1108 3058 velut
1137 3002 1318 3058 fomes
1347 3007 1404 3056 et
1436 3001 1870 3057 suscitabulum
1902 3003 2084 3074 quod-

439 3096 571 3149 dam
607 3095 705 3148 evi
739 3095 972 3148 secundi
1005 3093 1286 3147 universas
1328 3091 1600 3147 animalis
1633 3096 1858 3147 naturae
1890 3091 2078 3148 subsi-

442 3183 623 3238 diaria
667 3183 913 3247 semina,
959 3181 1176 3236 credita
1217 3181 1414 3246 fuere;
1470 3186 1860 3236 verumtanem
1895 3181 1995 3234 ubi
2028 3184 2083 3234 et

440 3273 609 3328 illum
641 3287 772 3326 cum
808 3271 928 3326 viro
961 3271 1234 3334 maximo,
1258 3275 1316 3323 et
1337 3285 1470 3325 cum
1501 3268 1855 3324 ineluctabili
1887 3269 1946 3323 in
1977 3286 2084 3324 nos

442 3361 843 3416 haereticorum
879 3359 1233 3425 incursione,
1267 3359 1416 3430 quod
1450 3364 1574 3413 tum
1619 3357 1723 3412 i‘uit
1773 3356 2080 3426 diluvium,

443 3449 863 3520 composueris,
897 3448 1080 3511 facile,
1116 3455 1180 3503 ut
1209 3449 1300 3502 aio
1332 3463 1460 3518 ego,
1499 3447 1554 3502 id
1598 3447 1748 3516 quod
1777 3447 1968 3516 majus
1998 3450 2086 3502 est

443 3539 858 3612 deprehendes.
884 3537 1116 3592 Scilicet
1159 3560 1186 3586 ‹‹
1207 3553 1314 3592 suo
1346 3535 1551 3591 saeculo
1573 3536 1661 3591 vir
1693 3538 1888 3608 justus
1935 3536 2084 3591 Noa-

443 3630 588 3684 chus
619 3632 743 3683 erat
771 3627 819 3662 "
849 3645 865 3696 ;
901 3648 928 3676 ››
977 3633 1038 3680 at
1087 3631 1283 3681 noster
1323 3641 1671 3696 quocunque
1701 3626 1933 3691 saaoulo,
1967 3643 2083 3680 non

442 3715 616 3770 modo
646 3714 704 3768 in
728 3712 1002 3768 omnibus
1025 3713 1163 3781 jure
1193 3713 1412 3782 optimo
1443 3713 1596 3766 hunc
1627 3711 1934 3766 habiturus
1963 3716 2087 3767 erat

442 3803 696 3868 titulum,
749 3803 848 3858 sed
901 3806 1175 3872 praeterea
1225 3801 1509 3872 quidquid
1559 3800 2081 3872 pulcherrimarum

443 3893 684 3948 laudum
715 3891 1140 3962 titulorumque
1187 3899 1277 3946 est
1325 3889 1524 3946 simul.
1555 3892 1694 3945 Tum
1744 3906 1876 3944 vero
1915 3906 2087 3958 super

444 3983 590 4048 hac,
622 3981 899 4053 quidnam
938 3999 1038 4051 par
1065 3998 1130 4036 ac
1153 3980 1346 4036 simile
1379 3981 1569 4048 habet,
1602 3989 1756 4036 terra
1787 3981 1952 4048 aquis
1983 3996 2082 4032 co-

445 4075 666 4142 operta,
697 4086 881 4136 eaque
903 4069 990 4124 vel
1028 4070 1332 4136 universa;
1386 4075 1443 4124 et
1482 4086 1768 4125 concussa
1811 4086 1877 4124 ac
1925 4069 2084 4123 labe-

444 4161 654 4214 factata
682 4158 974 4225 divinitas,
995 4167 1046 4214 et
1079 4159 1137 4214 in
1174 4160 1566 4230 propinquum
1601 4159 1850 4213 adducta
1881 4157 2082 4213 discri-

2189 1927 2279 1982 καὶ
2331 1926 2526 2001 ἀρετῆς
2578 1925 2750 1981 ε’ίνεκα
2802 1925 2951 2000 λέγω
2997 1926 3087 1982 καὶ
3141 1928 3471 1999 μετατὲσεως
3503 1948 3514 1960 ·
3569 1929 3659 1982 καὶ
3715 1929 3834 1983 ὅσον

2188 2015 2392 2077 ἐκεῖνος
2421 2020 2651 2091 προεῖχε
2688 2019 2756 2088 τῇ
2799 2017 3010 2090 χρόνῳ,
3041 2019 3297 2070 τοσοῦτον
3340 2015 3564 2071 ὕστατον
3601 2022 3675 2091 τῇ
3718 2017 3837 2090 περὶ

2185 2110 2353 2161 ταῦτα
2395 2109 2534 2178 τιμῇ
2587 2106 2678 2159 καὶ
2707 2109 2789 2176 τῷ
2842 2105 2964 2179 βίῳ.
3005 2105 3185 2159 Ταῦτά
3233 2102 3290 2160 δὲ
3335 2110 3505 2160 ταῦτα
3550 2105 3708 2180 λέγω
3756 2107 3839 2161 καὶ

2187 2191 2331 2270 ἔτιγε
2377 2195 2536 2268 πρὸς,
2584 2194 2706 2268 περὶ
2757 2199 2902 2260 Νῶε,
2951 2195 3041 2248 καί
3089 2198 3186 2248 τοῦ
3239 2197 3354 2249 κατ’
3411 2195 3613 2249 ἐκεῖνον
3667 2216 3839 2251 κατα-

2186 2281 2456 2355 κλυσμοῦ.
2489 2279 2553 2336 Ei
2600 2283 2702 2358 γάρ
2756 2283 2782 2335 ὁ
2827 2282 2921 2352 μὶν
2953 2287 3125 2336 πᾶσαν
3175 2283 3274 2352 τὴν
3325 2283 3413 2338 ὑπ’
3460 2282 3690 2358 οὐρανὸν
3744 2305 3841 2338 κα-

2187 2370 2445 2427 τάκλυσιν
2501 2369 2692 2438 ἐπιὼν,
2751 2373 2830 2440 τῷ
2887 2367 2944 2424 δέ
3021 2369 3235 2444 συνάμα
3294 2371 3644 2428 πεπίστευται
3725 2377 3836 2433 τοῖς

2189 2461 2372 2518 παισὶν
2424 2461 2474 2513 ἐν
2517 2457 2838 2532 ὁτῳδήποτε
2885 2454 3152 2532 κιϐωτίῳ,
3192 2461 3430 2535 καθάπερ
3480 2482 3531 2516 τι
3583 2462 3837 2536 ζώπυρον

2192 2550 2315 2625 βίου
2347 2547 2598 2621 δευτέρου
2650 2549 2934 2620 ξυμπάσης
2966 2551 3065 2614 τῆς
3110 2546 3368 2622 ἐμψύχου
3418 2550 3627 2628 φύσεως
3671 2550 3838 2630 ἀφορ-

2191 2641 2308 2712 μαὶ,
2359 2637 2484 2693 ἀλλ’
2532 2637 2632 2710 ἄρα
2681 2638 2773 2692 τὸν
2829 2637 2919 2709 μὲν
2967 2642 3044 2708 τῷ
3095 2637 3318 2712 μεγάλῳ
3367 2634 3736 2712 παραϐαλὼν,
3772 2644 3839 2714 τῇ

2189 2726 2244 2783 δὲ
2291 2729 2409 2781 καθ’
2460 2728 2620 2797 ἡμῶν
2681 2723 2896 2801 ἀσχέτῳ
2948 2729 3054 2780 τῶν
3101 2726 3484 2799 αἱρετιζόντων
3540 2733 3691 2802 φορᾷ
3749 2730 3836 2783 τὸν

2183 2816 2305 2872 τότε
2334 2813 2734 2886 κατακλυσμὸν,
2767 2815 3037 2888 εὑρήσεις,
3072 2815 3146 2879 ὡς
3175 2814 3282 2889 ἐγὼ
3316 2816 3484 2892 λέγω,
3521 2817 3586 2870 τὸ
3621 2821 3833 2889 μεῖζον·

2188 2903 2344 2978 ετίπερ
2377 2904 2404 2959 ὀ
2449 2905 2542 2976 μὲν
2572 2929 2599 2955 «ι
2642 2903 2694 2958 ἐν
2733 2907 2801 2977 τῇ
2833 2904 2949 2958 κατ’
2979 2903 3138 2959 αὐτὸν
3177 2909 3336 2980 γενεᾷ
3374 2901 3584 2966 δίκαιος
3622 2904 3717 2974 ἦν,
3751 2930 3780 2957 »
3811 2907 3838 2960 ὁ

2188 2993 2235 3050 δ’
2265 2993 2316 3050 ἐν
2364 2993 2508 3069 πάσῃ
2557 2999 2712 3068 γενεᾷ
2760 2993 2822 3047 οὐ
2877 2993 3038 3065 μόνον
3082 2991 3386 3048 διαπάντων
3433 2994 3496 3051 ἂν
3545 2994 3628 3064 εἴη
3691 2997 3841 3051 τοῦτ’

2185 3081 2332 3160 ἔχῶν
2385 3085 2521 3156 μετὰ
2570 3081 2772 3144 παντὸς
2830 3087 2925 3138 τοῦ
2985 3080 3285 3157 βελτιόνως,
3339 3081 3484 3138 ἀλλὰ
3541 3086 3629 3138 καὶ
3691 3086 3840 3140 πάνθ’

2194 3176 2336 3246 ὁμοῦ
2365 3179 2472 3228 τῶν
2523 3173 2936 3246 προσρημάτων
2966 3173 3031 3226 τὰ
3086 3171 3355 3228 κάλλιστα
3383 3192 3396 3204 ·
3432 3171 3556 3227 ἄνευ
3605 3172 3668 3228 δὲ
3716 3174 3842 3230 τοῦ-

2115 3251 2158 3318 C
2192 3285 2321 3331 των,
2371 3268 2475 3316 ποῦ
2518 3263 2639 3316 ποτ’
2690 3259 2810 3316 ’ίσον
2860 3262 2894 3330 ἢ
2955 3262 3172 3333 ὅμοιον,
3231 3269 3300 3338 γῆ
3356 3260 3841 3338 κατακλυζομὲνη,

2195 3351 2290 3408 κᾶν
2326 3353 2466 3407 πᾶσά
2505 3373 2588 3412 τις
2638 3350 2771 3405 οὖσα
2818 3350 3082 3426 τυγχάνῃ,
3115 3352 3203 3405 καὶ
3253 3351 3446 3421 θεότης
3489 3349 3838 3424 κλονουμένη

2194 3444 2284 3497 καὶ
2337 3440 2740 3509 κινδυνεύουσα,
2789 3440 2824 3510 ἢ
2887 3441 3080 3512 μηκέτ’
3137 3441 3264 3496 εἶναι
3324 3439 3414 3496 διά
3466 3447 3576 3496 τῶν
3637 3443 3840 3498 ἀνίσων

2191 3537 2400 3604 τομῶν,
2433 3534 2468 3601 ἢ
2517 3535 2696 3591 κακῶς
2747 3531 2918 3597 εἶναι;
2951 3531 3012 3598 ἣν
3061 3529 3106 3583 εἱ
3153 3530 3230 3601 μή
3279 3530 3390 3584 τόθ’
3441 3531 3599 3592 οὗτος
3655 3532 3840 3607 ὥσπερ

2191 3622 2300 3676 τισὶ
2351 3626 2630 3695 κραταιοῖς
2677 3620 3001 3698 ὀχυρώμασι
3052 3624 3167 3680 τοῖς
3218 3618 3382 3674 αὐτοῦ
3430 3619 3616 3695 λόγοις
3683 3643 3840 3697 περι-

2197 3705 2404 3774 λαϐὼν,
2456 3708 2544 3762 καὶ
2595 3710 2710 3762 οἷον
2760 3708 3161 3780 κρατυνάμενος
3212 3708 3298 3762 καὶ
3349 3708 3601 3784 στηρίξας
3659 3710 3718 3765 ἐν
3755 3710 3840 3766 εὖ·

2198 3793 2414 3852 σεόοὖσι
2447 3804 2562 3857 τοῖς
2605 3796 2774 3870 ὅροις,
2819 3794 3004 3851 ἔπειτα
3039 3797 3130 3850 τὸν
3173 3797 3482 3870 θαυμαστὸν
3524 3799 3663 3872 ὑπὲρ
3706 3805 3842 3855 Θεοῦ

2189 3892 2380 3942 τοῦτον
2437 3886 2620 3958 ἀγῶνα
2673 3885 2912 3959 καθάπερ
2967 3886 3085 3940 τινὰ
3140 3887 3372 3959 κλῆρον,
3421 3886 3456 3954 ἢ
3517 3907 3844 3962 παρακατα-

2194 3977 2367 4046 θήκην
2427 3981 2544 4034 τοῖς
2602 3974 2790 4048 ἐφεξῆς
2854 3972 3053 4029 δέδωκε
3107 3977 3368 4049 χρῆσθαι,
3399 3977 3489 4030 καὶ
3547 3976 3845 4054 φυλάττειν

2193 4065 2269 4122 εἷς
2301 4063 2478 4132 τέλος,
2527 4090 2544 4112 ι
2582 4061 2663 4118 ἐπ’
2694 4063 2949 4122 ἀσθενοῦς
2981 4062 3039 4118 ἂν
3070 4071 3171 4133 τῆς
3205 4063 3420 4138 ῥώμης,
3457 4087 3483 4118 ι
3517 4069 3635 4120 κατ’
3668 4065 3847 4138 Εὔρι-

2191 4152 2378 4222 πίδην,
2411 4154 2476 4208 τὰ
2504 4157 2609 4208 τῶν
2640 4158 2968 4226 Χριστιανῶν
2999 4148 3190 4208 ἅπαντ’
3221 4153 3447 4232 ὠχεῖτο.

445 4260 727 4320 men,aut
770 4257 832 4304 ut
882 4267 994 4304 non
1046 4249 1316 4319 amplius,
1351 4267 1454 4320 per
1503 4249 1813 4320 inaequales
1863 4251 1950 4304 sui
2011 4247 2312 4312 sectiones,
2366 4253 2540 4310 esset,
2593 4252 2692 4300 aut
2743 4245 2891 4299 male
2947 4247 3188 4301 omnino
3246 4252 3572 4318 comparata
3627 4247 3849 4305 esset?

444 4356 618 4410 quam
652 4340 762 4394 nisi
795 4345 916 4394 tum
949 4343 1144 4393 noster
1173 4339 1297 4394 suis
1329 4337 1583 4409 scriptis,
1618 4337 1769 4393 velut
1802 4337 2184 4392 munimentis
2216 4335 2564 4406 quibusdam
2619 4334 3010 4400 validissimis,
3039 4335 3463 4404 circumplexus
3507 4337 3746 4405 fuisset,
3785 4355 3851 4395 ac

443 4430 608 4501 quasi
659 4429 1102 4483 communiisset
1151 4428 1662 4496 conﬁrmassetque
1709 4428 1766 4481 in
1819 4427 2104 4497 piissimis
2149 4426 2418 4479 terminis
2467 4425 2612 4484 suis.
2664 4429 2980 4493 posteaque
3027 4423 3370 4479 admirabile
3419 4424 3528 4480 hoc
3577 4443 3683 4496 pro
3731 4427 3852 4485 Deo

443 4525 762 4582 certamen,
817 4523 1096 4588 tanquam
1148 4533 1377 4572 sacrum
1428 4517 1717 4588 quoddam
1771 4514 2210 4585 patrimonium,
2263 4519 2365 4568 aut
2413 4513 2766 4583 depositum,
2815 4514 3098 4568 utendum
3151 4513 3418 4584 posteris,
3467 4519 3525 4568 et
3553 4516 3618 4570 ad
3659 4517 3849 4572 ﬂnem

443 4623 628 4678 usque
662 4622 850 4662 rerum
886 4607 1086 4661 sedulo
1117 4607 1552 4670 asservandum.
1585 4605 1943 4662 tradidisset.
1976 4627 2004 4654 ‹‹
2039 4603 2326 4660 imbecillo
2358 4603 2673 4658 admodum
2722 4601 2948 4663 robore,
2983 4624 3010 4653 ››
3043 4607 3108 4660 ut
3137 4605 3218 4660 ait
3245 4603 3556 4676 Euripides
3587 4606 3711 4678 (17)
3759 4622 3854 4664 res

442 4697 897 4754 Christianorum
933 4711 1135 4751 omnes
1167 4701 1338 4750 vectte
1371 4696 1639 4751 fuissent.

513 4785 723 4842 CXVII.
758 4785 900 4848 Quid
939 4787 1005 4840 ad
1041 4786 1169 4850 hoc,
1203 4802 1418 4857 qumso,
1453 4801 1618 4857 opus,
1657 4787 1824 4843 scalae
1857 4785 2078 4852 Jacobi,
2116 4790 2165 4853 1)

2271 4786 2410 4838 I’IZ'.
2444 4782 2504 4835 Τί
2554 4782 2690 4854 πρὸς
2739 4786 2898 4834 τοῦτο
2928 4781 2992 4834 τὸ
3040 4778 3222 4857 ἔργον,
3255 4783 3289 4850 ἡ
3339 4786 3436 4836 τοῦ
3467 4777 3666 4838 Ἰακὼϐ
3715 4785 3854 4840 κλί-

441 4886 493 4930 et
527 4876 662 4946 pila,
692 4881 904 4930 etcum
942 4875 1056 4930 Deo
1086 4874 1346 4942 luctatio,
1381 4881 1436 4930 et
1468 4875 1790 4948 magnificae
1840 4875 1954 4930 illas
1999 4875 2085 4928 vi-

443 4968 635 5020 siones
666 4964 850 5020 sunt?
877 4981 1007 5034 quae
1031 4963 1261 5033 quando
1288 4963 1426 5018 nihil
1453 4964 1607 5018 aliud
1641 4972 1824 5032 erant,
1859 4963 1970 5018 nisi
2005 4979 2084 5018 re-

444 5073 571 5108 rum
597 5052 955 5108 occultarum
990 5053 1207 5126 figura).
1230 5058 1286 5107 et
1317 5069 1538 5107 arcanae
1575 5053 1840 5124 quaedam
1876 5053 2086 5105 adum-

443 5144 759 5204 bratioues.
791 5142 930 5196 nihil
951 5143 1285 5206 admodum,
1309 5143 1354 5194 si
1383 5158 1682 5212 nunquam
1715 5141 2082 5204 accidissent,

445 5234 674 5301 pietatis
705 5232 932 5303 negotio
967 5232 1236 5286 nociturae
1264 5247 1276 5284 :
1309 5239 1508 5286 contra
1553 5247 1686 5285 vero
1717 5229 1836 5285 haec
1869 5235 2082 5294 nostra,

446 5327 717 5377 accurata
747 5321 1085 5390 dogmatum
1132 5336 1425 5375 sacrorum
1458 5319 1808 5391 explanatio,
1841 5325 1899 5374 et
1949 5317 2087 5373 reli-

443 5409 771 5480 giosissima
797 5408 1188 5482 philosophia,
1212 5425 1572 5482 quaecunque
1595 5410 1680 5465 fas
1711 5414 1801 5466 est
1827 5424 1996 5465 nosse
2017 5408 2088 5464 de

514 5589 560 5624 ⁶⁰
591 5593 726 5648 Luc.
755 5608 869 5662 xvr,
902 5593 990 5660 22,
1022 5593 1110 5648 23.
1187 5592 1230 5628 “
1262 5591 1432 5650 Hebr.
1464 5608 1545 5660 xx,
1575 5593 1630 5648 5.

2199 4873 2297 4945 μαξ
2331 4871 2419 4925 καὶ
2454 4868 2657 4941 στήλη,
2757 4891 2813 4925 τε
2853 4870 2986 4939 πρὸς
3021 4871 3149 4925 Θεὸν
3187 4869 3362 4939 πάλη,
3393 4871 3485 4925 καὶ
3523 4878 3590 4925 τὰ
3623 4873 3858 4950 μεγάλα

2191 4967 2355 5016 ταῦτα
2427 4963 2704 5033 θεάματας
2770 4959 2892 5014 ὅταν
2957 4960 3060 5032 γὰρ
3117 4957 3294 5014 ἐκεῖνα
3353 4961 3447 5030 μὲν
3507 4962 3639 5016 αὐτὸ
3697 4966 3856 5020 τοῦτ’

2192 5053 2230 5121 ᾗ
2291 5051 2471 5120 μόνον,
2535 5047 2869 5121 πραγμάτων
2926 5047 3254 5124 ἀπορῥήτων
3317 5045 3451 5103 tatu
3501 5050 3590 5104 καῖ
3655 5074 3859 5124 μυστι-

2193 5143 2284 5194 καί
2334 5161 2473 5198 τινες
2533 5139 2812 5217 ἐμφάσεις,
2855 5135 3006 5192 οὐδὲν
3059 5137 3100 5192 εἳ
3163 5140 3239 5209 μή
3295 5139 3553 5214 γεγόνασι
3608 5145 3696 5213 τῷ
3751 5151 3854 5212 τῆς

2194 5224 2465 5290 εὐσεϐείας
2510 5229 2902 5300 λυμαινόμεναι
2941 5225 3094 5302 λόγῳ
3129 5247 3143 5262 ’
3186 5229 3252 5283 τὰ
3290 5225 3336 5282 δ’
3367 5229 3610 5304 ἡμέτερα
3649 5236 3862 5294 ταῦτα,

2197 5316 2489 5392 δογμάτων
2535 5313 2777 5390 ἀκρίϐεια
2807 5315 2894 5370 καὶ
2947 5314 3248 5394 φιλοσοφία
3278 5317 3376 5370 ὅσα
3424 5337 3484 5372 τε
3513 5315 3690 5388 ἔξεστι
3729 5321 3861 5394 περὶ

2197 5411 2351 5475 Θεοῦ,
2393 5411 2525 5461 πᾶσι
2583 5406 2825 5476 καθάπαξ
2882 5401 3088 5472 ἔκδηλα
3143 5407 3458 5477 καθιστᾶσα,
3517 5408 3604 5462 καὶ
3669 5415 3861 5465 πᾶσαν
