4118 6214
267 391 380 450 337

1278 396 1676 458 LAUDATIO
1723 402 1783 458 S.
1834 398 2204 460 GREGORII
2250 399 2652 461 THEOLOGI.

3552 398 3670 457 338

267 517 470 592 αἵρεσιν
527 519 945 591 στηλιτεύουσα,
1005 522 1079 576 ὧν
1138 521 1256 578 ἄνευ
1315 524 1413 579 οὐκ
1468 521 1545 579 ἔνι
1608 528 1760 599 βιοῦν
1817 529 1904 582 τὸν

2053 532 2165 597 )eo,
2190 532 2515 586 clarissima
2536 531 2807 588 omnibus
2831 532 3284 605 inluceponens,
3313 544 3672 600 omnemque

267 611 334 670 ὡς
419 608 646 679 ἀληθῶς
736 613 886 686 βιοῦν
970 614 1268 687 ᾑρημένον,
1354 620 1611 670 τοσοῦτον
1698 617 1911 671 ἐκείνων

262 703 433 753 ταῦτα
460 699 754 773 περίεστιν,
787 700 911 755 ὅσον
957 703 1019 756 τὸ
1058 707 1217 776 κοινῇ
1265 702 1610 773 λυσιτελοῦν,
1649 711 1743 761 τοῦ
1797 730 1913 777 μη-

260 784 346 841 δέν
381 809 435 841 τι
468 792 808 862 κεκτημένου
854 796 1112 848 τοσοῦτον
1146 812 1157 823 ’
1217 792 1329 866 ἅμα
1361 792 1419 847 δὲ
1465 795 1555 848 καὶ
1600 798 1665 864 ἧς
1717 795 1917 859 ἐκεῖνος

255 877 510 933 τεθέαται
541 878 834 952 κλίμακος,
869 880 967 937 οὒκ
1014 878 1181 954 ἐπέϐη
1213 905 1225 916 ο
1261 885 1287 938 ὁ
1321 881 1365 938 δ’
1416 886 1492 947 εἰς
1534 883 1694 961 ἄκρον
1752 885 1912 963 φιλο.

256 969 467 1043 σοφίας
500 968 664 1032 αὐτός
690 991 748 1023 τε
776 972 899 1039 ἧκε,
938 971 1027 1026 καὶ
1076 978 1193 1033 τοῖς
1226 971 1422 1037 ἄλλοις
1471 980 1600 1029 πᾶσι
1653 973 1915 1049 θαβρούν-

252 1062 372 1117 τῶς
427 1052 721 1112 ἐπιϐαίνειν
758 1059 1027 1135 παρέσχεν
1063 1078 1076 1090 ·
1130 1063 1203 1115 ὡν
1245 1060 1469 1118 εἰδότων
1521 1064 1582 1118 τὸ
1633 1063 1773 1133 δέον,
1822 1065 1914 1119 καὶ

256 1145 394 1219 περὶ
453 1150 564 1200 τῶν
632 1145 947 1219 μελλόντων
1005 1149 1210 1224 ἀγαθὰς
1276 1150 1510 1207 ἐντεῦθεν
1570 1153 1915 1227 κεκτημένων

259 1232 517 1303 ⁴ἒλπίόας,
547 1237 760 1310 μᾶλλον
788 1237 848 1293 ἄν
880 1260 964 1303 τις
1000 1241 1292 1317 Γρηγορίῳ
1324 1242 1615 1318 συγχαίροι
1644 1243 1678 1312 ἢ
1710 1248 1791 1315 τῷ
1819 1247 1916 1298 τοῦ

264 1325 456 1380 Ἰσαὰκ
480 1326 572 1381 καὶ
606 1323 803 1383 Ἰακὼϐ
848 1334 958 1385 τῶν
997 1329 1254 1406 ἐγγόνων,
1287 1332 1366 1392 οἷς
1415 1332 1619 1394 ἐκεῖνος
1664 1332 1731 1388 τὰ
1782 1332 1917 1406 μέλ-

264 1412 437 1469 λοντα
470 1412 757 1491 προύλεγε.

2024 621 2271 676 hteresin
2306 621 2534 693 publica
2566 623 2983 692 proscriptione
3015 623 3334 695 contigeris,
3364 622 3490 676 sine
3529 619 3662 691 qui-

2028 712 2135 764 bus
2185 711 2373 765 vivere
2424 710 2645 780 nequit,
2697 712 2966 782 quisquis
3017 728 3204 767 veram
3255 701 3461 765 vivere'
3491 708 3670 764 vitam

2024 799 2347 863 constituit,
2383 804 2537 870 patet
2568 816 2705 855 sane
2738 806 2960 856 tantum
3014 802 3133 856 haec
3184 800 3315 855 istis
3372 806 3667 871 praestare,

2026 895 2243 959 quanto
2275 888 2429 959 quod
2462 890 2692 959 egregio
2726 889 2956 960 publico
2981 891 3386 958 inservit,ante
3409 887 3549 944 illud
3575 891 3665 943 est

2024 980 2177 1049 quod
2212 979 2339 1048 ejus
2371 978 2596 1048 generis
2639 977 2812 1034 habet
2845 978 3009 1034 nihil.
3039 978 3250 1033 Adhaec
3284 995 3385 1034 nec
3404 993 3550 1049 quas
3579 976 3672 1033 vi-

2026 1068 2200 1122 debat
2244 1066 2431 1122 scalas
2482 1068 2820 1123 conscendit
2863 1068 3139 1124 Jacobus.
3185 1067 3393 1122 Noster
3449 1070 3667 1133 autem,

2025 1173 2158 1212 cum
2201 1155 2324 1228 ipse
2372 1172 2670 1212 summum
2719 1158 3029 1213 sanctioris
3088 1155 3468 1228 philosophiae
3532 1171 3672 1225 gra-

2024 1247 2161 1301 dum
2183 1255 2490 1302 assecutus
2519 1250 2629 1313 est,
2671 1252 2791 1301 tum
2835 1247 2966 1303 aliis
2984 1246 3259 1302 omnibus
3302 1244 3454 1301 haud
3503 1244 3670 1300 dubi-

2024 1338 2214 1390 tanter
2247 1335 2593 1390 ascendendi
2629 1334 2963 1390 facultatem
2996 1336 3172 1399 dedit,
3214 1351 3361 1405 quos
3391 1337 3448 1389 et
3493 1332 3668 1388 ofﬁcii

2024 1422 2113 1477 sui
2136 1424 2263 1493 jam
2290 1422 2699 1495 intelligentes,
2728 1428 2783 1479 et
2815 1441 2884 1480 ea
2907 1440 2966 1479 re
2997 1424 3244 1495 optimas
3270 1422 3478 1477 futuras
3521 1419 3675 1476 salu-

263 1506 352 1561 tis
402 1523 537 1578 spes
594 1510 1102 1579 adeptos,justius
1134 1512 1349 1583 aliquis
1379 1512 1652 1585 Gregorio
1687 1512 2050 1585 gratuletur:
2110 1529 2285 1584 quam
2326 1514 2607 1585 quiquam
2660 1513 2731 1569 de
2780 1512 2962 1569 Isaaci
3008 1519 3066 1568 et
3111 1511 3311 1569 Jacobi
3358 1511 3668 1583 nepotibus

268 1612 408 1666 qua:
432 1596 573 1667 ipsis
607 1599 723 1654 fata
750 1599 1004 1655 Jacobus
1036 1602 1339 1657 cecinerat.

355 1688 504 1741 PIH'.
544 1686 640 1740 Καὶ
697 1688 805 1758 μὴν
838 1688 882 1741 εἰ
930 1689 1019 1742 καί
1071 1690 1384 1762 θαυμαστὴν
1435 1688 1553 1764 ἔχει
1597 1688 1916 1768 φιλοτιμίαν

2101 1690 2335 1747 CXVIII.
2367 1690 2499 1747 Jam
2533 1695 2596 1747 ut
2644 1691 3045 1748 incredibilem
3079 1691 3195 1746 filio
3242 1690 3370 1760 ejus
3419 1687 3671 1760 Josepho

273 1773 484 1850 Ἰωσὴφ
526 1780 604 1847 τῷ
662 1775 869 1831 ἐκείνου
909 1775 1085 1847 παιδὶ,
1142 1779 1204 1834 τό
1254 1779 1312 1835 τέ
1372 1782 1423 1834 oi.
1472 1787 1573 1849 τῆς
1630 1777 1919 1850 δεσποίνης

272 1861 661 1935 ξπιμανείσης,
720 1867 984 1940 ἀνώτερον
1042 1872 1233 1923 τοῦτον
1293 1869 1493 1945 ὦφθαι,
1546 1870 1637 1925 καὶ
1694 1869 1921 1940 κρείττω

268 1955 388 2006 τῶν
420 1951 620 2008 ἐκεῖθεν
670 1955 848 2027 βελῶν
886 1975 897 1987 ο
947 1958 1009 2011 τό
1060 1959 1106 2011 τ’
1153 1957 1219 2012 αὖ
1272 1956 1361 2013 διὰ
1406 1960 1498 2013 τὸν
1548 1964 1654 2013 τῶν
1704 1958 1926 2032 ὀνείρων

274 2041 602 2113 ἑρμηνείαν,
644 2044 855 2115 ἀπάσης
910 2046 1188 2121 Αἰγύπτου
1234 2047 1436 2127 τροφέα
1478 2048 1566 2102 καὶ
1618 2045 1927 2122 μελεδωνὸν

272 2139 640 2200 καταστῆναι,
679 2136 768 2188 καὶ
812 2133 1080 2211 γεγονέναι
1127 2141 1243 2198 τοῖς
1281 2140 1593 2210 πράγμασιν
1634 2137 1694 2192 ἐκ
1728 2141 1925 2211 καιρῷ,

272 2220 431 2287 ἦπου
484 2220 692 2294 κομιδῇ
752 2228 922 2278 πᾶσαν
976 2223 1208 2280 ἐπαίνων
1263 2222 1574 2300 ὑπερϐολήν
1620 2221 1928 2301 ὑπερϐαίνει

276 2308 352 2362 τὰ
376 2306 540 2364 τοῦδε
574 2330 587 2342 ·
621 2312 766 2367 οὕτω
801 2313 898 2385 μὲν
929 2314 1217 2388 παρθενίαν
1252 2311 1339 2369 διὰ
1374 2316 1498 2391 βίου
1527 2314 1723 2377 παντὸς
1748 2315 1929 2389 ἐσχη-

269 2395 442 2458 κότος
604 2399 957 2474 ἠσκηκότος],
1001 2403 1076 2465 ὡς
1128 2402 1191 2459 ἄν
1232 2424 1378 2466 τινος
1424 2402 1550 2473 ἤτοι
1599 2405 1930 2460 παντάπασιν

283 2480 732 2561 ὖπερϐεϐηκύτος
762 2490 825 2543 τὸ
850 2493 1030 2562 σῶμα,
1063 2491 1096 2560 ἢ
1134 2495 1294 2564 σῶμα
1324 2513 1385 2566 γε
1414 2490 1603 2561 ἄυλον,
1628 2493 1702 2554 ὡς
1736 2492 1929 2562 εἰπεῖν,

280 2575 658 2649 κτησαμένου,
715 2578 1063 2635 έπιτοσοῦτον
1116 2578 1174 2634 δὲ
1229 2580 1419 2659 σοφίας
1478 2581 1680 2652 ἰόντος,
1725 2583 1800 2645 ὡς
1850 2584 1926 2654 μὴ

284 2664 374 2719 δτι
423 2687 486 2738 γε
539 2667 635 2728 τὰς
692 2672 799 2723 τῶν
846 2669 1226 2744 αἱρετιζόντων
1281 2668 1491 2733 πλοκὰς
1530 2671 1619 2726 καὶ
1671 2669 1931 2747 στροφὰς,

288 2751 569 2824 διαλῦσαι,
608 2755 698 2810 καὶ
746 2763 850 2811 π’ᾶν
899 2756 949 2812 si
997 2780 1050 2813 τι
1098 2764 1346 2814 τοιοῦτον
1397 2759 1611 2814 σκῶλον
1657 2761 1716 2815 ἐκ
1767 2758 1933 2832 μέσου

286 2843 380 2896 καὶ
430 2840 624 2913 πάλαι,
671 2846 758 2900 καὶ
810 2850 901 2900 νῦν
951 2849 1302 2917 πεποιῆσθαι,
1347 2847 1492 2903 ἀλλὰ
1539 2850 1629 2903 καί
1685 2853 1792 2904 τῶν
1852 2849 1936 2904 ἆν-

287 2931 529 3006 θρώπων
585 2933 843 2997 ἑκάστους
899 2942 1280 3010 πνευματικῶς
1338 2935 1638 3015 διατρέφειν
1683 2939 1936 2994 ἑκάστοτε

288 3018 568 3078 δύνασθαι.

366 3293 518 3349 ΡΙΘ’.
578 3295 728 3349 Ἐπεὶ
787 3294 876 3349 καὶ
932 3297 1025 3351 τὸν
1083 3294 1219 3351 κατᾶ
1275 3297 1423 3372 γένος
1478 3294 1662 3369 ἒκῖῖνῳ
1727 3299 1939 3372 προσήο

293 3401 462 3436 κοντα
496 3377 621 3437 Ἰώό
671 3406 815 3463 φημι
863 3385 955 3439 τὸν
1005 3385 1265 3457 Αύσίτην,
1314 3386 1454 3441 πάνυ
1503 3388 1791 3458 θαυμάζων
1839 3392 1939 3455 τῆς

293 3470 609 3546 καρτερίας,
660 3470 767 3547 ἐγὼ
816 3471 874 3528 δὲ
916 3474 1007 3529 καὶ
1055 3479 1250 3531 τοῦτον
1297 3474 1441 3530 πολὺ
1496 3473 1709 3547 μᾶλλον
1757 3476 1809 3530 έν
1848 3474 1945 3529 αὖ-

295 3564 419 3620 τοῖς
467 3561 686 3624 τούτοις
744 3564 778 3632 ἢ
856 3562 1057 3619 ἐκεῖνον
1123 3563 1241 3639 ἔχω
1307 3566 1617 3638 θαυμάζειν.
1675 3569 1767 3619 Ὧν
1843 3563 1945 3639 γὰρ

298 3648 509 3712 ἆκεῖνος
589 3649 734 3705 ἄκων
808 3649 1091 3728 ἔστέρητο,
1150 3652 1393 3708 πλούτου
1465 3654 1557 3709 καὶ
1623 3651 1782 3724 δόξης
1857 3653 1946 3708 καὶ

300 3740 525 3794 πάντων
576 3741 662 3802 οἶς
722 3737 1003 3815 ἄνθρωποι
1066 3742 1344 3817 χαίρουσι,
1391 3744 1541 3797 ταῦθ’
1601 3740 1757 3803 οὗτος
1812 3742 1946 3796 έκὼν

305 3826 399 3883 διὰ
455 3830 684 3905 Χριστὸν
742 3830 1046 3902 ἀπηξίωσεν
1102 3828 1287 3907 ’ίσχειν
1316 3851 1331 3864 ⁸
1396 3833 1640 3892 κάκεῖνος
1713 3832 1807 3903 μὲν
1862 3832 1948 3893 οἷς

306 3919 446 3993 πρὸς
502 3920 597 3982 τὰς
655 3920 796 3983 θείας
856 3923 1071 3998 ψήφους
1122 3921 1389 3977 ἀντειπεῖν
1444 3920 1590 3984 ὅλως
1653 3920 1758 3997 οὐχ
1833 3922 1951 3983 οἷός

308 4030 369 4065 τε
420 4006 515 4080 ὢν,
575 4009 713 4085 πρὸς
769 4009 1186 4087 μεγαλοψυχίαν
1243 4011 1295 4081 ἐξ
1355 4012 1592 4087 ἀνάγκης
1648 4010 1952 4089 ἐχώρησεν,

308 4094 506 4169 ἔδειξεν
547 4098 622 4162 ὡς
653 4101 716 4154 τὸ
759 4101 834 4173 μή
883 4104 1051 4157 ταῦτα
1098 4102 1308 4169 παθεῖν,
1351 4102 1475 4177 περὶ
1505 4098 1759 4162 πλείονος
1802 4099 1950 4175 ἦγεν.

309 4190 369 4242 '0
415 4185 494 4257 δὲ,
555 4187 794 4262 μάλιστα
849 4190 1065 4245 πάντων
1119 4186 1266 4268 ἔχων
1319 4191 1409 4244 καί
1466 4190 1717 4264 χρήμασι
1775 4186 1958 4263 περιρ-

313 4278 525 4351 ῥεῖσθαι
562 4278 651 4340 καὶ
708 4275 987 4350 δυναστείᾳ
1045 4278 1299 4354 προέχειν
1342 4280 1431 4333 καὶ
1490 4276 1745 4334 πάντοθεν
1805 4298 1958 4350 περι-

313 4361 634 4438 ϐλέπεσθαι,
664 4368 873 4423 τούτων
927 4364 1084 4423 οὐδὲν
1128 4363 1241 4422 οὐδ’
1291 4361 1442 4442 ὄναρ,
1495 4367 1568 4428 ὡς
1619 4366 1810 4442 λόγος,
1843 4367 1961 4436 ἠνέ-

2031 1780 2223 1853 gloriae
2253 1783 2549 1836 materiem
2584 1781 2851 1853 praebeat,
2885 1786 3009 1836 tum
3034 1779 3190 1852 quod
3222 1780 3439 1835 furiose
3480 1778 3675 1849 ipsum

2033 1868 2383 1939 depereunte
2415 1868 2575 1933 hera,
2609 1869 2877 1940 superior
2903 1869 3216 1940 fortiorque
3238 1865 3674 1938 conjectisindi-

2034 1957 2166 2013 dem
2199 1957 2328 2014 telis
2358 1958 2651 2030 apparuit,
2683 1968 2807 2014 turn
2840 1959 2991 2030 quod
3036 1973 3135 2030 per
3175 1959 3536 2013 somniorum
3581 1955 3677 2011 in-

2035 2047 2506 2117 terpretationem
2557 2048 2749 2103 omnis
2781 2047 3010 2120 Egypti
3115 2047 3259 2103 altor
3335 2049 3678 2115 curatorque

2036 2136 2388 2192 constitutus
2418 2136 2544 2206 fuit,
2578 2137 2823 2209 ipsoque
2856 2154 3050 2192 rerum
3088 2137 3323 2191 cardine
3370 2134 3681 2206 sospitator

2038 2223 2255 2280 affulsit
2282 2242 2295 2279 :
2330 2230 2732 2281 verumtamen
2757 2226 2927 2297 longe
2959 2241 3195 2282 omnem
3228 2225 3465 2279 laudum
3497 2239 3676 2278 exsu-

2040 2314 2356 2385 perantiam
2417 2331 2508 2370 res
2558 2315 2740 2370 nostri
2766 2316 3065 2380 excedunt,
3116 2314 3217 2386 qui
3270 2314 3346 2369 ita
3397 2312 3680 2367 illibatam

2040 2403 2391 2474 virginitatis
2411 2402 2703 2459 aureolam
2736 2408 2854 2459 toto
2895 2403 3019 2458 vitea
3071 2402 3360 2457 curriculo
3410 2401 3678 2465 servavit,

2040 2498 2105 2548 ut
2143 2493 2439 2564 quispiam
2471 2500 2568 2547 aut
2598 2509 2840 2563 corpore
2869 2494 3108 2548 omnino
3131 2492 3418 2563 superior,
3450 2498 3549 2545 aut
3570 2489 3679 2544 im-

2043 2581 2346 2644 materiali.
2379 2586 2443 2637 ut
2464 2582 2547 2638 sic
2589 2582 2917 2653 loquamur,
2962 2597 3195 2649 corpore
3236 2581 3548 2652 praeditus;
3583 2577 3681 2649 qui

2044 2675 2268 2726 tantum
2311 2671 2485 2726 etiam
2529 2671 2583 2726 in
2642 2688 2774 2726 vera
2821 2669 3101 2741 sapientia
3158 2669 3416 2742 profecit,
3451 2673 3516 2723 ut
3565 2684 3678 2722 non

2043 2760 2230 2815 solum
2278 2758 2680 2831 perplexabilis
2710 2761 3114 2815 haereticorum
3165 2756 3569 2830 captiunculas
3629 2759 3686 2811 et

2044 2848 2315 2922 strophas
2341 2848 2483 2905 scite
2512 2848 2863 2917 dissolverit,
2904 2854 2962 2905 et
3016 2863 3188 2904 omne
3237 2844 3678 2911 offendiculum,

2045 2939 2095 2995 si
2125 2940 2278 3010 quod
2326 2955 2572 3008 usquam
2595 2942 2943 3007 occurreret,
2989 2938 3059 2994 de
3084 2937 3296 3000 medio,
3350 2945 3405 2992 et
3434 2933 3596 3001 olim,
3630 2939 3686 2990 et

2045 3028 2153 3084 hoc
2183 3029 2359 3085 etiam
2379 3032 2656 3100 tempore,
2689 3026 3012 3094 sustulerit,
3027 3029 3126 3082 sed
3150 3030 3206 3082 et
3237 3024 3503 3098 singulos
3526 3040 3687 3079 mor-

1965 3078 2007 3144 C
2045 3078 2817 3190 {squfIsE'tEis'pBE
2828 3078 3174 3188 ζῌίῖίὶῖιὶίί
3191 3078 3418 3188 ’μὲιἶέιέ
3445 3078 3687 3170 ἐκπίω

2048 3223 2281 3277 pascere
2320 3205 2585 3279 potuerit.

2117 3296 2299 3354 CXIX.
2349 3297 2525 3353 Porro
2589 3295 2855 3369 quamvis
2913 3295 3310 3367 propinquum
3375 3293 3574 3351 Jacobi
3636 3298 3693 3348 et

2049 3390 2381 3459 cognatum,
2429 3387 2644 3441 Jobum
2698 3385 2860 3440 illum
2921 3385 3182 3450 Ausiten,
3225 3384 3296 3439 ob
3350 3380 3688 3450 patientiam

2052 3492 2405 3548 magnopere
2447 3475 2723 3543 admirer,
2784 3475 2940 3529 hunc
2991 3484 3256 3530 nostrum
3315 3481 3533 3541 tamen,
3585 3471 3694 3527 hoc

2052 3572 2249 3621 eodem
2281 3566 2539 3635 nomine,
2572 3565 2722 3621 haud
2750 3562 2919 3635 paulo
2952 3564 3079 3633 plus
3102 3579 3276 3635 quam
3302 3561 3468 3617 illum
3500 3561 3697 3616 admi-

2055 3655 2170 3711 rari
2203 3655 2385 3710 habeo
2419 3670 2588 3726 :quaa
2616 3653 2795 3710 Jobus
2852 3654 3009 3709 enim
3042 3653 3164 3707 suis
3206 3651 3376 3723 plane
3425 3649 3696 3723 ingratiis

2057 3744 2277 3811 amisit,
2308 3743 2640 3811 facultates,
2683 3744 2951 3810 honores,
3005 3741 3226 3812 reliqua
3259 3740 3480 3809 omnia,
3532 3738 3698 3810 queis

2058 3833 2211 3890 afﬁci
2245 3833 2550 3889 hominum
2574 3832 2752 3889 animi
2782 3832 2992 3896 solent,
3025 3847 3090 3885 ea
3120 3835 3316 3885 noster
3338 3829 3510 3896 ultra,
3542 3827 3699 3882 Chri-

2060 3923 2359 3990 sticausa,
2406 3938 2511 3977 nec
2571 3921 2784 3977 habere
2837 3936 3100 3992 unquam
3141 3919 3339 3975 voluit.
3389 3918 3537 3973 Tum
3569 3932 3703 3972 vero

2061 4016 2341 4083 praeterea
2368 4009 2489 4079 ille,
2522 4009 2798 4083 quoniam
2829 4024 2963 4064 cum
2995 4006 3140 4064 nihil
3170 4008 3488 4080 quidquam
3510 4006 3704 4061 divino
3734 3996 3737 4007 λ

2062 4117 2352 4174 Opponere
2390 4108 2591 4173 posset
2633 4100 2881 4171 judicio,
2932 4098 3362 4154 necessitudine
3413 4101 3603 4164 actus,
3635 4097 3703 4149 ad

2064 4190 2607 4263 magnanimitatem
2642 4187 2879 4244 tandem
2909 4186 3174 4242 veniebat
3236 4203 3250 4243 :
3318 4202 3382 4241 eo
3457 4183 3709 4239 ostendit

2066 4280 2228 4347 satis,
2262 4278 2448 4351 pluris
2464 4295 2527 4334 se
2547 4276 2783 4334 omnino
2804 4276 3008 4345 facere,
3033 4275 3082 4331 si
3104 4275 3164 4331 in
3213 4276 3356 4331 istas
3407 4289 3706 4345 nunquam

2063 4369 2362 4425 incidisset
2428 4383 2739 4423 aerumnas.
2797 4367 2871 4421 At
2949 4369 3165 4431 noster,
3253 4364 3489 4421 tametsi
3559 4379 3710 4419 unus

317 4477 509 4531 σχέτο,
540 4455 687 4512 ἄλλά
714 4459 814 4525 τήν
863 4463 964 4527 τῆς
995 4455 1319 4535 φιλοσοφίας
1374 4458 1543 4530 μάζαν
1572 4456 1662 4511 καὶ
1707 4462 1769 4511 τὸ
1820 4455 1938 4512 λαν-

2067 4458 2331 4516 omnium
2363 4457 2635 4523 maxime,
2666 4460 2722 4512 et
2754 4454 3158 4512 circumﬂuere
3189 4453 3419 4526 opibus,
3451 4456 3508 4509 et
3529 4453 3713 4508 excel-

320 4547 499 4602 θάνειν
527 4547 619 4601 καί
655 4542 824 4619 μηδὲν
858 4544 1005 4622 ἔχειν
1038 4550 1134 4601 τοῦ
1166 4545 1362 4608 παντὸς
1394 4545 1637 4619 ἐτιμᾶτο.

395 5096 520 5153 PK'.
576 5100 766 5153 Μωσεῖ
825 5096 918 5169 μὲν
993 5090 1086 5148 οὖν
1141 5096 1223 5164 τῷ
1290 5090 1578 5165 νομοθέτῃ,
1636 5088 1727 5145 καὶ
1798 5083 1963 5144 Δαϐὶδ

324 5190 403 5257 τῷ
446 5190 546 5242 τοῦ
604 5186 820 5257 Ἰεσσαὶ,
876 5185 966 5240 καὶ
1023 5180 1170 5238 ἀλλὰ
1223 5182 1319 5255 μὲν
1380 5178 1558 5251 δήπου
1608 5199 1967 5256 ⁴προσμαρτυ-

333 5279 500 5348 ριῖται
554 5277 666 5329 τῶν
718 5273 959 5349 ἀγαθῶν.
1018 5273 1081 5327 Ὃ
1138 5268 1196 5326 δὲ
1252 5267 1465 5326 πάντων
1532 5267 1798 5344 ἐξαίρετον
1877 5268 1968 5323 καὶ

333 5363 501 5419 οἱονεὶ
560 5361 841 5438 κολοφὼν,
916 5361 1177 5418 ἐπιείκεια
1242 5361 1332 5417 καὶ
1399 5359 1642 5434 πραότης
1676 5378 1688 5390 ·
1749 5359 1841 5413 καὶ
1906 5356 1970 5412 τὸ

335 5454 466 5508 κατᾶ
506 5454 602 5526 μὲν
650 5454 749 5524 τήν
797 5451 896 5508 τοῖ’)
927 5455 1060 5508 Θεοῦ
1107 5448 1330 5526 καρδίαν
1378 5447 1767 5511 πολιτεύοντας
1810 5446 1968 5515 εἶναι,

336 5542 468 5619 ὑπὲρ
512 5539 569 5599 δὲ
604 5548 713 5599 τῶν
774 5541 1074 5621 ὁμοφύλων
1129 5542 1229 5610 τὴν
1289 5542 1475 5614 ψυχὴν
1531 5539 1767 5611 ἑτοίμως
1825 5531 1972 5612 ἔχειν

336 5634 613 5710 προέσθαι.
658 5634 718 5689 Ὀ
767 5630 845 5703 δὲ,
894 5635 1057 5687 τοῦτο
1100 5626 1292 5704 μηδὲν,
1342 5632 1504 5698 ἧττον
1550 5628 1725 5683 αὐτῶν
1779 5648 1975 5698 κεκτη-

408 5813 455 5850 ⁶⁸
483 5813 508 5870 Ι
540 5816 680 5886 Reg.
704 5811 959 5882 1111,14;
992 5814 1119 5867 Act.
1144 5826 1264 5880 xm,
1294 5809 1384 5866 23.

2069 4548 2185 4605 lere
2216 4546 2494 4620 potentia,
2527 4550 2584 4603 et
2617 4544 2987 4602 omnifariam
3020 4545 3225 4601 beatus
3257 4543 3568 4613 clarusque
3607 4543 3715 4596 ha-

2069 4637 2195 4695 beri
2222 4644 2461 4709 poterat,
2493 4636 2737 4693 istorum
2769 4639 2966 4692 tamen
3017 4633 3186 4702 nihil,
3247 4650 3320 4689 ne
3363 4631 3426 4689 in
3469 4630 3716 4688 somniis

2074 4727 2336 4801 quidem,
2365 4727 2520 4800 quod
2550 4725 2610 4782 in
2659 4724 2964 4798 proverbio
3009 4728 3120 4791 est,
3169 4724 3317 4780 ferre
3364 4721 3572 4792 potuit,
3615 4720 3715 4775 sed

2073 4833 2238 4875 mese
2266 4815 2693 4890 philosophica.
2742 4816 2843 4873 sed
2894 4813 3145 4871 solitudo
3176 4820 3231 4869 et
3279 4827 3558 4878 recessus,
3617 4809 3717 4865 sed

2074 4908 2158 4966 rei
2187 4907 2407 4964 nullius
2453 4906 2690 4980 propria
2739 4905 3055 4979 possessio,
3108 4902 3194 4960 illi
3241 4902 3516 4960 omnibus
3566 4898 3718 4956 anti-

2077 4999 2283 5072 quiora
2314 4998 2493 5054 fuere.

2149 5086 2302 5145 CXX.
2328 5087 2476 5144 Mosi
2505 5102 2637 5144 vero
2666 5084 3001 5155 legislatori,
3035 5086 3091 5139 et
3129 5081 3352 5149 Davidi,
3400 5079 3600 5138 Jessai
3648 5080 3723 5134 Ii-

2080 5177 2180 5244 lio,
2208 5193 2341 5235 cum
2371 5176 2499 5233 alia:
2527 5176 2769 5231 virtutes
2800 5174 3121 5245 (sacrarum
3154 5172 3517 5237 Litterarum)
3551 5168 3721 5225 testi-

2082 5266 2278 5322 monio
2309 5265 2671 5331 tribuuntur,
2706 5268 2832 5318 tum
2864 5261 3015 5334 quod
3044 5260 3402 5333 praecipuum
3434 5257 3722 5320 omnium,

2082 5360 2138 5412 et
2167 5355 2330 5411 velut
2359 5354 2641 5427 colophon
2672 5358 2763 5408 est
2795 5350 3113 5409 moderatio
3149 5354 3205 5405 et
3232 5347 3462 5415 lenitas,
3488 5351 3545 5403 et
3569 5346 3724 5419 quod

2084 5469 2113 5499 ι(
2149 5446 2474 5503 secundum
2502 5461 2600 5503 cor
2632 5441 2732 5499 Dei
2751 5441 2819 5509 63,
2843 5462 2867 5493 η
2903 5441 3183 5498 dictasua
3213 5439 3482 5511 factaque
3529 5437 3729 5494 omnia

2086 5540 2519 5608 componerent,
2543 5536 2600 5589 et
2630 5532 2821 5605 ipsam
2852 5530 3029 5587 etiam
3052 5528 3304 5586 animam
3345 5529 3557 5585 civium
3592 5543 3730 5585 suo-

2090 5644 2221 5683 rum
2254 5642 2432 5683 causa
2464 5623 2811 5697 profundere
2843 5622 3028 5693 parati
3049 5628 3262 5688 essent,
3300 5620 3426 5692 jam
3480 5628 3539 5676 ut
3582 5619 3732 5676 hanc
