4118 6214
461 388 577 448 339

1755 391 2154 455 THEODULI
2200 395 2553 460 MONACHI

3740 404 3865 464 340

462 555 579 594 non
615 539 808 596 minus
839 556 1011 612 quam
1045 540 1127 595 illi
1161 545 1360 596 noster
1397 541 1673 598 virtutem
1707 542 1972 613 habebat,
2023 547 2095 601 ita

2219 530 2401 601 μὲνος,
2462 528 2612 586 ὂυοῖν
2667 537 2784 587 τοῖν
2849 533 3125 610 μεγίστοιν
3192 534 3255 590 τὸ
3320 535 3515 609 κράτος
3563 532 3864 609 λαμϐάνει,

460 631 727 686 maximis
755 632 984 686 duabus
1010 630 1191 686 victor
1229 636 1316 685 est
1351 649 1364 686 :
1415 632 1746 701 virginitate
1776 635 2018 702 scilicet,
2049 642 2106 691 et

460 720 613 793 quod
648 721 931 776 adversus
969 720 1349 777 ambitionem
1399 722 1648 777 invictus
1687 724 1865 784 stetit,
1920 727 2100 779 animi

460 815 650 865 autem
700 809 1005 866 affectibus
1077 811 1378 882 brutisque
1457 812 1733 879 motibus,
1793 814 2098 884 plusquam

457 898 606 952 alius
637 899 929 970 quispiam
961 900 1336 972 imperitavit,
1378 917 1593 972 suaque
1633 904 1882 974 quadam
1915 906 2100 976 impe-

457 989 671 1043 ratoria
718 989 1035 1045 calliditate
1085 991 1446 1059 spiritualem
1502 991 1667 1046 illum
1720 991 2100 1062 Pharaonem,

457 1092 782 1150 omnesque
808 1076 968 1134 illius
1001 1083 1198 1150 copias
1228 1080 1555 1145 debellavit,
1579 1097 1753 1151 quem
1783 1098 1889 1154 ego
1922 1101 2098 1139 unum

453 1167 820 1223 verissimum
849 1169 1211 1225 fortitudinis
1251 1169 1645 1242 principatum
1677 1174 1885 1229 merito
1915 1174 2103 1245 appel-

456 1256 720 1312 laverim.

526 1345 725 1401 CXXI.
759 1346 880 1410 Quo
929 1353 1121 1402 autem
1175 1347 1298 1404 loco
1337 1348 1595 1421 Gregorii
1645 1352 1831 1407 nostri
1877 1352 2098 1408 theolo-

452 1435 606 1507 giam
637 1433 997 1490 collocabis?
1028 1453 1144 1491 rem
1179 1454 1319 1492 sane
1352 1444 1594 1499 tantam,
1626 1444 1683 1493 et
1729 1445 1887 1495 tanto
1935 1458 2099 1495 com-

456 1523 787 1578 mendatam
818 1540 991 1595 opere
1022 1530 1084 1578 ut
1114 1526 1184 1580 ad
1219 1525 1367 1580 hanc
1413 1526 1557 1581 nihil
1608 1528 2097 1584 decantatissime

455 1608 634 1665 Mosis
664 1611 878 1665 tabulae
909 1614 1046 1667 sint.
1092 1611 1227 1675 Quae
1265 1614 1592 1684 quamlibet
1618 1616 1871 1671 maximo
1919 1633 1986 1671 ex
2035 1634 2098 1671 se

452 1701 511 1755 in
547 1700 730 1773 pretio
778 1701 1067 1770 habenda,
1118 1703 1334 1775 quippe
1385 1705 1663 1759 divinitus
1709 1711 1765 1761 et
1816 1707 2095 1761 ineffabili

452 1790 705 1860 quodam
737 1800 976 1846 exarata;
1017 1796 1207 1857 modo.
1260 1794 1643 1864 corporalium
1703 1800 1897 1850 tamen
1951 1813 2095 1868 prm-

451 1884 753 1952 ceptorum
785 1881 1117 1938 sanctiones
1138 1889 1305 1938 erant
1329 1904 1344 1951 ;
1368 1890 1426 1938 at
1457 1885 1635 1940 nostri
1660 1884 2095 1957 theologia,non
2131 1908 2174 1970 Β

452 1970 728 2025 divinitus
760 1973 929 2027 modo
960 1973 1218 2044 aspirata
1246 1983 1387 2041 eral,
1420 1976 1520 2029 sed
1561 1980 1618 2030 et
1658 1975 1840 2030 Deum
1877 1976 2094 2045 ipsum,

452 2064 518 2113 ut
548 2062 721 2115 verbo
751 2061 967 2128 dicam,
989 2063 1261 2117 omnibus
1283 2064 1651 2118 commendat
1677 2068 1734 2120 et
1763 2064 2093 2130 confirmat,

448 2153 654 2220 etquae
676 2148 747 2205 de
777 2149 893 2206 Deo
928 2150 1143 2206 sentire
1191 2151 1513 2215 conveniat,
1557 2155 1889 2207 communis
1938 2168 2097 2222 quaa-

450 2237 586 2293 dam
633 2238 915 2309 legislatio
972 2244 1031 2294 et
1083 2239 1218 2295 ﬁnis
1278 2245 1387 2305 est,
1442 2240 1667 2297 scilicet
1722 2241 2097 2297 exactissima

449 2328 607 2382 omni
639 2327 931 2383 elaborata
959 2344 1123 2395 cura,
1156 2346 1354 2400 quaeve
1384 2329 1605 2385 nullam
1638 2330 1933 2401 cuiquam,
1977 2330 2097 2386 ulla

449 2433 517 2471 ex
567 2427 746 2487 parte,
803 2418 1273 2489 reprehensionis
1314 2436 1517 2475 ansam
1590 2420 1862 2491 prmbeat,
1898 2437 2092 2475 verum

450 2509 573 2559 tuta
604 2506 860 2576 undique
890 2514 943 2561 et
974 2506 1434 2579 impenetrabilis
1486 2510 1577 2578 sil,
1611 2510 1850 2580 perinde
1890 2525 1954 2563 ac
2006 2509 2096 2563 di-

447 2594 649 2649 vinum
677 2596 973 2666 quoddam
1003 2596 1327 2663 oraculum,
1359 2605 1459 2653 aut
1489 2599 1683 2654 delata
1712 2599 2097 2654 cmlosenten-

449 2684 547 2751 tia,
581 2689 639 2739 et
667 2685 782 2739 vim
816 2685 953 2741 inde
984 2686 1506 2759 auctoritatemque
1536 2706 1704 2744 suam
1755 2690 1983 2760 adepta.

518 2774 736 2830 CXXII.
779 2775 1096 2847 Gregorius
1127 2793 1317 2847 porro,
1353 2779 1504 2849 quod
1549 2795 1735 2849 usque
1779 2779 1923 2833 adeo
1978 2777 2096 2831 hu-

449 2880 653 2919 manus
683 2869 740 2919 et
775 2864 1114 2937 benevolus,
1156 2872 1214 2920 et
1238 2867 2093 2941 misericorsergaomncserat,

449 2956 514 3008 ut
543 2969 609 3009 ea
642 2974 671 3003 α
694 2970 754 3009 re
783 2975 812 3002 «
838 2953 1052 3009 viscera
1083 2955 1401 3024 charitatis,
1425 2979 1454 3005 ‹‹
1499 2957 1845 3012 vocitaretur
1880 2974 1894 3013 :
1938 2958 2093 3028 quod

446 3042 583 3098 item
616 3042 673 3098 in
708 3043 931 3099 deliciis
960 3044 1138 3099 vitam
1173 3061 1341 3116 agere
1356 3062 1491 3102 cum
1515 3051 1729 3118 posset,
1750 3047 2093 3106 nollet.con-

446 3137 534 3184 tra
564 3147 695 3186 vero
720 3133 847 3204 jugi
885 3137 1187 3204 metasque
1216 3150 1417 3189 omnes
1446 3151 1693 3207 egressa:
1735 3136 1939 3190 inediae
1972 3153 2096 3191 sese

446 3220 703 3289 dederet,
736 3221 826 3275 his
854 3221 950 3277 ille
983 3223 1158 3278 rebus
1196 3228 1511 3295 utrumque
1570 3241 2006 3293 praecursorem,
2038 3229 2094 3279 et

441 3312 719 3366 Joannem
742 3312 1031 3367 Zachariae
1063 3313 1248 3369 filium
1280 3319 1337 3369 et
1361 3315 1542 3370 Eliam
1568 3316 1900 3381 Thesbiten,
1928 3319 2091 3371 ante-

445 3401 588 3454 ibat.
631 3400 841 3465 Eliam,
874 3402 1054 3457 nimio
1087 3404 1336 3474 quodam
1376 3403 1497 3460 zelo
1542 3421 1606 3459 eo
1650 3406 1977 3476 abreptum.
2034 3410 2100 3459 ut

446 3489 941 3545 commiseratioui
973 3493 1209 3546 clausus
1234 3496 1421 3558 esset;
1458 3494 1798 3563 Baptistam,
1853 3495 2094 3565 penuria

450 3579 600 3632 alius
630 3580 821 3634 idonei
855 3581 1113 3636 alimenti
1136 3582 1204 3635 ad
1230 3581 1482 3637 locustae
1507 3583 1694 3639 etmel
1715 3583 1983 3639 silvestre
2001 3583 2098 3638 ad-

446 3671 663 3723 actum.
680 3670 834 3731 Quod
860 3676 1050 3724 autem
1070 3672 1386 3740 «majorem
1401 3672 1526 3743 ipso
1543 3673 2099 3740 cxortumfuisse“,»

450 3765 638 3828 negat,
670 3756 727 3812 id
756 3758 899 3812 nihil
932 3760 1001 3814 ad
1038 3759 1188 3816 hanc
1215 3778 1335 3816 rem
1361 3761 1498 3815 facit
1530 3779 1543 3816 :
1579 3779 1693 3817 non
1744 3763 1900 3817 enim
1937 3763 2095 3816 futu-

452 3864 577 3901 rum
611 3848 871 3904 exclusit.
908 3849 1134 3905 Rursus
1166 3851 1319 3921 quod
1353 3850 1436 3905 illi
1468 3852 1642 3906 ambo
1689 3869 1793 3922 pro
1842 3851 1914 3906 iis
1964 3868 2092 3922 quae

447 3936 707 4008 legitima
734 3942 791 3992 et
834 3938 991 4008 justa
1043 3944 1259 4005 essent,
1313 3939 1545 3995 hernica
1604 3942 1855 4010 quadam
1916 3939 2094 3995 liber-

449 4034 558 4079 tale
581 4026 697 4080 oris
720 4026 790 4080 ad
819 4027 1108 4097 principes
1140 4044 1274 4082 suos
1302 4029 1392 4083 usi
1425 4029 1621 4096 fuere;
1657 4035 1855 4083 noster
1900 4034 2091 4084 autem

448 4132 547 4184 pro
578 4116 882 4172 divinitate
911 4118 1057 4186 ipsa,
1090 4118 1367 4173 adversus
1410 4129 1706 4190 protervos
1763 4119 2089 4173 divinitatis

449 4203 920 4274 calumniatores,
952 4208 1153 4262 eadem
1190 4225 1333 4264 usus
1351 4217 1441 4264 est
1465 4226 1479 4275 ;
1502 4213 1628 4263 tum
1654 4210 1809 4281 quod
1833 4208 1915 4263 illi
1948 4209 2092 4264 nihil

446 4294 762 4365 quidquam
794 4311 991 4351 eorum
1028 4313 1153 4367 quas
1186 4298 1619 4353 destinaverant
1660 4299 1971 4369 perfecere,
1995 4315 2094 4354 no-

2212 621 2498 692 παρθενεία
2546 642 2602 675 τε
2648 622 2742 676 καὶ
2793 626 2871 694 τῷ
2927 624 3003 695 μή
3053 621 3213 693 δόξης
3257 626 3538 693 ἡττᾶσθαι,
3581 622 3728 682 ἀλλὰ
3761 628 3867 702 βα-

2211 707 2441 762 σιλεύειν
2475 711 2568 779 μὲν
2619 715 2725 763 τῶν
2778 714 2961 765 παθῶν
2994 711 3081 765 καὶ
3131 716 3237 767 τῶν
3291 713 3508 788 ἀλόγων
3538 721 3638 783 τῆς
3666 718 3863 791 ψυχῆς

2209 799 2525 869 κινημάτων
2574 801 2768 860 παντὸς
2822 799 3057 873 μᾶλλον,
3109 808 3569 879 καταστρατηγεῖν
3646 802 3703 859 δὲ
3760 809 3867 859 τοῦ

2209 889 2410 953 νοητοῦ
2455 887 2680 953 Φαραὼ,
2730 888 2820 940 καὶ
2872 894 2973 954 τῆς
3021 887 3185 941 αὐτοῦ
3241 892 3514 964 στρατιάς,
3548 891 3613 960 ἦν
3678 891 3861 962 μόνην

2207 969 2372 1049 ἔγωγ’
2404 974 2461 1027 ἂν
2490 975 2653 1051 φαίην
2686 976 2760 1037 ὡς
2790 974 3016 1046 άληθῶς
3050 978 3345 1050 ἀριστείαν.

2280 1334 2447 1387 Ριίλί.
2512 1334 2623 1387 Ποῦ
2684 1329 2742 1387 δέ
2800 1335 2984 1402 θήσεις
3041 1335 3140 1403 τὴν
3180 1333 3375 1390 τούτου
3425 1334 3710 1411 θεολογίαν
3753 1360 3854 1393 το-

2208 1423 2397 1473 σοῦτον
2439 1419 2599 1475 οὖσαν
2655 1422 2745 1475 καὶ
2796 1421 2937 1477 οὕτω
2993 1423 3435 1496 θαυμαζομένην,
3484 1426 3561 1485 ὡς
3616 1426 3706 1481 καὶ
3754 1427 3852 1489 τὰς

2207 1509 2540 1581 ὑμνουμένας
2597 1509 2802 1565 ἐκείνου
2834 1509 3067 1580 Ξπλάκας
3123 1513 3184 1566 τὸ
3264 1512 3431 1584 μηδὲν
3505 1514 3637 1569 εἶναι
3710 1516 3854 1589 πρὸς

2204 1599 2444 1665 ταύτην;
2504 1599 2654 1673 εἶ’περ
2697 1601 2751 1654 αἶ
2797 1602 2913 1673 μὲν,
2963 1601 3006 1655 εἰ
3056 1601 3144 1656 καὶ
3185 1601 3403 1658 πολλοῦ
3468 1625 3618 1664 τινος
3684 1602 3849 1675 ἄξιαι,

2203 1693 2284 1758 τῷ
2331 1691 2488 1750 θείως
2543 1691 2631 1743 καὶ
2674 1688 2926 1765 ἀρρήτως
2964 1690 3389 1767 ἐγκεχαράχθαι,
3434 1692 3563 1748 ἀλλ’
3603 1693 3706 1768 ἄρα
3739 1716 3849 1748 σω-

2208 1783 2448 1848 ματικῶν
2489 1780 2624 1846 ἦσαν
2674 1777 3051 1852 ἐπιταγμάτων
3101 1781 3289 1853 θεσμοί
3326 1801 3340 1814 ·
3391 1780 3479 1851 ἥδ’
3530 1783 3639 1857 οὐχ
3698 1783 3851 1844 ὅπως

2204 1867 2382 1921 θεόθεν
2429 1868 2528 1936 τήν
2587 1867 2866 1922 ἐπίπνοιαν
2919 1866 3096 1944 ἔσχεν,
3148 1868 3293 1925 ἀλλᾶ
3371 1873 3461 1925 καὶ
3501 1874 3629 1927 Θεὸν
3686 1874 3850 1927 αὐτὸν

2205 1957 2280 2018 ὡς
2326 1959 2496 2012 εἰπεῖν
2544 1961 2849 2028 συνίστησιν
2899 1962 3062 2015 ἅπασι
3124 1965 3212 2016 καί
3276 1963 3542 2035 κρατύνει,
3599 1963 3689 2018 καὶ
3747 1968 3847 2018 τοῦ

2207 2052 2426 2121 φρονεῖν
2458 2048 2490 2101 ἃ
2518 2049 2713 2101 τούτου
2745 2049 2867 2122 πέρι
2899 2056 3142 2121 προσῆκε
3176 2069 3191 2119 ;
3241 2052 3397 2120 κοινή
3458 2051 3541 2113 τίς
3590 2050 3701 2105 ἐστι
3759 2072 3849 2106 νο·

2208 2136 2430 2207 μοθεσία
2488 2138 2577 2189 καὶ
2635 2138 2760 2208 ὅρος
2816 2142 2894 2209 τῷ
2951 2136 3039 2192 διὰ
3079 2141 3254 2207 πάσης
3295 2136 3543 2213 άκριὸεἰα
3586 2140 3846 2217 ἀφῖχθαι,

2204 2225 2292 2279 καὶ
2335 2221 2529 2297 μηδενὶ
2572 2224 2704 2298 μηδ’
2759 2228 3011 2293 ἡντινοῦν
3064 2227 3128 2280 τὸ
3175 2226 3423 2300 παράπαν
3480 2226 3567 2281 ἐπὶ
3646 2226 3848 2299 μηδενί

2205 2311 2412 2368 διδόναι
2445 2309 2646 2384 λαϐἡν,
2686 2313 2813 2368 ἀλλ’
2859 2316 3271 2395 ἀνεπιχείρητον
3312 2318 3645 2373 παντάπασιν
3679 2319 3847 2387 εῖναι,

2204 2403 2439 2479 καθάπερ
2495 2407 2616 2458 τινα
2672 2407 2813 2460 θεῖον
2878 2408 3134 2480 χρησμὸν
3202 2408 3238 2477 ἢ
3296 2410 3477 2481 ψῆφον
3556 2408 3847 2485 οὐρανόθεν

2203 2496 2630 2568 κατενεχθεῖσαν,
2665 2494 2947 2569 καὶταύτῃ
2980 2496 3041 2550 τὸ
3071 2497 3271 2570 κράτος
3305 2495 3555 2572 ἔχουσαν.

2279 2768 2442 2824 PKB'.
2480 2769 2573 2828 Ὃς
2622 2768 2709 2827 οἷς
2760 2767 2855 2839 μὲν
2905 2766 3049 2823 οὕτω
3098 2768 3499 2841 φιλανθρώπως
3549 2770 3666 2844 εἶχε
3711 2771 3853 2845 πρὸς

2205 2858 2405 2919 πάντας
2451 2858 2538 2911 καὶ
2609 2858 2929 2929 συμπαθῶς,
2975 2881 3003 2906 ‹‹
3067 2857 3143 2917 ὡς
3195 2856 3483 2934 σπλάγχνα
3536 2860 3857 2934 χρηστότη-

2203 2967 2296 3008 τος
2328 2970 2354 2998 ››
2397 2946 2803 3019 ὀνομάζεσθαι·
2847 2946 2925 3007 οἷς
2974 2943 3031 3000 δὲ
3079 2951 3281 3023 τρυφᾷν
3328 2947 3549 3003 ἐδύνατο
3600 2949 3716 3021 μέν,
3747 2949 3856 3005 οὐκ

2205 3031 2462 3090 ἐϐούλετο
2514 3032 2590 3104 δὲ,
2640 3034 2787 3089 ἀλλᾶ
2836 3033 3075 3105 διηνεκεῖ
3112 3037 3204 3090 καὶ
3257 3032 3679 3112 ὗπερὸαλλούση
3719 3040 3856 3102 τοὺς

2205 3122 2365 3199 ὅρους
2423 3124 2644 3196 νηστείᾳ
2700 3130 3007 3199 προσεῖχεν,
3087 3123 3321 3197 ἑκατέρω
3388 3127 3467 3181 τὼ
3542 3124 3853 3201 προδρόμω

2203 3215 2402 3289 παρῄει
2456 3234 2467 3245 ·
2517 3215 2608 3269 τόν
2667 3234 2725 3269 τε
2778 3218 2873 3268 τοῦ
2922 3215 3216 3288 Ζαχαρίου,
3264 3216 3349 3269 καὶ
3400 3218 3493 3270 τὸν
3538 3211 3803 3286 Θεσϐίτην
3837 3237 3853 3250 ο

2204 3307 2298 3361 τὸν
2353 3306 2470 3376 μὲν,
2518 3304 2746 3379 ἀμετρία
2792 3308 2887 3357 τοῦ
2944 3302 3137 3373 ζήλου,
3172 3306 3308 3378 πρὸς
3348 3306 3409 3360 τὸ
3450 3307 3526 3377 μὴ
3568 3307 3854 3379 συμπαθὲς

2210 3394 2501 3472 ἐξαχθέντα
2553 3414 2566 3427 ·
2615 3394 2707 3448 τὸν
2738 3389 2834 3464 ἰδὲ,
2871 3390 2940 3447 δι’
2970 3392 3216 3467 τάπορίαν
3272 3396 3578 3468 βρωμάτων
3626 3396 3854 3470 ἑτέρων,

2209 3487 2346 3559 πρὸς
2394 3484 2616 3558 ἀκρίδας
2650 3482 3098 3558 καταπεφευγότα
3126 3483 3214 3537 καὶ
3268 3482 3414 3555 μέλι.
3457 3483 3521 3538 Εἰ
3553 3481 3629 3553 δὲ,
3665 3508 3695 3536 ‹‹
3735 3485 3858 3541 Οὐκ

2210 3574 2524 3649 ἐγήγερται,
2548 3573 2705 3650 οησί,
2741 3574 2965 3643 μείζων,
3001 3594 3026 3625 ι
3062 3569 3214 3626 οὐδὲν
3246 3573 3379 3647 πρὸς
3413 3573 3598 3649 λόγον.
3622 3574 3705 3629 Οὐ
3746 3574 3858 3649 γὰρ

2209 3666 2443 3742 ἐπεῖρξαι
2477 3666 2736 3740 [ἀπεῖρξε]
2769 3665 2830 3719 τὸ
2864 3663 3069 3736 μέλλον
3102 3684 3115 3697 ·
3166 3664 3253 3719 καὶ
3307 3666 3438 3737 μὴν,
3468 3666 3531 3721 τὸ
3567 3668 3695 3728 τοὺς
3730 3666 3856 3739 μὲν,

2211 3757 2341 3829 ὑπὲρ
2391 3759 2489 3810 τοῦ
2532 3753 2774 3826 νομίμου
2821 3775 2878 3808 τε
2933 3752 3022 3808 καὶ
3091 3751 3327 3823 δικαίου,
3389 3757 3672 3828 θαυμαστῇ
3742 3776 3854 3809 τινι

2208 3843 2483 3919 παρρησίᾳ
2544 3842 2930 3923 χρησαμένους
2989 3843 3127 3917 πρὸς
3194 3847 3320 3904 τους
3360 3845 3705 3912 κθατοῦντας,
3758 3846 3854 3899 τὸν

2209 3932 2256 3988 δ’
2290 3934 2422 4006 ὑπὲρ
2470 3935 2568 4000 τῆς
2617 3934 2873 4001 θεότητος
2921 3931 3110 4002 αὐτῆς,
3150 3932 3285 4005 πρὸς
3329 3931 3457 3995 τοὺς
3491 3939 3591 4001 τῆς
3649 3933 3853 4003 θεότη-

2207 4043 2299 4083 τος
2332 4018 2608 4098 ὐϐριστας,
2652 4024 2777 4082 τοὺς
2814 4022 2929 4095 μὲν,
2960 4022 3035 4074 ὧν
3083 4016 3379 4076 ἐϐούλοντο
3423 4019 3721 4093 μηδοτιοῦν
3756 4045 3851 4077 το-

2208 4116 2459 4189 παράπαν
2505 4112 2801 4188 εἰργάσθαι,
2858 4112 2950 4166 τὸν
3001 4110 3077 4180 δὲ,
3146 4110 3360 4188 μεγάλα
3424 4114 3511 4166 καὶ
3566 4115 3858 4186 θαυμαστὰ

2208 4205 2502 4275 στήσασθαι
2532 4202 2790 4276 τρόπαια,
2820 4200 2870 4255 τί
2907 4221 2989 4261 τις
3037 4198 3098 4254 ἃν
3149 4200 3291 4255 εἴποι
3328 4227 3343 4270 ;
3374 4203 3445 4257 Ἦ
3504 4198 3696 4271 δῆλον,
3738 4201 3852 4277 ὅπῃ

2203 4296 2266 4351 τὸ
2297 4292 2516 4367 κράτος,
2547 4288 2642 4345 κᾶν
2671 4292 2834 4362 ἡμεῖς
2865 4293 2939 4361 μή
2975 4288 3250 4365 λέγωμεν.

447 4391 565 4439 ster
592 4392 795 4441 contra
826 4387 1081 4443 maxima
1109 4395 1162 4442 et
1193 4387 1621 4460 gloriosissima
1651 4389 1952 4443 statuebat
1983 4388 2265 4460 trophaaa,
2310 4385 2448 4457 quid
2509 4382 2717 4438 dixerit
2773 4380 3115 4453 quispiam?
3170 4399 3243 4438 an
3302 4397 3435 4439 vero
3494 4386 3653 4455 patet
3713 4383 3859 4439 satis

449 4490 564 4543 qua
604 4478 767 4543 parte
797 4475 1039 4530 victoria
1068 4476 1288 4541 sedeat,
1318 4476 1552 4532 tametsi
1592 4492 1699 4531 nos
1729 4475 1876 4531 nulli
1909 4475 2221 4532 dicamus?

517 4563 767 4618 CXXIII.
805 4568 1101 4621 Postremo
1133 4566 1203 4621 de
1226 4566 1389 4621 Petro
1429 4570 1487 4621 et
1526 4565 1725 4634 Paulo,
1768 4574 1821 4621 et
1868 4564 1967 4621 illo
1998 4570 2087 4620 to-
2120 4573 2163 4637 ι)

448 4651 625 4706 nilrui
665 4653 804 4718 ﬁlio,
850 4655 905 4708 id
958 4660 1184 4709 tantum
1244 4656 1485 4711 dixerim
1545 4657 1696 4726 quod
1746 4655 2091 4710 laudaturus

448 4741 579 4796 illos
610 4741 898 4814 quispiam
923 4743 1108 4804 dicat;
1133 4746 1274 4799 adeo
1294 4760 1506 4816 magna
1528 4743 1608 4799 illi
1632 4745 1885 4816 profecto
1906 4743 2091 4798 virtu-

445 4829 521 4885 tis
548 4830 969 4903 probitatisque
1000 4834 1297 4888 confecere
1336 4833 1547 4904 spatia,
1590 4837 1645 4888 et
1694 4848 1796 4904 per
1847 4830 2093 4903 pulchra

445 4919 641 4973 omnia
671 4921 917 4988 pervecti
977 4921 1155 4976 fuere.
1202 4921 1541 4993 Gregorium
1605 4932 1817 4980 tanien.
1884 4921 2091 4991 ingens

447 5007 588 5062 illud
622 5013 838 5063 natura:
870 5009 1141 5065 humanae
1181 5012 1384 5075 instar,
1416 5019 1470 5065 at
1520 5018 1870 5081 postremam
1902 5008 2094 5063 virtu-

446 5101 571 5151 tum
618 5096 887 5165 feturam,
950 5116 1062 5154 non
1126 5101 1294 5155 modo
1334 5099 1391 5154 in
1444 5099 1613 5170 ipsis,
1666 5115 1865 5153 verum
1916 5097 2086 5152 etiam

445 5202 622 5255 supra
670 5188 851 5258 ipsos,
918 5190 1290 5245 meritissimo
1339 5188 1746 5245 collocandum
1797 5202 2088 5249 censeam,

445 5276 659 5349 Quippe
688 5278 790 5349 qui
820 5278 971 5333 Petri
1013 5279 1224 5347 zelum,
1256 5283 1314 5333 ct
1340 5277 1886 5333 constantissimum
1922 5274 2085 5330 Pauli

448 5366 621 5421 robur
645 5368 778 5439 (18),
810 5373 863 5424 et
901 5368 1190 5423 sublimen
1232 5367 1473 5423 Joannis
1514 5365 1892 5438 theologiam,
1934 5380 2093 5436 quae-

447 5469 558 5525 que
595 5456 710 5510 illis
742 5455 865 5511 alia:
898 5457 1223 5528 complures
1272 5458 1511 5513 aderant
1560 5454 1746 5522 dotes,
1802 5454 1884 5509 ita
1924 5452 2090 5524 plene

445 5547 502 5597 et
556 5544 802 5615 perfecte
860 5547 1160 5618 expressit,
1221 5551 1286 5602 ut
1346 5546 1437 5601 his
1525 5545 1584 5601 in
1668 5545 1843 5601 rebus
1902 5542 2086 5599 nihilo

521 5685 565 5719 δ*
596 5686 799 5742 Matth.
833 5705 909 5755 χι,
948 5691 1029 5743 11.

522 5812 633 5882 (l8)
661 5813 825 5882 ωερε.
863 5814 999 5872 Naz.
1030 5815 1089 5869 in
1119 5816 1413 5881 Basiliam,
1441 5832 1572 5888 pag.
1602 5814 1707 5869 287
1738 5814 1865 5869 Ald.
1897 5812 2038 5867 edit.

2268 4563 2434 4620 PKI".
2480 4559 2690 4634 Πέτρου
2748 4554 2804 4613 δὲ
2861 4556 2987 4631 πέρι
3033 4558 3122 4612 καὶ
3181 4557 3397 4614 Παύλου
3449 4560 3540 4614 καὶ
3588 4565 3685 4617 τοῦ
3724 4563 3855 4619 υἷοῦ

2200 4658 2300 4721 τῆς
2334 4652 2591 4727 βροντῆς,
2621 4653 2877 4703 τοσοῦτον
2912 4647 2970 4703 ἂν
3010 4646 3246 4722 εἴποιμι,
3278 4648 3309 4704 ὅ
3347 4670 3399 4704 τι
3437 4652 3671 4714 τούτους
3701 4652 3859 4709 ἐτι-αι-

2199 4746 2308 4795 νεῖν
2349 4762 2432 4803 τις
2477 4736 2701 4809 ἐθέλων,
2751 4737 3103 4793 ἐπιτοσοῦτον
3164 4740 3358 4809 ἠκουσι
3417 4738 3856 4817 καλοκάγαθίας,

2199 4831 2292 4885 καὶ
2346 4833 2442 4883 τοῦ
2492 4826 2581 4883 διὰ
2626 4827 2841 4882 πάντων
2896 4827 3109 4887 ἐλάσαι.
3144 4826 3316 4884 Ἀλλὰ
3345 4830 3433 4884 καὶ
3479 4831 3784 4907 Γρηγόριος
3816 4837 3851 4903 ὴ

2204 4918 2412 4995 μεγάλη
2471 4923 2571 4986 τῆς
2630 4916 2839 4993 φύσεως
2898 4914 3143 4989 ἔνδειξις,
3200 4918 3291 4971 καὶ
3355 4920 3390 4987 ἡ
3466 4923 3574 4972 τῶν
3633 4918 3849 4994 ἀγαθῶν

2197 5004 2480 5061 τελευταία
2531 5004 2693 5083 φορὰ,
2742 5004 2853 5078 οὐχ
2898 5004 3047 5065 ὅπως
3093 5005 3229 5077 μετὰ
3274 5004 3505 5076 τούτων,
3552 5004 3701 5062 ἀλλὰ
3752 5010 3844 5063 καὶ

2201 5095 2332 5168 ὑπὲρ
2379 5095 2604 5154 τούτους
2654 5089 2864 5154 δίκαιος
2913 5092 2972 5146 ἂν
3034 5091 3117 5163 εἴη
3160 5092 3437 5173 τετάχθαι.
3490 5095 3700 5166 Πέτρου
3744 5098 3851 5172 γὰρ

2198 5184 2289 5240 τὸν
2344 5183 2537 5252 ζῆλον,
2568 5181 2659 5236 καὶ
2708 5180 2933 5237 Παύλου
2972 5181 3065 5237 τὸν
3109 5182 3291 5249 τόνον,
3323 5184 3410 5238 καὶ
3458 5184 3560 5253 τήν
3593 5185 3853 5242 Ἰωάννου

2200 5270 2507 5346 θεολογίαν,
2538 5271 2629 5325 καὶ
2669 5268 2703 5325 ἃ
2749 5269 2917 5326 πόλλ’
2945 5266 3099 5343 ’ἑτέρα
3148 5272 3367 5337 τούτοις
3414 5279 3650 5348 προσῆν,
3674 5274 3852 5338 οὕτως

2201 5362 2277 5425 εἰς
2331 5361 2496 5435 ἄκρον
2541 5360 2942 5436 κατωρθωκὼς,
2994 5360 3068 5422 ὡς
3131 5358 3302 5435 μηδὶν
3370 5360 3540 5417 ἔνδεῖν
3617 5365 3855 5420 τουτωνὶ

2195 5450 2311 5525 τερὶ
2370 5448 2538 5505 ταῦτα
2578 5466 2593 5480 '
2656 5448 2739 5504 ὅδ’
2796 5442 2938 5504 ἔστιν
3007 5451 3095 5511 οἷς
3153 5449 3349 5513 αὐτοὺς
3402 5452 3490 5506 καὶ
3531 5452 3846 5527 παρήλασε,

2198 5538 2398 5613 Πέτρον
2437 5541 2553 5612 μὶν,
2583 5541 2665 5601 οἷς
2714 5538 2822 5614 οὐχ
2862 5535 3117 5614 ὡμίλησε
3168 5538 3356 5615 γάμῳ,
3391 5538 3537 5596 ἀλλὰ
3581 5544 3851 5618 παρθενίᾳ
