4118 6214
231 397 342 456 341

1243 388 1637 452 LAUDATIO
1678 387 1744 449 S.
1789 388 2154 450 GREGORII
2197 390 2615 452 THEOLOGI.

3507 393 3624 456 342

230 527 417 595 συνέζη
447 547 461 560 ο
518 526 738 582 Παῦλον
789 523 868 591 δὲ,
913 531 992 597 τῷ
1035 526 1134 592 τήν
1184 522 1456 580 εὐσέϐειαν
1498 524 1558 579 ἐκ
1585 523 1867 598 προγόνων

1983 525 2127 594 ipsis
2155 524 2392 582 inferior
2423 529 2598 583 esset.
2634 525 2758 584 lmc
2789 543 2922 584 vero
2953 535 3007 586 et
3042 528 3150 586 hos
3179 529 3443 602 partibus
3491 532 3624 606 qui-

227 611 469 692 ὰκριῦᾠς
506 617 842 690 μεμυῆσθαι,
881 615 977 687 μαὶ
1014 616 1088 686 μή
1120 615 1219 682 τήν
1257 615 1351 687 μὲν
1402 612 1579 686 ἀρχὴν
1631 613 1706 673 εἱς
1743 609 1876 667 διώο

221 727 349 767 κτας
405 705 612 770 τελεῖν,
673 702 855 759 ἔπειτα
913 701 984 758 δι’
1052 702 1345 779 ἐμφανείας
1419 699 1728 781 φρικώδους
1799 705 1879 773 τῷ

215 799 444 870 Χριστῷ
503 792 825 869 προσελθεῖν
860 813 873 827 ·
937 791 1084 848 ἀλλὰ
1146 793 1254 866 μὴν
1311 793 1398 847 καὶ
1471 789 1730 861 Ἰωάννην
1783 790 1874 846 τὸν

212 879 544 954 Ζεϐεδαίου,
591 888 670 954 τῷ
719 885 794 957 μή
843 880 931 938 διὰ
983 882 1232 958 βραχέων
1285 879 1412 955 μηδ’
1460 879 1656 945 ἁπλῶς
1712 880 1880 936 οὕτως·

215 975 327 1043 σὶν,
373 973 526 1029 ἀλλὰ
578 972 963 1048 δαψιλέστερτν
1009 973 1098 1027 καὶ
1145 969 1588 1045 σπουδαιότερον,
1633 971 1720 1025 καὶ
1761 973 1876 1024 οἷον

217 1063 760 1138 ἇγωνιστικώτερον,
811 1063 902 1118 καὶ
945 1063 1087 1137 πρὸς
1152 1060 1393 1136 ἅμιλλαν
1460 1062 1629 1134 ἧφθαι
1689 1058 1877 1115 θεολο-

214 1153 343 1228 γίας
384 1172 396 1184 ·
447 1153 540 1208 καὶ
587 1154 670 1209 δτι
721 1154 830 1232 οὐχ
859 1153 1022 1222 ἅπαξ,
1069 1150 1216 1206 ἀλλὰ
1262 1149 1533 1213 πολλάκις
1577 1149 1710 1207 Θεοῦ
1751 1150 1874 1224 πὲρι

216 1244 365 1318 πρὸς
419 1243 554 1306 τοὺς
613 1243 944 1316 αἱρετικοὺςέ
974 1240 1276 1298 ἀπεδύσατο
1311 1259 1324 1272 °
1383 1242 1472 1296 καὶ
1535 1245 1725 1296 σιωπῶ
1781 1241 1876 1304 τὰς

218 1332 532 1409 ἐξαιρέτους
598 1332 796 1388 τούτου
851 1333 1033 1408 γονὰς,
1082 1331 1171 1386 καὶ
1229 1332 1324 1392 τὰς
1381 1329 1633 1405 ἑκατέρας
1709 1329 1873 1404 ἐπαγ-

215 1421 435 1498 γελίας,
466 1429 566 1491 τῆς
601 1443 662 1477 τε
713 1423 923 1496 μητρὸς
975 1422 1110 1496 ὑπὲρ
1157 1422 1325 1476 αὐτοῦ
1371 1421 1508 1494 πρὸς
1555 1419 1704 1488 Θεὸν,
1737 1419 1872 1492 πρός

217 1514 264 1566 τ’
311 1512 486 1580 αὐτὴν
537 1517 636 1568 τοῦ
667 1516 822 1580 Θεοῦ,
857 1513 928 1566 ὧν
961 1509 1114 1566 οὐδὲν
1155 1509 1380 1572 ἐκείνοις
1430 1517 1641 1584 προσῆν
1679 1529 1692 1542 ⁸
1727 1507 1872 1563 οὕτω

216 1604 355 1665 τοὺς
385 1601 736 1677 προῦχοντας
775 1601 868 1656 καὶ
917 1603 984 1658 τΞι
1036 1600 1244 1676 μεγάλα
1291 1601 1436 1674 παρὰ
1479 1603 1596 1670 Θεῷ
1640 1595 1874 1670 δυναμε-

215 1713 355 1754 νους
387 1694 466 1754 οἶς
508 1688 642 1770 ἔφην
676 1693 1022 1768 παρενεγκὼν
1057 1711 1070 1724 ·
1127 1693 1155 1746 ὁ
1205 1688 1282 1760 δὲ,
1328 1690 1419 1745 καὶ
1469 1690 1604 1763 πρὸς
1645 1691 1737 1744 τὸν
1781 1693 1873 1750 Δε-

218 1781 439 1849 σπότην
495 1779 572 1844 ὥς
626 1778 807 1842 εὔνοος
863 1784 930 1848 τῇ
989 1780 1108 1834 καθ’
1153 1776 1336 1853 ἕτερον
1397 1779 1596 1852 τρόπον
1641 1778 1870 1850 μιμήσει

213 1868 653 1945 παῤῥθσιάζεται
704 1888 716 1900 ·
781 1868 930 1944 εἷ’περ
988 1868 1188 1924 ἐκείνου
1251 1869 1390 1941 μήτε
1443 1873 1542 1936 τῆς
1612 1867 1870 1937 θεότητος

215 1958 516 2020 ἐκστάντος
564 1961 650 2014 καί
705 1956 776 2014 δι’
803 1961 950 2032 ἡμᾶς
999 1960 1118 2012 καθ’
1159 1959 1308 2031 ἡμᾶς
1354 1955 1671 2031 γενομένου,
1710 1956 1872 2020 αὐτὸς

215 2046 316 2100 διὰ
347 2048 411 2102 τὸ
452 2048 587 2120 πρὸς
646 2046 847 2102 ἐκεῖνον
894 2043 1194 2102 ἐσπούδακε
1249 2043 1502 2124 φίλτρον,
1561 2041 1874 2118 τοῦμπαλιν

216 2135 274 2207 ἐξ
321 2135 612 2210 ἀνθρώπου
661 2136 794 2198 Θεὸς
843 2137 1188 2212 γεγενῆσθαι,
1239 2133 1328 2190 καὶ
1371 2141 1472 2202 τῆς
1520 2135 1876 2207 προσρήσεως

219 2224 380 2294 αὖτῷ
419 2232 771 2296 κοινωνῆσαι,
830 2227 1066 2297 καθάπερ
1118 2225 1200 2287 οἷς
1257 2225 1368 2298 [ἧς]
1416 2217 1619 2298 ἔχομεν
1669 2221 1874 2285 ἐκεῖνος

223 2318 262 2384 ἡ
274 2319 373 2386 μῖν
381 2358 395 2370 .

1989 615 2231 671 busdam
2290 615 2681 686 praecucurrit,
2715 616 2968 684 Petrum,
3001 621 3152 691 quod
3215 621 3449 692 nuptias
3507 636 3624 679 non

1985 705 2194 777 attigit,
2225 721 2424 761 verum
2458 705 2517 762 in
2549 711 2827 779 perpetua
2863 707 3205 780 virginitate
3234 711 3410 781 vixit;
3471 713 3624 770 Pau-

1983 793 2129 860 lum,
2190 795 2344 866 quod
2402 796 2462 851 in
2526 812 2658 851 vera
2716 797 2931 870 pietate
3011 815 3044 853 a
3111 801 3435 872 majoribus
3496 802 3624 859 suis

1984 884 2421 941 accuratissime
2480 885 2784 944 institulus
2860 886 3240 960 initiatusque
3296 894 3458 957 erat;
3518 906 3626 948 nec

1985 973 2254 1044 primitus
2307 975 2454 1030 inter
2483 980 2733 1032 sectores
2779 975 2940 1032 illius
2962 982 3372 1050 vexatoresque
3413 995 3622 1038 nomen

1983 1079 2157 1118 suum
2209 1065 2529 1135 professus,
2577 1066 2947 1136 postmodum
2983 1067 3220 1123 terribili
3262 1069 3623 1141 apparitione

1982 1153 2284 1226 perculsus
2343 1155 2414 1210 ad
2469 1155 2765 1212 Christum
2819 1158 3108 1225 accessit;
3165 1159 3415 1231 denique
3445 1161 3620 1216 etiam

1979 1243 2286 1312 Joannem,
2336 1244 2591 1301 Zebedaei
2643 1245 2848 1315 filium,
2901 1249 3052 1319 quod
3097 1263 3210 1303 non
3241 1248 3325 1304 ita
3370 1247 3625 1305 breviter

1981 1337 2037 1390 et
2066 1333 2432 1405 simpliciter,
2465 1336 2567 1390 sed
2608 1336 2846 1392 uberius
2869 1341 2925 1392 et
2953 1335 3625 1409 diligentius,etaccom-

1982 1423 2299 1478 modatiore
2329 1423 2579 1494 quadam
2643 1425 2864 1481 ratione
2893 1427 2964 1480 ad
2999 1426 3280 1482 forensem
3325 1426 3622 1499 discepta-

1980 1513 2193 1568 tionem
2220 1516 2279 1569 et
2307 1512 2632 1586 legitimum
2665 1519 2981 1586 certamen,
3022 1515 3375 1587 theologiam
3407 1521 3622 1572 tracta-

1979 1601 2062 1657 vit
2094 1618 2108 1656 :
2141 1604 2268 1658 tum
2298 1603 2474 1658 etiam
2507 1603 2660 1674 quod
2697 1619 2808 1660 non
2840 1603 3018 1661 semel
3050 1603 3386 1676 aliquando.
3418 1620 3620 1662 verum

1979 1691 2321 1760 saepiuecule
2360 1691 2420 1748 in
2473 1693 2569 1748 Dei
2627 1709 2798 1748 causa
2844 1709 2976 1750 cum
3028 1693 3310 1751 haereticis
3358 1699 3622 1766 prompte

1978 1779 2356 1852 expediteque
2389 1796 2740 1853 congressus
2771 1782 2900 1838 fuit.
2943 1782 3141 1855 Neque
3165 1799 3299 1840 vero
3351 1783 3625 1856 singula-

1985 1885 2106 1924 rem
2140 1870 2323 1926 nostri
2351 1871 2626 1927 naecendi
2659 1871 2922 1941 modum,
2955 1876 3012 1928 et
3059 1877 3294 1930 mutuas
3344 1873 3622 1946 utrinque

1987 1959 2426 2031 promissioues,
2483 1965 2613 2018 tum
2664 1961 2867 2018 matris
2935 1979 3035 2035 pro
3102 1964 3230 2036 ipso
3288 1964 3360 2020 ad
3411 1964 3618 2031 Deum,

1983 2053 2108 2104 tum
2139 2049 2205 2104 ad
2241 2053 2485 2107 matrem
2519 2050 2642 2122 Dei,
2683 2067 2840 2109 nunc
2886 2055 3140 2124 tangam,
3193 2069 3447 2125 quorum
3505 2052 3624 2110 illis

1984 2137 2185 2194 aderat
2214 2139 2453 2195 omnino
2503 2139 2671 2196 nihil.
2709 2140 2840 2196 J'am
2882 2144 2945 2197 ut
2991 2141 3312 2214 praecipuos
3361 2157 3626 2215 quosque

1981 2230 2040 2282 et
2086 2228 2444 2299 potentiores
2491 2229 2909 2303 propioresque
2948 2231 3048 2287 Dei
3106 2231 3345 2300 amicos,
3377 2231 3470 2288 his
3495 2248 3620 2304 quas

1982 2315 2240 2372 diximus
2310 2317 2650 2374 nominibus
2725 2325 3021 2390 tantopere
3103 2319 3464 2386 antecelluit,
3537 2320 3620 2376 ita

217 2405 391 2462 idem
425 2406 735 2462 Dominum
760 2407 977 2478 ipsum,
1001 2413 1062 2461 ut
1092 2403 1554 2471 amantissimus,
1586 2402 1892 2460 aliusmodi
1925 2403 2182 2476 quadam
2211 2405 2555 2474 imitatione,
2591 2409 3011 2478 propemodum
3049 2409 3338 2479 aequabat.
3372 2407 3619 2472 Quando

211 2494 322 2551 ille
346 2497 528 2562 enim,
558 2512 666 2552 nec
715 2513 749 2552 a
783 2495 1080 2552 divinitate
1127 2512 1232 2550 sua
1279 2495 1538 2560 recessit,
1595 2498 1654 2550 et
1720 2497 1917 2549 nostra
1972 2497 2167 2550 tamen
2226 2511 2424 2561 causa,
2481 2497 2665 2552 nostri
2722 2496 2935 2554 similis
2968 2497 3156 2554 factus
3207 2502 3297 2554 est

3355 2515 3369 2554 :
3420 2500 3622 2553 contra

208 2585 526 2655 Gregorius
585 2601 782 2642 amore
846 2585 1079 2642 Domini
1155 2585 1430 2656 ﬂagrans,
1487 2599 1554 2638 ex
1612 2583 1846 2638 homine
1906 2584 2049 2638 Deus
2105 2583 2254 2650 ﬁeri,
2304 2589 2362 2640 et
2415 2585 2498 2641 ita
2554 2585 2614 2642 in
2671 2587 2924 2642 nominis
2969 2585 3149 2642 divini
3189 2585 3618 2643 consortionem

209 2693 336 2731 una
366 2691 501 2731 cum
534 2675 766 2732 Christo
797 2676 990 2731 venire
1011 2673 1298 2740 studebat,
1331 2673 1825 2746 quemadmodum
1848 2671 1946 2728 ille
1977 2673 2160 2729 nostri
2191 2673 2500 2730 nobiscum
2533 2675 2823 2747 particeps
2853 2679 2961 2732 est.

289 2764 458 2821 PKA'.
515 2767 752 2818 Τοσοῦτο
811 2761 866 2818 δὲ
907 2763 972 2818 τὸ
1021 2763 1163 2837 παρά
1219 2764 1435 2818 πάντων
1485 2761 1786 2837 ἀφεστηκὸς
1814 2759 1866 2814 ἐν

211 2853 428 2908 ἅπασιν
495 2848 700 2928 ἔχοντι,
752 2854 842 2908 καὶ
907 2852 1252 2921 τηλικούτων
1312 2845 1610 2926 πρεσϐείων
1695 2849 1871 2920 ἆξιου-

218 2944 400 3016 μὲνῳ,
434 2943 526 2997 καὶ
575 2943 721 2998 τοῦτ’
769 2941 993 2998 εἰκότως
1039 2941 1090 3010 ἐξ
1121 2941 1379 3015 ξᾶνάγκης
1416 2939 1628 3009 ἀπήντα
1677 2957 1690 2970 ⁶
1743 2940 1872 2993 θαυ-

221 3033 493 3103 μάζεσθαι
547 3032 644 3104 μὲν
706 3032 794 3107 ὑφ’
866 3030 1141 3098 ἁπάντων,
1228 3029 1591 3101 θαυμάζεσθαι
1675 3025 1733 3082 δὲ
1807 3027 1872 3082 ού

215 3123 362 3175 κατὰ
393 3122 523 3181 τοὺς
555 3119 762 3182 ἄλλους
795 3137 810 3151 ⁶
844 3117 960 3175 οὐδ’
1009 3118 1146 3174 ὥστε
1192 3123 1309 3179 τοῖς
1365 3117 1604 3177 ἐπαίνοις
1649 3117 1874 3189 ὁρίζειν,

221 3209 372 3267 ἀλλᾶ
421 3209 512 3264 καὶ
555 3209 782 3272 τούτους
835 3207 1032 3270 αὐτοὺς
1079 3211 1171 3282 [an
1223 3207 1385 3262 αὐτὸν
1413 3209 1463 3280 ⁸2]
1514 3201 1873 3280 ὑπερϐαίνειν,

221 3301 312 3354 καὶ
367 3296 542 3372 μηδὲν
593 3299 740 3360 ὅλως
799 3304 898 3368 τῆς
969 3297 1202 3352 ἐντεῦθεν
1251 3295 1568 3370 συμμαχίας
1627 3291 1876 3367 προσδεῖ-

2049 2763 2298 2819 CXXIV.
2351 2765 2458 2830 Qui
2515 2769 2677 2821 tanto
2725 2765 2924 2836 itaque
2996 2767 3270 2822 omnibus
3317 2766 3377 2822 in
3427 2765 3604 2821 rebus

1980 2855 2216 2908 caeteros
2279 2868 2482 2909 omnes
2521 2853 2900 2910 antecedebat
2951 2853 3272 2924 intervallo,
3319 2851 3614 2924 tantisque

1983 2939 2188 2997 merito
2245 2941 2522 2998 virtutum
2573 2941 2984 3014 praeminebat
3057 2941 3326 3015 fastigiis,
3383 2939 3470 2996 illi
3519 2941 3624 2996 hoc

1983 3030 2123 3086 item
2163 3031 2515 3102 necessario,
2560 3036 2627 3088 ut
2669 3047 2903 3104 equum
2953 3035 3099 3100 erat,
3149 3030 3506 3104 obtingebat,
3557 3034 3625 3085 ut

1984 3119 2056 3174 ab
2087 3119 2376 3177 universis
2419 3121 2794 3184 laudaretur;
2866 3121 3202 3178 laudaretur
3259 3126 3448 3178 autem
3507 3135 3625 3177 non

1986 3224 2143 3264 more
2198 3209 2471 3277 aliorum,
2531 3227 2719 3284 neque
2784 3212 2865 3267 ita
2914 3215 2978 3266 ut
3035 3211 3280 3267 laudum
3341 3209 3514 3266 modo
3571 3215 3627 3263 et

1986 3296 2250 3353 terminis
2303 3299 2900 3368 circumscribat-stur,
2958 3300 3062 3356 sed
3115 3303 3178 3355 ut
3223 3298 3424 3356 laudes
3463 3297 3625 3369 ipsas

223 3364 379 3456 σθαι,
431 3364 525 3443 διὰ
579 3390 643 3444 τὸ
701 3364 878 3458 πάσης
957 3382 1270 3460 ὑπερϐολῆς
1347 3384 1697 3461 ἐπειλῆφθαι,
1779 3383 1870 3438 καὶ

1986 3388 2443 3455 transcenderet,
2478 3389 2738 3460 nihilque
2785 3405 2982 3444 earum
3035 3388 3316 3458 indigeret
3364 3385 3624 3454 auxiliis,

223 3477 364 3550 πρὸς
413 3477 584 3545 αύτήν
625 3477 780 3546 ἤκειν
823 3477 924 3545 τὴν
971 3477 1232 3545 τελευτήν
1266 3493 1278 3506 ·
1332 3475 1483 3545 ὥσθ’,
1533 3474 1664 3546 ὅπερ
1704 3468 1876 3548 ἔφθην

226 3565 424 3636 εἰπὼν,
472 3565 572 3621 κᾶν
627 3565 820 3627 πάντες
871 3565 1042 3620 πάντα
1097 3567 1299 3618 ποιῶσι
1351 3563 1440 3618 καὶ
1493 3560 1714 3635 λέγωσι,
1768 3583 1874 3634 μη-

224 3652 311 3710 δὲν
345 3655 516 3718 αύτὸς
637 3655 810 3728 αύτῷ]
859 3655 995 3708 εἶναι
1038 3653 1228 3721 πλέον,
1279 3656 1375 3707 σοῦ
1428 3653 1614 3726 μόνου,
1669 3651 1873 3725 μέγιστ’

221 3743 556 3821 ἀνθρώπων,
599 3745 688 3802 καὶ
721 3751 822 3814 τῆς
867 3746 1070 3804 ἱκανῶς
1114 3742 1202 3796 ἐπὶ
1249 3741 1421 3798 πάντα
1471 3740 1876 3818 ἀφικνουμένης

222 3834 490 3910 γλώττης
528 3841 633 3905 τῆς
684 3839 783 3904 σῆς
843 3831 1144 3906 δυναμένης
1196 3833 1344 3887 ταῦτ’
1391 3830 1550 3902 ἀξίως
1581 3829 1870 3904 περαίνειν.

1985 3488 2052 3530 so
2082 3477 2236 3549 quod
2267 3493 2563 3534 summam
2595 3493 2830 3534 omnem
2879 3477 3148 3549 attigerat
3195 3475 3620 3536 excellentiam.

1983 3569 2041 3621 et
2061 3567 2131 3622 ad
2163 3567 2340 3622 finem
2367 3567 2565 3638 ipsum
2601 3566 3034 3638 terminumque
3066 3569 3422 3638 pervenerat,
3481 3566 3624 3621 adeo

1985 3659 2049 3712 ut
2077 3657 2232 3728 quod
2258 3657 2378 3728 jam
2412 3657 2690 3729 occupavi
2724 3657 2911 3712 dicere
2959 3657 3093 3726 (19),
3141 3655 3374 3712 tametsi
3423 3668 3623 3710 omnes

1982 3747 2182 3802 omnia
2210 3752 2267 3802 et
2296 3747 2537 3804 fecerint
2573 3750 2630 3803 et
2677 3747 2952 3812 dixerint,
3006 3747 3188 3803 nihilo
3237 3745 3374 3802 inde
3423 3749 3621 3800 tamen

1983 3829 2110 3900 plus
2139 3831 2212 3886 ad
2253 3829 2500 3903 gloriam
2547 3831 2732 3901 ipsius
2773 3844 3146 3886 accessurum
3191 3828 3289 3883 sit.
3341 3825 3514 3882 Solus
3557 3829 3620 3880 tu

221 3926 382 3981 enim
413 3925 752 3982 mortalium
787 3923 1056 3992 maxime,
1086 3927 1306 3996 tuaque
1335 3923 1468 3991 ista,
1501 3921 1570 3976 ad
1603 3921 1802 3977 omnia
1831 3919 2062 3975 abunde
2103 3919 2397 3990 pertinens
2449 3922 2506 3975 et
2553 3918 2938 3991 suppeditans
2993 3916 3206 3988 lingua,
3257 3916 3438 3988 digno
3499 3914 3622 3970 haec

222 4016 525 4073 absolvere
566 4017 740 4072 modo
770 4018 985 4088 posset.

299 4114 464 4170 PKE'.
495 4110 670 4168 Ἀλλᾶ
725 4110 826 4187 γὰρ
885 4108 1007 4166 οὕτε
1048 4109 1220 4165 πάντα
1263 4109 1331 4164 τὰ
1376 4105 1534 4164 τοῦδε
1583 4105 1869 4180 διεξελθεῖν

227 4205 341 4266 οἷός
372 4224 434 4258 τε
491 4199 591 4269 ὢν,
624 4199 736 4257 οὗθ’
789 4202 923 4276 ἅπερ
973 4197 1140 4270 ἔξεστι
1170 4199 1320 4254 ταῦτ’
1347 4197 1509 4268 ἀξίως
1547 4198 1872 4270 μνησθῆναι,

226 4292 374 4348 ἄλλα
420 4293 514 4348 καὶ
558 4291 622 4347 τὸ
669 4291 804 4346 κατᾶ
856 4293 1048 4365 μικρὸν
1099 4289 1312 4344 τούτων
1362 4286 1603 4363 ἐφῖχθαι,
1651 4292 1741 4341 καῖ
1791 4287 1868 4358 μή

222 4386 324 4436 τοῦ
379 4381 584 4442 παντὸς
643 4379 881 4435 ἐκπεσεῖν
935 4377 1195 4433 πλείστου
1252 4376 1493 4450 νομίζειν
1560 4374 1870 4448 [νομίζων],

224 4471 397 4527 ἐκεῖνο
455 4471 602 4543 λέγω
644 4511 658 4524 .
708 4467 794 4522 ὅτι
849 4467 940 4523 τὸν
998 4465 1351 4522 ἐπιτοσοῦτον
1418 4464 1588 4534 ἰόντα,
1637 4462 1727 4518 καὶ
1783 4460 1872 4516 οὔ-

223 4583 334 4624 τως
387 4561 579 4615 ἑαυτὸν
637 4556 1092 4634 παρεσκευακότα,
1127 4557 1202 4613 ὡς
1254 4555 1363 4630 οὐχ
1417 4554 1566 4616 ὅπως
1615 4553 1771 4608 θείων
1811 4573 1871 4607 τε

224 4656 318 4706 καῖ
371 4649 733 4724 ἀνθρωπίνων
793 4647 1152 4724 πραγμάτων,
1197 4645 1242 4700 εἷ
1299 4643 1380 4699 δεῖ
1437 4645 1712 4716 συντόμως
1773 4661 1871 4714 φα-

223 4761 332 4811 ναι,
388 4737 674 4813 τεχνίτην,
709 4735 836 4792 ἀλλ’
892 4735 996 4811 ἄρα
1059 4735 1146 4790 καὶ
1203 4735 1330 4789 Θεὸν
1375 4732 1672 4808 γεγονέναι,
1713 4736 1792 4804 τῷ
1819 4732 1867 4786 τ’

2055 4105 2262 4163 CXXV.
2295 4105 2807 4164 Verumenimvero
2874 4105 3104 4176 quando
3179 4119 3370 4176 neque
3432 4100 3625 4158 omnia

1982 4195 2092 4251 viri
2121 4197 2320 4252 decora
2343 4211 2694 4267 percensere,
2739 4199 2954 4252 nostra
3012 4193 3140 4266 opis
3185 4197 3292 4257 est,
3335 4207 3441 4248 nec
3489 4205 3620 4263 quas

1982 4287 2074 4340 est
2103 4285 2370 4352 fortasse,
2397 4300 2465 4341 ea
2495 4285 2672 4357 digna
2693 4285 2838 4342 satis
2857 4282 3412 4341 commemoratione
3427 4295 3621 4352 prose-

1983 4373 2084 4446 qui
2114 4392 2454 4448 possumus,
2477 4393 2721 4448 quorum
2751 4375 2839 4433 vel
2855 4375 3121 4448 exiguam
3143 4379 3474 4430 assecutum
3491 4387 3620 4429 esse

1982 4468 2226 4536 partem,
2249 4482 2354 4522 nec
2386 4466 2702 4540 propositio
2733 4466 2966 4538 penitus
2987 4463 3258 4531 exidisse,
3301 4461 3616 4518 maximum

1983 4553 2126 4610 mihi
2156 4571 2340 4626 operas
2373 4555 2622 4612 habetur
2651 4555 2940 4628 pretium;
2977 4553 3118 4610 illud
3152 4553 3301 4620 dico,
3345 4553 3499 4624 quod
3532 4551 3622 4622 ip-

1980 4659 2128 4710 sum,
2171 4645 2273 4716 qui
2303 4650 2498 4702 tantos
2530 4645 2742 4702 fecerat
2786 4659 3153 4718 progressus,
3175 4647 3232 4698 et
3280 4643 3362 4697 ita
3412 4644 3622 4698 semet-

1978 4733 2174 4804 ipsum
2205 4739 2662 4808 comparaverat,
2694 4743 2752 4792 ut
2786 4751 2902 4792 non
2933 4733 3104 4789 modo
3133 4731 3467 4788 divinarum
3499 4729 3618 4784 hu-

227 4827 278 4883 ἒν
333 4827 633 4900 ἀσωμάτου
678 4826 820 4896 τάξει
879 4823 1322 4891 πεπολιτεῦσθαι,
1353 4825 1434 4893 τῷ
1487 4841 1544 4876 τε
1591 4824 1720 4875 πᾶσι
1771 4841 1868 4875 σω-

1983 4839 2402 4896 manarumque
2431 4841 2645 4892 rerum,
2672 4824 2721 4881 si
2751 4817 3092 4896 compendio
3135 4837 3226 4878 res
3257 4821 3386 4892 ipsa
3425 4820 3618 4891 expri-

226 4916 421 4990 τηρίας
465 4914 638 4971 αἴτιον
683 4913 1016 4983 καταστῆναί
1061 4935 1121 4968 τε
1161 4912 1252 4967 καὶ
1291 4911 1662 4966 καθίστασθαι.
1698 4917 1868 4983 Προσ-

225 5006 422 5062 κείσθω
445 5003 504 5060 δὲ
523 5005 612 5059 καὶ
636 5004 838 5080 χρόνος
867 5003 1051 5078 τρίτος
1071 4999 1141 5057 δι’
1171 5002 1244 5056 ὧν
1276 4999 1641 5056 καταλέλοιπε
1662 4995 1864 5076 λόγων.

225 5098 419 5150 Τοῦτον
445 5092 629 5148 τοίνυν
659 5092 753 5148 τὸν
773 5089 1040 5162 τοιούτον,
1073 5090 1164 5145 τὸν
1195 5089 1356 5160 πάνυ,
1379 5090 1470 5143 τὸν
1499 5087 1600 5143 οὐκ
1629 5085 1740 5142 οἶδ’
1759 5088 1863 5158 ὅτι,

223 5183 309 5238 καί
340 5184 530 5259 φήσω,
562 5179 737 5256 ἐχρῆν
760 5181 891 5253 μὴν,
923 5178 1094 5254 ἐχρῆν
1112 5177 1201 5233 καὶ
1231 5176 1340 5246 πρὸ
1359 5179 1466 5232 τῶν
1491 5173 1678 5231 ἄλλων
1698 5177 1864 5231 ἁπαν.

221 5290 323 5325 των
355 5267 629 5344 ὁμιλῆσαι
661 5272 741 5340 τῷ
775 5266 899 5344 βίῳ,
949 5266 1039 5322 καὶ
1079 5267 1154 5339 μὴ
1188 5265 1324 5320 κατὰ
1353 5263 1482 5327 τούς
1513 5259 1720 5325 ἄλλους
1779 5263 1864 5318 ἐν-

217 5361 395 5414 τεῦθεν
454 5358 685 5431 ἆπάραι,
742 5354 890 5412 ἀλλᾶ
945 5353 1465 5430 συμπαραμείναντα
1537 5357 1618 5426 τῷ
1703 5355 1858 5410 παντὶ

218 5445 402 5504 ἔπειτα
428 5451 498 5521 τῇ
552 5443 714 5502 τοῦδε
770 5444 946 5518 λήξει,
976 5445 1068 5500 καὶ
1124 5445 1288 5500 αὐτὸν
1317 5448 1415 5499 τοῦ
1462 5449 1725 5516 περιεῖναι
1765 5463 1860 5497 πε-

218 5541 472 5606 παῦσθαι,
514 5538 591 5600 ὡς
649 5535 778 5591 ὄντα
833 5537 1019 5612 ψυχὴν
1071 5538 1180 5590 τῶν
1236 5533 1596 5608 πραγμάτων,
1626 5532 1716 5588 καὶ
1775 5537 1858 5595 οἷς

217 5625 383 5684 ἒποίει
415 5625 509 5683 καὶ
567 5628 648 5688 οἷς
707 5619 913 5700 ἔλεγεν.
960 5625 1110 5680 Ἐπεὶ
1144 5621 1192 5679 δ’
1248 5620 1390 5678 οὕτω
1447 5619 1564 5678 δὲον
1591 5620 1856 5695 γενέσθαι,

284 5805 396 5881 (19)
425 5805 512 5864 Cl.
544 5819 722 5878 supra
750 5817 878 5876 cap.
907 5803 998 5858 61.

1978 4914 2190 4970 menda
2219 4918 2328 4980 est,
2361 4930 2632 4971 summus
2661 4913 2888 4983 artifex,
2920 4912 3020 4968 sed
3052 4915 3110 4967 et
3144 4911 3294 4967 Deus
3313 4910 3438 4980 jam
3471 4923 3616 4980 pene

1981 5001 2170 5058 factus
2195 5006 2368 5072 esset,
2389 5007 2513 5059 tum
2543 5005 2698 5076 quod
2731 5004 2914 5059 instar
2942 4999 3266 5072 incorporei
3309 4997 3616 5070 cujusdam

1975 5091 2130 5163 genii
2162 5091 2338 5148 vitam
2375 5093 2611 5165 agebat;
2639 5101 2762 5149 tum
2791 5091 2944 5164 quod
2991 5091 3266 5146 omnibus
3315 5103 3495 5143 causa
3522 5101 3619 5140 sa-

1974 5178 2112 5236 lutis
2143 5184 2199 5237 et
2221 5181 2353 5251 fuit,
2383 5187 2442 5238 et
2470 5187 2595 5250 est;
2629 5182 2731 5237 sed
2761 5189 2814 5235 et
2845 5179 3083 5236 tertium
3115 5177 3348 5234 accedat
3377 5179 3614 5246 tempus

1971 5270 2146 5341 (erit),
2197 5287 2299 5342 per
2347 5287 2413 5327 ea
2459 5288 2584 5344 quae
2635 5269 2873 5342 reliquit
2909 5269 3151 5342 scripta.
3211 5267 3375 5323 Hunc
3433 5265 3615 5336 igitur

1971 5359 2166 5428 talem,
2229 5361 2381 5418 hunc
2441 5360 2762 5418 maximum
2811 5360 3022 5427 virum,
3073 5359 3252 5428 hunc,
3302 5355 3404 5412 sed
3455 5353 3613 5426 quod

1971 5447 2278 5506 adhibeam
2307 5449 2654 5508 vocabulum
2688 5449 2906 5518 nescio,
2928 5447 3186 5522 oportuit
3227 5461 3392 5514 sane,
3443 5459 3612 5517 opor-

1969 5538 2097 5604 tuit,
2124 5539 2390 5613 inquam,
2420 5545 2478 5598 et
2531 5544 2664 5597 ante
2702 5545 2940 5598 ceteros
2997 5536 3269 5597 mortales
3308 5535 3616 5592 universos

1967 5631 2156 5684 ortum
2197 5627 2258 5686 in
2304 5629 2416 5686 hac
2471 5628 2686 5688 versari
2725 5629 2856 5687 luce
2900 5645 2966 5688 ac
3014 5629 3146 5694 vita,
3188 5630 3246 5684 et
3293 5641 3410 5684 non
3442 5625 3616 5697 juxta
